4126 6434
464 352 572 414 695
635 318 645 333 ”

1692 350 2023 409 IOANNIS
2066 353 2536 413 LEUNCLAVII

3623 351 3740 414 636

460 476 553 531 ηρ
582 458 901 514 consiliario
932 472 1057 520 suo,
1088 459 1281 514 Siause
1307 459 1492 524 bassa,
1525 469 1581 514 et
1614 476 1738 513 cum
1779 442 2046 514 ilumelia-
2077 468 2113 519 Α
2147 459 2385 528 Ungaria
2415 463 2614 531 fuerat)
2655 476 2779 515 cum
2821 460 2979 515 titulo
3013 461 3212 516 veliris
3260 459 3567 516 Osmanica:
3596 461 3735 518 Por-

455 528 570 606 sn:
595 548 819 606 Gracia
846 549 1235 605 Cadileschcro
1266 550 1552 607 deliberat.
1585 550 1644 604 lli
1675 567 1800 625 eum
1838 554 1886 607 ei
1916 567 2035 619 pcr-

454 641 768 704 snadcrent,
799 656 921 698 esse
952 639 1153 694 Tataro
1199 641 1464 695 mittenda
1500 641 1798 697 illiusmodi
1854 642 2038 696 subsl-

456 735 565 799 dia,
616 733 733 787 dari
760 732 930 799 jussit
964 731 1171 794 omnia,
1208 748 1328 801 qua:
1378 732 1520 787 bello
1577 733 1816 801 gerendo
1853 748 2037 787 ncces-

455 826 601 879 saria
630 825 958 894 requireret.
1019 825 1249 878 Centum
1305 804 1527 893 quidem
1563 825 1610 880 ei
1652 825 1816 881 missa
1871 823 2038 878 fuisse

450 917 697 984 junicnta
730 915 1064 986 sagmataria
1090 916 1468 984 perhibentur,
1500 928 1748 977 onerata.
1784 932 2037 971 nummu-
2068 914 2079 922 ’

455 1007 525 1060 iis
585 1009 880 1074 argenteis,
941 1022 1084 1074 quos
1162 1022 1355 1076 aspros
1420 1008 1784 1077 appellatione
1850 1007 2038 1062 Grieca

457 1097 619 1153 'l‘nrci
653 1108 873 1152 vocant.
925 1096 1130 1152 llorum
1183 1113 1401 1153 summa
1443 1099 1772 1155 conficiebat
1816 1108 2036 1154 centum

391 1185 395 1188 ’
453 1203 509 1246 et
538 1191 852 1262 octuaginta
892 1192 1060 1247 millia
1097 1191 1433 1247 thalerorum
1459 1192 1942 1254 Germanicorum,
1972 1191 2037 1245 ad

455 1301 649 1355 πβρι-ωε
679 1286 957 1355 sexaginta
986 1294 1240 1341 revocato
1279 1286 1493 1341 thalerii
1542 1286 1739 1356 pretio,
1786 1285 1931 1356 quod
1986 1285 2038 1338 id

458 1377 725 1448 temporis
786 1379 914 1437 huic
955 1394 1182 1438 nummo
1240 1386 1501 1443 statutum
1565 1378 1785 1433 decreto
1839 1376 2038 1432 sultani

457 1469 691 1527 Muralis
753 1481 893 1525 erat.
972 1472 1232 1540 Adeoque
1317 1472 1553 1541 jumenti
1671 1470 1835 1525 unius
1899 1484 2040 1525 onus

460 1561 700 1615 thaleros
768 1562 913 1617 mille
940 1578 1063 1617 cum
1130 1561 1459 1630 octingentis
1521 1559 1856 1616 continebat.
1892 1557 2042 1614 Hanc

456 1658 654 1711 Tataro
684 1658 968 1728 pecuniam
1014 1656 1181 1720 misit,
1234 1669 1432 1727 pra-ter
1483 1657 1588 1711 alia
1624 1658 1905 1720 donativa,
1958 1657 2042 1710 ni-

457 1747 655 1801 mirum
711 1758 888 1804 vestes
946 1763 1010 1807 ex
1070 1764 1252 1818 panno
1312 1750 1597 1817 sericaque
1627 1750 1924 1809 confectas.
1987 1759 2041 1803 et

2143 563 2209 607 ne
2244 557 2560 623 summique
2604 553 2887 624 cupiarum
2921 553 3078 608 ducis
3108 553 3161 608 in
3197 553 3302 608 illis
3342 554 3477 608 locis
3511 572 3526 610 :
3562 565 3735 624 atque

2141 649 2257 714 ipse.
2289 647 2592 711 celeritate,
2649 662 2756 713 qua
2812 657 2999 715 posset
3049 647 3311 704 maxime.
3364 647 3608 714 Capbam
3660 650 3733 703 ad

2139 740 2516 807 castigandum
2581 738 2843 793 Tatarnm
2899 737 3363 808 proﬁcisceretur.
3422 736 3554 794 Erat
3601 738 3737 793 huic

2141 828 2343 885 TalaJ'O
2401 846 2599 885 nomen
2659 831 2988 893 Muchemet,
3038 831 3204 886 Kerai
3252 815 3420 895 chan,
3463 831 3566 885 hoe
3619 840 3732 896 est,

2139 922 2505 978 Muchctnctes
2543 940 2631 978 rex
2659 923 2913 988 K-traitts,
2957 925 3075 979 sive
3122 926 3477 980 Keraiurum.
3517 927 3725 979 Osman

2141 1016 2299 1069 bassa
2326 1018 2583 1071 mandato
2614 1016 2842 1070 Muralis
2862 1026 3108 1084 accepto,
3137 1017 3406 1085 quidquid
3438 1018 3504 1069 ab
3531 1032 3598 1070 eo
3623 1015 3732 1069 sibi

2141 1105 2328 1161 fuisset
2388 1106 2724 1177 injunctum,
2778 1106 2925 1159 fecit.
2991 1105 3205 1175 Quippe
3252 1105 3493 1173 Capham
3550 1104 3741 1174 profe—

2140 1208 2284 1264 ctus,
2317 1209 2485 1255 totam
2512 1198 2637 1254 istic
2667 1199 2899 1252 hiemem
2926 1198 3070 1253 illam
3094 1199 3378 1267 transegit.
3405 1196 3545 1253 Cum
3569 1208 3741 1254 aestas

2141 1288 2482 1356 appetiisset,
2510 1301 2654 1341 anno
2673 1286 2772 1342 991
2810 1285 2963 1357 (Chr.
2994 1285 3154 1351 1584)
3208 1287 3356 1340 misit
3387 1301 3452 1340 eo
3476 1284 3738 1340 sultanus

2144 1378 2380 1433 Murates
2407 1379 2626 1433 fratrem
2656 1377 3012 1433 Muchemetis
3038 1375 3247 1442 Talari,
3272 1378 3359 1431 cui
3390 1392 3586 1431 nomen
3611 1386 3740 1431 erat

2145 1472 2285 1539 Han
2310 1474 2474 1527 chan.
2507 1474 2555 1527 Is
2584 1472 2850 1526 hactenus
2888 1469 3281 1525 asservabatur
3311 1472 3452 1533 apud
3483 1469 3737 1524 Iconium

2145 1565 2336 1619 urbem
2387 1566 2551 1619 Asiae.
2602 1564 2757 1620 Nunc
2798 1580 2927 1620 vero
2954 1566 3198 1635 Capham
3235 1578 3302 1617 eo
3339 1563 3576 1617 consilio
3605 1563 3739 1616 mit-

2147 1657 2383 1718 tebatur,
2411 1668 2471 1711 ut
2510 1656 2714 1711 (lSInan
2757 1657 2918 1713 bassa
2952 1665 3146 1711 necato
3175 1655 3518 1712 Muchemete
3545 1669 3735 1723 regem

2148 1750 2294 1804 hunc
2322 1750 2534 1805 Keraiis
2570 1746 2786 1805 Talaris
2842 1750 2963 1804 loco
2994 1746 3355 1804 Muchemelis
3386 1746 3563 1801 daret.
3591 1745 3736 1800 Cum

455 1837 639 1891 omnis
666 1839 880 1907 generis
910 1854 1083 1894 arma.
1119 1839 1272 1894 Sciat
1311 1848 1493 1894 autem
1527 1841 1716 1904 lector,
1752 1851 2039 1910 propterea
2072 1829 2113 1887 Β
2148 1843 2323 1897 lslane
2373 1842 2553 1895 cbane
2587 1839 2819 1896 Muralis
2871 1840 3132 1895 mandato
3162 1840 3404 1908 Capham
3453 1839 3758 1905 navigavit.

460 1930 633 1984 fuisse
666 1929 863 1985 Murali
916 1933 1145 2004 chanem
1179 1932 1323 1988 hunc
1351 1931 1675 1988 Tatarorum
1719 1932 2035 1990 Mucbeme-

456 2029 567 2078 tem
625 2022 924 2095 obligatum
972 2023 1038 2079 ad
1078 2022 1414 2082 educendas‘
1453 2025 1820 2081 mittendasve
1870 2027 2036 2081 domo

455 2128 685 2169 suorum
718 2115 926 2186 copias,
952 2116 1005 2169 in
1030 2130 1418 2187 quemcunque
1468 2117 1644 2170 visum
1678 2114 1873 2169 Murali
1904 2114 2037 2171 fuis-

455 2215 544 2261 set
571 2205 805 2272 hostem,
842 2216 900 2263 et
930 2223 1261 2279 quocunque
1291 2218 1560 2279 tempore,
1623 2207 1769 2278 quod
1804 2208 2037 2278 singulis

452 2297 615 2354 annis
651 2315 717 2355 eo
749 2301 979 2371 nomine
1015 2316 1115 2371 pro
1149 2316 1208 2356 se
1237 2301 1469 2371 suisque
1496 2301 1733 2355 ducibus
1764 2302 2038 2371 acciperet

452 2405 486 2444 a
514 2387 725 2446 Murate
749 2369 1020 2446 summain
1048 2392 1407 2447 ducentorum
1461 2390 1583 2459 plus
1614 2389 1861 2461 tuituisve
1888 2369 2034 2456 Vinii,—

455 2479 589 2536 tium
620 2482 1022 2545 sullaninorum
1048 2499 1062 2535 :
1093 2492 1287 2553 praeter
1314 2484 1588 2553 impensas
1618 2481 1867 2547 diurnas,
1898 2497 2035 2549 qua,-

458 2590 579 2629 rum
612 2574 660 2629 ei
718 2575 961 2639 nomine,
1015 2591 1114 2642 pro
1165 2591 1320 2632 more
1372 2576 1632 2636 Turcico,
1691 2575 1937 2645 singulos
1983 2577 2035 2628 in

454 2666 572 2721 dies
598 2667 745 2736 aspri
777 2667 923 2721 mille
972 2670 1424 2726 numerabantur.
1463 2668 1700 2725 Tatarns
1735 2669 1826 2724 ubi
1856 2686 1885 2723 a
1924 2668 2039 2722 Mu-

455 2767 593 2826 rale,
662 2774 784 2829 quze
829 2760 1091 2832 diximus,
1148 2761 1475 2832 accepisset,
1534 2761 1769 2824 Critnio,
1814 2759 2039 2816 civitate

456 2853 715 2923 regiaque
747 2868 871 2915 sua,
922 2831 1186 2921 discedit,
1222 2831 1392 2925 seque
1440 2852 1803 2925 Temircapim
1854 2869 2038 2924 perre-

456 2956 671 3000 cturum
696 2934 937 3001 simulat.
971 2945 1077 3002 Sed
1117 2946 1396 3017 aliquanto
1427 2947 1607 3017 spatio
1640 2961 1962 3016 progressus
2006 2961 2036 3000 a

455 3034 680 3101 Crimio,
708 3038 930 3093 domum
978 3038 1293 3101 revertitur,
1353 3052 1476 3095 cum
1513 3038 1675 3091 modo
1713 3036 1830 3090 suis
1868 3034 1919 3089 id
1978 3050 2037 3089 se

458 3128 640 3185 facere
677 3129 904 3195 diceret,
956 3128 1027 3184 ob
1079 3132 1210 3184 anni
1275 3138 1651 3199 tempestates,
1709 3127 2033 3198 profectioni

459 3222 759 3288 adversas;
797 3221 961 3276 modo
982 3221 1315 3291 suspicionis
1344 3237 1533 3287 causa,
1560 3236 1726 3291 quam
1757 3221 1824 3276 de
1860 3219 2041 3275 fratri-

460 3315 563 3368 bus
610 3313 729 3369 suis
789 3313 1175 3383 concepisset;
1218 3312 1383 3368 modo
1424 3323 1646 3383 propter
1697 3313 2040 3371 Cosakomm

456 3412 641 3458 motus
698 3404 803 3475 (sic
830 3403 1177 3475 appellantur
1204 3405 1258 3459 in
1285 3404 1603 3462 Moldavicis
1628 3406 2044 3477 Valachicisque

459 3491 689 3567 finibus,
713 3494 807 3563 qui
846 3493 1147 3560 Martelosi,
1178 3492 1445 3569 Uscocbi,
1474 3492 1735 3551 iiorlachi
1783 3495 2044 3550 dicuntur

461 3588 514 3640 in
551 3582 862 3658 Ungaricis,
900 3586 1178 3643 Croatinis
1217 3598 1272 3642 et
1322 3586 1646 3642 Dalmatinis
1679 3600 1695 3644 :
1745 3587 1852 3643 nisi
1895 3586 2041 3656 quod

457 3679 668 3748 majore
704 3695 934 3747 numero
961 3680 1157 3755 Cosaki
1200 3696 1312 3735 rem
1347 3679 1590 3752 gerunt),
1621 3679 1716 3750 qui
1764 3679 2044 3736 contemni

456 3784 569 3825 non
606 3779 845 3840 possent,
875 3784 1002 3827 cum
1035 3785 1143 3826 non
1184 3772 1393 3826 dudum
1427 3770 1563 3826 adeo
1595 3768 1866 3826 Potocova
1884 3766 2044 3823 Polo-

457 3875 532 3914 no
557 3859 716 3928 duce,
755 3861 1044 3930 finitimam
1076 3861 1181 3919 sibi
1218 3860 1573 3937 Benderiam,
1601 3858 2046 3929 Osmanicijuris

461 3955 748 4026 oppidum,
781 3969 980 4019 versus,
1001 3953 1227 4023 Nigrum
1268 3969 1419 4018 mare
1450 3955 1640 4020 situm,
1671 3954 1917 4024 ceperint
1965 3962 2047 4006 at-

459 4060 569 4115 que
646 4046 1199 4113 diripuerintznunc
1253 4047 1349 4101 has
1397 4046 1659 4125 denique,
1723 4062 1869 4100 nunc
1925 4046 2047 4100 illas

459 4152 658 4194 causas
679 4148 735 4193 et
781 4136 1174 4191 excusationes
1227 4136 1595 4207 praetendens,
1635 4137 2045 4205 expeditionem

464 4214 662 4286 Mutati
698 4228 1025 4298 promissam
1059 4243 1168 4281 non
1207 4228 1470 4297 suscipit.
1508 4227 1771 4295 Equidem
1818 4228 1885 4282 de
1916 4228 2049 4284 viris

462 4318 828 4390 sapientibus,
857 4330 912 4374 et
940 4317 1188 4385 Turcicze
1220 4317 1598 4374 fraudulentiae
1622 4318 1829 4387 gnaris,
1857 4315 2051 4373 audire

463 4413 728 4479 memini,
779 4414 1101 4477 conclusum
1152 4412 1209 4467 in
1269 4411 1511 4479 Muralis
1560 4409 1741 4471 fuisse.
1780 4410 2048 4474 consilio,

463 4503 728 4561 Tartarum
762 4504 1004 4567 Chauem
1062 4504 1250 4575 procul
1300 4504 1367 4558 ad
1400 4514 1637 4569 remotas
1690 4504 1810 4558 illas
1858 4501 2050 4571 regio-

465 4615 564 4655 nes
588 4591 949 4669 ablegandum
986 4616 1000 4653 :
1032 4607 1090 4652 ut
1141 4597 1386 4662 interim,
1422 4598 1549 4658 dum
1587 4599 1803 4652 abesaet
1856 4595 2043 4662 domo,

467 4708 695 4761 regnum
724 4693 864 4760 ejus,
901 4690 1045 4761 quod
1082 4691 1247 4746 etiam
1273 4693 1565 4759 caeteroqui
1596 4690 1795 4751 sultani
1821 4688 2048 4742 Muralis

466 4783 838 4838 contineretur
871 4783 1118 4852 imperio,
1150 4783 1203 4838 in
1248 4782 1482 4853 formam
1517 4782 1932 4851 beglerbegatus
1967 4794 2049 4833 rc-

465 4876 764 4945 digeretur.
821 4876 899 4927 Ac
947 4875 1064 4929 fieri
1130 4882 1329 4944 potest,
1371 4874 1472 4930 has
1523 4891 1645 4929 eum
1695 4872 2050 4938 subolfecisse

366 5022 379 5028 ρ
467 4966 772 5020 Turcorum
808 4958 1055 5026 insidias,
1086 4965 1321 5036 ideoque
1349 4963 1708 5035 profectionis
1756 4962 2046 5017 consilium

469 5069 730 5122 mutasse,
767 5059 967 5111 nedum
992 5057 1210 5129 alienis
1245 5057 1509 5126 augendis
1552 5066 1606 5111 et
1657 5055 2049 5110 conservandis

469 5156 714 5209 intentus
761 5160 925 5214 esset,
993 5152 1228 5220 propriis
1274 5160 1587 5206 emeretur.
1645 5147 1777 5203 Utut
1814 5163 2049 5205 sesetcs

417 5243 420 5247 ’
468 5246 687 5311 habeat,
721 5241 957 5299 Murates
987 5244 1271 5312 aegerrime
1304 5241 1508 5307 ferens,
1539 5244 1643 5296 hoc
1690 5242 1863 5296 niodo.
1898 5241 2051 5295 delu-

466 5351 589 5391 sum
638 5351 697 5391 se
731 5342 935 5388 tantam
971 5348 1094 5387 cum
1122 5331 1387 5401 pecuniae,
1431 5342 1544 5385 tum
1603 5329 1830 5404 aliarum
1867 5344 2047 5388 rerum

461 5414 736 5498 jacturam
768 5426 982 5490 fecisse,
1043 5425 1286 5497 cogitare
1320 5440 1443 5477 cum
1481 5426 1670 5476 animo
1715 5437 1815 5478 suo
1841 5422 1908 5476 dc
1932 5423 2051 5475 vin-

465 5517 612 5570 dicta
645 5519 831 5588 (χωρία.
859 5518 1046 5588 Itaque
1080 5518 1395 5571 mandatum
1424 5514 1490 5569 ad
1510 5513 1802 5568 Osmanem
1829 5513 2048 5569 bassam

472 5609 660 5673 mittit,
691 5626 803 5680 quo
845 5610 1215 5681 praecipiebat,
1247 5619 1307 5664 ut
1328 5608 1404 5663 ibi
1428 5608 1663 5679 primum
1691 5606 1742 5660 id
1771 5605 1872 5676 ipsi
1897 5621 2050 5660 mau-

468 5700 657 5754 datum
682 5703 972 5759 oll‘erretur
1000 5721 1013 5757 :
1037 5704 1159 5758 istic
1175 5718 1275 5759 suo
1295 5705 1413 5757 loco
1427 5702 1755 5771 relinqueret
1775 5698 2050 5755 Giaferem

469 5794 690 5853 bassam
750 5796 820 5868 (is
876 5796 1171 5869 aliquando
1218 5795 1534 5854 Temesvari
1569 5793 1927 5868 brglcrb'gus
1992 5796 2049 5851 in

2142 1932 2390 1991 Uluzalis
2419 1932 2714 2002 praefectus
2746 1932 2937 1998 maris,
2973 1946 3099 1987 cum
3143 1931 3357 2002 aliquot
3387 1931 3737 1997 triremibus,

2140 2042 2240 2082 nec
2296 2026 2563 2082 mediocri
2615 2026 3003 2099 genizarorum
3050 2026 3231 2079 Porta;
3280 2023 3738 2093 sclopetariornm

2141 2120 2420 2191 praasidio.
2447 2119 2749 2188 Postquam
2785 2119 2838 2174 hi
2874 2118 3119 2187 Capham
3144 2117 3512 2187 appulissent.
3543 2115 3738 2171 infelix

2139 2214 2230 2269 ille
2261 2212 2635 2268 Muehemeles
2686 2212 2828 2266 cban
2885 2210 3135 2266 desertus
3166 2225 3195 2263 a
3228 2210 3366 2275 suis,
3408 2218 3465 2265 et
3509 2209 3741 2280 potissi-

2140 2321 2288 2361 mum
2320 2308 2567 2373 proditus
2600 2320 2630 2359 a
2659 2303 2854 2359 Kihaia
2915 2303 3029 2358 sive
3063 2301 3320 2372 praelecto
3374 2302 3547 2356 curia
3595 2317 3738 2365 sum,

2140 2395 2455 2452 Turcorum
2516 2396 2571 2450 in
2617 2411 2815 2451 manus
2866 2396 3058 2449 venit:
3092 2402 3146 2449 et
3194 2392 3262 2447 ab
3301 2391 3405 2455 eis.
3450 2408 3556 2445 una
3606 2407 3737 2446 cum

2138 2489 2355 2551 duobus
2397 2489 2545 2554 ﬁliis,
2575 2489 2714 2545 eliso
2742 2498 2966 2559 gutture
2991 2486 3363 2552 strangulatus
3390 2484 3512 2539 fuit.
3539 2484 3598 2538 in
3615 2486 3728 2551 ejus

2138 2581 2322 2635 locum
2367 2595 2494 2635 mox
2525 2581 2594 2635 ab
2628 2580 2786 2651 ipsis,
2824 2579 3045 2634 nemine
3088 2579 3421 2648 refragante,
3471 2574 3718 2632 suﬂ‘ertus

2140 2683 2225 2728 cst
2252 2672 2395 2726 Islan
2433 2674 2599 2738 cban,
2635 2687 2700 2727 ex
2736 2672 2960 2728 decreto
2988 2671 3187 2727 sultani
3233 2670 3484 2733 Muralis,
3536 2676 3585 2722 ut
3614 2664 3716 2720 Ke-

2142 2764 2382 2819 raiorum
2407 2765 2735 2820 'l‘atarorum
2767 2766 2908 2820 chan
2939 2764 3057 2820 sive
3085 2779 3175 2819 rex
3207 2773 3379 2819 esset.
3404 2762 3562 2817 Alius
3602 2759 3728 2828 qui-

2140 2860 2265 2915 dam
2297 2858 2442 2914 ﬁlius
2493 2856 2613 2928 ejus
2650 2857 2717 2912 ad
2781 2854 3116 2927 Nogaiornm
3160 2856 3490 2911 'l'atarorum
3534 2851 3736 2923 princi-

2143 2963 2567 3019 pem,soccrum
2595 2964 2779 3012 suum,
2828 2946 3092 3018 profugit.
3138 2946 3467 3001 Mttcltemcli
3509 2943 3734 3012 quidem

2141 3055 2253 3096 non
2310 3040 2609 3105 immerito,
2662 3047 2884 3109 propter
2938 3040 3272 3108 impietatem
3333 3053 3461 3105 erga
3523 3045 3733 3105 patrem

2143 3132 2488 3195 exercitam,
2548 3130 2820 3197 ejusmodi
2886 3143 3039 3185 mors
3097 3129 3364 3198 obtigisse
3424 3126 3741 3181 verosimle

2146 3225 2380 3280 videtur.
2410 3222 2546 3278 Nam
2576 3237 2698 3277 cum
2743 3221 2790 3276 is
2817 3221 2970 3275 senio
3025 3220 3329 3285 confectus,
3379 3234 3570 3286 parum
3624 3217 3743 3270 lilio

2149 3322 2434 3385 putaretur
2460 3311 2526 3366 ad
2575 3310 3029 3381 gubernationem
3066 3308 3334 3373 ideneus,
3384 3321 3486 3375 ope
3528 3303 3737 3357 sultaui

2147 3405 2368 3462 Turcici
2401 3412 2612 3472 patrem
2642 3402 2901 3457 abdicare
2941 3415 3001 3456 se
3030 3414 3202 3470 regna
3233 3406 3487 3467 coegerat
3514 3395 3743 3449 Mucbv-

2149 3507 2340 3560 metes,
2376 3496 2538 3565 idque
2587 3510 2713 3548 mox
2782 3493 2836 3548 in
2905 3507 2966 3548 se
3041 3491 3458 3546 transtulerat:
3522 3487 3747 3542 Tata‘is

2150 3590 2373 3646 fratrem
2431 3588 2553 3657 ejus
2621 3585 2850 3642 lslanem
2908 3584 3140 3639 chanem
3202 3582 3589 3652 poscentibus,
3648 3578 3742 3633 cui

2146 3696 2299 3757 pater
2334 3683 2498 3740 etiam
2557 3681 2733 3751 magis
2769 3677 3010 3733 favebat.
3036 3676 3178 3731 Islan
3231 3692 3352 3730 cum
3392 3675 3501 3728 alio
3546 3672 3743 3737 fratre,

2150 3788 2281 3832 natu
2349 3778 2586 3838 minore,
2643 3772 2977 3828 Polonorum
3040 3770 3106 3824 ad
3166 3784 3348 3838 regem
3399 3767 3745 3838 Stephanum

2149 3866 2452 3931 Balorium,
2510 3863 2760 3918 fraterna
2787 3859 3129 3916 crudelitatis
3179 3850 3348 3920 metu,
3380 3874 3440 3913 se
3483 3858 3747 3914 contulit.

2151 3958 2360 4029 Rogaui
2430 3946 2789 4031 Mucliemetis
2841 3954 3090 4010 sultanus
3154 3950 3423 4005 Turcicus
3470 3949 3745 4030 Polonuni

2149 4069 2331 4125 regem
2367 4036 2545 4118 urget,
2575 4049 2650 4103 uti
2688 4048 2792 4104 sibi
2826 4047 3176 4104 dederentur.
3218 4045 3380 4116 377
3417 4044 3547 4099 Erat
3595 4043 3748 4112 apud

2150 4145 2363 4201 Turcos
2419 4138 2863 4213 Transsylvanus
2913 4140 3158 4210 quidam,
3230 4137 3528 4193 Marchatzi
3607 4136 3752 4193 Paul

2151 4238 2314 4306 vulgo
2337 4236 2539 4299 dit-tus,
2572 4235 2624 4289 id
2652 4243 2735 4290 est
2770 4233 2972 4288 Paulus
2996 4232 3385 4291 Marchatzius,
3429 4231 3521 4300 qui
3573 4231 3753 4286 rebus

2152 4327 2580 4398 Transsylvam’s
2611 4325 2905 4381 insidiatus
2938 4323 3137 4377 fuerat.
3175 4322 3308 4375 lium
3348 4322 3587 4375 vicissim
3618 4336 3754 4385 [ms-

2152 4422 2298 4478 eruti
2324 4420 2436 4489 regi
2462 4434 2590 4488 spes
2619 4418 2801 4487 aliqua
2827 4416 3127 4471 deditionis
3157 4416 3320 4468 facta.
3371 4412 3662 4478 Quamuhr-
3689 4429 3749 4466 ιη

2085 4524 2126 4580 ι)
2157 4512 2391 4568 Tataros
2428 4513 2625 4565 fratres
2664 4509 2881 4564 sultano
2915 4507 3099 4571 mittit,
3127 4507 3222 4575 qui
3251 4517 3432 4559 tamen
3464 4503 3744 4557 Polonun

2156 4605 2491 4668 ludiﬁcatus,
2519 4600 2789 4673 promisso
2811 4615 2921 4653 non
2945 4599 3117 4653 stetit.
3145 4600 3350 4651 Auctor
3373 4596 3515 4651 enim
3543 4598 3756 4648 deden-

2151 4698 2223 4755 do
2252 4696 2372 4762 l'uit,
2408 4704 2464 4749 nt
2503 4694 3034 4749 musnlmanissarCt.
3068 4692 3220 4758 Quod
3258 4706 3379 4745 cum
3414 4691 3460 4744 is
3494 4688 3749 4753 fecisset,

2155 4788 2419 4858 religione
2471 4801 2530 4841 se
2568 4785 2846 4855 prohiberi
2902 4782 3141 4839 Murales
3187 4782 3391 4837 Polono
3432 4782 3749 4850 respondit,

2153 4881 2456 4950 quominus
2501 4877 2910 4934 Mnsulmanum
2951 4875 3266 4931 Christiano
3308 4876 3373 4930 ad
3406 4874 3747 4945 supplicium

2155 4973 2399 5029 dederet.
2455 4970 2571 5038 ipse
2598 4969 2817 5039 quidem
2853 4966 3222 5022 Marchatzins
3263 4978 3509 5037 apostata
3545 4982 3750 5034 super-

2155 5067 2270 5110 stes
2295 5056 2473 5109 adhuc
2493 5065 2596 5120 cst,
2656 5054 2907 5109 Babolza:
2944 5054 3255 5125 puniet-tus,
3308 5055 3450 5108 haud
3498 5054 3746 5124 procula

2155 5141 2363 5210 Zigelo,
2433 5151 2487 5197 et
2534 5141 2768 5197 lbrabim
2807 5143 2905 5211 heg
2958 5142 3154 5197 Turcis
3216 5158 3358 5197 nunc
3414 5143 3747 5213 appellatur.

2153 5236 2374 5292 Tataris
2427 5238 2689 5293 fratribus
2754 5238 3233 5309 Constantinopoli
3294 5241 3619 5309 degentibus
3687 5241 3746 5295 in

2155 5330 2320 5384 domo
2342 5328 2525 5384 Z-ausii
2563 5330 2847 5399 cujusdam
2880 5331 3083 5399 Ungari
3112 5332 3280 5399 seqis,
3311 5331 3435 5397 fuga
3470 5342 3597 5386 natu
3637 5333 3747 5387 tui-

2156 5438 2257 5477 nor
2292 5426 2356 5477 ad
2390 5423 2582 5483 Persas
2599 5422 2829 5477 elabitur
2863 5438 2877 5474 :
2919 5424 3079 5491 cujus
3125 5426 3435 5493 exctnplum
3488 5442 3555 5478 ne
3592 5424 3743 5480 Is'an

2157 5513 2496 5575 imitaretur,
2553 5512 2807 5566 Rhodum
2865 5513 3102 5581 primum
3167 5516 3483 5569 triremibus
3540 5516 3741 5584 depor-

2159 5612 2335 5659 lulut‘:
2364 5605 2490 5659 inde
2517 5604 2845 5659 transfertur
2875 5605 3136 5665 Iconium.
3166 5606 3362 5659 ibidem
3396 5618 3741 5672 asservatns,

2155 5698 2330 5751 donec
2396 5697 2613 5750 tandem
2676 5695 2851 5752 factus
2907 5697 3078 5756 liber.
3141 5697 3295 5750 fratri
3370 5696 3738 5761 illuchemeti,

2156 5789 2621 5861 quemadmodum
2676 5790 2788 5861 jam
2844 5789 3233 5856 indicavimus,
3286 5789 3743 5847 substitueretur.
