4126 6424
422 364 525 427 697
1092 396 1115 404 ι

1537 377 1891 439 SUPPLEM
1906 425 1920 440 .
1953 382 2232 444 ANNAL.
2273 384 2578 446 TURCIC.

3571 398 3679 462 698

489 482 759 574 C-Ptcrum
794 482 959 574 rebus
1011 499 1077 538 ex
1111 486 1278 540 animi
1318 493 1592 545 sententia
1623 496 1849 557 curatis.
1886 494 1991 551 Os-
2023 503 2067 558 Α
2096 499 2342 568 stigaret,
2383 501 2674 556 Osmanem
2730 503 2973 568 bassam,
3011 506 3104 573 qui
3132 520 3389 574 supremo
3419 523 3543 563 cum
3577 513 3678 565 in»

424 588 553 630 man
582 571 765 635 bassa,
803 572 1082 643 marisque
1141 574 1428 644 prafectus
1486 578 1746 645 Uluzalis,
1806 583 1998 637 trium-

423 665 704 738 phabundi
730 666 1260 739 Constantinopolim
1288 673 1493 726 reversi
1523 681 1671 729 sunt.
1706 672 1837 730 Post
1868 691 2001 744 pau-

428 775 528 816 cos
561 759 675 815 dies
704 758 927 815 Sianses
981 759 1169 828 bassa,
1224 778 1349 817 cum
1385 763 1520 819 alias
1573 765 1645 819 ob
1684 780 1883 823 causas
1912 782 1999 823 se—

431 853 713 914 cretiores,
747 863 862 905 tum
895 868 1027 906 vero
1066 854 1216 924 quod
1253 854 1640 913 mittendorum
1676 858 1877 913 Tataro
1902 875 1997 929 pe-

427 945 599 1003 conia:
628 945 1075 1016 reliquorumque
1129 949 1503 1006 subsidiorum
1554 961 1744 1008 auctor
1798 952 1997 1011 Murati

423 1036 622 1104 fuerat,
643 1046 703 1092 ut
730 1046 890 1093 antea
912 1039 1279 1105 narravimus,
1303 1040 1796 1101 intervenientibus
1825 1047 1989 1101 etiam

415 1129 648 1184 occultis
682 1128 947 1185 adversus
974 1128 1266 1187 Osmanem
1287 1134 1617 1199 inimicitiis,
1658 1153 1776 1205 quas
1800 1149 1994 1209 postea

414 1217 704 1288 patefactae
728 1218 973 1284 fuerunt,
1002 1234 1033 1276 a
1059 1222 1493 1280 vezirazematus
1522 1227 1699 1282 oliicio
1723 1237 1991 1293 remotus.
2022 1281 2028 1287 .

414 1308 650 1378 ejusque
700 1309 820 1365 loco
878 1311 1132 1381 princeps
1181 1312 1382 1369 sultani
1416 1316 1764 1374 consiliarius
1813 1318 1994 1376 factus

412 1409 497 1456 est
528 1400 729 1456 Osman
754 1401 936 1468 basSa,
966 1400 1127 1458 facile
1149 1401 1453 1461 Turcorum
1497 1409 1764 1475 omnium,
1797 1425 1997 1466 secun-

415 1497 548 1547 dum
589 1491 941 1557 Osmanidas,
972 1493 1389 1553 nobilissimus:
1427 1498 1574 1567 quod
1602 1507 1756 1567 patre
1791 1498 1990 1555 Dama-

413 1599 584 1641 sceno
643 1582 992 1656 beglerbego,
1028 1595 1204 1643 matre
1237 1588 1551 1662 beglerbegi
1597 1590 1989 1659 Bagadatensis

411 1678 531 1734 sive
568 1676 854 1749 Babylonii
909 1679 1017 1734 lilia
1045 1688 1205 1735 natus
1234 1691 1402 1736 esset.
1436 1681 1552 1738 Hoc
1602 1685 1820 1755 quidem
1871 1701 1990 1742 me-

414 1771 702 1833 morabile,
745 1772 889 1840 quod
923 1772 1147 1828 Siansrs
1178 1773 1229 1828 in
1256 1775 1474 1845 publico
1492 1776 1692 1831 divano
1725 1778 1988 1831 condem-

2097 592 2252 660 perio
2276 592 2617 646 terrestrium
2652 593 2935 662 copiarum
2994 594 3103 648 dux
3138 594 3191 649 in
3224 596 3292 650 iis
3336 595 3472 652 locis
3506 611 3674 664 esset,

2096 682 2386 751 ablegavit.
2421 680 2557 736 Eum
2593 683 2647 737 in
2679 682 2878 738 castris
2912 683 2979 737 ad
3010 682 3408 740 Cbaleedonem
3433 703 3558 743 cum
3586 705 3676 745 sc-

2096 775 2329 845 xaginta'
2371 773 2495 844 plus
2550 774 2801 829 minusve
2853 773 3085 829 millium
3134 778 3381 832 exercitu
3412 780 3685 849 vidimus,‘

2097 864 2242 920 unde
2264 874 2448 934 postea
2483 880 2580 934 per
2617 865 2949 932 Anatoliam,
2978 867 3093 922 sive
3142 869 3328 941 Asiam
3379 870 3671 936 minorem,

2095 958 2201 1015 iter
2235 957 2364 1013 fecit
2398 959 2544 1016 :boc
2566 969 2670 1025 est,
2711 960 2975 1016 lscodara
3003 960 3457 1032 Cbalcedoneque
3490 966 3673 1035 profr-

2094 1062 2217 1108 ctus
2239 1061 2324 1108 est
2348 1052 2544 1109 itinere
2566 1054 2813 1110 terrestri
2836 1053 3077 1123 Sinopen
3098 1071 3308 1123 versus,
3338 1066 3395 1111 ut
3419 1057 3545 1113 inde
3563 1057 3672 1113 Ca-

2093 1144 2260 1217 pham
2290 1160 2387 1215 per
2420 1144 2695 1200 Euxinum
2747 1147 3115 1216 transjiceret.
3150 1148 3257 1203 Sed
3290 1152 3437 1217 quod
3478 1150 3587 1206 illis
3613 1153 3667 1206 in

2093 1236 2430 1306 regionibus,
2464 1235 2637 1291 Ponto
2664 1236 2889 1303 vicinis,
2920 1238 3113 1309 ingens
3150 1248 3264 1296 tum
3300 1242 3474 1313 frigus
3498 1254 3665 1303 esset.

2094 1328 2292 1384 maluit
2320 1328 2387 1384 ad
2423 1330 2684 1400 oppidum
2715 1329 3111 1386 Castamonam
3153 1333 3480 1398 subsistere,
3517 1338 3658 1405 quod

2092 1435 2203 1475 non
2234 1422 2425 1491 procul
2457 1438 2489 1477 a
2522 1422 2727 1491 Sinope
2780 1424 2949 1479 situm
3011 1425 3207 1482 itinere
3251 1428 3664 1495 quatuordeclm

2093 1514 2176 1568 vel
2226 1514 2539 1582 quindecim
2595 1517 2808 1572 dierum
2869 1517 3351 1591 Constantinopoli
3377 1521 3564 1586 distat,
3608 1530 3669 1576 ut

2097 1606 2216 1664 istis
2242 1625 2416 1678 usque
2445 1611 2510 1663 ad
2533 1612 2676 1665 veris
2706 1612 2921 1685 initium
2955 1612 3295 1670 hibernaret.
3324 1614 3515 1670 Itidem
3550 1630 3667 1668 ma-

2091 1699 2170 1755 ris
2199 1700 2485 1769 praefectus
2520 1701 2785 1767 Uluzalis,
2836 1705 2929 1774 qui
2967 1721 3091 1759 cum
3133 1706 3454 1761 triremibus
3482 1707 3550 1761 ad
3572 1705 3667 1759 Ni-

2091 1808 2247 1862 grum
2277 1808 2428 1846 mare
2461 1794 2541 1849 vel
2589 1793 2862 1849 Euxinum
2898 1807 2973 1850 se'
3004 1798 3332 1858 contulerat,
3386 1805 3445 1850 ut
3475 1797 3667 1865 praedi-

384 1873 575 1918 -uatus
602 1871 658 1917 et
694 1866 870 1920 masul
899 1863 1076 1920 factus
1099 1865 1222 1920 fuit.
1263 1866 1369 1923 Sed
1404 1869 1600 1923 deinde
1633 1870 1832 1925 sultani
1868 1868 1983 1923 Mu-
2016 1871 2064 1932 B
2092 1891 2237 1937 ριηιη
2268 1884 2560 1939 οδηηηεηι
2588 1886 2806 1941 passam
2840 1901 2964 1940 cum
2993 1888 3347 1942 terrestribus
3378 1863 3553 1954 copiis
3584 1884 3668 1942 Si-
3756 1918 3761 1923 .

412 1957 545 2011 ratis
578 1971 760 2017 soror,
816 1959 1017 2029 rouan
1047 1960 1187 2027 ejus,
1229 1960 1372 2029 apud
1409 1961 1633 2017 fratrem
1669 1964 1989 2033 suppliciter

415 2049 749 2104 intercessit.
790 2048 889 2104 Cui
929 2049 1189 2119 Murates,
1252 2050 1449 2107 Beatus
1476 2061 1581 2119 est,
1622 2053 1719 2121 ait,
1755 2055 1898 2124 quod
1936 2066 1989 2111 te

409 2141 697 2209 coniugem
720 2142 913 2195 habeat
934 2159 949 2196 :
974 2143 1180 2212 absque
1204 2143 1307 2198 hoc
1337 2144 1553 2210 fuisset,
1578 2160 1702 2200 eum
1736 2146 1854 2200 sine
1879 2147 1988 2202 ulla

411 2231 974 2307 commiserationejn
1015 2226 1179 2304 pleno
1236 2234 1437 2289 divano
1464 2236 1760 2304 jussissem
1816 2238 1990 2303 inter-

417 2321 526 2376 fici.
568 2321 782 2377 Amissa
826 2325 1117 2394 dignitate,
1172 2326 1425 2398 conjugis
1458 2339 1641 2384 tamen
1681 2346 1844 2387 causa
1876 2332 1987 2386 sal-

413 2413 498 2468 vis
526 2415 784 2477 annonis.
818 2431 941 2485 quae
993 2417 1241 2485 singulos
1293 2420 1349 2473 in
1389 2434 1566 2474 annos
1618 2435 1710 2475 sex
1744 2422 1987 2478 millibus

409 2496 812 2562 sultaninornm
844 2509 1283 2572 aestimabantur,
1316 2519 1372 2564 et
1410 2510 1561 2566 salvo
1593 2512 1790 2566 timaro
1814 2512 1982 2566 duqu

411 2601 647 2656 millium
675 2601 1103 2666 sultaninorum,
1152 2602 1407 2671 migravit
1433 2604 1488 2658 in
1526 2604 1746 2659 domum
1802 2620 1985 2671 suam,

406 2715 574 2768 quam
610 2696 676 2750 ad
717 2697 870 2751 littus
904 2696 1206 2751 Asiaticum
1244 2696 1404 2751 sitam
1440 2698 1493 2752 in
1527 2697 1698 2753 bortls
1728 2698 1985 2765 vidimus,

409 2807 539 2849 cum
574 2792 640 2847 ad
672 2789 947 2846 Euxinum
972 2791 1378 2861 navigaremus.
1397 2791 1776 2847 Secretiorilla
1797 2809 1988 2858 causa,

406 2886 572 2956 cujus
626 2883 786 2939 modo
819 2884 1194 2946 meminimus,
1252 2883 1377 2949 fuit,
1415 2887 1565 2954 quod
1608 2885 1834 2942 Muralis
1870 2885 1989 2940 ani-

409 2993 559 3032 mum
594 2985 783 3031 contra
812 2974 1206 3031 Muchemetem
1230 2977 1399 3031 lilium
1430 2978 1835 3044 cxaccrbasset,
1862 2996 1987 3034 cum

407 3071 455 3125 is
487 3070 628 3124 forte
663 3068 914 3123 Kibaiam
943 3068 1059 3124 sive
1089 3069 1404 3139 praefectum
1434 3086 1595 3126 suum
1628 3072 1851 3142 indigne
1878 3081 1989 3127 tta-

404 3175 629 3223 ctasset.
671 3161 843 3231 Egro
867 3162 989 3218 tulit
1017 3163 1125 3217 hoc
1159 3163 1342 3218 animo
1362 3164 1600 3231 sultana,
1629 3163 1985 3220 Mucbenn-tis

408 3269 604 3322 mater,
636 3272 697 3312 ac
727 3259 983 3312 maritum
1011 3260 1064 3312 in
1106 3258 1476 3328 suspicionem
1514 3258 1762 3321 adduxit,
1822 3256 1981 3326 quasi
2012 3228 2057 3288 θ

406 3351 632 3405 Siauses
653 3349 1018 3405 :cmulationis
1047 3364 1111 3405 ac
1137 3346 1491 3405 dissidiorum
1521 3350 1825 3405 seminibus
1845 3350 1985 3404 inter

410 3453 616 3514 patrem
649 3442 926 3512 liliumque
959 3443 1191 3513 sparsis,
1225 3444 1409 3500 aerius
1437 3443 1653 3498 tandem
1688 3443 1853 3512 (quod
1880 3443 1986 3496 bu-

411 3537 591 3593 mauis
621 3536 675 3589 in
714 3538 870 3591 rebus
916 3537 1032 3591 fieri
1072 3537 1269 3606 soleat)
1298 3536 1515 3590 irritato
1564 3545 1736 3605 patre,
1770 3549 1828 3588 ut
1856 3536 1985 3590 uni-

411 3645 536 3685 cum
571 3629 737 3684 ﬁlium
767 3629 1374 3698 occideret,imperium
1409 3636 1598 3698 postea
1632 3629 1745 3682 suis
1772 3629 1981 3697 liberis,

405 3738 471 3779 ex
504 3721 706 3776 sultani
763 3736 954 3777 sorore
990 3721 1133 3775 natis
1182 3721 1515 3788 qumsiturus
1549 3729 1718 3775 οδες-ι.
1752 3718 1890 3774 llinc
1925 3720 1980 3774 in

403 3817 597 3886 primis
625 3815 713 3870 illa
758 3814 971 3870 Siausis
1010 3815 1316 3870 calamitas.

475 3909 842 3977 Posteaquam
893 3906 1099 3963 Osman
1152 3907 1315 3963 bassa
1349 3906 1718 3963 vezirazemes
1765 3914 1982 3961 creatus

403 4000 634 4063 fuisset,
676 4010 962 4069 tantopere
996 4015 1156 4055 sumn
1216 4000 1359 4068 apud
1410 3998 1687 4054 sultauum
1719 3997 1985 4052 laboravit

402 4102 455 4146 et
496 4092 713 4152 instizit.
776 4098 837 4144 ιιι
890 4089 1108 4145 tandem
1146 4088 1399 4146 Persicus
1436 4099 1645 4157 orator,
1680 4088 1983 4144 Ibrahimcs

401 4185 567 4246 cbau,
627 4184 720 4254 qui
762 4192 1022 4250 tanquam
1077 4183 1451 4238 incarccratns
1509 4184 1564 4237 in
1605 4182 1785 4238 saraio
1844 4172 1983 4237 Eon~

400 4279 585 4333 clusus
611 4286 748 4340 erat,
781 4277 855 4332 uti
879 4292 1044 4345 supra
1062 4276 1326 4344 diximus,
1350 4277 1493 4331 bona
1515 4291 1639 4331 cmn
1669 4292 1800 4347 pace
1819 4292 1980 4333 sntun

399 4372 466 4424 ad
500 4371 796 4440 principum
846 4370 1105 4423 τριιιιιιιιιιί
1152 4367 1463 4425 facultatem
1507 4372 1844 4439 impetraret.
1874 4368 1980 4423 Sed

401 4479 524 4516 cum
556 4461 836 4517 Osmanici
887 4474 1083 4517 natura
1123 4463 1372 4533 duplices
1425 4478 1489 4518 ac
1532 4464 1785 4518 fraudum
1836 4463 1979 4534 pleni

2092 1990 2233 2045 nope
2281 1975 2527 2045 Capham
2570 1978 2975 2047 transveheret,
3032 1981 3088 2035 in
3137 1988 3355 2050 portum
3395 1978 3668 2047 Sinopeu-

2089 2084 2200 2124 sem
2229 2071 2477 2143 triremes
2510 2071 2754 2135 deduxit,
2797 2088 2907 2139 quo
2950 2071 3302 2127 commodius
3334 2070 3666 2139 navigationi

2090 2170 2322 2229 tempus,
2350 2170 2405 2216 et
2433 2159 2657 2217 Osmani
2705 2160 2980 2223 Serdaris,
3022 2163 3126 2217 hoc
3159 2170 3262 2226 est,
3301 2162 3576 2231 generalis
3602 2146 3667 2216 ac

2088 2251 2331 2317 supremi
2373 2255 2658 2321 copiarum
2694 2254 3048 2323 imperatoris
3083 2254 3376 2307 adventum
3408 2254 3531 2309 istic
3564 2269 3665 2308 (ειν

2088 2351 2379 2412 spectaret.
2416 2342 2657 2398 Diversa:
2680 2352 2813 2399 tunc
2857 2343 3141 2398 hominum
3171 2343 3239 2399 de
3290 2344 3392 2399 hac
3441 2344 3666 2414 expedi-

2091 2435 2237 2488 tione
2271 2433 2746 2505 Constantinopoli
2781 2436 3072 2506 opiniones
3104 2445 3281 2501 erant,
3318 2435 3441 2491 aliis
3479 2437 3665 2492 existi-

2090 2527 2385 2590 mantibus,
2410 2526 2703 2582 Osmanem
2729 2528 2831 2582 iter
2856 2527 2963 2583 hoc
2990 2530 3287 2583 tractandae
3309 2545 3431 2584 cum
3465 2532 3666 2585 scacbo

2089 2618 2311 2674 Persico
2338 2620 2489 2691 pacis
2545 2635 2711 2675 causa
2744 2621 3046 2689 suscipere,
3067 2620 3188 2675 aliis
3241 2620 3664 2685 allirmantibus.

2088 2713 2325 2779 Capham
2353 2714 2579 2778 iturum,
2630 2712 2867 2780 indeque
2895 2722 3277 2781 perrecturum
3314 2713 3565 2775 ulterius,
3606 2727 3666 2767 ιιι

2090 2804 2142 2858 in
2178 2803 2311 2859 urbe
2340 2803 2549 2858 Crimio
2579 2803 2941 2859 munitionem
2962 2813 3295 2867 exstrueret,
3341 2804 3528 2873 ibique
3571 2803 3666 2858 be-

2089 2897 2403 2967 glerbegnm
2439 2911 2563 2951 cum
2599 2894 2964 2966 dephterdaro
3004 2897 3120 2951 sive
3147 2906 3422 2966 quaestore
3450 2895 3661 2951 consti-

2092 2998 2286 3043 tueret.
2318 2988 2423 3043 Sed
2450 2998 2678 3043 eventus
2705 2988 2891 3041 docuit
2913 2988 3470 3057 hancexpcditionem
3498 2987 3669 3059 3'78

2091 3081 2291 3138 Persici
2328 3082 2673 3152 petissimum
2716 3079 2841 3135 belli
2876 3081 3233 3135 continuandi
3284 3095 3450 3135 causa
3497 3081 3668 3135 fuisse

2092 3184 2425 3246 susceptam.

2160 3268 2717 3337 Expositisbactcnus
2742 3268 3003 3322 continua
3030 3267 3172 3321 srrie
3218 3265 3453 3321 Persicis
3476 3266 3667 3329 rebus,

2085 3377 2235 3416 nunc
2260 3361 2597 3431 subjicienda
2622 3364 2868 3431 quaedam
2895 3361 3142 3423 veniunt,
3169 3376 3290 3428 qure
3319 3361 3445 3413 licet
3469 3361 3533 3413 ad
3564 3374 3627 3414 su
3647 3388 3665 3401 ο

2086 3451 2328 3519 βρτίοιθε
2354 3466 2524 3505 annos
2551 3451 2878 3519 pertineant,
2912 3460 3092 3503 tamen
3124 3449 3231 3504 huc
3289 3448 3492 3503 referre
3552 3465 3668 3503 ma-

2086 3542 2311 3609 luimus,
2360 3559 2428 3599 ne
2477 3542 2604 3598 belli
2639 3541 3010 3597 memorabilis
3060 3541 3232 3595 series
3302 3542 3667 3610 interrumpe-

2084 3645 2264 3691 retur.

2154 3725 2276 3782 Jaut
2309 3737 2433 3781 ante
2459 3726 2698 3782 diximus
2722 3728 2919 3791 obiter,
2948 3727 3107 3780 annis
3132 3725 3513 3795 superioribus
3534 3740 3667 3794 pro-

2086 3819 2246 3875 ximis
2305 3821 2561 3882 Cosaros,
2610 3818 2883 3872 l’mocnva
2942 3832 3213 3886 generoso
3276 3817 3393 3870 viro
3455 3817 3675 3869 l‘olono

2084 3909 2243 3972 duce,
2275 3918 2489 3979 captam
2528 3907 2847 3963 Bendcriam
2916 3908 3087 3978 (quod
3136 3908 3343 3977 alioqui
3376 3923 3574 3960 nomen
3609 3907 3672 3959 in.

2085 4015 2284 4072 genere
2317 4015 2496 4055 arcem
2532 4000 2648 4057 sive
2682 4000 3081 4054 munimentum
3111 3996 3662 4069 sigttilicat),ancici

2081 4094 2223 4165 juris
2256 4095 2540 4166 oppidum,
2566 4092 2887 4164 diripuisse.
2920 4093 3155 4149 Tantum
3181 4094 3234 4148 in
3268 4094 3371 4149 hoc
3396 4091 3666 4147 Potocova

2085 4188 2252 4241 robur
2284 4195 2403 4251 erat
2450 4196 2801 4255 utequorum
2834 4187 3015 4242 soleas
3072 4188 3299 4254 ferreas,
3368 4189 3532 4241 etiam
3582 4201 3668 4240 re-

2083 4296 2293 4350 centes,
2327 4286 2476 4341 nuilu
2508 4288 2726 4356 negotio
2754 4285 3027 4351 manibus,
3054 4286 3227 4340 instar
3252 4285 3456 4339 chartae
3480 4283 3560 4336 vel
3583 4282 3667 4334 al-

2085 4379 2257 4433 terius
2310 4379 2388 4434 rei
2424 4376 2662 4448 fragilis,
2712 4386 3013 4448 rumperet.
3042 4377 3281 4444 ldeoque
3338 4375 3439 4429 sibi
3472 4375 3664 4427 ducem

2085 4468 2232 4524 hunc
2256 4468 2454 4523 Cosaki
2506 4469 2882 4539 prafecerant,
2917 4477 2970 4522 et
3001 4466 3413 4537 auspiciis-ejus
3443 4464 3664 4528 Turcis,

401 4556 531 4616 s’nt,
582 4554 672 4607 ubi
712 4555 947 4623 primum
984 4550 1240 4607 Persicus
1300 4553 1388 4607 hic
1420 4561 1607 4606 orator
1644 4553 1979 4623 pervenisset

2088 4561 2177 4628 qui
2213 4560 2281 4614 ab
2308 4561 2432 4616 aliis
2456 4561 2575 4614 lmdi
2600 4577 2659 4616 se
2693 4560 2908 4625 nolunt,
2938 4574 3061 4612 cum
3095 4556 3389 4611 maximam
3444 4555 3664 4609 sibimet

399 4650 763 4706 Amorum-ﬂ.
812 4661 944 4715 .quae
1014 4645 1240 4714 majoris
1288 4646 1559 4699 Armeniae
1630 4645 1824 4699 civitas
1873 4652 1980 4707 est,

392 4741 550 4809 jmsu
582 4740 808 4796 llluratis
842 4740 1044 4794 ibidem
1075 4739 1329 4794 detentus
1354 4738 1473 4801 fuit.
1507 4754 1573 4792 ne
1605 4724 1834 4792 ulierius
1857 4752 1982 4807 pro-

396 4833 733 4902 grederetur.
1219 4884 1229 4894 ,

466 4924 585 4978 Non
628 4927 797 4978 mulo
842 4935 964 4990 post
1007 4926 1211 4980 certior
1245 4924 1423 4979 factus
1458 4935 1542 4980 est
1578 4926 1830 4979 sultanus
1868 4924 1983 4979 Mtt-

395 5028 565 5081 ratrs,
588 5022 912 5090 suangulati
946 5020 1337 5076 Mucchemetis
1363 5018 1548 5074 Tatari
1576 5019 1755 5074 Kuraii
1787 5020 1977 5086 filium,

394 5110 489 5178 qui
525 5110 852 5182 Nogaiorum
882 5111 947 5163 ad
980 5111 1289 5181 principem
1313 5109 1436 5180 fuga
1471 5127 1531 5165 se
1566 5119 1866 5176 receperat,
1901 5109 1978 5164 uti

394 5217 559 5269 Supra
618 5203 1073 5265 memoravimus,
1127 5218 1329 5271 magno
1374 5219 1498 5258 cum
1533 5205 1776 5256 exercitu
1819 5215 1976 5256 soce-

393 5295 552 5363 rique
574 5295 838 5351 subsidiis
892 5295 1198 5366 profectnm
1231 5304 1419 5351 contra
1452 5304 1706 5365 patruum
1748 5294 1976 5349 lslancm

392 5389 650 5453 clmncm,
682 5405 747 5444 co
779 5397 889 5443 tam
927 5390 1153 5443 civitate
1182 5388 1412 5454 Crimio,
1442 5404 1605 5457 quam
1638 5390 1847 5443 tlitionc
1878 5405 1975 5460 pa-

394 5491 550 5537 terna
587 5482 784 5552 ejecta,
840 5484 1101 5553 pleraque
1141 5484 1340 5537 amissa
1391 5499 1742 5553 recuperasse
1784 5502 1798 5537 :
1846 5485 1978 5540 lsla-

392 5589 630 5643 ncmque
657 5585 933 5644 patruum,
969 5574 1094 5643 fuga
1143 5575 1247 5630 sibi
1293 5575 1697 5639 consulentem,
1736 5576 1976 5644 Capham

393 5669 766 5723 contendisse.
790 5668 914 5734 Quo
949 5668 1171 5736 quidem
1216 5665 1456 5721 Mnratcs
1489 5679 1715 5735 arrepto
1761 5671 1976 5734 nuntio,

397 5767 508 5814 tum
542 5772 599 5814 ut
624 5763 842 5816 obviam
886 5763 989 5815 iret
1021 5777 1083 5814 ac
1115 5761 1420 5814 remedium
1467 5760 1686 5815 all-rut
1720 5762 1979 5817 munibus

396 5852 525 5909 hinc
557 5855 783 5912 oritur-.5
841 5854 1375 5922 incommodistum
1415 5855 1489 5910 uti
1549 5855 1851 5926 perduelles
1887 5871 1975 5911 ca-
2021 5846 2024 5849 λ

2085 4653 2187 4723 ipsi
2236 4651 2463 4710 nocendi
2516 4652 2787 4707 licentiam
2843 4651 2898 4705 iu
2936 4651 3133 4704 ﬁnibus
3171 4658 3410 4713 sttuiant,
3456 4647 3666 4716 gravis-

2084 4744 2222 4799 sima
2248 4745 2448 4797 damna
2484 4744 2771 4798 dederant.
2814 4741 2951 4798 Cum
3000 4742 3053 4795 id
3100 4750 3288 4795 contra
3341 4739 3485 4808 luges
3522 4738 3663 4790 nuli-

2082 4836 2174 4905 qui
2212 4835 2433 4891 foederis
2469 4837 2611 4892 inter
2640 4835 2991 4892 Osinanicam
3021 4833 3283 4888 familiam
3320 4848 3665 4903 regnumque

2083 4925 2323 4983 Polonia:
2355 4929 2467 4983 fieri
2498 4929 2797 4992 videretur,
2825 4928 2990 4982 mittit
3010 4929 3075 4980 ad
3116 4925 3453 4996 Stephanum
3480 4940 3665 4997 regem

2083 5020 2335 5077 sultauus
2376 5022 2617 5078 bluratcs
2651 5022 2913 5078 Zausium
2966 5021 3162 5086 Portas,
3214 5020 3508 5090 repetitum
3575 5033 3673 5073 res

2082 5114 2317 5181 ablatas,
2352 5126 2407 5169 et
2456 5130 2564 5168 non
2597 5114 2718 5168 sine
2769 5113 2935 5168 minis
2974 5095 3330 5183 postulatum;
3391 5113 3468 5168 uti
3507 5111 3665 5165 Poto-

2082 5222 2218 5262 Cova
2263 5224 2502 5277 quoque,
2531 5209 2866 5264 Cosacorum
2897 5207 3031 5274 dux,
3080 5218 3343 5279 praesente
3390 5223 3455 5263 ac
3484 5207 3664 5276 inspe-

2084 5307 2271 5353 ctante
2306 5299 2504 5354 Zausio
2543 5315 2667 5359 suo.
2722 5301 2903 5367 capite
2944 5302 3298 5369 plecteretur.
3339 5299 3575 5354 Venerat
3606 5299 3667 5352 in

2086 5402 2422 5464 potestatem
2490 5393 2631 5462 regis
2676 5393 2954 5447 Potocova
3017 5392 3228 5445 nefario
3296 5388 3669 5458 quorumdam

2084 5488 2387 5541 amicorum
2424 5501 2649 5540 suorum
2685 5493 2807 5540 astu
2838 5496 2892 5539 et
2944 5484 3173 5547 scelere,
3208 5483 3301 5552 qui
3331 5481 3513 5537 studio
3539 5496 3666 5550 gra-

2086 5579 2326 5633 lilicuudi
2379 5579 2641 5632 voluntati
2700 5577 2888 5647 regiae,
2936 5593 3029 5647 per
3056 5575 3267 5630 litteras
3299 5591 3328 5629 a
3387 5573 3663 5629 I’utocova

2081 5673 2379 5740 petierant,
2440 5672 2515 5726 uti
2552 5672 2617 5725 ad
2660 5687 2720 5725 se
2775 5669 3007 5735 veniret,
3045 5684 3285 5736 quocum
3318 5666 3557 5737 colloqui
3594 5676 3667 5721 de

2084 5766 2249 5819 rebus
2282 5764 2347 5818 ad
2374 5764 2671 5833 ipsntnmct
2722 5761 3124 5833 pertinentibus
3156 5770 3441 5828 cuperent.
3486 5758 3663 5814 Simul

2094 5857 2251 5912 ﬁdem
2290 5856 2505 5910 nomine
2536 5857 2694 5911 liberi
2734 5863 3070 5912 continuatus
3128 5854 3262 5924 regii
3295 5870 3358 5909 su
3402 5868 3452 5908 tu
3489 5852 3655 5907 inter—
