4018 6470
391 432 501 497 69)

1624 411 1961 476 JOANNIS
2002 410 2467 473 LEUNCLAVII

3557 395 3672 458 700

394 544 718 615 posuerant.
752 536 1077 590 Accesserat
1121 527 1208 581 vir
1243 527 1456 592 integer
1504 536 1569 578 ac
1607 523 1835 577 minime
1886 536 1976 575 su-
2013 524 2060 581 Α
2087 536 2182 575 eos
2210 518 2471 583 venisset,
2546 529 2667 586 qua:
2718 513 2773 613 in
2822 511 3059 566 medium
3096 509 3165 566 ab
3199 518 3427 578 utroque
3459 508 3674 577 profer-

397 635 693 705 spiciosus.
728 624 1076 685 Monebalur,
1134 620 1378 676 Cosacos
1408 616 1484 671 uti
1539 615 1839 675 desereret,
1870 621 1979 665 sta-

399 729 606 794 timque
629 735 811 792 regem
843 717 1021 772 adiret
1056 731 1072 768 :
1128 729 1290 783 quem
1328 721 1520 767 sancte
1582 708 1981 779 pollicebantur

400 819 536 876 nihil
566 819 619 872 in
646 829 768 871 eum
806 818 1143 869 statulurum
1176 807 1450 873 asperius.
1487 802 1620 857 Cutn
1672 801 1777 855 hoc
1817 797 1981 852 modo

399 914 697 980 deceptus,
756 904 823 959 ad
876 900 1097 955 comitia
1153 911 1213 953 se
1259 893 1580 950 Varsoviam
1633 891 1980 956 contulisset,

400 1003 765 1058 deliberatum
806 996 860 1050 in
891 1003 1085 1051 senatu
1135 989 1266 1061 quid
1300 989 1571 1058 agendum
1605 985 1710 1041 boc
1743 993 1892 1040 esset
1925 983 1980 1037 in

398 1089 640 1159 negotio.
672 1084 862 1140 Visum
886 1081 1080 1150 maiori
1104 1088 1422 1141 senatorum
1450 1077 1611 1145 parti,
1634 1089 1979 1145 nequaquam

400 1177 683 1234 hominem
732 1174 1135 1236 Christianum,
1168 1168 1401 1223 militem
1461 1166 1756 1232 Polonum,
1800 1166 1981 1220 virum

400 1272 642 1338 denique
701 1265 923 1330 fortem,
994 1263 1319 1332 quirobore
1365 1260 1616 1329 corporis
1673 1257 1982 1313 admirabili

401 1360 616 1416 cunctis
640 1359 694 1412 in
725 1372 791 1412 eo
827 1369 999 1424 regno
1056 1361 1368 1422 praestaret,
1403 1350 1642 1405 barbaro
1671 1358 1877 1403 certam
1914 1347 1983 1401 ad

403 1468 594 1509 necem
622 1449 989 1520 prodendum.
1035 1449 1105 1499 At
1150 1445 1434 1506 Zausium,
1461 1456 1625 1509 quam
1649 1437 1984 1495 commodis-

402 1545 562 1602 simis
598 1543 714 1599 fieri
740 1549 943 1612 posset,
961 1536 1305 1610 purgandum
1334 1534 1668 1589 rationibus.
1695 1530 1856 1587 Omni
1888 1532 1980 1585 de-

406 1634 574 1706 nique
600 1632 762 1687 modo
806 1629 1204 1686 consulendum
1243 1625 1418 1694 ipsius
1448 1623 1632 1685 saluti,
1695 1621 1788 1692 qui
1846 1619 1983 1675 salvi

404 1735 750 1784 commeatus
806 1723 942 1794 regii
979 1721 1255 1793 promisso
1289 1718 1485 1781 fretus,
1521 1713 1846 1769 Varsoviam
1888 1726 1983 1766 ve-

406 1822 527 1879 nire
556 1836 666 1875 non
727 1817 1054 1873 dubitasset.
1090 1811 1203 1866 Rex
1258 1810 1572 1878 Slcpltanlls
1601 1824 1630 1860 e
1658 1807 1880 1861 diverso
1910 1804 1987 1858 di-

407 1927 557 1976 cere,
596 1910 700 1965 sub
737 1908 844 1962 llde
873 1906 1097 1978 quidem
1131 1903 1345 1973 publica
1400 1900 1727 1953 Pulocoram
1761 1895 1992 1950 arcessi-
2024 1895 2066 1950 Β

406 2017 549 2070 tum,
616 2003 710 2059 sed
735 2002 895 2056 aliter
931 2013 1051 2054 eam
1080 1998 1263 2052 datam
1296 2010 1403 2048 non
1438 1990 1689 2059 intelligi,
1720 1989 1823 2045 nisi
1852 2003 1989 2059 qua-

406 2109 569 2155 tenus
588 2110 811 2152 causam
841 2107 995 2148 suam
1025 2090 1230 2161 justam
1259 2088 1460 2142 docere
1498 2084 1839 2154 probarcque
1868 2096 1991 2151 pos-

406 2199 511 2250 set.
553 2189 711 2245 Nunc
741 2202 870 2242 vero
916 2200 1044 2242 cum
1110 2192 1313 2254 pateat,
1351 2195 1478 2235 eum
1529 2188 1723 2234 contra
1765 2175 1992 2231 fmdcris

405 2290 567 2357 pacta
599 2291 867 2339 conventa
892 2279 1115 2345 fecisse,
1143 2278 1286 2347 quod
1323 2273 1708 2345 indignissime
1736 2272 1991 2327 sullanus

407 2376 647 2433 Murales
702 2373 843 2429 ferat
885 2390 901 2429 :
959 2388 1069 2428 non
1129 2384 1291 2439 posse
1327 2366 1676 2436 ftedifragum
1728 2363 1991 2435 pacisque

407 2469 645 2542 publica:
674 2467 996 2523 violatorem
1054 2464 1189 2518 salvi
1223 2471 1567 2516 commeatus
1600 2457 1735 2527 regii
1780 2455 1987 2510 beneﬁ-

409 2563 497 2618 clo
548 2561 680 2614 frui.
716 2559 946 2612 Auditus
979 2569 1104 2611 esse
1155 2554 1400 2609 minaces
1443 2549 1646 2606 sultani
1681 2549 1993 2604 'l‘urcorum

408 2652 642 2716 litteras,
667 2649 829 2718 cujus
852 2648 963 2701 iras
990 2647 1036 2699 si
1073 2645 1207 2699 tanti
1239 2659 1351 2697 non
1377 2642 1638 2707 facerent,
1670 2654 1734 2695 ac
1757 2638 1991 2696 Potoco-

408 2759 532 2799 vain
566 2741 749 2812 potius
797 2748 1074 2796 servatum
1106 2737 1324 2799 vellent,
1382 2749 1441 2788 se
1485 2732 1704 2804 quidem
1741 2732 1991 2802 ipsorum

410 2836 678 2892 voluntati
710 2850 818 2890 non
844 2836 1286 2894 adversaturum,
1318 2829 1563 2897 satisque
1597 2827 1872 2883 facturum
1909 2823 1971 2879 of
1982 2857 1995 2867 -

412 2931 538 2986 ﬁcio
571 2943 671 2984 suo
718 2939 910 2984 contra
943 2925 1170 2997 quosvis
1201 2924 1352 2994 regni
1392 2924 1577 2976 hostes
1605 2937 1619 2974 :
1656 2934 1882 2975 monere
1913 2927 1993 2973 la-

414 3037 539 3077 men
573 3038 639 3077 ne
660 3019 1180 3076 belloMoseovitico
1214 3015 1448 3070 necdum
1480 3012 1758 3075 conlecto,
1824 3025 1994 3065 novas

414 3124 618 3170 temere
638 3114 743 3169 sibi
784 3112 1137 3167 cumularent
1168 3107 1506 3161 inimicitias.
1558 3103 1671 3160 Hoc
1701 3104 1867 3159 modo
1906 3118 1995 3158 ce-

413 3206 673 3260 dentibus
704 3204 869 3274 regiae
895 3201 1181 3256 sententia:
1213 3199 1462 3262 Polonis,
1483 3209 1756 3268 sumptum
1791 3197 1858 3252 tle
1893 3196 1992 3251 Po-
2024 3237 2069 3298 Β

417 3307 610 3350 tocova
633 3293 962 3363 supplicium
1005 3292 1125 3346 fuit.
1168 3291 1483 3346 Secundum
1515 3291 1654 3353 haec,
1692 3303 1838 3343 anno
1885 3287 1996 3343 Ma-

418 3389 716 3444 humetano
744 3387 850 3443 990
878 3384 1029 3455 (Chr.
1056 3384 1242 3455 l585),
1272 3384 1496 3454 quidam
1524 3381 1857 3438 Podolovius
1889 3380 1995 3436 Po-

418 3483 579 3538 lonus
636 3482 764 3541 {hoc
800 3480 1025 3536 nomine
1056 3478 1539 3549 Constantinopoli
1581 3477 1991 3549 appellabatur,

418 3574 512 3630 alii
548 3573 892 3629 Polidovium
923 3576 1145 3632 vocanti
1173 3572 1345 3628 nobili
1371 3587 1573 3643 genere
1594 3570 1996 3635 natus,stabnli

420 3664 556 3736 regii
574 3664 865 3735 praefectus
885 3665 1182 3732 secundus,
1202 3681 1365 3737 quem
1393 3666 1552 3736 vulgo
1574 3663 1997 3735 subpraefeclum

420 3767 644 3822 vocant,
705 3758 910 3814 missus
964 3757 1064 3813 fuit
1116 3768 1269 3814 extra
1300 3758 1550 3814 ordinem
1578 3759 1790 3827 legatus
1820 3774 1849 3811 a
1884 3757 2002 3811 Ste-

424 3850 602 3921 phano
637 3866 764 3921 rege
813 3866 938 3906 cum
983 3851 1182 3908 litteris
1251 3852 1317 3905 ad
1370 3852 1650 3906 sultanum
1708 3850 1999 3915 Moralem,

420 3941 623 4013 quibus
654 3943 797 3998 inter
829 3943 934 3998 alia
953 3945 1262 4014 petebatur,
1300 3953 1361 3998 ul
1392 3944 1440 3998 ei
1474 3945 1615 4014 regis
1648 3945 1732 3997 sui
1780 3944 2003 3998 nomine

423 4037 610 4092 liceret
635 4052 810 4106 equos
838 4037 1047 4104 aliquot
1087 4051 1387 4105 generosos
1420 4036 1474 4090 in
1512 4036 1762 4090 Anatolia
1782 4051 2004 4106 compa-

423 4139 569 4186 rare,
602 4124 803 4192 quibus
839 4124 892 4177 in
931 4123 1211 4178 Poloniatn
1247 4125 1498 4180 deductis
1534 4141 1631 4195 pro
1665 4141 1724 4180 se
1759 4141 1850 4180 rex
1890 4134 2007 4180 ute-

425 4224 600 4268 retur.
627 4217 922 4283 ltnpetrato
950 4213 1177 4270 Muralis
1200 4230 1497 4277 consensu.
1529 4217 1587 4269 in
1619 4217 1804 4271 Asiam
1841 4219 2005 4287 proli-

425 4304 679 4368 ciscilur,
740 4314 795 4359 et
852 4306 1047 4374 viginti
1101 4318 1341 4376 quatuor
1410 4322 1584 4376 equos
1642 4308 1888 4377 insignes
1943 4325 2007 4364 ac

427 4398 587 4469 plane
621 4400 798 4471 regios
835 4402 987 4455 emit;
1015 4401 1151 4455 Cum
1202 4400 1286 4456 his
1317 4400 1370 4453 in
1401 4399 1677 4472 Eumpam
1708 4402 2004 4473 transiicit,

424 4491 651 4548 domum
693 4510 801 4547 non
843 4495 963 4548 sine
1014 4496 1167 4550 salvo
1215 4495 1409 4549 sultani
1435 4495 1664 4551 Muralis
1696 4493 2005 4551 commeatu

2085 621 2294 674 rentur,
2334 608 2509 663 audit.
2546 604 2707 661 Iubet
2734 598 2982 659 exhiberi
3035 603 3139 658 sibi
3187 611 3297 656 tam
3348 599 3670 664 Podolovio,

2084 719 2246 772 qttam
2270 701 2471 755 Zausio
2497 700 2650 754 datas
2677 712 2706 752 a
2730 698 2945 753 sultano
2975 695 3186 750 litteras
3215 714 3227 752 :
3260 695 3463 764 quibus
3486 695 3673 763 inspe-

2085 797 2209 860 clis,
2244 811 2364 849 cum
2397 793 2582 848 Zausii
2635 790 2951 846 mandatum
2982 789 3259 845 recentius
3290 803 3410 843 esse
3459 804 3671 857 cogno-
3694 845 3706 851 η

2084 890 2274 952 visset,
2333 889 2437 941 vim
2470 886 2674 956 prioris
2706 884 3041 954 exspirasse,
3082 883 3406 953 posterioris
3442 896 3677 934 exsecu-

2086 983 2291 1037 tionem
2336 981 2568 1049 requiri,
2607 977 2952 1047 pronuntiat.
3011 975 3259 1041 Coeptum
3293 988 3422 1043 ergo
3452 973 3617 1026 rediri
3658 989 3673 1025 :

2085 1089 2322 1144 cumque
2345 1074 2410 1126 de
2443 1074 2527 1127 via
2561 1071 2709 1141 regia
2763 1085 2886 1125 cum
2923 1068 3004 1123 eis
3040 1066 3279 1121 Zausius
3331 1064 3677 1126 delleelcret,

2088 1179 2344 1222 monetur
2392 1182 2421 1220 a
2470 1166 2649 1235 legato
2671 1164 2814 1218 viam
2853 1161 2929 1216 uti
2959 1160 3164 1229 regiam
3222 1168 3423 1212 teneat.
3471 1154 3682 1212 Ocela<

2090 1271 2201 1315 mat
2237 1261 2524 1324 barbarus,
2570 1258 2758 1326 ipsene
2795 1255 3017 1311 sultano
3074 1252 3550 1307 Musulmanurum
3614 1268 3683 1302 ac
3754 1254 3763 1267 '

2089 1354 2204 1409 sitis
2249 1354 2304 1407 in
2340 1367 2507 1424 regno
2541 1366 2642 1407 suo
2666 1348 3025 1420 prmscribere
3061 1346 3212 1414 leges
3236 1346 3420 1406 vellet,
3444 1359 3556 1413 quo
3586 1358 3682 1395 re-

2090 1446 2372 1500 ducendus
2406 1454 2549 1501 esset
2578 1442 2774 1497 itinere
2806 1441 2830 1495 ‘l
2858 1439 2952 1494 Sic
2980 1440 3150 1508 igitur
3182 1437 3320 1491 itum
3357 1436 3410 1488 in
3450 1434 3680 1496 silvam,

2094 1540 2185 1595 ubi
2223 1541 2288 1592 ad
2327 1548 2555 1592 mortem
2587 1549 2782 1604 parare
2812 1550 2870 1588 se
2901 1533 3162 1601 iubentur
3205 1544 3418 1594 omnes,
3448 1544 3514 1582 ex
3549 1542 3687 1581 Sen-

2097 1630 2265 1686 tentia
2301 1630 2537 1683 mandati
2575 1626 2861 1683 su’ltanini.
2906 1625 3075 1678 Erant
3105 1623 3152 1677 ei
3179 1623 3403 1693 triginta
3437 1633 3687 1689 quatuor

2097 1725 2307 1787 famuli,
2344 1724 2546 1794 quibus
2574 1722 2767 1777 ordine
2813 1719 3106 1773 trucidatis
3152 1718 3284 1785 (uno
3321 1725 3534 1769 tantum
3585 1732 3689 1767 ex-

2097 1827 2255 1892 cepto
2289 1832 2475 1886 puero,
2513 1816 2606 1886 qui
2635 1813 2865 1867 solerter
2898 1813 2951 1863 in
2985 1811 3175 1863 silvam
3213 1806 3531 1877 profugiens
3555 1822 3690 1857 cva-

2096 1912 2237 1966 sisse
2266 1908 2629 1979 perhibetur),
2663 1906 2862 1961 ultimo
2885 1903 3208 1965 Podolovio,
3239 1910 3358 1971 post
3389 1909 3691 1966 conceptas

2098 2005 2165 2059 ad
2193 2005 2360 2059 Deum
2399 2018 2614 2072 preces,
2665 2010 2829 2070 caput
2875 2008 3217 2067 amputatum
3251 2012 3278 2047 a
3316 1994 3519 2049 Zausio
3556 1992 3686 2046 fuit.

2097 2096 2207 2152 Res
2241 2111 2434 2151 omnes
2465 2093 2631 2165 379
2658 2093 2831 2165 ipsius
2854 2100 2909 2146 et
2952 2094 3213 2146 comitum
3272 2088 3505 2142 Zausins
3538 2087 3692 2141 Con-

2096 2188 2669 2259 slantinopolim,cum
2688 2185 2845 2255 equis
2867 2184 3056 2253 regiis,
3075 2182 3320 2237 deduxit.
3348 2180 3508 2249 Equi,
3529 2180 3687 2246 iussu

2098 2284 2348 2339 Muralis.
2382 2282 2577 2349 partim
2621 2278 2960 2336 snltaninurn
3001 2278 3054 2329 in
3107 2275 3371 2332 saraium.
3405 2274 3473 2328 ad
3512 2274 3691 2341 ipsius

2095 2374 2322 2428 llluratis
2351 2389 2500 2434 usus.
2522 2371 2723 2441 recepti
2749 2389 2761 2423 :
2787 2369 2984 2437 partim
3005 2368 3148 2422 inter
3170 2368 3361 2421 bassas
3380 2365 3685 2423 distributi.

2094 2466 2392 2536 digitisque
2429 2463 2695 2536 singulari
2728 2478 2849 2518 cum
2884 2460 3189 2532 ignominia
3232 2442 3498 2530 Stephani
3543 2457 3677 2527 regis

2097 2558 2306 2631 passim
2338 2557 2629 2612 monstrati
2663 2556 2906 2611 fuerunt.

2167 2651 2304 2708 Cum
2352 2651 2467 2705 haec
2519 2664 2611 2720 per
2657 2658 2975 2703 autumnum
3032 2646 3386 2705 accidissent,
3415 2648 3539 2700 anni
3589 2660 3675 2697 sc-

2097 2745 2316 2817 quentis
2351 2744 2451 2798 991
2492 2741 2661 2808 (Chr.
2715 2741 2887 2809 1584)
2943 2741 3099 2795 initio
3180 2741 3329 2794 venit
3377 2738 3673 2794 Crodnam.

2097 2854 2219 2910 qua:
2258 2839 2311 2893 in
2355 2835 2648 2891 Litlmania
2681 2835 2785 2890 sita
2819 2843 2923 2896 est,
2956 2834 3021 2889 ad
3061 2835 3401 2902 Stephanum
3454 2830 3688 2886 Polonia:
3724 2876 3727 2883 ς

2098 2946 2279 3003 regem
2306 2930 2508 2984 missus
2552 2944 2580 2982 a
2609 2928 2824 2983 sultano
2852 2927 3062 2981 Mnratc
3090 2926 3405 2994 Mustaphas
3434 2921 3687 2980 Zansius.

2098 3021 2190 3091 qui
2232 3020 2433 3074 caedem
2490 3018 2647 3086 legati
2705 3019 2840 3088 regii
2890 3017 3193 3083 Podolovii,
3250 3016 3319 3071 de
3370 3032 3475 3084 qua
3528 3016 3694 3069 modo

2098 3113 2326 3176 dictum,
2374 3119 2678 3166 excusaret.
2742 3112 2936 3166 Aiebat
2992 3110 3061 3177 is,
3126 3108 3273 3164 falso
3343 3119 3519 3162 tamen
3578 3124 3695 3160 rem

2100 3221 2392 3274 narrans,
2465 3206 2616 3260 illum
2667 3203 2839 3259 fuisse
2912 3212 3192 3260 necatum.
3258 3203 3410 3256 nullo
3491 3201 3698 3254 sultani

2101 3301 2326 3356 Muralis
2357 3298 2754 3357 interveniente
2776 3298 2960 3369 jussu,
3015 3313 3140 3352 cum
3169 3298 3517 3367 prazscriptns
3547 3296 3703 3362 loga-

2101 3393 2238 3449 lioni
2290 3393 2490 3448 limites
2530 3406 2802 3461 egressus,
2835 3390 3024 3461 copias
3071 3390 3333 3444 Turcieas
3388 3395 3703 3457 spectatum

2101 3486 2367 3551 venisset,
2406 3502 2526 3555 qua:
2555 3496 2667 3538 tum
2723 3484 2988 3554 temporis
3039 3492 3230 3538 contra
3286 3481 3481 3536 Persas
3512 3484 3706 3537 mitte-

2104 3580 2344 3634 bantur.
2394 3578 2553 3634 Nune
2629 3578 2698 3632 ab
2768 3592 2826 3631 se
2888 3578 3145 3631 mandato
3220 3575 3446 3630 Muralis
3501 3575 3705 3627 adduci

2105 3673 2269 3728 caedis
2304 3679 2594 3735 auctores,
2638 3669 2706 3725 de
2745 3669 2944 3736 quibus
2993 3686 3081 3722 rex
3132 3667 3443 3738 Stephanus
3489 3667 3713 3736 suppli-

2105 3764 2251 3817 cium
2302 3770 2559 3815 sumeret.
2597 3760 2734 3827 Quia
2770 3777 2894 3813 vero
2949 3759 3146 3815 Cosaki
3195 3774 3389 3814 recens
3439 3775 3703 3827 magnum

2108 3856 2308 3911 finibus
2327 3854 2575 3910 Turcicis
2597 3855 2853 3909 damnum
2889 3852 3221 3920 intulissent,
3245 3852 3487 3906 vicissim
3515 3864 3709 3921 petere.

2106 3948 2407 4013 Moralem,
2456 3955 2515 4002 ut
2553 3947 2729 4001 ablata
2787 3946 3227 4010 restituerentur,
3275 3954 3326 4000 et
3361 3945 3709 4000 Cosakorunt

2108 4040 2216 4095 dux
2249 4040 2314 4094 ad
2355 4055 2541 4095 necem
2578 4039 2681 4094 sibi
2723 4039 3035 4094 dederetur.
3064 4037 3300 4093 Venerat
3340 4040 3386 4093 is
3417 4038 3520 4091 hoc
3565 4046 3713 4089 tum-

2110 4147 2244 4203 pore
2311 4131 2586 4187 Grodnam
2622 4172 2636 4197 ,
2704 4133 2891 4186 eadem
2954 4131 3170 4185 illectus
3219 4130 3708 4185 fraudulentorum

2115 4225 2405 4279 verborum
2470 4240 2634 4290 esca,
2684 4239 2790 4295 qua
2844 4224 2995 4295 prius
3052 4225 3216 4279 etiam
3268 4225 3711 4277 circnmventunt

2113 4318 2283 4374 fuisse
2329 4318 2661 4374 Polncovam
2699 4318 2958 4373 diximus.
3008 4316 3099 4371 Vir
3139 4327 3256 4371 erat
3294 4317 3605 4377 bellicosus,
3653 4326 3716 4367 ct

2115 4408 2401 4463 Turcosiu
2435 4409 2633 4464 linibus
2670 4425 2823 4465 more
2857 4425 2957 4463 suo
3017 4418 3192 4473 semet
3242 4408 3563 4462 insolentius
3614 4423 3717 4475 ςυ-

2117 4510 2321 4565 rentes,
2387 4502 2676 4579 aliquoties
2727 4502 3025 4557 ceciderat.
3075 4502 3230 4556 llnnc
3283 4502 3384 4558 sibi
3446 4501 3715 4567 Murates,

427 4584 729 4642 rediturus.
767 4583 870 4640 Sed
898 4602 1022 4640 cum
1056 4586 1198 4641 forte
1225 4596 1336 4639 tum
1371 4588 1496 4641 novi
1523 4587 1855 4642 Cosacorutn
1897 4601 2000 4639 mo-

2119 4596 2239 4650 loco
2275 4596 2504 4649 tluorutn
2550 4595 2636 4648 vix
2691 4595 3070 4648 triobolarium
3107 4596 3471 4652 nebulonum.
3505 4593 3718 4659 quique

430 4683 518 4731 lus
548 4677 973 4733 etexcursionis
1003 4678 1227 4731 nuntius
1276 4680 1340 4732 ad
1383 4677 1597 4732 Portam
1633 4679 1893 4744 venisset,
1948 4678 2011 4730 il-

429 4767 537 4822 lico
564 4768 800 4824 Murates
836 4770 1094 4825 Zausium
1128 4771 1604 4839 Constantinopoli
1640 4771 1875 4840 ablegat,
1912 4772 2006 4840 qui

431 4859 788 4915 Podolovium
822 4875 1109 4917 assecutus
1137 4863 1189 4916 in
1229 4864 1443 4921 itinere.
1494 4878 1615 4917 cum
1655 4863 1772 4917 suis
1794 4863 2012 4933 jugula-

433 4963 538 5018 rct,
597 4962 651 5007 et
677 4970 847 5023 equos
877 4956 1074 5025 regios,
1115 4970 1239 5010 cum
1280 4955 1497 5011 caeteris
1528 4956 1688 5025 legati
1718 4955 2011 5009 comitum-

429 5059 540 5115 que
573 5046 757 5109 rebus,
798 5046 1331 5118 Constantinopolim
1360 5047 1667 5102 reduceret.
1713 5044 1878 5102 Venit
1922 5049 2009 5102 hic

433 5136 499 5190 ad
532 5136 888 5193 Podolorium
943 5153 1049 5192 non
1084 5140 1270 5209 procul
1304 5138 1723 5206 llatlrianopoli,
1781 5140 2007 5193 manda-

432 5238 661 5299 tumque
693 5229 800 5284 sibi
842 5238 1029 5284 narral
1069 5245 1099 5283 a
1156 5230 1479 5300 prapotenti
1514 5228 1732 5283 sultano
1762 5244 1886 5292 suo,
1926 5230 2011 5283 lit-

434 5319 566 5378 teris
593 5321 755 5374 eliam
788 5320 1036 5388 prolatis,
1067 5329 1125 5374 ut
1155 5336 1279 5375 eum
1299 5336 1423 5375 cum
1454 5318 1609 5388 equis
1638 5329 1688 5373 et
1716 5319 2011 5375 comitibus

432 5411 973 5484 Constantinopolim
1000 5415 1313 5469 reduceret.
1348 5413 1523 5482 Negat
1548 5414 1600 5467 id
1638 5429 1698 5467 se
1732 5413 2010 5468 facturum

432 5502 790 5572 Polodovius,
833 5507 1155 5575 litterasque
1190 5506 1324 5560 salvi
1364 5516 1708 5561 commeatus
1741 5508 2005 5561 ostendit.
2044 5518 2049 5521 '

436 5592 546 5650 Nec
570 5596 689 5661 has,
719 5615 821 5652 nec
853 5598 1012 5669 legati
1046 5613 1361 5668 persenam,
1400 5606 1590 5651 contra
1614 5597 1707 5667 jus
1766 5600 2011 5668 gentium

434 5686 627 5742 violari
656 5691 877 5754 debere,
912 5693 1214 5760 pra-sertim
1243 5706 1271 5746 a
1307 5689 1836 5758 eonfoederalis,ail.
1872 5692 2013 5747 Zan-

435 5782 552 5835 sius
581 5780 648 5835 ad
682 5784 916 5851 proximi
943 5785 1083 5838 ca.lii
1119 5784 1458 5853 sivejudicis
1481 5786 1849 5855 cognTtionem
1894 5803 2018 5852 pro-

440 5882 621 5943 vocat,
656 5874 748 5945 qui
775 5890 807 5930 c
834 5874 955 5933 loco
982 5877 1220 5935 maxime
1248 5877 1430 5935 vicino
1456 5879 1779 5947 arcessitus,
1807 5896 1926 5935 cum
1949 5880 2013 5935 ad
2056 5926 2065 5930 _

2125 4688 2373 4743 fortassis
2405 4687 2547 4740 aliud
2581 4687 2650 4741 ob
2686 4686 3012 4739 mait‘ilt'llllll
3045 4688 3239 4756 capitis
3285 4685 3544 4755 anqu‘siti
3591 4683 3714 4740 fuc~

2125 4788 2269 4843 rant,
2319 4780 2457 4833 mitti
2503 4781 2742 4833 volebat.
2808 4779 3284 4833 intercedentibus
3339 4781 3479 4848 apud
3523 4797 3713 4847 regem

2125 4885 2223 4939 pro
2251 4870 2369 4935 ejus
2412 4869 2790 4924 incolumitate
2830 4869 3120 4937 pra‘eipuis
3161 4871 3307 4939 regni
3360 4870 3716 4938 proceribus,

2126 4979 2232 5017 non
2260 4962 2349 5016 ille
2377 4962 2594 5035 quidem
2646 4964 2826 5016 'I‘urco
2869 4964 3104 5028 deditus,
3159 4964 3253 5017 sed
3303 4973 3482 5017 tamen
3532 4963 3721 5017 inccr-

2126 5062 2238 5108 tum
2271 5070 2378 5122 quo
2401 5055 2739 5124 deportntus,
2782 5070 3051 5125 nusquam
3081 5071 3145 5109 ex
3204 5071 3267 5107 co
3301 5064 3547 5124 tempore
3577 5072 3719 5110 con-

2125 5155 2346 5217 spectus
2395 5147 2515 5201 fuit.
2591 5146 2813 5201 Solebat
2881 5165 3103 5201 narrare
3170 5149 3719 5217 Constantinopolittt

2126 5254 2379 5293 reversus
2436 5238 2536 5291 iste
2595 5236 2912 5307 Mustaphas
2984 5238 3256 5299 Zausius,
3319 5243 3417 5310 qui
3477 5257 3582 5294 non
3641 5260 3715 5297 ex

2131 5329 2426 5399 primariis,
2464 5330 2558 5385 sed
2599 5330 2717 5383 vilis
2750 5330 2895 5383 inter
2947 5348 3080 5385 suos
3125 5342 3267 5393 erat,
3323 5350 3382 5387 se
3425 5350 3451 5384 a
3499 5335 3719 5403 princi-

2132 5422 2220 5493 pio
2254 5421 2627 5490 conspicatum
2664 5423 2933 5478 terribiles
2966 5440 3030 5478 ac
3080 5424 3324 5477 minacvs
3374 5424 3718 5479 l‘olnnorum

2131 5510 2342 5575 oculos,
2372 5511 2439 5563 ob
2474 5510 2749 5580 indignam
2779 5522 2831 5565 et
2862 5525 3049 5566 t-(mtra
3078 5513 3167 5579 ius
3202 5517 3444 5583 gentium
3505 5516 3722 5571 admis-

2132 5617 2251 5658 sam
2288 5603 2445 5673 legali
2485 5604 2614 5671 regii
2649 5608 2847 5658 culum
2905 5607 3143 5674 graviter
3187 5609 3559 5670 frementium,
3605 5627 3720 5665 non

2138 5696 2339 5766 exiguo
2374 5695 2476 5751 sibi
2519 5696 2694 5749 visum
2734 5697 2785 5749 in
2807 5698 3048 5766 periculo
3079 5700 3303 5753 versari.
3336 5698 3533 5753 Verum
3564 5704 3720 5763 quod

2142 5797 2302 5844 anlca
2335 5789 2664 5843 Potocovatn
2706 5790 2772 5843 tle
2808 5790 3008 5855 medio,
3045 5807 3152 5859 prae
3200 5790 3492 5845 formidine
3510 5793 3720 5848 sultani

2130 5881 2240 5948 sui,
2275 5881 2551 5936 sublatum
2588 5880 2959 5938 meminisset:
3023 5885 3205 5939 animo
3256 5901 3481 5955 prmsas
3546 5887 3723 5953 oblih
