4018 6420
307 363 411 433 701

1420 322 1803 429 sumtum.
1850 368 2125 428 ANNAL.
2181 346 2488 429 TUttc'tc.

3478 376 3585 438 ae

309 491 494 546 mato,
543 488 652 534 tam
711 478 1006 543 audacter.
1060 480 1225 535 minis
1270 482 1431 537 etiam
1482 484 1816 553 iuterjectis,
1852 493 1911 538 ιιι
1939 487 1984 547 Α
2015 485 2303 547 cubiculis,
2339 496 2601 538 consueta
2641 499 2865 539 munera
2892 485 3105 540 sultano
3128 484 3343 552 Murati,
3380 488 3583 542 Musul-

309 573 580 629 voluntati
620 571 883 643 principis
917 572 1002 628 sui
1050 574 1360 639 satisﬁeret,
1399 576 1643 631 u-rsisse:
1678 578 1892 631 tandem

314 679 372 720 ιιι
402 666 585 720 omnis
612 668 661 719 ei
683 665 1019 721 Cosakorum
1040 668 1222 737 praeda
1249 684 1372 722 cum
1410 668 1659 738 captivis.
1691 669 1895 738 absque

312 760 636 830 cujusquam
670 757 1083 827 impedimento,
1117 759 1516 826 restitueretur,
1548 775 1708 831 quam
1760 776 1896 828 pene

320 848 811 917 trituuphabundns
874 850 942 903 ad
999 849 1284 904 sultanum
1346 865 1507 906 suum
1568 840 1893 907 Constanti-

266 984 271 987 .
319 962 387 1000 no
400 946 557 1007 politn
591 945 799 999 attulit.

383 1038 500 1091 Jam
523 1037 589 1091 de
613 1037 820 1092 nostris
844 1038 1012 1092 etiam
1043 1037 1206 1092 rebus
1241 1047 1299 1091 ut
1322 1037 1527 1107 aliquid
1550 1036 1894 1101 itttersera'n,

311 1138 436 1182 ante
466 1129 743 1182 biennium
777 1145 896 1194 sex,
920 1131 1039 1198 plus
1063 1129 1332 1193 minusve,
1361 1129 1668 1183 Turcnrum
1703 1131 1894 1196 millia,

307 1218 448 1273 duce
473 1219 728 1287 sangiaeo
769 1218 1143 1284 Solnoccensi,
1174 1219 1266 1289 qui
1317 1220 1573 1288 deinceps
1598 1220 1898 1274 Sasuaren-

313 1312 393 1367 sis
428 1311 543 1366 sive
569 1310 866 1382 Zigetanus
889 1313 1046 1366 bassa
1068 1312 1383 1367 nominatus
1422 1312 1546 1375 fuit,
1595 1313 1791 1382 prsedm
1820 1313 1898 1367 fa—

309 1403 527 1457 ciundae
552 1418 718 1458 causa
758 1403 1011 1467 collecta,
1046 1404 1325 1459 celeritate
1372 1404 1605 1472 quadam
1647 1404 1897 1472 inexspe-

313 1504 461 1549 ctata
513 1495 788 1565 regionem
818 1494 1191 1565 Ccpisiensem
1222 1496 1537 1550 invaserant
1563 1512 1577 1549 :
1603 1493 1895 1557 Ouodium,

303 1587 453 1655 quod
491 1586 559 1642 iis
597 1587 650 1640 in
704 1587 839 1641 locis
889 1586 1211 1655 oppidulum
1243 1600 1352 1650 est,
1404 1588 1677 1655 direptum
1714 1588 1897 1642 incru-

305 1680 537 1733 tlerant:
565 1680 731 1733 multa
750 1679 1183 1734 Christianorum
1210 1680 1386 1747 capita
1410 1694 1532 1732 cum
1564 1679 1897 1748 amplissima

307 1769 494 1838 prmda
527 1785 713 1823 secum
745 1770 1110 1831 abdttxerant.
1145 1770 1281 1835 Quia
1316 1785 1445 1823 vero
1484 1769 1717 1824 reditum
1765 1771 1899 1823 isto-

1999 593 2283 631 manorum
2338 577 2673 646 imperatori,
2729 577 3261 648 Constantinopolim
3330 581 3579 642 laturus.

2002 669 2206 724 Vienna
2235 670 2479 739 quinque
2510 669 2740 724 navibus
2768 669 3005 727 secundo
3025 669 3278 724 Danubio
3304 671 3580 733 discessit,

2003 764 2324 833 Budamque
2374 762 2608 818 feliciter
2652 765 2846 833 quinto
2880 764 2965 817 die
2998 764 3203 818 mensis
3247 763 3581 832 Septembris

2000 857 2208 926 appulit
2253 873 2266 908 :
2320 872 2383 911 ac
2439 858 2847 926 perhumaniter
2897 868 3179 924 exceptu=,
3231 838 3443 923 negotia
3475 857 3579 909 sibi

1999 949 2325 1004 demandata
2354 965 2477 1004 cum
2528 947 2728 1002 Siuaue
2751 950 2909 1003 bassa
2939 948 3193 1009 Budensi,
3217 948 3382 1018 380
3408 949 3580 1017 patria

2000 1041 2338 1101 Florentino.
2377 1040 2504 1094 licet
2530 1040 2620 1093 alii
2654 1039 3113 1093 Mediolancnscm
3160 1053 3223 1094 ex
3276 1037 3579 1093 Vicecomi-
3614 1100 3619 1103 τ

1998 1146 2112 1189 tum
2146 1134 2345 1188 familia
2368 1134 2732 1203 perhibcrcnt,
2761 1149 2824 1186 cx
2852 1132 3016 1185 animi
3043 1131 3310 1187 sententia
3357 1130 3578 1199 peregit.

1998 1226 2079 1281 Ibi
2109 1226 2405 1296 postridie,
2438 1241 2598 1293 quam
2639 1228 2967 1292 advenisset,
2995 1226 3088 1293 qui
3127 1223 3230 1278 fuit
3257 1235 3441 1278 sextus
3468 1224 3581 1275 dies

2003 1318 2358 1395 Septembris,
2396 1334 2518 1374 eum
2580 1318 2945 1371 deduceretur
2970 1317 3033 1371 ad
3070 1321 3307 1378 bassam,
3342 1317 3581 1369 insolens

1999 1413 2047 1464 ei
2085 1412 2489 1480 barbarutnque
2521 1410 2895 1479 spectaculum
2930 1410 3235 1463 exbibitum
3286 1408 3408 1461 fuit.

2074 1506 2311 1559 Primum
2363 1521 2560 1574 magno
2613 1504 2793 1573 populi
2869 1517 3168 1563 concursu,
3235 1511 3340 1555 tres
3395 1498 3581 1552 ltabitu

2002 1598 2238 1653 'l‘urcico
2306 1598 2690 1667 praecedebant
2774 1595 3034 1666 Zingani,
3089 1609 3229 1662 quos
3298 1592 3585 1661 Aigyptios

2005 1689 2291 1755 nonnulli,
2364 1689 2574 1741 Arabes
2645 1687 2738 1741 alii
2793 1695 3010 1742 vocant.
3094 1685 3296 1738 ilnrutn
3370 1684 3580 1736 medius

2004 1782 2351 1847 testudinem,
2416 1781 2633 1834 usitatis
2685 1781 2970 1847 majorem,
3043 1777 3339 1846 pulsabat:
3384 1773 3579 1840 reliqui

305 1879 428 1916 rum
468 1863 637 1917 nostri
671 1863 735 1916 ad
783 1863 1027 1932 Agriam,
1060 1878 1223 1925 quam
1280 1864 1458 1917 Erlam
1491 1864 1646 1931 vulgo
1680 1870 1893 1928 vocant,

2022 1876 2114 1929 luo
2166 1875 2381 1930 duabus
2436 1872 2690 1935 fidiculis,
2733 1873 3028 1926 admodum
3084 1871 3350 1931 stridulis,
3389 1867 3586 1936 strepi-

307 1953 798 2022 pra‘smlabautur,
849 1954 939 2006 tibi
1010 1956 1245 2023 primum
1280 1952 1444 2007 Τιιῑτί
1519 1955 1891 2019 advenissent,

303 2046 560 2100 dimicari
625 2058 890 2117 emptum,
947 2047 1074 2101 licet
1128 2047 1204 2101 illi
1277 2063 1508 2101 numero
1584 2050 1896 2116 superiores

306 2139 515 2194 nostris
549 2148 755 2194 essent.
808 2136 911 2192 Sed
963 2156 1086 2194 cum
1144 2140 1348 2194 nostris
1378 2141 1581 2194 ausilia
1620 2140 1892 2214 destinata

311 2233 801 2298 subtttitteretttur,
868 2249 991 2302 qua:
1039 2231 1382 2302 Uttgarorttttt
1437 2243 1587 2287 era.l
1642 2236 1890 2303 equitum

317 2323 388 2377 ad
417 2324 526 2377 duo
554 2325 758 2378 millia:
807 2324 991 2379 denuo
1037 2336 1337 2394 pugnatu-n
1395 2326 1616 2387 acriter,
1667 2341 1894 2380 numero

319 2412 536 2476 Turcis,
570 2414 766 2469 virtute
800 2414 1005 2469 nostris
1055 2414 1370 2470 lideutibus.
1401 2414 1520 2469 Jam
1553 2431 1753 2485 aaecps
1779 2425 1895 2469 erat

320 2505 567 2569 victoria,
611 2521 733 2561 cum
770 2507 983 2577 equites
1037 2506 1294 2561 Germani
1329 2508 1643 2582 sclopetarii
1674 2517 1891 2561 centum

313 2598 710 2667 quinquaginta
742 2600 1218 2666 supervenientes,
1272 2600 1485 2657 nostris
1536 2615 1656 2653 cant
1716 2600 1893 2653 vindi-

312 2699 532 2759 carunt.
556 2689 691 2744 Nam
730 2706 758 2745 a
797 2691 969 2747 latere
1015 2689 1321 2746 Turcorum
1369 2691 1422 2745 in
1481 2692 1652 2747 aciem
1690 2693 1894 2745 irrum-

310 2792 526 2859 pontes.
559 2782 816 2851 displosis
841 2782 1097 2853 sclopetis
1142 2798 1260 2838 eam
1288 2783 1471 2837 subito
1507 2783 1790 2838 solverunt
1831 2797 1894 2836 ac

314 2869 629 2924 turbarunt.
706 2871 967 2928 Hostibus
1026 2873 1079 2927 in
1128 2871 1310 2941 fugam
1347 2873 1652 2943 conjectis,
1703 2874 1892 2943 plures

314 2978 508 3016 eorum
564 2965 714 3030 exesi,
770 2979 870 3018 nec
935 2965 1221 3034 pauciores
1278 2964 1466 3034 capti:
1520 2966 1698 3035 praeda
1769 2980 1894 3020 cum

320 3057 611 3127 mancipiis
667 3057 995 3114 Christianis
1028 3067 1367 3129 recuperata.
1425 3058 1605 3115 C'edis
1666 3060 1893 3128 hujusce

317 3147 624 3204 Turcoruut
678 3148 870 3205 nuntio
901 3148 1418 3218 Constantinopolin
1454 3151 1638 3212 allato,
1667 3150 1895 3204 miritice

315 3240 633 3311 perturbari
678 3240 983 3296 Turcorum
1051 3241 1264 3311 animi.
1323 3238 1492 3295 Sinan
1569 3242 1895 3311 bassa,qui

321 3343 437 3389 tum
490 3334 857 3389 vezirazemes
906 3320 1044 3398 erat,
1095 3334 1353 3399 fremere,
1414 3334 1618 3398 furere,
1671 3336 1907 3387 maxiute

325 3426 591 3481 terribilia
642 3427 878 3481 minari.
935 3425 1043 3482 Sed
1100 3426 1364 3496 postridie
1408 3427 1553 3482 illius
1598 3425 1737 3489 diei,
1799 3441 1908 3494 quo

330 3517 572 3588 primum
632 3519 878 3573 nuntium
928 3528 1285 3587 acceperant,
1343 3519 1565 3588 quidam
1615 3517 1907 3586 saugiacus

328 3626 399 3666 ex
439 3609 677 3680 Ungaria
707 3613 934 3668 veniens
968 3614 1035 3667 ad
1065 3612 1255 3668 bassas
1288 3612 1498 3667 vezires
1531 3611 1819 3668 deductus.
1854 3622 1908 3665 et

330 3703 403 3769 ab
429 3703 509 3760 eis
537 3704 605 3759 de
635 3719 711 3769 re,
744 3719 984 3774 quonam
1037 3708 1200 3761 modo
1245 3716 1399 3774 gesta
1431 3703 1647 3763 fuissm.
1677 3704 1910 3757 interro-

327 3804 529 3866 gatus,
573 3799 851 3867 respondit
880 3813 1010 3852 suos
1044 3798 1189 3853 nulla
1226 3796 1508 3852 lacessitos
1565 3797 1763 3865 injuria
1829 3813 1911 3851 rc-

329 3888 549 3957 gionem
633 3888 980 3956 imperatoris
1017 3888 1321 3943 Christiani
1354 3898 1562 3944 temere
1614 3888 1907 3953 invasisse,

336 3981 605 4050 mancipia
673 3979 983 4038 Christiana
1064 3982 1414 4052 prmdamque
1466 3982 1758 4036 maximam
1812 3983 1911 4037 ab-

335 4075 595 4130 duxisse:
634 4091 740 4145 qua
773 4076 994 4145 quidem
1043 4077 1248 4140 onusti,
1301 4077 1432 4130 dum
1484 4092 1616 4131 suos
1660 4075 1727 4129 ad
1777 4078 1912 4131 lines

334 4166 555 4237 ti‘tttttttttt
617 4178 1011 4237 properarent,
1077 4168 1132 4223 in
1207 4168 1423 4225 bosdco
1486 4169 1614 4223 caesi
1681 4167 1911 4223 fuerint.

332 4259 431 4314 llis
468 4260 778 4326 intellectis,
827 4269 883 4315 et
926 4262 977 4315 in
1013 4260 1130 4317 dies
1183 4263 1252 4316 ab
1285 4264 1411 4317 aliis
1440 4277 1660 4333 quoque
1707 4266 1912 4317 contir-

335 4352 524 4418 tnatis,
572 4353 667 4407 ira:
694 4354 943 4414 nonnihil
985 4354 1175 4422 sopita:
1212 4352 1470 4409 fuerunt:
1496 4356 1915 4425 pr.esertimque

332 4447 636 4513 C'tgitttlum
681 4445 748 4500 de
800 4447 1131 4503 renovandis
1173 4455 1227 4500 et
1279 4445 1636 4516 prorugandEs
1685 4446 1915 4500 ulterius

2003 1981 2115 2021 tum
2146 1966 2445 2030 faciebant,
2496 1977 2549 2021 et
2572 1980 2707 2020 voce
2743 1966 2977 2020 barbara
3028 1964 3368 2020 sultanorum
3400 1965 3587 2013 (isma-

1998 2060 2251 2113 nidarum
2324 2075 2408 2113 res
2465 2057 2978 2127 gestas,omuibus
3037 2057 3103 2110 a-l
3195 2057 3338 2110 hunc
3412 2070 3587 2121 usque

1997 2151 2261 2206 Muratem
2296 2150 2489 2203 ordine
2523 2149 2832 2214 recensitis,
2862 2147 3204 2202 accinobant.

2069 2244 2179 2296 llos
2205 2242 2575 2311 sequebantur
2596 2250 2704 2293 tres
2731 2240 3045 2308 lymphatici
3074 2238 3281 2292 robusti
3309 2237 3581 2296 homines.

1997 2334 2194 2404 calig’s
2255 2342 2465 2387 tantum
2528 2330 2727 2390 indttti.
2786 2339 2982 2384 ca‘lcra
3042 2328 3195 2391 nudi,
3272 2327 3377 2381 nisi
3440 2327 3581 2392 quod

1997 2427 2189 2493 capitis
2218 2431 2401 2478 vertex
2435 2438 2600 2485 parvo
2631 2422 2828 2491 pileolo
2886 2422 3069 2482 rubro,
3100 2429 3151 2473 et
3184 2418 3395 2472 humeri
3449 2416 3580 2470 nudi

1999 2514 2386 2583 superiniecta,
2440 2511 2619 2581 deque
2662 2510 2805 2565 collo
2854 2509 3121 2577 pendente
3157 2506 3291 2574 pelle
3350 2503 3583 2573 tigridis,

2004 2608 2433 2662 cxoruabantur.
2461 2604 2524 2658 lli
2557 2584 2623 2659 ad
2646 2610 2978 2658 concentum
3013 2598 3382 2668 Zingauorum
3410 2597 3584 2661 lt‘iptt-

1996 2707 2239 2769 diabant,
2338 2712 2590 2757 tenentes
2690 2699 2891 2769 singuli
2953 2697 3212 2752 vexillum
3285 2693 3581 2747 Turcieum

1998 2802 2149 2856 rubri
2180 2799 2403 2859 coloris,
2434 2796 2590 2865 cujus
2617 2793 2811 2847 hastile
2848 2791 2991 2845 intra
3022 2798 3196 2844 cutem
3234 2797 3282 2839 et
3308 2785 3580 2837 abzlnmou

1998 2892 2225 2955 ventris,
2271 2898 2559 2944 emanaute
2617 2886 2792 2940 multo
2827 2886 3114 2951 sangu’ne,
3150 2880 3385 2932 datiuum
3444 2885 3582 2929 crat.

2068 2983 2180 3040 llos
2253 2981 2364 3036 duo
2415 2979 2571 3049 pueri
2625 2977 3035 3047 sequeban'ur,
3090 2972 3183 3040 qui
3212 2969 3320 3023 cnti
3385 2966 3584 3022 frontis

1998 3074 2282 3146 perforata:
2305 3086 2510 3142 pennas
2540 3069 2690 3139 gruis
2718 3069 2949 3122 insertas
2985 3065 3249 3118 ferebant.

2072 3163 2383 3220 Secundum
2425 3176 2627 3230 pueros
2681 3157 3011 3213 incedebant
3044 3165 3283 3226 quatuor
3327 3154 3573 3208 virorum

2009 3259 2185 3331 paria,
2215 3254 2615 3329 pet-vulneratis
2644 3251 2929 3306 lateribus.

2080 3349 2247 3406 Primi
2299 3348 2408 3401 duo
2459 3346 2643 3399 clavas
2740 3341 2965 3404 ferreas,
3036 3356 3175 3408 quas
3253 3336 3585 3407 pusdigauos

2011 3441 2239 3506 dicunt;
2293 3438 2524 3508 proximi
2570 3438 2676 3489 duo
2712 3433 2889 3489 nudos
2945 3447 3223 3493 aetnaces,
3277 3446 3373 3501 per
3407 3437 3587 3484 cutem

2009 3533 2324 3592 translixos,
2361 3530 2667 3600 gestabant.

2081 3626 2294 3679 liursus
2350 3623 2439 3677 alii
2496 3622 2605 3677 duo
2645 3621 3038 3690 sequebantur,
3115 3633 3351 3688 quorum
3449 3632 3591 3670 unus

2011 3717 2246 3774 securim
2286 3714 2570 3768 militaer
2601 3711 2934 3777 Ungaricam
2967 3712 3315 3779 (schacauunt
3346 3707 3588 3772 vocant),

2013 3810 2149 3863 alter
2203 3808 2497 3876 oblongum
2550 3804 2799 3859 Genizari
2861 3803 3162 3871 sclupetum
3213 3801 3412 3871 apertis
3459 3801 3594 3853 late-

2014 3902 2191 3964 ribus,
2228 3901 2278 3953 in
2314 3898 2577 3953 transfixo
2608 3913 2834 3965 corpore
2870 3896 3138 3964 portabat.

2092 3993 2295 4049 Uitimo
2335 3991 2604 4047 loc0.viri
2652 3992 2759 4043 duo
2804 3988 3016 4043 robusti
3052 3985 3426 4054 spectaculum
3483 3983 3586 4034 huc

2016 4087 2363 4146 claudebant,
2416 4084 2507 4159 qui
2548 4093 2790 4152 tempora
2830 4081 3016 4145 rvctis,
3052 4080 3176 4133 latis
3229 4089 3279 4129 et
3342 4077 3627 4139 oblongis.

2016 4176 2265 4242 ensibus,
2288 4192 2425 4247 quos
2454 4176 2658 4246 Ungari
2683 4174 2923 4244 palastos
2950 4181 3164 4232 vocant,
3193 4170 3594 4224 trattsﬁxcrant.

2020 4273 2224 4327 "orum
2247 4269 2469 4337 capulos
2494 4268 2746 4321 manibus
2770 4267 3040 4321 tt‘tteltattl.
3067 4268 3121 4317 ιιι
3144 4265 3353 4318 cnsiuut
3377 4257 3601 4324 cuspide

2021 4378 2239 4433 pentum
2271 4371 2390 4415 erat
2418 4359 2666 4423 allixum,
2710 4366 2763 4411 et
2796 4372 2953 4425 pomo
2982 4371 3155 4422 penu-t
3191 4355 3340 4424 gruis
3372 4355 3595 4406 inserta.

2090 4452 2339 4509 Uuiversi
2380 4452 2519 4506 rasis
2564 4449 2828 4505 novacula
2872 4447 3063 4516 capitis
3115 4455 3167 4499 ct
3216 4448 3397 4499 barba!
3449 4446 3596 4512 pilis.

337 4554 461 4592 cum
496 4539 827 4607 imperatore
849 4538 1287 4596 Christianorum
1316 4539 1571 4603 induciis,
1608 4554 1728 4607 qum
1771 4554 1914 4592 anno
1950 4567 1993 4623 ο
2022 4554 2250 4613 excepto
2296 4530 2556 4607 mnsiace,
2615 4540 2802 4609 caligis
2856 4548 3063 4592 tantum
3125 4536 3466 4603 largioribus,
3506 4535 3599 4600 qui

339 4631 624 4702 990(Cbr.
676 4631 838 4702 1585)
894 4632 1254 4701 eXSpiratut-ae
1304 4640 1536 4685 essent:
1600 4646 1916 4700 quanquam

335 4726 460 4791 illas
492 4725 855 4789 impediturus
909 4725 1189 4780 videretur
1217 4723 1389 4779 Sinan
1429 4724 1807 4788 vizirazemes,
1867 4724 1919 4776 ni

342 4818 520 4874 masul
553 4818 730 4873 laetus
776 4817 986 4881 fuisset,
1026 4828 1077 4872 ut
1104 4834 1270 4889 supra
1320 4818 1896 4873 commemoravimus.

2026 4639 2329 4693 Turcorum
2386 4650 2479 4703 per
2546 4643 2786 4688 aesmt-m
2848 4646 2969 4685 tuos
3008 4638 3109 4687 est.
3163 4628 3379 4683 induti;
3435 4642 3599 4693 supra

2023 4728 2302 4797 cingulum
2371 4726 2529 4794 plane
2558 4724 2685 4777 nudi
2736 4731 2910 4788 erant,
2954 4720 3054 4774 nisi
3093 4719 3235 4787 quod
3281 4718 3331 4770 itt
3384 4716 3603 4779 vertice,

2027 4815 2173 4869 sicut
2198 4826 2249 4869 et
2289 4824 2448 4869 antea
2482 4814 2744 4877 diximus,
2783 4814 3007 4865 rubrum
3047 4809 3410 4876 strictumque
3441 4807 3611 4875 pileo-

413 4909 573 4960 Auno
627 4908 791 4977 igitur
823 4907 920 4962 99!
976 4907 1131 4976 (Chr.
1190 4907 1354 4975 1584)
1386 4916 1573 4961 secuta
1628 4905 1730 4959 fttit
1785 4915 1925 4959 mter

343 5000 692 5069 [iululphum
769 4999 854 5066 ll,
926 5000 1301 5055 Christianum
1360 5001 1793 5067 imperatorem,
1867 5008 1921 5050 et

345 5092 614 5146 lluratem
656 5092 747 5159 lii,
785 5093 1176 5162 imperatorem
1228 5094 1731 5154 Musulmauorum,
1763 5090 1926 5145 indu-

347 5184 561 5239 ciarunt
593 5188 907 5256 prorogatio
949 5205 964 5241 :
1000 5204 1125 5258 qua:
1166 5185 1392 5241 Kalend.
1426 5184 1726 5247 Ianuariis,
1781 5199 1929 5239 anno

346 5278 663 5333 Christiano
700 5279 856 5343 1584,
912 5280 1005 5348 qui
1042 5278 1456 5332 Maltumetattus
1499 5288 1584 5332 est
1615 5277 1741 5342 99!,
1796 5276 1931 5331 inci-

349 5379 565 5440 perent,
592 5372 651 5427 et'
676 5388 880 5426 nouum
909 5373 974 5425 ad
1009 5388 1214 5427 annum
1252 5386 1425 5440 usque
1456 5372 1741 5425 durarent.

424 5462 537 5520 lloc
564 5467 742 5534 primo
774 5478 1187 5537 prorogatarum
1248 5466 1590 5518 iudnciarum
1624 5478 1786 5524 anno,
1836 5463 1936 5517 sub

354 5558 522 5611 finem
555 5557 762 5613 mensis
789 5559 1043 5629 Augusti,
1090 5557 1364 5626 Rudolplti
1404 5556 1443 5610 ll
1488 5556 1721 5611 Romani
1762 5556 1937 5622 impc-

356 5651 554 5707 ratoris
577 5652 739 5721 jussu
774 5653 857 5704 vir
914 5652 1142 5706 illustris
1172 5660 1227 5703 et
1279 5664 1601 5718 generosus,
1664 5647 1936 5701 llenricus

355 5739 496 5797 Baro
525 5744 594 5797 de
634 5744 1032 5809 Licbtenstain,
1081 5744 1147 5798 tle
1182 5742 1523 5812 Nicolspurg,
1598 5739 1937 5795 ςιτιοεηὶεδίειεί

358 5834 624 5918 principis
679 5836 933 5902 Matthiae,
988 5837 1298 5892 at't‘lti-JUciS
1332 5837 1588 5895 Anslt'itt‘,
1628 5835 1836 5904 primu:
1900 5845 1929 5885 a

2027 4907 2161 4972 lttut,
2182 4922 2341 4977 quem
2368 4906 2566 4961 takiam
2595 4906 2669 4976 (ni
2702 4905 2880 4974 fallor)
2907 4904 3203 4973 appellant,
3236 4913 3286 4956 et
3315 4900 3611 4972 pendentes

2028 5002 2097 5055 de
2115 4999 2255 5053 collo
2272 5014 2368 5068 per
2392 4999 2651 5052 humeros
2674 4995 2932 5063 tigridum
2964 4995 3128 5064 pelles
3149 4994 3465 5064 gestabant-
3486 4991 3599 5045 Otu-

2031 5109 2128 5148 nes
2149 5091 2308 5145 etiam
2327 5091 2687 5161 tripuliantes
2710 5090 2971 5143 continuo
2990 5090 3283 5151 saltabant,
3306 5105 3426 5140 cum
3448 5084 3611 5137 multa

2033 5184 2319 5253 sanguinis
2350 5181 2635 5248 effusione,
2662 5198 2821 5250 quem
2854 5182 3095 5251 Spongiis
3118 5181 3525 5245 abstergebant.

2107 5275 2221 5330 Hoc
2266 5290 2438 5345 genus
2475 5274 2777 5337 lmmiuutn,
2842 5274 2989 5343 quod
3023 5272 3206 5325 animo
3244 5271 3450 5324 scilicet
3511 5268 3609 5319 im-

2039 5369 2329 5438 perterrito
2360 5366 2580 5437 quidvis
2636 5366 2893 5431 audeant,
2935 5382 2962 5418 a
2990 5364 3187 5417 Turcis
3218 5361 3450 5421 delilari,
3508 5359 3613 5411 hoc.

2040 5478 2146 5526 est,
2192 5462 2338 5517 Stulti
2387 5461 2653 5531 delirique
2704 5467 2993 5521 vocantur,
3044 5472 3071 5509 a
3120 5455 3324 5510 ϐιηθεὶς
3393 5454 3614 5521 rhino-

2037 5554 2283 5624 ltiudyui.
2326 5553 2470 5623 quod
2514 5551 2820 5621 praecipites
2867 5551 2920 5603 itt
2954 5548 3193 5617 pericula
3247 5557 3432 5598 ruant.
3472 5546 3608 5599 Cum

2038 5659 2216 5701 autem
2275 5662 2467 5700 rursus
2525 5648 2714 5698 eadem
2770 5653 3090 5714 peragentes
3132 5655 3252 5705 qua:
3307 5641 3500 5709 prius.
3550 5654 3615 5692 rx

2036 5743 2244 5796 uadibus
2262 5742 2435 5794 bassm
2462 5750 2703 5800 nostros,
2731 5754 2758 5790 a
2782 5739 2794 5791 l
2820 5737 3035 5791 naviuzu
3068 5746 3173 5789 stat
3200 5751 3382 5797 onem,
3416 5751 3617 5803 pra-rc-

2041 5836 2214 5890 deuia
2278 5833 2683 5888 deduxissent:
2748 5839 2970 5899 accepto
3032 5842 3281 5893 munere,
3346 5827 3486 5896 quod
3537 5825 3616 5878 cis
