  <div class='ocr_page' id='page_1' title='image "/cluster/home/n/w/nwhite01/storage/ocr_20150623/159/coo.31924054870641/359.png"; bbox 0 0 4018 6494; ppageno 0'>
   <div class='ocr_carea' id='block_1_1' title="bbox 401 427 3763 536">
    <p class='ocr_par' dir='ltr' id='par_1_1' title="bbox 401 427 3763 536">
     <span class='ocr_line' id='line_1_1' title="bbox 401 427 3763 536; baseline -0.01 -8"><span class='ocrx_word' id='word_1_1' title='bbox 401 463 514 530; x_wconf 75' lang='lat'><strong>703</strong></span> <span class='ocrx_word' id='word_1_2' title='bbox 1662 451 1993 536; x_wconf 57' lang='lat' dir='ltr'><strong>matvrus</strong></span> <span class='ocrx_word' id='word_1_3' title='bbox 2037 446 2509 512; x_wconf 83' lang='lat' dir='ltr'><strong>LEUNCLAVII</strong></span> <span class='ocrx_word' id='word_1_4' title='bbox 3610 427 3763 495; x_wconf 67' lang='lat' dir='ltr'><strong>ms</strong></span> 
     </span>
    </p>
   </div>
   <div class='ocr_carea' id='block_1_2' title="bbox 412 545 3751 642">
    <p class='ocr_par' dir='ltr' id='par_1_2' title="bbox 412 545 3751 642">
     <span class='ocr_line' id='line_1_2' title="bbox 412 545 3751 642; baseline -0.008 -15"><span class='ocrx_word' id='word_1_5' title='bbox 412 575 630 642; x_wconf 78' lang='lat' dir='ltr'><strong>legatus</strong></span> <span class='ocrx_word' id='word_1_6' title='bbox 659 568 963 639; x_wconf 82' lang='lat' dir='ltr'><strong>augustalis</strong></span> <span class='ocrx_word' id='word_1_7' title='bbox 983 568 1103 624; x_wconf 88' lang='lat' dir='ltr'><strong>dari</strong></span> <span class='ocrx_word' id='word_1_8' title='bbox 1132 565 1319 639; x_wconf 85' lang='lat' dir='ltr'><strong>jussit,</strong></span> <span class='ocrx_word' id='word_1_9' title='bbox 1343 565 1410 621; x_wconf 89' lang='lat' dir='ltr'><strong>ad</strong></span> <span class='ocrx_word' id='word_1_10' title='bbox 1438 581 1569 622; x_wconf 88' lang='lat' dir='ltr'><strong>suos</strong></span> <span class='ocrx_word' id='word_1_11' title='bbox 1598 565 1808 622; x_wconf 79' lang='lat' dir='ltr'><strong>reversi</strong></span> <span class='ocrx_word' id='word_1_12' title='bbox 1839 571 1990 619; x_wconf 88' lang='lat' dir='ltr'><strong>sunt.</strong></span> <span class='ocrx_word' id='word_1_13' title='bbox 2025 567 2072 624; x_wconf 70' lang='grc' dir='ltr'><strong>Α</strong></span> <span class='ocrx_word' id='word_1_14' title='bbox 2100 564 2267 618; x_wconf 88' lang='lat' dir='ltr'><strong>domo</strong></span> <span class='ocrx_word' id='word_1_15' title='bbox 2321 559 2520 615; x_wconf 79' lang='lat' dir='ltr'><strong>litteris</strong></span> <span class='ocrx_word' id='word_1_16' title='bbox 2576 554 2954 610; x_wconf 88' lang='lat' dir='ltr'><strong>amantissime</strong></span> <span class='ocrx_word' id='word_1_17' title='bbox 3007 549 3226 619; x_wconf 83' lang='lat' dir='ltr'><strong>scriptis</strong></span> <span class='ocrx_word' id='word_1_18' title='bbox 3266 547 3501 642; x_wconf 86' lang='lat' dir='ltr'><strong>accitum</strong></span> <span class='ocrx_word' id='word_1_19' title='bbox 3568 545 3751 601; x_wconf 79' lang='lat' dir='ltr'><strong>invi—</strong></span> 
     </span>
    </p>
   </div>
   <div class='ocr_carea' id='block_1_3' title="bbox 483 640 3753 729">
    <p class='ocr_par' dir='ltr' id='par_1_3' title="bbox 483 640 3753 729">
     <span class='ocr_line' id='line_1_3' title="bbox 483 640 3753 729; baseline -0.008 -10"><span class='ocrx_word' id='word_1_20' title='bbox 483 640 907 719; x_wconf 74' lang='lat' dir='ltr'><strong>Comitabantur</strong></span> <span class='ocrx_word' id='word_1_21' title='bbox 956 663 1060 716; x_wconf 91' lang='lat' dir='ltr'><strong>hoc</strong></span> <span class='ocrx_word' id='word_1_22' title='bbox 1110 659 1306 715; x_wconf 89' lang='lat' dir='ltr'><strong>itinere</strong></span> <span class='ocrx_word' id='word_1_23' title='bbox 1361 658 1600 729; x_wconf 84' lang='lat' dir='ltr'><strong>legatum</strong></span> <span class='ocrx_word' id='word_1_24' title='bbox 1650 657 1864 726; x_wconf 83' lang='lat' dir='ltr'><strong>aliquot</strong></span> <span class='ocrx_word' id='word_1_25' title='bbox 1920 655 2013 709; x_wconf 84' lang='lat' dir='ltr'><strong>ba-</strong></span> <span class='ocrx_word' id='word_1_26' title='bbox 2131 661 2365 709; x_wconf 68' lang='lat' dir='ltr'><strong>tat-erat.</strong></span> <span class='ocrx_word' id='word_1_27' title='bbox 2425 652 2475 707; x_wconf 93' lang='lat' dir='ltr'><strong>Is</strong></span> <span class='ocrx_word' id='word_1_28' title='bbox 2521 648 2784 721; x_wconf 83' lang='lat' dir='ltr'><strong>Dionysio</strong></span> <span class='ocrx_word' id='word_1_29' title='bbox 2817 647 3065 711; x_wconf 84' lang='lat' dir='ltr'><strong>Citiensi,</strong></span> <span class='ocrx_word' id='word_1_30' title='bbox 3126 643 3399 700; x_wconf 80' lang='lat' dir='ltr'><strong>monacho</strong></span> <span class='ocrx_word' id='word_1_31' title='bbox 3445 640 3615 695; x_wconf 87' lang='lat' dir='ltr'><strong>docto</strong></span> <span class='ocrx_word' id='word_1_32' title='bbox 3684 644 3753 694; x_wconf 67' lang='lat' dir='ltr'><strong>et</strong></span> 
     </span>
    </p>
   </div>
   <div class='ocr_carea' id='block_1_4' title="bbox 421 734 3754 824">
    <p class='ocr_par' dir='ltr' id='par_1_4' title="bbox 421 734 3754 824">
     <span class='ocr_line' id='line_1_4' title="bbox 421 734 3754 824; baseline -0.007 -17"><span class='ocrx_word' id='word_1_33' title='bbox 421 770 604 810; x_wconf 88' lang='lat' dir='ltr'><strong>roues.</strong></span> <span class='ocrx_word' id='word_1_34' title='bbox 680 755 892 824; x_wconf 76' lang='lat' dir='ltr'><strong>virique</strong></span> <span class='ocrx_word' id='word_1_35' title='bbox 942 752 1173 820; x_wconf 81' lang='lat' dir='ltr'><strong>nobiles,</strong></span> <span class='ocrx_word' id='word_1_36' title='bbox 1211 767 1446 822; x_wconf 91' lang='lat' dir='ltr'><strong>quorum</strong></span> <span class='ocrx_word' id='word_1_37' title='bbox 1484 750 1705 804; x_wconf 87' lang='lat' dir='ltr'><strong>nomina</strong></span> <span class='ocrx_word' id='word_1_38' title='bbox 1736 749 2014 817; x_wconf 78' lang='lat' dir='ltr'><strong>subjicere</strong></span> <span class='ocrx_word' id='word_1_39' title='bbox 2126 747 2333 814; x_wconf 84' lang='lat' dir='ltr'><strong>optimo</strong></span> <span class='ocrx_word' id='word_1_40' title='bbox 2387 745 2541 807; x_wconf 82' lang='lat' dir='ltr'><strong>viro,</strong></span> <span class='ocrx_word' id='word_1_41' title='bbox 2606 741 2858 798; x_wconf 71' lang='lat' dir='ltr'><strong>ecclesiae</strong></span> <span class='ocrx_word' id='word_1_42' title='bbox 2921 739 2982 794; x_wconf 90' lang='lat' dir='ltr'><strong>S.</strong></span> <span class='ocrx_word' id='word_1_43' title='bbox 3047 738 3212 793; x_wconf 75' lang='lat' dir='ltr'><strong>Marci</strong></span> <span class='ocrx_word' id='word_1_44' title='bbox 3273 734 3754 803; x_wconf 69' lang='lat' dir='ltr'><strong>Calliupolitana:</strong></span> 
     </span>
    </p>
   </div>
   <div class='ocr_carea' id='block_1_5' title="bbox 420 827 3753 912">
    <p class='ocr_par' dir='ltr' id='par_1_5' title="bbox 420 827 3753 912">
     <span class='ocr_line' id='line_1_5' title="bbox 420 827 3753 912; baseline -0.006 -13"><span class='ocrx_word' id='word_1_45' title='bbox 420 846 580 902; x_wconf 89' lang='lat' dir='ltr'><strong>libuit</strong></span> <span class='ocrx_word' id='word_1_46' title='bbox 640 862 707 901; x_wconf 80' lang='lat' dir='ltr'><strong>ex</strong></span> <span class='ocrx_word' id='word_1_47' title='bbox 770 846 1174 902; x_wconf 82' lang='lat' dir='ltr'><strong>commentario</strong></span> <span class='ocrx_word' id='word_1_48' title='bbox 1232 843 1547 900; x_wconf 82' lang='lat' dir='ltr'><strong>Mclcltioris</strong></span> <span class='ocrx_word' id='word_1_49' title='bbox 1622 842 1849 908; x_wconf 80' lang='lat' dir='ltr'><strong>Bcsolti,</strong></span> <span class='ocrx_word' id='word_1_50' title='bbox 1915 841 2012 912; x_wconf 90' lang='lat' dir='ltr'><strong>qui</strong></span> <span class='ocrx_word' id='word_1_51' title='bbox 2132 837 2453 906; x_wconf 77' lang='lat' dir='ltr'><strong>praeposito.</strong></span> <span class='ocrx_word' id='word_1_52' title='bbox 2507 834 2786 889; x_wconf 68' lang='lat' dir='ltr'><strong>memoriae</strong></span> <span class='ocrx_word' id='word_1_53' title='bbox 2823 832 3295 895; x_wconf 87' lang='lat' dir='ltr'><strong>deluucticausa,</strong></span> <span class='ocrx_word' id='word_1_54' title='bbox 3331 828 3596 885; x_wconf 85' lang='lat' dir='ltr'><strong>schcdam</strong></span> <span class='ocrx_word' id='word_1_55' title='bbox 3635 827 3753 881; x_wconf 73' lang='lat' dir='ltr'><strong>hic</strong></span> 
     </span>
    </p>
   </div>
   <div class='ocr_carea' id='block_1_6' title="bbox 423 913 3779 1009">
    <p class='ocr_par' dir='ltr' id='par_1_6' title="bbox 423 913 3779 1009">
     <span class='ocr_line' id='line_1_6' title="bbox 423 913 3779 1009; baseline -0.005 -17"><span class='ocrx_word' id='word_1_56' title='bbox 423 954 674 994; x_wconf 78' lang='lat' dir='ltr'><strong>nostrum</strong></span> <span class='ocrx_word' id='word_1_57' title='bbox 715 940 818 995; x_wconf 86' lang='lat' dir='ltr'><strong>hoc</strong></span> <span class='ocrx_word' id='word_1_58' title='bbox 847 940 955 994; x_wconf 88' lang='lat' dir='ltr'><strong>iter</strong></span> <span class='ocrx_word' id='word_1_59' title='bbox 980 938 1302 1009; x_wconf 87' lang='lat' dir='ltr'><strong>descripsit.</strong></span> <span class='ocrx_word' id='word_1_60' title='bbox 2128 931 2452 1000; x_wconf 82' lang='lat' dir='ltr'><strong>subjectant,</strong></span> <span class='ocrx_word' id='word_1_61' title='bbox 2519 931 2704 998; x_wconf 85' lang='lat' dir='ltr'><strong>lingua</strong></span> <span class='ocrx_word' id='word_1_62' title='bbox 2757 928 2982 991; x_wconf 72' lang='lat' dir='ltr'><strong>Graeca,</strong></span> <span class='ocrx_word' id='word_1_63' title='bbox 3036 925 3262 990; x_wconf 87' lang='lat' dir='ltr'><strong>Latina,</strong></span> <span class='ocrx_word' id='word_1_64' title='bbox 3343 923 3529 979; x_wconf 85' lang='lat' dir='ltr'><strong>ftalica</strong></span> <span class='ocrx_word' id='word_1_65' title='bbox 3581 913 3779 977; x_wconf 43' lang='lat' dir='ltr'><strong>Ger?</strong></span> 
     </span>
    </p>
   </div>
   <div class='ocr_carea' id='block_1_7' title="bbox 492 1017 3757 1097">
    <p class='ocr_par' dir='ltr' id='par_1_7' title="bbox 492 1017 3757 1097">
     <span class='ocr_line' id='line_1_7' title="bbox 492 1017 3757 1097; baseline -0.005 -15"><span class='ocrx_word' id='word_1_66' title='bbox 492 1029 730 1087; x_wconf 78' lang='lat' dir='ltr'><strong>Karulus</strong></span> <span class='ocrx_word' id='word_1_67' title='bbox 796 1031 1174 1097; x_wconf 81' lang='lat' dir='ltr'><strong>Dietricstaiu,</strong></span> <span class='ocrx_word' id='word_1_68' title='bbox 1239 1030 1377 1085; x_wconf 86' lang='lat' dir='ltr'><strong>baro</strong></span> <span class='ocrx_word' id='word_1_69' title='bbox 1420 1028 1502 1084; x_wconf 43' lang='lat' dir='ltr'><strong>riu</strong></span> <span class='ocrx_word' id='word_1_70' title='bbox 1564 1026 1880 1097; x_wconf 77' lang='lat' dir='ltr'><strong>Huleuburg</strong></span> <span class='ocrx_word' id='word_1_71' title='bbox 1960 1038 2018 1083; x_wconf 87' lang='lat' dir='ltr'><strong>et</strong></span> <span class='ocrx_word' id='word_1_72' title='bbox 2132 1028 2457 1092; x_wconf 86' lang='lat' dir='ltr'><strong>manicaque</strong></span> <span class='ocrx_word' id='word_1_73' title='bbox 2478 1025 2838 1095; x_wconf 75' lang='lat' dir='ltr'><strong>pet&#39;scriptam</strong></span> <span class='ocrx_word' id='word_1_74' title='bbox 2877 1023 3134 1093; x_wconf 86' lang='lat' dir='ltr'><strong>reliquit:</strong></span> <span class='ocrx_word' id='word_1_75' title='bbox 3164 1021 3339 1076; x_wconf 80' lang='lat' dir='ltr'><strong>donec</strong></span> <span class='ocrx_word' id='word_1_76' title='bbox 3371 1034 3399 1072; x_wconf 89' lang='lat' dir='ltr'><strong>a</strong></span> <span class='ocrx_word' id='word_1_77' title='bbox 3429 1017 3757 1080; x_wconf 71' lang='lat' dir='ltr'><strong>fratribus,</strong></span> 
     </span>
    </p>
   </div>
   <div class='ocr_carea' id='block_1_8' title="bbox 419 1112 3762 1189">
    <p class='ocr_par' dir='ltr' id='par_1_8' title="bbox 419 1112 3762 1189">
     <span class='ocr_line' id='line_1_8' title="bbox 419 1112 3762 1189; baseline -0.004 -16"><span class='ocrx_word' id='word_1_78' title='bbox 419 1118 839 1179; x_wconf 80' lang='lat' dir='ltr'><strong>Fiuckenstain.</strong></span> <span class='ocrx_word' id='word_1_79' title='bbox 2130 1119 2573 1189; x_wconf 84' lang='lat' dir='ltr'><strong>generosissimis</strong></span> <span class='ocrx_word' id='word_1_80' title='bbox 2608 1114 2909 1172; x_wconf 68' lang='lat' dir='ltr'><strong>bat-auibus</strong></span> <span class='ocrx_word' id='word_1_81' title='bbox 2931 1156 2948 1180; x_wconf 94' lang='lat'><strong>,</strong></span> <span class='ocrx_word' id='word_1_82' title='bbox 3015 1115 3254 1185; x_wconf 82' lang='lat' dir='ltr'><strong>Georgio</strong></span> <span class='ocrx_word' id='word_1_83' title='bbox 3319 1112 3554 1181; x_wconf 72' lang='lat' dir='ltr'><strong>Erasmo</strong></span> <span class='ocrx_word' id='word_1_84' title='bbox 3577 1153 3592 1170; x_wconf 87' lang='lat'><strong>.</strong></span> <span class='ocrx_word' id='word_1_85' title='bbox 3690 1130 3708 1157; x_wconf 72' lang='grc' dir='ltr'>ς</span> <span class='ocrx_word' id='word_1_86' title='bbox 3735 1119 3762 1162; x_wconf 81' lang='grc' dir='ltr'>ι</span> 
     </span>
    </p>
   </div>
   <div class='ocr_carea' id='block_1_9' title="bbox 491 1204 3752 1283">
    <p class='ocr_par' dir='ltr' id='par_1_9' title="bbox 491 1204 3752 1283">
     <span class='ocr_line' id='line_1_9' title="bbox 491 1204 3752 1283; baseline -0.005 -16"><span class='ocrx_word' id='word_1_87' title='bbox 491 1212 882 1283; x_wconf 81' lang='lat' dir='ltr'><strong>Sigismundus</strong></span> <span class='ocrx_word' id='word_1_88' title='bbox 914 1215 1248 1282; x_wconf 86' lang='lat' dir='ltr'><strong>Ludovicus,</strong></span> <span class='ocrx_word' id='word_1_89' title='bbox 1280 1215 1415 1270; x_wconf 85' lang='lat' dir='ltr'><strong>baro</strong></span> <span class='ocrx_word' id='word_1_90' title='bbox 1440 1215 1507 1269; x_wconf 86' lang='lat' dir='ltr'><strong>de</strong></span> <span class='ocrx_word' id='word_1_91' title='bbox 1540 1212 1810 1269; x_wconf 82' lang='lat' dir='ltr'><strong>Polltaim.</strong></span> <span class='ocrx_word' id='word_1_92' title='bbox 2127 1209 2339 1265; x_wconf 81' lang='lat' dir='ltr'><strong>Joanne</strong></span> <span class='ocrx_word' id='word_1_93' title='bbox 2393 1209 2661 1277; x_wconf 86' lang='lat' dir='ltr'><strong>Septimio</strong></span> <span class='ocrx_word' id='word_1_94' title='bbox 2683 1250 2699 1275; x_wconf 94' lang='lat'><strong>,</strong></span> <span class='ocrx_word' id='word_1_95' title='bbox 2750 1223 2863 1279; x_wconf 88' lang='lat' dir='ltr'><strong>quo</strong></span> <span class='ocrx_word' id='word_1_96' title='bbox 2917 1207 3099 1262; x_wconf 89' lang='lat' dir='ltr'><strong>nullus</strong></span> <span class='ocrx_word' id='word_1_97' title='bbox 3155 1205 3369 1260; x_wconf 85' lang='lat' dir='ltr'><strong>ordinis</strong></span> <span class='ocrx_word' id='word_1_98' title='bbox 3399 1204 3484 1258; x_wconf 87' lang='lat' dir='ltr'><strong>sui</strong></span> <span class='ocrx_word' id='word_1_99' title='bbox 3518 1212 3752 1256; x_wconf 83' lang='lat' dir='ltr'><strong>nostro</strong></span> 
     </span>
    </p>
   </div>
   <div class='ocr_carea' id='block_1_10' title="bbox 492 1298 3761 1372">
    <p class='ocr_par' dir='ltr' id='par_1_10' title="bbox 492 1298 3761 1372">
     <span class='ocr_line' id='line_1_10' title="bbox 492 1298 3761 1372; baseline -0.004 -12"><span class='ocrx_word' id='word_1_100' title='bbox 492 1307 654 1364; x_wconf 87' lang='lat' dir='ltr'><strong>.loan.</strong></span> <span class='ocrx_word' id='word_1_101' title='bbox 688 1309 999 1365; x_wconf 74' lang='lat' dir='ltr'><strong>Bernartius</strong></span> <span class='ocrx_word' id='word_1_102' title='bbox 1032 1326 1061 1365; x_wconf 92' lang='lat' dir='ltr'><strong>a</strong></span> <span class='ocrx_word' id='word_1_103' title='bbox 1095 1308 1532 1372; x_wconf 83' lang='lat' dir='ltr'><strong>Lembaelt.etc.</strong></span> <span class='ocrx_word' id='word_1_104' title='bbox 2129 1303 2332 1358; x_wconf 71' lang='lat' dir='ltr'><strong>saeculo</strong></span> <span class='ocrx_word' id='word_1_105' title='bbox 2386 1301 2696 1358; x_wconf 81' lang='lat' dir='ltr'><strong>Germanus</strong></span> <span class='ocrx_word' id='word_1_106' title='bbox 2764 1300 3029 1371; x_wconf 80' lang='lat' dir='ltr'><strong>majorem</strong></span> <span class='ocrx_word' id='word_1_107' title='bbox 3092 1298 3247 1355; x_wconf 86' lang='lat' dir='ltr'><strong>orbis</strong></span> <span class='ocrx_word' id='word_1_108' title='bbox 3306 1307 3513 1366; x_wconf 86' lang='lat' dir='ltr'><strong>partem</strong></span> <span class='ocrx_word' id='word_1_109' title='bbox 3573 1310 3761 1362; x_wconf 63' lang='grc' dir='ltr'><strong>ρει-ος</strong></span> 
     </span>
    </p>
   </div>
   <div class='ocr_carea' id='block_1_11' title="bbox 504 1388 3754 1471">
    <p class='ocr_par' dir='ltr' id='par_1_11' title="bbox 504 1388 3754 1471">
     <span class='ocr_line' id='line_1_11' title="bbox 504 1388 3754 1471; baseline -0.004 -19"><span class='ocrx_word' id='word_1_110' title='bbox 504 1398 739 1455; x_wconf 80' lang='lat' dir='ltr'><strong>Wolfius</strong></span> <span class='ocrx_word' id='word_1_111' title='bbox 764 1400 1018 1471; x_wconf 86' lang='lat' dir='ltr'><strong>Ungnad,</strong></span> <span class='ocrx_word' id='word_1_112' title='bbox 1052 1401 1269 1457; x_wconf 74' lang='lat' dir='ltr'><strong>bat-oin</strong></span> <span class='ocrx_word' id='word_1_113' title='bbox 1310 1400 1579 1465; x_wconf 83' lang='lat' dir='ltr'><strong>Sonneck.</strong></span> <span class='ocrx_word' id='word_1_114' title='bbox 2129 1396 2399 1467; x_wconf 80' lang='lat' dir='ltr'><strong>griuando</strong></span> <span class='ocrx_word' id='word_1_115' title='bbox 2458 1394 2674 1450; x_wconf 78' lang='lat' dir='ltr'><strong>felicius</strong></span> <span class='ocrx_word' id='word_1_116' title='bbox 2737 1392 3142 1464; x_wconf 79' lang='lat' dir='ltr'><strong>perlustravit,</strong></span> <span class='ocrx_word' id='word_1_117' title='bbox 3223 1390 3470 1446; x_wconf 80' lang='lat' dir='ltr'><strong>debitum</strong></span> <span class='ocrx_word' id='word_1_118' title='bbox 3533 1388 3754 1442; x_wconf 81' lang='lat' dir='ltr'><strong>virtuti</strong></span> 
     </span>
    </p>
   </div>
   <div class='ocr_carea' id='block_1_12' title="bbox 493 1481 3752 1561">
    <p class='ocr_par' dir='ltr' id='par_1_12' title="bbox 493 1481 3752 1561">
     <span class='ocr_line' id='line_1_12' title="bbox 493 1481 3752 1561; baseline -0.003 -19"><span class='ocrx_word' id='word_1_119' title='bbox 493 1486 763 1558; x_wconf 76' lang='lat' dir='ltr'><strong>Georgius</strong></span> <span class='ocrx_word' id='word_1_120' title='bbox 834 1488 1214 1558; x_wconf 83' lang='lat' dir='ltr'><strong>llartmanus,</strong></span> <span class='ocrx_word' id='word_1_121' title='bbox 1272 1488 1409 1545; x_wconf 89' lang='lat' dir='ltr'><strong>baro</strong></span> <span class='ocrx_word' id='word_1_122' title='bbox 1461 1489 1532 1544; x_wconf 86' lang='lat' dir='ltr'><strong>de</strong></span> <span class='ocrx_word' id='word_1_123' title='bbox 1594 1486 2016 1555; x_wconf 86' lang='lat' dir='ltr'><strong>Liclttenstaiu,</strong></span> <span class='ocrx_word' id='word_1_124' title='bbox 2129 1488 2433 1561; x_wconf 85' lang='lat' dir='ltr'><strong>pietatique</strong></span> <span class='ocrx_word' id='word_1_125' title='bbox 2464 1487 2696 1544; x_wconf 85' lang='lat' dir='ltr'><strong>baronis</strong></span> <span class='ocrx_word' id='word_1_126' title='bbox 2722 1486 2912 1557; x_wconf 89' lang='lat' dir='ltr'><strong>optimi</strong></span> <span class='ocrx_word' id='word_1_127' title='bbox 2963 1492 3390 1541; x_wconf 88' lang='lat' dir='ltr'><strong>monumentum</strong></span> <span class='ocrx_word' id='word_1_128' title='bbox 3426 1481 3752 1536; x_wconf 80' lang='lat' dir='ltr'><strong>excitetur.</strong></span> 
     </span>
    </p>
   </div>
   <div class='ocr_carea' id='block_1_13' title="bbox 422 1580 815 1648">
    <p class='ocr_par' dir='ltr' id='par_1_13' title="bbox 422 1580 815 1648">
     <span class='ocr_line' id='line_1_13' title="bbox 422 1580 815 1648; baseline 0.008 -15"><span class='ocrx_word' id='word_1_129' title='bbox 422 1580 588 1648; x_wconf 84' lang='lat' dir='ltr'><strong>legati</strong></span> <span class='ocrx_word' id='word_1_130' title='bbox 625 1582 815 1636; x_wconf 74' lang='lat' dir='ltr'><strong>l‘ratet‘.</strong></span> 
     </span>
    </p>
   </div>
   <div class='ocr_carea' id='block_1_14' title="bbox 496 1668 1624 1744">
    <p class='ocr_par' dir='ltr' id='par_1_14' title="bbox 496 1668 1624 1744">
     <span class='ocr_line' id='line_1_14' title="bbox 496 1668 1624 1744; baseline 0.004 -21"><span class='ocrx_word' id='word_1_131' title='bbox 496 1668 657 1726; x_wconf 84' lang='lat' dir='ltr'><strong>Joan.</strong></span> <span class='ocrx_word' id='word_1_132' title='bbox 684 1670 924 1741; x_wconf 80' lang='lat' dir='ltr'><strong>Ulrirus,</strong></span> <span class='ocrx_word' id='word_1_133' title='bbox 956 1675 1090 1729; x_wconf 86' lang='lat' dir='ltr'><strong>baro</strong></span> <span class='ocrx_word' id='word_1_134' title='bbox 1112 1672 1180 1729; x_wconf 87' lang='lat' dir='ltr'><strong>de</strong></span> <span class='ocrx_word' id='word_1_135' title='bbox 1210 1672 1624 1744; x_wconf 65' lang='lat' dir='ltr'><strong>Stahrentberg.</strong></span> 
     </span>
    </p>
   </div>
   <div class='ocr_carea' id='block_1_15' title="bbox 504 1765 1662 1835">
    <p class='ocr_par' dir='ltr' id='par_1_15' title="bbox 504 1765 1662 1835">
     <span class='ocr_line' id='line_1_15' title="bbox 504 1765 1662 1835; baseline 0.002 -15"><span class='ocrx_word' id='word_1_136' title='bbox 504 1765 780 1835; x_wconf 73' lang='lat' dir='ltr'><strong>Georgius</strong></span> <span class='ocrx_word' id='word_1_137' title='bbox 813 1768 1082 1834; x_wconf 73' lang='lat' dir='ltr'><strong>Andreas,</strong></span> <span class='ocrx_word' id='word_1_138' title='bbox 1113 1767 1250 1823; x_wconf 84' lang='lat' dir='ltr'><strong>baro</strong></span> <span class='ocrx_word' id='word_1_139' title='bbox 1280 1767 1347 1822; x_wconf 91' lang='lat' dir='ltr'><strong>de</strong></span> <span class='ocrx_word' id='word_1_140' title='bbox 1380 1767 1662 1823; x_wconf 87' lang='lat' dir='ltr'><strong>Buchaim.</strong></span> 
     </span>
    </p>
   </div>
   <div class='ocr_carea' id='block_1_16' title="bbox 500 1859 2019 1935">
    <p class='ocr_par' dir='ltr' id='par_1_16' title="bbox 500 1859 2019 1935">
     <span class='ocr_line' id='line_1_16' title="bbox 500 1859 2019 1935; baseline 0.002 -21"><span class='ocrx_word' id='word_1_141' title='bbox 500 1859 813 1927; x_wconf 80' lang='lat' dir='ltr'><strong>Stephanus</strong></span> <span class='ocrx_word' id='word_1_142' title='bbox 839 1860 907 1915; x_wconf 89' lang='lat' dir='ltr'><strong>de</strong></span> <span class='ocrx_word' id='word_1_143' title='bbox 937 1862 1108 1926; x_wconf 82' lang='lat' dir='ltr'><strong>Rcva,</strong></span> <span class='ocrx_word' id='word_1_144' title='bbox 1137 1876 1322 1916; x_wconf 87' lang='lat' dir='ltr'><strong>comes</strong></span> <span class='ocrx_word' id='word_1_145' title='bbox 1351 1860 1705 1929; x_wconf 85' lang='lat' dir='ltr'><strong>Turocensis,</strong></span> <span class='ocrx_word' id='word_1_146' title='bbox 1741 1861 2019 1935; x_wconf 81' lang='lat' dir='ltr'><strong>Ungarus.</strong></span> 
     </span>
    </p>
   </div>
   <div class='ocr_carea' id='block_1_17' title="bbox 2132 1650 3749 1707">
    <p class='ocr_par' dir='ltr' id='par_1_17' title="bbox 2132 1650 3749 1707">
     <span class='ocr_line' id='line_1_17' title="bbox 2132 1650 3749 1707; baseline -0.008 1"><span class='ocrx_word' id='word_1_147' title='bbox 2132 1650 2283 1707; x_wconf 66' lang='lat' dir='ltr'><strong>Anno</strong></span> <span class='ocrx_word' id='word_1_148' title='bbox 2307 1664 2629 1706; x_wconf 72' lang='lat' dir='ltr'><strong>CllBISTIANO</strong></span> <span class='ocrx_word' id='word_1_149' title='bbox 2651 1663 2758 1704; x_wconf 78' lang='lat' dir='ltr'><strong>ato.</strong></span> <span class='ocrx_word' id='word_1_150' title='bbox 2796 1664 2865 1706; x_wconf 77' lang='lat' dir='ltr'><strong>to.</strong></span> <span class='ocrx_word' id='word_1_151' title='bbox 2901 1663 3102 1702; x_wconf 74' lang='lat' dir='ltr'><strong>Lxuv.</strong></span> <span class='ocrx_word' id='word_1_152' title='bbox 3147 1661 3234 1700; x_wconf 84' lang='lat' dir='ltr'><strong>DIE</strong></span> <span class='ocrx_word' id='word_1_153' title='bbox 3261 1661 3351 1699; x_wconf 78' lang='lat' dir='ltr'><strong>xvt</strong></span> <span class='ocrx_word' id='word_1_154' title='bbox 3383 1660 3442 1698; x_wconf 80' lang='lat' dir='ltr'><strong>tt.</strong></span> <span class='ocrx_word' id='word_1_155' title='bbox 3492 1658 3749 1697; x_wconf 75' lang='lat' dir='ltr'><strong>APnlLls.</strong></span> 
     </span>
    </p>
   </div>
   <div class='ocr_carea' id='block_1_18' title="bbox 2203 1728 3755 1777">
    <p class='ocr_par' dir='ltr' id='par_1_18' title="bbox 2203 1728 3755 1777">
     <span class='ocr_line' id='line_1_18' title="bbox 2203 1728 3755 1777; baseline -0.008 0"><span class='ocrx_word' id='word_1_156' title='bbox 2203 1737 2289 1777; x_wconf 78' lang='lat' dir='ltr'><strong>PIE</strong></span> <span class='ocrx_word' id='word_1_157' title='bbox 2313 1737 2573 1777; x_wconf 68' lang='lat' dir='ltr'><strong>IIGRAVI&#39;I&#39;</strong></span> <span class='ocrx_word' id='word_1_158' title='bbox 2598 1736 2664 1773; x_wconf 72' lang='lat' dir='ltr'><strong>EX</strong></span> <span class='ocrx_word' id='word_1_159' title='bbox 2698 1734 2800 1774; x_wconf 71' lang='lat' dir='ltr'><strong>HAG</strong></span> <span class='ocrx_word' id='word_1_160' title='bbox 2832 1737 2895 1774; x_wconf 74' lang='lat' dir='ltr'><strong>AD</strong></span> <span class='ocrx_word' id='word_1_161' title='bbox 2922 1733 3225 1775; x_wconf 68' lang='grc' dir='ltr'><strong>ρωιεετιῖιι</strong></span> <span class='ocrx_word' id='word_1_162' title='bbox 3255 1732 3419 1770; x_wconf 70' lang='grc' dir='ltr'><strong>γιτλιι</strong></span> <span class='ocrx_word' id='word_1_163' title='bbox 3449 1729 3638 1767; x_wconf 67' lang='grc' dir='ltr'><strong>ιιιιτενι</strong></span> <span class='ocrx_word' id='word_1_164' title='bbox 3652 1728 3755 1766; x_wconf 81' lang='lat' dir='ltr'><strong>ms</strong></span> 
     </span>
    </p>
   </div>
   <div class='ocr_carea' id='block_1_19' title="bbox 2206 1800 3748 1848">
    <p class='ocr_par' dir='ltr' id='par_1_19' title="bbox 2206 1800 3748 1848">
     <span class='ocr_line' id='line_1_19' title="bbox 2206 1800 3748 1848; baseline -0.007 0"><span class='ocrx_word' id='word_1_165' title='bbox 2206 1810 2276 1848; x_wconf 82' lang='grc' dir='ltr'><strong>ΕΤ</strong></span> <span class='ocrx_word' id='word_1_166' title='bbox 2328 1805 2636 1847; x_wconf 72' lang='lat' dir='ltr'><strong>GENEROSUS</strong></span> <span class='ocrx_word' id='word_1_167' title='bbox 2670 1806 2758 1845; x_wconf 76' lang='lat' dir='ltr'><strong>DN.</strong></span> <span class='ocrx_word' id='word_1_168' title='bbox 2790 1805 3010 1845; x_wconf 77' lang='lat' dir='ltr'><strong>llENlllC.</strong></span> <span class='ocrx_word' id='word_1_169' title='bbox 3040 1804 3179 1842; x_wconf 70' lang='lat' dir='ltr'><strong>BAN)</strong></span> <span class='ocrx_word' id='word_1_170' title='bbox 3202 1803 3268 1841; x_wconf 79' lang='lat' dir='ltr'><strong>DF.</strong></span> <span class='ocrx_word' id='word_1_171' title='bbox 3305 1800 3748 1839; x_wconf 64' lang='lat' dir='ltr'><strong>l.&#39;(2l1&#39;l&#39;l~&#39;N\”l‘.UN.</strong></span> 
     </span>
    </p>
   </div>
   <div class='ocr_carea' id='block_1_20' title="bbox 2205 1860 3749 1919">
    <p class='ocr_par' dir='ltr' id='par_1_20' title="bbox 2205 1860 3749 1919">
     <span class='ocr_line' id='line_1_20' title="bbox 2205 1860 3749 1919; baseline -0.01 0"><span class='ocrx_word' id='word_1_172' title='bbox 2205 1880 2272 1919; x_wconf 75' lang='lat' dir='ltr'><strong>DE</strong></span> <span class='ocrx_word' id='word_1_173' title='bbox 2292 1877 2638 1919; x_wconf 72' lang='lat' dir='ltr'><strong>NlCOLSPURG.</strong></span> <span class='ocrx_word' id='word_1_174' title='bbox 2659 1876 2945 1915; x_wconf 71' lang='lat' dir='ltr'><strong>RUDOLPHI.</strong></span> <span class='ocrx_word' id='word_1_175' title='bbox 2968 1876 3027 1913; x_wconf 84' lang='lat' dir='ltr'><strong>ll.</strong></span> <span class='ocrx_word' id='word_1_176' title='bbox 3065 1874 3168 1914; x_wconf 68' lang='lat' dir='ltr'><strong>IMP.</strong></span> <span class='ocrx_word' id='word_1_177' title='bbox 3193 1874 3259 1912; x_wconf 70' lang='lat' dir='ltr'><strong>AD</strong></span> <span class='ocrx_word' id='word_1_178' title='bbox 3276 1860 3749 1911; x_wconf 63' lang='lat' dir='ltr'><strong>PORTAH&#39;GSIHNI-</strong></span> 
     </span>
    </p>
   </div>
   <div class='ocr_carea' id='block_1_21' title="bbox 2200 1939 3754 1990">
    <p class='ocr_par' dir='ltr' id='par_1_21' title="bbox 2200 1939 3754 1990">
     <span class='ocr_line' id='line_1_21' title="bbox 2200 1939 3754 1990; baseline -0.008 0"><span class='ocrx_word' id='word_1_179' title='bbox 2200 1952 2306 1990; x_wconf 65' lang='lat' dir='ltr'><strong>CUI</strong></span> <span class='ocrx_word' id='word_1_180' title='bbox 2331 1949 2589 1990; x_wconf 67' lang='grc' dir='ltr'><strong>ιεωτινδ.</strong></span> <span class='ocrx_word' id='word_1_181' title='bbox 2609 1947 2881 1987; x_wconf 69' lang='grc' dir='ltr'><strong>διερυιτυςι</strong></span> <span class='ocrx_word' id='word_1_182' title='bbox 2910 1947 2961 1985; x_wconf 86' lang='lat' dir='ltr'><strong>lN</strong></span> <span class='ocrx_word' id='word_1_183' title='bbox 2985 1946 3087 1985; x_wconf 72' lang='grc' dir='ltr'><strong>ιιῡρ</strong></span> <span class='ocrx_word' id='word_1_184' title='bbox 3108 1944 3317 1984; x_wconf 65' lang='grc' dir='ltr'><strong>τεῖνε»ιο</strong></span> <span class='ocrx_word' id='word_1_185' title='bbox 3334 1943 3381 1981; x_wconf 79' lang='lat'><strong>8.</strong></span> <span class='ocrx_word' id='word_1_186' title='bbox 3415 1940 3583 1981; x_wconf 70' lang='lat' dir='ltr'><strong>MARCI</strong></span> <span class='ocrx_word' id='word_1_187' title='bbox 3605 1939 3754 1978; x_wconf 69' lang='lat' dir='ltr'><strong>CAL-</strong></span> 
     </span>
    </p>
   </div>
   <div class='ocr_carea' id='block_1_22' title="bbox 504 1925 2102 2009">
    <p class='ocr_par' dir='ltr' id='par_1_22' title="bbox 504 1925 2102 2009">
     <span class='ocr_line' id='line_1_22' title="bbox 504 1925 2102 2009; baseline -0.006 -4"><span class='ocrx_word' id='word_1_188' title='bbox 504 1925 836 2008; x_wconf 82' lang='lat' dir='ltr'><strong>Wilhelmus</strong></span> <span class='ocrx_word' id='word_1_189' title='bbox 864 1958 904 2007; x_wconf 69' lang='lat' dir='ltr'><strong>’a</strong></span> <span class='ocrx_word' id='word_1_190' title='bbox 942 1953 1313 2009; x_wconf 74' lang='lat' dir='ltr'><strong>Dietricsuln.</strong></span> <span class='ocrx_word' id='word_1_191' title='bbox 1693 1925 1701 1929; x_wconf 31' lang='grc'><strong>⁷</strong></span> <span class='ocrx_word' id='word_1_192' title='bbox 1831 1925 1859 1935; x_wconf 47' lang='grc'>⁷</span> <span class='ocrx_word' id='word_1_193' title='bbox 2060 1925 2102 1979; x_wconf 73' lang='grc' dir='ltr'><strong>Β</strong></span> 
     </span>
    </p>
   </div>
   <div class='ocr_carea' id='block_1_23' title="bbox 508 2040 1141 2098">
    <p class='ocr_par' dir='ltr' id='par_1_23' title="bbox 508 2040 1141 2098">
     <span class='ocr_line' id='line_1_23' title="bbox 508 2040 1141 2098; baseline 0.002 -1"><span class='ocrx_word' id='word_1_194' title='bbox 508 2040 750 2098; x_wconf 83' lang='lat' dir='ltr'><strong>Joannes</strong></span> <span class='ocrx_word' id='word_1_195' title='bbox 780 2042 1141 2098; x_wconf 79' lang='lat' dir='ltr'><strong>Lewenklaw.</strong></span> 
     </span>
    </p>
   </div>
   <div class='ocr_carea' id='block_1_24' title="bbox 500 2135 1456 2209">
    <p class='ocr_par' dir='ltr' id='par_1_24' title="bbox 500 2135 1456 2209">
     <span class='ocr_line' id='line_1_24' title="bbox 500 2135 1456 2209; baseline 0.006 -21"><span class='ocrx_word' id='word_1_196' title='bbox 500 2135 829 2192; x_wconf 86' lang='lat' dir='ltr'><strong>Franciscns</strong></span> <span class='ocrx_word' id='word_1_197' title='bbox 861 2138 1133 2209; x_wconf 76' lang='lat' dir='ltr'><strong>Georgius</strong></span> <span class='ocrx_word' id='word_1_198' title='bbox 1166 2137 1456 2194; x_wconf 80' lang='lat' dir='ltr'><strong>Obcrdorl‘.</strong></span> 
     </span>
    </p>
   </div>
   <div class='ocr_carea' id='block_1_25' title="bbox 501 2228 996 2287">
    <p class='ocr_par' dir='ltr' id='par_1_25' title="bbox 501 2228 996 2287">
     <span class='ocr_line' id='line_1_25' title="bbox 501 2228 996 2287; baseline 0.008 -6"><span class='ocrx_word' id='word_1_199' title='bbox 501 2228 763 2284; x_wconf 79' lang='lat' dir='ltr'><strong>Mclcltior</strong></span> <span class='ocrx_word' id='word_1_200' title='bbox 793 2230 996 2287; x_wconf 65' lang='lat' dir='ltr'><strong>Bt-solt.</strong></span> 
     </span>
    </p>
   </div>
   <div class='ocr_carea' id='block_1_26' title="bbox 500 2320 1516 2395">
    <p class='ocr_par' dir='ltr' id='par_1_26' title="bbox 500 2320 1516 2395">
     <span class='ocr_line' id='line_1_26' title="bbox 500 2320 1516 2395; baseline 0.009 -20"><span class='ocrx_word' id='word_1_201' title='bbox 500 2320 911 2381; x_wconf 77' lang='lat' dir='ltr'><strong>Maximilianus</strong></span> <span class='ocrx_word' id='word_1_202' title='bbox 953 2326 1135 2395; x_wconf 79' lang='lat' dir='ltr'><strong>Mager</strong></span> <span class='ocrx_word' id='word_1_203' title='bbox 1169 2345 1198 2383; x_wconf 83' lang='lat' dir='ltr'><strong>a</strong></span> <span class='ocrx_word' id='word_1_204' title='bbox 1230 2327 1516 2384; x_wconf 89' lang='lat' dir='ltr'><strong>Fucbstat.</strong></span> 
     </span>
    </p>
   </div>
   <div class='ocr_carea' id='block_1_27' title="bbox 501 2418 1093 2494">
    <p class='ocr_par' dir='ltr' id='par_1_27' title="bbox 501 2418 1093 2494">
     <span class='ocr_line' id='line_1_27' title="bbox 501 2418 1093 2494; baseline 0.014 -23"><span class='ocrx_word' id='word_1_205' title='bbox 501 2418 780 2477; x_wconf 83' lang='lat' dir='ltr'><strong>Antonius</strong></span> <span class='ocrx_word' id='word_1_206' title='bbox 811 2437 840 2476; x_wconf 87' lang='lat' dir='ltr'><strong>a</strong></span> <span class='ocrx_word' id='word_1_207' title='bbox 876 2423 1093 2494; x_wconf 82' lang='lat' dir='ltr'><strong>Stamp.</strong></span> 
     </span>
    </p>
   </div>
   <div class='ocr_carea' id='block_1_28' title="bbox 498 2508 1042 2583">
    <p class='ocr_par' dir='ltr' id='par_1_28' title="bbox 498 2508 1042 2583">
     <span class='ocr_line' id='line_1_28' title="bbox 498 2508 1042 2583; baseline 0.006 -16"><span class='ocrx_word' id='word_1_208' title='bbox 498 2508 767 2583; x_wconf 85' lang='lat' dir='ltr'><strong>Georgius</strong></span> <span class='ocrx_word' id='word_1_209' title='bbox 814 2516 1042 2571; x_wconf 79' lang='lat' dir='ltr'><strong>Rotltut.</strong></span> 
     </span>
    </p>
   </div>
   <div class='ocr_carea' id='block_1_29' title="bbox 504 2599 1498 2674">
    <p class='ocr_par' dir='ltr' id='par_1_29' title="bbox 504 2599 1498 2674">
     <span class='ocr_line' id='line_1_29' title="bbox 504 2599 1498 2674; baseline 0.006 -19"><span class='ocrx_word' id='word_1_210' title='bbox 504 2599 704 2657; x_wconf 77' lang='lat' dir='ltr'><strong>Hector</strong></span> <span class='ocrx_word' id='word_1_211' title='bbox 735 2605 802 2658; x_wconf 89' lang='lat' dir='ltr'><strong>ab</strong></span> <span class='ocrx_word' id='word_1_212' title='bbox 834 2605 977 2670; x_wconf 81' lang='lat' dir='ltr'><strong>Eltz,</strong></span> <span class='ocrx_word' id='word_1_213' title='bbox 1013 2607 1152 2661; x_wconf 67' lang='lat' dir='ltr'><strong>aulae</strong></span> <span class='ocrx_word' id='word_1_214' title='bbox 1188 2608 1498 2674; x_wconf 62' lang='lat' dir='ltr'><strong>praefectus.</strong></span> 
     </span>
    </p>
   </div>
   <div class='ocr_carea' id='block_1_30' title="bbox 451 2687 1738 2768">
    <p class='ocr_par' dir='ltr' id='par_1_30' title="bbox 451 2687 1738 2768">
     <span class='ocr_line' id='line_1_30' title="bbox 451 2687 1738 2768; baseline 0.007 -23"><span class='ocrx_word' id='word_1_215' title='bbox 451 2687 460 2696; x_wconf 85' lang='grc'><em>’</em></span> <span class='ocrx_word' id='word_1_216' title='bbox 504 2690 663 2745; x_wconf 81' lang='lat' dir='ltr'><strong>Joau.</strong></span> <span class='ocrx_word' id='word_1_217' title='bbox 698 2691 938 2749; x_wconf 76' lang='lat' dir='ltr'><strong>lacubus</strong></span> <span class='ocrx_word' id='word_1_218' title='bbox 973 2695 1147 2768; x_wconf 81' lang='lat' dir='ltr'><strong>Eglnf,</strong></span> <span class='ocrx_word' id='word_1_219' title='bbox 1190 2699 1388 2754; x_wconf 84' lang='lat' dir='ltr'><strong>stabuli</strong></span> <span class='ocrx_word' id='word_1_220' title='bbox 1426 2696 1738 2767; x_wconf 70' lang='lat' dir='ltr'><strong>prmfeclus.</strong></span> 
     </span>
    </p>
   </div>
   <div class='ocr_carea' id='block_1_31' title="bbox 503 2780 1493 2843">
    <p class='ocr_par' dir='ltr' id='par_1_31' title="bbox 503 2780 1493 2843">
     <span class='ocr_line' id='line_1_31' title="bbox 503 2780 1493 2843; baseline 0.012 -6"><span class='ocrx_word' id='word_1_221' title='bbox 503 2780 745 2838; x_wconf 75' lang='lat' dir='ltr'><strong>Jacobns</strong></span> <span class='ocrx_word' id='word_1_222' title='bbox 777 2785 1012 2843; x_wconf 81' lang='lat' dir='ltr'><strong>Mieliclt.</strong></span> <span class='ocrx_word' id='word_1_223' title='bbox 1486 2802 1493 2807; x_wconf 84' lang='grc'><em>’</em></span> 
     </span>
    </p>
   </div>
   <div class='ocr_carea' id='block_1_32' title="bbox 511 2875 1075 2950">
    <p class='ocr_par' dir='ltr' id='par_1_32' title="bbox 511 2875 1075 2950">
     <span class='ocr_line' id='line_1_32' title="bbox 511 2875 1075 2950; baseline 0.004 -19"><span class='ocrx_word' id='word_1_224' title='bbox 511 2875 700 2931; x_wconf 79' lang='lat' dir='ltr'><strong>Victor</strong></span> <span class='ocrx_word' id='word_1_225' title='bbox 729 2876 1075 2950; x_wconf 80' lang='lat' dir='ltr'><strong>Recltliuger.</strong></span> 
     </span>
    </p>
   </div>
   <div class='ocr_carea' id='block_1_33' title="bbox 513 2965 1507 3027">
    <p class='ocr_par' dir='ltr' id='par_1_33' title="bbox 513 2965 1507 3027">
     <span class='ocr_line' id='line_1_33' title="bbox 513 2965 1507 3027; baseline 0.005 -6"><span class='ocrx_word' id='word_1_226' title='bbox 513 2965 754 3024; x_wconf 80' lang='lat' dir='ltr'><strong>Joannes</strong></span> <span class='ocrx_word' id='word_1_227' title='bbox 786 2967 1020 3025; x_wconf 76' lang='lat' dir='ltr'><strong>Basilius</strong></span> <span class='ocrx_word' id='word_1_228' title='bbox 1049 2969 1118 3025; x_wconf 90' lang='lat' dir='ltr'><strong>ab</strong></span> <span class='ocrx_word' id='word_1_229' title='bbox 1149 2968 1507 3027; x_wconf 81' lang='lat' dir='ltr'><strong>lioltenwart.</strong></span> 
     </span>
    </p>
   </div>
   <div class='ocr_carea' id='block_1_34' title="bbox 511 3059 2043 3122">
    <p class='ocr_par' dir='ltr' id='par_1_34' title="bbox 511 3059 2043 3122">
     <span class='ocr_line' id='line_1_34' title="bbox 511 3059 2043 3122; baseline 0.008 -12"><span class='ocrx_word' id='word_1_230' title='bbox 511 3059 753 3114; x_wconf 78' lang='lat' dir='ltr'><strong>Aderant</strong></span> <span class='ocrx_word' id='word_1_231' title='bbox 810 3061 1080 3116; x_wconf 88' lang='lat' dir='ltr'><strong>baronqu</strong></span> <span class='ocrx_word' id='word_1_232' title='bbox 1159 3079 1224 3118; x_wconf 91' lang='lat' dir='ltr'><strong>ac</strong></span> <span class='ocrx_word' id='word_1_233' title='bbox 1282 3066 1549 3119; x_wconf 89' lang='lat' dir='ltr'><strong>nobilium</strong></span> <span class='ocrx_word' id='word_1_234' title='bbox 1608 3064 1813 3121; x_wconf 83' lang='lat' dir='ltr'><strong>addicti</strong></span> <span class='ocrx_word' id='word_1_235' title='bbox 1877 3068 2043 3122; x_wconf 86' lang='lat' dir='ltr'><strong>mitti-</strong></span> 
     </span>
    </p>
   </div>
   <div class='ocr_carea' id='block_1_35' title="bbox 437 3151 2039 3229">
    <p class='ocr_par' dir='ltr' id='par_1_35' title="bbox 437 3151 2039 3229">
     <span class='ocr_line' id='line_1_35' title="bbox 437 3151 2039 3229; baseline 0.007 -24"><span class='ocrx_word' id='word_1_236' title='bbox 437 3151 628 3205; x_wconf 70' lang='lat' dir='ltr'><strong>steriis</strong></span> <span class='ocrx_word' id='word_1_237' title='bbox 661 3151 1039 3208; x_wconf 88' lang='lat' dir='ltr'><strong>adolescentes</strong></span> <span class='ocrx_word' id='word_1_238' title='bbox 1075 3155 1292 3211; x_wconf 89' lang='lat' dir='ltr'><strong>nobiles</strong></span> <span class='ocrx_word' id='word_1_239' title='bbox 1329 3155 1633 3223; x_wconf 83' lang='lat' dir='ltr'><strong>sexdecim,</strong></span> <span class='ocrx_word' id='word_1_240' title='bbox 1669 3168 1870 3229; x_wconf 80' lang='lat' dir='ltr'><strong>praeter</strong></span> <span class='ocrx_word' id='word_1_241' title='bbox 1900 3160 2039 3216; x_wconf 90' lang='lat' dir='ltr'><strong>alios</strong></span> 
     </span>
    </p>
   </div>
   <div class='ocr_carea' id='block_1_36' title="bbox 2205 2011 3748 2061">
    <p class='ocr_par' dir='ltr' id='par_1_36' title="bbox 2205 2011 3748 2061">
     <span class='ocr_line' id='line_1_36' title="bbox 2205 2011 3748 2061; baseline -0.006 -1"><span class='ocrx_word' id='word_1_242' title='bbox 2205 2022 2437 2061; x_wconf 69' lang='lat' dir='ltr'><strong>LIUPOLI.</strong></span> <span class='ocrx_word' id='word_1_243' title='bbox 2468 2020 2534 2059; x_wconf 76' lang='grc' dir='ltr'><strong>ΑΙ)</strong></span> <span class='ocrx_word' id='word_1_244' title='bbox 2561 2019 2787 2059; x_wconf 64' lang='grc' dir='ltr'><strong>ῦιιλυυε.</strong></span> <span class='ocrx_word' id='word_1_245' title='bbox 2821 2017 2991 2057; x_wconf 70' lang='lat' dir='ltr'><strong>PROPE</strong></span> <span class='ocrx_word' id='word_1_246' title='bbox 3024 2014 3429 2055; x_wconf 61' lang='lat' dir='ltr'><strong>CONVERSIONEM</strong></span> <span class='ocrx_word' id='word_1_247' title='bbox 3464 2012 3511 2051; x_wconf 86' lang='lat' dir='ltr'><strong>S.</strong></span> <span class='ocrx_word' id='word_1_248' title='bbox 3548 2011 3748 2057; x_wconf 56' lang='grc' dir='ltr'><strong>υλυω.</strong></span> 
     </span>
    </p>
   </div>
   <div class='ocr_carea' id='block_1_37' title="bbox 2204 2083 3444 2132">
    <p class='ocr_par' dir='ltr' id='par_1_37' title="bbox 2204 2083 3444 2132">
     <span class='ocr_line' id='line_1_37' title="bbox 2204 2083 3444 2132; baseline -0.009 0"><span class='ocrx_word' id='word_1_249' title='bbox 2204 2092 2293 2132; x_wconf 75' lang='grc' dir='ltr'><strong>ωε</strong></span> <span class='ocrx_word' id='word_1_250' title='bbox 2321 2092 2376 2132; x_wconf 72' lang='grc' dir='ltr'><strong>Ι.</strong></span> <span class='ocrx_word' id='word_1_251' title='bbox 2409 2090 2588 2132; x_wconf 68' lang='grc' dir='ltr'><strong>ΔΡΒΞΙ..</strong></span> <span class='ocrx_word' id='word_1_252' title='bbox 2616 2090 2711 2131; x_wconf 72' lang='grc' dir='ltr'><strong>ΣΧ.</strong></span> <span class='ocrx_word' id='word_1_253' title='bbox 2753 2089 2848 2129; x_wconf 73' lang='lat' dir='ltr'><strong>AN.</strong></span> <span class='ocrx_word' id='word_1_254' title='bbox 2878 2086 3135 2129; x_wconf 77' lang='lat' dir='ltr'><strong>SUPERIUS</strong></span> <span class='ocrx_word' id='word_1_255' title='bbox 3163 2083 3444 2125; x_wconf 73' lang='lat' dir='ltr'><strong>lNDlCATO.</strong></span> 
     </span>
    </p>
   </div>
   <div class='ocr_carea' id='block_1_38' title="bbox 2205 2230 3750 2306">
    <p class='ocr_par' dir='ltr' id='par_1_38' title="bbox 2205 2230 3750 2306">
     <span class='ocr_line' id='line_1_38' title="bbox 2205 2230 3750 2306; baseline -0.006 -15"><span class='ocrx_word' id='word_1_256' title='bbox 2205 2236 2469 2306; x_wconf 84' lang='lat' dir='ltr'><strong>Equidem</strong></span> <span class='ocrx_word' id='word_1_257' title='bbox 2506 2235 2640 2290; x_wconf 90' lang='lat' dir='ltr'><strong>mibi</strong></span> <span class='ocrx_word' id='word_1_258' title='bbox 2705 2235 2994 2305; x_wconf 82' lang='lat' dir='ltr'><strong>polliceor,</strong></span> <span class='ocrx_word' id='word_1_259' title='bbox 3050 2234 3297 2288; x_wconf 87' lang='lat' dir='ltr'><strong>humano</strong></span> <span class='ocrx_word' id='word_1_260' title='bbox 3350 2231 3544 2286; x_wconf 81' lang='lat' dir='ltr'><strong>lectori</strong></span> <span class='ocrx_word' id='word_1_261' title='bbox 3590 2230 3750 2285; x_wconf 86' lang='lat' dir='ltr'><strong>hanc</strong></span> 
     </span>
    </p>
   </div>
   <div class='ocr_carea' id='block_1_39' title="bbox 2134 2325 3736 2397">
    <p class='ocr_par' dir='ltr' id='par_1_39' title="bbox 2134 2325 3736 2397">
     <span class='ocr_line' id='line_1_39' title="bbox 2134 2325 3736 2397; baseline -0.004 -12"><span class='ocrx_word' id='word_1_262' title='bbox 2134 2329 2345 2385; x_wconf 71' lang='lat' dir='ltr'><strong>itineris</strong></span> <span class='ocrx_word' id='word_1_263' title='bbox 2374 2328 2549 2383; x_wconf 88' lang='lat' dir='ltr'><strong>nostri</strong></span> <span class='ocrx_word' id='word_1_264' title='bbox 2580 2327 2916 2383; x_wconf 84' lang='lat' dir='ltr'><strong>mentionem</strong></span> <span class='ocrx_word' id='word_1_265' title='bbox 2948 2341 3058 2380; x_wconf 92' lang='lat' dir='ltr'><strong>non</strong></span> <span class='ocrx_word' id='word_1_266' title='bbox 3094 2327 3367 2397; x_wconf 85' lang='lat' dir='ltr'><strong>ingratam</strong></span> <span class='ocrx_word' id='word_1_267' title='bbox 3417 2325 3539 2379; x_wconf 87' lang='lat' dir='ltr'><strong>fore</strong></span> <span class='ocrx_word' id='word_1_268' title='bbox 3566 2342 3585 2380; x_wconf 89' lang='lat'><strong>:</strong></span> <span class='ocrx_word' id='word_1_269' title='bbox 3623 2341 3736 2395; x_wconf 80' lang='lat' dir='ltr'><strong>qua</strong></span> 
     </span>
    </p>
   </div>
   <div class='ocr_carea' id='block_1_40' title="bbox 2134 2418 3729 2491">
    <p class='ocr_par' dir='ltr' id='par_1_40' title="bbox 2134 2418 3729 2491">
     <span class='ocr_line' id='line_1_40' title="bbox 2134 2418 3729 2491; baseline -0.003 -15"><span class='ocrx_word' id='word_1_270' title='bbox 2134 2421 2293 2476; x_wconf 92' lang='lat' dir='ltr'><strong>libuit</strong></span> <span class='ocrx_word' id='word_1_271' title='bbox 2313 2420 2491 2477; x_wconf 88' lang='lat' dir='ltr'><strong>obiter</strong></span> <span class='ocrx_word' id='word_1_272' title='bbox 2521 2422 2688 2476; x_wconf 89' lang='lat' dir='ltr'><strong>etiam</strong></span> <span class='ocrx_word' id='word_1_273' title='bbox 2717 2434 2840 2474; x_wconf 90' lang='lat' dir='ltr'><strong>meo</strong></span> <span class='ocrx_word' id='word_1_274' title='bbox 2863 2434 2993 2491; x_wconf 85' lang='lat' dir='ltr'><strong>erga</strong></span> <span class='ocrx_word' id='word_1_275' title='bbox 3021 2420 3211 2474; x_wconf 82' lang='lat' dir='ltr'><strong>beatos</strong></span> <span class='ocrx_word' id='word_1_276' title='bbox 3244 2419 3465 2473; x_wconf 90' lang='lat' dir='ltr'><strong>llenrici</strong></span> <span class='ocrx_word' id='word_1_277' title='bbox 3504 2418 3729 2473; x_wconf 74' lang='lat' dir='ltr'><strong>baroni:</strong></span> 
     </span>
    </p>
   </div>
   <div class='ocr_carea' id='block_1_41' title="bbox 2135 2512 3723 2583">
    <p class='ocr_par' dir='ltr' id='par_1_41' title="bbox 2135 2512 3723 2583">
     <span class='ocr_line' id='line_1_41' title="bbox 2135 2512 3723 2583; baseline -0.003 -15"><span class='ocrx_word' id='word_1_278' title='bbox 2135 2514 2324 2568; x_wconf 73' lang='lat' dir='ltr'><strong>eximii</strong></span> <span class='ocrx_word' id='word_1_279' title='bbox 2361 2529 2553 2570; x_wconf 87' lang='lat' dir='ltr'><strong>manes</strong></span> <span class='ocrx_word' id='word_1_280' title='bbox 2580 2514 2759 2569; x_wconf 79' lang='lat' dir='ltr'><strong>officio</strong></span> <span class='ocrx_word' id='word_1_281' title='bbox 2776 2513 3022 2583; x_wconf 79' lang='lat' dir='ltr'><strong>defungi,</strong></span> <span class='ocrx_word' id='word_1_282' title='bbox 3064 2512 3223 2583; x_wconf 85' lang='lat' dir='ltr'><strong>cujus</strong></span> <span class='ocrx_word' id='word_1_283' title='bbox 3253 2528 3383 2582; x_wconf 78' lang='lat' dir='ltr'><strong>erga</strong></span> <span class='ocrx_word' id='word_1_284' title='bbox 3425 2528 3514 2567; x_wconf 90' lang='lat' dir='ltr'><strong>me</strong></span> <span class='ocrx_word' id='word_1_285' title='bbox 3538 2527 3723 2582; x_wconf 80' lang='lat' dir='ltr'><strong>perpe-</strong></span> 
     </span>
    </p>
   </div>
   <div class='ocr_carea' id='block_1_42' title="bbox 2138 2604 3731 2677">
    <p class='ocr_par' dir='ltr' id='par_1_42' title="bbox 2138 2604 3731 2677">
     <span class='ocr_line' id='line_1_42' title="bbox 2138 2604 3731 2677; baseline -0.004 -15"><span class='ocrx_word' id='word_1_286' title='bbox 2138 2615 2289 2662; x_wconf 90' lang='lat' dir='ltr'><strong>tuam</strong></span> <span class='ocrx_word' id='word_1_287' title='bbox 2322 2605 2449 2660; x_wconf 89' lang='lat' dir='ltr'><strong>inde</strong></span> <span class='ocrx_word' id='word_1_288' title='bbox 2482 2621 2657 2676; x_wconf 88' lang='lat' dir='ltr'><strong>usque</strong></span> <span class='ocrx_word' id='word_1_289' title='bbox 2689 2621 2719 2660; x_wconf 89' lang='lat' dir='ltr'><strong>a</strong></span> <span class='ocrx_word' id='word_1_290' title='bbox 2749 2606 3133 2677; x_wconf 88' lang='lat' dir='ltr'><strong>primisipsius</strong></span> <span class='ocrx_word' id='word_1_291' title='bbox 3161 2604 3731 2661; x_wconf 81' lang='lat' dir='ltr'><strong>adulescentisadbuc</strong></span> 
     </span>
    </p>
   </div>
   <div class='ocr_carea' id='block_1_43' title="bbox 2138 2693 3725 2766">
    <p class='ocr_par' dir='ltr' id='par_1_43' title="bbox 2138 2693 3725 2766">
     <span class='ocr_line' id='line_1_43' title="bbox 2138 2693 3725 2766; baseline -0.002 -15"><span class='ocrx_word' id='word_1_292' title='bbox 2138 2697 2301 2752; x_wconf 86' lang='lat' dir='ltr'><strong>annis</strong></span> <span class='ocrx_word' id='word_1_293' title='bbox 2337 2696 2772 2751; x_wconf 83' lang='lat' dir='ltr'><strong>benevolentiam</strong></span> <span class='ocrx_word' id='word_1_294' title='bbox 2797 2704 2853 2752; x_wconf 91' lang='lat' dir='ltr'><strong>et</strong></span> <span class='ocrx_word' id='word_1_295' title='bbox 2876 2712 3116 2753; x_wconf 86' lang='lat' dir='ltr'><strong>antorem</strong></span> <span class='ocrx_word' id='word_1_296' title='bbox 3143 2706 3411 2766; x_wconf 72' lang='lat' dir='ltr'><strong>expertus</strong></span> <span class='ocrx_word' id='word_1_297' title='bbox 3432 2696 3523 2750; x_wconf 88' lang='lat' dir='ltr'><strong>fui.</strong></span> <span class='ocrx_word' id='word_1_298' title='bbox 3560 2693 3725 2748; x_wconf 74' lang='lat' dir='ltr'><strong>Nunc</strong></span> 
     </span>
    </p>
   </div>
   <div class='ocr_carea' id='block_1_44' title="bbox 2139 2788 3731 2861">
    <p class='ocr_par' dir='ltr' id='par_1_44' title="bbox 2139 2788 3731 2861">
     <span class='ocr_line' id='line_1_44' title="bbox 2139 2788 3731 2861; baseline -0.001 -20"><span class='ocrx_word' id='word_1_299' title='bbox 2139 2789 2205 2844; x_wconf 88' lang='lat' dir='ltr'><strong>ad</strong></span> <span class='ocrx_word' id='word_1_300' title='bbox 2236 2788 2549 2845; x_wconf 88' lang='lat' dir='ltr'><strong>institutum</strong></span> <span class='ocrx_word' id='word_1_301' title='bbox 2584 2790 2901 2857; x_wconf 84' lang='lat' dir='ltr'><strong>redeuntes,</strong></span> <span class='ocrx_word' id='word_1_302' title='bbox 2926 2789 3148 2844; x_wconf 84' lang='lat' dir='ltr'><strong>tandem</strong></span> <span class='ocrx_word' id='word_1_303' title='bbox 3175 2788 3472 2861; x_wconf 85' lang='lat' dir='ltr'><strong>aliquando</strong></span> <span class='ocrx_word' id='word_1_304' title='bbox 3496 2803 3731 2859; x_wconf 85' lang='lat' dir='ltr'><strong>pensum</strong></span> 
     </span>
    </p>
   </div>
   <div class='ocr_carea' id='block_1_45' title="bbox 2141 2882 2645 2938">
    <p class='ocr_par' dir='ltr' id='par_1_45' title="bbox 2141 2882 2645 2938">
     <span class='ocr_line' id='line_1_45' title="bbox 2141 2882 2645 2938; baseline 0.002 -3"><span class='ocrx_word' id='word_1_305' title='bbox 2141 2882 2246 2938; x_wconf 90' lang='lat' dir='ltr'><strong>hoc</strong></span> <span class='ocrx_word' id='word_1_306' title='bbox 2271 2882 2645 2938; x_wconf 85' lang='lat' dir='ltr'><strong>absolvamus.</strong></span> 
     </span>
    </p>
   </div>
   <div class='ocr_carea' id='block_1_46' title="bbox 2211 2973 3742 3045">
    <p class='ocr_par' dir='ltr' id='par_1_46' title="bbox 2211 2973 3742 3045">
     <span class='ocr_line' id='line_1_46' title="bbox 2211 2973 3742 3045; baseline 0 -16"><span class='ocrx_word' id='word_1_307' title='bbox 2211 2974 2327 3031; x_wconf 79' lang='lat' dir='ltr'><strong>Hac</strong></span> <span class='ocrx_word' id='word_1_308' title='bbox 2345 2976 2506 3031; x_wconf 79' lang='lat' dir='ltr'><strong>etiam</strong></span> <span class='ocrx_word' id='word_1_309' title='bbox 2530 2983 2717 3030; x_wconf 71' lang='lat' dir='ltr'><strong>aestate</strong></span> <span class='ocrx_word' id='word_1_310' title='bbox 2744 2974 2871 3029; x_wconf 89' lang='lat' dir='ltr'><strong>anni</strong></span> <span class='ocrx_word' id='word_1_311' title='bbox 2903 2973 3000 3029; x_wconf 77' lang='lat'><strong>99!</strong></span> <span class='ocrx_word' id='word_1_312' title='bbox 3072 2973 3229 3042; x_wconf 84' lang='lat' dir='ltr'><strong>(Chr.</strong></span> <span class='ocrx_word' id='word_1_313' title='bbox 3270 2974 3431 3045; x_wconf 66' lang='lat' dir='ltr'><strong>l581)</strong></span> <span class='ocrx_word' id='word_1_314' title='bbox 3480 2976 3742 3029; x_wconf 87' lang='lat' dir='ltr'><strong>sultauus</strong></span> 
     </span>
    </p>
   </div>
   <div class='ocr_carea' id='block_1_47' title="bbox 2147 3067 3743 3137">
    <p class='ocr_par' dir='ltr' id='par_1_47' title="bbox 2147 3067 3743 3137">
     <span class='ocr_line' id='line_1_47' title="bbox 2147 3067 3743 3137; baseline 0.001 -15"><span class='ocrx_word' id='word_1_315' title='bbox 2147 3067 2391 3123; x_wconf 83' lang='lat' dir='ltr'><strong>Murates</strong></span> <span class='ocrx_word' id='word_1_316' title='bbox 2420 3067 2551 3122; x_wconf 89' lang='lat' dir='ltr'><strong>dum</strong></span> <span class='ocrx_word' id='word_1_317' title='bbox 2579 3082 2637 3122; x_wconf 89' lang='lat' dir='ltr'><strong>se</strong></span> <span class='ocrx_word' id='word_1_318' title='bbox 2673 3082 2797 3122; x_wconf 92' lang='lat' dir='ltr'><strong>cum</strong></span> <span class='ocrx_word' id='word_1_319' title='bbox 2832 3068 3000 3122; x_wconf 86' lang='lat' dir='ltr'><strong>mutis</strong></span> <span class='ocrx_word' id='word_1_320' title='bbox 3026 3068 3147 3123; x_wconf 90' lang='lat' dir='ltr'><strong>suis</strong></span> <span class='ocrx_word' id='word_1_321' title='bbox 3173 3068 3432 3131; x_wconf 75' lang='lat' dir='ltr'><strong>oblectat,</strong></span> <span class='ocrx_word' id='word_1_322' title='bbox 3470 3084 3613 3137; x_wconf 89' lang='lat' dir='ltr'><strong>pene</strong></span> <span class='ocrx_word' id='word_1_323' title='bbox 3642 3086 3743 3137; x_wconf 80' lang='lat' dir='ltr'><strong>pe-</strong></span> 
     </span>
    </p>
   </div>
   <div class='ocr_carea' id='block_1_48' title="bbox 2142 3157 3739 3229">
    <p class='ocr_par' dir='ltr' id='par_1_48' title="bbox 2142 3157 3739 3229">
     <span class='ocr_line' id='line_1_48' title="bbox 2142 3157 3739 3229; baseline 0.001 -16"><span class='ocrx_word' id='word_1_324' title='bbox 2142 3159 2254 3213; x_wconf 91' lang='lat' dir='ltr'><strong>riit.</strong></span> <span class='ocrx_word' id='word_1_325' title='bbox 2289 3157 2539 3214; x_wconf 80' lang='lat' dir='ltr'><strong>Diximus</strong></span> <span class='ocrx_word' id='word_1_326' title='bbox 2566 3159 2712 3213; x_wconf 89' lang='lat' dir='ltr'><strong>enim</strong></span> <span class='ocrx_word' id='word_1_327' title='bbox 2746 3174 2932 3229; x_wconf 85' lang='lat' dir='ltr'><strong>supra,</strong></span> <span class='ocrx_word' id='word_1_328' title='bbox 2955 3159 3386 3215; x_wconf 80' lang='lat' dir='ltr'><strong>mutossnltanis</strong></span> <span class='ocrx_word' id='word_1_329' title='bbox 3414 3158 3739 3215; x_wconf 81' lang='lat' dir='ltr'><strong>Osmanidis</strong></span> 
     </span>
    </p>
   </div>
   <div class='ocr_carea' id='block_1_49' title="bbox 441 3243 3737 3324">
    <p class='ocr_par' dir='ltr' id='par_1_49' title="bbox 441 3243 3737 3324">
     <span class='ocr_line' id='line_1_49' title="bbox 441 3243 3737 3324; baseline 0.002 -29"><span class='ocrx_word' id='word_1_330' title='bbox 441 3243 705 3312; x_wconf 80' lang='lat' dir='ltr'><strong>plebeios.</strong></span> <span class='ocrx_word' id='word_1_331' title='bbox 758 3244 932 3301; x_wconf 89' lang='lat' dir='ltr'><strong>Totus</strong></span> <span class='ocrx_word' id='word_1_332' title='bbox 970 3247 1209 3317; x_wconf 87' lang='lat' dir='ltr'><strong>denique</strong></span> <span class='ocrx_word' id='word_1_333' title='bbox 1242 3250 1542 3305; x_wconf 89' lang='lat' dir='ltr'><strong>comitatus</strong></span> <span class='ocrx_word' id='word_1_334' title='bbox 1584 3262 1739 3307; x_wconf 82' lang='lat' dir='ltr'><strong>extra</strong></span> <span class='ocrx_word' id='word_1_335' title='bbox 1797 3253 2030 3324; x_wconf 78' lang='lat' dir='ltr'><strong>legatum</strong></span> <span class='ocrx_word' id='word_1_336' title='bbox 2063 3262 2106 3319; x_wconf 69' lang='grc' dir='ltr'><strong>(ζ</strong></span> <span class='ocrx_word' id='word_1_337' title='bbox 2141 3250 2197 3304; x_wconf 91' lang='lat' dir='ltr'><strong>in</strong></span> <span class='ocrx_word' id='word_1_338' title='bbox 2229 3249 2440 3306; x_wconf 85' lang='lat' dir='ltr'><strong>deliciis</strong></span> <span class='ocrx_word' id='word_1_339' title='bbox 2464 3265 2608 3315; x_wconf 78' lang='lat' dir='ltr'><strong>053e,</strong></span> <span class='ocrx_word' id='word_1_340' title='bbox 2628 3251 2721 3319; x_wconf 91' lang='lat' dir='ltr'><strong>qui</strong></span> <span class='ocrx_word' id='word_1_341' title='bbox 2756 3250 2925 3304; x_wconf 84' lang='lat' dir='ltr'><strong>animi</strong></span> <span class='ocrx_word' id='word_1_342' title='bbox 2974 3264 3134 3304; x_wconf 81' lang='lat' dir='ltr'><strong>sensa</strong></span> <span class='ocrx_word' id='word_1_343' title='bbox 3162 3250 3334 3317; x_wconf 87' lang='lat' dir='ltr'><strong>signis</strong></span> <span class='ocrx_word' id='word_1_344' title='bbox 3395 3250 3737 3320; x_wconf 79' lang='lat' dir='ltr'><strong>quibusdam</strong></span> 
     </span>
    </p>
   </div>
   <div class='ocr_carea' id='block_1_50' title="bbox 441 3338 2037 3414">
    <p class='ocr_par' dir='ltr' id='par_1_50' title="bbox 441 3338 2037 3414">
     <span class='ocr_line' id='line_1_50' title="bbox 441 3338 2037 3414; baseline 0.008 -26"><span class='ocrx_word' id='word_1_345' title='bbox 441 3338 733 3391; x_wconf 72' lang='lat' dir='ltr'><strong>censi-altat</strong></span> <span class='ocrx_word' id='word_1_346' title='bbox 793 3338 1103 3408; x_wconf 85' lang='lat' dir='ltr'><strong>octuagiuta</strong></span> <span class='ocrx_word' id='word_1_347' title='bbox 1138 3356 1332 3395; x_wconf 81' lang='lat' dir='ltr'><strong>novem</strong></span> <span class='ocrx_word' id='word_1_348' title='bbox 1391 3343 1666 3412; x_wconf 82' lang='lat' dir='ltr'><strong>personis.</strong></span> <span class='ocrx_word' id='word_1_349' title='bbox 1704 3343 1841 3414; x_wconf 87' lang='lat' dir='ltr'><strong>Equi</strong></span> <span class='ocrx_word' id='word_1_350' title='bbox 1873 3361 2037 3401; x_wconf 80' lang='lat' dir='ltr'><strong>sexa-</strong></span> 
     </span>
    </p>
   </div>
   <div class='ocr_carea' id='block_1_51' title="bbox 441 3426 2036 3501">
    <p class='ocr_par' dir='ltr' id='par_1_51' title="bbox 441 3426 2036 3501">
     <span class='ocr_line' id='line_1_51' title="bbox 441 3426 2036 3501; baseline 0.008 -22"><span class='ocrx_word' id='word_1_351' title='bbox 441 3426 592 3497; x_wconf 77' lang='lat' dir='ltr'><strong>ginta</strong></span> <span class='ocrx_word' id='word_1_352' title='bbox 632 3443 726 3484; x_wconf 78' lang='lat' dir='ltr'><strong>sex</strong></span> <span class='ocrx_word' id='word_1_353' title='bbox 767 3439 945 3496; x_wconf 85' lang='lat' dir='ltr'><strong>erant,</strong></span> <span class='ocrx_word' id='word_1_354' title='bbox 989 3441 1184 3501; x_wconf 66' lang='lat' dir='ltr'><strong>praeter</strong></span> <span class='ocrx_word' id='word_1_355' title='bbox 1235 3432 1421 3488; x_wconf 87' lang='lat' dir='ltr'><strong>decem</strong></span> <span class='ocrx_word' id='word_1_356' title='bbox 1452 3435 1537 3490; x_wconf 86' lang='lat' dir='ltr'><strong>vel</strong></span> <span class='ocrx_word' id='word_1_357' title='bbox 1571 3435 1862 3492; x_wconf 79' lang='lat' dir='ltr'><strong>duodecim</strong></span> <span class='ocrx_word' id='word_1_358' title='bbox 1901 3454 2036 3494; x_wconf 91' lang='lat' dir='ltr'><strong>con-</strong></span> 
     </span>
    </p>
   </div>
   <div class='ocr_carea' id='block_1_52' title="bbox 445 3523 2039 3602">
    <p class='ocr_par' dir='ltr' id='par_1_52' title="bbox 445 3523 2039 3602">
     <span class='ocr_line' id='line_1_52' title="bbox 445 3523 2039 3602; baseline 0.009 -29"><span class='ocrx_word' id='word_1_359' title='bbox 445 3523 747 3580; x_wconf 82' lang='lat' dir='ltr'><strong>ductitios:</strong></span> <span class='ocrx_word' id='word_1_360' title='bbox 800 3541 997 3580; x_wconf 87' lang='lat' dir='ltr'><strong>currus</strong></span> <span class='ocrx_word' id='word_1_361' title='bbox 1044 3526 1227 3598; x_wconf 87' lang='lat' dir='ltr'><strong>(vulgo</strong></span> <span class='ocrx_word' id='word_1_362' title='bbox 1274 3529 1492 3586; x_wconf 89' lang='lat' dir='ltr'><strong>coccios</strong></span> <span class='ocrx_word' id='word_1_363' title='bbox 1522 3532 1741 3601; x_wconf 89' lang='lat' dir='ltr'><strong>vocant)</strong></span> <span class='ocrx_word' id='word_1_364' title='bbox 1800 3542 2039 3602; x_wconf 62' lang='lat' dir='ltr'><strong>st-ptem-</strong></span> 
     </span>
    </p>
   </div>
   <div class='ocr_carea' id='block_1_53' title="bbox 446 3608 2037 3691">
    <p class='ocr_par' dir='ltr' id='par_1_53' title="bbox 446 3608 2037 3691">
     <span class='ocr_line' id='line_1_53' title="bbox 446 3608 2037 3691; baseline 0.007 -25"><span class='ocrx_word' id='word_1_365' title='bbox 446 3613 648 3676; x_wconf 86' lang='lat' dir='ltr'><strong>decim.</strong></span> <span class='ocrx_word' id='word_1_366' title='bbox 680 3617 880 3686; x_wconf 85' lang='lat' dir='ltr'><strong>quibus</strong></span> <span class='ocrx_word' id='word_1_367' title='bbox 924 3608 1186 3675; x_wconf 81' lang='lat' dir='ltr'><strong>Tauruno</strong></span> <span class='ocrx_word' id='word_1_368' title='bbox 1215 3621 1332 3675; x_wconf 81' lang='lat' dir='ltr'><strong>sive</strong></span> <span class='ocrx_word' id='word_1_369' title='bbox 1374 3622 1641 3691; x_wconf 83' lang='lat' dir='ltr'><strong>Belgrade</strong></span> <span class='ocrx_word' id='word_1_370' title='bbox 1701 3623 2037 3680; x_wconf 85' lang='lat' dir='ltr'><strong>Constanti-</strong></span> 
     </span>
    </p>
   </div>
   <div class='ocr_carea' id='block_1_54' title="bbox 444 3710 2041 3784">
    <p class='ocr_par' dir='ltr' id='par_1_54' title="bbox 444 3710 2041 3784">
     <span class='ocr_line' id='line_1_54' title="bbox 444 3710 2041 3784; baseline 0.007 -22"><span class='ocrx_word' id='word_1_371' title='bbox 444 3710 685 3780; x_wconf 88' lang='lat' dir='ltr'><strong>nopoliut</strong></span> <span class='ocrx_word' id='word_1_372' title='bbox 761 3713 1105 3770; x_wconf 76' lang='lat' dir='ltr'><strong>veherentur.</strong></span> <span class='ocrx_word' id='word_1_373' title='bbox 1160 3716 1290 3773; x_wconf 82' lang='lat' dir='ltr'><strong>Istic</strong></span> <span class='ocrx_word' id='word_1_374' title='bbox 1319 3717 1469 3772; x_wconf 90' lang='lat' dir='ltr'><strong>enim</strong></span> <span class='ocrx_word' id='word_1_375' title='bbox 1546 3720 1921 3784; x_wconf 79' lang='lat' dir='ltr'><strong>exsccnditur,</strong></span> <span class='ocrx_word' id='word_1_376' title='bbox 1986 3726 2041 3773; x_wconf 87' lang='lat' dir='ltr'><strong>ct</strong></span> 
     </span>
    </p>
   </div>
   <div class='ocr_carea' id='block_1_55' title="bbox 446 3802 2039 3880">
    <p class='ocr_par' dir='ltr' id='par_1_55' title="bbox 446 3802 2039 3880">
     <span class='ocr_line' id='line_1_55' title="bbox 446 3802 2039 3880; baseline 0.006 -25"><span class='ocrx_word' id='word_1_377' title='bbox 446 3802 643 3857; x_wconf 82' lang='lat' dir='ltr'><strong>itinere</strong></span> <span class='ocrx_word' id='word_1_378' title='bbox 681 3805 951 3873; x_wconf 77' lang='lat' dir='ltr'><strong>terreStri,</strong></span> <span class='ocrx_word' id='word_1_379' title='bbox 997 3807 1246 3863; x_wconf 86' lang='lat' dir='ltr'><strong>Danubio</strong></span> <span class='ocrx_word' id='word_1_380' title='bbox 1286 3808 1354 3864; x_wconf 88' lang='lat' dir='ltr'><strong>ad</strong></span> <span class='ocrx_word' id='word_1_381' title='bbox 1413 3809 1603 3865; x_wconf 86' lang='lat' dir='ltr'><strong>laevam</strong></span> <span class='ocrx_word' id='word_1_382' title='bbox 1669 3811 1885 3872; x_wconf 86' lang='lat' dir='ltr'><strong>relicto,</strong></span> <span class='ocrx_word' id='word_1_383' title='bbox 1941 3824 2039 3880; x_wconf 81' lang='lat' dir='ltr'><strong>per</strong></span> 
     </span>
    </p>
   </div>
   <div class='ocr_carea' id='block_1_56' title="bbox 445 3895 2037 3973">
    <p class='ocr_par' dir='ltr' id='par_1_56' title="bbox 445 3895 2037 3973">
     <span class='ocr_line' id='line_1_56' title="bbox 445 3895 2037 3973; baseline 0.004 -25"><span class='ocrx_word' id='word_1_384' title='bbox 445 3895 716 3958; x_wconf 83' lang='lat' dir='ltr'><strong>Serviam,</strong></span> <span class='ocrx_word' id='word_1_385' title='bbox 747 3896 1078 3970; x_wconf 66' lang='lat' dir='ltr'><strong>uulgariam,</strong></span> <span class='ocrx_word' id='word_1_386' title='bbox 1103 3900 1434 3957; x_wconf 71' lang='lat' dir='ltr'><strong>Macedonia:</strong></span> <span class='ocrx_word' id='word_1_387' title='bbox 1457 3912 1693 3973; x_wconf 88' lang='lat' dir='ltr'><strong>partem,</strong></span> <span class='ocrx_word' id='word_1_388' title='bbox 1719 3901 2037 3969; x_wconf 80' lang='lat' dir='ltr'><strong>Thraciam,</strong></span> 
     </span>
    </p>
   </div>
   <div class='ocr_carea' id='block_1_57' title="bbox 445 3988 2039 4064">
    <p class='ocr_par' dir='ltr' id='par_1_57' title="bbox 445 3988 2039 4064">
     <span class='ocr_line' id='line_1_57' title="bbox 445 3988 2039 4064; baseline 0.003 -22"><span class='ocrx_word' id='word_1_389' title='bbox 445 3988 987 4061; x_wconf 78' lang='lat' dir='ltr'><strong>ConStantiuopolim</strong></span> <span class='ocrx_word' id='word_1_390' title='bbox 1023 3994 1152 4048; x_wconf 91' lang='lat' dir='ltr'><strong>itur.</strong></span> <span class='ocrx_word' id='word_1_391' title='bbox 1192 3994 1530 4064; x_wconf 80' lang='lat' dir='ltr'><strong>Adjunxerat</strong></span> <span class='ocrx_word' id='word_1_392' title='bbox 1566 3995 1779 4051; x_wconf 89' lang='lat' dir='ltr'><strong>itineris</strong></span> <span class='ocrx_word' id='word_1_393' title='bbox 1810 3995 2039 4050; x_wconf 80' lang='lat' dir='ltr'><strong>comites</strong></span> 
     </span>
    </p>
   </div>
   <div class='ocr_carea' id='block_1_58' title="bbox 452 4081 2039 4157">
    <p class='ocr_par' dir='ltr' id='par_1_58' title="bbox 452 4081 2039 4157">
     <span class='ocr_line' id='line_1_58' title="bbox 452 4081 2039 4157; baseline 0.006 -23"><span class='ocrx_word' id='word_1_394' title='bbox 452 4081 613 4137; x_wconf 82' lang='lat' dir='ltr'><strong>bassa</strong></span> <span class='ocrx_word' id='word_1_395' title='bbox 647 4082 940 4149; x_wconf 81' lang='lat' dir='ltr'><strong>Budensis,</strong></span> <span class='ocrx_word' id='word_1_396' title='bbox 1002 4100 1172 4139; x_wconf 90' lang='lat' dir='ltr'><strong>unum</strong></span> <span class='ocrx_word' id='word_1_397' title='bbox 1229 4102 1294 4140; x_wconf 73' lang='lat' dir='ltr'><strong>es</strong></span> <span class='ocrx_word' id='word_1_398' title='bbox 1360 4087 1702 4157; x_wconf 42' lang='lat' dir='ltr'><strong>proceribus,</strong></span> <span class='ocrx_word' id='word_1_399' title='bbox 1766 4087 1861 4157; x_wconf 88' lang='lat' dir='ltr'><strong>qui</strong></span> <span class='ocrx_word' id='word_1_400' title='bbox 1911 4086 2039 4157; x_wconf 71' lang='grc' dir='ltr'><strong>Βθεί</strong></span> 
     </span>
    </p>
   </div>
   <div class='ocr_carea' id='block_1_59' title="bbox 451 4148 2044 4249">
    <p class='ocr_par' dir='ltr' id='par_1_59' title="bbox 451 4148 2044 4249">
     <span class='ocr_line' id='line_1_59' title="bbox 451 4148 2044 4249; baseline 0.006 -24"><span class='ocrx_word' id='word_1_401' title='bbox 451 4169 649 4227; x_wconf 78' lang='lat' dir='ltr'><strong>Turcis</strong></span> <span class='ocrx_word' id='word_1_402' title='bbox 693 4174 969 4236; x_wconf 90' lang='lat' dir='ltr'><strong>dicuntur,</strong></span> <span class='ocrx_word' id='word_1_403' title='bbox 1024 4176 1269 4245; x_wconf 86' lang='lat' dir='ltr'><strong>itemque</strong></span> <span class='ocrx_word' id='word_1_404' title='bbox 1330 4185 1443 4232; x_wconf 88' lang='lat' dir='ltr'><strong>tres</strong></span> <span class='ocrx_word' id='word_1_405' title='bbox 1490 4148 1730 4243; x_wconf 50' lang='lat' dir='ltr'><strong>zabsius,</strong></span> <span class='ocrx_word' id='word_1_406' title='bbox 1761 4179 1854 4249; x_wconf 85' lang='lat' dir='ltr'><strong>qui</strong></span> <span class='ocrx_word' id='word_1_407' title='bbox 1889 4195 2044 4234; x_wconf 78' lang='lat' dir='ltr'><strong>com-</strong></span> 
     </span>
    </p>
   </div>
   <div class='ocr_carea' id='block_1_60' title="bbox 458 4264 2040 4363">
    <p class='ocr_par' dir='ltr' id='par_1_60' title="bbox 458 4264 2040 4363">
     <span class='ocr_line' id='line_1_60' title="bbox 458 4264 2040 4363; baseline 0.006 -46"><span class='ocrx_word' id='word_1_408' title='bbox 458 4265 841 4320; x_wconf 87' lang='lat' dir='ltr'><strong>missariorutn</strong></span> <span class='ocrx_word' id='word_1_409' title='bbox 881 4264 934 4320; x_wconf 92' lang='lat' dir='ltr'><strong>in</strong></span> <span class='ocrx_word' id='word_1_410' title='bbox 973 4267 1114 4322; x_wconf 89' lang='lat' dir='ltr'><strong>aulis</strong></span> <span class='ocrx_word' id='word_1_411' title='bbox 1143 4268 1347 4324; x_wconf 88' lang='lat' dir='ltr'><strong>nostris</strong></span> <span class='ocrx_word' id='word_1_412' title='bbox 1374 4269 1554 4324; x_wconf 90' lang='lat' dir='ltr'><strong>locum</strong></span> <span class='ocrx_word' id='word_1_413' title='bbox 1590 4270 1715 4326; x_wconf 84' lang='lat' dir='ltr'><strong>istic</strong></span> <span class='ocrx_word' id='word_1_414' title='bbox 1766 4272 2040 4363; x_wconf 56' lang='grc' dir='ltr'><strong>οϋιὶιιοιεῑ.</strong></span> 
     </span>
    </p>
   </div>
   <div class='ocr_carea' id='block_1_61' title="bbox 450 4357 2042 4435">
    <p class='ocr_par' dir='ltr' id='par_1_61' title="bbox 450 4357 2042 4435">
     <span class='ocr_line' id='line_1_61' title="bbox 450 4357 2042 4435; baseline 0.007 -27"><span class='ocrx_word' id='word_1_415' title='bbox 450 4364 648 4413; x_wconf 84' lang='lat' dir='ltr'><strong>cttrcs</strong></span> <span class='ocrx_word' id='word_1_416' title='bbox 698 4357 1010 4426; x_wconf 81' lang='lat' dir='ltr'><strong>geaizaros.</strong></span> <span class='ocrx_word' id='word_1_417' title='bbox 1069 4357 1135 4413; x_wconf 87' lang='lat' dir='ltr'><strong>lli</strong></span> <span class='ocrx_word' id='word_1_418' title='bbox 1203 4359 1318 4415; x_wconf 88' lang='lat' dir='ltr'><strong>suis</strong></span> <span class='ocrx_word' id='word_1_419' title='bbox 1384 4375 1510 4416; x_wconf 90' lang='lat' dir='ltr'><strong>cum</strong></span> <span class='ocrx_word' id='word_1_420' title='bbox 1579 4360 1801 4419; x_wconf 86' lang='lat' dir='ltr'><strong>famulis</strong></span> <span class='ocrx_word' id='word_1_421' title='bbox 1854 4374 1908 4420; x_wconf 88' lang='lat' dir='ltr'><strong>et</strong></span> <span class='ocrx_word' id='word_1_422' title='bbox 1938 4357 2042 4435; x_wconf 78' lang='lat' dir='ltr'><strong>ipsi</strong></span> 
     </span>
    </p>
   </div>
   <div class='ocr_carea' id='block_1_62' title="bbox 453 4451 2042 4520">
    <p class='ocr_par' dir='ltr' id='par_1_62' title="bbox 453 4451 2042 4520">
     <span class='ocr_line' id='line_1_62' title="bbox 453 4451 2042 4520; baseline 0.006 -16"><span class='ocrx_word' id='word_1_423' title='bbox 453 4459 649 4520; x_wconf 59' lang='lat' dir='ltr'><strong>praeter</strong></span> <span class='ocrx_word' id='word_1_424' title='bbox 675 4451 912 4520; x_wconf 86' lang='lat' dir='ltr'><strong>equites,</strong></span> <span class='ocrx_word' id='word_1_425' title='bbox 944 4461 1152 4520; x_wconf 88' lang='lat' dir='ltr'><strong>septem</strong></span> <span class='ocrx_word' id='word_1_426' title='bbox 1187 4451 1373 4508; x_wconf 88' lang='lat' dir='ltr'><strong>rhedis</strong></span> <span class='ocrx_word' id='word_1_427' title='bbox 1415 4455 1530 4509; x_wconf 88' lang='lat' dir='ltr'><strong>sive</strong></span> <span class='ocrx_word' id='word_1_428' title='bbox 1564 4455 1823 4511; x_wconf 86' lang='lat' dir='ltr'><strong>curribus</strong></span> <span class='ocrx_word' id='word_1_429' title='bbox 1872 4459 2042 4513; x_wconf 68' lang='lat' dir='ltr'><strong>velte-</strong></span> 
     </span>
    </p>
   </div>
   <div class='ocr_carea' id='block_1_63' title="bbox 2142 3342 3742 3413">
    <p class='ocr_par' dir='ltr' id='par_1_63' title="bbox 2142 3342 3742 3413">
     <span class='ocr_line' id='line_1_63' title="bbox 2142 3342 3742 3413; baseline -0.002 -17"><span class='ocrx_word' id='word_1_430' title='bbox 2142 3344 2357 3411; x_wconf 87' lang='lat' dir='ltr'><strong>apcrire</strong></span> <span class='ocrx_word' id='word_1_431' title='bbox 2387 3344 2617 3399; x_wconf 83' lang='lat' dir='ltr'><strong>solerter</strong></span> <span class='ocrx_word' id='word_1_432' title='bbox 2648 3353 2873 3406; x_wconf 91' lang='lat' dir='ltr'><strong>norunt,</strong></span> <span class='ocrx_word' id='word_1_433' title='bbox 2905 3352 2961 3397; x_wconf 91' lang='lat' dir='ltr'><strong>et</strong></span> <span class='ocrx_word' id='word_1_434' title='bbox 2993 3342 3237 3397; x_wconf 89' lang='lat' dir='ltr'><strong>vicissim</strong></span> <span class='ocrx_word' id='word_1_435' title='bbox 3276 3343 3588 3413; x_wconf 81' lang='lat' dir='ltr'><strong>intelligere</strong></span> <span class='ocrx_word' id='word_1_436' title='bbox 3630 3362 3742 3398; x_wconf 86' lang='lat' dir='ltr'><strong>ttu-</strong></span> 
     </span>
    </p>
   </div>
   <div class='ocr_carea' id='block_1_64' title="bbox 2143 3434 3741 3505">
    <p class='ocr_par' dir='ltr' id='par_1_64' title="bbox 2143 3434 3741 3505">
     <span class='ocr_line' id='line_1_64' title="bbox 2143 3434 3741 3505; baseline 0.002 -14"><span class='ocrx_word' id='word_1_437' title='bbox 2143 3436 2289 3491; x_wconf 82' lang='lat' dir='ltr'><strong>tibus</strong></span> <span class='ocrx_word' id='word_1_438' title='bbox 2316 3451 2382 3492; x_wconf 84' lang='lat' dir='ltr'><strong>ac</strong></span> <span class='ocrx_word' id='word_1_439' title='bbox 2407 3435 2577 3504; x_wconf 86' lang='lat' dir='ltr'><strong>signis</strong></span> <span class='ocrx_word' id='word_1_440' title='bbox 2603 3437 2865 3491; x_wconf 87' lang='lat' dir='ltr'><strong>indicata.</strong></span> <span class='ocrx_word' id='word_1_441' title='bbox 2912 3435 3137 3490; x_wconf 82' lang='lat' dir='ltr'><strong>Solebat</strong></span> <span class='ocrx_word' id='word_1_442' title='bbox 3171 3437 3272 3490; x_wconf 82' lang='lat' dir='ltr'><strong>ltos</strong></span> <span class='ocrx_word' id='word_1_443' title='bbox 3301 3434 3544 3491; x_wconf 77' lang='lat' dir='ltr'><strong>Murates</strong></span> <span class='ocrx_word' id='word_1_444' title='bbox 3576 3439 3741 3505; x_wconf 82' lang='lat' dir='ltr'><strong>equis</strong></span> 
     </span>
    </p>
   </div>
   <div class='ocr_carea' id='block_1_65' title="bbox 2142 3525 3746 3599">
    <p class='ocr_par' dir='ltr' id='par_1_65' title="bbox 2142 3525 3746 3599">
     <span class='ocr_line' id='line_1_65' title="bbox 2142 3525 3746 3599; baseline -0.001 -18"><span class='ocrx_word' id='word_1_445' title='bbox 2142 3527 2563 3599; x_wconf 51' lang='lat' dir='ltr'><strong>praegrandibus</strong></span> <span class='ocrx_word' id='word_1_446' title='bbox 2587 3537 2640 3581; x_wconf 90' lang='lat' dir='ltr'><strong>et</strong></span> <span class='ocrx_word' id='word_1_447' title='bbox 2667 3527 2738 3581; x_wconf 92' lang='lat' dir='ltr'><strong>ob</strong></span> <span class='ocrx_word' id='word_1_448' title='bbox 2773 3541 3065 3596; x_wconf 81' lang='lat' dir='ltr'><strong>corporum</strong></span> <span class='ocrx_word' id='word_1_449' title='bbox 3105 3525 3302 3580; x_wconf 89' lang='lat' dir='ltr'><strong>molem</strong></span> <span class='ocrx_word' id='word_1_450' title='bbox 3339 3526 3512 3582; x_wconf 84' lang='lat' dir='ltr'><strong>tardis</strong></span> <span class='ocrx_word' id='word_1_451' title='bbox 3557 3527 3746 3595; x_wconf 74' lang='lat' dir='ltr'><strong>impo-</strong></span> 
     </span>
    </p>
   </div>
   <div class='ocr_carea' id='block_1_66' title="bbox 2142 3617 3735 3689">
    <p class='ocr_par' dir='ltr' id='par_1_66' title="bbox 2142 3617 3735 3689">
     <span class='ocr_line' id='line_1_66' title="bbox 2142 3617 3735 3689; baseline 0 -15"><span class='ocrx_word' id='word_1_452' title='bbox 2142 3634 2294 3681; x_wconf 85' lang='lat' dir='ltr'><strong>nere.</strong></span> <span class='ocrx_word' id='word_1_453' title='bbox 2349 3634 2476 3674; x_wconf 89' lang='lat' dir='ltr'><strong>cum</strong></span> <span class='ocrx_word' id='word_1_454' title='bbox 2536 3619 2657 3688; x_wconf 83' lang='lat' dir='ltr'><strong>ipse</strong></span> <span class='ocrx_word' id='word_1_455' title='bbox 2700 3618 2938 3673; x_wconf 81' lang='lat' dir='ltr'><strong>maxime</strong></span> <span class='ocrx_word' id='word_1_456' title='bbox 2996 3617 3252 3689; x_wconf 81' lang='lat' dir='ltr'><strong>agilibus,</strong></span> <span class='ocrx_word' id='word_1_457' title='bbox 3305 3632 3369 3672; x_wconf 90' lang='lat' dir='ltr'><strong>ac</strong></span> <span class='ocrx_word' id='word_1_458' title='bbox 3423 3620 3735 3686; x_wconf 64' lang='lat' dir='ltr'><strong>prmscrtint</strong></span> 
     </span>
    </p>
   </div>
   <div class='ocr_carea' id='block_1_67' title="bbox 2142 3705 3745 3776">
    <p class='ocr_par' dir='ltr' id='par_1_67' title="bbox 2142 3705 3745 3776">
     <span class='ocr_line' id='line_1_67' title="bbox 2142 3705 3745 3776; baseline -0.002 -8"><span class='ocrx_word' id='word_1_459' title='bbox 2142 3711 2412 3775; x_wconf 79' lang='lat' dir='ltr'><strong>Arabicis,</strong></span> <span class='ocrx_word' id='word_1_460' title='bbox 2445 3722 2694 3766; x_wconf 83' lang='lat' dir='ltr'><strong>uteretur</strong></span> <span class='ocrx_word' id='word_1_461' title='bbox 2726 3728 2739 3765; x_wconf 89' lang='lat'><strong>:</strong></span> <span class='ocrx_word' id='word_1_462' title='bbox 2780 3720 2835 3764; x_wconf 88' lang='lat' dir='ltr'><strong>et</strong></span> <span class='ocrx_word' id='word_1_463' title='bbox 2860 3710 3026 3765; x_wconf 86' lang='lat' dir='ltr'><strong>modo</strong></span> <span class='ocrx_word' id='word_1_464' title='bbox 3053 3711 3107 3764; x_wconf 89' lang='lat' dir='ltr'><strong>in</strong></span> <span class='ocrx_word' id='word_1_465' title='bbox 3144 3711 3313 3776; x_wconf 89' lang='lat' dir='ltr'><strong>hunc,</strong></span> <span class='ocrx_word' id='word_1_466' title='bbox 3384 3705 3630 3765; x_wconf 87' lang='lat' dir='ltr'><strong>modo&#39;in</strong></span> <span class='ocrx_word' id='word_1_467' title='bbox 3676 3711 3745 3764; x_wconf 84' lang='lat' dir='ltr'><strong>il-</strong></span> 
     </span>
    </p>
   </div>
   <div class='ocr_carea' id='block_1_68' title="bbox 2143 3800 3748 3876">
    <p class='ocr_par' dir='ltr' id='par_1_68' title="bbox 2143 3800 3748 3876">
     <span class='ocr_line' id='line_1_68' title="bbox 2143 3800 3748 3876; baseline -0.001 -16"><span class='ocrx_word' id='word_1_468' title='bbox 2143 3806 2257 3860; x_wconf 90' lang='lat' dir='ltr'><strong>lum</strong></span> <span class='ocrx_word' id='word_1_469' title='bbox 2278 3800 2760 3876; x_wconf 56' lang='lat' dir='ltr'><strong>provectus&#39;mervi</strong></span> <span class='ocrx_word' id='word_1_470' title='bbox 2786 3803 2974 3859; x_wconf 89' lang='lat' dir='ltr'><strong>bttbuli</strong></span> <span class='ocrx_word' id='word_1_471' title='bbox 2999 3804 3373 3872; x_wconf 87' lang='lat' dir='ltr'><strong>(caravazzam</strong></span> <span class='ocrx_word' id='word_1_472' title='bbox 3397 3804 3500 3874; x_wconf 89' lang='lat' dir='ltr'><strong>ipsi</strong></span> <span class='ocrx_word' id='word_1_473' title='bbox 3519 3804 3748 3870; x_wconf 80' lang='lat' dir='ltr'><strong>vocant)</strong></span> 
     </span>
    </p>
   </div>
   <div class='ocr_carea' id='block_1_69' title="bbox 2145 3898 3748 3966">
    <p class='ocr_par' dir='ltr' id='par_1_69' title="bbox 2145 3898 3748 3966">
     <span class='ocr_line' id='line_1_69' title="bbox 2145 3898 3748 3966; baseline -0.001 -14"><span class='ocrx_word' id='word_1_474' title='bbox 2145 3898 2467 3954; x_wconf 80' lang='lat' dir='ltr'><strong>verberibus</strong></span> <span class='ocrx_word' id='word_1_475' title='bbox 2495 3905 2608 3950; x_wconf 83' lang='lat' dir='ltr'><strong>tam</strong></span> <span class='ocrx_word' id='word_1_476' title='bbox 2641 3904 2846 3959; x_wconf 87' lang='lat' dir='ltr'><strong>mutos,</strong></span> <span class='ocrx_word' id='word_1_477' title='bbox 2903 3911 3069 3966; x_wconf 89' lang='lat' dir='ltr'><strong>quam</strong></span> <span class='ocrx_word' id='word_1_478' title='bbox 3097 3909 3270 3965; x_wconf 88' lang='lat' dir='ltr'><strong>equos</strong></span> <span class='ocrx_word' id='word_1_479' title='bbox 3323 3910 3513 3949; x_wconf 89' lang='lat' dir='ltr'><strong>corum</strong></span> <span class='ocrx_word' id='word_1_480' title='bbox 3546 3912 3748 3963; x_wconf 73' lang='lat' dir='ltr'><strong>ctesos,</strong></span> 
     </span>
    </p>
   </div>
   <div class='ocr_carea' id='block_1_70' title="bbox 2154 3987 3748 4057">
    <p class='ocr_par' dir='ltr' id='par_1_70' title="bbox 2154 3987 3748 4057">
     <span class='ocr_line' id='line_1_70' title="bbox 2154 3987 3748 4057; baseline -0.003 -12"><span class='ocrx_word' id='word_1_481' title='bbox 2154 3989 2223 4046; x_wconf 87' lang='lat' dir='ltr'><strong>ad</strong></span> <span class='ocrx_word' id='word_1_482' title='bbox 2260 4005 2484 4045; x_wconf 90' lang='lat' dir='ltr'><strong>cursum</strong></span> <span class='ocrx_word' id='word_1_483' title='bbox 2520 3988 2847 4057; x_wconf 87' lang='lat' dir='ltr'><strong>impelleret.</strong></span> <span class='ocrx_word' id='word_1_484' title='bbox 2878 3987 2936 4043; x_wconf 88' lang='lat' dir='ltr'><strong>In</strong></span> <span class='ocrx_word' id='word_1_485' title='bbox 2967 3988 3074 4043; x_wconf 90' lang='lat' dir='ltr'><strong>hoc</strong></span> <span class='ocrx_word' id='word_1_486' title='bbox 3106 3987 3235 4043; x_wconf 85' lang='lat' dir='ltr'><strong>ludo</strong></span> <span class='ocrx_word' id='word_1_487' title='bbox 3259 3997 3551 4057; x_wconf 82' lang='lat' dir='ltr'><strong>correptus</strong></span> <span class='ocrx_word' id='word_1_488' title='bbox 3572 3990 3748 4043; x_wconf 73' lang='lat' dir='ltr'><strong>couti-</strong></span> 
     </span>
    </p>
   </div>
   <div class='ocr_carea' id='block_1_71' title="bbox 2147 4078 3748 4152">
    <p class='ocr_par' dir='ltr' id='par_1_71' title="bbox 2147 4078 3748 4152">
     <span class='ocr_line' id='line_1_71' title="bbox 2147 4078 3748 4152; baseline 0.001 -16"><span class='ocrx_word' id='word_1_489' title='bbox 2147 4083 2261 4137; x_wconf 86' lang='lat' dir='ltr'><strong>tiali</strong></span> <span class='ocrx_word' id='word_1_490' title='bbox 2290 4079 2502 4143; x_wconf 88' lang='lat' dir='ltr'><strong>morbo,</strong></span> <span class='ocrx_word' id='word_1_491' title='bbox 2525 4080 2630 4135; x_wconf 83' lang='lat' dir='ltr'><strong>sibi</strong></span> <span class='ocrx_word' id='word_1_492' title='bbox 2671 4078 2952 4143; x_wconf 83' lang='lat' dir='ltr'><strong>familiari,</strong></span> <span class='ocrx_word' id='word_1_493' title='bbox 2983 4088 3094 4135; x_wconf 90' lang='lat' dir='ltr'><strong>tam</strong></span> <span class='ocrx_word' id='word_1_494' title='bbox 3121 4081 3271 4152; x_wconf 83' lang='lat' dir='ltr'><strong>gravi</strong></span> <span class='ocrx_word' id='word_1_495' title='bbox 3319 4081 3473 4151; x_wconf 89' lang='lat' dir='ltr'><strong>lapstt</strong></span> <span class='ocrx_word' id='word_1_496' title='bbox 3500 4096 3564 4135; x_wconf 80' lang='lat' dir='ltr'><strong>es</strong></span> <span class='ocrx_word' id='word_1_497' title='bbox 3602 4095 3748 4151; x_wconf 87' lang='lat' dir='ltr'><strong>equo</strong></span> 
     </span>
    </p>
   </div>
   <div class='ocr_carea' id='block_1_72' title="bbox 2154 4174 3748 4245">
    <p class='ocr_par' dir='ltr' id='par_1_72' title="bbox 2154 4174 3748 4245">
     <span class='ocr_line' id='line_1_72' title="bbox 2154 4174 3748 4245; baseline -0.003 -13"><span class='ocrx_word' id='word_1_498' title='bbox 2154 4176 2360 4233; x_wconf 87' lang='lat' dir='ltr'><strong>decidit</strong></span> <span class='ocrx_word' id='word_1_499' title='bbox 2395 4175 2471 4230; x_wconf 81' lang='lat' dir='ltr'><strong>ad</strong></span> <span class='ocrx_word' id='word_1_500' title='bbox 2491 4174 2864 4245; x_wconf 69' lang='lat' dir='ltr'><strong>pavimentum</strong></span> <span class='ocrx_word' id='word_1_501' title='bbox 2894 4174 3110 4240; x_wconf 86' lang='lat' dir='ltr'><strong>allisus,</strong></span> <span class='ocrx_word' id='word_1_502' title='bbox 3180 4185 3240 4229; x_wconf 93' lang='lat' dir='ltr'><strong>ut</strong></span> <span class='ocrx_word' id='word_1_503' title='bbox 3267 4177 3495 4229; x_wconf 90' lang='lat' dir='ltr'><strong>omnino</strong></span> <span class='ocrx_word' id='word_1_504' title='bbox 3529 4190 3629 4244; x_wconf 89' lang='lat' dir='ltr'><strong>per</strong></span> <span class='ocrx_word' id='word_1_505' title='bbox 3657 4191 3748 4229; x_wconf 85' lang='lat' dir='ltr'><strong>ur-</strong></span> 
     </span>
    </p>
   </div>
   <div class='ocr_carea' id='block_1_73' title="bbox 2147 4266 3745 4340">
    <p class='ocr_par' dir='ltr' id='par_1_73' title="bbox 2147 4266 3745 4340">
     <span class='ocr_line' id='line_1_73' title="bbox 2147 4266 3745 4340; baseline -0.002 -15"><span class='ocrx_word' id='word_1_506' title='bbox 2147 4271 2270 4326; x_wconf 87' lang='lat' dir='ltr'><strong>bem</strong></span> <span class='ocrx_word' id='word_1_507' title='bbox 2306 4269 2392 4324; x_wconf 83' lang='lat' dir='ltr'><strong>vel</strong></span> <span class='ocrx_word' id='word_1_508' title='bbox 2419 4266 2532 4340; x_wconf 86' lang='lat' dir='ltr'><strong>jam</strong></span> <span class='ocrx_word' id='word_1_509' title='bbox 2568 4268 2894 4333; x_wconf 81' lang='lat' dir='ltr'><strong>moriturus,</strong></span> <span class='ocrx_word' id='word_1_510' title='bbox 2938 4267 3026 4323; x_wconf 83' lang='lat' dir='ltr'><strong>vel</strong></span> <span class='ocrx_word' id='word_1_511' title='bbox 3083 4281 3340 4323; x_wconf 89' lang='lat' dir='ltr'><strong>mortuus</strong></span> <span class='ocrx_word' id='word_1_512' title='bbox 3399 4268 3745 4323; x_wconf 84' lang='lat' dir='ltr'><strong>crederetur.</strong></span> 
     </span>
    </p>
   </div>
   <div class='ocr_carea' id='block_1_74' title="bbox 2149 4350 3743 4435">
    <p class='ocr_par' dir='ltr' id='par_1_74' title="bbox 2149 4350 3743 4435">
     <span class='ocr_line' id='line_1_74' title="bbox 2149 4350 3743 4435; baseline -0.003 -16"><span class='ocrx_word' id='word_1_513' title='bbox 2149 4363 2417 4435; x_wconf 79' lang='lat' dir='ltr'><strong>Adeoque</strong></span> <span class='ocrx_word' id='word_1_514' title='bbox 2451 4360 2715 4432; x_wconf 81' lang='lat' dir='ltr'><strong>gcnizari,</strong></span> <span class='ocrx_word' id='word_1_515' title='bbox 2761 4375 2859 4430; x_wconf 90' lang='lat' dir='ltr'><strong>pro</strong></span> <span class='ocrx_word' id='word_1_516' title='bbox 2896 4375 3072 4427; x_wconf 87' lang='lat' dir='ltr'><strong>more,</strong></span> <span class='ocrx_word' id='word_1_517' title='bbox 3109 4350 3275 4417; x_wconf 69' lang='lat' dir='ltr'><strong>velut</strong></span> <span class='ocrx_word' id='word_1_518' title='bbox 3315 4362 3591 4415; x_wconf 73' lang='lat' dir='ltr'><strong>exstincto</strong></span> <span class='ocrx_word' id='word_1_519' title='bbox 3623 4363 3743 4415; x_wconf 82' lang='lat' dir='ltr'><strong>sul-</strong></span> 
     </span>
    </p>
   </div>
   <div class='ocr_carea' id='block_1_75' title="bbox 2154 4452 3744 4528">
    <p class='ocr_par' dir='ltr' id='par_1_75' title="bbox 2154 4452 3744 4528">
     <span class='ocr_line' id='line_1_75' title="bbox 2154 4452 3744 4528; baseline -0.003 -16"><span class='ocrx_word' id='word_1_520' title='bbox 2154 4467 2306 4522; x_wconf 84' lang='lat' dir='ltr'><strong>tano,</strong></span> <span class='ocrx_word' id='word_1_521' title='bbox 2341 4456 2452 4528; x_wconf 88' lang='lat' dir='ltr'><strong>jant</strong></span> <span class='ocrx_word' id='word_1_522' title='bbox 2471 4455 2919 4512; x_wconf 87' lang='lat' dir='ltr'><strong>Christianorum</strong></span> <span class='ocrx_word' id='word_1_523' title='bbox 2955 4452 3456 4524; x_wconf 61' lang='lat' dir='ltr'><strong>llebrmorumquce</strong></span> <span class='ocrx_word' id='word_1_524' title='bbox 3481 4454 3744 4508; x_wconf 80' lang='lat' dir='ltr'><strong>tabernas</strong></span> 
     </span>
    </p>
   </div>
   <div class='ocr_carea' id='block_1_76' title="bbox 456 4542 3744 4632">
    <p class='ocr_par' dir='ltr' id='par_1_76' title="bbox 456 4542 3744 4632">
     <span class='ocr_line' id='line_1_76' title="bbox 456 4542 3744 4632; baseline 0.001 -33"><span class='ocrx_word' id='word_1_525' title='bbox 456 4545 678 4599; x_wconf 84' lang='lat' dir='ltr'><strong>bantur.</strong></span> <span class='ocrx_word' id='word_1_526' title='bbox 733 4542 1004 4601; x_wconf 81' lang='lat' dir='ltr'><strong>Henricus</strong></span> <span class='ocrx_word' id='word_1_527' title='bbox 1072 4545 1206 4600; x_wconf 88' lang='lat' dir='ltr'><strong>baro</strong></span> <span class='ocrx_word' id='word_1_528' title='bbox 1267 4546 1337 4602; x_wconf 94' lang='lat' dir='ltr'><strong>de</strong></span> <span class='ocrx_word' id='word_1_529' title='bbox 1395 4544 1848 4615; x_wconf 88' lang='lat' dir='ltr'><strong>Liecbteustaiu,</strong></span> <span class='ocrx_word' id='word_1_530' title='bbox 1921 4559 2044 4619; x_wconf 90' lang='lat' dir='ltr'><strong>post</strong></span> <span class='ocrx_word' id='word_1_531' title='bbox 2081 4548 2448 4632; x_wconf 78' lang='lat' dir='ltr'><strong>Dinvolando</strong></span> <span class='ocrx_word' id='word_1_532' title='bbox 2471 4548 2857 4618; x_wconf 87' lang='lat' dir='ltr'><strong>diripiebant:</strong></span> <span class='ocrx_word' id='word_1_533' title='bbox 2916 4547 3301 4617; x_wconf 79' lang='lat' dir='ltr'><strong>maximusque</strong></span> <span class='ocrx_word' id='word_1_534' title='bbox 3359 4547 3633 4602; x_wconf 89' lang='lat' dir='ltr'><strong>tumultus</strong></span> <span class='ocrx_word' id='word_1_535' title='bbox 3689 4547 3744 4602; x_wconf 91' lang='lat' dir='ltr'><strong>in</strong></span> 
     </span>
    </p>
   </div>
   <div class='ocr_carea' id='block_1_77' title="bbox 455 4637 2042 4707">
    <p class='ocr_par' dir='ltr' id='par_1_77' title="bbox 455 4637 2042 4707">
     <span class='ocr_line' id='line_1_77' title="bbox 455 4637 2042 4707; baseline 0.005 -16"><span class='ocrx_word' id='word_1_536' title='bbox 455 4637 697 4692; x_wconf 76' lang='lat' dir='ltr'><strong>oblatum</strong></span> <span class='ocrx_word' id='word_1_537' title='bbox 759 4641 977 4692; x_wconf 81' lang='lat' dir='ltr'><strong>su&#39;tauo</strong></span> <span class='ocrx_word' id='word_1_538' title='bbox 1054 4639 1250 4695; x_wconf 80' lang='lat' dir='ltr'><strong>Murali</strong></span> <span class='ocrx_word' id='word_1_539' title='bbox 1312 4656 1562 4707; x_wconf 87' lang='lat' dir='ltr'><strong>munus,</strong></span> <span class='ocrx_word' id='word_1_540' title='bbox 1630 4643 1837 4698; x_wconf 88' lang='lat' dir='ltr'><strong>amisso</strong></span> <span class='ocrx_word' id='word_1_541' title='bbox 1870 4642 2042 4699; x_wconf 83' lang='lat' dir='ltr'><strong>fratre</strong></span> 
     </span>
    </p>
   </div>
   <div class='ocr_carea' id='block_1_78' title="bbox 454 4729 2041 4805">
    <p class='ocr_par' dir='ltr' id='par_1_78' title="bbox 454 4729 2041 4805">
     <span class='ocr_line' id='line_1_78' title="bbox 454 4729 2041 4805; baseline 0.004 -20"><span class='ocrx_word' id='word_1_542' title='bbox 454 4729 689 4798; x_wconf 33' lang='lat' dir='ltr'><strong>Georgio</strong></span> <span class='ocrx_word' id='word_1_543' title='bbox 723 4729 1044 4795; x_wconf 73' lang='lat' dir='ltr'><strong>ilutmauo,</strong></span> <span class='ocrx_word' id='word_1_544' title='bbox 1095 4734 1188 4802; x_wconf 90' lang='lat' dir='ltr'><strong>qui</strong></span> <span class='ocrx_word' id='word_1_545' title='bbox 1223 4734 1703 4800; x_wconf 67' lang='lat' dir='ltr'><strong>(ionSialllilmpOii</strong></span> <span class='ocrx_word' id='word_1_546' title='bbox 1739 4735 1893 4798; x_wconf 83' lang='lat' dir='ltr'><strong>obiit,</strong></span> <span class='ocrx_word' id='word_1_547' title='bbox 1925 4735 2041 4805; x_wconf 83' lang='lat' dir='ltr'><strong>jam</strong></span> 
     </span>
    </p>
   </div>
   <div class='ocr_carea' id='block_1_79' title="bbox 454 4822 2043 4898">
    <p class='ocr_par' dir='ltr' id='par_1_79' title="bbox 454 4822 2043 4898">
     <span class='ocr_line' id='line_1_79' title="bbox 454 4822 2043 4898; baseline 0.005 -23"><span class='ocrx_word' id='word_1_548' title='bbox 454 4822 654 4889; x_wconf 80' lang='lat' dir='ltr'><strong>etipse</strong></span> <span class='ocrx_word' id='word_1_549' title='bbox 692 4823 954 4877; x_wconf 84' lang='lat' dir='ltr'><strong>diuturno</strong></span> <span class='ocrx_word' id='word_1_550' title='bbox 996 4826 1189 4879; x_wconf 87' lang='lat' dir='ltr'><strong>morbo</strong></span> <span class='ocrx_word' id='word_1_551' title='bbox 1237 4825 1471 4881; x_wconf 88' lang='lat' dir='ltr'><strong>debilior</strong></span> <span class='ocrx_word' id='word_1_552' title='bbox 1524 4825 1725 4893; x_wconf 79' lang='lat' dir='ltr'><strong>lactus,</strong></span> <span class='ocrx_word' id='word_1_553' title='bbox 1784 4828 2043 4898; x_wconf 85' lang='lat' dir='ltr'><strong>majorem</strong></span> 
     </span>
    </p>
   </div>
   <div class='ocr_carea' id='block_1_80' title="bbox 456 4912 2043 4986">
    <p class='ocr_par' dir='ltr' id='par_1_80' title="bbox 456 4912 2043 4986">
     <span class='ocr_line' id='line_1_80' title="bbox 456 4912 2043 4986; baseline 0.003 -16"><span class='ocrx_word' id='word_1_554' title='bbox 456 4912 678 4970; x_wconf 62' lang='lat' dir='ltr'><strong>familia!</strong></span> <span class='ocrx_word' id='word_1_555' title='bbox 715 4926 920 4982; x_wconf 78' lang='lat' dir='ltr'><strong>partem</strong></span> <span class='ocrx_word' id='word_1_556' title='bbox 985 4932 1110 4971; x_wconf 91' lang='lat' dir='ltr'><strong>cum</strong></span> <span class='ocrx_word' id='word_1_557' title='bbox 1147 4917 1304 4986; x_wconf 88' lang='lat' dir='ltr'><strong>equis</strong></span> <span class='ocrx_word' id='word_1_558' title='bbox 1364 4928 1412 4971; x_wconf 90' lang='lat' dir='ltr'><strong>et</strong></span> <span class='ocrx_word' id='word_1_559' title='bbox 1448 4920 1707 4974; x_wconf 84' lang='lat' dir='ltr'><strong>curribus</strong></span> <span class='ocrx_word' id='word_1_560' title='bbox 1763 4920 2043 4975; x_wconf 82' lang='lat' dir='ltr'><strong>Constan—</strong></span> 
     </span>
    </p>
   </div>
   <div class='ocr_carea' id='block_1_81' title="bbox 460 5006 2043 5075">
    <p class='ocr_par' dir='ltr' id='par_1_81' title="bbox 460 5006 2043 5075">
     <span class='ocr_line' id='line_1_81' title="bbox 460 5006 2043 5075; baseline 0.004 -15"><span class='ocrx_word' id='word_1_561' title='bbox 460 5006 684 5075; x_wconf 86' lang='lat' dir='ltr'><strong>tinopoli</strong></span> <span class='ocrx_word' id='word_1_562' title='bbox 762 5007 850 5063; x_wconf 87' lang='lat' dir='ltr'><strong>die</strong></span> <span class='ocrx_word' id='word_1_563' title='bbox 919 5009 1247 5065; x_wconf 84' lang='lat' dir='ltr'><strong>duodecittto</strong></span> <span class='ocrx_word' id='word_1_564' title='bbox 1328 5012 1536 5067; x_wconf 86' lang='lat' dir='ltr'><strong>mensis</strong></span> <span class='ocrx_word' id='word_1_565' title='bbox 1614 5011 1929 5069; x_wconf 81' lang='lat' dir='ltr'><strong>Decembris</strong></span> <span class='ocrx_word' id='word_1_566' title='bbox 1991 5014 2043 5068; x_wconf 90' lang='lat' dir='ltr'><strong>iu</strong></span> 
     </span>
    </p>
   </div>
   <div class='ocr_carea' id='block_1_82' title="bbox 461 5099 2045 5173">
    <p class='ocr_par' dir='ltr' id='par_1_82' title="bbox 461 5099 2045 5173">
     <span class='ocr_line' id='line_1_82' title="bbox 461 5099 2045 5173; baseline 0.004 -18"><span class='ocrx_word' id='word_1_567' title='bbox 461 5099 748 5155; x_wconf 81' lang='lat' dir='ltr'><strong>Austriam</strong></span> <span class='ocrx_word' id='word_1_568' title='bbox 789 5102 1043 5169; x_wconf 84' lang='lat' dir='ltr'><strong>remisit;</strong></span> <span class='ocrx_word' id='word_1_569' title='bbox 1086 5104 1204 5173; x_wconf 89' lang='lat' dir='ltr'><strong>ipse</strong></span> <span class='ocrx_word' id='word_1_570' title='bbox 1247 5105 1368 5158; x_wconf 78' lang='lat' dir='ltr'><strong>navi</strong></span> <span class='ocrx_word' id='word_1_571' title='bbox 1412 5103 1641 5169; x_wconf 80' lang='lat' dir='ltr'><strong>Veneta,</strong></span> <span class='ocrx_word' id='word_1_572' title='bbox 1674 5106 1777 5162; x_wconf 74' lang='lat' dir='ltr'><strong>sub</strong></span> <span class='ocrx_word' id='word_1_573' title='bbox 1831 5108 2045 5162; x_wconf 87' lang='lat' dir='ltr'><strong>initium</strong></span> 
     </span>
    </p>
   </div>
   <div class='ocr_carea' id='block_1_83' title="bbox 460 5195 2047 5260">
    <p class='ocr_par' dir='ltr' id='par_1_83' title="bbox 460 5195 2047 5260">
     <span class='ocr_line' id='line_1_83' title="bbox 460 5195 2047 5260; baseline 0.006 -15"><span class='ocrx_word' id='word_1_574' title='bbox 460 5195 626 5254; x_wconf 68' lang='lat' dir='ltr'><strong>veris,</strong></span> <span class='ocrx_word' id='word_1_575' title='bbox 667 5209 761 5260; x_wconf 84' lang='lat' dir='ltr'><strong>per</strong></span> <span class='ocrx_word' id='word_1_576' title='bbox 791 5195 1023 5248; x_wconf 84' lang='lat' dir='ltr'><strong>mediam</strong></span> <span class='ocrx_word' id='word_1_577' title='bbox 1067 5196 1335 5252; x_wconf 64' lang='lat' dir='ltr'><strong>Cra-ciant</strong></span> <span class='ocrx_word' id='word_1_578' title='bbox 1370 5200 1592 5254; x_wconf 86' lang='lat' dir='ltr'><strong>domum</strong></span> <span class='ocrx_word' id='word_1_579' title='bbox 1627 5199 1805 5254; x_wconf 69' lang='lat' dir='ltr'><strong>redire</strong></span> <span class='ocrx_word' id='word_1_580' title='bbox 1833 5200 2047 5255; x_wconf 83' lang='lat' dir='ltr'><strong>sta&#39;ttit.</strong></span> 
     </span>
    </p>
   </div>
   <div class='ocr_carea' id='block_1_84' title="bbox 464 5289 2046 5363">
    <p class='ocr_par' dir='ltr' id='par_1_84' title="bbox 464 5289 2046 5363">
     <span class='ocr_line' id='line_1_84' title="bbox 464 5289 2046 5363; baseline 0.003 -24"><span class='ocrx_word' id='word_1_581' title='bbox 464 5291 621 5339; x_wconf 71' lang='lat' dir='ltr'><strong>Anno</strong></span> <span class='ocrx_word' id='word_1_582' title='bbox 673 5289 949 5357; x_wconf 78' lang='lat' dir='ltr'><strong>St&#39;qut&#39;llii,</strong></span> <span class='ocrx_word' id='word_1_583' title='bbox 989 5290 1197 5363; x_wconf 74' lang='lat' dir='ltr'><strong>decimo</strong></span> <span class='ocrx_word' id='word_1_584' title='bbox 1260 5291 1423 5345; x_wconf 86' lang='lat' dir='ltr'><strong>tertio</strong></span> <span class='ocrx_word' id='word_1_585' title='bbox 1454 5292 1540 5346; x_wconf 87' lang='lat' dir='ltr'><strong>die</strong></span> <span class='ocrx_word' id='word_1_586' title='bbox 1579 5294 1786 5346; x_wconf 72' lang='lat' dir='ltr'><strong>mensis</strong></span> <span class='ocrx_word' id='word_1_587' title='bbox 1822 5294 2046 5363; x_wconf 78' lang='lat' dir='ltr'><strong>Aprilis,</strong></span> 
     </span>
    </p>
   </div>
   <div class='ocr_carea' id='block_1_85' title="bbox 461 5380 2054 5472">
    <p class='ocr_par' dir='ltr' id='par_1_85' title="bbox 461 5380 2054 5472">
     <span class='ocr_line' id='line_1_85' title="bbox 461 5380 2054 5472; baseline 0.008 -43"><span class='ocrx_word' id='word_1_588' title='bbox 461 5380 806 5448; x_wconf 73' lang='lat' dir='ltr'><strong>(Iulliupulittt</strong></span> <span class='ocrx_word' id='word_1_589' title='bbox 867 5381 932 5433; x_wconf 81' lang='lat' dir='ltr'><strong>ad</strong></span> <span class='ocrx_word' id='word_1_590' title='bbox 1010 5380 1418 5472; x_wconf 53' lang='lat' dir='ltr'><strong>llellespou’lum</strong></span> <span class='ocrx_word' id='word_1_591' title='bbox 1481 5381 1644 5439; x_wconf 86' lang='lat' dir='ltr'><strong>sitam</strong></span> <span class='ocrx_word' id='word_1_592' title='bbox 1717 5385 1902 5447; x_wconf 77' lang='lat' dir='ltr'><strong>venit;</strong></span> <span class='ocrx_word' id='word_1_593' title='bbox 1957 5385 2054 5441; x_wconf 88' lang='lat' dir='ltr'><strong>ubi</strong></span> 
     </span>
    </p>
   </div>
   <div class='ocr_carea' id='block_1_86' title="bbox 2152 4638 3743 4710">
    <p class='ocr_par' dir='ltr' id='par_1_86' title="bbox 2152 4638 3743 4710">
     <span class='ocr_line' id='line_1_86' title="bbox 2152 4638 3743 4710; baseline -0.003 -15"><span class='ocrx_word' id='word_1_594' title='bbox 2152 4641 2288 4698; x_wconf 83' lang='lat' dir='ltr'><strong>urbe</strong></span> <span class='ocrx_word' id='word_1_595' title='bbox 2312 4651 2608 4698; x_wconf 86' lang='lat' dir='ltr'><strong>secuturus</strong></span> <span class='ocrx_word' id='word_1_596' title='bbox 2641 4648 2781 4706; x_wconf 83' lang='lat' dir='ltr'><strong>erat,</strong></span> <span class='ocrx_word' id='word_1_597' title='bbox 2817 4640 2924 4695; x_wconf 84' lang='lat' dir='ltr'><strong>nisi</strong></span> <span class='ocrx_word' id='word_1_598' title='bbox 2948 4649 3164 4695; x_wconf 87' lang='lat' dir='ltr'><strong>mature</strong></span> <span class='ocrx_word' id='word_1_599' title='bbox 3211 4638 3600 4710; x_wconf 83' lang='lat' dir='ltr'><strong>genizarorum</strong></span> <span class='ocrx_word' id='word_1_600' title='bbox 3627 4639 3743 4707; x_wconf 78' lang='lat' dir='ltr'><strong>Aga</strong></span> 
     </span>
    </p>
   </div>
   <div class='ocr_carea' id='block_1_87' title="bbox 2155 4727 3751 4801">
    <p class='ocr_par' dir='ltr' id='par_1_87' title="bbox 2155 4727 3751 4801">
     <span class='ocr_line' id='line_1_87' title="bbox 2155 4727 3751 4801; baseline -0.004 -12"><span class='ocrx_word' id='word_1_601' title='bbox 2155 4732 2271 4789; x_wconf 86' lang='lat' dir='ltr'><strong>sive</strong></span> <span class='ocrx_word' id='word_1_602' title='bbox 2308 4732 2587 4798; x_wconf 89' lang='lat' dir='ltr'><strong>tribunus,</strong></span> <span class='ocrx_word' id='word_1_603' title='bbox 2621 4731 2916 4801; x_wconf 87' lang='lat' dir='ltr'><strong>quemdam</strong></span> <span class='ocrx_word' id='word_1_604' title='bbox 2949 4730 3003 4785; x_wconf 90' lang='lat' dir='ltr'><strong>in</strong></span> <span class='ocrx_word' id='word_1_605' title='bbox 3035 4730 3153 4801; x_wconf 89' lang='lat' dir='ltr'><strong>ipso</strong></span> <span class='ocrx_word' id='word_1_606' title='bbox 3181 4729 3582 4799; x_wconf 79' lang='lat' dir='ltr'><strong>deprehensum</strong></span> <span class='ocrx_word' id='word_1_607' title='bbox 3614 4727 3751 4784; x_wconf 79' lang='lat' dir='ltr'><strong>fari-</strong></span> 
     </span>
    </p>
   </div>
   <div class='ocr_carea' id='block_1_88' title="bbox 2153 4823 3752 4890">
    <p class='ocr_par' dir='ltr' id='par_1_88' title="bbox 2153 4823 3752 4890">
     <span class='ocr_line' id='line_1_88' title="bbox 2153 4823 3752 4890; baseline -0.004 -11"><span class='ocrx_word' id='word_1_608' title='bbox 2153 4841 2286 4881; x_wconf 91' lang='lat' dir='ltr'><strong>nore</strong></span> <span class='ocrx_word' id='word_1_609' title='bbox 2314 4840 2464 4890; x_wconf 78' lang='lat' dir='ltr'><strong>mox,</strong></span> <span class='ocrx_word' id='word_1_610' title='bbox 2501 4823 2568 4879; x_wconf 88' lang='lat' dir='ltr'><strong>ad</strong></span> <span class='ocrx_word' id='word_1_611' title='bbox 2606 4823 2989 4879; x_wconf 83' lang='lat' dir='ltr'><strong>incutiendum</strong></span> <span class='ocrx_word' id='word_1_612' title='bbox 3012 4825 3231 4878; x_wconf 84' lang='lat' dir='ltr'><strong>caeteris</strong></span> <span class='ocrx_word' id='word_1_613' title='bbox 3271 4832 3563 4887; x_wconf 89' lang='lat' dir='ltr'><strong>terrorem,</strong></span> <span class='ocrx_word' id='word_1_614' title='bbox 3626 4835 3752 4876; x_wconf 75' lang='lat' dir='ltr'><strong>Etls—</strong></span> 
     </span>
    </p>
   </div>
   <div class='ocr_carea' id='block_1_89' title="bbox 2153 4915 3751 4990">
    <p class='ocr_par' dir='ltr' id='par_1_89' title="bbox 2153 4915 3751 4990">
     <span class='ocr_line' id='line_1_89' title="bbox 2153 4915 3751 4990; baseline -0.006 -15"><span class='ocrx_word' id='word_1_615' title='bbox 2153 4918 2314 4990; x_wconf 90' lang='lat' dir='ltr'><strong>pendi</strong></span> <span class='ocrx_word' id='word_1_616' title='bbox 2342 4918 2608 4990; x_wconf 85' lang='lat' dir='ltr'><strong>jussisset</strong></span> <span class='ocrx_word' id='word_1_617' title='bbox 2645 4916 2982 4987; x_wconf 85' lang='lat' dir='ltr'><strong>:ntancipiis</strong></span> <span class='ocrx_word' id='word_1_618' title='bbox 3016 4915 3181 4971; x_wconf 89' lang='lat' dir='ltr'><strong>ctiant</strong></span> <span class='ocrx_word' id='word_1_619' title='bbox 3216 4916 3526 4976; x_wconf 86' lang='lat' dir='ltr'><strong>nonnullis.</strong></span> <span class='ocrx_word' id='word_1_620' title='bbox 3588 4916 3751 4986; x_wconf 68' lang='lat' dir='ltr'><strong>geni-</strong></span> 
     </span>
    </p>
   </div>
   <div class='ocr_carea' id='block_1_90' title="bbox 2153 5004 3749 5077">
    <p class='ocr_par' dir='ltr' id='par_1_90' title="bbox 2153 5004 3749 5077">
     <span class='ocr_line' id='line_1_90' title="bbox 2153 5004 3749 5077; baseline -0.003 -11"><span class='ocrx_word' id='word_1_621' title='bbox 2153 5027 2409 5066; x_wconf 64' lang='lat' dir='ltr'><strong>carorum</strong></span> <span class='ocrx_word' id='word_1_622' title='bbox 2433 5009 2619 5064; x_wconf 87' lang='lat' dir='ltr'><strong>habitu</strong></span> <span class='ocrx_word' id='word_1_623' title='bbox 2643 5007 2878 5075; x_wconf 89' lang='lat' dir='ltr'><strong>vestitis,</strong></span> <span class='ocrx_word' id='word_1_624' title='bbox 2906 5006 2974 5062; x_wconf 89' lang='lat' dir='ltr'><strong>ad</strong></span> <span class='ocrx_word' id='word_1_625' title='bbox 2993 5022 3163 5062; x_wconf 90' lang='lat' dir='ltr'><strong>uncos</strong></span> <span class='ocrx_word' id='word_1_626' title='bbox 3188 5005 3351 5061; x_wconf 71' lang='lat' dir='ltr'><strong>scalae</strong></span> <span class='ocrx_word' id='word_1_627' title='bbox 3375 5004 3603 5077; x_wconf 66' lang='lat' dir='ltr'><strong>Sycena:</strong></span> <span class='ocrx_word' id='word_1_628' title='bbox 3631 5005 3749 5061; x_wconf 89' lang='lat' dir='ltr'><strong>sive</strong></span> 
     </span>
    </p>
   </div>
   <div class='ocr_carea' id='block_1_91' title="bbox 2151 5098 3750 5173">
    <p class='ocr_par' dir='ltr' id='par_1_91' title="bbox 2151 5098 3750 5173">
     <span class='ocr_line' id='line_1_91' title="bbox 2151 5098 3750 5173; baseline -0.003 -16"><span class='ocrx_word' id='word_1_629' title='bbox 2151 5103 2489 5168; x_wconf 71' lang='lat' dir='ltr'><strong>Galatensis,</strong></span> <span class='ocrx_word' id='word_1_630' title='bbox 2525 5117 2645 5173; x_wconf 90' lang='lat' dir='ltr'><strong>pro-</strong></span> <span class='ocrx_word' id='word_1_631' title='bbox 2661 5116 2814 5157; x_wconf 89' lang='lat' dir='ltr'><strong>more</strong></span> <span class='ocrx_word' id='word_1_632' title='bbox 2835 5098 3075 5154; x_wconf 86' lang='lat' dir='ltr'><strong>Turcico</strong></span> <span class='ocrx_word' id='word_1_633' title='bbox 3093 5099 3366 5163; x_wconf 83' lang='lat' dir='ltr'><strong>deductis,</strong></span> <span class='ocrx_word' id='word_1_634' title='bbox 3394 5107 3449 5153; x_wconf 89' lang='lat' dir='ltr'><strong>et</strong></span> <span class='ocrx_word' id='word_1_635' title='bbox 3474 5098 3750 5168; x_wconf 86' lang='lat' dir='ltr'><strong>supplicio</strong></span> 
     </span>
    </p>
   </div>
   <div class='ocr_carea' id='block_1_92' title="bbox 2160 5191 3750 5254">
    <p class='ocr_par' dir='ltr' id='par_1_92' title="bbox 2160 5191 3750 5254">
     <span class='ocr_line' id='line_1_92' title="bbox 2160 5191 3750 5254; baseline -0.003 -2"><span class='ocrx_word' id='word_1_636' title='bbox 2160 5198 2351 5252; x_wconf 84' lang='lat' dir='ltr'><strong>mortis</strong></span> <span class='ocrx_word' id='word_1_637' title='bbox 2382 5195 2584 5251; x_wconf 83' lang='lat' dir='ltr'><strong>ibidem</strong></span> <span class='ocrx_word' id='word_1_638' title='bbox 2621 5194 2853 5251; x_wconf 75' lang='lat' dir='ltr'><strong>adactis.</strong></span> <span class='ocrx_word' id='word_1_639' title='bbox 2894 5193 2951 5249; x_wconf 89' lang='lat' dir='ltr'><strong>Si</strong></span> <span class='ocrx_word' id='word_1_640' title='bbox 2982 5191 3378 5254; x_wconf 76' lang='lat' dir='ltr'><strong>Mncltemetes.</strong></span> <span class='ocrx_word' id='word_1_641' title='bbox 3422 5191 3647 5246; x_wconf 80' lang='lat' dir='ltr'><strong>llfuratis</strong></span> <span class='ocrx_word' id='word_1_642' title='bbox 3682 5193 3750 5247; x_wconf 86' lang='lat' dir='ltr'><strong>fi-</strong></span> 
     </span>
    </p>
   </div>
   <div class='ocr_carea' id='block_1_93' title="bbox 2154 5283 3747 5359">
    <p class='ocr_par' dir='ltr' id='par_1_93' title="bbox 2154 5283 3747 5359">
     <span class='ocr_line' id='line_1_93' title="bbox 2154 5283 3747 5359; baseline -0.003 -15"><span class='ocrx_word' id='word_1_643' title='bbox 2154 5291 2282 5352; x_wconf 81' lang='lat' dir='ltr'><strong>lius,</strong></span> <span class='ocrx_word' id='word_1_644' title='bbox 2309 5288 2401 5359; x_wconf 88' lang='lat' dir='ltr'><strong>qui</strong></span> <span class='ocrx_word' id='word_1_645' title='bbox 2437 5285 2730 5358; x_wconf 65' lang='lat' dir='ltr'><strong>Magnesia:</strong></span> <span class='ocrx_word' id='word_1_646' title='bbox 2758 5285 3011 5357; x_wconf 83' lang='lat' dir='ltr'><strong>degebat,</strong></span> <span class='ocrx_word' id='word_1_647' title='bbox 3045 5284 3097 5340; x_wconf 89' lang='lat' dir='ltr'><strong>id</strong></span> <span class='ocrx_word' id='word_1_648' title='bbox 3132 5284 3399 5354; x_wconf 80' lang='lat' dir='ltr'><strong>temporis</strong></span> <span class='ocrx_word' id='word_1_649' title='bbox 3454 5283 3520 5339; x_wconf 89' lang='lat' dir='ltr'><strong>ad</strong></span> <span class='ocrx_word' id='word_1_650' title='bbox 3549 5284 3747 5339; x_wconf 87' lang='lat' dir='ltr'><strong>urbem</strong></span> 
     </span>
    </p>
   </div>
   <div class='ocr_carea' id='block_1_94' title="bbox 2159 5375 3748 5449">
    <p class='ocr_par' dir='ltr' id='par_1_94' title="bbox 2159 5375 3748 5449">
     <span class='ocr_line' id='line_1_94' title="bbox 2159 5375 3748 5449; baseline -0.004 -13"><span class='ocrx_word' id='word_1_651' title='bbox 2159 5383 2376 5449; x_wconf 82' lang='lat' dir='ltr'><strong>fuisset,</strong></span> <span class='ocrx_word' id='word_1_652' title='bbox 2442 5387 2625 5434; x_wconf 89' lang='lat' dir='ltr'><strong>actum</strong></span> <span class='ocrx_word' id='word_1_653' title='bbox 2657 5378 2815 5448; x_wconf 90' lang='lat' dir='ltr'><strong>plane</strong></span> <span class='ocrx_word' id='word_1_654' title='bbox 2850 5377 2918 5433; x_wconf 89' lang='lat' dir='ltr'><strong>de</strong></span> <span class='ocrx_word' id='word_1_655' title='bbox 2949 5377 3060 5430; x_wconf 83' lang='lat' dir='ltr'><strong>vita</strong></span> <span class='ocrx_word' id='word_1_656' title='bbox 3123 5376 3294 5447; x_wconf 84' lang='lat' dir='ltr'><strong>patris</strong></span> <span class='ocrx_word' id='word_1_657' title='bbox 3326 5385 3444 5431; x_wconf 86' lang='lat' dir='ltr'><strong>erat</strong></span> <span class='ocrx_word' id='word_1_658' title='bbox 3485 5386 3540 5430; x_wconf 88' lang='lat' dir='ltr'><strong>et</strong></span> <span class='ocrx_word' id='word_1_659' title='bbox 3574 5375 3748 5445; x_wconf 87' lang='lat' dir='ltr'><strong>impc-</strong></span> 
     </span>
    </p>
   </div>
   <div class='ocr_carea' id='block_1_95' title="bbox 463 5475 2058 5548">
    <p class='ocr_par' dir='ltr' id='par_1_95' title="bbox 463 5475 2058 5548">
     <span class='ocr_line' id='line_1_95' title="bbox 463 5475 2058 5548; baseline 0.003 -21"><span class='ocrx_word' id='word_1_660' title='bbox 463 5475 656 5531; x_wconf 88' lang='lat' dir='ltr'><strong>morbo</strong></span> <span class='ocrx_word' id='word_1_661' title='bbox 675 5477 1059 5543; x_wconf 86' lang='lat' dir='ltr'><strong>iuvalcscente,</strong></span> <span class='ocrx_word' id='word_1_662' title='bbox 1085 5492 1281 5546; x_wconf 77' lang='lat' dir='ltr'><strong>magno</strong></span> <span class='ocrx_word' id='word_1_663' title='bbox 1298 5491 1423 5531; x_wconf 91' lang='lat' dir='ltr'><strong>cum</strong></span> <span class='ocrx_word' id='word_1_664' title='bbox 1444 5476 2058 5548; x_wconf 76' lang='lat' dir='ltr'><strong>suorum381dolore,</strong></span> 
     </span>
    </p>
   </div>
   <div class='ocr_carea' id='block_1_96' title="bbox 468 5567 2061 5642">
    <p class='ocr_par' dir='ltr' id='par_1_96' title="bbox 468 5567 2061 5642">
     <span class='ocr_line' id='line_1_96' title="bbox 468 5567 2061 5642; baseline -0.001 -18"><span class='ocrx_word' id='word_1_665' title='bbox 468 5568 535 5624; x_wconf 77' lang='grc'><strong>16</strong></span> <span class='ocrx_word' id='word_1_666' title='bbox 566 5569 653 5626; x_wconf 86' lang='lat' dir='ltr'><strong>die</strong></span> <span class='ocrx_word' id='word_1_667' title='bbox 686 5571 887 5628; x_wconf 85' lang='lat' dir='ltr'><strong>mensis</strong></span> <span class='ocrx_word' id='word_1_668' title='bbox 908 5571 1173 5642; x_wconf 89' lang='lat' dir='ltr'><strong>ejusdem,</strong></span> <span class='ocrx_word' id='word_1_669' title='bbox 1205 5567 1498 5625; x_wconf 80' lang='lat' dir='ltr'><strong>continUas</strong></span> <span class='ocrx_word' id='word_1_670' title='bbox 1522 5568 1663 5623; x_wconf 88' lang='lat' dir='ltr'><strong>inter</strong></span> <span class='ocrx_word' id='word_1_671' title='bbox 1690 5584 1881 5638; x_wconf 84' lang='lat' dir='ltr'><strong>preces</strong></span> <span class='ocrx_word' id='word_1_672' title='bbox 1912 5568 2061 5623; x_wconf 86' lang='lat' dir='ltr'><strong>velut</strong></span> 
     </span>
    </p>
   </div>
   <div class='ocr_carea' id='block_1_97' title="bbox 372 5650 2058 5729">
    <p class='ocr_par' dir='ltr' id='par_1_97' title="bbox 372 5650 2058 5729">
     <span class='ocr_line' id='line_1_97' title="bbox 372 5650 2058 5729; baseline 0.001 -14"><span class='ocrx_word' id='word_1_673' title='bbox 372 5650 378 5656; x_wconf 60' lang='grc'><strong>’</strong></span> <span class='ocrx_word' id='word_1_674' title='bbox 470 5663 913 5729; x_wconf 85' lang='lat' dir='ltr'><strong>ubdormisccus,</strong></span> <span class='ocrx_word' id='word_1_675' title='bbox 971 5666 1137 5720; x_wconf 89' lang='lat' dir='ltr'><strong>vitam</strong></span> <span class='ocrx_word' id='word_1_676' title='bbox 1224 5665 1369 5719; x_wconf 88' lang='lat' dir='ltr'><strong>hanc</strong></span> <span class='ocrx_word' id='word_1_677' title='bbox 1454 5662 1741 5717; x_wconf 75' lang='lat' dir='ltr'><strong>mortalem</strong></span> <span class='ocrx_word' id='word_1_678' title='bbox 1820 5661 2058 5717; x_wconf 84' lang='lat' dir='ltr'><strong>feliciter</strong></span> 
     </span>
    </p>
   </div>
   <div class='ocr_carea' id='block_1_98' title="bbox 2164 5468 3753 5539">
    <p class='ocr_par' dir='ltr' id='par_1_98' title="bbox 2164 5468 3753 5539">
     <span class='ocr_line' id='line_1_98' title="bbox 2164 5468 3753 5539; baseline -0.004 -9"><span class='ocrx_word' id='word_1_679' title='bbox 2164 5476 2269 5530; x_wconf 90' lang='lat' dir='ltr'><strong>rio.</strong></span> <span class='ocrx_word' id='word_1_680' title='bbox 2305 5472 2604 5529; x_wconf 89' lang='lat' dir='ltr'><strong>Convaluit</strong></span> <span class='ocrx_word' id='word_1_681' title='bbox 2638 5479 2818 5526; x_wconf 87' lang='lat' dir='ltr'><strong>tamen</strong></span> <span class='ocrx_word' id='word_1_682' title='bbox 2855 5469 3120 5535; x_wconf 82' lang='lat' dir='ltr'><strong>Murales,</strong></span> <span class='ocrx_word' id='word_1_683' title='bbox 3148 5468 3447 5539; x_wconf 88' lang='lat' dir='ltr'><strong>statimque</strong></span> <span class='ocrx_word' id='word_1_684' title='bbox 3503 5479 3629 5539; x_wconf 86' lang='lat' dir='ltr'><strong>post</strong></span> <span class='ocrx_word' id='word_1_685' title='bbox 3655 5470 3753 5524; x_wconf 86' lang='lat' dir='ltr'><strong>ad-</strong></span> 
     </span>
    </p>
   </div>
   <div class='ocr_carea' id='block_1_99' title="bbox 2159 5561 3751 5635">
    <p class='ocr_par' dir='ltr' id='par_1_99' title="bbox 2159 5561 3751 5635">
     <span class='ocr_line' id='line_1_99' title="bbox 2159 5561 3751 5635; baseline -0.006 -9"><span class='ocrx_word' id='word_1_686' title='bbox 2159 5579 2383 5626; x_wconf 89' lang='lat' dir='ltr'><strong>ventum</strong></span> <span class='ocrx_word' id='word_1_687' title='bbox 2428 5576 2698 5629; x_wconf 83' lang='lat' dir='ltr'><strong>nostrum,</strong></span> <span class='ocrx_word' id='word_1_688' title='bbox 2732 5564 2820 5619; x_wconf 89' lang='lat' dir='ltr'><strong>die</strong></span> <span class='ocrx_word' id='word_1_689' title='bbox 2852 5564 3090 5635; x_wconf 86' lang='lat' dir='ltr'><strong>quodam</strong></span> <span class='ocrx_word' id='word_1_690' title='bbox 3124 5561 3374 5627; x_wconf 84' lang='lat' dir='ltr'><strong>Veneris,</strong></span> <span class='ocrx_word' id='word_1_691' title='bbox 3405 5564 3499 5633; x_wconf 86' lang='lat' dir='ltr'><strong>qui</strong></span> <span class='ocrx_word' id='word_1_692' title='bbox 3534 5561 3751 5617; x_wconf 81' lang='lat' dir='ltr'><strong>Tureo-</strong></span> 
     </span>
    </p>
   </div>
   <div class='ocr_carea' id='block_1_100' title="bbox 2158 5656 3753 5724">
    <p class='ocr_par' dir='ltr' id='par_1_100' title="bbox 2158 5656 3753 5724">
     <span class='ocr_line' id='line_1_100' title="bbox 2158 5656 3753 5724; baseline -0.003 -7"><span class='ocrx_word' id='word_1_693' title='bbox 2158 5676 2281 5717; x_wconf 83' lang='lat' dir='ltr'><strong>rmn</strong></span> <span class='ocrx_word' id='word_1_694' title='bbox 2310 5658 2577 5714; x_wconf 84' lang='lat' dir='ltr'><strong>hebdoma</strong></span> <span class='ocrx_word' id='word_1_695' title='bbox 2601 5657 2739 5711; x_wconf 84' lang='lat' dir='ltr'><strong>lario</strong></span> <span class='ocrx_word' id='word_1_696' title='bbox 2773 5656 2908 5712; x_wconf 84' lang='lat' dir='ltr'><strong>festo</strong></span> <span class='ocrx_word' id='word_1_697' title='bbox 2942 5670 3103 5711; x_wconf 89' lang='lat' dir='ltr'><strong>sacer</strong></span> <span class='ocrx_word' id='word_1_698' title='bbox 3125 5665 3229 5717; x_wconf 83' lang='lat' dir='ltr'><strong>est,</strong></span> <span class='ocrx_word' id='word_1_699' title='bbox 3260 5670 3431 5724; x_wconf 79' lang='lat' dir='ltr'><strong>eques</strong></span> <span class='ocrx_word' id='word_1_700' title='bbox 3486 5671 3517 5710; x_wconf 92' lang='lat' dir='ltr'><strong>e</strong></span> <span class='ocrx_word' id='word_1_701' title='bbox 3569 5656 3753 5713; x_wconf 83' lang='lat' dir='ltr'><strong>saraio</strong></span> 
     </span>
    </p>
   </div>
   <div class='ocr_carea' id='block_1_101' title="bbox 476 5753 2057 5811">
    <p class='ocr_par' dir='ltr' id='par_1_101' title="bbox 476 5753 2057 5811">
     <span class='ocr_line' id='line_1_101' title="bbox 476 5753 2057 5811; baseline 0.001 -5"><span class='ocrx_word' id='word_1_702' title='bbox 476 5770 600 5808; x_wconf 72' lang='lat' dir='ltr'><strong>cum</strong></span> <span class='ocrx_word' id='word_1_703' title='bbox 678 5755 972 5811; x_wconf 83' lang='lat' dir='ltr'><strong>immortali</strong></span> <span class='ocrx_word' id='word_1_704' title='bbox 1049 5756 1461 5810; x_wconf 82' lang='lat' dir='ltr'><strong>commutavit.</strong></span> <span class='ocrx_word' id='word_1_705' title='bbox 1523 5755 1724 5809; x_wconf 79' lang='lat' dir='ltr'><strong>Aderat</strong></span> <span class='ocrx_word' id='word_1_706' title='bbox 1786 5762 1916 5808; x_wconf 90' lang='lat' dir='ltr'><strong>tunc</strong></span> <span class='ocrx_word' id='word_1_707' title='bbox 1988 5753 2057 5807; x_wconf 88' lang='lat' dir='ltr'><strong>ad</strong></span> 
     </span>
    </p>
   </div>
   <div class='ocr_carea' id='block_1_102' title="bbox 478 5844 2053 5918">
    <p class='ocr_par' dir='ltr' id='par_1_102' title="bbox 478 5844 2053 5918">
     <span class='ocr_line' id='line_1_102' title="bbox 478 5844 2053 5918; baseline -0.003 -15"><span class='ocrx_word' id='word_1_708' title='bbox 478 5851 668 5903; x_wconf 67' lang='lat' dir='ltr'><strong>l‘catas</strong></span> <span class='ocrx_word' id='word_1_709' title='bbox 692 5849 905 5918; x_wconf 78' lang='lat' dir='ltr'><strong>piorum</strong></span> <span class='ocrx_word' id='word_1_710' title='bbox 941 5849 1100 5905; x_wconf 85' lang='lat' dir='ltr'><strong>sedes</strong></span> <span class='ocrx_word' id='word_1_711' title='bbox 1124 5847 1378 5918; x_wconf 78' lang='lat' dir='ltr'><strong>migranti</strong></span> <span class='ocrx_word' id='word_1_712' title='bbox 1402 5844 1642 5902; x_wconf 80' lang='lat' dir='ltr'><strong>Joannes</strong></span> <span class='ocrx_word' id='word_1_713' title='bbox 1666 5844 2053 5910; x_wconf 84' lang='lat' dir='ltr'><strong>Lcunclavitts,</strong></span> 
     </span>
    </p>
   </div>
   <div class='ocr_carea' id='block_1_103' title="bbox 482 5939 2057 6014">
    <p class='ocr_par' dir='ltr' id='par_1_103' title="bbox 482 5939 2057 6014">
     <span class='ocr_line' id='line_1_103' title="bbox 482 5939 2057 6014; baseline 0.001 -19"><span class='ocrx_word' id='word_1_714' title='bbox 482 5959 643 6013; x_wconf 77' lang='lat' dir='ltr'><strong>quem</strong></span> <span class='ocrx_word' id='word_1_715' title='bbox 676 5944 726 5997; x_wconf 89' lang='lat' dir='ltr'><strong>in</strong></span> <span class='ocrx_word' id='word_1_716' title='bbox 755 5940 948 6013; x_wconf 84' lang='lat' dir='ltr'><strong>primis</strong></span> <span class='ocrx_word' id='word_1_717' title='bbox 980 5952 1036 5997; x_wconf 87' lang='lat' dir='ltr'><strong>ut</strong></span> <span class='ocrx_word' id='word_1_718' title='bbox 1064 5942 1230 6014; x_wconf 85' lang='lat' dir='ltr'><strong>hujus</strong></span> <span class='ocrx_word' id='word_1_719' title='bbox 1269 5940 1482 5998; x_wconf 85' lang='lat' dir='ltr'><strong>itineris</strong></span> <span class='ocrx_word' id='word_1_720' title='bbox 1517 5939 1773 5997; x_wconf 82' lang='lat' dir='ltr'><strong>comitem</strong></span> <span class='ocrx_word' id='word_1_721' title='bbox 1805 5940 2057 6007; x_wconf 72' lang='lat' dir='ltr'><strong>haberet,</strong></span> 
     </span>
    </p>
   </div>
   <div class='ocr_carea' id='block_1_104' title="bbox 2162 5743 3753 5819">
    <p class='ocr_par' dir='ltr' id='par_1_104' title="bbox 2162 5743 3753 5819">
     <span class='ocr_line' id='line_1_104' title="bbox 2162 5743 3753 5819; baseline -0.004 -12"><span class='ocrx_word' id='word_1_722' title='bbox 2162 5748 2732 5819; x_wconf 71' lang='lat' dir='ltr'><strong>nova(genisarainm</strong></span> <span class='ocrx_word' id='word_1_723' title='bbox 2801 5760 2830 5799; x_wconf 89' lang='lat' dir='ltr'><strong>a</strong></span> <span class='ocrx_word' id='word_1_724' title='bbox 2892 5744 3091 5799; x_wconf 86' lang='lat' dir='ltr'><strong>Turcis</strong></span> <span class='ocrx_word' id='word_1_725' title='bbox 3152 5744 3441 5814; x_wconf 86' lang='lat' dir='ltr'><strong>appellari.</strong></span> <span class='ocrx_word' id='word_1_726' title='bbox 3496 5743 3753 5814; x_wconf 71' lang='lat' dir='ltr'><strong>deinceps</strong></span> 
     </span>
    </p>
   </div>
   <div class='ocr_carea' id='block_1_105' title="bbox 2161 5836 3753 5916">
    <p class='ocr_par' dir='ltr' id='par_1_105' title="bbox 2161 5836 3753 5916">
     <span class='ocr_line' id='line_1_105' title="bbox 2161 5836 3753 5916; baseline -0.004 -17"><span class='ocrx_word' id='word_1_727' title='bbox 2161 5846 2365 5916; x_wconf 72' lang='lat' dir='ltr'><strong>patebit</strong></span> <span class='ocrx_word' id='word_1_728' title='bbox 2391 5859 2454 5897; x_wconf 77' lang='lat' dir='ltr'><strong>ex</strong></span> <span class='ocrx_word' id='word_1_729' title='bbox 2518 5841 2795 5895; x_wconf 86' lang='lat' dir='ltr'><strong>annalium</strong></span> <span class='ocrx_word' id='word_1_730' title='bbox 2854 5837 3244 5906; x_wconf 80' lang='lat' dir='ltr'><strong>declaratioue)</strong></span> <span class='ocrx_word' id='word_1_731' title='bbox 3306 5837 3528 5907; x_wconf 72' lang='lat' dir='ltr'><strong>prodiit,</strong></span> <span class='ocrx_word' id='word_1_732' title='bbox 3595 5836 3753 5892; x_wconf 80' lang='lat' dir='ltr'><strong>nobis</strong></span> 
     </span>
    </p>
   </div>
   <div class='ocr_carea' id='block_1_106' title="bbox 2162 5930 3745 6009">
    <p class='ocr_par' dir='ltr' id='par_1_106' title="bbox 2162 5930 3745 6009">
     <span class='ocr_line' id='line_1_106' title="bbox 2162 5930 3745 6009; baseline -0.005 -16"><span class='ocrx_word' id='word_1_733' title='bbox 2162 5934 2596 6009; x_wconf 71' lang='lat' dir='ltr'><strong>inspectantibus</strong></span> <span class='ocrx_word' id='word_1_734' title='bbox 2633 5934 2847 5990; x_wconf 48' lang='lat' dir='ltr'><strong>citi-itte.</strong></span> <span class='ocrx_word' id='word_1_735' title='bbox 2896 5930 3357 5988; x_wconf 76' lang='lat' dir='ltr'><strong>mmmadmodum</strong></span> <span class='ocrx_word' id='word_1_736' title='bbox 3411 5930 3528 5987; x_wconf 80' lang='lat' dir='ltr'><strong>fieri</strong></span> <span class='ocrx_word' id='word_1_737' title='bbox 3588 5930 3745 6000; x_wconf 80' lang='lat' dir='ltr'><strong>solet,</strong></span> 
     </span>
    </p>
   </div>
  </div>
