4018 6434
325 352 437 417 Ἷο5

1437 332 1815 403 SUPPLEM.
1857 326 2145 398 ANNAL.
2191 325 2512 394 TURCIC.

3506 324 3615 388 illi

321 476 376 522 et
400 480 567 523 sacrm
594 468 800 518 sanctae
825 460 1064 532 Sophiae,
1092 460 1208 516 sive
1234 458 1524 530 Sapientia)
1542 458 1635 513 Dei
1657 456 1916 526 templum
1954 463 1995 519 Α
2026 453 2122 523 qui
2151 451 2371 521 quidem
2400 447 2682 517 iuniorum
2719 440 2998 513 suffragiis
3034 441 3101 496 ad
3141 456 3259 495 ram
3295 440 3613 512 dignitatem

326 573 475 614 uuae
505 555 852 626 profanatum
882 569 914 608 a
940 553 1220 619 Barbarie,
1252 551 1383 606 adiit
1414 569 1427 603 :
1458 550 1534 604 ttti
1587 549 1798 605 scilicet
1818 563 1913 601 nu-

326 653 413 707 bis
436 659 490 705 et
514 649 639 703 aliis
667 648 805 717 (erat
834 646 983 701 enim
1028 644 1307 701 maximus
1360 642 1645 696 hominum
1680 654 1917 693 concur—

331 739 450 805 sus)
484 736 816 801 ostenderet,
865 752 924 791 se
950 735 1189 790 necdum
1224 721 1541 789 mortuum.
1591 731 1709 800 Ipsa
1739 728 1913 784 facies

335 830 517 884 adhuc
537 828 718 883 colere
744 826 925 881 lurido
953 826 1217 881 deformis
1239 822 1703 892 conspiciebatur.

406 919 519 974 lloc
548 919 736 975 eodem
768 932 914 973 anno
930 917 1029 974 99f
1088 917 1245 987 (Chr.
1276 914 1462 984 1584),
1492 914 1581 971 die
1609 912 1680 967 Ξι
1710 912 1918 968 mensis

336 1009 606 1072 Octobris,
631 1008 844 1077 aliquot
864 1008 983 1078 begi
1013 1004 1234 1061 Turcil-i
1294 1020 1417 1060 cuni
1457 1005 1574 1060 suis
1609 1004 1805 1074 copiis,
1859 1003 1914 1057 in

330 1104 525 1172 quibus
557 1112 736 1166 erant,
795 1102 1155 1171 ipsorummet
1204 1098 1575 1163 confessione,
1626 1096 1915 1153 hominum

329 1198 656 1262 ad_10000,
708 1196 982 1252 Carniohe
1037 1198 1173 1251 lines
1225 1193 1481 1266 ingressi,
1532 1192 1915 1261 gravissimam

328 1287 1087 1360 impressionemfecerunt:
1134 1288 1365 1358 direptis
1410 1285 1619 1356 passim
1673 1283 1807 1339 vicis
1855 1298 1920 1338 ac

328 1384 508 1452 pagis,
539 1396 849 1451 magnaque
874 1380 1320 1437 Christianorum
1349 1378 1753 1448 mancipiorum
1778 1376 1919 1430 mul-

328 1477 565 1532 titudine
590 1489 779 1529 secum
815 1474 869 1528 in
906 1472 1229 1529 servitutem
1289 1471 1505 1525 abacta.
1557 1467 1697 1523 Cum
1741 1465 1915 1522 nostri

329 1569 589 1626 nuntium
629 1568 902 1622 adventus
933 1573 989 1620 et
1025 1563 1399 1635 populationis
1426 1562 1640 1618 hostilis
1673 1559 1921 1630 accepis-

326 1670 473 1721 sent,
500 1657 786 1711 hominum
836 1655 903 1709 ad
962 1655 1140 1711 “000
1166 1653 1356 1710 subito
1389 1662 1616 1722 cogunt,
1638 1649 1797 1708 Justo
1822 1648 1919 1706 Ιο-

327 1749 500 1817 sepho
533 1747 735 1802 comite
764 1744 1359 1812 Turriano,et'l‘homa
1403 1742 1678 1799 Erdendio
1719 1742 1919 1797 comite

2020 549 2368 610 pervenerat.
2398 540 2444 594 ις
2485 538 2576 592 ubi
2602 535 2816 590 Turcos
2851 535 3036 589 sinuin
3072 534 3354 604 ingressos
3379 534 3613 602 accepit.

2020 650 2143 687 mox
2172 633 2226 685 in
2262 649 2356 686 eos
2384 629 2730 700 provehitur,
2805 641 3155 696 numeroque
3204 626 3513 679 triremium
3551 639 3615 679 ac

2020 726 2278 790 militum,
2310 732 2363 778 et
2400 722 2524 776 aliis
2578 718 2744 774 rebus
2791 719 2948 789 longe
2997 718 3272 787 superior,
3332 732 3529 772 omnes
3559 716 3614 770 in

2019 824 2346 884 potestatem
2372 812 2603 883 redegit.
2642 810 2773 866 Inde
2806 810 2933 864 diro
2974 810 3213 879 quodam
3267 818 3322 863 et
3368 809 3616 863 inaudito

2021 908 2207 961 furore
2236 907 2485 961 Saevitum
2512 906 2566 959 in
2604 903 2874 973 captivos,
2906 912 3012 957 tam
3042 918 3245 968 mares,
3269 917 3431 972 quam
3462 900 3606 955 femi-

2021 1014 2138 1052 nas.
2168 998 2407 1053 Mai-ibus
2437 997 2640 1051 occisis
2672 996 2800 1061 250,
2820 996 3041 1064 filioque
3070 993 3403 1048 liamadanis
3440 994 3615 1047 bassat

2023 1091 2215 1146 matris
2238 1092 2290 1144 in
2316 1092 2608 1161 complexu
2636 1097 2690 1144 et
2718 1089 2932 1160 gremio
2967 1089 3252 1154 confosso,
3290 1086 3510 1141 femina:
3544 1087 3617 1140 40

2022 1184 2174 1252 prius
2201 1182 2429 1239 nefariis
2484 1182 2706 1251 polluta:
2755 1181 2987 1248 stupris,
3043 1181 3308 1236 uberibus
3352 1179 3615 1237 mutilata:

2025 1282 2171 1346 (qtae
2207 1276 2427 1345 quidem
2459 1276 2598 1331 vivis
2630 1274 2817 1330 adhuc
2848 1274 3338 1345 spcctautibusque
3384 1272 3615 1329 misellis

2021 1384 2051 1419 a
2074 1367 2405 1436 quibusdam
2439 1367 2767 1422 crudelitate
2794 1367 3088 1437 plusquam
3115 1366 3346 1421 barbara
3372 1365 3429 1420 in
3463 1380 3615 1420 mare

2022 1458 2268 1528 projecta
2297 1459 2709 1529 perhibentur),
2735 1458 3221 1514 dissectmtandem
3256 1457 3516 1513 atrociter
3543 1458 3612 1512 ad

2026 1569 2191 1609 unam
2215 1568 2410 1609 omnes
2444 1554 2498 1606 in
2532 1568 2703 1622 aquas
2733 1568 2763 1607 a
2792 1552 3039 1623 piscibus
3078 1552 3404 1608 devorandas
3426 1552 3617 1620 praecia

2025 1645 2291 1717 pilantur.
2327 1644 2511 1712 Ipsius
2542 1645 2659 1699 Emi
2690 1643 2881 1700 fratris
2901 1646 3043 1699 lilius
3077 1647 3128 1699 in
3153 1646 3386 1713 puellam
3420 1660 3615 1715 quatnc

2024 1736 2521 1809 dant’egregiioris
2567 1737 2830 1794 incidisse
2890 1740 3086 1793 fertur.
3146 1737 3220 1791 Ea
3269 1752 3394 1792 cum
3439 1736 3618 1806 ipsum

330 1838 677 1906 lluslovinae,
708 1836 1009 1894 δειανοιιὶιε
1040 1835 1387 1906 Croatiazque
1427 1834 1597 1901 Bauo,
1637 1834 1873 1890 ducibus
1903 1850 1918 1887 :
1954 1845 1997 1902 Β
2027 1834 2305 1904 pudicitia:
2323 1850 2440 1890 suae
2462 1833 2571 1887 vim
2602 1833 2881 1888 illaturum
2917 1832 3288 1902 conspiceret,
3315 1846 3438 1885 mox
3458 1828 3617 1885 Chri«

334 1947 401 1987 ac
433 1932 553 1986 sine
586 1945 739 1984 mora
770 1928 1029 1985 maximis
1079 1928 1374 1984 itineribus
1423 1928 1600 1983 hostis
1656 1926 1913 1994 tergoin-

334 2021 628 2085 haerentes,
660 2022 726 2074 ad
758 2019 991 2073 Slunum
1023 2018 1257 2073 Croatia:
1305 2016 1522 2071 tandem
1551 2031 1648 2072 eos
1692 2016 1781 2071 die
1836 2014 1919 2068 vi-

328 2114 540 2171 cesimo
564 2122 722 2169 sexto
735 2111 984 2184 ejusdem
1016 2112 1221 2166 mensis
1242 2108 1497 2166 Octobris
1515 2120 1914 2180 assequuntur,

328 2208 619 2271 invadunt,
679 2208 920 2261 cadunt.
977 2204 1217 2260 Liberati
1263 2203 1490 2274 captivi,
1543 2212 1597 2260 et
1647 2215 1915 2274 praecepta

334 2299 546 2370 (praeda
571 2298 748 2369 capta)
783 2298 909 2365 fuit,
937 2312 1062 2352 cum
1088 2296 1315 2352 interitu
1362 2298 1529 2355 4.000
1582 2296 1915 2352 Turrorum.

335 2390 570 2444 Eratnus
599 2404 698 2444 nos
717 2389 1224 2464 Constantinopoli,
1253 2405 1362 2457 quo
1418 2400 1665 2459 tempore
1715 2388 1784 2443 de
1816 2390 1919 2443 hac

332 2498 561 2539 suorum
582 2481 736 2537 clade
761 2482 1010 2537 sultanus
1039 2480 1282 2536 Murates
1316 2482 1521 2536 certior
1543 2480 1915 2537 reddebatur:

333 2580 426 2651 qui
449 2594 583 2634 sane
609 2592 733 2633 cum
770 2577 1155 2640 intellexisset,
1190 2596 1216 2629 a
1275 2577 1395 2631 suis
1446 2576 1660 2644 injuria:
1713 2577 1915 2630 factum

332 2673 551 2728 initium
569 2670 696 2738 jure
722 2685 893 2727 cazsos
923 2671 1319 2740 pronuntiavit.
1341 2669 1476 2724 Nam
1505 2670 1647 2725 nolle
1679 2686 1737 2726 sc
1761 2670 1922 2741 quid-

328 2779 495 2836 quam
558 2763 741 2818 aiebat
771 2778 800 2814 a
850 2764 989 2824 suis,
1013 2773 1203 2817 contra
1254 2762 1397 2832 leges
1457 2763 1825 2826 induciatnm,
1853 2762 1920 2817 ad

330 2856 661 2913 turbandam
685 2870 876 2925 pacem
900 2853 955 2907 in
1005 2852 1262 2924 Ung’aria:
1312 2854 1581 2910 limitibus
1642 2856 1919 2909 attentari.

325 2948 506 3005 Jussit
534 2948 724 3012 etiam,
751 2947 952 3002 illustri
979 2955 1033 3000 et
1064 2962 1334 3017 generoso
1362 2945 1640 3017 Rudolphi
1675 2946 1718 3007 ll
1744 2946 1923 3002 Caesa-

326 3044 408 3096 ris
430 3042 660 3104 oratori,
708 3038 877 3094 Paulo
930 3040 1121 3095 baroui
1189 3038 1282 3092 Eiz
1308 3054 1509 3108 ngam),
1572 3053 1800 3094 suarum
1855 3039 1922 3095 ad

328 3143 630 3204 utrumque
661 3133 880 3187 bassam
921 3131 1200 3202 ngarize.
1232 3131 1539 3188 Budensem
1562 3146 1629 3188 ac
1689 3130 1918 3188 Temes-

318 3245 635 3295 varensem,
671 3229 976 3284 litterarum
1015 3227 1309 3297 exemplar,
1358 3228 1610 3283 exhiberi
1647 3245 1663 3283 ε
1717 3230 1919 3299 quibus

320 3337 514 3380 severe
544 3321 864 3387 mandabat,
898 3318 978 3374 uti
1031 3319 1234 3373 milites
1298 3334 1430 3374 suos
1492 3319 1811 3377 limitaneos
1862 3321 1918 3375 in

328 3413 509 3468 ollicio
539 3414 905 3468 continerent.
934 3412 1081 3468 Idem
1139 3424 1197 3466 ut
1240 3429 1268 3465 a
1308 3412 1515 3468 nostris
1534 3427 1751 3484 quoque
1783 3428 1919 3481 prte-

331 3512 598 3568 staretur,
620 3505 872 3573 imperari
903 3505 1157 3571 vicissim.
1175 3505 1417 3573 petebat.

405 3594 526 3652 Sub
556 3597 760 3652 exitum
789 3597 1187 3666 ejusdemanui
1244 3598 1460 3656 Turcus
1504 3600 1728 3670 quidam
1774 3600 1917 3658 Con-

326 3690 745 3759 StantinOpolim
774 3692 1005 3761 appulit,
1066 3693 1295 3749 tntntius
1345 3694 1512 3751 caedis
1571 3709 1823 3759 suorum,
1887 3712 1917 3750 e

322 3799 436 3854 qua
466 3782 618 3838 solus
648 3783 731 3854 (ut
762 3785 879 3853 ipse
913 3774 1135 3853 quidem
1188 3787 1390 3856 aiebat)
1449 3804 1617 3857 opera
1667 3790 1912 3860 chirurgi

320 3873 612 3945 cujusdam
638 3873 947 3941 Cretensis,
968 3879 1059 3932 cui
1096 3876 1275 3933 fuerat
1306 3888 1466 3935 antea
1496 3888 1686 3947 notus,
1718 3896 1910 3937 evase-

320 3973 431 4022 rat.
462 3964 574 4022 Res
610 3966 727 4036 ipsa
761 3969 935 4022 relatu
965 3982 1074 4022 non
1114 3968 1365 4037 indigna,
1389 3972 1536 4038 quod
1566 3960 1737 4039 prepe
1772 3985 1914 4025 novo

322 4065 459 4114 tunc
497 4058 663 4130 382
698 4058 843 4114 inter
879 4058 1116 4115 Venetos
1150 4074 1218 4116 ac
1253 4058 1463 4116 Turcos
1497 4062 1639 4116 bello
1681 4079 1912 4119 causam

322 4150 618 4221 praebitura
648 4151 945 4223 videretur.
992 4148 1329 4208 Ramadauis
1364 4154 1539 4208 bassze
1586 4151 1911 4224 Tripolitani

320 4240 511 4307 vidua,
538 4255 664 4294 cum
693 4241 823 4306 lilio.
849 4240 1079 4304 familia,
1102 4243 1396 4312 mancipiis
1428 4242 1720 4315 utriusque
1742 4260 1913 4301 sexus

323 4333 863 4403 Constantinopolim
897 4334 1236 4404 profectura,
1269 4336 1549 4392 triremem
1591 4316 1660 4393 in‘
1708 4318 1911 4394 Barba-

320 4424 408 4479 ria
442 4424 528 4479 vel
559 4424 743 4478 Africa
773 4425 1049 4480 maritima
1093 4441 1385 4483 curaverat
1435 4428 1656 4496 instrui,
1691 4446 1798 4503 qua
1833 4430 1910 4486 fa-

2019 1925 2255 1980 stianam
2296 1941 2356 1981 se
2380 1926 2647 1994 prollteri,
2679 1935 2735 1982 et
2782 1926 3075 1997 virginem,
3142 1934 3198 1979 et
3226 1927 3280 1980 in
3310 1923 3492 1993 Cypro
3523 1937 3618 1978 na-

2019 2027 2129 2074 tam
2165 2021 2332 2075 nobili
2369 2021 2571 2075 familia
2624 2019 2894 2086 Cornara,
2946 2035 3070 2091 qua:
3121 2034 3278 2075 suam
3342 2020 3615 2091 originem

2018 2114 2083 2185 ad
2120 2111 2400 2169 Cor-uaros
2433 2112 2668 2168 Venetos
2696 2112 2963 2179 referret;
2996 2124 3208 2182 captam
3244 2123 3371 2167 ante
3423 2114 3490 2166 1:!
3520 2129 3616 2169 an-

2020 2219 2140 2266 nos,
2176 2220 2300 2259 cum
2333 2204 2546 2277 Cyprus
2574 2204 2677 2261 sub
2718 2205 2916 2275 jugum
2946 2203 3242 2260 Turcicum
3280 2206 3514 2270 veniret,
3547 2221 3618 2260 ex

2019 2313 2084 2351 eo
2107 2306 2350 2362 tempore
2382 2297 2642 2351 miseram
2668 2297 2812 2366 apud
2837 2296 3108 2352 Barbaros
3141 2298 3460 2353 servitutem
3487 2313 3617 2353 ser-

2021 2390 2207 2445 viisse.
2240 2389 2399 2446 Nunc
2424 2390 2647 2460 quando
2678 2398 2799 2460 post
2829 2399 2909 2444 tot
2942 2405 3222 2446 aerumnas
3283 2384 3336 2444 in
3371 2392 3617 2446 hominis

2018 2481 2343 2546 Christiani,
2371 2484 2602 2554 pudoris
2638 2482 2870 2551 virginei
2902 2483 2992 2536 vin
3016 2483 3158 2543 ficis,
3211 2483 3410 2537 nobilis
3459 2484 3617 2538 deni-

2016 2589 2127 2644 quc
2152 2573 2342 2629 Veneti
2382 2592 2576 2631 manus
2619 2576 2928 2641 incidisset,
2998 2576 3264 2631 obtestati
3298 2590 3358 2631 se
3390 2592 3484 2645 per
3508 2577 3613 2629 itu-

2022 2665 2308 2720 mortalem
2338 2668 2529 2736 l)eum,
2563 2684 2629 2723 tte
2652 2668 2983 2725 Christiana:
3047 2667 3259 2726 faceret
3319 2670 3612 2738 iujuriam,

2021 2774 2090 2813 ne
2120 2758 2385 2831 virginem
2419 2763 2745 2825 incestaret,
2783 2778 2850 2817 ne
2888 2760 3092 2817 Veneto
3120 2761 3375 2831 sanguini
3410 2762 3610 2818 findant

2022 2851 2198 2907 labent
2248 2862 2592 2924 aspergi-ret,
2676 2855 2769 2911 sed
2824 2854 3008 2924 potius
3060 2854 3114 2907 in
3162 2863 3413 2925 aptatum
3462 2855 3618 2909 hunc

2022 2944 2193 3008 diem,
2236 2962 2346 3015 quo
2388 2946 2759 3001 Christianam
2801 2947 2871 3002 ad
2904 2946 3301 3016 rempublicam
3338 2946 3617 3016 pestlimi-

2024 3039 2117 3093 nio
2146 3041 2370 3103 rediret,
2400 3040 2587 3095 divina
2613 3040 2851 3111 quadam
2904 3042 3252 3110 providentia
3314 3056 3615 3096 conserva-

2026 3140 2159 3196 tam,
2184 3132 2336 3187 salvo
2370 3135 2577 3203 pudore
2606 3134 2847 3190 libertati
2911 3136 3245 3190 restitueret.
3299 3133 3445 3188 Nihil
3468 3134 3613 3202 apud

2026 3221 2294 3279 immitem
2313 3228 2583 3292 animum,
2600 3242 2667 3281 ac
2687 3226 3006 3297 prodigiose
3028 3229 3319 3283 crudelem
3336 3227 3616 3283 salacem-

2023 3331 2132 3385 quc
2165 3357 2184 3383 ,
2210 3326 2321 3371 tam
2358 3331 2567 3372 sancta:
2595 3333 2788 3388 preces
2842 3319 3090 3384 valuere,
3156 3322 3456 3389 quominus
3486 3320 3609 3372 vii:-

2025 3407 2253 3472 laretur,
2282 3415 2338 3460 et
2361 3406 2626 3462 suffocata
2653 3423 2778 3464 cum
2812 3409 2937 3464 aliis
2964 3411 3255 3482 mancipiis
3282 3410 3531 3470 Turcicis
3556 3416 3611 3469 in

2023 3512 2172 3550 mare
2206 3497 2590 3568 projicerctur.
2616 3500 3090 3555 Existimabantur
3141 3503 3420 3573 indignant
3469 3509 3614 3571 hanc

2022 3590 2418 3644 immanitatem
2455 3589 2662 3646 Veneto
2694 3592 2943 3660 nomine,
3008 3602 3116 3648 tam
3147 3597 3258 3664 pio,
3295 3606 3404 3651 tam
3431 3602 3612 3668 pudo-

2020 3680 2098 3734 ris
2118 3691 2173 3735 et
2200 3683 2382 3736 etnnis
2412 3683 2633 3738 virtutis
2648 3683 2921 3745 studioso,
2984 3694 3093 3740 tam
3132 3702 3163 3740 a
3213 3688 3421 3742 smvitia
3451 3689 3614 3745 deni-

2018 3787 2124 3842 que
2159 3773 2361 3837 alicno,
2392 3774 2733 3841 exercuisse,
2804 3791 2872 3831 ne
2906 3777 3032 3845 quis
3064 3789 3344 3845 superstes
3376 3781 3460 3834 vel
3484 3796 3572 3835 ant
3594 3813 3609 3822 -

2016 3866 2338 3935 ptitudinem
2376 3869 2594 3963 prtedae,
2640 3881 2811 3938 quam
2871 3870 3161 3924 consecuti
3222 3871 3478 3938 fuissent,
3524 3876 3610 3930 vel

2017 3962 2084 4015 ad
2112 3959 2390 4015 missorum
2416 3961 2685 4015 scelerum
2740 3959 3052 4016 foeditatem
3114 3965 3390 4034 proderet.
3425 3965 3606 4038 Hujus

2016 4053 2281 4107 facinoris
2333 4052 2477 4106 fama
2558 4050 2709 4107 Cous
2734 4053 3036 4125 antinopoli
3093 4058 3606 4127 percrebresceute,

2016 4145 2341 4203 incredibile
2374 4147 2545 4212 dictu,
2569 4160 2910 4217 quantopere
2926 4150 3192 4205 commoti
3223 4153 3442 4209 fuerunt
3469 4154 3608 4210 Tur-

2014 4256 2206 4296 corum
2238 4238 2432 4294 animi.
2465 4238 2679 4296 Passim
2706 4241 2962 4297 audisses
2993 4258 3184 4299 omnes
3204 4245 3391 4299 omnia
3432 4242 3608 4305 Vene-

2018 4332 2090 4387 tis’
2111 4341 2356 4388 extrema
2388 4330 2732 4386 minitantes.
2764 4332 2866 4387 Vix
2925 4348 2955 4387 a
3020 4333 3171 4389 Bailo
3224 4336 3613 4407 (magistratus

2013 4424 2207 4480 Veneti
2241 4438 2440 4479 nomen
2472 4431 2577 4486 est,
2617 4423 2709 4492 qui
2742 4423 2811 4478 de
2838 4437 3064 4479 suorum
3119 4430 3304 4482 causis
3357 4430 3484 4483 istic
3515 4446 3610 4485 co-

324 4515 560 4573 cultates
595 4532 727 4572 suas
776 4518 1147 4588 amplissimas
1201 4535 1390 4575 secum
1456 4521 1735 4578 aveheret.
1802 4522 1910 4581 Eas
1938 4540 1991 4604 ι)
2015 4517 2249 4588 gnoscit,
2278 4526 2333 4569 et
2361 4515 2592 4585 injurias
2621 4516 2742 4571 suis
2772 4515 2954 4569 illatas
2980 4515 3050 4570 ad
3074 4517 3353 4573 sultanum
3415 4517 3609 4576 Turci-

321 4609 576 4677 equ'idem
607 4608 830 4662 memini
851 4623 881 4662 a
909 4608 1108 4666 Turcis
1126 4621 1181 4666 et
1199 4612 1444 4669 Hebraeis
1472 4615 1641 4672 octies
1656 4619 1908 4675 centenis

321 4699 567 4755 millibus
596 4716 882 4757 nutnmum
922 4719 1221 4759 aureorum
1277 4706 1623 4763 aestimatas:
1684 4725 1907 4778 verene,

318 4808 390 4848 an
418 4796 662 4864 sequius,
683 4795 937 4865 equidem
957 4796 1143 4852 dicere
1166 4812 1274 4851 non
1307 4798 1505 4855 habeo.
1541 4799 1677 4857 lluic
1698 4804 1908 4860 triremi

318 4885 634 4942 securitatis
663 4902 778 4943 sua:
804 4903 972 4944 causa
1000 4898 1175 4946 semet
1204 4891 1574 4960 adjunxerant
1606 4896 1728 4951 alite
1759 4896 1905 4963 duae,

319 4993 464 5049 quas
498 4980 708 5036 idcirco
738 4981 935 5053 vulgus
967 4991 1260 5039 nautarum
1293 5000 1595 5042 conservas
1632 4990 1911 5059 appellare

318 5072 485 5128 solet.
545 5074 686 5129 Cum
736 5074 918 5145 ipsum
982 5078 1189 5133 ostium
1243 5063 1403 5136 simis
1453 5079 1738 5146 Adriatici,
1798 5098 1910 5139 non

324 5166 611 5235 proculab
642 5167 820 5222 insula
851 5167 1092 5240 Corcyra
1128 5170 1432 5242 (Corphum
1484 5190 1632 5228 nunc
1693 5175 1906 5243 dicunt,

322 5274 451 5331 qua:
480 5275 575 5316 vox
611 5260 820 5317 Grarcis
851 5264 1064 5332 vulgari
1114 5265 1302 5335 lingua
1352 5266 1536 5321 sinum
1587 5267 1908 5339 significat),

324 5354 792 5424 praeterit-gerent,
853 5356 1049 5427 ingens
1111 5359 1298 5414 subito
1367 5370 1557 5418 coorta
1609 5370 1910 5429 tempestas

320 5462 422 5502 eos
458 5446 540 5500 vel
572 5448 774 5503 invitos
821 5449 874 5502 in
903 5449 1108 5515 sinum,
1157 5466 1317 5519 quem
1351 5450 1615 5517 diximus,
1670 5452 1911 5508 Adriati-

321 5558 450 5598 cum
482 5541 690 5611 rejecit.
724 5541 853 5597 Erat
879 5543 929 5596 id
956 5545 1219 5611 temporis
1241 5559 1375 5598 cura
1403 5544 1578 5609 sinus,
1605 5560 1731 5600 cum
1756 5556 1909 5602 certo

321 5635 633 5691 triremium
665 5652 919 5699 numero,
965 5646 1160 5693 contra
1189 5637 1412 5707 quosvis
1439 5639 1648 5707 piratas
1676 5652 1730 5694 et
1760 5642 1902 5696 alios

320 5730 508 5782 tuendi
531 5730 698 5799 (quod
739 5728 977 5785 oﬂicium
1031 5731 1127 5799 qui
1156 5731 1318 5798 gerit,
1352 5732 1609 5798 provisor
1637 5733 1791 5788 sinus
1812 5749 1906 5803 ap-

315 5816 576 5890 pellattﬂ)
610 5818 992 5875 commendata
1019 5817 1184 5876 Petro
1218 5816 1378 5885 Emo,
1412 5818 1644 5888 patricio
1672 5818 1902 5889 Veneto,

2014 4624 2140 4663 cum
2161 4607 2396 4678 ejusque
2422 4610 2632 4664 vezires
2661 4606 2860 4678 defert)
2892 4608 3268 4675 abstinebant,
3305 4614 3604 4681 quominus

2016 4701 2226 4757 homini
2253 4717 2451 4764 manus
2512 4701 2824 4771 injicerent,
2856 4709 2952 4756 aut
3001 4700 3146 4757 {inde
3195 4706 3388 4760 saltem
3432 4706 3486 4759 in
3540 4722 3606 4762 os

2014 4804 2364 4863 exspuereut.
2402 4793 2760 4865 Fungebatur
2784 4795 2836 4848 id
2878 4796 3142 4863 temporis
3200 4796 3308 4852 hac
3374 4814 3605 4855 munere

2013 4886 2256 4942 Joannes
2287 4886 2640 4954 Franciseus,
2670 4886 3134 4944 Mauroceuorutn
3172 4889 3378 4945 fatnilia
3415 4907 3604 4960 natus,

2015 4978 2345 5050 (Morcsinos
2369 4980 2529 5048 vulgo
2574 4963 2816 5048 vocant),
2839 4980 2933 5048 qui
2960 4981 3125 5050 paulo
3160 4991 3282 5050 post
3315 4968 3604 5054 episcopa-

1989 5081 2130 5131 'tum
2164 5072 2527 5139 Brixiensem,
2555 5082 2776 5128 mortuo
2809 5074 3135 5131 doctissimo
3175 5078 3456 5135 cardinale
3482 5080 3604 5136 Del-

2015 5170 2207 5239 phino,
2244 5168 2446 5223 absens
2475 5168 2807 5236 impetravit.
2833 5168 2882 5223 ls
2905 5184 3031 5223 cum
3083 5168 3342 5226 Zausium
3404 5188 3604 5242 queru-

2015 5263 2140 5314 rlam
2178 5258 2384 5313 sultani
2410 5258 2643 5314 Muratis
2671 5259 2860 5327 jussu,
2911 5261 3385 5333 Constantinopoli
3411 5267 3500 5320 die
3528 5266 3598 5318 27

2018 5354 2335 5410 Decembris
2366 5352 2626 5409 Venetias
2651 5357 2855 5410 iturum
2893 5373 3017 5412 cum
3052 5360 3324 5414 mandatis
3355 5366 3604 5432 accepis-

2015 5460 2121 5514 set,
2181 5450 2515 5513 intercessit,
2552 5465 2618 5504 ac
2648 5460 2861 5505 tantum
2885 5453 3138 5516 obtinuit,
3174 5462 3232 5506 ut
3262 5454 3603 5523 ablegandus

2016 5543 2272 5597 Vemtias
2313 5543 2549 5599 Zausius
2596 5544 3072 5615 Constantinopoli
3124 5556 3413 5600 maneret.
3450 5546 3602 5602 Missi

2016 5647 2221 5699 tamen,
2242 5640 2334 5707 qui
2356 5638 2585 5719 Muralis
2604 5640 2932 5694 sententiam
2959 5636 3180 5693 Venetis
3200 5638 3599 5708 significarent.

2018 5728 2246 5785 Volebat
2274 5732 2319 5785 is
2340 5744 2535 5800 poenas
2564 5730 2620 5785 in
2662 5731 2798 5786 tanti
2827 5731 3089 5788 facinoris
3120 5741 3381 5790 auctores
3406 5733 3601 5801 statui,

2017 5826 2340 5897 ahlatasque
2379 5840 2466 5882 res
2499 5841 2621 5881 cum
2652 5827 2926 5896 personis,
2988 5838 3099 5880 tam
3168 5827 3377 5894 liberis,
3435 5843 3602 5898 quam
