4018 6452
455 364 566 441 70‘!

1679 371 2003 434 JOANNIS
2038 348 2501 431 LEUNCLAvu

3618 338 3734 418 70*.

461 489 657 553 servis,
699 486 869 541 reddi.
905 483 1177 539 llah—acrat
1237 491 1419 537 autem
1471 484 1634 537 vidua
1698 481 2035 536 liamadanis
2064 490 2108 547 Α
2142 480 2531 551 profectionem
2563 482 2896 540 revocasset,
2932 474 2984 526 in
3016 486 3107 527 cas
3142 480 3248 526 tam
3278 462 3530 539 tumente,
3554 484 3731 540 quam

461 581 767 634 Christiana
796 579 897 632 400
935 577 1228 653 mancipia,
1261 592 1380 645 qute
1446 590 1579 629 sane
1624 576 1880 644 quoniam
1936 588 2033 643 pro

463 687 612 725 more
640 670 1098 731 Christianorum,
1126 668 1333 721 triremi
1356 667 1806 734 capta,libertate
1833 667 2032 718 donata

465 766 705 820 fuerant,
764 760 865 810 alia
905 757 1142 811 Murates
1177 757 1371 810 horum
1437 757 1554 809 loco
1587 754 1853 825 mancipia
1884 754 2038 824 ﬂagi-

465 855 628 905 tabat.
669 852 978 904 Simuleam
1012 866 1124 918 pra:
1155 866 1212 903 se
1255 848 1463 902 ferebat
1486 849 1653 902 animi
1704 848 2037 901 moderatio.

466 961 607 1006 nem,
648 954 703 997 ut
726 946 946 995 minime
965 958 1022 995 se
1053 943 1256 994 diceret
1294 941 1426 1009 ipsis
1448 941 1724 994 illaturum
1757 940 2039 1007 iujuriam,

465 1054 561 1088 nec
608 1052 790 1103 pacem
827 1036 1177 1095 \iolaturttm,
1232 1033 1394 1086 modo
1432 1034 1717 1102 postulatis
1755 1031 1952 1085 rationi
1980 1038 2037 1084 et

464 1126 705 1195 aequitati
755 1126 1139 1178 consentaneis
1187 1123 1606 1178 satisfecissent.
1635 1119 1943 1191 Creteroqui
1977 1139 2037 1175 se

466 1218 605 1271 bello
634 1231 855 1269 suorum
885 1217 1060 1269 aedes
1091 1226 1142 1266 et
1181 1214 1409 1281 injurias
1459 1216 1895 1268 vindicaturum.
1932 1215 2033 1268 Se-

468 1318 623 1359 natus
655 1304 928 1358 intellecta
956 1305 1174 1372 querela
1206 1304 1594 1372 voluntateque
1628 1286 1874 1366 Muralis,
1904 1316 1956 1358 et
1982 1319 2039 1358 re

464 1400 774 1467 diligenter,
821 1398 897 1450 uti
979 1408 1124 1464 gesta
1189 1396 1401 1456 fuisset,
1469 1398 1788 1466 pi-rqitisita,
1842 1395 2041 1449 Murali

466 1489 774 1556 respondet,
816 1488 1066 1541 exstincti
1103 1486 1433 1540 Raznailauis
1476 1491 1649 1542 hasstc
1705 1487 2038 1556 Tripolitani

467 1580 729 1634 familiam
769 1581 1000 1647 primum
1031 1580 1094 1630 ad
1149 1580 1379 1632 insulam
1437 1579 1621 1632 Veneti
1652 1568 1793 1648 juris
1835 1577 2044 1650 Zacyn-

466 1676 620 1724 thum
653 1672 1001 1738 apptieuisse,
1042 1686 1212 1735 neque
1237 1670 1496 1744 duntaxat
1527 1672 1595 1721 ab
1628 1669 1898 1723 iusulanls
1933 1671 2041 1723 ltu-

469 1763 700 1817 uzaniti-r
725 1771 1031 1830 exceptam.
1103 1776 1287 1814 verum
1331 1764 1493 1813 ctiam
1547 1761 1887 1815 munusculis
1914 1756 2043 1831 qui—

2148 576 2359 628 viarum
2411 571 2774 633 dillicultatcs,
2808 583 2930 622 cum
2992 566 3106 621 suis
3160 565 3371 629 incidit,
3424 574 3483 618 ut
3540 579 3729 634 neque

2143 664 2390 735 progredi
2420 670 2601 732 posSet
2639 661 2892 725 ulterius,
2932 674 3029 712 nec
3085 658 3203 711 sine
3234 657 3449 724 jactura
3479 655 3719 709 militum

2143 759 2330 826 pedem
2368 754 2569 808 referre
2592 754 2798 807 liceret.
2822 750 3064 804 Tandem
3097 760 3275 803 tamen
3314 762 3420 801 non
3448 747 3564 801 sine
3587 763 3723 802 suo-

2145 865 2262 900 tll'tl
2315 847 2481 908 male,
2536 861 2600 898 ac
2635 841 2889 912 praesenti
2923 856 3045 895 cum
3082 839 3322 909 periculo
3355 839 3521 893 totius
3561 841 3724 891 amit-

2142 939 2288 993 tendi
2332 937 2639 998 exercitus,
2689 936 2910 987 domum
2953 945 3208 986 reversus
3253 940 3355 986 est.
3409 929 3545 983 Tum
3597 943 3731 983 verr

2145 1044 2291 1083 οετιυο
2323 1028 2508 1097 perciti
2543 1027 2728 1079 furore
2758 1023 3019 1092 gcuizari,
3068 1022 3210 1075 nulla
3262 1035 3362 1073 nec
3407 1018 3578 1088 ipsius
3623 1018 3735 1071 viri

2141 1122 2422 1191 dignitatis
2448 1133 2546 1173 nec
2580 1117 2780 1170 sultani
2833 1115 2916 1169 sui
2951 1113 3165 1167 ratione
3190 1110 3398 1173 habita,
3449 1109 3538 1178 qui
3590 1107 3735 1162 huic

2143 1228 2264 1265 eum
2300 1209 2590 1280 provinciae
2640 1203 2992 1275 prmlecisset,
3032 1202 3306 1253 hominem
3363 1202 3730 1252 obtruncant.

2148 1302 2335 1372 Νιιιμισ
2370 1301 2604 1354 Muratos
2642 1298 2902 1349 hactenus
2962 1307 3055 1346 eos
3104 1293 3177 1343 oh
3234 1294 3374 1343 lianc
3406 1287 3583 1341 bassae
3645 1287 3736 1339 sui

2145 1398 2374 1461 caedem,
2429 1408 2527 1459 pro
2573 1387 2901 1443 auctoritate
2939 1384 3153 1453 imperii
3202 1382 3473 1449 castigare
3527 1379 3731 1448 potuit:

2153 1490 2297 1559 quod
2334 1486 2533 1541 nemihi
2572 1485 2768 1536 mirum
2807 1480 2976 1533 videri
3017 1476 3195 1530 debet.
3224 1474 3435 1543 Quippe
3466 1487 3573 1525 uoa
3607 1486 3731 1524 am-

2147 1589 2286 1658 plius
2318 1586 2407 1638 illa
2442 1600 2587 1637 nune
2621 1580 2759 1650 apud
2790 1577 3002 1632 Turcos
3036 1571 3371 1630 obedientia.
3412 1585 3520 1623 non
3564 1568 3735 1622 disci-

2149 1677 2293 1743 plina
2330 1673 2583 1727 militaris
2628 1681 2733 1732 est,
2782 1683 2901 1738 qua:
2942 1665 3045 1719 fuit
3094 1664 3224 1716 olim
3278 1660 3417 1729 apud
3469 1658 3735 1712 saeculum

2148 1767 2315 1835 prius.
2353 1764 2506 1829 Quod
2540 1762 2753 1815 tametsi
2787 1760 2983 1812 ducere
3017 1753 3264 1825 pluribus
3298 1750 3564 1819 exemplis
3600 1766 3732 1818 pos-

469 1863 694 1911 tusitam
776 1856 1082 1908 honerariis
1147 1870 1208 1907 ac
1297 1855 1475 1908 xeniis
1500 1921 1509 1933 ι
1537 1853 1784 1907 aﬂ‘ectam
1848 1852 2040 1907 fuisse.
2081 1827 2120 1882 Β
2145 1871 2293 1922 sem;
2322 1866 2500 1909 tamen
2538 1872 2603 1909 ne
2636 1857 2855 1909 modum
2909 1854 3187 1922 annalium
3213 1846 3496 1914 excedam,
3538 1849 3733 1902 (lunia-

468 1949 658 2002 pth‘lt'a
693 1963 839 2010 vero,
880 1964 1035 2013 quam
1067 1949 1191 1999 hinc
1216 1946 1632 2008 discessissent,
1688 1945 1917 1998 alteram
1957 1949 2043 1998 in-

469 2040 642 2091 sidam
703 2053 856 2091 suam
906 2036 1312 2105 Cephalleniam
1374 2035 1647 2089 hostiliter
1748 2035 2043 2098 invasisse,

472 2140 772 2199 pra-terque
802 2130 948 2197 pacis
973 2131 1117 2197 leges
1147 2126 1328 2181 omnia
1370 2127 1702 2195 diripiendo,
1739 2142 1839 2181 nec
1864 2128 2045 2181 homi-

470 2225 650 2285 uitius,
680 2237 776 2275 nec
816 2221 1085 2290 Ῑιιιιιρηιὶε
1118 2220 1475 2289 pecoribusve
1532 2220 1860 2288 pepercisse.
1899 2220 2044 2275 Prae-

470 2317 665 2367 l't'clttttt
690 2312 844 2367 sinus
877 2312 1164 2378 Adriatici,
1188 2325 1311 2366 cum
1345 2312 1546 2364 certior
1575 2312 1642 2364 de
1668 2311 1771 2365 hac
1801 2312 2044 2380 ipsorum

470 2404 761 2458 insolentia
806 2404 983 2455 factus
1004 2402 1331 2464 tuisset,eos
1354 2413 1384 2453 e
1415 2400 1642 2468 vestigio
1670 2413 2045 2468 persecutum,

469 2508 577 2546 non
619 2494 779 2545 modo
806 2492 949 2542 intra
985 2490 1165 2542 sinum
1213 2502 1461 2541 armatOs
1527 2489 1819 2556 reperisse,
1853 2503 2045 2543 verum

465 2583 625 2634 etiam
658 2582 724 2632 ab
755 2580 856 2637 cis.
892 2592 1017 2631 cum
1052 2576 1275 2645 propius
1334 2574 1644 2633 accederet.
1706 2589 1814 2626 non
1874 2572 2046 2627 fuisse

470 2679 568 2751 pro
604 2696 757 2735 more
806 2679 1129 2742 salutatum,
1180 2691 1286 2731 nec
1338 2676 1595 2731 demissis
1646 2675 1783 2729 velis
1836 2672 2046 2727 editum

469 2777 708 2843 signum,
794 2770 941 2841 quod
1005 2768 1404 2824 hutniliationis
1473 2769 1774 2839 appellant.
1841 2766 2048 2822 Horum

470 2876 761 2935 utrumque
794 2865 965 2935 pactis
995 2864 1283 2918 conventis
1320 2860 1628 2924 adversari,
1654 2863 1855 2932 quibus
1881 2862 2046 2934 333

472 2969 697 3013 armata:
727 2972 894 3012 naves
930 2958 1111 3011 sinum
1143 2955 1351 3025 ingredi
1421 2962 1694 3017 vetentur,
1751 2964 1805 3008 et
1861 2970 2052 3009 omnes

471 3053 723 3121 praefecto
755 3055 908 3103 sinus
931 3048 1196 3102 honorem
1226 3046 1485 3100 exhibere
1510 3055 1661 3099 certo
1701 3047 2049 3102 salutationis

2149 1958 2239 2002 xat
2270 1949 2487 2002 unicum
2524 1949 2699 2001 adhuc
2728 1949 2987 2001 recitasse
3011 1945 3304 2000 suffecerit.

2216 2038 2355 2091 Auni
2386 2044 2493 2090 ndn
2522 2037 2673 2090 multi
2707 2038 3041 2104 praeteriere,
3078 2051 3200 2089 cum
3231 2035 3523 2088 Achmetes
3549 2035 3738 2097 liassa,

2149 2129 2502 2198 beglerbegus
2528 2128 2716 2196 Cypri,
2746 2128 3087 2198 Famagusta:
3118 2127 3228 2181 sui:
3265 2138 3314 2178 et
3350 2126 3466 2195 ipse
3492 2126 3742 2181 trucida-

2151 2232 2237 2274 tus
2260 2235 2288 2275 a
2314 2222 2585 2290 geniz-aris
2610 2219 2730 2275 fuit.
2758 2221 2909 2274 Illae)
2938 2235 2995 2274 se
3017 2216 3218 2273 caedem
3242 2218 3541 2273 admisiSse
3559 2219 3739 2287 palam

2148 2311 2562 2378 proﬁtebantur,
2592 2310 2662 2363 ob
2692 2310 2995 2364 interversa
3031 2310 3300 2378 stipendia
3330 2324 3453 2373 sua,
3489 2324 3611 2378 quae
3637 2324 3738 2378 per

2152 2403 2433 2457 avaritiam
2468 2402 2757 2456 Achmetes
2787 2401 2888 2454 sihi
2917 2401 3252 2455 retinuisset.
3282 2399 3463 2469 Atque
3489 2401 3567 2457 uti
3594 2415 3729 2470 pne-

2151 2504 2355 2548 textutu
2382 2532 2397 2555 ,
2434 2493 2707 2563 palliando
2759 2492 2987 2546 facinori
3041 2508 3142 2546 suo
3166 2533 3180 2555 ,
3210 2493 3385 2559 magis
3419 2491 3717 2561 speciesum

2154 2587 2434 2641 traherent.
2469 2585 2537 2639 ab
2565 2599 2631 2639 eo
2657 2585 2885 2640 miseros
2917 2586 3079 2639 etiam
3116 2585 3401 2638 insulanos
3432 2582 3726 2638 exactioni-

2153 2680 2251 2730 hns
2283 2676 2618 2745 gravissimis
2645 2684 2700 2729 et
2726 2676 3082 2730 intolerandis
3113 2676 3437 2741 exhaustos,
3489 2673 3722 2727 a’ebint.

2155 2767 2381 2837 ludigne
2407 2768 2662 2822 sultauus
2693 2766 2928 2821 Murates
2954 2766 3097 2841 hang
3113 2767 3494 2835 genizarorum
3519 2761 3728 2817 ferebat

2152 2862 2524 2924 insolentiam,
2565 2860 2658 2926 qui
2701 2859 3080 2929 beglerbegum
3125 2874 3284 2912 suum
3321 2869 3430 2912 tam
3467 2858 3609 2913 futile
3640 2870 3740 2911 na-

2153 2961 2390 3013 cassent,
2433 2951 2598 3005 nullis
2641 2951 2706 3005 ad
2767 2949 2984 3004 Portam
3021 2951 3261 3020 querelis
3316 2950 3531 3014 delatis,
3590 2949 3740 3003 nullo

2152 3044 2382 3098 crimine
2431 3058 2541 3113 quo
2586 3058 2642 3097 se
2689 3043 3010 3113 obligasset.
3060 3042 3340 3097 Pertinere
3388 3043 3611 3112 putabat
3668 3042 3738 3095 ad

470 3142 969 3208 submissionisque
999 3153 1215 3207 genere,
1243 3138 1560 3206 jubeantur.
1621 3136 1717 3193 His
1778 3138 1845 3193 de
1869 3140 2050 3194 causis
2078 3158 2123 3221 ρ
2154 3137 2412 3189 tuendam
2468 3136 2805 3202 majestatem
2861 3136 3075 3205 imperii
3128 3134 3237 3200 sui,
3289 3151 3352 3188 ue
3386 3133 3601 3189 facinus
3633 3134 3738 3189 hac

469 3242 806 3287 commotum
849 3230 1069 3300 gravius
1105 3226 1418 3296 praefectum
1444 3241 1627 3292 suum,
1675 3229 1933 3286 acerbius
1998 3231 2053 3283 in

471 3340 569 3379 eos
618 3322 1099 3377 animadvertisse.
1137 3317 1507 3372 Nihilominus
1564 3320 1622 3372 in
1673 3319 1776 3373 hac
1801 3334 1861 3375 se
1889 3334 2054 3376 causa

473 3419 716 3472 facturos
749 3413 1016 3484 quidquid
1050 3412 1301 3466 homines
1331 3411 1470 3479 a-qui
1520 3411 1768 3482 iustique
1831 3425 2054 3470 tenaces

472 3510 655 3563 facere
694 3521 792 3575 par
818 3506 910 3559 sit.
944 3502 1205 3557 Nonnihil
1236 3505 1338 3557 hoc
1363 3518 1625 3573 responso
1648 3504 1929 3574 mitigatus
1953 3504 2056 3559 fuit

474 3600 672 3653 sultani
711 3596 935 3651 Muralis
991 3597 1231 3660 animus,
1298 3596 1390 3665 qui
1453 3596 1757 3665 praasertim
1818 3597 2052 3652 necdum

473 3692 798 3762 gravissimo
826 3698 1016 3744 contra
1083 3689 1276 3743 Persas
1336 3689 1479 3744 bello
1539 3689 1854 3752 defunctus,
1897 3692 2054 3745 novis

472 3787 733 3836 adversus
765 3789 1152 3851 praepotentem
1179 3780 1314 3833 mari
1333 3779 1724 3849 rempublicam
1751 3781 2055 3836 inimicitiis

472 3877 750 3944 implicare
778 3889 838 3928 se
873 3873 1059 3926 nollet.
1115 3871 1430 3925 Secundum
1487 3872 1601 3926 haec
1655 3871 1852 3926 Petrus
1881 3871 2054 3926 Emus

471 3970 650 4037 capite
681 3967 892 4035 plexus.
920 3974 975 4018 et
1006 3965 1120 4032 ipsa
1150 3965 1391 4018 triremis
1415 3978 1541 4017 cum
1571 3965 1718 4017 omni
1754 3978 2041 4017 armet-um

471 4069 524 4112 et
552 4056 896 4111 instrumenti
924 4070 1141 4124 genere,
1181 4055 1520 4123 totidemque
1576 4054 1891 4124 mancipiis,
1920 4063 2055 4122 quot

473 4151 527 4203 ia
561 4165 619 4203 ea
655 4147 839 4202 Veneti
869 4149 1217 4215 reperissent,
1244 4148 1454 4201 reddita
1484 4146 1586 4200 fuit
1621 4163 1634 4200 :
1663 4163 1773 4217 quo
1806 4157 2051 4215 tempere

476 4256 576 4294 nos
608 4242 672 4293 ad
707 4236 1069 4309 Zacynthum,
1103 4237 1532 4305 Cephalleniam,
1593 4238 1917 4308 Corcyram,
1949 4239 2052 4291 ali-

475 4334 717 4400 qnandiu
775 4332 1140 4395 lnerebamus,
1202 4341 1258 4384 et
1300 4331 1531 4384 classem
1587 4328 1883 4393 Venetam,
1933 4345 2054 4398 qure

475 4422 670 4476 Turcis
695 4437 815 4477 cam
856 4422 1113 4476 triremeu
1143 4422 1477 4484 restitueret,
1498 4422 1756 4476 vidimus.
1779 4421 2048 4475 Caeterum

2160 3233 2381 3299 impune
2408 3234 2486 3285 sic
2513 3231 2664 3285 abire
2695 3232 2925 3293 sineret,
2969 3241 3028 3284 ut
3057 3230 3252 3284 horum
3295 3230 3542 3298 exemplo
3564 3270 3579 3294 ,
3614 3244 3741 3284 cor-

2158 3325 2335 3392 ruptis
2366 3333 2419 3378 et
2450 3324 2592 3388 aliis,
2623 3322 2967 3377 contumacia
3001 3322 3229 3375 militum
3266 3321 3430 3375 latius
3462 3326 3733 3389 serperet.

2158 3417 2499 3485 Quapropter
2553 3415 2606 3468 in
2661 3415 2896 3484 Cyprum
2953 3415 3092 3467 alius
3145 3414 3215 3466 ab
3266 3429 3328 3466 eo
3379 3413 3743 3482 heglerbegus

2155 3507 2390 3562 mittitur
2414 3522 2536 3561 cum
2567 3508 2753 3560 decem
2787 3505 3126 3568 triremibus,
3163 3514 3270 3558 tam
3298 3505 3528 3558 aliarum
3561 3519 3748 3559 rerum

2154 3609 2421 3669 apparatu
2478 3596 2825 3661 necessario,
2881 3612 3044 3666 quam
3095 3610 3162 3652 eo
3208 3596 3442 3650 militum
3508 3606 3747 3650 numero

2160 3692 2465 3753 instructis,
2513 3703 2625 3760 quo
2667 3689 2835 3743 cmdis
2884 3702 3103 3742 reorum
3152 3689 3396 3742 coerceri
3447 3689 3750 3758 petulantia

2156 3792 2358 3849 posset.
2393 3782 2577 3835 Novus
2612 3796 2742 3850 ergo
2788 3780 3161 3849 beglerbegus,
3210 3794 3336 3833 cum
3381 3780 3617 3849 primum
3665 3782 3741 3833 ad

2160 3876 2400 3929 insulam
2431 3873 2753 3942 appulisset,
2790 3872 3154 3928 dissimulatis
3183 3873 3291 3928 illis
3325 3873 3556 3929 occultis
3588 3887 3748 3925 mau—

2155 3968 2329 4031 datis,
2371 3946 2493 4034 quae
2547 3965 2849 4019 discedenti
2892 3964 3130 4019 Murates
3171 3965 3417 4029 dederat,
3485 3966 3743 4019 homines

2156 4058 2424 4127 quosdam
2460 4058 2561 4112 sibi
2601 4058 2758 4122 fidos,
2788 4059 2939 4112 adire
2980 4048 3265 4123 geniuros
3301 4058 3479 4127 jubet,
3519 4071 3582 4110 ac
3618 4072 3750 4125 pas-

2156 4153 2259 4205 sim
2307 4165 2578 4203 rumorem
2614 4150 2822 4213 didere.
2862 4153 3017 4220 quasi
3054 4151 3290 4204 Mttratr‘s
3342 4151 3424 4205 cis
3454 4151 3524 4203 ob
3573 4151 3749 4203 inter-

2155 4257 2400 4312 emptum
2451 4246 2767 4299 Aeluuetem
2811 4247 3026 4299 hassam
3073 4248 3295 4300 minime
3351 4256 3744 4311 succenseret;

2157 4337 2264 4389 imo
2299 4337 2551 4391 dictitare
2575 4339 2849 4392 sultanum
2879 4338 3425 4405 contirrnarent,jure
3455 4338 3748 4392 scelestum

2158 4429 2432 4482 hominem
2466 4429 2533 4484 de
2569 4430 2748 4482 medio
2775 4430 3072 4494 sublatum,
3106 4430 3199 4499 qui
3224 4431 3512 4498 genizaros
3544 4430 3739 4483 unicos

476 4515 607 4568 lihet
642 4514 817 4568 obiter
845 4514 947 4567 hoc
978 4514 1098 4568 loco
1133 4514 1199 4567 dc
1233 4514 1453 4567 interitu
1486 4513 1660 4582 ipsius
1687 4530 1907 4583 quoque
1949 4510 2048 4564 Ra-

2163 4502 2374 4587 imperii
2434 4522 2519 4575 sui
2571 4523 2827 4576 custodes
2893 4522 3129 4576 annonis
3179 4521 3293 4576 suis
3341 4520 3744 4576 defraudassct.

480 4611 725 4664 madauis
755 4611 929 4663 hassaz
959 4606 1306 4677 Tripolitani,
1333 4608 1497 4676 cujus
1528 4609 1744 4662 viduam
1793 4622 1916 4661 cum
1944 4607 2053 4661 filio

478 4704 790 4772 familiaque
819 4716 1012 4757 cmsam
1038 4701 1105 4754 ab
1140 4698 1276 4755 Emo
1310 4701 1568 4763 diximus,
1615 4716 1877 4770 perpauca
1908 4714 2054 4768 qum-

479 4796 603 4847 dam
646 4808 1122 4847 couunemorare:
1161 4792 1369 4857 futura,
1410 4803 1470 4846 ut
1519 4794 1738 4861 opinor,
1770 4791 1932 4846 avido
1963 4808 2054 4846 co-

480 4884 772 4953 gnoscendi
810 4899 895 4938 res
918 4896 1133 4938 exteras
1162 4883 1345 4937 animo
1380 4898 1488 4936 non
1532 4884 1843 4953 injucunda.

555 4978 928 5044 Tripolitanus
986 4978 1149 5047 igitur
1198 4977 1288 5031 hic
1351 4978 1543 5041 bassa,
1592 4976 1796 5032 bellum
1867 4986 2057 5029 contra

481 5070 770 5123 balbarua
809 5084 988 5138 regem
1041 5069 1359 5122 Africanum
1417 5078 1696 5136 gesturus,
1750 5081 1872 5119 cum
1922 5067 2058 5121 alios

481 5163 685 5217 mitiges
718 5177 848 5215 suos
873 5199 889 5222 ,
938 5171 1049 5215 tum
1085 5163 1248 5216 etiam
1284 5163 1482 5217 missos
1517 5160 1622 5214 sibi
1659 5176 1686 5213 a
1721 5160 1939 5214 sultano
1969 5175 2059 5227 ge-

482 5258 698 5311 nizaros
737 5252 1364 5322 Portasclopetarimin
1404 5254 1673 5307 hosticum
1712 5254 1880 5307 ducit.
1917 5254 2064 5308 Con.

483 5358 591 5400 stat
619 5358 827 5407 autem,
865 5361 1088 5415 tttagttas
1123 5348 1176 5400 in
1207 5345 1392 5399 Africa
1426 5345 1752 5399 solitudines
1783 5361 1926 5409 esse,
1966 5362 2062 5414 per

481 5453 619 5506 (pias
693 5437 1032 5506 profecturi,
1109 5439 1317 5505 copiam
1391 5450 1571 5489 rerum
1635 5439 2065 5491 necessariarum

479 5537 535 5578 et
563 5526 617 5579 in
651 5528 841 5595 primis
879 5544 1132 5591 annonae,
1171 5542 1356 5582 secum
1402 5535 1459 5580 ut
1492 5525 1671 5580 ferant
1709 5545 1933 5583 necesse
1963 5543 2065 5582 est.

479 5615 739 5670 ltinerum
774 5634 990 5688 quoque
1022 5620 1178 5687 periti
1211 5621 1397 5681 duces,
1443 5618 1494 5671 in
1518 5620 1649 5674 locis
1680 5623 1815 5675 adeo
1836 5622 2069 5675 desertis

481 5715 536 5758 et
561 5709 746 5786 inviis,
802 5711 885 5762 vel
912 5711 1146 5763 maxime
1176 5712 1543 5779 requiruntur.
1579 5712 1856 5767 llamadau
1885 5715 2065 5780 bassa,

482 5812 605 5849 cum
640 5800 832 5853 horum
891 5814 1184 5873 utrumque
1247 5818 1439 5872 parum
1499 5806 1562 5859 ad
1615 5807 1882 5874 animum,
1931 5817 2057 5861 ante

2166 4610 2258 4664 llis
2298 4612 2519 4677 auditis,
2555 4612 2713 4666 hilari
2754 4611 2929 4666 fronte
2974 4614 3213 4683 genizari
3251 4613 3652 4682 beglerbegum,
3691 4621 3751 4666 et

2169 4721 2277 4772 qua
2333 4720 2430 4774 par
2461 4707 2968 4770 erat,obscrvautia
3022 4707 3322 4775 excipiunt.
3382 4703 3579 4759 Verum
3634 4720 3749 4758 non

2165 4798 2337 4852 inulto
2364 4807 2486 4868 post
2538 4800 2909 4868 inexspectato
2957 4799 3191 4869 quodam
3227 4808 3345 4853 astu
3377 4799 3577 4852 milites
3627 4797 3752 4866 ejus

2164 4890 2603 4944 circumveniunt
2627 4929 2642 4955 ,
2692 4900 2748 4945 et
2796 4891 3084 4945 universos
3114 4890 3333 4945 caedunt
3362 4931 3377 4955 ,
3418 4890 3552 4960 ipsis
3581 4892 3749 4944 etiam

2169 4981 2483 5037 triremibus
2524 4982 2576 5035 in
2628 4991 2947 5050 potestatem
2987 4983 3243 5037 redactis.
3289 4982 3530 5036 Murates
3557 5022 3572 5045 ,
3624 4980 3753 5035 licet

2169 5073 2453 5142 aegerrime
2479 5074 2644 5126 ferret
2667 5073 2896 5127 alterum
2931 5074 3033 5128 hoc
3074 5074 3452 5142 genizarorum
3488 5074 3541 5127 iu
3570 5072 3753 5144 Cypro

2172 5166 2407 5227 facinus,
2460 5180 2569 5234 quo
2598 5167 2918 5234 gravissime
2947 5166 3066 5221 laedi
3100 5183 3253 5221 suam
3296 5176 3349 5220 et
3385 5181 3610 5236 prorsus
3645 5168 3752 5220 im-

2175 5257 2342 5309 minui
2395 5258 2726 5326 majestatem
2776 5258 3015 5323 videbat,
3052 5266 3234 5313 tamen
3284 5259 3426 5327 quod
3460 5258 3756 5313 infeliciter

2175 5353 2440 5403 hactenus
2469 5350 2604 5418 gesti
2645 5348 2768 5402 belli
2808 5350 3008 5405 Persici
3069 5365 3256 5415 causa,
3329 5352 3753 5405 eondouanduui

2168 5441 2254 5492 his
2291 5440 2495 5509 aliquid
2552 5452 2840 5503 censeret,
2879 5448 3164 5495 ne’nuvas
3195 5453 3250 5496 et
3290 5442 3579 5497 intestinas
3612 5460 3756 5514 pra:-

2170 5543 2315 5586 tcrea
2382 5533 2573 5585 turbas
2644 5534 2929 5600 excitaret,
2998 5535 3091 5589 iris
3137 5524 3305 5589 aniu'ii
3361 5534 3752 5601 dissimulatis,

2170 5625 2302 5678 nihil
2336 5626 2572 5694 amplius
2606 5627 2658 5680 in
2696 5642 2791 5681 eos
2827 5629 3073 5682 tentavit.

2244 5717 2399 5769 Anno
2456 5717 2560 5771 992
2594 5720 2746 5785 (Chr.
2810 5720 2989 5790 1585),
3027 5735 3211 5775 mense
3243 5721 3472 5788 Martio,
3532 5723 3587 5776 in
3632 5740 3755 5778 om-

2172 5813 2320 5865 nium
2365 5820 2484 5864 erat
2514 5826 2608 5865 ore
2632 5811 3133 5884 Constantinopoli,
3180 5813 3462 5871 Ferhatcm
3501 5806 3753 5888 bassam,
