4018 6424
351 338 464 404 709

1492 334 1868 394 SUI‘PLEM.
1903 332 2182 392 ANNAL.
2222 329 2528 390 TUllClC.

3521 317 3630 386 7ιο

358 436 712 525 ιιιιῖτιπείεο
766 449 924 502 militi
993 463 1246 516 suprema
1298 462 1421 502 cum
1465 456 1754 518 potestate,
1811 461 1933 499 nee-
1963 448 2007 505 Α
2040 443 2266 494 moritur
2313 441 2440 493 Erat
2486 441 2538 492 iu
2569 438 2809 493 exercitu
2848 438 3120 494 scentulus
3151 439 3216 492 ab
3253 438 3372 508 ipso
3407 439 3629 508 Cigalo-

357 550 488 603 dum
545 545 610 598 ad
677 543 812 596 lines
868 540 1122 595 Persicos
1187 553 1476 609 progresso
1531 553 1653 592 cum
1689 538 1932 591 exercitu

361 639 602 694 Osmane
636 635 792 688 bassa
835 632 1194 695 vezirazemc,
1239 641 1488 698 praeerat,
1515 630 1752 687 debitam
1798 629 1935 680 mili-

367 727 513 778 tibus
537 737 828 786 annonam,
850 721 1071 775 sordida
1090 721 1320 790 quadam
1349 721 1576 773 avaritia
1601 719 1937 782 distractam,

369 831 499 869 suos
528 816 578 867 in
616 829 747 868 usus
785 812 1046 866 vertisse:
1099 811 1254 880 cuius
1291 819 1472 865 tamen
1506 811 1656 881 gravi
1712 811 1938 880 pemu'ia

370 908 646 963 laborabat
676 906 970 960 exercitus.
1007 905 1149 959 Idem
1183 919 1306 958 cum
1337 905 1674 974 imperasset,
1707 905 1938 957 duarum

367 1004 418 1053 in
459 1001 539 1054 his
581 999 718 1052 locis
750 999 1116 1052 munitionum
1167 998 1578 1053 excitandarum
1627 1011 1792 1051 causa
1819 1038 1834 1062 ,
1875 997 1942 1050 de

364 1091 663 1158 provinciis
689 1091 761 1144 uti
799 1089 994 1144 vicinis
1028 1090 1383 1144 convenirent
1415 1089 1714 1143 incolarum
1751 1091 1816 1142 ad
1851 1104 1940 1143 se-

363 1187 580 1253 xaginta
621 1183 742 1251 plus
785 1181 966 1236 minus
1017 1181 1210 1246 millia,
1259 1181 1351 1250 qui
1405 1195 1602 1249 operas
1654 1187 1946 1234 strtuturae

362 1275 704 1328 necessarias
765 1274 818 1327 in
882 1289 940 1328 se
990 1275 1315 1341 reciperent,
1381 1271 1676 1341 asingulis
1738 1271 1940 1340 aliquid

364 1381 741 1427 uuuimorum,
778 1378 878 1434 pro
905 1365 1118 1418 ratione
1157 1364 1500 1428 facultatum,
1528 1365 1773 1432 exegisse
1807 1363 1945 1417 fere-

365 1458 547 1509 batur:
582 1456 796 1523 illisque
830 1457 1051 1508 domum
1094 1455 1368 1518 remissis,
1390 1455 1454 1508 ad
1489 1455 1796 1510 functiones
1827 1459 1944 1510 s'or-

364 1550 519 1601 didas
551 1548 698 1616 ipsos
729 1548 994 1616 Spaehios
1051 1547 1338 1616 genizaros
1368 1558 1704 1615 canorosque
1749 1547 1946 1601 milites

367 1643 640 1708 :ttlegiSsu.
681 1640 882 1693 Mensis
919 1641 1162 1706 etisdem
1199 1640 1285 1693 die
1315 1640 1378 1693 l5
1419 1655 1742 1693 concessum
1776 1641 1826 1691 in
1859 1639 1944 1691 di-

369 1751 507 1785 aauo
545 1731 728 1784 Ztausi
785 1732 979 1794 bassm,
1033 1749 1190 1801 quem
1229 1748 1391 1801 supra
1426 1731 1689 1785 tuasulem
1741 1730 1943 1784 factum

366 1825 530 1895 334
562 1825 825 1886 diximus,
866 1836 920 1878 ut
953 1796 1155 1885 libo-re,
1206 1796 1404 1892 quibus
1451 1823 1502 1875 in
1564 1823 1696 1878 locis
1750 1825 1946 1886 vellet,
1984 1796 2025 1850 Β

374 1922 574 1972 \ersari
605 1928 810 1988 posset.
843 1917 956 1970 Hoc
989 1918 1264 1970 decretum
1292 1918 1338 1969 ei
1368 1933 1504 1969 Viam
1531 1917 1768 1985 aperuit,
1805 1918 1950 1986 prio-

371 2024 483 2062 rem
515 2009 581 2062 ad
618 2010 934 2078 dignitatem
968 2007 1250 2065 redeundi;
1286 2009 1428 2076 quod
1463 2008 1706 2074 qui-lem,
1738 2018 1950 2060 mortuo

372 2102 620 2155 Persicos
655 2099 721 2154 ad
759 2100 893 2152 ﬂues
925 2097 1163 2152 Osmane
1211 2099 1390 2157 bassa.
1435 2112 1540 2150 non
1596 2097 1768 2150 multo
1826 2106 1952 2167 post

375 2193 590 2246 accidit.
629 2191 853 2245 Constat
895 2206 1012 2244 cum
1067 2199 1318 2258 utroque,
1355 2199 1462 2242 tam
1500 2188 1752 2248 Fer-hate,
1786 2204 1949 2259 quam

379 2280 589 2340 Stause,
627 2281 812 2333 mitius
850 2280 1024 2348 egisse
1059 2278 1332 2332 sultanum
1367 2275 1651 2338 Moralem,
1686 2279 1827 2343 quot
1863 2289 1955 2326 eo-

383 2389 500 2424 rum
531 2372 794 2439 indigeret
822 2385 1006 2438 Opera.
1043 2370 1176 2423 Nam
1211 2369 1303 2438 qui
1339 2384 1434 2436 per
1467 2367 1720 2420 Osntattis
1755 2368 1956 2421 absen-

381 2467 509 2517 tiam
535 2467 768 2535 supremi
801 2465 994 2517 veziris
1029 2463 1146 2516 loco
1171 2478 1255 2516 res
1281 2459 1697 2513 administrabat
1735 2457 1955 2513 Mesites

377 2559 560 2622 bassa,
594 2565 865 2611 castratos
895 2567 947 2610 et
1004 2571 1194 2618 senex,
1231 2553 1357 2607 licet
1407 2549 1610 2620 alioqui
1664 2551 1849 2618 justus
1905 2556 1960 2603 ct

375 2669 642 2722 severus,
674 2664 824 2708 tanto
859 2661 1039 2704 tamen
1074 2645 1284 2702 muneri
1326 2659 1518 2715 parum
1557 2654 1677 2697 erat
1708 2643 1956 2696 idoneus.

455 2749 550 2802 Die
581 2749 645 2801 l9
673 2747 878 2801 mensis
907 2743 1108 2814 Aprilis
1140 2740 1300 2795 rediit
1333 2738 1536 2809 Sinope
1569 2735 1958 2792 Constantino—

380 2840 546 2911 polizn
579 2839 818 2895 Uluzalis
847 2835 1134 2907 prmfectus
1161 2834 1364 2890 maris:
1397 2831 1543 2901 quod
1576 2836 1960 2900 argumentum

379 2942 523 2994 erat,
550 2946 614 2985 eo
645 2931 766 2984 loco
800 2939 913 2983 tum
951 2943 1037 2982 res
1068 2926 1238 2981 fuisse
1268 2923 1574 2988 Tataricas,
1608 2931 1668 2974 ut
1701 2917 1962 2973 Osmanis

384 3024 440 3078 in
481 3021 771 3076 Tauricam
809 3022 1219 3078 Chersonesum
1263 3015 1654 3086 transiectione
1685 3028 1790 3066 non
1818 3020 1964 3067 esset

383 3135 544 3192 Opus.

456 3212 661 3266 Eodem
693 3224 836 3265 anno
866 3221 990 3262 cum
1012 3203 1214 3262 Osmau
1246 3202 1407 3258 bassa
1436 3199 1688 3254 Persicos
1723 3196 1789 3250 ad
1817 3195 1964 3250 limi-

385 3319 468 3363 trs
529 3305 882 3370 accessisset,
945 3295 1360 3357 occurrentibus
1413 3295 1684 3363 intrepide
1741 3291 1966 3352 Persis,

389 3397 552 3452 modo
587 3397 750 3464 mille,
783 3393 947 3448 modo
976 3393 1162 3463 plures
1186 3429 1201 3454 ,
1234 3388 1300 3443 ad
1334 3387 1519 3443 decem
1554 3399 1727 3454 usque
1762 3383 1926 3436 millia
1949 3419 1968 3447 ,

393 3489 462 3542 de
495 3487 662 3554 ipsius
691 3485 931 3541 exercitu
959 3481 1189 3551 carptim
1220 3479 1372 3534 fuere
1402 3475 1550 3532 caesi.
1581 3472 1822 3527 Tandem
1860 3472 1968 3526 Au-

397 3589 556 3650 gusto
579 3593 783 3642 mense,
815 3576 997 3632 Persis
1027 3572 1235 3638 insciis,
1297 3561 1362 3626 et'
1381 3569 1516 3624 nihil
1555 3568 1621 3622 de
1656 3567 1759 3618 hoc
1795 3565 1968 3633 ipsius

396 3674 594 3729 itinere
641 3671 1006 3742 cogitantibus
1036 3709 1050 3730 ,
1087 3683 1180 3736 per
1211 3667 1508 3723 obscuras,
1539 3676 1760 3730 opacas,
1793 3673 1959 3724 angu-

389 3781 505 3824 stas
548 3769 730 3827 ralles,
786 3767 928 3818 inter
956 3763 1254 3816 altissimos
1293 3758 1549 3826 utrinque
1581 3763 1795 3807 montes
1841 3764 1970 3820 pro-

393 3861 586 3920 I'ecrus,
611 3859 701 3912 ubi
727 3857 913 3911 militis
937 3853 1216 3908 animandi
1237 3865 1400 3904 causa
1426 3844 1704 3901 multoties
1728 3842 1966 3909 displosa

395 3953 844 4020 I'ueretormeuta
876 3948 1065 4001 bellica
1087 3985 1102 4006 ,
1137 3942 1443 3998 Tebrisium
1481 3937 1730 3994 accessit.
1793 3933 1974 3988 Facil-

397 4047 583 4097 limum
619 4042 755 4098 hosti
791 4041 1020 4105 fuisset,
1063 4039 1146 4094 his
1180 4040 1234 4090 in
1262 4034 1532 4106 angustiis
1559 4049 1682 4086 cum
1704 4041 1818 4084 toto
1846 4042 1971 4081 cum

395 4137 638 4190 exercitu
673 4135 737 4187 ad
779 4133 1204 4187 internecionem
1251 4129 1456 4190 delere,
1502 4126 1548 4180 si
1597 4124 1863 4176 maturius
1909 4118 1976 4172 de

397 4231 498 4282 hac
529 4229 650 4298 ejus
682 4225 1022 4297 profectione
1050 4222 1419 4292 (δυειιογίεεςι.
1446 4217 1698 4272 Osmanis
1743 4215 1975 4268 adventu

396 4313 696 4385 intellecto,
717 4320 918 4376 Cadius
941 4319 1055 4373 sive
1073 4316 1238 4386 judex
1270 4315 1419 4369 urbis
1445 4311 1568 4382 fuga
1595 4311 1696 4364 sibi
1713 4299 1976 4361 consulit.

396 4405 534 4466 Tum
563 4411 777 4474 caeteri,
813 4409 1110 4478 prmsertim
1145 4405 1244 4460 viri
1285 4405 1560 4474 sexaginta
1601 4403 1652 4456 in
1687 4404 1820 4454 urbe
1870 4398 1980 4466 pri-

2043 534 2143 601 plis
2199 535 2382 595 bassa,
2436 531 2787 600 bcglerhegus
2848 528 3202 594 llevanensis,
3255 529 3411 599 cujus
3461 544 3626 598 supra
3673 547 3676 550 ’

2041 639 2257 691 quoque
2291 622 2614 674 mentionem
2661 621 2904 673 fecimus.
2953 619 3048 672 llic
3089 617 3326 674 Osmane
3377 633 3626 683 mortuo,

2044 729 2357 783 supremum
2393 722 2585 766 nactus
2619 712 2941 780 imperium,
2973 725 3104 764 suos
3133 711 3186 763 in
3233 718 3411 764 tutum
3463 715 3626 764 redu-

2043 821 2168 860 cere
2201 807 2411 859 nititur.
2442 804 2651 858 lnstaut
2677 804 2934 872 (ligalogli
2969 819 2996 856 a
3028 813 3176 874 tergo
3205 802 3403 862 Pcrsze.
3428 807 3631 874 quibus

2046 899 2162 968 ipse
2195 901 2427 954 seachus
2459 897 2702 951 adluisse
2735 899 3070 964 perhibetur.
3128 898 3408 951 Acerrimo
3441 899 3632 952 conﬂi-

2045 1005 2158 1059 ctu,
2201 1008 2250 1048 et
2282 997 2570 1064 aliquoties
2625 995 2842 1063 quidem
2899 994 3168 1062 repetito,
3219 995 3450 1047 maxima
3497 992 3632 1047 Tor-

2045 1103 2228 1141 corum
2270 1095 2477 1154 strages
2509 1085 2709 1139 editur.
2744 1083 3132 1149 Nihiimninus,
3174 1088 3502 1153 quocunque
3534 1100 3631 1154 po-

2047 1188 2154 1234 test
2191 1179 2384 1239 modo,
2437 1174 2732 1244 C'galoglis
2780 1174 2883 1226 iter
2925 1174 3213 1226 continuat
3245 1193 3256 1228 :
3295 1190 3420 1228 cum
3459 1175 3632 1231 hostis

2049 1271 2307 1340 impetum
2329 1270 2601 1336 frangeret
2620 1267 2829 1334 objecta
2849 1265 3252 1332 genizarornm,
3268 1267 3358 1334 qui
3377 1266 3635 1336 sclopetis

2049 1365 2164 1416 suis
2219 1360 2411 1413 terrori
2486 1357 2665 1412 Persis
2720 1366 2894 1410 erant.
2949 1357 3172 1420 Quoties
3221 1367 3400 1410 autem
3453 1356 3631 1411 Persa:

2049 1457 2268 1527 gravius
2299 1461 2570 1524 urgerent,
2606 1461 2954 1522 premerent,
2993 1448 3299 1504 Turcmutn
3342 1451 3632 1520 profectio-

2051 1566 2171 1604 nem
2219 1549 2564 1616 impedirent,
2615 1544 2918 1598 subsistere
2947 1545 3207 1612 legiones,
3243 1553 3293 1596 rt
3339 1544 3634 1598 fortissime

2055 1640 2289 1711 prteliari
2343 1639 2515 1706 ]ιιι›.·ι.
2578 1635 2914 1705 Trans-fusas
2954 1636 3184 1702 denique
3233 1637 3636 1689 subornatosin

2057 1733 2296 1786 hostium
2355 1740 2531 1782 castra
2586 1729 2786 1792 mittit,
2837 1726 2929 1794 qui
2973 1727 3041 1780 de
3100 1727 3272 1795 ipsius
3307 1727 3643 1795 profectione

2059 1823 2396 1892 consilioque
2428 1823 2584 1890 longe
2617 1823 2828 1874 diversi
2856 1819 3117 1873 referrent
3150 1821 3218 1873 ab
3263 1819 3325 1874 iis
3356 1836 3477 1888 quae
3517 1836 3640 1874 cum

2059 1901 2244 1967 animo
2277 1929 2376 1964 suo
2407 1911 2586 1964 facere
2639 1908 3036 1962 constituisset.
3072 1907 3188 1986 liae
3221 1909 3341 1977 ejus
3379 1911 3641 1977 impostuc

2061 2021 2115 2057 ra
2149 2006 2356 2073 decepti
2385 2001 2564 2055 Persa:
2587 2038 2600 2064 ς
2633 2003 2756 2054 dum
2789 2009 2842 2053 et
2873 1999 2973 2068 ipsi
3016 2001 3357 2062 subsistunt,
3405 2001 3645 2054 maxima

2060 2097 2334 2149 celeritate
2365 2111 2488 2147 cum
2517 2093 2631 2147 suis
2658 2092 2945 2162 aufugiens
2990 2090 3286 2159 Cigaloglis
3308 2091 3563 2150 elabitur,
3591 2099 3646 2144 et

2061 2186 2296 2240 Wanum
2349 2184 2606 2251 rrliquias
2653 2184 2958 2236 incolumes
2994 2184 3164 2234 ducit.
3225 2182 3402 2235 Persa:
3459 2181 3642 2250 fugam

2065 2280 2236 2332 hostis
2284 2276 2610 2344 conspicati,
2657 2275 2968 2328 Tebrisinm
3007 2282 3391 2326 revertuntur:
3425 2280 3480 2326 et
3514 2275 3648 2326 urbe

2066 2379 2405 2438 recuperata,
2435 2382 2555 2420 mox
2588 2381 2766 2419 arcem
2798 2363 3051 2418 obsidere
3079 2373 3386 2432 coeperunt.
3413 2363 3648 2418 Periisse

2021 2451 2032 2460 ’
2064 2471 2275 2517 constat
2315 2461 2366 2512 iu
2398 2459 2547 2512 hisce
2578 2457 2920 2510 conflictibus
2957 2455 3099 2508 haud
3135 2455 3298 2509 dubie
3335 2454 3642 2508 Turcorum

2066 2556 2134 2612 ad
2168 2552 2378 2616 80000,
2415 2553 2469 2606 in
2521 2551 2720 2616 quibus
2768 2557 2924 2602 erant
2975 2558 3360 2602 veteranorum
3415 2547 3647 2602 militum

2070 2646 2484 2702 lectissimorum
2523 2643 2588 2695 ad
2623 2640 2833 2696 «£0000:
2882 2640 3064 2710 praelia
3114 2648 3285 2693 totum
3333 2637 3650 2693 continuata

2073 2737 2312 2792 triduum
2359 2734 2809 2802 trinoctiumque.
2858 2733 3044 2802 Captae
3087 2739 3305 2785 centum
3355 2745 3418 2784 ac
3467 2731 3656 2800 plures

2073 2830 2338 2882 machina:
2361 2827 2564 2882 bellicae
2586 2826 2842 2894 majores.
2862 2821 3105 2878 Scachns
3131 2821 3400 2887 Persicus,
3437 2837 3492 2875 re
3517 2823 3656 2876 bene

2071 2933 2245 2992 gesta,
2281 2935 2450 2991 regno
2490 2928 2663 2974 semet
2690 2917 2973 2971 abdicasse
3003 2915 3199 2977 fertur,
3234 2913 3395 2983 idque
3427 2913 3508 2968 sic
3537 2923 3652 2968 lt'a-

2073 3016 2277 3070 didissc
2311 3015 2440 3079 lilio,
2475 3021 2531 3066 ut
2563 3027 2688 3065 cum
2714 3015 3055 3064 sacramento
3086 3007 3236 3076 prius
3264 3007 3651 3074 obstringeret,

2073 3123 2182 3176 quo
2215 3114 2402 3158 sancte
2448 3103 2794 3172 polliceretur
2817 3139 2834 3166 ,
2869 3113 3152 3166 nunquam
3184 3113 3241 3152 se
3289 3112 3413 3152 cum
3459 3093 3656 3161 Turcis

1992 3166 2034 3223 θ
2072 3214 2254 3263 parun
2292 3199 2587 3258 facturum,
2628 3194 2682 3248 ni
2734 3193 2888 3262 prius
2934 3191 3229 3259 recepisset
3269 3187 3488 3253 omnia,
3537 3203 3658 3256 quae

2066 3290 2204 3359 juris
2239 3290 2533 3359 aliquando
2562 3285 2765 3342 Persici
2801 3284 3054 3340 fuissent.
3094 3283 3217 3338 llaec
3252 3283 3467 3337 tametsi
3503 3291 3654 3351 gesta

2069 3383 2222 3437 fut-re
2255 3391 2378 3452 post
2423 3382 2724 3436 discessum
2759 3394 2792 3434 e
2826 3377 3059 3431 Turcica
3092 3387 3340 3430 nostrum
3365 3413 3381 3440 ,
3431 3389 3529 3428 nec
3581 3373 3655 3427 ita

2072 3483 2348 3542 emizperta
2381 3473 2596 3536 damus,
2627 3469 2704 3522 uti
2753 3481 2874 3537 qua:
2918 3480 3084 3535 supra
3131 3465 3198 3519 de
3232 3465 3394 3519 rebus
3425 3463 3662 3518 Persicis

2073 3580 2138 3616 ex
2173 3561 2461 3614 intervallo
2505 3557 2744 3626 propiori
2777 3558 3064 3609 observata
3115 3555 3540 3624 descripsimus:
3582 3565 3661 3607 ta-

2076 3670 2198 3707 turn
2233 3653 2300 3705 ab
2336 3653 2402 3704 iis
2446 3663 2670 3717 accepta
2715 3647 3000 3700 referimus
3034 3647 3102 3700 de
3147 3662 3379 3713 quorum
3413 3645 3518 3698 fide
3551 3660 3660 3698 non

2075 3745 2409 3798 dubitamus:
2439 3740 2660 3809 sequius
2686 3755 2749 3792 ac
2774 3737 2848 3791 illi
2877 3739 3092 3802 solent,
3126 3739 3216 3804 qui
3279 3751 3457 3790 rerum
3513 3735 3662 3804 ipsa-

2075 3853 2218 3900 rum,
2249 3852 2386 3905 quas
2421 3831 2804 3901 scripturiunt,
2846 3829 3008 3884 rudes
3039 3837 3093 3881 et
3147 3829 3343 3895 ignari,
3401 3827 3661 3882 ridiculas

2079 3929 2233 3984 nobis
2267 3927 2495 3997 (utinam
2517 3925 2636 3978 sine
2663 3920 2857 3977 fraude
2891 3921 3040 3992 peric
3063 3921 3238 3989 doque
3273 3919 3534 3990 ιοι·ίιιιιὶε)
3563 3935 3662 3974 nu-

2076 4039 2171 4094 gas
2227 4022 2547 4074 obtrudunt.

2158 4109 2268 4170 llac
2298 4112 2464 4166 etiam
2494 4119 2681 4164 testate
2715 4108 2916 4162 bellum
2967 4105 3231 4159 adwrsus
3280 4101 3576 4158 Maronitas
3612 4113 3666 4157 rt

2083 4208 2292 4264 Turcos
2324 4215 2536 4276 gestum
2573 4204 2693 4258 fuit.
2747 4197 3061 4256 lnhabitant
3097 4199 3151 4252 bi
3193 4199 3376 4268 populi
3426 4209 3664 4252 montem

2083 4303 2376 4377 Libanum,
2407 4299 2501 4369 qui
2535 4299 2678 4352 haud
2732 4296 2921 4366 procul
2969 4293 3196 4348 dissitas
3227 4293 3296 4346 ab
3329 4295 3459 4345 ιιι-[θ
3495 4291 3668 4360 Syrian

2089 4375 2373 4448 PluBnices
2405 4391 2610 4461 Tripoli
2661 4387 3001 4458 (Taraholos
3035 4402 3096 4440 ea
3130 4385 3324 4438 Tui-eis
3357 4396 3440 4438 est
3467 4383 3512 4452 ),
3559 4397 3666 4436 ιιοιι
3721 4375 3725 4378 ⁴

402 4505 582 4570 mat-ii,
626 4475 970 4557 variis—cum
1025 4497 1366 4553 istrumentis
1416 4493 1640 4548 musicis
1691 4492 1744 4543 ir.
1797 4498 1977 4543 castra
2016 4507 2053 4557 ο
2085 4489 2342 4555 exiguum
2394 4486 2460 4537 ad
2493 4485 2728 4553 spatium
2763 4497 2824 4535 se
2861 4481 3106 4548 pcrrigit.
3137 4477 3306 4545 ιιειιει
3332 4491 3469 4528 mem
3505 4475 3666 4529 Chri-

400 4596 704 4650 Turcornm
735 4601 960 4649 excutit:
995 4590 1219 4646 Osmaui
1259 4604 1319 4644 se
1351 4589 1544 4646 bass:e,
1574 4584 1779 4638 salvam
1816 4581 1976 4632 liber-

400 4691 574 4745 tatem
601 4690 1086 4754 inununitatesque
1125 4697 1254 4738 snas
1283 4683 1447 4752 pacti,
1479 4678 1704 4738 dedunt,
1743 4689 1978 4738 eumque

402 4791 567 4834 noctu
593 4797 716 4834 cum
753 4780 867 4833 suis
897 4780 949 4832 in
983 4777 1194 4832 urbem,
1225 4768 1564 4838 czetoroquiu
1601 4775 1844 4833 apertam
1876 4777 1978 4814 nec

403 4875 528 4926 ullis
543 4872 798 4926 clausas!)
827 4868 1023 4934 muris,
1048 4867 1347 4921 deducunt.
1381 4865 1475 4916 Est
1496 4861 1547 4912 in
1582 4861 1712 4910 urbe
1741 4855 1981 4909 saraium

402 4967 566 5034 longe
592 4965 990 5032 amplissimum
1021 5002 1037 5025 ,
1073 4962 1244 5013 altera
1273 4957 1596 5012 scacborum
1633 4949 1975 5002 Persicorum

405 5060 590 5130 regia;
624 5073 748 5111 eum
781 5056 1007 5109 interior
1033 5054 1096 5106 ad
1129 5049 1446 5105 Casmiuum
1485 5048 1592 5106 sit,
1627 5041 1983 5111 quemadmo-

405 5157 535 5208 dum
575 5153 864 5224 aliquoties
917 5153 1042 5205 alibi
1089 5150 1350 5204 diximus.
1409 5147 1522 5199 Hoc
1573 5141 1812 5197 saraium
1856 5154 1984 5208 pro-

406 5249 730 5318 pugnaculis
753 5250 1040 5307 Osmaues,
1069 5244 1210 5295 intra
1240 5241 1381 5293 diem
1427 5237 1788 5292 triresimum,
1835 5247 1985 5299 θετο-

407 5343 493 5412 gie
518 5341 715 5399 muttit;
751 5338 861 5391 arci
897 5335 1164 5388 absoluta:
1199 5331 1346 5383 mille
1375 5327 1750 5396 spaehiorum,
1787 5322 1986 5375 duum—

406 5450 516 5504 que
546 5432 776 5487 millium
830 5430 1251 5497 genizarorum,
1317 5429 1512 5490 praeter
1562 5417 1701 5470 alios
1749 5414 1987 5474 milites.

409 5525 725 5598 praesidium
749 5519 1006 5592 imp0uit:
1029 5515 1406 5572 machinarum
1421 5510 1651 5579 denique
1671 5506 1990 5560 bellicarum

409 5623 466 5678 in
500 5635 563 5674 ea
597 5631 856 5686 maguum
894 5627 1178 5666 uulnerum
1206 5647 1222 5670 ,
1267 5622 1390 5661 cum
1423 5603 1543 5656 aliis
1590 5601 1754 5654 rebus
1808 5613 1997 5650 ιιοενε-

412 5717 594 5779 sariis,
647 5713 926 5782 relinquit.
983 5705 1111 5762 lude
1164 5699 1418 5776 Tebrisio
1477 5695 1664 5764 cepias
1712 5689 1994 5746 universas

413 5777 675 5872 abducit,
709 5821 773 5860 ac
798 5777 858 5858 in
889 5801 1084 5856 itinere
1109 5792 1440 5866 dysenteria,
1477 5787 1669 5858 quinto
1707 5789 1830 5854 post
1862 5777 1948 5834 die
1975 5817 1991 5845 ,

2084 4579 2314 4628 stianam
2350 4575 2692 4642 profitentur,
2727 4586 2790 4624 ac
2825 4568 3032 4620 Maroni
3064 4567 3108 4617 is
3157 4567 3318 4618 etiam
3358 4564 3667 4633 patriarcha

2083 4685 2363 4722 mororum
2416 4667 2667 4736 princeps
2717 4671 2824 4718 est.
2874 4663 2924 4716 Is
2977 4660 3184 4714 habitat
3233 4659 3284 4711 in
3335 4659 3666 4710 monasterio

2086 4761 2325 4830 Virginis
2353 4761 2610 4828 Deiparze,
2631 4757 2773 4826 quod
2805 4757 3000 4808 itinere
3032 4752 3151 4804 med
3179 4768 3210 4804 ο
3249 4764 3483 4804 montem
3511 4749 3668 4803 Liba-

2087 4871 2215 4906 num
2277 4851 2700 4907 ascendentibus
2741 4849 2999 4902 occurrit.
3049 4846 3255 4898 llabcut
3310 4853 3365 4898 et
3413 4847 3671 4898 llterosu-

2089 4948 2561 5019 lymisdlaronitze
2595 4947 2854 5014 templum
2906 4941 2962 4996 S.
2993 4939 3222 5020 .Georgii
3259 4940 3534 5008 marytris,
3581 4937 3672 4989 ubi

2093 5045 2247 5110 t'ltlgt)
2295 5048 2560 5094 vocantur
2601 5036 2898 5092 Christiani
2927 5033 3113 5097 cincti,
3141 5034 3254 5087 sive
3297 5031 3526 5091 zonarii,
3553 5044 3676 5096 pto-

2093 5144 2208 5199 pter
2265 5132 2452 5198 longas
2499 5131 2744 5198 latasque
2796 5143 2964 5182 zonas
2991 5126 3106 5180 sive
3158 5121 3416 5190 cingula,
3474 5123 3673 5188 quibus

2095 5231 2342 5275 utuntur.
2381 5223 2667 5291 Aythouus
2702 5218 2903 5273 alicubi
2942 5217 3252 5271 Marouinos
3286 5213 3464 5276 dixit,
3502 5219 3555 5264 ct
3589 5208 3674 5264 his

2095 5316 2270 5369 verbis
2295 5331 2487 5369 eorum
2519 5314 2786 5368 meminit.
2824 5311 2964 5364 Sunt
2993 5310 3046 5363 in
3083 5317 3264 5362 monte
3287 5305 3494 5359 Libano
3517 5303 3680 5356 Chri-

2094 5409 2258 5462 stiani
2311 5408 2566 5475 degentes
2612 5419 2780 5474 prope
2828 5401 3121 5470 Tripolim,
3161 5397 3431 5468 sagittarii
3467 5395 3676 5464 pedites

2097 5499 2251 5555 valde
2284 5499 2429 5565 boni,
2474 5499 2620 5553 circa
2653 5497 2828 5550 40000
2861 5478 3126 5549 rirornm.
3157 5488 3221 5542 lli
3255 5487 3531 5542 multoties
3559 5483 3674 5539 fuc-

2098 5601 2227 5648 runt
2259 5592 2484 5646 soldano
2517 5591 2767 5653 rebelles,
2803 5597 2858 5644 et
2883 5587 3082 5640 damna
3121 5581 3353 5650 plurima
3388 5579 3677 5633 Saracenis

2101 5685 2425 5740 intulerunt.
2484 5681 2760 5737 Hactenus
2807 5679 3112 5750 Aython-as.
3175 5674 3456 5727 Maronith
3517 5669 3676 5723 \iCini

2103 5780 2175 5836 fa:
2197 5781 2458 5849 lcratique
2489 5774 2836 5838 suntTrusci,
2869 5773 2961 5840 qui
2999 5786 3056 5826 se
3088 5769 3410 5836 proﬁtentur
3442 5780 3565 5821 esse
3595 5777 3680 5816 re-
