4018 6420
453 352 554 416 γει

1662 352 1989 415 JOANNIS
2044 346 2520 418 LEUNCLAVH

3591 361 3724 428 .712

452 472 652 539 liqnias
685 472 901 527 illorum
957 470 1375 529 occidentalium
1399 473 1858 537 Christianorum,
1900 488 2035 543 quos
2068 483 2106 538 Α
2141 474 2445 538 proximum
2481 476 2532 528 in
2565 486 2817 545 stagnum
2871 466 3121 533 demisit:
3162 481 3250 533 ubi
3304 490 3461 536 noctu
3518 494 3724 553 stu-pi-

445 562 1029 633 imperatorisllenrici
1049 563 1392 635 thempore,
1413 568 1516 621 sub
1548 567 1924 621 annumChris
1952 566 2032 619 ia-

444 670 578 710 num
645 657 799 720 1099,
839 658 945 712 dux
1001 657 1366 714 Bnllionensis
1391 660 1554 731 385
1601 659 1920 714 Golcfridus
1974 663 2031 714 in

447 755 649 799 terram
681 756 923 801 sanctam
956 747 1195 811 duxerit,
1217 760 1521 818 ctquoruuz
1572 767 1702 806 usus
1724 764 1883 820 Opera
1912 760 2020 805 tam

445 838 861 910 Hierosolymis,
882 856 1042 911 quam
1070 843 1275 912 reliqua
1295 843 1600 905 Palaestina,
1622 846 1820 913 petitus
1845 844 2029 897 fuerit.

443 932 587 984 Ceus
626 941 857 1001 utraque
892 944 1001 986 tam
1049 944 1129 988 est
1164 948 1476 1002 numerosa,
1534 947 1643 991 tam
1697 937 1776 990 rei
1823 936 2029 992 bellica:

440 1025 654 1078 aldicta
702 1027 922 1089 studiis,
977 1038 1037 1080 ut
1071 1027 1353 1082 hominum
1397 1030 1509 1101 jam
1551 1030 1617 1084 ad
1658 1029 1837 1103 00000
1869 1031 2028 1085 facile

441 1117 650 1180 possint
684 1117 737 1169 in
769 1118 980 1173 hostem
1014 1121 1271 1183 educere,
1303 1123 1395 1191 qui
1436 1125 1631 1193 majori
1664 1141 1728 1179 ex
1762 1136 1912 1195 parte
1940 1141 2031 1195 pe-

440 1210 694 1263 ritissimi
727 1212 1041 1280 sclopetarii
1072 1224 1219 1269 sunt.
1275 1214 1385 1273 Hos
1433 1218 1662 1288 populos
1717 1236 1860 1272 anno
1909 1220 2029 1276 Ma-

438 1302 737 1371 bumetano
801 1301 896 1355 981
955 1302 1107 1374 (Chr.
1168 1307 1329 1380 1571)
1382 1310 1632 1364 sultanus
1691 1309 1921 1365 Selimes
1974 1308 2017 1366 ll

435 1399 540 1450 sub
563 1392 759 1469 jugum
790 1396 1024 1462 mittere,
1051 1397 1147 1454 sed
1183 1398 1405 1464 frustra,
1431 1409 1663 1457 conatus
1690 1400 1887 1457 fuerat.
1922 1402 2025 1457 Ita-

435 1509 548 1560 qnc
582 1490 776 1544 Turcis
819 1504 882 1543 ex
939 1490 1032 1543 illo
1084 1500 1329 1559 tempore
1367 1490 1607 1547 libertati
1660 1508 1726 1548 ac
1786 1492 2022 1547 fortunis

430 1597 620 1636 eorum
672 1579 1085 1644 insidiantibus,
1131 1595 1277 1634 nunc
1325 1583 1852 1637 tatidemundeeimo
1900 1593 2022 1651 post.

433 1686 577 1723 anno
606 1671 795 1724 dmuiti
835 1669 1053 1723 fuerunt
1081 1669 1150 1723 ab
1197 1668 1469 1725 lbrabime
1520 1670 1703 1729 bassa.
1737 1671 1879 1726 Gairi
1935 1672 2017 1727 vel

431 1762 648 1833 Egypti
686 1763 1048 1833 bcglerbcgo:
1085 1764 1176 1831 qui
1210 1761 1277 1815 de
1301 1761 1489 1831 spoliis
1521 1762 1777 1816 thronum
1811 1764 2017 1833 regium

2137 572 2225 617 tus
2257 560 2459 633 ingens
2494 569 2848 638 pugnantium
2905 571 3046 625 inter
3093 588 3153 626 sc
3185 573 3464 626 volnerum
3516 574 3569 627 in
3605 585 3720 628 tma

2135 656 2357 721 vicinia,
2415 674 2580 731 seque
2637 662 2841 716 Inutilis
2897 662 3335 720 conficientium'
3374 665 3720 732 vulneribus,

2133 750 2352 805 auditus
2380 750 2498 805 fuit.
2533 751 2744 820 Egressi
2779 754 3046 822 postridie
3092 756 3309 824 milites,
3344 759 3513 825 cives,
3569 760 3721 829 agri-

2132 842 2288 904 colae,
2330 853 2533 897 tantam
2567 858 2619 899 et
2657 855 2881 900 anatum
2939 856 2994 901 et
3039 863 3297 904 anserum
3356 853 3590 920 cepiam,
3646 855 3717 906 a.l

2138 935 2367 999 luumm,
2403 935 2467 988 ad
2502 951 2684 990 aerem
2720 937 3174 993 exsiccandorum
3206 951 3624 1010 congesserunt,
3656 955 3718 997 nt

2132 1024 2221 1075 diu
2268 1033 2376 1077 tam
2426 1026 2607 1094 opima
2650 1026 2755 1079 sint
2809 1028 3102 1084 victitaturi
3164 1035 3451 1087 commode
3504 1037 3713 1103 planta.

2128 1111 2263 1166 Nam
2294 1113 2387 1166 alii
2454 1115 2576 1178 100,
2637 1116 2727 1170 alii
2789 1118 2918 1181 200,
2970 1121 3155 1189 plures
3210 1122 3299 1176 alii
3357 1125 3718 1192 paucioresve

2129 1206 2469 1277 collegerunt
2495 1217 2756 1265 mactatas
2777 1212 2844 1264 ab
2871 1227 2930 1266 se
2979 1212 3211 1268 invicem
3241 1215 3513 1271 volucres.
3564 1219 3716 1273 Tau-

2127 1298 2250 1351 dem
2278 1312 2307 1350 c
2338 1306 2492 1367 prato
2514 1301 2747 1370 quodam
2798 1304 3197 1373 spatiosissimo
3232 1309 3462 1365 sublatis
3513 1326 3717 1382 super-

2127 1394 2284 1445 stites
2306 1390 2428 1453 alis,
2461 1393 2766 1453 avolarunt.

2200 1481 2316 1537 Sub
2349 1484 2508 1538 linem
2537 1487 2690 1549 anni,
2721 1487 3001 1543 Decembri
3060 1502 3266 1558 mense,
3322 1496 3597 1552 Croat'n‘s
3650 1500 3710 1554 in

2126 1576 2327 1633 lluibus
2368 1578 2578 1646 aliquot
2619 1581 2784 1635 millia
2827 1581 3137 1640 Turcorum
3185 1603 3213 1640 a
3250 1591 3453 1643 nostris
3509 1608 3709 1647 nume-

2129 1679 2188 1718 ro
2221 1665 2376 1734 longe
2419 1668 2721 1739 imparibus
2753 1670 2903 1729 fuere
2951 1691 3114 1731 caesa.
3165 1679 3337 1733 Periit
3367 1682 3510 1736 inter
3562 1685 3711 1737 alios

2124 1756 2300 1812 bassa:
2328 1758 2626 1818 Boznensis
2677 1762 2880 1821 frater:
2930 1769 3086 1840 cujus
3138 1782 3301 1840 caput
3332 1789 3361 1826 a
3394 1775 3710 1831 cervicibus

428 1871 493 1909 ex
521 1871 654 1908 auro
703 1870 840 1923 puro
871 1864 1002 1925 puto
1032 1854 1565 1924 Constantinopolim
1606 1855 1824 1911 misisse
1847 1857 1998 1911 sulta-

2120 1853 2377 1913 recisum,
2410 1853 2747 1925 missumque
2772 1872 2896 1913 cum
2936 1836 3163 1930 captivis
3209 1836 3538 1941 quibusdam
3598 1866 3709 1921 fuit

432 1963 502 2000 no
531 1946 723 2001 Murati
754 1946 977 2013 dicitur,
999 1947 1325 2001 :cstimatum
1350 1948 1526 2002 sexies
1548 1947 1797 2001 centenis
1822 1964 2014 2004 aureo-

431 2056 549 2093 rum
595 2040 852 2094 millibus.
900 2037 1045 2094 ldem
1086 2039 1351 2104 sultanaa,
1406 2040 1562 2108 cujus
1603 2039 1765 2094 filiam
1804 2041 2009 2096 dudum

427 2132 618 2196 ambit,
638 2140 689 2185 et
716 2132 856 2185 haud
876 2131 1039 2185 dubie
1063 2131 1327 2185 ducturus
1352 2139 1463 2185 tum
1492 2131 1835 2195 credebatur,
1853 2131 2009 2189 aliis-

425 2238 530 2290 que
565 2222 729 2275 saraii
763 2221 1101 2277 mulierculis
1131 2221 1346 2276 misisse
1384 2237 1610 2277 munera
1648 2224 1838 2290 fertur,
1869 2238 2009 2294 quo-

428 2330 545 2367 rum
562 2316 793 2384 pretium
816 2315 1050 2369 ducenta
1072 2313 1240 2367 millia
1266 2314 1665 2368 sultaninorum
1685 2317 2004 2384 aequaverit.

495 2410 653 2460 Anno
677 2408 780 2461 995
808 2406 959 2474 (Chr.
991 2404 1175 2476 l580),
1203 2404 1385 2461 Persis
1401 2421 1583 2462 arcem
1605 2407 2004 2475 Tehrisianam,

422 2501 493 2555 ab
527 2499 764 2554 Osmaue
811 2500 970 2553 hassa
1005 2498 1280 2567 superiori
1337 2507 1526 2553 testate
1559 2500 1849 2565 munitam,
1905 2499 2004 2555 ob-

420 2590 750 2654 sidentibus,
810 2605 939 2643 cum
1005 2588 1219 2645 obsessi
1280 2590 1674 2660 propemodum
1719 2591 1786 2645 ad
1818 2602 2002 2649 extre.

421 2695 565 2733 mam
646 2686 827 2733 rerum
886 2678 1132 2732 omnium
1192 2680 1475 2749 penuriam
1536 2679 1741 2734 redacti
1795 2690 1998 2749 essent,

417 2768 681 2825 Ferbates
714 2772 899 2836 bassa,
946 2770 1114 2825 veluti
1168 2770 1378 2840 peritus
1409 2771 1771 2839 architectus,
1820 2774 2001 2829 muni-

417 2859 618 2911 tionem
654 2872 847 2912 novam
876 2872 906 2913 e
938 2858 1159 2926 regione
1188 2857 1425 2914 Tebrisii
1471 2870 1686 2917 struere
1736 2864 1994 2919 insdtuit.

413 2948 718 3020 GigalOglis
773 2960 954 3004 autem
1012 2950 1174 3006 bassa
1230 2949 1576 3017 Casminum,
1635 2969 1754 3023 quae
1807 2953 1997 3010 Persa-

413 3058 533 3095 rum
583 3042 705 3111 (ceu
752 3041 1015 3109 diximus)
1050 3042 1283 3096 interior
1326 3052 1410 3099 est
1462 3044 1632 3113 regia,
1694 3046 1989 3113 petiturum

412 3148 472 3185 se
506 3146 629 3184 cum
657 3130 902 3183 exercitu
928 3129 1170 3185 simulat.
1203 3130 1334 3182 Dum
1386 3131 1487 3185 hoc
1512 3133 1634 3199 ejus
1659 3132 1760 3184 iter
1816 3135 1984 3202 impc-

410 3225 578 3276 dituri
612 3222 811 3285 Persas,
855 3220 1113 3276 maximis
1144 3236 1268 3276 cum
1298 3223 1473 3292 copiis
1499 3223 1778 3291 advolant,
1820 3226 1992 3280 simu-

411 3318 620 3371 latione
652 3330 845 3386 pugna:
872 3329 1196 3369 succursum
1254 3314 1512 3382 obsessis,
1541 3331 1726 3387 easque
1752 3334 1840 3372 res
1870 3334 1992 3373 om.

412 3424 509 3463 nes
557 3407 610 3460 in
666 3421 870 3472 arcem,
940 3421 1063 3459 cum
1095 3422 1238 3461 novo
1297 3408 1677 3477 supplemento
1729 3410 1988 3478 militum,

411 3502 640 3554 invectre
668 3497 912 3562 fuerunt,
940 3515 1174 3568 quarum
1201 3499 1383 3569 inepia
1410 3501 1780 3555 laborabatur.

482 3592 683 3646 Eodem
733 3606 877 3645 anno
927 3607 1158 3662 magnus
1221 3594 1309 3647 ille
1338 3591 1630 3648 Chitaiuus
1687 3596 1851 3661 cban,
1895 3594 1988 3665 qui

412 3680 512 3739 Uiu
570 3685 794 3739 chanet
843 3683 1034 3739 Kezies
1087 3686 1247 3740 bassa
1310 3684 1530 3749 dicitur,
1590 3687 1990 3757 Persarumque

409 3777 659 3841 it-acbus,
679 3791 837 3845 quem
863 3774 1093 3831 Kiselem
1126 3777 1340 3831 bassam
1370 3788 1587 3841 vocant,
1643 3794 1843 3832 narum
1903 3780 1988 3832 in—

409 3879 491 3922 ter
525 3883 583 3922 se
608 3869 796 3923 fwdus’
815 3869 1091 3939 pepigere,
1122 3884 1231 3939 quo
1273 3869 1480 3923 mutuis
1510 3884 1569 3923 se
1599 3869 1861 3923 subsidiis
1893 3870 1989 3924 ad-

408 3977 599 4015 versus
630 3961 959 4016 Osmanidas
992 3961 1232 4015 ferendis
1286 3962 1620 4030 obligarunt.
1676 3961 1808 4015 Nam
1843 3964 1985 4032 quod

406 4051 664 4116 Talaus,
695 4067 959 4121 Oppresso
990 4050 1179 4113 Persa,
1217 4052 1524 4120 proximum
1560 4067 1618 4106 se
1647 4051 1761 4107 fore
1792 4066 1987 4122 poten-

405 4144 496 4196 tiae
528 4139 777 4195 Tureica:
808 4140 1039 4203 videret,
1070 4142 1154 4194 cui
1190 4140 1485 4209 plurimum
1524 4157 1585 4193 cx
1645 4143 1798 4195 ruina
1852 4145 1984 4198 tanti

408 4236 551 4304 regis
580 4234 778 4288 virium
810 4241 957 4288 esset
988 4247 1373 4293 accessurum,
1420 4250 1583 4304 quam
1627 4235 1743 4287 fieri
1775 4246 1985 4290 matur-

406 4333 542 4382 time
613 4336 819 4399 posset,
916 4325 1131 4380 Obviam
1212 4327 1447 4380 euudiim
1512 4330 1779 4384 crescenti
1842 4331 1984 4385 male

400 4419 679 4474 censebat.
762 4419 952 4487 Itaque
1041 4418 1265 4488 majoris
1336 4420 1501 4471 etiam
1581 4422 1983 4491 eonjunctionis

2120 1937 2382 1995 Viennam
2425 1945 2490 1997 ad
2544 1948 2955 2004 serenissimum
2985 1951 3217 2008 Anstria-
3250 1937 3553 2027 principem
3607 1956 3707 2011 lit-

2116 2042 2351 2088 nestum.
2410 2034 2507 2093 llic
2574 2040 2732 2096 bassa
2792 2042 3091 2101 Boznensis
3126 2086 3143 2113 ,
3203 2057 3257 2102 et
3315 2047 3484 2103 frater
3548 2051 3698 2120 ejus.

2111 2138 2273 2194 quem
2301 2141 2501 2182 caasum
2537 2129 2641 2185 hoc
2665 2127 2919 2189 conflictu
2956 2136 3219 2204 diximus,
3254 2139 3366 2195 nali
3402 2142 3702 2210 perhiben-

2111 2225 2199 2271 tur
2222 2233 2286 2273 ex
2326 2217 2532 2275 familia
2561 2222 2915 2284 Mecbemelis
2951 2231 3129 2286 bassa:
3155 2233 3532 2301 vezirazemis,
3564 2252 3692 2294 cum

2108 2325 2217 2379 quo
2252 2323 2472 2381 nuptam
2501 2315 2673 2373 fuisse
2701 2319 2902 2376 sultani
2959 2322 3180 2381 Selimis
3210 2326 3253 2381 il
3290 2326 3477 2387 filiam.
3511 2328 3694 2388 Mura-

2115 2400 2183 2454 tis
2208 2417 2471 2470 sororem,
2499 2410 2752 2478 superius
2777 2413 3137 2471 ostendimus.

2176 2490 2335 2546 Anno
2390 2501 2638 2568 sequenti
2698 2503 2971 2572 proximo,
3024 2507 3289 2563 nimirum
3349 2509 3678 2569 Mahumeta—

2103 2598 2176 2638 no
2203 2584 2309 2640 994
2341 2586 2497 2657 (Chr.
2533 2591 2717 2663 1587),
2745 2609 2935 2652 mense
2961 2596 3284 2666 Februario,
3311 2605 3486 2659 uoStri
3513 2605 3680 2676 Copa-

2101 2691 2256 2741 num,
2294 2693 2473 2734 arcem
2506 2697 2612 2735 non
2650 2686 2843 2754 procul
2875 2688 3035 2742 sitam
3076 2691 3195 2745 lacu
3246 2690 3524 2761 leatone,
3557 2706 3663 2748 tum

2103 2770 2372 2841 temporis
2404 2774 2710 2845 congelato,
2737 2793 2845 2848 quo
2870 2789 2979 2836 tres
3007 2781 3307 2841 Tui-corum
3338 2786 3458 2859 ι)θεὶ
3483 2802 3675 2842 conire-'-

2104 2871 2322 2925 nerant,
2349 2880 2413 2916 ex
2446 2864 2724 2935 inopinato
2749 2872 2949 2940 adorti,
2976 2885 3260 2944 ceperunt.
3285 2877 3457 2934 Erant
3482 2881 3532 2934 in
3553 2896 3677 2936 arce

2106 2966 2230 3004 cum
2273 2955 2442 3007 nostri
2481 2970 2599 3009 eam
2649 2956 2983 3027 invaderent,
3019 2966 3167 3018 mille
3221 2965 3526 3024 Turcorum
3557 2971 3681 3041 plus

2099 3042 2348 3098 minusve
2375 3047 2577 3116 capita.
2605 3048 2681 3103 Ex
2713 3050 2798 3106 bis
2819 3065 3014 3121 praeter
3037 3056 3168 3111 alios
3192 3060 3401 3116 vilioris
3422 3061 3675 3129 fortunae,

2097 3135 2200 3191 190
2240 3138 2585 3206 ‘uobiliores,
2646 3157 2770 3197 cum
2823 3146 2892 3200 70
2953 3147 3189 3219 feminis,
3243 3153 3296 3206 in
3354 3164 3678 3224 potestatem

2099 3235 2412 3284 nostrorum
2464 3243 2766 3291 venerunt:
2829 3237 3057 3309 reliquis
3108 3251 3203 3295 aut
3263 3243 3389 3313 fuga
3428 3245 3679 3316 dilapsis,

2094 3330 2189 3375 aut
2222 3323 2323 3376 sub
2359 3335 2500 3378 terra
2526 3336 2698 3381 semet
2727 3326 2870 3382 intra
2905 3344 3103 3399 specus
3161 3334 3509 3403 abdentibus.
3536 3339 3677 3410 Equi

2092 3420 2470 3484 generosiorcs
2523 3418 2741 3474 adducti
2809 3432 3057 3488 centum,
3157 3428 3335 3495 paeda
3395 3429 3464 3485 40
3509 3412 3679 3485 num-

2094 3523 2240 3562 mum
2316 3524 2609 3566 aureorum
2646 3552 2651 3558 .
2684 3513 2933 3570 millibus
3014 3519 3307 3577 aestimata.
3366 3522 3442 3578 De
3497 3524 3680 3582 nibus

2090 3598 2262 3670 begis,
2339 3618 2478 3673 quos
2544 3606 2597 3659 id
2653 3607 2914 3677 temporis
2974 3609 3095 3685 illic.
3164 3612 3335 3669 fuisse
3405 3610 3673 3685 diximus,

2091 3696 2382 3765 saugiacus
2461 3696 2820 3771 Copanensis,
2899 3702 3036 3759 Cara
3113 3707 3229 3762 sive
3308 3710 3475 3779 Niger
3555 3713 3676 3767 Alis

2090 3797 2281 3851 captus
2336 3788 2458 3852 luit,
2512 3801 2566 3845 et
2628 3791 2887 3849 Viennam
2971 3802 3142 3866 prius,
3231 3801 3359 3857 inde
3439 3804 3673 3873 Pragam

2090 3878 2156 3931 ad
2186 3877 2531 3950 Rudolphum
2580 3884 2886 3954 Augustum
2945 3891 3186 3948 missus:
3238 3895 3378 3948 alter
3432 3897 3676 3952 δικ-Πυθα-

2090 3981 2179 4027 tos
2210 3973 2261 4026 in
2290 3974 2408 4029 loco
2438 3977 2794 4035 subterraneo
2838 3998 3246 4047 concamerata.
3314 4006 3425 4059 quo
3463 4006 3522 4046 se
3572 3993 3675 4047 de-

2090 4062 2363 4129 fendebat,
2407 4068 2531 4138 igne
2588 4071 2636 4125 \‘i
2701 4079 3039 4132 tormentarii
3101 4081 3340 4148 pulveris
3394 4100 3670 4155 accenso;

2091 4159 2285 4211 tertius
2342 4158 2484 4230 fuga:
2541 4171 2655 4216 tum
2720 4165 2982 4222 beneficio
3030 4182 3316 4232 servatus;
3381 4176 3474 4246 qui
3540 4194 3666 4237 cum

2087 4246 2346 4319 deinceps
2373 4253 2620 4322 Augusto
2647 4270 2853 4323 mense,
2898 4263 3359 4330 quemadmodum
3392 4283 3516 4322 mox
3578 4272 3669 4327 iu-

2088 4335 2319 4390 dicaturi
2351 4346 2859 4406 somus,cumabis
2919 4349 3054 4405 lines
3108 4364 3326 4410 nostros
3383 4357 3669 4427 ingressus

2087 4436 2250 4492 esstt,
2309 4446 2472 4500 quam
2531 4435 2634 4490 hoc
2688 4437 2740 4489 in
2807 4439 2928 4495 leco
2974 4444 3344 4510 captivitatem
3408 4451 3666 4520 lugiendo

398 4529 567 4583 causa
639 4521 978 4567 contractum
1049 4511 1143 4564 fuit
1215 4511 1354 4564 inter
1430 4510 1632 4567 liberos
1704 4514 1987 4585 utriusque
2020 4521 2406 4595 Ddecliuarat,
2435 4527 2558 4581 istic
2592 4529 2643 4581 iu
2678 4540 2996 4599 potestatem
3048 4536 3197 4591 fatali
3247 4510 3497 4609 quolaui
3531 4559 3664 4602 casu

400 4604 830 4668 matrimonium,
893 4602 1077 4656 Tatari
1137 4602 1327 4656 chanis
1412 4602 1543 4667 filia,
1609 4605 1793 4659 scachi
1849 4604 1978 4660 Per-

397 4694 496 4747 sici
581 4696 690 4748 lilio
778 4695 971 4762 nuptui
1062 4695 1209 4747 data.
1288 4695 1460 4748 Simul
1560 4697 1721 4749 etiam
1807 4697 1979 4766 stipu-

402 4789 543 4839 lnllls
609 4796 694 4840 est
758 4786 1015 4851 ’l'atarus,
1074 4787 1141 4841 ad
1207 4802 1363 4841 nsum
1426 4786 1621 4850 Persm,
1695 4788 1974 4844 hominum

399 4887 457 4931 s‘e
483 4878 659 4932 20000
696 4880 914 4948 proprio
966 4895 1077 4933 mre
1139 4892 1245 4933 tam
1311 4879 1402 4933 diu
1432 4891 1622 4934 centra
1657 4880 1869 4937 Turcos
1923 4885 1975 4938 in

396 4972 566 5023 armis
614 4970 950 5035 habiturum,
996 4971 1173 5026 donec
1195 4971 1336 5026 bello
1368 4970 1490 5025 linis
1537 4988 1600 5026 ex
1637 4982 1759 5025 voto
1786 4971 1977 5028 ‘PersL

396 5065 443 5113 ei
472 5061 614 5131 regis
645 5060 930 5128 impositus
962 5076 1125 5116 esset.

465 5152 631 5207 Juuio
659 5154 1036 5222 meusebujus
1082 5156 1234 5222 anui,
1271 5167 1388 5212 orta
1438 5158 1687 5228 quaedam
1741 5159 1975 5213 obscura

394 5247 864 5316 Constantinopoli
916 5248 1112 5303 nebula
1170 5248 1308 5304 fuit:
1345 5266 1452 5320 qua
1484 5251 1771 5305 desinente
1832 5255 1977 5306 loeu-

395 5341 496 5394 stis
529 5341 686 5410 pluit,
719 5355 841 5410 qua:
872 5341 1082 5397 fructus
1133 5357 1327 5399 etnnes
1356 5353 1410 5397 et
1443 5345 1701 5397 arborum
1754 5347 1977 5399 absum-

393 5445 550 5499 psere
581 5431 727 5484 folia.
758 5430 1037 5486 Diversum
1075 5434 1203 5501 quid
1236 5434 1382 5502 apud
1440 5449 1541 5488 nos
1599 5435 1793 5489 accidit
1831 5450 1977 5489 anno

391 5524 638 5589 sequenti
670 5522 827 5586 1587,
862 5522 1139 5578 Decembri
1194 5538 1401 5590 mense,
1435 5540 1558 5579 cum
1590 5524 1871 5581 Croatinis
1920 5528 1975 5581 in

393 5611 615 5676 finibus,
652 5615 717 5666 ad
755 5614 1097 5680 Wihitzium,
1148 5615 1330 5670 Karuli
1385 5618 1695 5675 archidueis
1740 5620 1977 5675 Austris:

389 5711 658 5767 castrum,
700 5705 857 5772 quasi
917 5708 1092 5762 nubes
1127 5708 1374 5777 quaedam
1438 5722 1659 5764 anatum
1715 5723 1770 5766 et
1816 5729 1978 5768 ause-

392 5811 539 5859 ruui,
596 5795 798 5864 aliquot
853 5811 986 5853 sane
1035 5800 1382 5870 myriadum,
1445 5804 1739 5865 advolavit.
1807 5823 1973 5877 seque

2086 4617 2359 4682 redactus,
2389 4618 2626 4690 effugere
2649 4639 2757 4677 non
2792 4627 2984 4694 potuit.

2156 4711 2314 4764 Anno
2340 4711 2554 4778 eodem,
2596 4719 2802 4770 mensis
2826 4719 3059 4788 Augusti
3091 4722 3178 4777 die
3237 4735 3433 4784 octavo
3469 4730 3664 4799 (fastos

2085 4809 2291 4855 veteres
2340 4801 2544 4875 ngati
2610 4809 2891 4879 retinent),
2946 4824 3183 4880 quatuor
3236 4817 3354 4884 begi
3420 4820 3659 4888 'l‘urrici,

2085 4892 2441 4950 Sasuaiensis
2481 4898 2595 4950 sive
2622 4897 2921 4969 Zigetauns
2972 4904 3152 4966 bassa,
3180 4911 3470 4977 sangiacus
3535 4913 3661 4966 l'ct-

2081 4988 2333 5042 sclievius
2389 4990 2505 5044 sive
2558 4988 3158 5062 Quinqueeclesiensis,
3226 5010 3281 5053 et
3347 5018 3525 5055 novus
3568 5005 3662 5058 ille

2080 5081 2280 5148 captivi
2319 5082 2439 5133 luco
2466 5082 2730 5136 stillet-tus
2760 5084 3122 5152 Cepanensis,
3153 5091 3399 5159 quinque
3429 5111 3658 5149 suorum

2081 5170 2323 5223 millibus
2353 5172 2598 5226 collectis
2636 5172 2779 5228 intra
2809 5177 2947 5230 lines
3008 5189 3248 5244 nostros,
3285 5197 3473 5237 versus
3492 5182 3656 5239 Nem-

2080 5260 2272 5329 ptbim,
2322 5262 2664 5331 irruperunt:
2724 5279 2779 5320 et
2828 5268 2979 5338 pagis
3034 5271 3241 5340 aliquot
3279 5274 3359 5327 eis
3409 5285 3464 5330 et
3515 5278 3656 5330 ultra

2079 5350 2420 5422 Limpacum,
2472 5356 2637 5427 386
2697 5375 2803 5412 una
2867 5376 2991 5414 cum
3044 5364 3322 5434 oppidulis
3376 5366 3657 5438 (Germani

2082 5454 2337 5510 marctas,
2367 5452 2609 5513 emporia
2643 5448 2749 5503 Gr:
2770 5453 2818 5505 ci
2850 5456 3089 5529 vocant),
3134 5456 3394 5526 Mor-acie,
3446 5461 3654 5515 Dobre-

2081 5537 2233 5591 nacis
2276 5538 2565 5604 ambobus,
2623 5540 2946 5612 Bcsneccio,
3000 5548 3276 5616 Tarnoco,
3334 5562 3540 5621 septem
3588 5567 3657 5607 ac

2080 5629 2265 5684 decem
2299 5632 2352 5685 in
2377 5648 2588 5686 summa
2608 5638 2782 5706 pagis,
2805 5642 3082 5708 repentina
3112 5644 3470 5713 impressione
3486 5646 3655 5699 obru-

2081 5723 2171 5786 tis,
2201 5738 2263 5775 ac
2289 5724 2506 5780 miseris
2534 5729 2818 5799 utriusque
2849 5746 3014 5787 sexus
3042 5735 3237 5791 incolis
3293 5739 3489 5807 captis,
3535 5754 3657 5791 om-

2081 5814 2169 5870 nia
2219 5815 2525 5886 depOpulati
2559 5820 2924 5890 diripuerunt.
2959 5825 3086 5895 l'Zjus
3139 5830 3215 5883 rei
3246 5828 3424 5885 factus
3449 5829 3655 5884 certior
