4018 6442
320 371 424 432 7i3

1436 361 1806 425 SUPPLEM.
1857 360 2134 421 ANNAL.
2176 358 2477 419 TUliClC.

3455 353 3558 416 τξι

319 486 550 541 illustris
574 481 1047 554 praesidiariorum
1082 481 1248 534 rastri
1299 478 1557 534 Canisani
1625 481 1882 533 tribunus
1913 483 1955 537 Α
1988 474 2138 528 multi
2170 473 2486 542 gravissime
2517 468 2803 532 vulnerati,
2866 477 2986 538 post
3031 467 3400 538 exspirarunt.
3442 468 3563 521 Ca:-

314 578 582 648 Georgius
609 591 795 630 comes
861 573 1118 637 Zerinus,
1165 573 1378 626 comitis
1426 570 1654 633 Nicolai,
1683 569 1893 624 fortiter

316 674 381 725 ad
405 670 652 734 Zigetum
675 665 894 728 mortui.
929 665 1092 728 lilius,
1130 675 1326 732 quanta
1355 664 1632 717 celeritate
1657 663 1892 715 maxima

321 771 517 829 potest,
537 774 568 813 e
591 758 826 812 castellis
845 756 1108 826 proximis
1132 756 1368 825 aliquam
1393 754 1624 808 militum
1648 768 1892 816 manum,

327 867 445 903 cum
473 851 586 903 suis
621 847 849 902 subditis
897 861 962 900 ex
1008 846 1189 900 insula
1223 844 1560 908 Murakeosa,
1586 829 1706 913 quae
1753 843 1894 896 inter

331 941 533 994 Mlllam
555 949 610 994 et
647 939 883 992 Dravum
931 953 1121 992 amnes
1158 947 1241 991 est
1282 937 1385 991 sita
1434 935 1596 1004 cogit.
1629 934 1892 988 Praeterea

325 1045 576 1099 proceres
601 1021 704 1083 sibi
733 1029 961 1090 vicinos,
995 1028 1448 1097 vigilantissimos
1501 1022 1893 1080 Cisdanubiani

324 1121 515 1174 limitis
558 1121 835 1182 custodes,
857 1120 1114 1174 comitem
1161 1116 1512 1171 Franciscum
1543 1114 1892 1178 Nadasdium,

324 1207 693 1263 Balthasarem
743 1205 1086 1261 Bathianiuni
1142 1206 1398 1260 baroncm
1444 1205 1892 1276 Gussingensem,

325 1296 562 1364 itemque
581 1295 895 1364 praefectum
914 1295 1270 1365 Copreinitzte
1287 1293 1547 1350 Joannem
1567 1293 1893 1349 Globitzium

328 1399 380 1441 et
395 1386 662 1442 Joannem
681 1386 1016 1441 Fridericum
1040 1383 1703 1447 Trauttnansdorliannm,
1726 1383 1895 1437 Bandi

333 1474 584 1542 equitum
618 1474 958 1544 praefectum,
991 1489 1088 1544 per
1141 1488 1292 1540 suos,
1322 1483 1376 1527 et
1407 1488 1502 1541 per
1546 1466 1894 1543 explosarum

334 1567 710 1620 machinarum
742 1577 993 1638 tesseras,
1021 1546 1234 1620 hostilis
1286 1565 1606 1634 irruptionis
1631 1564 1896 1620 certiores

329 1655 482 1720 facit,
515 1671 580 1710 ac
606 1672 734 1711 suas
762 1656 837 1709 uti
865 1655 1050 1724 cOpias
1081 1657 1200 1710 sine
1239 1670 1388 1709 mora
1419 1668 1604 1710 secum
1655 1652 1895 1722 conjun-

335 1753 486 1813 gant,
535 1743 799 1798 hortatur.
855 1742 935 1797 llli
981 1759 1106 1798 mox
1165 1743 1280 1798 suis
1325 1743 1540 1808 excitis,
1598 1743 1663 1798 ad
1716 1745 1894 1799 locum

1997 566 2041 620 si
2069 575 2177 619 tam
2209 567 2257 617 in
2286 565 2402 631 ipso
2445 561 2634 630 proelio
2665 575 2827 629 quam
2864 559 3140 626 deinceps,
3171 567 3226 612 et
3260 559 3314 612 in
3344 558 3560 627 paludi-

2000 658 2098 711 bus
2125 670 2188 708 ac
2263 654 2419 707 silvis
2452 652 2756 714 .exslincti,
2814 650 2984 704 multo
3013 650 3212 718 plures,
3265 657 3319 703 et
3356 649 3422 704 ad
3451 650 3560 704 duo

1995 743 2106 798 l‘ere
2136 744 2322 797 millia.
2345 743 2534 810 Capita
2585 754 2849 795 caesorum
2901 738 3006 792 400
3038 753 3134 805 pro
3161 752 3310 791 more
3337 738 3560 791 militari

1994 851 2183 890 eorum
2225 836 2482 896 limitum,
2535 827 2661 887 cum
2699 831 2804 886 600
2836 831 2990 893 vivis,
3015 828 3268 883 Canisam
3288 827 3562 882 duntaxat

1997 927 2183 980 relata.
2205 925 2364 979 Potiti
2383 934 2639 993 praterea
2662 913 2830 977 nostri
2862 921 2996 975 l000
3017 936 3083 975 ac
3105 921 3231 984 500,
3260 921 3559 989 etamplius
3639 940 3646 948 -

1998 1015 2074 1068 Tu
2084 1030 2299 1070 reorum
2314 1014 2488 1084 equis.
2503 1016 2666 1067 Erant
2683 1023 2990 1066 nostrorum
3010 1011 3389 1080 peditesjl500,
3410 1014 3560 1078 equi-

1998 1117 2080 1161 tes
2098 1105 2222 1169 500,
2238 1121 2301 1160 ex
2322 1106 2522 1176 quibus
2541 1105 2829 1161 desiderati
2843 1106 3104 1158 duntaxat
3122 1103 3371 1158 undecim
3394 1122 3562 1157 :tiott-

1999 1199 2156 1264 nulli,
2181 1201 2274 1252 sed
2299 1198 2453 1267 pattci
2468 1207 2673 1262 tamen,
2690 1199 2976 1253 vulnerati.
3000 1198 3183 1252 Praeda
3197 1213 3318 1252 cum
3336 1200 3504 1267 captii
3521 1203 3564 1250 is

1995 1289 2326 1344 Christianis
2385 1299 2623 1358 recepta.
2661 1288 2774 1342 Non
2805 1290 3020 1344 desiere
3075 1290 3269 1355 nostri,
3319 1289 3564 1359 juvanti-

1999 1381 2102 1435 bus
2123 1381 2287 1434 etiam
2315 1379 2590 1448 agricolis,
2636 1380 2701 1433 ad
2737 1379 2944 1448 aliquot
2976 1379 3093 1435 dies
3145 1379 3269 1449 l‘uga
3327 1375 3566 1449 dilapsos

2000 1471 2251 1540 indagine
2299 1470 2556 1540 quadam,
2615 1472 2860 1548 velut/in
2909 1471 3145 1525 ferarum
3193 1481 3391 1526 venatu
3451 1471 3565 1526 ﬁeri

1997 1564 2157 1623 solet.
2189 1563 2434 1632 cingere:
2490 1579 2724 1632 quorum
2769 1563 2987 1633 quidem
3050 1578 3156 1617 non
3197 1564 3428 1634 exiguus
3461 1579 3566 1618 nu-

2003 1667 2201 1717 merus,
2228 1654 2309 1706 vel
2344 1653 2789 1724 investigantium
2829 1655 3011 1708 studio
3045 1667 3313 1723 repertus,
3348 1653 3431 1707 vel
3470 1669 3566 1708 sua

1998 1751 2213 1810 sponte,
2240 1743 2386 1811 quod
2446 1759 2660 1798 omnem
2721 1743 2988 1798 evadendi
3043 1760 3204 1814 spem
3236 1744 3341 1799 sibi
3383 1745 3569 1812 praeci-

333 1834 673 1904 designatnm
707 1835 760 1888 in
781 1843 1023 1903 tempore
1039 1835 1347 1888 convolant.
1374 1835 1504 1888 Inde
1519 1834 1644 1889 data
1671 1835 1899 1906 diligen-
1933 1819 1971 1870 Β
2000 1849 2116 1888 sam
2140 1837 2499 1902 ccttSpiceret,
2527 1837 2660 1891 nihil
2698 1836 3011 1906 profuturas
3027 1835 3286 1892 deserens
3312 1837 3570 1900 latebras,

338 1935 422 1979 tcr
448 1939 614 1994 opera
638 1921 940 1978 Turcorum
969 1923 1045 1977 uti
1072 1923 1306 1977 reditum
1342 1923 1728 1991 anticiparent,
1775 1939 1900 1978 eos-

333 2033 441 2088 que
471 2018 590 2072 loco
615 2017 846 2072 maxime
869 2015 1089 2080 idoneo,
1139 2015 1398 2084 quasdam
1450 2015 1589 2070 inter
1615 2016 1899 2086 angustias

341 2107 621 2176 paludum,
654 2122 774 2176 quae
806 2107 1153 2162 transeunda:
1181 2106 1316 2176 ipsis
1349 2115 1527 2170 erant,
1557 2105 1900 2164 invaderent.

340 2196 593 2252 Feliciter
617 2198 816 2252 nostris
843 2197 946 2251 hoc
965 2196 1251 2251 consilium
1269 2195 1454 2251 cessit.
1481 2195 1751 2252 Reversus
1776 2211 1900 2251 cum

342 2290 539 2356 praeda,
576 2303 877 2359 magnoque
912 2289 1275 2359 captivorum,
1323 2288 1567 2359 cujusvis
1623 2289 1800 2343 aetatis
1848 2301 1903 2344 et

343 2396 526 2446 sexus,
605 2381 1034 2436 Christianorum
1106 2395 1334 2436 numero
1403 2379 1694 2446 Barbaros,
1740 2397 1903 2452 supra

341 2473 770 2539 Catzerolacum,
793 2473 859 2527 ad
883 2487 1048 2527 unum
1073 2487 1104 2526 a
1127 2472 1324 2527 Canisa
1376 2472 1632 2538 milliare,
1670 2473 1903 2528 necdum

343 2564 619 2634 dissipatis
638 2565 864 2620 omnino
912 2563 1170 2629 tenebris,
1205 2563 1307 2619 sub
1361 2563 1596 2632 primum
1631 2565 1740 2620 diei
1789 2579 1909 2620 cre-

343 2655 628 2728 pusculum
661 2654 885 2710 viriliter
915 2653 1258 2722 adoriuntur,
1318 2669 1538 2710 manum
1587 2666 1902 2720 conserunt,

347 2747 842 2812 animosecaidunt,
867 2746 1015 2802 omni
1057 2761 1335 2802 armorum
1355 2760 1555 2815 genere
1602 2746 1906 2812 vulnerant,

343 2839 665 2895 cedentibus
695 2838 923 2902 instant,
971 2837 1230 2892 adversus
1269 2845 1633 2892 mactantzeo
1675 2837 1910 2906 denique

345 2929 721 3000 trepidationis
747 2944 811 2985 ac
829 2929 1227 2999 desperationis
1282 2928 1530 2998 adigunt,
1557 2937 1615 2983 ut
1654 2919 1909 2984 acinaces

351 3023 553 3077 nostris
574 3037 701 3076 suos
727 3023 874 3076 ultro
907 3023 1267 3094 porrigerent,
1321 3023 1622 3091 ohjicerent
1649 3039 1664 3080 :
1691 3023 1908 3078 itidem-

2001 1925 2052 1978 in
2079 1935 2398 1993 potestatem
2421 1926 2586 1980 venit.

2072 2016 2131 2070 Et
2167 2019 2454 2082 hactenus,
2495 2019 2547 2072 in
2597 2019 2702 2073 hoc
2731 2019 2954 2089 quidem
3013 2029 3276 2088 tempore,
3309 2017 3574 2072 Turcicos

2003 2107 2260 2170 Annales,
2292 2108 2503 2178 adjecta
2541 2125 2721 2164 rerum
2755 2111 2824 2164 37
2849 2113 3244 2180 propemodum
3302 2111 3461 2164 annis
3483 2126 3571 2180 ge-

2004 2211 2211 2254 starum
2244 2201 2603 2270 expositione,
2659 2205 2984 2258 continuare
3013 2204 3306 2258 voluimus.
3364 2203 3438 2257 De
3463 2218 3571 2272 quo

2005 2304 2137 2356 Sane
2167 2291 2352 2347 labore
2386 2303 2594 2356 nostro,
2628 2293 2956 2348 cuicuimodi
2992 2293 3082 2356 sit,
3112 2293 3376 2360 judicium
3403 2294 3572 2347 lecto-

2005 2385 2082 2439 ris
2113 2383 2359 2445 humani,
2389 2385 2630 2450 candidi,
2657 2393 2713 2439 et
2740 2385 3090 2456 intelligentis
3151 2386 3375 2441 minime
3408 2385 3576 2440 refor-

2007 2477 2300 2532 midamus.
2333 2477 2570 2533 Ca‘teros
2594 2479 2675 2532 vel
2725 2478 3090 2547 improbitatis
3123 2486 3176 2533 et
3205 2478 3444 2544 malitia,
3495 2481 3577 2531 νει

2007 2569 2362 2639 ignorationis
2389 2569 2573 2623 morbo
2602 2571 2967 2634 mentientes,

2290 2660 2534 2730 Μικίψα-ἰ
2565 2662 2718 2714 unius
2747 2661 3071 2716 wstimamus
3100 2679 3296 2717 onutcs.

2089 2750 2308 2806 Veritati
2369 2752 2592 2820 quidem
2658 2762 2805 2808 certe
2859 2752 3196 2820 studuimus,
3249 2770 3378 2824 qua,
3438 2754 3586 2808 velut

2010 2842 2190 2898 anima
2213 2857 2332 2906 sua,
2361 2841 2407 2896 si
2437 2851 2620 2897 careat
2646 2841 2897 2908 historia,
2927 2857 3054 2898 mox
3085 2843 3141 2898 in
3173 2842 3357 2900 l'nuios
3402 2845 3582 2908 abeat,

2013 2949 2232 2990 necesse
2262 2943 2364 2989 est.
2399 2932 2588 2990 Testes
2611 2934 2853 2998 idoneos,
2887 2945 2940 2992 et
2963 2943 3217 2991 auctores
3262 2935 3366 2990 llde
3393 2937 3587 3004 dignos

2015 3029 2210 3089 habeo,
2245 3041 2368 3083 cum
2409 3026 2761 3096 magnificum
2818 3036 2872 3081 et
2921 3026 3321 3097 amplissimum
3380 3028 3578 3091 virum,

347 3131 457 3186 que
481 3115 688 3169 caeteris
718 3115 886 3169 armis
939 3113 1222 3183 depositis,
1248 3113 1340 3168 alii
1393 3114 1563 3169 vitam
1608 3123 1662 3168 et
1706 3114 1912 3168 incolu-
1934 3141 1980 3204 ο
2014 3118 2468 3173 Bartholomteum
2500 3116 2826 3183 Pezzenum,
2852 3115 3112 3173 Caesarea:
3131 3116 3430 3186 Majestatis
3457 3135 3588 3172 con—

348 3210 589 3262 mitatem
619 3219 755 3262 voce
779 3215 1042 3277 gestuque
1079 3206 1415 3261 lamentabili
1467 3205 1910 3277 deprecarentur,

345 3301 440 3355 alii
518 3313 848 3370 quacunque
891 3300 977 3356 via
1027 3309 1272 3369 possent,
1311 3299 1366 3352 in
1414 3298 1578 3353 silvas
1623 3312 1688 3353 ac
1743 3298 1914 3353 saltus

353 3384 696 3458 aufugerat,
726 3387 973 3459 ipsisque
1034 3403 1094 3444 se
1152 3387 1442 3456 paludibus
1495 3391 1913 3457 immergerent:

356 3477 451 3530 ubi
473 3491 596 3531 cum
624 3479 952 3543 moribundi,
985 3479 1129 3547 quod
1173 3479 1378 3534 viribus
1427 3479 1737 3544 exhaustis,
1780 3471 1917 3534 ulte-

357 3568 475 3624 rius
495 3583 718 3638 pergere
745 3585 849 3625 non
868 3580 1114 3640 possent,
1147 3585 1303 3640 opem
1333 3569 1509 3624 hostis
1531 3570 1912 3639 implorarent,

354 3675 388 3715 a
436 3662 634 3715 nostris
690 3662 1032 3716 miseratione
1084 3670 1246 3714 tanta:
1288 3661 1616 3715 calamitatis
1674 3660 1918 3730 ipsorum

355 3753 672 3808 continetis.
723 3752 905 3819 plures
960 3751 1128 3819 erepti
1195 3751 1504 3820 servatiqne
1551 3749 1792 3805 fuerunt.
1860 3747 1919 3804 In

351 3844 610 3900 conﬂictu
645 3843 978 3902 Machmutes
1002 3845 1300 3913 Saugiacus
1327 3845 1919 3916 Quinquecclesiensis,

355 3935 502 3992 ﬁlius
554 3936 670 3992 Alis
699 3936 891 4001 basste,
945 3936 1130 4006 praelio
1175 3938 1347 3990 navali
1376 3938 1442 3991 ad
1474 3936 1800 3991 Cuzzolaros
1832 3951 1923 3989 oc-

358 4028 484 4091 cisi,
507 4027 575 4082 de
603 4043 714 4097 quo
737 4013 900 4098 supra
929 4028 1155 4091 dictum,
1185 4028 1388 4097 quique
1434 4028 1679 4097 captivus
1715 4043 1743 4082 a
1778 4044 1923 4082 mor—

361 4130 414 4172 te
443 4120 610 4188 patris
636 4119 864 4173 Romam
915 4119 1209 4191 perductus
1258 4120 1453 4187 fuerat,
1515 4103 1825 4175 nostrorum
1867 4121 1922 4174 in

359 4220 676 4279 potestatem
710 4212 872 4265 venit.
904 4210 1282 4276 Mohazieusis,
1320 4210 1488 4264 Sinan
1533 4211 1718 4281 bcgus,
1742 4211 1925 4281 palus—

360 4304 461 4358 tris
496 4303 599 4357 loci
633 4303 1005 4374 transjiciendi
1036 4319 1152 4375 spe,
1181 4305 1376 4358 adacto
1404 4303 1708 4358 calcaribus
1762 4320 1922 4372 equo,

358 4395 488 4448 dum
505 4381 715 4450 deﬁxus
749 4396 976 4450 haereret
1002 4395 1056 4449 in
1100 4395 1302 4464 uligine
1323 4435 1338 4458 ,
1389 4396 1616 4465 sclopeti
1648 4410 1744 4464 per
1774 4394 1926 4449 [γυη-

2017 3211 2286 3265 siliarium
2323 3247 2340 3274 ,
2373 3225 2544 3281 nuper
2567 3209 2632 3266 ad
2687 3210 2904 3265 Portam
2962 3209 3308 3267 Osmanicam
3359 3213 3587 3266 missum

2017 3318 2142 3356 cum
2175 3302 2435 3357 ordinarii
2463 3301 2624 3372 legati
2659 3316 2925 3357 munere:
2953 3310 3064 3357 tum
3109 3301 3273 3356 etiam
3318 3302 3463 3358 viros
3496 3319 3591 3357 nn-

2022 3393 2155 3448 biles
2184 3403 2238 3447 et
2265 3392 2534 3462 egregios.
2567 3389 2798 3446 Paulum
2836 3391 3064 3455 Bosam,
3099 3392 3404 3464 Ungarum,
3437 3383 3597 3448 beate

2023 3499 2132 3538 non
2191 3485 2261 3538 ita
2291 3483 2496 3539 dudum
2553 3482 3026 3551 Constantinopoli
3080 3493 3379 3547 mortuum,
3438 3486 3596 3541 Nico-
3640 3508 3653 3519 -

2023 3575 2167 3628 laum
2191 3573 2529 3630 liaunoldum
2563 3573 3064 3638 Vratislaviensem,
3091 3573 3460 3648 Hieronynum
3495 3579 3598 3632 Ar-

2022 3675 2280 3722 conatum
2312 3664 2738 3720 Leontorinutn:
2796 3666 2888 3735 qui
2921 3665 3415 3736 Constantinopoli,
3469 3682 3594 3721 cum

2023 3757 2149 3812 istic
2205 3757 2320 3825 ipse
2380 3755 2777 3826 peregrinarer,
2830 3755 2884 3809 in
2946 3756 3325 3826 augustalibus
3378 3758 3598 3810 scriniis

2023 3849 2412 3905 secretioribus
2494 3845 2824 3900 militabant.
2901 3845 3106 3901 Ilorum
3193 3847 3598 3901 consuetudine

2024 3940 2362 4011 quotidiana,
2417 3939 2680 4009 planeque
2723 3940 2957 4007 sincera,
3004 3939 3096 4009 qui
3153 3940 3394 3992 virorum
3455 3942 3599 4006 Opti-

2029 4047 2241 4086 tnorum
2274 4031 2479 4086 candor
2507 4039 2610 4092 est,
2641 4029 2812 4113 multa
2861 4043 2948 4083 me
2999 4030 3308 4100 percepisse
3360 4032 3424 4084 de
3460 4027 3600 4083 Tur-

2025 4124 2159 4181 cicis
2221 4125 2405 4186 rebus,
2461 4123 2700 4192 ingenue
2766 4124 2959 4178 lateor.
3022 4122 3132 4177 Nec
3192 4122 3600 4190 praetereundus

2028 4216 2244 4272 silentio
2275 4213 2529 4268 Matthias
2576 4213 2892 4276 Pharensis,
2922 4211 3191 4281 lludolphi
3215 4209 3455 4268 Caesaris
3507 4227 3602 4266 ito-

2030 4309 2125 4362 stri
2162 4307 2228 4361 ad
2266 4305 2486 4361 Portam
2509 4303 2856 4361 Osntanicam
2895 4303 3273 4374 Dragom-anus
3302 4302 3383 4355 vel
3436 4302 3604 4355 inter-

2030 4411 2187 4466 pres;
2219 4413 2282 4452 ex
2316 4399 2475 4469 cuius
2510 4398 2822 4450 narratione
2853 4394 3112 4464 pleraque
3171 4392 3238 4445 de
3271 4393 3373 4445 hoc
3403 4394 3602 4446 decen-

357 4497 466 4540 tem
499 4487 730 4542 mediam
786 4489 988 4556 petitus
1047 4489 1176 4552 ictu,
1232 4488 1510 4543 occubuit.
1571 4487 1924 4544 Sasuarensis
1958 4485 2001 4539 D
2032 4491 2136 4545 nali
2160 4490 2423 4545 adversus
2449 4489 2823 4550 fortissimam,
2877 4500 3113 4554 vereque
3160 4483 3434 4538 victricem
3478 4485 3604 4537 liac-

360 4581 544 4644 bassa,
567 4595 676 4648 quo
700 4581 916 4635 nomine
949 4581 1243 4650 dignitatis
1269 4582 1585 4637 illustrioris
1637 4579 1923 4651 Zigetanus

357 4670 618 4738 appellari
653 4685 712 4725 se
752 4671 888 4735 vult,
939 4687 1047 4726 una
1078 4687 1202 4726 cum
1258 4673 1394 4742 bego
1423 4671 1727 4740 Capanensi
1779 4671 1925 4725 Cha-

356 4777 513 4827 sane,
539 4761 661 4831 fuga
691 4779 752 4818 se
770 4763 1081 4820 subduxite
1126 4764 1334 4832 proelio,
1360 4779 1483 4818 cum
1519 4778 1604 4818 res
1637 4779 1764 4818 suas
1810 4763 1923 4833 jam

355 4853 674 4920 desperatas
701 4863 970 4910 cerneret.
991 4854 1328 4922 Capanensis
1353 4855 1523 4923 prima
1545 4858 1665 4923 past
1691 4869 1925 4924 pugnam

361 4954 542 5010 nocte,
565 4945 800 5015 quodam
855 4948 908 5001 in
953 4947 1090 5001 saltu
1137 4944 1422 5011 eberrans,
1451 4960 1574 5000 cum
1624 4945 1745 4999 aliis
1799 4961 1931 5014 cap-

359 5049 452 5093 tus
479 5038 596 5092 fuit.
631 5037 922 5109 Zigetanus
973 5039 1205 5107 septimo
1235 5039 1450 5095 tandem
1478 5035 1564 5092 die
1593 5038 1759 5108 pedes
1802 5037 1930 5094 Bre-

358 5143 603 5193 senzam,
633 5130 772 5185 lame
793 5142 956 5200 atque
981 5132 1149 5185 animi
1194 5131 1378 5186 dolore
1405 5127 1706 5196 confectus,
1733 5131 1927 5186 evasit.

361 5220 518 5288 Capti
545 5239 606 5276 ex
646 5224 892 5279 hostibus
949 5225 1061 5279 fere
1113 5224 1272 5289 1300,
1308 5224 1374 5278 de
1430 5239 1659 5292 quorum
1702 5238 1928 5279 numero

579 5857 848 5915 Parnm.
882 5854 1000 5920 Gl.
1061 5859 1242 5922 CLIX

2031 4594 2193 4637 tenus
2223 4591 2437 4653 gentem
2464 4579 2742 4636 Persicam
2770 4578 2910 4633 bello
2962 4579 3130 4648 gestis
3153 4577 3309 4646 plene
3353 4580 3606 4646 ccgnovi-

2032 4691 2174 4732 mus.
2197 4673 2363 4746 387
2389 4671 2543 4738 Quod
2567 4673 2615 4728 si
2638 4673 2810 4727 visum
2848 4672 2955 4723 Deo
2993 4669 3174 4734 fuerit,
3221 4669 3425 4724 diutius
3465 4654 3606 4725 hanc

2035 4769 2194 4824 nobis
2227 4781 2524 4838 prorogare
2577 4765 2776 4826 vitam,
2828 4763 3078 4818 dabimus
3143 4760 3444 4817 absolutam
3502 4762 3606 4816 ali-

2035 4859 2258 4930 quando
2287 4857 2570 4914 historiam
2621 4853 3302 4923 Constantinopolitanam,
3358 4868 3464 4922 qua
3521 4868 3607 4910 res

2040 4953 2166 5007 inde
2190 4965 2364 5020 usque
2387 4950 2456 5003 ab
2487 4949 2620 5003 urbe
2667 4947 2910 5012 condita,
2941 4956 3048 5000 tam
3081 4961 3109 4998 a
3141 4943 3425 5006 Romanis,
3461 4944 3609 4999 Gr-c-

2039 5041 2412 5108 cis,Flandris
2441 5040 2879 5109 imperatoribus,
2934 5051 3097 5108 quam
3128 5050 3157 5090 a
3214 5035 3443 5090 sultanis
3493 5034 3610 5089 blu-

2039 5133 2417 5187 sulmanorttm
2447 5139 2634 5202 gestae,
2683 5128 2828 5185 serie
2851 5140 3108 5198 perpetua
3136 5137 3400 5181 contextae
3425 5127 3610 5194 legen-

2040 5236 2148 5279 ων.
