4018 6426
302 391 404 458 717

313 544 674 560 ,ι’-...³ου-

867 561 1398 574 —_—_———.—_

739 752 1652 931 JOANNIS

1463 387 1858 450 PANDECTE
1892 394 1943 450 ll
1961 394 2095 451 lS'l‘.
2132 393 2434 452 TURCIC.

703 535 1454 556 .————..-.—.——'———.-—_———_.
1465 547 1786 555 _.__—_.——
1805 544 1954 553 ___.-
2003 543 2282 553 *οφ-ο--ἢ

3453 390 3561 454 ’118

3429 542 3464 547 -ο-
3486 540 3562 551 -..Δ

3301 557 3562 570 ---—-—o—_

2677 541 2722 546 ___
2763 542 2766 544 ν
2795 542 2803 546 ,
2851 542 2854 545 .
2919 542 2934 545 ..
2995 539 3120 546 ---ους-
3147 540 3339 548 ς-ν--ς-..ο
3361 542 3394 547 ---

2542 554 2774 566 -ι--αο-ο

2293 542 2536 551 —-——-——-—-——

1965 559 2230 571 *ν’-

1803 754 2070 944 LE
2099 753 2384 936 UN
2396 743 3146 935 CLAVII

1666 1092 2266 1171 PANDECTES

991 1300 1961 1456 HISTORUE
2041 1299 2909 1462 TURCIC/E

1576 1570 1807 1630 LlllEll
1875 1569 2350 1632 SINGULARIS

1428 1755 1512 1796 AD
1592 1750 2062 1796 lLLUSTﬂANDOS
2130 1749 2439 1795 ANNALBS.

924 2031 954 2052 /

379 2071 546 2144 389
572 2067 965 2144 Degenealagin
993 2066 1349 2144 suttonorurn,
1374 2065 1810 2144 Osntqnidarum,

453 2136 563 2194 t'u'm
592 2136 752 2192 etiam
773 2176 788 2202 ,
819 2137 945 2207 quid
969 2140 1158 2198 scach,
1196 2139 1334 2206 gasi,
1371 2136 1553 2198 zelebi,
1586 2141 1741 2190 emir.

381 2250 519 2303 Ante
553 2247 738 2302 omnia
769 2245 984 2301 ‘lectori
1021 2245 1283 2299 duximus
1341 2245 1735 2315 depingeudam
1797 2246 1886 2301 hic

308 2343 507 2396 seriem
545 2341 850 2409 principum
889 2338 1359 2405 Machanensium,
1392 2353 1420 2391 a
1455 2341 1660 2407 quibus
1693 2339 1886 2402 Osma-

313 2436 469 2489 nidas
495 2445 665 2499 ortos,
696 2433 920 2488 annales
942 2432 997 2486 hi
1029 2430 1248 2486 Turcici
1281 2430 1544 2485 tradunt:
1573 2445 1694 2484 cum
1725 2432 1886 2502 arbo-

308 2544 394 2594 re,
450 2542 609 2596 quam
670 2537 870 2581 vocant
927 2523 1287 2594 Geuealogica
1348 2522 1712 2587 sultanorum,
1758 2523 1885 2578 inde

306 2636 482 2688 usque
514 2619 582 2673 ab
614 2615 849 2672 Osmane
908 2617 1105 2687 primo,
1144 2616 1209 2670 ad
1268 2615 1531 2670 Muratem
1573 2615 1718 2670 hunc
1774 2626 1882 2682 ter-

308 2711 467 2782 tium,
496 2711 746 2780 ;ejusque
782 2709 948 2762 ﬁlium
991 2707 1411 2762 Mucliemetem.
1476 2706 1533 2760 ln
1571 2708 1673 2762 hac
1703 2716 1881 2761 autem

305 2803 627 2873 genealogia
669 2802 872 2857 retinui
908 2803 1127 2854 nomina
1162 2800 1394 2868 barbara
1431 2800 1773 2872 simpliciter.
1805 2800 1882 2856 uti

306 2894 736 2962 pronuntiantur
771 2909 802 2947 a
837 2891 1070 2947 Turcis:
1104 2891 1306 2960 quibus
1348 2899 1527 2945 tamen
1563 2890 1614 2944 in
1645 2891 1886 2959 explica-

307 2989 458 3042 tione
505 2987 796 3042 Annalium
830 3003 950 3042 eam
1003 2986 1136 3042 dare
1186 2985 1419 3040 formam
1478 2985 1658 3050 libuit,
1719 3001 1883 3058 quam

306 3081 514 3134 Graecis
550 3078 768 3149 probari
797 3078 973 3132 video.
1005 3076 1191 3132 Obiter
1224 3077 1386 3129 etiam
1425 3075 1595 3130 lector
1635 3075 1886 3130 animad-

307 3181 505 3236 vertat,
539 3169 784 3242 Uguzem
831 3170 917 3224 vel
951 3167 1189 3239 Oguzem
1219 3168 1310 3222 hic
1354 3175 1556 3236 quarto
1579 3167 1700 3222 loco
1732 3166 1883 3233 poni,

306 3284 338 3321 a
373 3281 477 3336 quo
510 3265 770 3318 familiam
812 3264 950 3316 lianc
974 3262 1234 3336 Oguziam
1270 3261 1674 3318 Turci-dictam
1707 3255 1884 3329 aiunt,

308 3374 472 3428 quam
505 3357 780 3412 Laonicus
824 3355 1314 3424 Clialcocondyles,
1347 3354 1540 3411 Latine
1566 3354 1885 3426 Galliccque

1910 2085 1964 2146 Δ
1992 2069 2304 2134 Persarum,
2340 2070 2560 2138 nomine
2592 2065 3008 2132 Cossorassatli,
3045 2064 3142 2119 fuit
3167 2065 3376 2132 primus
3405 2080 3574 2124 ausus

1996 2156 2366 2222 Romanorum
2397 2159 2626 2228 imperio
2668 2157 2954 2220 rebellare,
2989 2170 3052 2210 ac
3075 2171 3135 2210 se
3164 2154 3290 2209 fecit
3337 2155 3574 2225 impera-

1994 2261 2165 2304 torem
2187 2250 2330 2305 Asia:
2357 2249 2651 2304 nominari.
2686 2249 2895 2318 Quippe
2926 2263 3027 2302 vox
3064 2248 3156 2300 illa
3182 2248 3572 2318 Cossorassatli

1996 2338 2250 2394 mutzmda
2281 2356 2504 2410 prorsus
2537 2342 2587 2394 in
2616 2341 2891 2410 Cltosroas
2918 2338 3084 2403 Sacb,
3120 2339 3263 2408 quod
3292 2339 3572 2396 Cliosroas

1995 2431 2193 2496 Scach,
2231 2432 2280 2487 id
2313 2443 2416 2498 est,
2458 2448 2549 2486 rex
2584 2431 2881 2496 Cliosroes,
2916 2431 3334 2502 enuntiandum.
3385 2431 3574 2486 Obiter

1993 2524 2097 2578 hoc
2124 2525 2365 2580 indicare
2388 2535 2673 2594 propterea
2697 2525 2877 2592 libuit,
2902 2524 3046 2593 quod
3077 2523 3311 2591 insignis
3343 2523 3572 2578 histori-

1993 2634 2092 2673 cus
2127 2618 2475 2684 lteineccius,
2503 2630 2698 2676 auctor
2715 2618 2973 2688 editionis
2995 2615 3231 2687 Aythoni
3260 2625 3574 2685 postremae;

1993 2711 2059 2766 de
2081 2710 2512 2782 Chossorassatlt
2543 2712 2813 2780 putaverit
2838 2711 3194 2782 Artaxerxem
3215 2711 3531 2776 faciundum
3560 2729 3574 2766 :

1994 2803 2085 2872 qui
2121 2812 2305 2858 tamen
2349 2804 2513 2880 390
2551 2805 2798 2876 Agatliia:
2852 2818 3046 2860 nostro
3099 2821 3209 2860 non
3245 2807 3579 2864 Artaxerxes

1993 2905 2096 2960 est,
2135 2897 2228 2972 sed
2261 2881 2576 2966 Artaxares,
2612 2897 2691 2966 uti
2731 2895 2973 2968 Byzarus
2999 2911 3220 2967 quoque
3269 2907 3478 2972 noster,
3510 2897 3574 2952 V.

1992 2985 2055 3041 C.
2086 3001 2150 3040 cx
2200 2988 2682 3064 observationibus
2739 2987 2945 3042 nostris
3006 2988 3311 3042 adnotavit.
3363 2987 3579 3042 Rursus

1993 3077 2122 3135 alibi
2155 3078 2299 3154 apud
2329 3080 2581 3154 eumdem
2610 3078 2921 3148 Aytlionum
2950 3079 3194 3150 Soliman
3224 3079 3320 3144 Sa,
3356 3095 3463 3133 non
3491 3091 3579 3133 est

1996 3155 2248 3228 Soliman'
2278 3173 2461 3242 bassa,
2506 3174 2650 3228 sicut
2682 3173 2735 3226 in
2770 3172 3082 3242 Appendice
3111 3188 3208 3241 sua
3245 3171 3577 3238 Beineccins

1992 3267 2248 3336 opinatus
2261 3275 2365 3332 est,
2385 3271 2477 3340 sed
2494 3265 2739 3321 Soliman
2757 3265 2953 3322 Scaclt.
2985 3265 3212 3338 Ertucul
3234 3281 3289 3322 et
3305 3268 3562 3324 Ertucrul

1995 3360 2230 3430 (diversa
2253 3374 2484 3430 namque
2495 3345 2766 3430 scriptura
2786 3358 3078 3429 reperitur)
3098 3375 3129 3413 a
3149 3359 3342 3429 Turcis
3357 3361 3578 3428 dicitur,

313 3468 422 3504 non
483 3467 677 3519 magna
741 3466 864 3505 cum
928 3450 1284 3526 interpretum
1349 3448 1510 3505 laude
1551 3449 1882 3518 publicatus,
1919 3449 1959 3504 Β
1988 3468 2149 3521 quem
2167 3449 2966 3520 LaonicusOhrtogulemvocat,
2985 3447 3242 3507 Osmanis
3264 3453 3579 3521 patrchﬂt

314 3543 551 3614 appellat
602 3543 800 3596 tribum
829 3539 1089 3612 Oguziam
1121 3556 1137 3594 :
1177 3540 1458 3608 vitlerique
1495 3539 1636 3608 apud
1685 3535 1886 3590 Laoni-

310 3634 837 3706 cum,0guzalpem
900 3634 1049 3704 (licet
1113 3631 1362 3687 confusis
1425 3640 1730 3698 temporum
1793 3645 1884 3683 ra-

313 3727 579 3794 tionibus)
633 3725 884 3780 eumdem
941 3740 1082 3789 esse,
1136 3723 1231 3794 qui
1270 3721 1490 3790 Oguzes
1532 3719 1729 3778 Turcis
1791 3735 1884 3773 vo-

306 3815 806 3886 catur.Oguzalpes
837 3817 983 3871 enim
1039 3815 1262 3880 tilt'lllll‘,
1295 3816 1442 3870 velut
1472 3812 1620 3883 Oguz
1676 3811 1794 3881 Elp,
1829 3811 1881 3864 id

304 3919 392 3984 est
426 3909 638 3978 Oguzt's
672 3909 884 3976 Elpius.
918 3908 999 3961 Vcl
1037 3907 1244 3960 familia
1276 3917 1433 3964 natus
1497 3906 1672 3975 Elpia,
1726 3904 1882 3975 cujus

309 4001 365 4051 in
395 4000 678 4054 annalibus
711 4001 915 4053 mentio
948 4001 1004 4053 lit
1033 3999 1086 4051 in
1116 3998 1241 4052 Vita
1297 3997 1508 4050 Sultaui
1556 3995 1784 4049 Muralis
1816 3992 1883 4060 ll,

309 4108 457 4145 anno
489 4092 874 4144 lllaltumetano
899 4090 1024 4158 849,
1060 4092 1174 4146 sive
1207 4090 1520 4144 Christiano
1552 4087 1708 4150 UH,
1738 4101 1887 4156 qua:-

311 4201 419 4255 que
474 4185 688 4239 videtur
733 4183 922 4238 eadem
974 4198 1096 4238 esse
1151 4197 1272 4236 cum
1337 4179 1563 4248 Oguzia.
1617 4179 1886 4233 Praeterea

308 4276 622 4346 Giokelpem
663 4292 765 4330 nos
805 4289 1084 4335 vocamus,
1143 4271 1319 4328 secuti
1368 4271 1722 4332 Gauderium,
1779 4270 1886 4326 lin-

309 4386 431 4439 guae
457 4367 703 4422 Torcicae
727 4366 1036 4422 Caesareum
1065 4365 1441 4433 interpretem,
1461 4364 1554 4436 qui
1580 4361 1779 4416 Turcis
1803 4372 1890 4417 est

310 4463 541 4514 aliorum
590 4459 1036 4528 pronuntiatione
1107 4455 1377 4522 Kukelpes
1447 4455 1529 4508 vel
1592 4452 1885 4524 Gukelpes.

310 4553 405 4608 Sic
444 4553 594 4620 apud
618 4551 964 4604 Vincentium
997 4549 1657 4616 Belvacensemcorrupte
1691 4547 1887 4619 legitur

309 4646 533 4712 quidam
565 4643 789 4713 Kiocay,
843 4656 940 4710 pro
973 4639 1106 4694 Κίος
1137 4641 1313 4705 Cltan,
1351 4621 1758 4710 pronuntiando
1793 4656 1888 4692 vo-

309 4753 430 4791 cem
460 4735 590 4792 liioc
619 4737 780 4789 unica
813 4745 1024 4789 tantmn
1058 4735 1283 4806 syllaba,
1314 4736 1405 4804 qui
1439 4734 1568 4788 alibi
1594 4733 1709 4804 (203
1733 4733 1885 4786 (illan

1992 3543 2282 3614 Osmanem
2330 3544 2475 3613 hunc
2527 3541 2677 3604 dico,
2735 3557 2844 3598 non
2881 3543 3192 3608 Otmanem,
3240 3546 3325 3598 vel
3357 3548 3580 3608 Otottta-

1993 3651 2167 3704 num;
2210 3635 2466 3711 itemque
2518 3649 2630 3688 non
2671 3633 3010 3702 Otmanidas,
3057 3635 3153 3692 sed
3203 3634 3577 3694 Osmanidas;

1992 3728 2135 3795 quod
2174 3727 2245 3780 ita
2285 3727 2522 3804 postulet
2545 3726 2796 3796 Arabica:
2828 3726 3184 3797 'l'urcicaeque
3215 3729 3415 3795 lingua:
3448 3744 3576 3797 pro-

1994 3820 2308 3880 nuntianda:
2338 3820 2494 3882 ratio,
2533 3820 2622 3874 cui
2659 3818 2847 3878 Graeca
2883 3819 3119 3889 prolatio
3177 3821 3442 3883 nominis,
3479 3835 3575 3887 per

1975 3911 2151 3968 .Thita
2199 3912 2438 3967 litteram
2507 3911 2718 3979 scripti.
2769 3925 2883 3966 non
2933 3911 3260 3966 adversatur
3301 3928 3314 3964 :
3355 3912 3576 3979 quando

1993 4006 2144 4072 istaae
2179 4006 2358 4060 littera
2391 4018 2499 4060 non
2543 4002 2750 4062 Latina:
2774 4004 2815 4057 'l‘
2841 4003 2925 4058 vel
2993 4002 3090 4058 ΤΗ
3123 4004 3439 4072 respondet,
3477 4005 3574 4062 scd

1993 4111 2059 4150 ex
2089 4113 2188 4150 usu
2240 4095 2582 4166 Graecorum,
2628 4097 2850 4166 gemino
2904 4096 3092 4167 potius
3141 4097 3204 4161 S,
3234 4113 3360 4152 cum
3416 4097 3576 4152 sibilo

1993 4191 2232 4258 quodam
2261 4205 2544 4259 expresso.
2580 4191 2670 4244 Sic
2695 4192 2843 4245 enim
2887 4189 3212 4246 Assmanem
3252 4193 3577 4258 pronuntia-

1996 4283 2071 4334 vit
2115 4279 2600 4349 Cbalcocondyles,
2666 4294 2773 4342 non
2853 4279 3206 4334 Athmauem.
3260 4278 3371 4336 Nec
3426 4283 3573 4337 altud

1997 4374 2099 4426 hoc
2143 4371 2399 4426 Osmanis
2451 4372 2596 4424 illius
2653 4381 2736 4424 est
2797 4386 3020 4434 nomen,
3093 4387 3256 4441 quam
3312 4371 3571 4428 Osmanis

1996 4464 2190 4527 bassae,
2209 4463 2300 4533 qui
2320 4472 2445 4517 ante
2473 4462 2752 4516 biennium
2780 4461 2920 4515 bello
2948 4461 3167 4515 I‘ersico
3200 4464 3381 4530 periit.
3410 4463 3572 4519 Orte-

1997 4558 2125 4609 lium
2158 4569 2291 4612 sane
2332 4559 2502 4609 miror
2533 4554 2846 4616 Osmanem,
2885 4569 3047 4622 quem
3096 4552 3446 4608 Ottomanum
3482 4573 3576 4608 vo-

1996 4659 2102 4715 cat,
2136 4647 2288 4702 Zichi
2327 4647 2496 4702 illium
2531 4647 2727 4710 facere,
2766 4655 2876 4706 tam
2912 4645 3138 4710 Graecis,
3177 4661 3342 4714 quam
3377 4647 3572 4702 Turcis

1999 4743 2450 4811 repugnantibus.
2483 4741 2861 4810 Gunduselpi-t
2892 4756 3110 4803 nomen,
3143 4742 3237 4808 qui
3259 4753 3315 4795 et
3341 4743 3573 4800 Gtmtlus

311 4831 513 4883 dicitur
545 4843 561 4881 :
598 4840 656 4880 ut
685 4829 847 4900 etiam
878 4803 1108 4897 Gukelp,
1139 4837 1193 4880 ct
1226 4803 1343 4894 (ὶοέ
1391 4825 1511 4895 Elp,
1563 4842 1659 4894 pIO
1690 4803 1883 4880 eodem

1997 4852 2026 4890 a
2057 4834 2254 4888 Turcis
2296 4842 2543 4896 vocatur,
2572 4834 2712 4886 idem
2755 4849 2980 4903 prorsus
3037 4843 3121 4888 est
3155 4849 3282 4889 cum
3337 4835 3575 4904 Duzalpc

310 4923 633 4988 accipiatur.
675 4921 830 4985 Quod
857 4936 1055 4976 nomen
1092 4919 1444 4974 indicandum
1473 4917 1682 4988 putati,
1726 4933 1885 4987 prap-

310 5023 394 5066 ter
447 5013 862 5080 appellationem
913 5012 1110 5081 gentis,
1166 5026 1289 5081 qua:
1338 5010 1512 5066 sacris
1567 5011 1622 5064 in
1663 5008 1885 5064 Litteris

309 5115 510 5160 exstat.
549 5105 740 5158 Scaclti
779 5117 956 5160 autem
990 5105 1305 5180 appellatio,
1341 5119 1462 5172 quae
1497 5102 1754 5156 tribuitur
1785 5100 1888 5155 So-

307 5199 560 5262 lcimaui,
597 5199 870 5254 Ertuculis
906 5200 1042 5268 patri
1089 5199 1170 5253 vel
1205 5213 1415 5265 regum,
1448 5197 1532 5250 vel
1566 5211 1885 5266 magnorum

304 5300 396 5346 est
425 5290 756 5361 principum,
794 5292 1094 5361 praesertim
1121 5291 1262 5361 apud
1297 5287 1493 5346 Persas
1524 5306 1538 5342 :
1572 5291 1715 5344 sicut
1742 5289 1886 5358 apud

307 5383 585 5452 llispanos
615 5383 754 5438 Doni
783 5383 1109 5438 vocabulum
1153 5399 1206 5436 tu
1240 5399 1342 5438 usu
1387 5394 1487 5436 est.
1531 5380 1688 5450 Apud
1724 5381 1888 5436 Jaco-

311 5475 443 5528 bum
481 5473 788 5530 Fontannm
830 5475 1073 5530 Tsaccus
1110 5491 1302 5530 nomen
1337 5485 1442 5538 est,
1475 5477 1621 5544 quod
1666 5475 1752 5532 vix
1789 5489 1881 5542 ag-

313 5568 527 5620 noverit
553 5567 753 5638 aliquis
795 5569 938 5622 idem
973 5584 1093 5637 esse
1121 5583 1242 5622 cum
1273 5567 1507 5621 Scaclio.
1540 5564 1648 5621 Nec
1695 5581 1886 5621 recens

314 5658 420 5712 hoc
440 5675 560 5716 esse
589 5661 784 5716 Scaclti
812 5663 1157 5728 vocabulum,
1185 5662 1271 5732 vel
1319 5677 1385 5715 ex
1443 5675 1508 5726 eo
1538 5671 1703 5730 patet,
1741 5660 1885 5728 quod

306 5756 448 5817 apud
484 5755 797 5826 Aytbonum
833 5758 949 5812 haec
997 5756 1214 5812 decimo
1258 5755 1454 5824 quinto
1501 5756 1675 5823 capite
1703 5757 1886 5816 vetba,

310 5845 440 5901 licet
471 5855 746 5916 corrupte,
793 5848 1082 5918 lcgantur;
1120 5847 1470 5902 Postmodum
1523 5849 1742 5917 qui-.lam
1797 5862 1886 5900 rex

1994 4928 2236 4990 Laonici,
2260 4943 2354 4997 per
2374 4928 2716 4997 apluercsim,
2733 4942 2896 4995 quam
2923 4927 3576 4992 vocant,detractionem-

1993 5036 2098 5088 que
2125 5021 2422 5090 primarum
2452 5020 2777 5072 litterarmn.
2804 5015 2867 5071 Et
2895 5019 2946 5070 in
2977 5019 3219 5088 margine
3243 5020 3417 5074 Latini
3437 5021 3576 5076 Lao-

1993 5112 2438 5180 nici,ascriptum
2461 5109 2656 5177 legitur
2682 5109 2844 5178 hujus
2877 5109 3128 5179 Uuzalpis
3175 5127 3370 5190 nomen
3423 5116 3572 5168 aliud

1993 5221 2058 5260 ex
2085 5205 2194 5260 alio
2219 5206 2376 5270 libro,
2399 5202 2907 5271 Judisalpeszquod
2941 5204 3008 5257 ad
3047 5201 3455 5273 Gunduselpcm
3489 5207 3574 5258 vel

1992 5297 2388 5368 Junduselpcm
2449 5298 2674 5367 propius
2713 5295 2947 5351 accedit.
2975 5296 3136 5352 Errat
3171 5307 3353 5351 autem
3393 5301 3445 5352 in
3483 5299 3572 5352 lllS

1993 5390 2259 5456 Laonicus
2281 5393 2422 5459 quod
2446 5389 2737 5458 Duzalpem
2761 5389 2914 5456 ponit
2939 5389 3176 5457 primum
3212 5389 3263 5441 in
3286 5390 3386 5442 hac
3411 5389 3573 5443 latn-

1995 5480 2088 5542 lia,
2107 5481 2200 5549 qui
2220 5477 2447 5534 Guudus
2471 5485 2524 5531 et
2554 5477 2894 5546 Gunduselp,
2924 5477 3196 5532 Iirtuculis
3216 5477 3359 5534 ﬁlius
3384 5499 3396 5533 :
3425 5484 3573 5546 quod

1993 5569 2319 5640 Oguzalpem
2343 5568 2596 5638 Duzalpis
2625 5569 2754 5624 facit
2785 5570 2977 5635 lilium,
3003 5570 3096 5637 qui
3124 5571 3192 5622 ab
3227 5571 3327 5632 hoc
3361 5571 3574 5630 decimo

1998 5663 2156 5716 tertio
2174 5662 2344 5733 gradu
2359 5672 2444 5734 est
2459 5663 2599 5716 inter
2617 5663 2978 5718 ascendentes
3003 5679 3018 5717 :
3051 5662 3195 5728 quod
3213 5660 3570 5734 Orthogulem

1999 5756 2290 5825 Oguzalpis
2345 5733 2539 5821 (ilium,
2576 5755 2834 5824 Duzalpis
2886 5763 3138 5824 nepotem
3185 5733 3410 5823 statuit,
3443 5775 3570 5815 cum

1997 5850 2318 5906 duodecimo
2352 5848 2520 5918 gradu
2557 5849 2698 5905 absit
2756 5849 2821 5903 ab
2877 5847 3082 5919 Oguze,
3149 5851 3242 5918 qui
3293 5866 3380 5911 erit.
3431 5858 3572 5910 inter
