4018 6462
469 421 600 505 "ita

1725 411 2052 487 JOANNIS
2096 411 2563 487 LEUNCLAvn

3632 403 3681 476 *ἱ
3691 407 3767 476 96

498 552 877 618 ascendentes,
906 559 958 605 et
984 546 1354 618 Gunduselpis
1379 560 1476 603 seu
1511 543 1765 615 Duzalpis
1788 544 1954 600 fuerit
1982 559 2075 613 pa-
2109 554 2151 607 Α
2183 545 2333 599 ribus
2354 543 2409 598 in
2442 544 2608 599 rebus
2648 539 3138 595 animadvertimus
3169 555 3183 593 :
3217 539 3270 593 in
3322 538 3514 606 titulis,
3566 537 3773 592 ofﬁciis

498 655 602 700 ter.
644 644 846 700 Osman
896 656 926 695 a
961 651 1138 694 morte
1188 639 1361 708 patris
1401 652 1576 692 annos
1619 635 1840 706 triginta
1883 650 2076 690 novem

498 733 914 792 Malmmetanus
967 747 1034 783 ex
1067 728 1352 783 annalium
1409 727 1735 782 auctoritate.
1788 725 1948 792 vixit,
1982 726 2078 782 sed

2188 636 2540 698 militaribus,
2595 635 3006 704 provinciarum
3039 632 3398 703 praefecturis,
3445 631 3689 701 legibus,
3714 638 3779 684 et

2183 729 2438 782 universo
2476 725 2704 793 imperio
2730 723 3136 780 constituendo.
3173 724 3290 780 Jam
3333 723 3475 793 quod
3505 722 3784 793 Bajazitis

498 823 687 895 viginti
733 835 928 876 novem
971 828 1180 874 tantum
1243 820 1545 888 imperasse
1602 816 1904 872 scribitur:
1935 817 2080 887 quod
2177 815 2496 873 Gilderunis
2529 809 2910 884 s'ive'Laelapis
2931 815 3083 869 filios
3129 816 3347 880 attinet,
3386 815 3437 866 in
3462 814 3540 867 eis
3569 827 3787 867 recen-

435 917 443 989 ς
499 910 692 982 primis
735 908 921 964 decem
966 909 1130 963 annis
1177 907 1542 977 principatum
1597 906 1981 977 acquisiverit,
2028 917 2084 962 et

425 1001 444 1044 ιδ
501 1000 871 1059 constituerit.
907 998 1121 1055 Sultani
1161 1014 1357 1054 nomen
1395 998 1520 1054 huic
1551 999 1621 1053 ah
1669 999 1947 1054 annalium
1982 1013 2085 1053 au-

502 1102 654 1146 ctore
686 1105 795 1145 non
825 1090 1108 1155 tribuitur,
1147 1089 1242 1144 sed
1281 1087 1477 1144 Murati
1527 1091 1763 1159 primum
1801 1089 2006 1160 nepOti,
2031 1095 2087 1144 et

503 1181 756 1250 abnepoti
787 1180 985 1235 deinde
1019 1180 1345 1235 Muchemeti
1377 1195 1392 1232 :
1437 1179 1583 1248 quod
1627 1180 1693 1235 de
1721 1180 1822 1235 hoc
1862 1178 2086 1234 Muche-

503 1284 646 1329 rnete
663 1272 988 1327 Theodorus
1011 1272 1174 1325 etiam
1207 1269 1597 1341 Spanduginus
1624 1271 1927 1325 adnotavit.
1949 1268 2086 1324 Gazi

502 1382 634 1422 vero
661 1380 963 1436 cognomen
987 1361 1419 1428 OsinanLdatur,
1445 1361 1589 1418 sicut
1609 1373 1663 1417 et
1686 1361 2086 1426 Urchanmlio,

506 1463 814 1532 Muratique
841 1461 1044 1530 nepoti,
1073 1459 1216 1529 quod
1256 1467 1541 1513 strenuum
1567 1457 2091 1528 rnagnanimumquc

489 1555 732 1608 militem
764 1553 1055 1622 significat.
1115 1550 1173 1604 In
1229 1548 1487 1604 Urebane
1518 1549 1634 1619 (sic
1661 1549 1811 1604 enim
1843 1548 2092 1603 scriben~

490 1646 678 1717 dum)
725 1645 972 1700 notanda
1027 1658 1153 1699 cum
1207 1641 1294 1695 Ali
1343 1641 1506 1697 hassa
1559 1640 1731 1695 fratrc
1775 1641 2090 1706 concordia,

491 1751 633 1791 cum
681 1751 878 1792 omnes
911 1733 1047 1799 alii,
1091 1747 1328 1804 quorum
1385 1731 1454 1786 de
1513 1731 1678 1786 rebus
1709 1729 1958 1785 Turcicis
1997 1745 2095 1784 ex-

505 1837 654 1883 stant
691 1828 915 1898 scripta,
947 1827 1136 1882 dicant
1166 1824 1235 1879 ab
1271 1822 1528 1880 Urcbane
1577 1823 1911 1894 principatus
1941 1821 2094 1877 initio

509 1921 756 1976 sublatos
789 1919 960 1976 fuisse
1003 1918 1072 1973 de
1115 1915 1296 1971 medio
1341 1914 1538 1970 fratres
1562 1915 1703 1969 duos
1739 1931 1754 1969 :
1791 1923 1976 1984 aperte
2007 1929 2092 1968 re-

508 2011 876 2067 clamantibus
903 2011 1053 2064 hisce
1067 2007 1320 2062 Turcicis
1340 2007 1653 2073 annalibus,
1681 2006 1774 2077 qui
1804 2006 2042 2075 primum
2065 2018 2096 2059 a

496 2100 746 2173 "Baja’zite
769 2101 1294 2161 Gildertine‘Chane
1324 2099 1676 2170 parricidium
1709 2099 1863 2169 regni
1925 2111 2095 2155 causa

507 2203 866 2257 commissum
911 2195 1109 2261 fuisse,
1139 2203 1356 2249 necato
1407 2191 1618 2263 Jacupe
1666 2189 1850 2247 Zelebi
1901 2189 2097 2254 fratre,

483 2288 976 2348 ‘docent.'Zelebis
999 2284 1403 2354 no‘men,-quod
1434 2284 1674 2338 nobilem
1729 2281 2023 2352 significat,
2067 2295 2097 2334 a

487 2376 707 2438 'Turcis
731 2381 972 2436 arbitror
1001 2388 1350 2449 usurpatum,
1385 2375 1452 2431 ad
1486 2373 1851 2429 imitationem
1889 2371 2099 2426 Roma-

495 2483 709 2528 norum
733 2481 788 2526 et
814 2469 1158 2532 Graecorum,
1175 2475 1426 2537 .qu'orum
1452 2463 1679 2518 hi'tilios
1705 2463 2097 2532 imperatorum

491 2569 643 2614 ‘naltt
671 2547 915 2612 minores
943 2553 1321 2610 nobilissimos
1347 2552 1637 2617 vocabant,
1674 2552 1760 2606 illi
1795 2550 2102 2606 novellissi-

495 2666 655 2720 'mos,
678 2666 811 2707 voce
836 2649 1087 2706 nonnihil
1113 2655 1396 2719 corrupta,
1421 2647 1563 2704 sicut
1581 2657 1731 2718 patet
1749 2664 1814 2702 ex
1833 2648 2100 2713 historiis,

501 2743 992 2815 inscriptionibus,
1056 2740 1482 2797 numismatibus
1537 2741 1774 2810 antiquis
1825 2748 1880 2795 et
1923 2739 2100 2793 fastis.

511 2835 745 2893 Unicam
779 2843 991 2889 tantum
1020 2831 1128 2886 hoc
1157 2834 1274 2886 loco
1303 2830 1457 2886 lubet
1483 2829 1924 2900 inscriptionem,
1971 2826 2100 2880 ﬁdei

513 2944 701 2996 causa,
766 2927 896 2982 iic'ct
927 2925 982 2980 in
1039 2941 1097 2980 re
1137 2923 1452 2987 manifesta,
1493 2937 1697 2993 ponere
1733 2940 1748 2975 :
1788 2931 1902 2975 turn
1955 2919 2101 2988 quod

517 3039 617 3094 pro
646 3037 706 3078 se
735 3030 911 3082 vetus,
942 3019 1051 3088 jam
1080 3025 1218 3072 nava
1251 3017 1343 3080 sit,
1374 3015 1479 3069 hoc
1507 3023 1615 3078 est,
1649 3027 1843 3069 recens
1866 3010 2101 3082 primum

520 3119 738 3171 inventa
797 3127 814 3162 :
869 3121 983 3164 tum
1039 3107 1186 3179 quod
1248 3108 1628 3177 antiquitatem
1679 3103 1877 3159 nobilis
1947 3103 2104 3158 urbis

2186 909 2368 966 sendis
2390 917 2673 962 auctorum
2701 922 2894 976 magna
2917 903 3205 962 diversitas
3233 917 3336 961 Cal.
3363 905 3524 960 Turci
3559 905 3778 974 primo-

2187 1001 2426 1071 genitum
2447 999 2656 1053 faciunt
2677 999 2904 1053 emirem
2931 997 3332 1062 Soleimanem,
3354 1012 3489 1066 quos
3507 994 3778 1064 equidem

2187 1107 2411 1164 sequor.
2441 1092 2507 1148 Et
2535 1093 2875 1148 Soleimanes
2907 1092 2995 1146 hic
3021 1077 3201 1147 di'ctus
3255 1089 3359 1144 fuit
3383 1089 3541 1153 emir,
3579 1097 3782 1142 aucto.

2189 1189 2368 1243 ritatis
2403 1188 2630 1258 majoris
2679 1202 2869 1242 causa.
2909 1185 3045 1242 Nam
3097 1186 3296 1242 emircs
3325 1185 3582 1256 appellati
3637 1193 3785 1238 sunt

2167 1281 2450 1351 praesides
2480 1291 2535 1336 et
2561 1291 2952 1352 propagatores
2986 1280 3197 1349 imperii
3230 1277 3580 1345 Mallumctis,
3612 1277 3778 1347 quasi

2191 1376 2498 1445 superiores
2525 1371 2849 1442 (Gulielmus
2875 1373 3076 1444 Tyrius
3100 1383 3343 1442 satrapas
3371 1387 3466 1428 seu
3491 1371 3780 1440 principes

2193 1467 2430 1536 majores
2490 1465 2914 1536 interpretatur)
2947 1480 3086 1534 quos
3117 1464 3293 1520 Graeci
3317 1464 3518 1518 amis-es
3545 1473 3603 1517 et
3630 1463 3783 1516 arni-

2194 1559 2353 1614 rades
2373 1566 2664 1620 vocarunt,
2698 1557 2764 1611 de
2789 1557 2992 1626 quibus
3016 1556 3175 1627 391
3208 1568 3316 1611 non
3342 1565 3488 1610 recte
3501 1557 3597 1609 vel
3625 1570 3784 1608 amr-

2199 1665 2305 1710 res,
2337 1648 2421 1703 vel
2442 1649 2744 1709 amerades.
2776 1647 2858 1701 vel
2888 1646 3210 1712 admiratos,
3237 1646 3319 1700 vel
3344 1644 3661 1701 admirales.
3694 1646 3786 1698 vel

2197 1738 2532 1794 admiraldos
2546 1736 2730 1793 fecere
2747 1737 3114 1802 Belvacensis,
3144 1746 3196 1792 et
3227 1736 3502 1806 interpres
3525 1734 3788 1793 Cedrini.

2124 1859 2170 1918 Β
2197 1840 2251 1884 et
2275 1831 2386 1884 alii.
2417 1828 2527 1885 Nec
2560 1829 2827 1899 hodieque
2874 1843 3076 1884 nomen
3109 1828 3215 1884 hoc
3271 1835 3642 1898 aspernantur
3677 1826 3788 1896 ἱρίί

2198 1922 2501 1977 Turcorum
2531 1922 2762 1976 sultani.
2790 1920 3063 1977 Laonicus
3088 1935 3220 1976 vero
3251 1929 3376 1990 post
3397 1919 3586 1974 Iesum
3617 1936 3786 1974 suum

2200 2013 2487 2083 majorem,
2517 2027 2679 2082 quem
2698 2011 3018 2080 simpliciter
3040 2011 3180 2066 lsam
3204 2009 3376 2064 Turci
3392 2020 3594 2066 vocarit
3611 2009 3786 2080 (quod

2198 2119 2397 2161 nomen
2427 2103 2850 2173 etiampmpius
2880 2105 3129 2160 imitatus
3173 2114 3260 2160 est
3303 2103 3578 2159 Laonicus
3643 2103 3788 2157 libo

2199 2207 2374 2261 sexto,
2400 2212 2568 2267 quum
2586 2193 2776 2252 Jessen
2797 2195 3053 2251 Brenezis
3074 2195 3240 2260 filius,
3263 2210 3424 2265 quem
3448 2192 3785 2249 alihiJcsum

2201 2299 2380 2352 vocat,
2403 2286 2615 2353 scribit)
2635 2286 2924 2356 quemdam
2949 2285 3344 2340 Mulsumanem
3362 2285 3584 2339 nomine
3609 2285 3782 2353 ponit.

2192 2380 2346 2434 Idem
2387 2378 2516 2432 iacit
2551 2378 2976 2448 primogenitum
3005 2375 3388 2438 Orthobulem,
3419 2391 3448 2431 a
3497 2384 3656 2446 patre
3685 2374 3780 2430 Sec

2204 2470 2396 2525 bastite
2423 2468 2762 2539 praefectum,
2785 2477 2841 2524 ct
2873 2469 3068 2524 ibidem
3095 2468 3168 2524 ab
3194 2467 3444 2524 hostibus
3470 2469 3611 2524 urbe
3629 2481 3767 2537 capta

2203 2575 2426 2616 caesum.
2468 2559 2689 2615 Turcici
2758 2575 2889 2614 vero
2937 2559 3164 2614 annales
3219 2574 3477 2630 espresse
3539 2560 3777 2622 tradunt,

2205 2646 2512 2704 Sebastiam
2563 2646 2719 2703 emiri
2779 2647 3074 2703 Soleimani
3102 2649 3214 2703 ﬁlio
3269 2660 3400 2704 natu
3464 2652 3713 2713 maximo,
3746 2666 3781 2703 ιι

2204 2749 2358 2810 patre
2387 2739 2571 2794 datam
2637 2740 2853 2795 fuisse:
2907 2739 3000 2809 qui
3052 2749 3235 2795 tamen
3290 2757 3319 2796 a
3369 2740 3574 2797 Temire
3611 2751 3782 2810 capta

2199 2831 2487 2898 ‘Sebastia,
2511 2845 2638 2887 ‘non
2669 2825 2835 2888 fuerit
2872 2831 3214 2890 interfectus.
3254 2833 3416 2890 Plura
3447 2837 3513 2890 de
3541 2836 3626 2891 his
3653 2835 3789 2890 alla-

2207 2931 2314 2980 tnri
2359 2925 2616 2995 deinceps
2643 2924 2695 2978 in
2731 2926 2972 2981 medium
3009 2943 3224 2995 sumus,
3261 2929 3650 2984 adnumerum
3682 2944 3792 2982 no-

2209 3030 2384 3075 tarum
2409 3015 2487 3074 '59
2510 3013 2674 3075 et‘67.

2279 3109 2448 3168 Tertii
2479 3105 2697 3183 quidem
2729 3111 3116 3183 Gyriscebelim
3143 3115 3314 3185 patris
3377 3115 3637 3185 Bajazitis
3666 3131 3799 3171 sne-

519 3207 754 3263 Austris:
781 3201 1134 3264 Viennensis,
1163 3199 1564 3270 quondam‘seu
1604 3195 1964 3260 Ἶὶηόοὺοηω,
2007 3204 2104 3249 SE“
2134 3205 2178 3266 C
2211 3220 2482 3261 cessorcm
2509 3205 2753 3272 faciunt,
2785 3208 2962 3277 _eujus
3011 3222 3212 3262 nomen
3265 3223 3364 3262 nec
3420 3211 3471 3262 in
3537 3207 3799 3265 Turcicis

520 3296 907 3361 Vindonianze,
943 3294 1084 3364 quod
1139 3292 1313 3362 magis
1345 3291 1665 3362 probamus,
1703 3287 1990 3355 insigniter
2042 3286 2104 3340 il-

525 3394 742 3446 lustret.
778 3385 911 3439 Eam
963 3383 1235 3453 magniﬁci
1267 3382 1464 3450 equitis
1497 3395 1588 3434 DN.
1620 3378 1935 3433 'HIERONYII
1964 3374 2106 3430 Bson

520 3499 555 3534 Δ
589 3479 1033 3540 Liorowsoonr,
1066 3475 1272 3530 Ctesar.
1309 3473 1606 3542 Maiestatis
1636 3469 1882 3524 Camerar
1915 3469 2107 3524 aulica).

505 3569 849 3633 'consiliarii,
889 3566 1073 3623 studio
1108 3565 1318 3621 lberali
1352 3564 1616 3620 debemus
1651 3561 1800 3631 :‘qui
1839 3561 2110 3617 columnas

503 3664 890 3734 fragmentum
921 3654 1142 3722 vetei'is,
1175 3674 1296 3728 qua:
1327 3657 1538 3727 integra
1561 3653 1871 3709 Milliarium
1909 3653 2108 3709 Roma-

529 3751 1067 3815 nmnfuit,in‘vinea
1096 3749 1358 3819 quadam,
1410 3744 1558 3799 haud
1615 3744 1809 3815 procul
1858 3759 1885 3797 a
1925 3743 2110 3799 Sancti

529 3844 694 3900 Marci
729 3842 1068 3907 ncsocomio,
1100 3840 1168 3896 ad
1203 3851 1370 3894 unum
1413 3852 1442 3891 a
1484 3835 1693 3891 Vienna
1739 3835 1994 3905 lapidem,
2029 3851 2113 3890 re.

509 3946 743 4009 *pertum
779 3950 906 3989 enm
940 3933 1287 4004 intelligeret,
1315 3943 1540 4000 operam
1598 3927 1750 3982 dedit
1793 3937 1850 3980 ut
1882 3925 2109 3979 domum

445 4021 450 4027 ’
531 4046 689 4086 suam
718 4029 1083 4099 deportatum,
1134 4022 1448 4096 posteritati
1493 4029 1944 4076 conservaretur.
1979 4019 2112 4087 Ejus

517 4121 914 4192 inscriptionis
945 4121 1061 4174 haec
1090 4116 1258 4172 verba
1289 4122 1420 4171 sunt
1447 4113 1641 4169 litteris
1666 4123 1928 4180 expressa
1956 4109 2116 4163 nobis

529 4213 921 4272 fatniliarihns.
943 4210 1080 4265 Nam
1105 4209 1306 4264 ductus
1334 4220 1549 4272 earnm,
1590 4203 1786 4274 quales
1839 4202 1893 4255 in
1925 4200 2119 4255 arche—

535 4323 662 4379 rypo
691 4304 1134 4374 conspiciuntur,
1170 4302 1272 4355 hoc
1313 4299 1532 4368 quidem
1565 4306 1808 4366 tempore
1852 4291 1983 4346 dare
2011 4305 2118 4344 non

534 4401 836 4472 potuimus.

1172 4545 1259 4585 Ill?
1287 4543 1401 4584 (His

967 4621 996 4657 ν
1032 4608 1233 4656 Llctmo
1263 4613 1466 4654 conum.

970 4684 1267 4727 ηιειηΑΝο
1304 4681 1593 4722 NOBHJSSu

964 4758 1080 4797 CES.
1093 4779 1106 4794 ι
1141 4754 1366 4793 PRINCIPI

969 4828 1104 4866 ιυν..
1135 4825 1331 4864 Ντντις
1367 4824 1476 4862 νΑ..

970 4899 1040 4936 ΕΤ
1079 4893 1282 4934 PONTES
1317 4893 1560 4932 VETUSTA

1035 4965 1202 5005 CONLA
1211 4962 1302 5001 PSA
1337 4963 1488 5000 RESTI

1043 5038 1074 5074 Δ
1120 5033 1288 5072 νιΝῡ..
1323 5031 1359 5069 Ι
1391 5033 1419 5071 Ρ

618 5235 944 5303 Intelligitur
984 5236 1166 5282 autem
1206 5223 1428 5278 nomine
1464 5219 1815 5283 nobilissimi,
1863 5217 2126 5287 juventu-

548 5331 732 5399 tisque
761 5323 1047 5394 principis,
1110 5317 1290 5371 minor
1320 5322 1448 5368 natu
1510 5311 1680 5365 frater
1733 5308 1965 5364 Gallieni
2013 5307 2128 5360 Au-

550 5420 717 5492 gusti.
753 5415 844 5471 Sic
911 5413 1077 5481 igitur
1133 5415 1188 5463 et
1249 5403 1418 5460 Turci
1455 5401 1678 5458 Zelebes
1733 5415 1864 5455 suos
1919 5400 2127 5463 dixere,

551 5491 866 5581 quanquam
903 5507 958 5559 in
989 5498 1282 5558 annalibus
1339 5495 1424 5550 his
1458 5492 1893 5548 animadvertere
1946 5491 2129 5554 liceat,

554 5579 910 5656 Illuchemetis
961 5591 1208 5653 secundi,
1269 5593 1324 5640 ct
1392 5595 1779 5638 successorum
1845 5579 1985 5633 filios
2025 5593 2131 5631 non

555 5693 794 5760 amplius
851 5687 1096 5747 Zelebes,
1157 5678 1252 5734 sed
1285 5666 1534 5732 sultanos
1565 5672 1776 5760 cepisse
1835 5668 2128 5724 nominari.

551 5786 822 5839 Caeterum
849 5793 972 5833 esse
1011 5775 1220 5829 Turcos
1252 5768 1417 5824 veluti
1475 5766 1668 5821 simias
1719 5763 1986 5835 quasdam
2030 5761 2133 5814 lio-

557 5886 845 5932 manorum
873 5869 1278 5928 Graccorumve,
1327 5860 1524 5932 quibus
1557 5865 1963 5920 successerunt,
2011 5852 2133 5923 plu-

2207 3296 2642 3362 commentariis,
2676 3312 2785 3353 nec
2831 3298 2978 3368 apud
3027 3296 3326 3356 Laonicum
3396 3300 3686 3369 reperitur.
3746 3309 3802 3356 ιιι

2210 3389 2462 3444 fictilium
2483 3390 2644 3460 plane
2672 3387 2910 3446 videtur.
2943 3390 3081 3446 Eum
3110 3391 3303 3448 dicunt
3326 3407 3357 3447 a
3376 3391 3594 3447 Tctnire
3621 3393 3802 3448 fuisse

2209 3492 2445 3553 captum,
2478 3482 2574 3537 scd
2601 3497 2632 3538 e
2666 3473 2914 3538 custodia
2980 3492 3160 3538 tamen
3192 3484 3454 3540 evasisse.
3515 3483 3800 3538 Laonicus

2210 3587 2392 3632 autem
2454 3574 2700 3646 scripsit,
2752 3573 2937 3645 ιιι-ωηο
2985 3563 3302 3630 Temi-riano
3353 3587 3571 3646 captum
3623 3575 3802 3630 fuisse

2213 3659 2440 3732 Mosem,
2475 3669 2566 3738 qui
2592 3667 2870 3722 videretur
2901 3665 3126 3737 reliquis
3185 3666 3533 3736 praestantior
3570 3667 3801 3721 robore.

2212 3758 2454 3814 Proinde
2505 3745 2698 3812 Tcmir
2753 3761 2900 3810 eum‘
2941 3755 3336 3820 circumduxit,
3395 3765 3449 3810 et
3487 3770 3680 3812 secum
3745 3758 3802 3810 in

2212 3849 2408 3904 castris
2436 3846 2645 3914 habuit,
2668 3848 2871 3902 victum
2902 3845 3247 3902 ministrans.
3283 3844 3478 3901 Postea
3502 3837 3804 3900 Laonicus

2216 3939 2332 3992 haec
2373 3935 2594 4006 subjicit
2624 3955 2638 3992 :
2672 3926 2860 3992 Temir
2894 3932 3154 3992 'Cheriam
3197 3937 3530 4007 properavit,
3580 3937 3804 4007 Bajazi-

2218 4037 2324 4081 tem
2351 4038 2407 4082 et
2441 4026 2607 4081 filium
2649 4027 2769 4096 ejus
2824 4042 3009 4082 secum
3047 4028 3274 4090 vehens,
3338 4029 3501 4098 cujus
3563 4043 3802 4098 parvum

2219 4129 2522 4186 respectum
2551 4118 2678 4188 egit.
2708 4113 2945 4172 Proinde
2977 4117 3031 4172 in
3054 4118 3288 4188 patriam
3353 4118 3636 4190 regionem
3673 4121 3802 4192 fuga

2217 4209 2409 4265 evasit.
2443 4205 2867 4278 Denique'tertio
2896 4209 3091 4278 repetit
3124 4207 3400 4265 Laonicus
3427 4210 3584 4266 initio
3615 4215 3800 4280 quarti

2220 4298 2591 4366 iibri,Mosem
2648 4299 2938 4357 dimissttm
2993 4316 3024 4354 a
3079 4316 3206 4372 rege
3255 4291 3500 4368 'Temire,
3550 4304 3691 4357 mari
3734 4309 3802 4356 ad

2222 4394 2500 4465 regionem
2527 4392 2754 4464 patriam
2790 4390 3047 4447 rediisse.
3067 4387 3290 4447 'Similis
3320 4399 3403 4447 est
3456 4392 3712 4448 confusio
3745 4397 3804 4450 in

2224 4484 2496 4540 minorum
2534 4491 2664 4538 natu
2711 4474 2983 4551 'Bajazitis
3026 4481 3262 4537 filiorum
3311 4481 3608 4537 mentione.
3663 4481 3804 4538 Nam

2145 4559 2498 4631 D'Laonicus
2542 4583 2596 4628 et
2623 4570 2810 4628 Jesum
2886 4572 3151 4627 minorem
3219 4581 3656 4638 commemorat,
3708 4579 3808 4641 qui

2230 4684 2499 4746 nusquam
2529 4671 2580 4722 in
2609 4665 2895 4720 annalibus
2931 4663 3176 4720 Turcicis
3207 4667 3500 4734 reperitur,
3529 4673 3582 4719 et
3613 4667 3815 4720 ultimo

2223 4762 2367 4816 inter
2396 4774 2589 4816 omnes
2630 4759 2755 4813 loco
2784 4757 2934 4829 ponit
2988 4757 3329 4826 Mustapham
3377 4757 3682 4826 respiciens
3723 4765 3814 4825 (ut

2225 4852 2484 4920 arbitror)
2515 4850 2582 4904 ad
2612 4849 2764 4904 illum
2789 4848 3154 4918 Mustapham,
3207 4850 3293 4902 cui
3331 4847 3552 4904 Dusmis
3603 4862 3813 4919 cogno-

2228 4959 2350 4998 men
2392 4941 2648 4997 aTurcis
2706 4939 2889 5003 datur,
2941 4940 3146 5009 quique
3207 4939 3471 5010 Bajazitis
3524 4955 3585 4996 se
3634 4941 3815 4998 filium

2225 5034 2616 5088 mentiebatur.
2661 5029 2824 5101 Atqui
2885 5031 3089 5085 diserte
3119 5030 3283 5085 Turci
3332 5033 3575 5096 tradunt,
3638 5035 3816 5088 mini-

2228 5138 2379 5178 mum
2413 5131 2539 5175 natu
2589 5120 2757 5174 fuisse
2789 5120 3052 5174 Casanem
3094 5119 3351 5187 Zelebim,
3412 5123 3503 5191 qui
3566 5134 3820 5193 tempore

2231 5211 2556 5266 calamitatis
2577 5222 2810 5278 paternae
2827 5209 2991 5263 fuerit
3019 5210 3197 5264 adhuc
3219 5219 3377 5265 aetate
3404 5220 3591 5265 tenera
3621 5228 3637 5276 ;
3677 5228 3819 5266 nar-

2233 5311 2463 5370 rantqne
2533 5300 2797 5368 deinceps
2861 5300 2930 5353 ab
2987 5300 3157 5354 emire
3217 5299 3528 5356 Soleimane
3581 5299 3820 5356 fratrem

2232 5394 2375 5447 hunc
2440 5401 2567 5444 natu
2637 5390 2950 5456 minimum,
3011 5389 3274 5445 Casanem
3335 5389 3598 5456 chehim,
3642 5393 3827 5447 fuisse

2230 5483 2761 5563 Constantinopolim
2800 5483 3050 5546 missum,
3102 5493 3163 5534 ut
3205 5483 3410 5537 obsidis
3463 5485 3578 5538 loco
3607 5483 3819 5539 ibidem

2231 5585 2397 5631 esset.
2456 5572 2730 5626 Laonicus
2786 5573 2952 5626 etiam
3009 5573 3206 5628 alicubi
3259 5573 3447 5627 Jesum
3499 5574 3821 5638 minorem,

2236 5662 2368 5715 faett
2400 5661 2684 5714 minimum
2719 5672 2871 5726 natu,
2944 5669 2999 5715 et
3044 5660 3511 5730 Constantinopoli
3565 5662 3818 5730 baptiza-

2238 5766 2348 5810 tum
2379 5754 2448 5808 ait
2481 5772 2494 5808 :
2526 5755 2592 5807 de
2618 5768 2726 5822 quo
2755 5770 2888 5810 sane
2914 5769 3048 5810 vero
3103 5757 3163 5810 ﬁt
3223 5757 3421 5818 simile,
3474 5755 3660 5811 .lesum
3718 5761 3826 5810 mi-

2239 5862 2425 5905 norem
2459 5845 2704 5913 Laonici,
2743 5862 2861 5904 esse
2915 5849 3068 5903 illum
3095 5849 3274 5919 ipsum
3329 5859 3460 5904 natu
3519 5849 3821 5904 minimum
