4018 6446
328 407 422 476 ἿΞΪ
1495 409 1882 471 PANDECTE
1918 411 2116 472 IIIST.
2158 413 2456 476 TURCIC.

3447 394 3567 471 τῇ

314 524 566 597 Βςιῇτιμὶιίε
597 523 792 586 lilium,
839 540 996 589 quem
1056 525 1276 584 annales
1340 526 1553 581 Turcici
1608 529 1874 582 Casanem
1905 526 1952 586 Δ
1979 526 2110 580 lant.
2145 525 2356 595 Quippe
2421 525 2595 580 solent
2639 525 2707 580 iis
2751 525 3085 588 nominibus,
3137 539 3308 593 quma
3339 524 3556 593 gemina

315 617 556 671 Zu‘lebint
586 622 802 670 vocant.
847 614 1014 670 Error
1052 617 1340 672 Sansovini
1391 618 1586 687 duplex
1629 619 1884 679 Osmaui-

319 710 513 760 darum
545 705 597 759 in
626 707 837 769 arbore,
869 722 980 777 quo
1013 705 1275 762 Sultanus
1325 709 1436 779 jam
1497 713 1819 778 superstites
1853 726 1881 764 a

319 796 646 867 Cyriseelebi
685 804 968 869 propagat,
1017 807 1074 854 et
1122 798 1376 866 Bajazitis
1422 815 1488 855 ex
1549 799 1884 871 Cyriscelebi

327 897 566 958 nepotem
601 888 730 942 facit
776 887 1174 946 Mucbemetem
1231 891 1489 960 primum,
1539 901 1647 946 tam
1710 894 1886 947 mani-

325 981 493 1036 festus
515 992 616 1042 est,
685 980 888 1036 nullius
935 990 995 1036 ut
1052 982 1396 1037 refutationis
1457 983 1712 1054 indigeat.
1771 985 1886 1042 Alis

321 1083 492 1133 vero,
549 1069 642 1136 qui
697 1067 1229 1140 C‘Oustantinopolim
1283 1081 1339 1127 et
1397 1073 1511 1142 ipse
1565 1074 1888 1144 profugerit,

320 1159 469 1215 nulla
499 1159 748 1217 Turcicis
794 1163 847 1216 in
904 1165 1196 1218 annalibus
1257 1165 1484 1222 mentio.
1529 1165 1890 1236 Reposuimus

315 1249 481 1304 etiam
508 1265 608 1306 suo
635 1250 758 1304 loco
775 1264 1093 1321 germanum
1117 1251 1294 1318 illum,
1324 1261 1378 1307 et
1419 1255 1691 1310 natalibus
1719 1270 1887 1324 opera

319 1351 504 1398 nostra
541 1356 686 1396 nunc
734 1342 1082 1409 restitutum,
1132 1345 1388 1413 Bajazttis
1440 1345 1634 1412 filium,
1684 1347 1890 1402 Mustao

319 1434 484 1502 pham
524 1432 750 1488 zelebim
776 1451 790 1499 ;
814 1435 906 1503 qui
943 1444 1002 1490 ut
1027 1435 1338 1492 Temiriano
1364 1439 1574 1507 prazlio,
1607 1439 1686 1494 sic
1724 1439 1888 1494 etiam

326 1523 588 1579 hactenus
619 1540 684 1579 ex
737 1526 1157 1582 Usmanidarum
1221 1538 1527 1594 stemmate,
1585 1531 1728 1586 haud
1777 1534 1891 1586 scio

322 1630 430 1682 quo
471 1613 618 1670 fatali
647 1631 775 1671 casu
806 1617 1086 1684 exclusus,
1141 1620 1306 1690 periit
1341 1637 1356 1674 :
1395 1620 1575 1677 locum
1637 1623 1757 1692 eius
1810 1623 1892 1676 in-

322 1707 556 1763 vadente
628 1709 936 1780 Mnstapba,
1029 1714 1377 1784 supposititio
1444 1715 1698 1787 Bajazitis
1759 1716 1892 1783 lilio,

323 1813 483 1864 quem
515 1799 752 1858 Annales
783 1800 836 1855 bi
901 1800 1120 1858 Dnsmis
1178 1805 1454 1874 appellant
1509 1815 1892 1878 cognomento.

328 1890 401 1943 De
441 1889 614 1944 Sauze
638 1890 798 1959 jussu
834 1893 1005 1960 patris
1025 1905 1320 1961 exemeato,
1364 1897 1570 1952 nullum
1627 1897 1679 1952 in
1717 1913 1894 1953 anna-

326 1981 470 2033 libus
501 1981 746 2036 verbum.
772 1981 975 2038 Nomen
1025 1981 1217 2039 Sauzis
1255 1985 1386 2041 illud
1440 1996 1546 2053 est,
1587 1987 1730 2060 quod
1790 1987 1894 2044 So-

324 2070 589 2126 leimanes
621 2071 892 2126 hodierno
934 2073 1100 2128 veziri
1141 2077 1315 2130 azemi
1370 2077 1548 2133 adhuc
1578 2092 1748 2148 puero
1800 2078 1894 2132 de-

326 2163 474 2216 disse
507 2162 699 2217 fertur.
732 2165 896 2220 Siaus
928 2164 1071 2218 enim
1103 2167 1262 2223 bassa
1297 2175 1545 2232 vocatur,
1593 2170 1751 2238 cujus
1799 2186 1897 2224 su-

329 2269 424 2322 pra
453 2271 672 2324 quoque
715 2257 1006 2326 aliquoties
1069 2259 1122 2312 in
1179 2263 1560 2331 supplemento
1619 2261 1893 2316 annalium

331 2355 520 2400 nostro
549 2347 680 2402 facta
700 2350 922 2404 mentio.
963 2349 1116 2416 Quod
1148 2359 1336 2406 autem
1371 2351 1532 2407 Sauzi
1593 2368 1622 2407 a
1661 2351 1896 2409 Rcinec-

337 2441 422 2494 cio
458 2438 663 2496 Tanres
693 2440 835 2497 ﬁlius
862 2443 1203 2508 attribuitur,
1235 2443 1328 2513 qui
1362 2443 1515 2500 exsul
1549 2446 1601 2498 in
1661 2443 1897 2516 Ungaria

329 2535 558 2588 vixerit:
587 2543 640 2589 et
669 2534 814 2604 quod
857 2537 998 2590 idem
1061 2539 1148 2593 dat
1211 2536 1510 2606 Mustaphae
1555 2540 1899 2609 supposititio

332 2623 499 2678 lilium
565 2623 846 2688 Davidem,
915 2641 981 2680 ex
1045 2629 1374 2683 auctoritate
1419 2626 1647 2686 Joannis
1712 2631 1898 2686 Basilii

331 2714 572 2778 lleroldi,
599 2716 691 2785 qui
730 2723 785 2770 et
808 2715 921 2786 ipse
952 2717 1043 2772 diu
1097 2719 1360 2773 exsularit
1407 2721 1549 2789 apud
1606 2721 1897 2790 llugaros:

324 2821 516 2859 errore
569 2807 801 2872 quodam
875 2805 1092 2874 factum,
1140 2824 1204 2862 ex
1254 2808 1447 2864 vitiosa
1498 2809 1791 2880 scriptura,
1847 2821 1903 2867 et

330 2894 548 2950 Heroldi
575 2895 1020 2964 ballncinationc,
1055 2899 1318 2967 profecto.
1355 2899 1470 2955 Non
1524 2903 1668 2957 enim
1695 2901 1903 2959 Tauros

332 2986 478 3056 apud
527 2987 1019 3060 Cbalcocondylem
1090 2990 1195 3060 legi
1285 2991 1466 3055 debet,
1530 2992 1623 3048 sed
1677 2993 1900 3062 Tautes,

329 3078 501 3135 tribus
529 3079 772 3149 syllabis,
814 3080 960 3150 quod
1015 3094 1210 3137 nomen
1255 3091 1338 3138 est
1381 3082 1530 3139 ’l‘aut
1575 3083 1660 3139 vel
1719 3084 1900 3152 Dant,

1987 625 2320 669 consonante
2355 615 2638 686 incipiunt,
2683 615 2919 669 litteram
2949 613 2993 679 l,
3018 613 3180 685 392
3206 614 3286 667 vel
3317 613 3354 665 ν
3388 613 3558 668 Galli-

1987 716 2109 754 cum
2133 717 2449 770 prmponerc
2474 718 2489 767 ;
2521 703 2668 766 verbi
2691 703 2886 772 gratia,
2910 717 3032 758 cum
3055 719 3151 771 pro
3179 702 3450 756 Sceulere
3475 702 3560 755 di-

1988 801 2117 845 cunt
2142 791 2469 849 lscchemler
2493 810 2510 862 ;
2546 809 2642 865 pro
2666 793 2865 848 Scodra
2889 794 3136 849 lseodara
3164 811 3180 860 ;
3213 809 3312 862 pro
3337 793 3555 864 Scopia,

1992 881 2254 952 liscopia.
2270 884 2549 955 Frequens
2571 900 2699 940 vero
2720 884 2772 938 in
2791 884 3076 945 annalibus
3097 884 3246 938 hisce
3276 885 3477 940 mentio
3503 884 3561 938 fit

1992 975 2360 1040 lsvendiaris,
2397 977 2540 1046 quod
2593 984 3016 1048 cognomentum
3069 976 3408 1046 principibus
3454 974 3562 1030 illis

1991 1067 2150 1120 datur
2173 1108 2187 1130 ,
2221 1085 2454 1138 quorum
2500 1078 2618 1126 erat
2653 1069 2718 1121 ad
2744 1067 2976 1124 Pontum
3026 1069 3298 1132 Euxinum
3327 1068 3561 1132 ditio....in

1995 1158 2107 1228 ipsa
2149 1159 2321 1215 Ponto
2348 1159 2650 1230 provincia,
2672 1160 2959 1230 vicinaque
2991 1159 3563 1231 Paphlagonia..Chal-

1993 1251 2320 1321 cocondyles
2345 1251 2633 1321 quemdam
2664 1266 2731 1305 ex
2761 1251 2841 1306 eis
2872 1251 3116 1307 nominat
3158 1250 3451 1317 Ismailem,
3475 1247 3565 1304 Si-

1995 1359 2150 1412 nopa:
2179 1342 2505 1412 principem,
2526 1353 2578 1397 et
2603 1343 2731 1397 alibi
2754 1343 3054 1412 principem
3084 1342 3300 1412 Sinope:
3321 1352 3395 1398 .et
3431 1340 3562 1398 Cas-

1997 1434 2252 1497 tamonis,
2283 1435 2519 1495 amicum
2544 1443 2596 1489 et
2625 1434 2840 1489 socium
2885 1433 3100 1493 Mosis-
3131 1432 3188 1487 In
3243 1433 3444 1490 nostris
3469 1448 3563 1490 an-

1997 1532 2106 1577 tem
2135 1523 2445 1579 annalibus.
2478 1523 2628 1580 hisce
2665 1525 2860 1596 legitur
2886 1565 2902 1590 ,
2944 1525 3236 1581 lsvendiari
3267 1523 3560 1589 ,Temirem

1993 1611 2234 1667 Chanem
2263 1613 2347 1666 vel
2378 1613 2614 1678 dedisse,
2647 1613 2730 1670 vel
2783 1615 3068 1684 ademptas
3120 1631 3150 1669 a
3186 1615 3424 1685 Bajazite
3475 1632 3568 1670 rc-

2001 1700 2272 1767 stituisse,
2294 1701 2704 1768 Castamonam,
2721 1703 3035 1774 Congerim,
3063 1705 3392 1777 Calazugen.
3420 1705 3561 1761 Idem

1999 1802 2254 1848 narratur
2285 1793 2528 1864 hospitio
2559 1794 2769 1852 Musam
2825 1799 3128 1868 excepisse,
3178 1798 3427 1870 clamque
3481 1815 3567 1854 se-

1927 1863 1968 1918 B
1997 1898 2121 1938 cum
2142 1882 2422 1949 habuisse,
2452 1899 2575 1940 cum
2606 1887 2675 1942 ab
2703 1888 2874 1942 emire
2903 1888 3212 1945 Soleimane
3233 1888 3400 1945 fratre
3424 1889 3567 1944 bello

1997 1985 2288 2046 peteretur.
2322 1976 2567 2033 Notanda
2595 1995 2814 2055 quoque
2841 1981 3001 2035 verba
3027 1982 3268 2045 Laouici,
3291 1999 3420 2039 cum
3450 1985 3523 2036 ait
3549 2025 3564 2043 .

2000 2067 2427 2140 Scenderis,qui
2465 2069 2719 2141 Sinopen.
2761 2073 3004 2143 regebat,
3047 2072 3217 2130 fuisse
3273 2075 3439 2130 filium
3494 2075 3573 2130 ls-.

1999 2161 2238 2216 mailem.
2286 2161 2496 2230 Quippe
2549 2163 2834 2231 legendum
2905 2164 3405 2235 puto.Speuderis,
3459 2181 3566 2225 non

1999 2252 2333 2320 Scenderis,
2387 2255 2516 2310 licet
2572 2256 2708 2311 mihi
2750 2271 2948 2312 nomen
3001 2256 3291 2314 Scenderis
3340 2274 3446 2312 non
3499 2258 3573 2314 sit

2001 2344 2270 2412 ignotum.
2311 2345 2648 2403 Panderatiae
2700 2349 2994 2418 satrapiam
3027 2349 3171 2417 quod
3227 2348 3444 2412 attinet,
3487 2355 3575 2402 est

2001 2435 2067 2490 ad
2094 2435 2324 2490 Pontum
2356 2436 2630 2493 Euxinum
2659 2437 2882 2504 civitas,
2946 2440 3002 2494 in
3035 2439 3208 2494 Pouto
3259 2439 3564 2509 provincia,

2001 2544 2121 2597 qua:
2149 2527 2309 2583 hodie
2327 2529 2660 2586 l’enderachi
2701 2531 2899 2585 dicitur
2926 2545 3028 2594 ;eo
3079 2531 3254 2600 posita
3279 2530 3384 2586 situ
3411 2572 3425 2595 ,
3479 2545 3575 2586 νος

2005 2619 2135 2674 teris
2169 2624 2226 2672 ut
2270 2619 2530 2674 lleracliaa
2561 2619 3000 2676 Ponticaeloeum
3053 2635 3351 2691 occupasse
3397 2620 3583 2681 videas,

2005 2717 2111 2762 tur.
2141 2709 2220 2764 Ab
2251 2709 2352 2764 bac
2379 2709 2424 2765 si
2450 2709 2576 2765 dicti
2634 2726 2744 2766 non
2800 2723 2928 2768 sunt
2981 2709 3345 2781 Spheuderes,
3391 2709 3574 2765 lsven-

2004 2803 2255 2859 diaresve
2294 2804 2438 2872 begi,
2475 2821 2616 2876 quos
2645 2805 2734 2859 alii
2765 2805 3009 2874 Spender
3029 2811 3124 2858 aut
3171 2801 3576 2874 Sponderbeios

2003 2907 2293 2960 vocarunt,
2355 2896 2538 2951 saltim
2622 2896 2929 2967 Speuderes
2992 2897 3191 2967 oppido
3252 2896 3574 2965 regiouique

2006 3000 2202 3041 nomen
2243 2986 2461 3042 dedere.
2499 2987 2572 3042 De
2602 2987 2690 3043 bis
2721 2996 2774 3043 et
2809 2988 2912 3042 alia
2944 2987 3090 3059 leges
3121 2988 3285 3055 infra,
3343 3001 3575 3042 numero

2006 3077 2095 3131 l3.
2125 3074 2278 3132 Nunc
2315 3077 2380 3132 ad
2409 3076 2830 3133 Osmanidarum
2868 3077 3242 3150 genealogiam
3278 3086 3338 3132 ut
3386 3077 3578 3133 redea-

334 3169 798 3238 quemadmodum
855 3171 1062 3226 nostris
1121 3172 1175 3226 in
1214 3171 1508 3229 annalibus
1564 3174 1702 3229 Dant
1743 3176 1902 3233 bassa

2007 3183 2150 3233 mus,
2189 3169 2455 3238 'eqnidem
2510 3184 2618 3226 non
2685 3171 2782 3224 abs
2841 3185 2898 3224 re
2954 3169 3168 3236 dubito,
3234 3183 3302 3224 an
3335 3168 3476 3224 duos
3511 3183 3575 3222 ex

335 3259 554 3327 legitur,
581 3261 684 3316 sub
727 3259 954 3330 imperio
1009 3261 1267 3331 Bajazitis
1313 3264 1561 3320 secundi.
1614 3264 1682 3320 Et
1703 3266 1902 3328 Turcis

337 3354 488 3408 Daud
526 3353 744 3420 dicitur,
771 3355 859 3420 qui
897 3352 1064 3408 David
1098 3352 1359 3410 Hebraeis.
1402 3353 1499 3412 Hic
1524 3371 1653 3428 ergo
1703 3356 1904 3416 Tautes

337 3457 501 3498 verus
537 3454 652 3498 esto
682 3445 874 3500 Sauzis
912 3445 1076 3510 filius,
1105 3446 1242 3500 alter
1273 3457 1457 3502 autem
1509 3447 1729 3506 Dusmis
1757 3449 1903 3504 Mus—

343 3536 521 3604 taphte
546 3534 684 3589 filius
702 3534 892 3599 David,
918 3551 1016 3592 ceu
1065 3539 1508 3606 commentitius,
1557 3543 1902 3611 expungitor.

346 3626 633 3692 Perperam
655 3623 847 3682 deinde
874 3627 1108 3683 traditur
1140 3643 1172 3684 a
1218 3631 1438 3698 nostris,
1470 3629 1610 3686 lsam
1643 3631 1758 3687 sive
1807 3632 1906 3688 Jo—

343 3733 522 3777 suam,
572 3718 684 3772 sive
728 3717 912 3772 Jesnm
967 3719 1250 3784 majorem,
1313 3736 1342 3774 a
1417 3721 1777 3788 Musnlmane,
1811 3723 1904 3792 qui

341 3808 533 3880 Turcis
587 3821 670 3865 est
712 3811 848 3866 emir
893 3810 1197 3880 Soleiman,
1256 3815 1540 3868 occisum:
1602 3830 1725 3870 cum
1789 3816 1908 3884 ejus

338 3901 494 3955 necis
533 3901 744 3969 culpam
796 3899 1104 3958 Turcorum
1160 3905 1382 3960 annales
1430 3905 1482 3959 in
1517 3905 1746 3968 Musam,
1797 3909 1909 3962 sive

344 3991 566 4057 llusem,
630 3994 854 4047 fratrem
903 3993 1116 4059 alium,
1169 3995 1434 4050 derivent.
1505 3995 1702 4052 Volunt
1745 3997 1907 4053 etiam

347 4085 541 4151 nostri,
602 4099 743 4154 quos
796 4084 1120 4142 Reineccius
1174 4086 1227 4141 in
1261 4087 1678 4143 Osmanidarum
1747 4098 1910 4145 stem-

348 4186 487 4232 mate
509 4177 777 4246 sequitur,
843 4176 1246 4233 Muebemetem
1277 4179 1577 4234 secundum
1617 4179 1784 4236 fuisse
1813 4197 1910 4235 na-

345 4278 462 4323 tum
504 4283 568 4323 ex
593 4267 1360 4338 lrene,GeorgiiBulcovizii,
1427 4269 1736 4326 Serviornm
1788 4273 1912 4329 des-

345 4365 506 4427 potte,
534 4359 665 4414 lilia.
702 4357 922 4412 Falsum
957 4359 1058 4414 hoc
1083 4374 1226 4425 esse,
1294 4362 1589 4417 manifesto
1647 4370 1796 4431 patet
1844 4379 1910 4417 ex

347 4447 636 4503 annalibus
665 4449 815 4503 hisce
834 4449 1062 4512 nostris,
1095 4457 1151 4504 et
1179 4464 1444 4505 annorum
1498 4453 1910 4521 supputatione.

2013 3259 2155 3313 illius
2220 3259 2550 3330 Sphenderis
2616 3260 2725 3314 lilia
2796 3259 3033 3316 Murates
3055 3260 3358 3330 susceperit
3413 3259 3578 3315 ﬁlios.

2010 3350 2283 3414 Laonicus
2319 3361 2466 3407 certe
2497 3351 2766 3406 duntaxat
2809 3351 2972 3408 unius
3039 3354 3372 3409 mentionem
3428 3351 3583 3416 facit.

2011 3458 2171 3512 quem
2205 3443 2558 3500 Cambrinius
2609 3444 2845 3514 appellat
2893 3443 3238 3515 Calapiuum,
3295 3461 3323 3500 a
3379 3461 3582 3515 cogno-

2013 3542 2195 3590 mento
2221 3535 2426 3604 potius,
2460 3549 2623 3603 quam
2651 3534 2875 3590 nomine
2943 3537 3187 3605 proprio.
3236 3534 3369 3590 Nam
3418 3537 3580 3592 Cala-

2012 3629 2174 3699 pinus
2214 3627 2540 3684 vocabulum
2603 3639 2920 3696 corruptum
2985 3637 3068 3683 est
3119 3645 3184 3684 ex
3243 3629 3464 3695 Ze-lebi,
3514 3633 3583 3685 de

2013 3719 2170 3788 cujus
2200 3720 2503 3787 significato
2534 3734 2700 3788 supra
2734 3720 3068 3774 monuimus.
3112 3721 3213 3774 Alii
3257 3721 3578 3792 Chialapnm

2014 3812 2220 3876 dixere,
2263 3811 2406 3880 quod
2433 3825 2499 3866 ex
2528 3810 2719 3866 eodem
2749 3811 2920 3865 zelebi
2967 3810 3381 3882 factumparet.
3410 3813 3582 3882 Major

2017 3904 2246 3959 aliorum
2270 3900 2544 3972 epinione,
2580 3903 2674 3974 qui
2708 3903 2845 3958 duos
2878 3902 3106 3967 faciunt,
3145 3902 3423 3972 .Tursint‘s
3453 3915 3580 3960 tnta-

2017 3995 2089 4051 tis
2131 4007 2318 4048 mense
2374 3991 2586 4050 decimo
2638 4003 2831 4050 octavo
2901 4001 3127 4047 necatus
3175 3992 3258 4065 (ut
3316 3993 3489 4065 aiunt)
3550 4010 3580 4049 a

2020 4084 2355 4142 Muellemete
2382 4085 2643 4152 secundo,
2678 4099 2872 4139 nomen
2920 4084 3079 4140 habet
3119 4085 3378 4153 insolens,
3409 4096 3464 4140 et
3498 4086 3584 4140 iu-

2018 4175 2738 4247 eognitumOsmanidarum
2814 4177 3056 4234 familiae.
3112 4179 3214 4234 Per
3261 4195 3348 4236 me
3401 4189 3578 4236 tamen

2019 4271 2088 4326 de
2112 4269 2220 4336 bis,
2251 4278 2310 4324 ut
2343 4269 2572 4339 quilibet
2600 4269 2869 4324 arbitratu
2894 4284 2994 4325 suo
3039 4279 3268 4335 statuat,
3318 4271 3464 4327 licet.
3499 4273 3584 4327 Si-

2023 4361 2206 4418 milius
2235 4362 2395 4416 etiam
2452 4377 2614 4422 vero.
2670 4361 2938 4430 siquidem
2999 4361 3220 4415 omnino
3274 4360 3424 4416 fuere
3475 4362 3583 4418 duo

2023 4453 2241 4518 fratres,
2267 4451 2493 4507 Muratis
2531 4467 2595 4505 ex
2631 4451 3009 4520 Sphenderina
3049 4451 3142 4504 filii
3171 4467 3312 4506 unus
3354 4462 3474 4521 post
3503 4452 3582 4504 al-

347 4539 522 4596 Natus
566 4540 711 4593 enim
761 4540 861 4593 fuit
925 4539 1289 4596 Mucbemetes
1345 4557 1488 4595 anno
1522 4541 1752 4597 Turcico
1811 4541 1916 4598 835
1948 4555 1990 4610 υ
2020 4549 2195 4596 ternm
2233 4549 2339 4596 tam
2360 4541 2506 4596 brevi
2549 4539 3109 4610 temporisintervallo
3134 4539 3246 4594 nati
3275 4579 3312 4607 ,_
3351 4555 3580 4623 puerum

351 4629 500 4696 (Chr.
539 4631 720 4700 1430).
758 4631 992 4686 Murates
1011 4640 1190 4686 autem
1218 4632 1376 4686 duxit
1433 4632 1625 4688 lrenen
1672 4634 1928 4704 quinque

350 4731 468 4790 post
495 4723 676 4785 anuis,
737 4721 1122 4789 Mabumetano
1178 4722 1389 4777 scilicet
1435 4722 1562 4778 838.
1614 4721 1730 4777 Non
1783 4739 1914 4793 ergo

347 4812 523 4882 potuit
547 4815 726 4869 [renes
755 4830 877 4870 esse
898 4814 1044 4871 ﬁlius
1077 4813 1466 4870 Muchemetes.
1496 4813 1768 4870 Praeterea
1809 4831 1916 4870 non

347 4905 610 4973 potuisset
644 4921 709 4960 ex
747 4902 900 4960 lrene
929 4912 1090 4960 natus
1125 4903 1284 4958 initio
1309 4905 1460 4973 regni
1495 4904 1679 4976 plures
1740 4906 1917 4961 aetatis

346 5010 522 5050 annos
545 4995 760 5060 habere,
793 5011 954 5065 quam
992 4995 1266 5050 sexdecim
1293 5033 1310 5060 ,
1357 5010 1482 5049 eum
1541 5005 1722 5050 tamen
1782 5010 1917 5051 con-

347 5094 454 5139 stet
486 5085 758 5154 imperare
809 5084 1022 5154 cepisse
1081 5091 1270 5139 natum
1337 5083 1528 5156 viginti
1576 5101 1743 5140 unum
1771 5086 1920 5154 'plus

348 5175 530 5228 minus
557 5189 753 5227 annos.
792 5173 901 5228 Nec
949 5174 1145 5228 lrenen
1214 5173 1384 5229 fuisse
1440 5174 1640 5228 dictant
1699 5173 1916 5246 Georgii

346 5264 586 5332 despotm
652 5263 839 5328 filiam,
885 5266 982 5318 sed
1033 5262 1292 5326 Mariam,
1344 5263 1699 5320 ostendemus
1757 5263 1918 5329 infra,

347 5367 580 5408 numero
607 5353 696 5420 96,
727 5368 887 5424 quem
915 5353 1095 5408 locum
1120 5353 1293 5410 lector
1323 5367 1445 5407 cum
1477 5357 1579 5408 hoc
1599 5353 1916 5424 coniungat.

348 5443 520 5508 Quem
558 5459 720 5511 porro
751 5443 1212 5514 Sponderbeium,
1239 5445 1476 5499 nobilem
1510 5445 1563 5499 in
1595 5447 1919 5501 Panderatia

353 5532 721 5604 Satrapamex
742 5531 919 5590 Enea
947 5535 1118 5591 Silvio
1143 5545 1302 5591 vocat
1332 5536 1680 5601 Reinercius,
1712 5546 1920 5607 patrem

352 5627 606 5681 secundae
637 5626 860 5682 Muratis
884 5628 1109 5684 secundi
1152 5628 1419 5698 conjugis,
1450 5627 1785 5698 Spendt-rem
1843 5629 1923 5683 di-

354 5727 498 5773 ctum
546 5720 777 5790 legimus
806 5720 861 5775 in
885 5721 1034 5777 edito
1064 5721 1300 5778 Laonico
1328 5738 1341 5785 ;
1371 5721 1515 5791 quod
1557 5736 1753 5775 nomen
1780 5719 1920 5774 idem

351 5819 437 5866 est
465 5826 584 5867 cum
611 5811 952 5884 Spbendere,
977 5827 1135 5884 quem
1166 5813 1529 5870 lsvcndiarcm
1559 5813 1722 5868 Turei
1741 5813 1923 5883 appel-

2021 4641 2147 4685 natu
2201 4629 2461 4697 majorem
2529 4628 2834 4683 octodecim
2902 4629 3166 4682 mensium
3243 4627 3585 4697 deportatum

2022 4721 2190 4776 fuisse
2224 4719 2758 4789 Constantinopolim
2813 4728 2868 4773 et
2903 4717 3180 4783 Venetias,
3237 4728 3292 4774 ut
3343 4735 3590 4774 servare-

2019 4820 2132 4878 tur,
2186 4812 2330 4880 quod
2385 4809 2622 4866 Gaifrteo
2677 4811 2898 4881 placet,
2965 4825 3126 4880 quam
3161 4825 3254 4866 sex
3320 4812 3587 4866 mensium

2021 4899 2303 4965 infantem,
2339 4900 2482 4970 quod
2515 4899 2830 4956 Reineccio.
2853 4899 3123 4955 Caeterum
3162 4900 3306 4956 inter
3333 4900 3591 4971 Bajazitis

2022 4991 2242 5048 secundi
2270 4993 2494 5059 liberos,
2540 5008 2641 5049 nec
2689 4994 2831 5048 Alim
2865 4994 3065 5066 Caphte
3128 5003 3426 5064 satrapam,
3491 5009 3592 5047 uec

2025 5083 2284 5140 Muratem
2329 5094 2602 5154 satrapam
2667 5083 3029 5154 Trapezuntis
3071 5085 3250 5155 posui,
3306 5093 3419 5139 tum
3446 5085 3589 5153 quod

2024 5175 2360 5240 Menavinus,
2393 5175 2548 5231 testis
2575 5175 2849 5239 oculatus,
2882 5175 3080 5230 horum
3107 5191 3212 5229 non
3252 5175 3586 5230 meminerit:

2025 5278 2139 5323 tum
2162 5266 2352 5331 etiam,
2411 5267 2556 5336 quod
2612 5263 2968 5336 Trapezuutis
3025 5265 3404 5338 prmfectnram
3450 5263 3593 5317 Seli~

2025 5374 2165 5414 metu
2221 5357 2566 5424 obtinuisse,
2627 5357 2830 5413 nostris
2889 5373 2953 5412 ex
3007 5356 3318 5424 annalibus,
3379 5365 3431 5409 et
3474 5354 3591 5424 ipso

2026 5449 2314 5504 Menavino
2341 5456 2576 5513 constet,
2619 5448 2852 5519 indeque
2905 5447 3148 5516 capbam
3194 5447 3590 5506 transmisisse,

2027 5556 2151 5595 cum
2193 5541 2260 5596 de
2279 5532 2602 5610 occupando
2626 5541 2854 5608 imperio
2872 5540 3177 5610 cogitaret;
3230 5551 3340 5607 quo
3375 5551 3434 5592 se
3482 5552 3592 5593 nou

2025 5631 2371 5696 contulisset,
2399 5633 2445 5686 si
2477 5631 2672 5688 fuisset
2707 5633 2830 5687 istic
2885 5631 2998 5688 Alis
3049 5631 3240 5694 frater,
3297 5629 3591 5684 conatibus

2028 5725 2168 5780 haud
2203 5725 2366 5781 dubie
2399 5724 2618 5780 Selimis
2641 5708 2966 5789 obstiturus,
3031 5722 3126 5792 qui
3187 5723 3421 5776 aliorum
3478 5721 3590 5775 fra-

2030 5828 2172 5872 trum
2204 5815 2591 5887 impedimenta
2626 5826 2897 5884 metuens,
2951 5817 3053 5870 hoc
3087 5815 3266 5885 ipsum
3318 5814 3419 5868 iter
3452 5812 3588 5867 arri-
