4018 6448
451 422 556 488 7Ξῖ

1677 436 1999 499 JOANNIS
2035 438 2500 499 LEUNCLM’II

3598 434 3717 509 ’ΤΛ

450 548 663 606 puerat.
698 540 967 623 ‘Asiatico
1010 545 1182 612 magis
1234 547 1673 619 compendiario,
1725 553 2021 621 minusque
2054 557 2095 611 Α
2127 566 2350 623 propter
2382 544 2529 610 illius
2553 551 2725 609 (ἔιωοί
2786 553 3066 619 virtutem,
3125 552 3396 624 fortiaque
3423 554 3711 622 facinora,

450 630 679 695 difﬁcili,
709 633 922 690 relicto.
954 635 1131 692 lenti
1181 639 1352 696 fuisse
1384 626 1579 709 ﬁlium,
1635 643 1803 699 tradit
1854 645 2019 699 etiam

450 724 785 779 secretarius
852 725 1188 797 Sigismundi
1223 726 1544 798 Malatestae,
1619 734 1714 805 qui
1739 733 1926 790 multis
1967 736 2020 789 in

450 813 657 869 Graecia
699 824 828 871 tunc
848 814 911 873 et
937 818 1065 875 Asia
1091 824 1258 893 gestis
1305 825 1475 881 rebus
1505 826 1779 881 interluit.
1828 824 2025 880 Fortu-

450 921 574 959 nam
608 907 796 978 hujus,
827 920 881 964 et
902 912 1231 982 liberorum,
1266 919 1548 974 memoriae
1569 918 1810 993 prodidit
1848 919 2024 990 Span-

449 997 708 1069 dugiqus,
739 1002 835 1055 sed
868 1005 1094 1059 nomina
1123 1021 1231 1062 non
1259 1010 1536 1079 exposuit.
1571 1008 1708 1066 Vide
1731 1027 1854 1081 qua:
1880 1004 2024 1067 infra

450 1090 784 1159 notabimus,
845 1088 1023 1166 capite
1075 1096 1206 1154 135.
1270 1098 1562 1157 Sullanum
1614 1088 2023 1167 Soleimanem,

449 1178 668 1236 Selimis
707 1182 901 1250 illium,
936 1188 1239 1244 secundum
1272 1207 1431 1258 voco,
1488 1208 1596 1248 non
1636 1183 1889 1265 respectu
1924 1195 2026 1251 So-

451 1273 725 1341 icimsnis,
787 1272 1063 1334 Urcltanis
1124 1281 1245 1347 filii,
1305 1284 1403 1355 qui
1436 1287 1883 1350 nou.sultanus,
1929 1289 2025 1343 sed

449 1366 742 1435 sang‘iac'us
772 1370 1039 1426 duntaxat
1070 1373 1194 1440 fuit,
1228 1392 1328 1432 nec
1388 1380 1529 1449 patri
1588 1379 1888 1436 succedere
1920 1374 2025 1450 po~

452 1456 576 1521 tult,
609 1472 735 1512 eum
769 1462 897 1516 'aute
922 1473 1134 1533 patrem
1178 1466 1251 1522 sit
1302 1479 1597 1529 mortuus:
1654 1470 1752 1526 sed
1815 1470 2027 1527 ratione

449 1549 598 1607 illius
636 1552 827 1609 emiris
857 1554 1208 1623 Soleimauis,
1242 1558 1499 1631 Bajazitis
1524 1560 1844 1619 Gilderunis
1905 1563 2027 1628 filii,

450 1641 790 1733 sultan‘or‘um
830 1645 890 1700 in
925 1647 1123 1706 ordine
1146 1650 1347 1718 quinti,
1379 1654 1542 1733 quem
1595 1648 1884 1723 perperam
1935 1653 2028 1710 alii

451 1729 851 1788 Mulsumanem
876 1736 1096 1792 vocant.
1128 1729 1397 1814 Denique
1436 1744 1709 1799 monitum
1763 1743 2024 1801 lectorem

454 1822 601 1890 volo,
641 1839 728 1880 me
757 1822 862 1881 hac
925 1827 978 1883 in
1029 1830 1346 1905 genealogia
1404 1845 1631 1892 notasse
1686 1837 2027 1893 sultanorum

2124 642 2334 696 territis
2366 642 2643 709 omnibus,
2667 630 2828 697 nemo
2871 657 2997 697 cum
3024 643 3129 698 hoc
3156 642 3525 700 dimicaturus
3579 660 3711 701 cer-

2129 736 2337 789 t'amine'
2388 733 2653 807 singulari
2728 736 2995 806 prodiret,
3052 739 3269 793 tandem
3330 742 3714 798 armentarius

2126 824 2349 895 quidam
2375 830 2442 881 ex
2488 827 2723 895 posteris
2777 828 2998 896 Oguzis,
3059 843 3221 899 quem
3261 836 3424 885 nemo
3469 834 3712 902 scripto-

2126 934 2246 972 rum
2270 917 2632 973 Tureicorum
2658 918 2765 975 alio
2785 934 2950 990 quam
2980 921 3124 976 Delis
3177 922 3419 987 nomine,
3471 931 3712 993 propte-

2127 1024 2219 1065 rea
2247 1010 2393 1081 quod
2421 1009 2586 1066 stulte
2626 1012 2969 1077 temerarius,
3034 1021 3089 1069 et
3116 1013 3318 1069 infimae
3367 1013 3715 1070 conditionis

2128 1094 2289 1158 homo
2315 1103 2496 1170 fuerit,
2522 1103 2778 1173 appellat,
2831 1103 3081 1161 Aladinis
3115 1105 3169 1160 in
3209 1115 3559 1176 conspectum
3611 1121 3720 1161 ve-

2129 1197 2300 1258 niens.
2339 1194 2737 1251 vindicaturum
2785 1210 2845 1253 se
2875 1198 3161 1266 proﬁtetur
3210 1196 3440 1269 injurias
3491 1197 3560 1252 ab
3610 1197 3722 1253 illo

2126 1282 2438 1341 Christiano
2463 1294 2544 1341 tot
2578 1286 2709 1341 viris
2738 1284 2991 1342 fortibus
3022 1288 3217 1343 illatas.
3247 1287 3458 1355 Quibus
3479 1287 3719 1350 auditis.

2130 1379 2329 1433 mirum
2368 1377 2475 1434 sibi
2507 1378 2675 1434 videri
2710 1378 2845 1433 dixit
2876 1366 3154 1445 Aladines,
3196 1394 3262 1435 ex
3299 1380 3415 1435 suis
3473 1389 3555 1434 tot
3606 1379 3725 1434 mi-

2129 1458 2382 1525 litaribus
2406 1470 2537 1525 viris
2608 1470 2830 1541 reperiri
2883 1471 3178 1525 neminem.
3231 1471 3325 1542 qui
3388 1452 3491 1527 sua.
3542 1485 3724 1526 causa

2131 1570 2209 1618 tot
2238 1562 2359 1618 neci
2385 1560 2546 1618 datas
2585 1563 2799 1619 animas
2827 1562 3015 1619 ulcisci
3052 1563 3233 1628 vellet,
3292 1572 3490 1634 praeter
3540 1580 3723 1621 unum

2134 1655 2281 1709 hunc
2302 1654 2531 1710 stultum
2563 1653 2944 1710 hominem.'ls
3009 1668 3139 1709 vero
3195 1654 3395 1709 iterum
3421 1671 3437 1706 :
3468 1654 3727 1711 Obsecro

2134 1748 2209 1811 ie,
2251 1747 2544 1817 princeps,
2592 1746 2790 1816 inquit,
2853 1748 2906 1799 u’t
2946 1759 3080 1813 pace
3114 1754 3214 1800 .tua
3235 1761 3360 1800 eum
3421 1745 3527 1800 hoc
3579 1747 3725 1801 mihi

2132 1834 2446 1894 Christiano
2480 1852 2725 1908 pugnare
2750 1837 2932 1894 liceat.
2969 1832 3183 1909 Quippe
3212 1838 3259 1892 si
3295 1830 3536 1892 maxime
3599 1854 3728 1894 mo-

452 1926 647 1979 annos,
672 1919 874 1988 quibus
911 1921 1256 1993 impera'rint,
1287 1925 1747 1984 Mahumetanos:
1781 1930 1874 2000 qui
1904 1930 2029 2001 qui-
2064 1909 2103 1962 Β
2139 1930 2267 1997 risr,
2303 1929 2557 2001 exiguam
2601 1926 2719 1999 ipse
2742 1930 3014 2000 jacturam
3072 1929 3261 1995 facies,
3334 1931 3536 1987 amisso
3576 1932 3730 1986 dun-

455 2007 582 2061 dem
608 2009 674 2064 ad
707 2024 883 2069 annuos
923 2013 1267 2073 Christianos
1329 2032 1436 2090 qua
1474 2022 1683 2076 ratione
1731 2021 1902 2093 redigi
1934 2022 2025 2077 de-

455 2100 643 2168 beant,
672 2105 835 2173 paulo
874 2115 999 2177 post
1022 2109 1326 2179 exposituri
1366 2124 1581 2167 sumus.
1601 2108 1809 2169 Caetera
1865 2113 2030 2184 hujus

455 2196 808 2267 geuealogite,
841 2201 1155 2268 prolixiorls
1204 2190 1585 2272 explicationis
1650 2205 1791 2260 haud
1848 2215 2029 2277 egent.

455 2282 635 2342 Unum
668 2290 939 2349 duntaxat
974 2293 1078 2350 hcc
1110 2294 1290 2362 'addo,
1350 2297 1561 2367 liquere
1615 2296 1685 2354 de
1735 2297 1838 2354 bac
1887 2300 2032 2356 serie

455 2378 811 2437 Sultandrum
866 2378 1334 2450 Osmanidarum.
1428 2390 1693 2446 hactenus
1775 2404 2033 2463 regnasse

457 2472 707 2528 sultanos
730 2475 1048 2541 duodecim,
1078 2464 1231 2533 llinea
1266 2478 1496 2544 directa,
1545 2478 1669 2536 ﬁliis
1727 2480 1781 2535 in
1819 2491 2029 2552 patrum

459 2564 574 2618 loca
604 2562 1024 2624 succedentibus
1053 2583 1069 2620 :
1098 2571 1240 2625 'duos
1285 2586 1435 2638 vero,
1496 2566 1747 2628 videlicet
1808 2574 2031 2629 emirem

455 2653 865 2726 Soleintanem‘,
918 2652 973 2715 et
1024 2652 1234 2717 Xlusam
1292 2660 1544 2729 zelebitn,
1600 2678 1664 2719 ex
1721 2675 2035 2719 transverso

459 2749 770 2817 iri-epsisse,
796 2744 964 2809 nullis
998 2752 1051 2808 in
1077 2755 1308 2825 imperio
1341 2765 1465 2826 post
1500 2771 1560 2812 se
1581 2755 1788 2812 relictis
1820 2756 2030 2812 liberis:

456 2843 601 2910 quod
621 2842 866 2925 vaticinii
892 2844 1180 2914 cujusdam
1216 2848 1424 2918 antiqui
1467 2843 1659 2903 causa'
1684 2846 2037 2903 dissimulare

461 2950 565 2991 non
584 2936 783 3005 debui,
803 2938 963 3010 cujus
986 2938 1194 2997 exitum
1230 2938 1467 2996 fortasse
1491 2941 1711 2995 tandem
1745 2940 2037 3010 aliquando

458 3025 786 3084 vitlttbitiius.

674 3169 728 3222 1.
746 3168 833 3223 ’Βι
867 3170 1430 3239 origine-saltauerunt
1464 3171 1826 3226 Turcicorum.

539 3295 975 3371 Eq’u'dem'nihil
1027 3304 1290 3361 hactenus
1334 3305 1520 3361 inveni
1575 3305 1852 3361 memoria:
1904 3318 2037 3375 pro-

463 3392 765 3475 il‘ttum‘aut
791 3386 1030 3463 plenius,
1062 3403 1156 3449 aut
1189 3394 1400 3458 verius,
1435 3404 1530 3449 aut
1558 3394 1755 3451 saltem
1776 3394 2038 3462 similius,

464 3484 533 3541 de
567 3484 781 3558 origine
812 3484 1158 3542 'sultanorum
1191 3478 1643 3556 Osma‘n‘idarum,
1676 3503 1842 3559 quam
1893 3487 2039 3559 quod

467 3577 555 3631 hic
583 3576 637 3631 in
672 3576 1222 3648 Annalibus'legitur.
1281 3576 1483 3633 Facere
1514 3588 1697 3635 tamen
1752 3580 1862 3634 non
1916 3591 2044 3648 pos-

467 3678 615 3731 sum,
642 3656 1027 3736 quin'lectoris
1051 3682 1215 3723 causa
1241 3707 1258 3733 ,
1316 3668 1683 3739 cognoscendi
1732 3684 1820 3724 res
1854 3665 2045 3723 Turci-

467 3773 561 3812 cas
585 3759 841 3826 studiosi,
875 3752 1125 3833 quaedam
1160 3760 1263 3816 hoc
1293 3760 1415 3818 loco
1458 3754 1774 3832 subjiciam,
1809 3775 1840 3814 a
1864 3759 2045 3817 Theo-

468 3851 608 3907 doro
639 3852 995 3924 Spandugino
1020 3852 1406 3910 Cantacuzeno
1436 3853 1659 3910 tradita.
1714 3843 1912 3907 Narrat
1973 3850 2042 3917 is,

472 3958 529 3998 se
550 3944 752 4015 quanta
790 3947 1028 4001 maxima
1056 3940 1600 4017 potucritdiligentia
1646 3942 2047 4016 conquisivisse

471 4040 769 4109 scriptores
827 4048 1011 4093 rerum
1066 4022 1459 4104 ‘Turcicarum,
1494 4037 1587 4108 qui
1643 4035 1911 4106 originem

474 4129 706 4184 manica:
741 4127 961 4205 familia
1017 4128 1306 4184 retulerint
1342 4129 1399 4184 in
1433 4124 1669 4191 litteras,
1727 4129 1909 4198 deque
1959 4126 2047 4181 bis

474 4216 691 4273 tandem
749 4214 1086 4274 intellexisse
1116 4228 1141 4273 :'
1195 4218 1524 4290 principium
1580 4216 1744 4289 bitjus
1801 4219 2051 4275 extitisse

475 4310 802 4379 quibusdam
864 4310 932 4366 ab
972 4310 1357 4379 armentariis,
1413 4311 1635 4383 natione
1682 4300 1930 4373 ‘Tataris,
1983 4323 2048 4363 ex

476 4404 796 4473 posteritate
825 4404 1109 4475 cujusdam
1136 4394 1373 4472 'Oguzis.
1401 4400 1601 4459 Multas
1628 4404 1773 4458 enim
1821 4399 2051 4455 Tataro-

476 4515 597 4554 rum
628 4496 867 4553 familias
900 4492 951 4553 id
988 4494 1268 4567 temporis,
1303 4510 1427 4549 cum
1477 4494 1727 4550 sultanus
1761 4492 2047 4554 Aladines,

2061 3258 2109 3321 C

2135 2030 2293 2099 taxat!
2333 2020 2556 2078 homine
2605 2021 2794 2078 stulto.
2866 2012 2976 2095 llis
3024 2022 3207 2089 dictis,
3269 2021 3560 2092 impetrata
3620 2039 3731 2093 pu-

2136 2112 2337 2183 gnandi
2366 2114 2611 2179 licentia,
2652 2114 2904 2184 quamvis
2967 2128 3110 2184 aegre
3160 2115 3462 2183 permoveri
3506 2130 3579 2170 se
3629 2131 3731 2183 pa-

2139 2216 2347 2262 teretur
2398 2194 2696 2269 Aladines,
2748 2213 2809 2261 ut
2836 2207 2885 2261 ei
2916 2221 3041 2261 cum
3098 2207 3270 2262 altero
3322 2207 3728 2277 congrediundi

2138 2284 2716 2368 potestatem’faceret,
2776 2298 2962 2367 prodit
2991 2298 3042 2352 in
3078 2299 3319 2364 hostem,
3358 2299 3731 2369 manibusque

2137 2407 2262 2446 cum
2296 2407 2360 2447 eo
2436 2391 2730 2464 consertis,
2794 2399 3018 2445 strenue
3069 2389 3385 2446 dimicando
3430 2392 3724 2448 victoriam

2139 2483 2357 2538 tandem
2403 2483 2691 2552 apiscitur.
2750 2480 3030 2545 Aladines,
3089 2489 3149 2535 ut
3180 2482 3418 2538 hominis
3460 2484 3712 2539 virtutem

2138 2573 2320 2644 aliquo
2345 2573 2567 2642 praemio
2595 2581 3063 2639 remuneraretur,
3088 2570 3137 2623 ei
3171 2562 3356 2626 villam
3407 2572 3720 2629 Otomansi-

2140 2681 2257 2720 cam
2289 2662 2435 2721 dono
2461 2661 2646 2729 dedit;
2676 2679 2705 2717 ιι
2741 2678 2847 2733 qua
2879 2678 3078 2719 nomen
3133 2662 3547 2739 Otomanorutn,
3604 2663 3710 2717 De-

2142 2756 2206 2811 lis
2236 2754 2397 2825 hujus
2422 2755 2623 2825 posteri
2677 2770 2982 2825 sumpsere.
3038 2756 3175 2813 Cum
3234 2757 3382 2813 enim
3448 2772 3539 2828 per
3588 2770 3710 2809 eam

2140 2843 2303 2919 qua'm
2386 2846 2652 2909 diximus,
2719 2847 3028 2914 victoriam,
3083 2847 3327 2903 nominis
3363 2847 3463 2904 sui
3514 2845 3719 2901 famam

2141 2943 2300 3012 longe
2317 2928 2550 3013 lateque
2577 2951 2945 3014 propagasset,
2999 2958 3105 2999 non
3158 2943 3275 3014 ipse
3318 2943 3721 3010 tantummodo,

2143 3049 2331 3089 verum
2361 3032 2523 3088 etiam
2566 3033 2877 3103 complures
2907 3034 3022 3101 alii,
3073 3048 3211 3105 quos
3273 3049 3305 3090 e
3352 3034 3568 3089 Talaria
3628 3047 3724 3089 ve-

2144 3120 2293 3183 nisse
2313 3126 2762 3191 memoravimus,
2787 3126 3088 3181 habitatum
3118 3127 3172 3180 in
3200 3124 3552 3181 Olomanzica
3584 3139 3729 3194 pago

2141 3231 2202 3271 se
2234 3217 2602 3271 contulerunt.
2630 3216 2839 3285 Quippe
2863 3214 3081 3269 volebat
3133 3230 3223 3271 res
3260 3216 3379 3268 istic
3400 3228 3534 3268 suas
3594 3227 3727 3265 eum

2144 3309 2267 3363 aliis
2309 3309 2410 3362 sibi
2476 3321 2800 3362 communes
2835 3321 2997 3361 esse:
3052 3321 3158 3376 qua
3220 3304 3289 3360 de
3343 3319 3512 3359 causa
3559 3303 3729 3361 nullo

2143 3416 2311 3472 prope
2345 3400 2565 3471 negotio
2594 3397 2843 3469 perfecit,
2884 3407 2943 3453 ut
2970 3413 3036 3454 eo
3104 3407 3299 3466 sponte
3330 3412 3429 3451 sua
3488 3411 3728 3464 magnus

2147 3493 2425 3548 hominum
2457 3500 2806 3546 concurreret
2835 3504 3123 3554 numerus,
3150 3490 3377 3557 ipseque
3419 3501 3591 3558 pagus
3642 3487 3730 3541 in-

2144 3593 2481 3636 crementum
2517 3582 2625 3634 non
2656 3580 2912 3650 exiguum
2959 3587 3197 3648 caperet.
3259 3580 3324 3633 Et
3356 3580 3484 3647 quia
3536 3577 3733 3643 Chris-

2147 3673 2213 3724 tia
2228 3686 2421 3725 nurum
2461 3671 2513 3724 in
2548 3669 2618 3725 iis
2644 3670 2778 3725 locis
2807 3669 3108 3747 excidium,
3134 3684 3162 3723 a
3198 3672 3316 3724 suis
3350 3668 3730 3753 proiecturum

2146 3763 2404 3832 posteris,
2467 3762 2835 3830 praevidebat,
2896 3761 3057 3816 etiam
3110 3759 3437 3815 durantibus
3491 3759 3734 3814 induciis

2146 3852 2502 3909 excursiones
2528 3852 2582 3906 in
2608 3867 2779 3924 pagos
2801 3851 3241 3908 Christianorum
3286 3846 3543 3915 faciebat}
3594 3867 3733 3906 eos-

2147 3958 2254 4014 que
2273 3944 2515 4012 direptos
2547 3942 2693 3999 ferro
2745 3952 2801 4000 et
2831 3944 2941 4021 igni
2997 3942 3453 4021 depopulabatur.
3506 3941 3734 3997 Primus

2147 4050 2215 4089 ex
2251 4034 2338 4089 bis
2367 4033 2537 4109 pagis
2588 4033 2816 4091 Dimbos
2866 4019 3264 4104 appellabatur,
3321 4032 3465 4103 quod
3530 4048 3732 4088 nomen

2149 4125 2333 4187 lingua
2365 4124 2595 4181 Turcica
2624 4124 2747 4181 ﬁdei
2785 4127 3146 4181 mutationem
3188 4124 3504 4196 signiﬁcat,
3563 4140 3733 4194 quam

2151 4230 2339 4270 revera
2372 4230 2721 4285 successores
2746 4218 2921 4288 ipsius
2970 4218 3415 4275 introduxerunt.
3468 4218 3737 4273 Aladiues

2155 4307 2443 4363 intellectis
2484 4307 2636 4364 hisce
2668 4307 2813 4364 Delis
2869 4308 3115 4378 rapinis,
3146 4309 3297 4365 misit
3330 4324 3394 4363 ex
3442 4313 3581 4375 suis,
3637 4310 3735 4379 qui

2154 4414 2278 4452 eum
2302 4408 2622 4454 arcesseret.
2656 4398 2793 4453 Nam
2821 4414 2964 4470 aegre
2993 4398 3222 4463 ferebat,
3252 4399 3369 4453 haec
3404 4400 3472 4453 ab
3530 4413 3596 4453 eo
3638 4414 3736 4468 pa-

2155 4489 2234 4544 cis
2261 4478 2679 4545 etinduciarum
2709 4499 2955 4558 tempore
2976 4490 3268 4546 committi.
3317 4489 3466 4545 Delis
3509 4491 3580 4546 ab
3636 4491 3736 4547 illo

476 4591 649 4648 lconii
672 4590 945 4663 princeps,
982 4605 1166 4646 rerum
1195 4589 1248 4642 in
1290 4588 1421 4643 Asia
1484 4590 1696 4642 minore
1753 4587 2045 4657 potiretur,
2069 4578 2125 4645 ὀ
2155 4581 2297 4637 domi
2331 4596 2443 4636 suae
2464 4582 2758 4652 quaesitus,
2786 4581 2929 4638 forte
2962 4591 3094 4637 tunc
3154 4581 3365 4647 aberat,
3417 4582 3736 4661 excursieni

477 4683 698 4738 venisse
739 4679 1028 4750 quasitum
1088 4679 1247 4735 sedes
1304 4676 1408 4733 sub
1462 4677 1711 4733 Aladinis
1769 4677 2047 4746 imperio:

480 4774 787 4842 quasinter
811 4766 994 4829 et‘ista
1048 4769 1239 4826 fuerit.
1299 4768 1562 4825 Aladines
1619 4778 1803 4825 autem
1846 4767 2050 4837 gravia

474 4866 620 4945 bella
662 4865 903 4935 gerebat,
931 4860 1131 4936 inquit,
1165 4872 1434 4920 adversus
1471 4862 1880 4945 imperatorem
1912 4847 2054 4914 Con-

484 4957 1046 5027 stantiuopolitanum,
1073 4957 1168 5026 qui
1201 4965 1321 5011 erat
1365 4967 1432 5009 ex
1489 4952 1695 5008 familia
1748 4951 2052 5009 Comuena.

486 5055 543 5109 In
578 5051 728 5107 hisce
754 5034 914 5106 bellis
954 5042 1179 5116 accidit,
1235 5059 1296 5103 ut
1324 5047 1546 5125 quidam
1577 5060 1768 5116 eques,
1834 5046 2056 5101 natione

480 5145 726 5205 Graecus,
757 5140 842 5195 vir
863 5139 1248 5210 magnanimus
1297 5146 1351 5193 et
1384 5137 1701 5199 bellicusus,
1765 5136 1821 5190 in
1875 5136 2054 5191 omni-

482 5231 586 5285 bus
613 5225 812 5283 duellis
879 5234 1070 5282 contra
1136 5226 1361 5296 quosvis
1400 5225 1671 5295 superior
1931 5239 2058 5281 eva-

483 5324 657 5391 deret,
715 5330 881 5391 atque
914 5316 1061 5373 inter
1097 5317 1237 5373 alios
1265 5316 1430 5373 etiam
1481 5315 1773 5386 quemdam
1829 5317 1883 5371 in
1944 5317 2058 5386 pri-

487 5413 594 5471 mis
646 5415 870 5470 sultano
926 5396 1140 5468 Alatliui
1224 5412 1496 5475 charum,
1558 5409 1743 5480 praelia
1794 5409 2059 5482 singulari

489 5508 720 5570 \ictum,
753 5492 1053 5564 occideret.
1081 5501 1340 5558 Aladincs
1364 5516 1565 5573 magno
1612 5517 1735 5557 cum
1768 5502 1936 5557 animi
1965 5501 2060 5557 do-

487 5599 605 5655 love
634 5598 936 5656 conversus
968 5598 1035 5653 ad
1079 5611 1250 5651 suos:
1289 5595 1425 5664 Quis
1482 5605 1746 5658 vestrum,
1791 5595 1888 5659 ait,
1924 5609 2062 5649 con-

491 5688 643 5759 gredi
668 5704 790 5744 cum
827 5691 931 5745 hoc
963 5688 1108 5743 ausit
1164 5684 1496 5748 Christiano,
1539 5683 1633 5754 qui
1690 5692 1766 5737 tot
1798 5684 2063 5740 hactenus

477 5796 555 5853 _ex
588 5778 748 5843 meis,
789 5788 843 5834 et
871 5794 1018 5834 nunc
1049 5777 1346 5847 praesertim
1402 5776 1485 5829 vel
1535 5776 1770 5831 maxime
1832 5775 2062 5831 faudlia-

386 5944 397 5950 ι
493 5886 609 5955 rem
667 5871 813 5928 hunc
876 5872 1005 5926 mihi
1038 5871 1105 5926 de
1162 5870 1341 5928 medio
1394 5867 1811 5926 sustulit?Cum
1879 5879 2061 5925 autem

2162 4688 2315 4728 novat
2343 4673 2610 4738 intentus,
2636 4687 2970 4743 quapagum
3018 4673 3323 4742 occupavit,
3361 4674 3454 4743 qui
3503 4671 3607 4728 Sar
3651 4672 3738 4730 di-

2158 4765 2320 4821 citur.
2351 4762 2408 4819 In
2428 4752 2655 4828 “itinere,
2683 4779 2791 4835 quo
2815 4764 3041 4819 domum
3093 4780 3218 4820 cum
3244 4765 3443 4835 praeda
3493 4777 3738 4821 reverte-

2160 4856 2538 4921 batur,asuis
2573 4856 2621 4910 ei
2680 4856 3044 4925 significatum
3100 4856 3241 4924 fuit,
3293 4856 3577 4912 Aladinem
3623 4873 3745 4912 mo-

2161 4936 2480 5012 lesteierre,
2498 4947 2642 5017 quod
2668 4962 2764 5017 per
2790 4948 3041 5004 inducias
3060 4948 3130 5002 ab
3158 4963 3224 5004 eo
3250 4948 3495 5015 Dimbos,
3533 4949 3737 5018 aliique
3810 5000 3825 5013 ,

2166 5041 2284 5109 pagi
2326 5041 2468 5109 capti
2494 5039 2768 5105 fuissent;
2838 5040 3067 5115 ideoque
3114 5040 3353 5107 misisse,
3394 5043 3486 5111 qui
3546 5058 3732 5097 coram

2165 5130 2392 5186 Aladine
2428 5129 2596 5185 Delim
2638 5130 2853 5198 juberet
2904 5146 3239 5199 comparere.
3305 5131 3450 5187 Delis
3501 5132 3604 5186 hoc
3644 5148 3740 5187 co-

2165 5224 2339 5293 gnito,
2361 5236 2485 5277 mox
2509 5236 2694 5277 secum
2734 5221 2927 5276 statuit
2950 5224 3125 5293 prius,
3156 5238 3320 5292 quam
3356 5239 3493 5278 cum
3552 5224 3735 5294 praeda

2168 5316 2386 5370 domum
2416 5314 2635 5378 rediret,
2667 5313 2881 5370 Aladini
2913 5329 2974 5370 se
2995 5316 3190 5371 sistere
3218 5354 3236 5381 ,
3274 5331 3385 5384 quo
3430 5330 3605 5370 suam
3656 5315 3734 5371 illi

2168 5407 2567 5462 demonstraret
2625 5405 3013 5461 obedientiam.
3088 5406 3145 5461 Id
3200 5408 3552 5474 conspicatus
3611 5406 3743 5461 Ala-

2169 5499 2349 5560 diues,
2411 5497 2627 5568 culpam
2673 5496 2788 5551 Deli
2826 5496 3403 5567 mndomvitea'hge,
3469 5511 3536 5551 ne
3582 5492 3741 5551 dein-

2169 5608 2299 5662 ceps
2320 5590 2518 5646 vicinis
2543 5593 2805 5646 molestus
2831 5600 3017 5647 esset:
3051 5605 3116 5647 ac
3165 5590 3529 5647 retinere’sibi
3581 5604 3738 5644 man-

2171 5683 2312 5754 cipia
2333 5680 2583 5763 jussit,‘e
2604 5679 2725 5737 Sari
2756 5695 2893 5751 pago
2944 5691 3139 5752 rapta;
3199 5682 3417 5751 cujusa
3451 5678 3585 5751 ,ροςί
3636 5695 3743 5735 no-

2174 5777 2321 5831 mine
2340 5774 2583 5830 derivata
2616 5775 2962 5830 creditur-ab
3022 5774 3299 5842 aliquibus
3346 5773 3602 5841 deinceps
3632 5769 3743 5828 Ge-

2176 5871 2486 5924 nizarorum
2515 5866 2824 5938 appellatio,
2879 5879 2997 5936 quae
3027 5863 3254 5920 Turcica
3280 5865 3458 5937 lingua
3511 5863 3742 5935 juvenes
