4018 6426
490 410 600 476 727

1715 416 2034 483 JOANNIS
2061 423 2526 486 LEUNCLAVII

3637 423 3753 492 718

492 527 576 592 gis
611 524 806 587 Cham,
838 521 983 592 quod
1004 520 1156 608 idetn
1196 530 1282 580 est
1332 526 1780 595 pronuntiatione
1836 533 2067 588 Gallica.
2102 537 2143 593 Δ
2176 546 2420 590 sirm-um
2445 537 2813 604 Augustorum
2843 535 3172 602 respondere
3189 535 3400 604 volunt,
3418 551 3610 608 quo-se
3643 537 3753 594 iure

489 617 565 672 Ex
597 604 1010 688 Paehymerio,‘
1045 618 1364 688 caeterisque
1414 619 1753 680 Graecismon
1816 622 2059 690 Tzinkis,

492 709 574 763 vel
601 708 844 773 Tziucis,
878 707 975 764 sed
1001 709 1226 780 Tzingis
1253 709 1368 765 Cen
1402 712 1568 767 scribi
1600 712 1781 776 debet,
1854 715 2064 770 ratione

491 799 950 868 pronuntiationis
979 801 1214 856 usitatze.
1271 800 1434 858 Extat
1476 803 1612 858 liber
1671 805 1905 876 Aythoni
1963 807 2064 860 Ar.

492 893 676 955 nzenii,
706 893 798 961 qui
832 903 887 946 et
921 893 1238 950 Curchinus
1268 905 1512 960 vocatur,
1546 906 1600 952 et
1649 897 1918 953 Antonius
1947 913 2066 954 ere—

490 982 638 1036 ditur
673 997 703 1036 a
741 982 1069 1052 quibusdam
1121 986 1290 1042 fuisse
1347 987 1527 1043 dictus
1595 997 1715 1057 post
1782 1001 2060 1060 sumptum

489 1074 856 1128 monasticum
893 1075 1179 1130 habitum:
1213 1092 1337 1132 cum
1377 1077 1823 1148 Aythonusidem
1877 1081 2062 1136 videa-

488 1174 576 1217 Inr
626 1179 750 1220 esse
807 1181 928 1220 cum
985 1168 1265 1222 Antonio:
1323 1179 1376 1224 et
1426 1169 1736 1227 Curehinus
1795 1190 1824 1226 a
1875 1182 2064 1228 saneto

488 1257 722 1322 Georgio
753 1257 980 1312 factum.
1010 1276 1210 1317 nomen
1257 1260 1352 1322 sit.
1417 1265 1879 1331 quemadmodum
1925 1265 2064 1318 Cur-

484 1350 631 1405 chini
663 1351 748 1405 vel
781 1352 1006 1423 Curgini
1032 1355 1289 1409 dicuntur
1327 1355 1490 1409 etiam
1538 1355 1699 1410 hodie
1745 1354 2060 1424 Georgiani,

485 1444 579 1508 qui
609 1444 886 1502 Armeniis
925 1446 1091 1501 vieini
1130 1463 1158 1502 a
1207 1447 1378 1503 sancti
1437 1447 1656 1518 Georgii
1706 1448 2062 1502 veneratione

483 1535 612 1589 dicti
650 1543 912 1604 putantur
951 1537 1268 1608 Georgiani,
1323 1540 1469 1594 sicut
1529 1553 1560 1592 a
1624 1549 1818 1594 sancto
1859 1536 2063 1592 Iacobo

482 1627 728 1683 Jacobini
757 1639 810 1684 et
835 1628 1122 1696 Jacobitte,
1180 1645 1416 1700 quorum
1477 1630 1802 1701 patriarchae
1860 1645 2058 1685 nomen

482 1718 678 1774 vitiose
712 1719 977 1790 scriptum
1004 1719 1201 1790 legitur
1229 1723 1371 1788 apud
1409 1719 1654 1777 Marcum
1685 1720 1916 1775 Paulum
1954 1721 2060 1774 Ve-

484 1821 666 1865 netum
700 1811 956 1878 lacelich,
992 1825 1093 1882 pro
1122 1811 1392 1875 Catolleh,
1450 1813 1545 1883 qui
1591 1811 1908 1868 Catholieus
1954 1823 2056 1868 est.

484 1903 533 1958 Is
573 1904 808 1974 Aythoni
863 1904 1001 1960 liber
1026 1919 1224 1960 nomen
1275 1905 1439 1960 habet
1467 1904 1653 1975 Zingis
1701 1904 1862 1975 hujus
1923 1921 2060 1960 non-

486 1995 621 2050 nihil
653 1996 1024 2062 immutatum,
1053 1997 1307 2052 videlicet
1334 1995 1598 2065 Changis,
1627 1995 1772 2050 unde
1819 1995 2058 2066 Cangius

483 2091 647 2144 etiam
679 2090 790 2144 Can
824 2090 894 2145 ab
922 2089 1044 2146 aliis
1072 2097 1321 2145 vocatur.
1375 2090 1582 2146 Chauis
1613 2091 1697 2145 vel
1745 2089 1914 2146 llanis
1943 2091 2057 2160 (as-

479 2181 756 2244 piratione
790 2181 940 2253 forti)
971 2181 1260 2252 appellatio
1299 2197 1562 2253 perquam
1619 2184 1818 2240 usitata
1873 2181 2057 2238 Persis

476 2284 531 2327 τι
564 2273 781 2328 Tataris
817 2285 922 2338 est,
952 2276 1096 2344 apud
1123 2289 1262 2345 quos
1291 2289 1446 2340 reges
1471 2283 1526 2329 et
1557 2275 1855 2345 principes,
1882 2275 2048 2330 etiam

479 2365 752 2420 minorum
780 2366 863 2437 (ut
893 2365 1001 2420 dici
1032 2365 1194 2436 solet)
1219 2367 1487 2435 gentium,
1522 2365 1741 2422 Chanes
1773 2365 2050 2421 dicuntur:

477 2457 627 2512 verbi
654 2458 849 2527 gratia.
908 2456 1070 2512 Kerai
1125 2456 1304 2520 Chan,
1337 2456 1573 2512 Crimski
1607 2457 1798 2522 Chan,
1844 2456 2054 2527 Precop

474 2549 645 2605 Chan.
689 2547 854 2619 Nogai
887 2548 1062 2612 Chan,
1093 2545 1577 2616 SchemhalChan,
1629 2548 1826 2606 Maxud
1872 2549 2050 2617 Chan,

475 2650 529 2695 et
558 2641 675 2707 alii,
706 2657 940 2711 quorum
970 2642 1023 2696 in
1063 2641 1356 2696 Annalium
1390 2658 1610 2713 quoque
1665 2642 2052 2714 Supplementa

2177 641 2238 695 pr
2250 638 2467 682 ratores
2491 627 2735 682 Casares
2758 628 3051 695 appellant.
3081 627 3145 683 Et
3167 631 3404 699 primum
3427 646 3495 687 eo
3520 631 3749 687 tradunt

2169 733 2328 770 nsum
2363 717 2759 774 Siuehemetem
2819 721 3147 786 secundum,
3171 730 3295 790 post
3349 731 3562 790 captam
3597 723 3748 778 Con-

2167 807 2605 878 stantinopolim,
2665 808 2850 862 sedem
2924 811 3211 864 orientalis
3275 811 3517 881 imperii,
3575 826 3750 881 quem

2165 898 2359 953 imitati
2393 908 2523 952 sunt
2548 898 2822 968 Bajazites
2856 899 3023 962 ﬁlius.
3058 909 3114 956 et
3142 899 3372 958 Sellmes
3400 917 3589 973 nepos.
3619 905 3750 971 Qua

2165 989 2232 1044 de
2255 1004 2443 1054 causa,
2475 991 2675 1060 partim
2732 1001 2794 1044 ut
2818 993 3198 1055 ambitionem,
3229 996 3426 1065 partim
3462 1006 3521 1052 ut
3547 1012 3749 1066 super-

2164 1080 2442 1136 stitionem
2475 1097 2690 1144 eorum.
2720 1083 2791 1138 ab
2828 1100 2923 1140 esu
2953 1085 3127 1140 suillae
3147 1085 3583 1154 abhorrentium,
3611 1089 3747 1144 irri-

2164 1172 2318 1228 deret
2347 1175 2584 1230 scaehus
2613 1174 2799 1230 lsmail
2827 1177 3056 1242 primus,
3087 1193 3118 1233 a
3179 1193 3289 1248 quo
3354 1179 3743 1250 Sopbinorum

2164 1263 2306 1332 apud
2339 1261 2536 1319 Persas
2586 1265 2890 1334 profectum
2955 1283 3154 1323 nomen
3203 1277 3308 1332 est,
3364 1270 3749 1340 praepinguem

2164 1354 2318 1411 alere
2345 1368 2576 1422 porcum
2639 1355 2870 1421 solebat,
2904 1357 2994 1411 cui
3025 1371 3226 1413 nomen
3257 1358 3380 1427 ejus
3431 1358 3752 1415 Turcorum

2164 1443 2386 1496 indebat
2409 1443 2694 1513 principis,
2751 1445 2844 1514 qui
2873 1455 3001 1501 tune
3048 1463 3231 1503 rerum
3270 1449 3587 1519 potiebatur
3622 1467 3640 1504 :
3681 1452 3748 1506 ut

2165 1534 2248 1586 vel
2279 1533 2503 1588 Hunker
2525 1533 2753 1604 Bajazit,
2781 1537 2866 1591 vel
2902 1535 3125 1592 llunker
3144 1537 3311 1595 Selim
3344 1541 3750 1611 appellaretur.

2166 1624 2409 1693 Denique
2437 1624 2794 1694 Seripharum
2821 1627 2984 1683 etiam
3026 1630 3248 1684 titulum
3291 1632 3402 1688 sibi
3457 1632 3745 1694 tribuunt.

2163 1724 2216 1768 et
2246 1715 2586 1772 Chalifarum
2617 1733 2816 1776 nomen
2843 1736 2911 1775 ne
2932 1722 3092 1778 hodie
3123 1723 3343 1793 quidem
3379 1723 3572 1790 vitant,
3594 1726 3748 1780 velut

2165 1807 2517 1872 invidiosum,
2549 1812 2845 1882 potiusque
2875 1822 3194 1883 competens
3221 1815 3385 1870 editis
3407 1815 3748 1871 Mahumetis

2167 1899 2456 1967 sanguine,
2527 1902 2988 1970 quemadmodum
3055 1902 3331 1960 Reinerus
3384 1906 3744 1972 Beieceins,

2165 1988 2373 2045 amicus
2399 1999 2586 2046 noster
2615 1994 2845 2061 putavit.
2876 1993 3010 2049 Nam
3041 1995 3130 2052 hic
3160 2011 3382 2067 quoque
3401 1997 3646 2054 Murates
3673 2014 3750 2053 eo

2161 2095 2222 2135 se
2248 2091 2409 2136 ornat
2444 2084 2611 2139 titulo
2633 2086 2685 2138 in
2713 2085 2911 2141 litteris
2927 2087 2994 2141 ad
3028 2087 3414 2154 imperatorem
3452 2097 3747 2154 nostrum,

2159 2188 2398 2241 quarum
2429 2175 2676 2245 exempla
2709 2175 2842 2240 vidi,
2897 2189 2952 2233 et
2999 2181 3253 2249 superius
3281 2181 3356 2235 de
3383 2180 3487 2235 hoc
3511 2195 3541 2234 a
3578 2181 3747 2237 nobis

2161 2272 2344 2318 notata
2379 2266 2626 2334 quadam
2655 2276 2784 2321 sunt
2815 2268 2867 2320 in
2891 2269 3236 2338 expositione
3286 2285 3581 2324 causarum
3644 2271 3744 2325 de-

2155 2356 2587 2428 cennalishujus
2608 2357 2930 2430 belli,quod
2964 2362 3108 2416 inter
3173 2362 3452 2431 Sophinos
3514 2372 3574 2418 et
3637 2363 3742 2421 Os-

2156 2447 2595 2502 manicosadhue
2649 2451 2879 2518 geritur.
2925 2450 3170 2506 Diximus
3226 2451 3400 2518 enim,
3444 2451 3735 2524 Chaliphis

2156 2540 2352 2593 nomen
2382 2538 2695 2610 signiﬁcare
2724 2541 3015 2608 vicarium,
3069 2546 3149 2599 vel
3182 2559 3592 2609 successorem,
3651 2547 3734 2602 re!

2155 2629 2426 2686 heredem
2456 2632 2738 2702 prophetae
2772 2633 3102 2690 Mahumetis
3130 2657 3142 2693 :
3171 2637 3548 2693 etOsmanieis
3604 2654 3731 2708 per-

474 2734 616 2790 laeta
643 2733 868 2790 mentio.
901 2733 991 2790 Sic
1018 2734 1184 2788 etiam
1219 2733 1360 2790 inter
1411 2733 1836 2791 Osmanidarum
1882 2736 2052 2806 majo-
2152 2735 2380 2778 suam“
2412 2737 2556 2790 esse:
2590 2726 2888 2796 Ρτίηθῖρεπι
2925 2741 3088 2782 “lum
3139 2743 3262 2784 035°
3287 2727 3582 2799 Chali‘l’hell
3618 2729 3726 2783 δυ’

477 2841 564 2882 res
627 2825 680 2881 in
709 2825 1022 2898 genealogis
1083 2826 1308 2897 quidam
1367 2827 1507 2882 Cara
1583 2827 1724 2884 ehan
1807 2828 2048 2899 legitur,

2153 2813 2478 2883 justsaculi.
2504 2815 2818 2874 Secundum
2845 2819 3178 2890 Chaliphen,
3213 2823 3504 2890 prosimus
3517 2829 3601 2876 est
3621 2819 3722 2876 Sco

473 2933 585 2990 quo
613 2917 952 2988 signiﬁcatur
976 2935 1070 2974 rex
1107 2927 1204 2974 aut
1252 2919 1507 2990 princeps
1535 2921 1709 2992 niger.
1764 2920 2048 2976 Consimili

2154 2907 2326 2975 riphis
2355 2909 2528 2965 locus.
2570 2909 2662 2967 Sic
2683 2912 2829 2966 enim
2851 2920 2904 2967 et
2929 2912 3225 2980 Cedrinus,
3259 2927 3315 2970 et
3341 2913 3588 2970 Zonaras
3619 2922 3736 2967 tra-

471 3008 684 3064 ratione
707 3009 799 3064 ﬁlii
829 3009 1138 3078 principum
1171 3010 1508 3081 Chanoglaui
1554 3021 1842 3066 vocantur.
1874 3009 2047 3080 Βορε-
2152 2999 2428 3062 diderunt,
2453 2999 2706 3073 Seriphis
2725 3020 2924 3060 nomen
2958 3008 3098 3076 apud
3151 3006 3573 3062 Mahnmetanos
3607 3021 3734 3062 eam

473 3101 612 3156 ritur
636 3101 689 3156 in
723 3103 968 3157 historiis
999 3099 1203 3158 Graecis
1220 3111 1275 3156 et
1301 3102 1512 3159 Latinis
1553 3117 1751 3158 nomen
1804 3103 2046 3171 Chagani

2153 3100 2397 3160 respectu
2425 3091 2705 3165 Chalipbre
2767 3095 3039 3152 rationem
3093 3099 3316 3161 habere,
3381 3113 3503 3168 quae
3562 3098 3737 3154 fuerit

469 3193 826 3266 395-399
853 3183 1115 3262 Avarum,
1139 3195 1284 3265 quod
1314 3194 1458 3250 idem
1491 3205 1578 3250 εει
1605 3210 1730 3250 cum
1760 3196 1862 3251 hoc
1889 3196 2042 3252 Cha"
2151 3184 2292 3252 apud
2321 3183 2542 3241 Graecos
2573 3187 2704 3242 olim
2745 3189 2970 3259 syncelli
3024 3190 3089 3243 ad
3145 3189 3535 3259 patriarcham,
3602 3205 3735 3245 cu

471 3284 552 3336 vr-l
587 3284 838 3336 Chalmn.
868 3279 1002 3337 Nam
1030 3283 1270 3339 Avarum
1305 3284 1420 3340 sive
1446 3284 1819 3340 Chazarorum
1871 3285 2046 3355 patria
2068 3305 2117 3370 α
2154 3285 2371 3330 mortuo
2405 3279 2744 3370 patriarcha,
2783 3297 2902 3334 mox
2941 3281 2996 3335 in
3013 3281 3136 3351 ejus
3193 3281 3392 3337 solium
3451 3282 3739 3354 syncellns

469 3376 847 3431 Chersonesus
868 3384 953 3431 est
977 3375 1234 3444 Taurica,
1267 3392 1388 3444 quze
1423 3375 1692 3446 hodieque
1719 3391 1852 3433 suos
1884 3377 2047 3433 habet

467 3468 760 3522 Chahanes
790 3485 804 3522 :
829 3467 1101 3523 Maximus
1125 3483 1256 3523 vero
1277 3466 1610 3524 Tatarorum
1629 3469 1876 3524 omnium
1901 3471 2041 3527 chan

472 3563 559 3615 cui
602 3565 681 3614 .~ul
701 3562 834 3632 jccti
869 3573 1001 3618 sunt
1031 3561 1252 3618 Chanes
1283 3561 1490 3624 caeteri,
1523 3562 1728 3632 quique
1756 3561 2044 3619 Chitainus

469 3655 726 3723 appellari
754 3655 914 3719 solet,
933 3654 1009 3708 uti
1035 3657 1221 3709 statim
1246 3652 1446 3708 dicturi
1463 3667 1681 3712 sumus.
1705 3653 2044 3710 excellentia

466 3764 657 3815 causa,
686 3765 792 3819 qua
822 3750 1035 3804 cunctis
1065 3748 1188 3803 aliis
1240 3757 1483 3816 praestat,
1522 3745 1625 3802 Ulu
1655 3747 1808 3803 Chan
1866 3748 2044 3802 nomi-

468 3852 648 3906 natur,
675 3845 776 3898 hoc
801 3851 907 3908 est,
930 3857 1186 3912 magnus,
1211 3842 1292 3897 vel
1353 3841 1532 3912 potius
1565 3841 1818 3896 excelsus
1865 3840 2039 3896 Chan.

469 3935 622 3990 Unde
661 3938 887 4000 factum,
921 3941 981 3989 ut
1033 3935 1422 4006 Spanduginus
1454 3942 1510 3989 et
1559 3931 1750 3990 Jovius
1795 3933 2041 3990 Chanem

467 4030 901 4096 interpretentur
921 4025 1332 4093 imperatorem.
1366 4021 1582 4079 Turcicl
1615 4037 1867 4094 .quoque
1918 4022 2043 4078 Sul-

463 4119 576 4174 taul
603 4126 724 4187 post
745 4117 1042 4172 Osmanem
1064 4113 1274 4182 Gasi‘m,
1293 4115 1580 4172 seChanes
1601 4116 1712 4171 diei
1728 4117 2040 4185 voluerunt,

467 4221 524 4264 ut
556 4225 620 4265 ex
643 4208 956 4281 genealogia
985 4215 1158 4278 paret,
1193 4207 1360 4278 idque
1385 4208 1622 4262 retinent
1643 4207 1698 4262 in
1716 4207 2039 4264 hodiernum

464 4313 640 4366 usque
669 4296 836 4352 diem.
870 4296 1022 4352 Solet
1049 4297 1220 4363 enim,
1255 4310 1408 4352 more
1452 4296 1746 4366 majorum,
1801 4297 2041 4356 Murates

465 4392 569 4445 iste
601 4389 794 4444 tertius
810 4392 914 4443 hoc
942 4389 1020 4443 uti
1050 4389 1371 4458 plerumque
1404 4387 1564 4443 titulo
1593 4405 1609 4444 :
1636 4387 1827 4444 Sultan
1861 4389 2039 4446 Muret

459 4486 617 4548 chon,
649 4485 734 4538 bin
758 4483 941 4536 sultan
992 4481 1160 4537 Selim
1193 4482 1351 4547 chon,
1415 4481 1745 4551 elmuzafcru
1800 4484 1980 4538 daima
2015 4499 2037 4547 ,°

2149 3368 2535 3426 collocaretur.
2557 3369 2671 3427 Hoc
2697 3371 2785 3427 die
2816 3388 2944 3427 vero
2969 3383 3184 3435 notum,
3215 3383 3422 3444 quanto
3445 3375 3559 3429 sint
3581 3375 3736 3445 apud

2148 3457 2564 3516 Mahumetanos
2625 3462 2679 3517 in
2708 3463 2940 3528 honore,
2977 3463 3069 3534 qui
3132 3473 3277 3520 recta
3329 3466 3472 3520 linea
3533 3473 3646 3520 tam
3699 3483 3738 3522 a

2149 3554 2408 3620 propheta
2433 3552 2765 3621 Mabumete,
2799 3571 2962 3627 quam
2988 3556 3055 3612 ab
3088 3558 3197 3624 Ali,
3259 3557 3587 3614 Mahumetis
3635 3575 3739 3629 ge—

2148 3657 2305 3711 nero,
2340 3644 2703 3712 descendunt,
2738 3654 2835 3702 aut
2861 3661 2922 3702 se
2976 3647 3183 3718 lingunt
3243 3649 3603 3707 descendere.
3656 3650 3734 3708 Hi

2149 3736 2343 3793 Turcis
2381 3738 2708 3810 Tatarisque
2741 3735 2914 3794 Seithi
2935 3741 3101 3811 vulgo
3131 3741 3416 3808 dicuntur,
3445 3743 3734 3801 Arabibus

2147 3837 2328 3884 autem
2363 3829 2649 3900 Seriphm:
2703 3847 2844 3900 quos
2872 3834 3111 3888 maxima
3171 3850 3307 3890 sane
3374 3838 3736 3897 veneratione

2147 3927 2308 3986 atque
2335 3917 2684 3974 observantia
2713 3935 2837 3974 cum
2896 3934 3323 3994 prosequantur,
3381 3928 3546 3982 etiam
3617 3929 3733 3999 ipsi

2146 4011 2350 4067 sultani
2387 4010 2746 4081 Seripharum
2781 4015 3148 4084 appellatione
3195 4017 3346 4074 velut
3375 4021 3733 4088 angustiores

2145 4117 2205 4158 se
2227 4103 2454 4158 reddere
2484 4103 2695 4159 volunt.
2733 4104 2814 4159 Ad
2847 4105 3179 4164 Tatarorum
3217 4108 3467 4166 Chanem
3520 4118 3583 4165 ut
3633 4127 3728 4167 re-

2146 4196 2328 4262 deam,
2365 4196 2654 4251 traditura
2713 4200 2990 4271 plerisque
3042 4203 3324 4270 omnibus,
3392 4203 3483 4258 hic
3534 4203 3732 4275 Zingis

2143 4285 2296 4341 Chan
2326 4288 2378 4342 in
2413 4289 2602 4356 primis
2629 4291 2897 4346 claruisse
2923 4307 3069 4348 anno
3093 4295 3405 4351 Christiano
3443 4297 3605 4364 1202,
3636 4300 3730 4355 vel

2146 4380 2305 4447 l20‘5,
2331 4396 2442 4452 quo
2471 4393 2713 4453 tempore
2737 4385 2921 4439 Tatari
2943 4386 3135 4456 jugum
3171 4388 3453 4458 Indorum,
3483 4392 3588 4447 hoc
3615 4401 3726 4462 est,

2143 4472 2261 4540 ejus
2287 4473 2450 4540 regis,
2482 4488 2643 4542 quem
2683 4474 2752 4528 ah
2807 4477 3147 4546 aliquotjam
3203 4481 3420 4536 suculis
3473 4483 3730 4552 Preteja-

463 4577 567 4630 hoc
595 4583 697 4639 est,
737 4573 992 4628 Dominus
1025 4570 1272 4628 Muratcs
1295 4587 1406 4634 rex.
1443 4572 1648 4626 domini
1709 4570 1922 4627 Solimi:
1955 4589 2038 4628 re-
2065 4563 2118 4625 D
2145 4579 2274 4618 num
2303 4565 2419 4619 sive
2469 4567 2846 4636 presbytorum
2902 4565 3168 4624 Joannem
3239 4573 3402 4642 vulgo
3455 4588 3730 4630 vocamus

462 4668 540 4736 gis
562 4669 726 4735 filius,
750 4669 1061 4722 victoriosus
1093 4682 1318 4736 semper.
1353 4664 1566 4732 Quibus
1596 4667 1650 4720 in
1698 4668 1880 4723 verbis
1941 4666 2039 4722 ob-

458 4773 681 4813 servare
713 4760 834 4813 lieu-t
862 4758 1036 4813 obiter
1061 4757 1423 4812 imitationem
1467 4757 1778 4816 titulorum.
1837 4759 2038 4823 quibus

460 4852 821 4920 imperatores
858 4852 1054 4916 nostri,
1089 4859 1304 4906 veteres
1329 4859 1384 4905 et
1414 4859 1688 4917 recentes,
1749 4865 1951 4907 vocare
1981 4865 2040 4906 se

461 4943 703 4998 victores
730 4957 794 4998 ac
829 4944 1282 5012 triumphatores,
1349 4956 1684 5012 semperque
1733 4943 2036 5012 Augustos,

461 5046 881 5090 consueverunt.
920 5037 1026 5092 Sed
1063 5037 1163 5092 hos
1199 5035 1388 5092 titulos
1423 5037 1550 5091 aliis
1610 5036 1890 5092 interdum
1941 5038 2039 5092 ad-

456 5128 617 5196 jectis
660 5125 978 5181 nominibus
1013 5137 1236 5197 augent,
1262 5129 1316 5182 in
1348 5128 1548 5198 quibus
1566 5135 1696 5182 sunt
1745 5127 1918 5194 Emir,
1969 5127 2039 5182 de

458 5236 568 5290 quo
598 5221 854 5288 superius
884 5220 1109 5284 dietum,
1141 5228 1194 5274 et
1220 5219 1382 5287 paulo
1415 5229 1544 5290 post
1561 5219 1775 5273 dicetur
1805 5233 2039 5274 numero

459 5315 550 5376 14,
580 5323 635 5370 et
661 5312 980 5374 Padiscach,
1015 5315 1160 5383 quod
1199 5297 1384 5367 itidem
1433 5311 1762 5380 explicatum
1799 5309 2039 5366 :etMu-

460 5408 840 5461 sulmanorum
865 5404 1192 5468 Padiscach,
1226 5421 1334 5475 quo
1368 5420 1540 5473 nuper
1604 5403 1848 5461 Murates
1899 5418 2039 5459 usus

460 5509 540 5551 est
567 5501 618 5552 in
647 5500 848 5556 litteris
877 5499 944 5554 ad
981 5500 1234 5555 ordinum
1297 5497 1452 5568 regni
1501 5496 1743 5552 Poloniae
1792 5497 2036 5559 comitia,

459 5591 702 5646 creando
722 5606 874 5663 rege,
924 5591 1116 5646 missis
1181 5597 1280 5645 :et
1338 5589 1598 5644 Huncher
1656 5588 1740 5642 vel
1791 5586 2035 5649 Hunker,

459 5679 607 5748 quod
635 5679 1021 5750 Spanduginus
1043 5681 1266 5752 scripsit
1295 5680 1656 5744 Condichiar,
1721 5677 2036 5733 Ludovicus

461 5776 736 5832 Bassauus
761 5774 1049 5831 Jadrensis
1076 5773 1412 5839 Chunchier,
1441 5788 1567 5828 cum
1621 5773 1815 5828 Italico
1873 5772 2039 5826 modo

462 5868 670 5926 rectius
692 5868 1033 5939 exprimatur
1063 5866 1362 5939 llunggiar.
1400 5865 1451 5921 id
1480 5866 1700 5937 proprie
1731 5866 1894 5922 titulo
1939 5881 2039 5919 no-

2143 4667 2528 4712 excusserunt.
2566 4657 2632 4710 Et
2656 4667 2868 4712 exstant
2922 4661 3178 4731 pleraque
3211 4662 3279 4717 de
3345 4663 3430 4719 his
3486 4664 3651 4720 rebus
3693 4680 3728 4720 a

2143 4751 2436 4806 Vincentio
2461 4749 2800 4818 Belvaceusl,
2833 4762 2887 4806 et
2905 4751 3087 4807 Marco
3109 4752 3283 4810 Paulo
3327 4754 3556 4821 Veneto,
3606 4773 3730 4812 meo

2144 4845 2330 4899 muriae
2365 4843 2606 4914 prodita,
2641 4843 2780 4898 lectu
2811 4860 2922 4900 non
2973 4844 3216 4916 indigna.
3255 4847 3468 4902 Chitaia
3529 4849 3727 4918 (quam

2144 4935 2329 4991 itidem
2387 4935 2626 4991 Joannes
2667 4937 2732 4991 de
2789 4934 2954 5004 plano
2999 4935 3186 5008 Carpi,
3233 4939 3329 5008 qui
3383 4939 3519 4993 vixit
3567 4953 3726 4995 anno

2142 5027 2458 5082 Christiano
2495 5027 2655 5096 1245,
2682 5029 2894 5099 legatus
2922 5028 2988 5082 ad
3024 5029 3115 5084 illa
3145 5029 3260 5085 loca
3285 5029 3489 5087 missus
3518 5046 3546 5084 a
3579 5046 3723 5100 papa

2147 5119 2415 5186 Romano,
2440 5119 2628 5175 Kithai
2659 5121 2842 5190 vocat)
2888 5119 3124 5177 Laonico
3154 5121 3421 5197 Chataia;
3477 5123 3722 5178 Chitaini

2142 5213 2349 5278 Tutari,
2373 5213 2652 5274 Chataidze
2691 5213 2969 5280 dicuntur,
2996 5222 3052 5270 et
3067 5229 3196 5270 vero
3225 5225 3307 5271 est
3335 5215 3541 5284 simile,
3563 5215 3726 5270 Chae-

2145 5317 2226 5361 las
2265 5306 2561 5368 Ptoletna‘i,
2597 5315 2650 5360 et
2675 5304 2925 5361 Chaucos
2973 5306 3184 5369 Ariani.
3230 5306 3334 5362 hos
3383 5307 3532 5376 ipsos
3596 5323 3728 5364 esse

2142 5397 2428 5452 Chitainos
2456 5397 2652 5452 horum
2694 5398 3008 5466 Annalium,
3038 5399 3123 5455 vel
3159 5399 3456 5456 Chataidas
3483 5399 3726 5456 chalco-
3801 5417 3808 5422 -

2145 5490 2414 5562 eondylis,
2452 5491 2534 5546 vel
2566 5489 2727 5546 Marii
2783 5474 2930 5560 Nigri
2983 5490 3309 5547 Chatainos.
3378 5491 3724 5548 Chorasanis

2145 5582 2382 5652 regionis
2410 5595 2605 5634 nomen
2661 5596 2729 5635 ne
2779 5580 2940 5636 hodie
2988 5581 3207 5652 quidem
3248 5582 3544 5637 obscurum
3607 5590 3720 5647 est,

2143 5693 2208 5731 ex
2243 5672 2640 5730 recentioribus
2696 5673 2938 5730 historiis
2974 5692 2987 5728 :
3019 5675 3251 5745 populos
3309 5677 3462 5745 ipsos
3523 5673 3722 5731 Jovius

2143 5770 2458 5824 Coraxenos
2485 5766 2598 5821 vult
2650 5765 2828 5822 dictos
2882 5768 3210 5837 antiquitus.
3263 5765 3493 5823 Cedreni
3546 5769 3718 5825 verba

2145 5870 2272 5918 sunt
2308 5857 2690 5916 inlustiniano
2721 5859 3062 5916 Rhinotmito
3101 5879 3115 5927 ;
3159 5859 3448 5932 subjugata
3475 5859 3581 5917 fuit
3645 5862 3721 5918 ab
