4018 6424
263 437 372 504 729

266 552 548 610 Arabibus
571 545 676 620 (id
704 551 790 600 est
811 538 1132 611 Saracenis).
1163 537 1329 594 etiam
1364 534 1550 591 Persis
1589 533 1842 594 interior.
1877 567 1925 625 Α

1430 418 1572 480 ΡᾹΝ
1583 415 1820 479 DECTE
1843 415 2047 476 HIST.
2094 411 2396 474 TURCIC.

3425 397 3549 461 730

1955 527 2200 583 Aiadinis
2231 524 2528 581 habuerint
2553 537 2776 592 nomen,
2806 519 3135 577 Osmanidas
3181 527 3376 573 omnes
3413 513 3547 567 Ala-

270 660 397 718 quae
423 643 705 699 Chorosan
727 637 952 693 dicitur.
981 633 1266 690 Chorasan
1285 629 1356 685 ab
1375 627 1582 684 Ortelio
1607 626 1849 682 Charas-
1877 603 1925 625 ’³
1955 621 2115 677 dines
2146 631 2396 680 vocatos,
2419 631 2529 673 ceu.
2569 623 2941 692 cognomento
2955 611 3220 686 quodam,
3255 615 3350 662 aut
3368 603 3542 674 digni-

279 715 381 792 san
412 733 693 797 scribitur,
750 737 807 785 et
868 726 1034 782 Beich
1099 733 1210 779 tam
1267 721 1421 784 urbs.
1480 734 1645 790 quam
1703 715 1854 786 regio

281 826 581 886 Chorasani
614 825 817 888 vicina,
843 819 1009 876 Balch
1063 818 1241 873 eidem
1290 824 1397 879 est,
1457 826 1652 868 vorsus
1697 806 1858 866 Tata-

285 929 418 982 riam
443 925 670 980 tendens
700 936 903 994 ;quam
935 918 1160 975 annales
1183 915 1353 971 nostri
1386 913 1616 970 Macban
1639 919 1856 971 vocant,

286 1019 406 1074 urbi
433 1015 757 1088 regionique
779 1009 1061 1068 communi
1113 1007 1335 1064 nomine
1367 1023 1382 1070 ;
1414 1003 1557 1058 haud
1590 1001 1706 1057 scio
1727 1013 1858 1054 num

281 1111 470 1168 eadem
507 1111 727 1165 sitcum
770 1105 884 1172 illa,
914 1118 1038 1174 qum
1063 1100 1281 1157 Macran
1305 1100 1376 1154 ab
1403 1096 1613 1154 Ortelio
1633 1093 1859 1154 dicitur,

281 1219 478 1258 versus
515 1201 698 1257 sinnm
753 1197 1058 1259 Persicum,
1125 1201 1181 1246 et
1244 1204 1397 1244 mare
1451 1187 1701 1243 Rubrum
1732 1182 1859 1238 sita.

286 1296 525 1350 Tataros
560 1291 767 1356 scribo,
804 1304 912 1345 non
941 1285 1225 1351 Tartaros,
1265 1293 1378 1338 tum
1428 1278 1573 1349 quod
1599 1277 1672 1330 ita
1730 1269 1861 1326 dicti

289 1387 400 1441 sint
429 1400 459 1440 a
489 1381 694 1438 Tataro
714 1379 958 1444 ﬂumine,
999 1376 1161 1446 cujus
1205 1373 1409 1428 accola
1476 1364 1722 1436 Sumogli
1781 1358 1865 1413 vel

291 1475 579 1546 Sumongii
615 1470 1052 1535 dicuntur,'hoc
1109 1474 1196 1521 est
1256 1461 1442 1534 Mogli,
1496 1460 1583 1515 vel
1637 1453 1865 1523 idongli,

291 1569 549 1624 Tatarive
573 1563 816 1636 aquatici
845 1579 860 1628 ;
897 1570 1011 1615 tum
1039 1558 1202 1614 etiam
1243 1570 1311 1612 ex
1343 1551 1674 1608 auctoritate
1695 1546 1870 1602 Saxo-

293 1677 424 1716 num
455 1665 796 1720 nostrorum,
850 1652 1045 1722 eisque
1097 1647 1435 1708 vicinorum,
1498 1641 1591 1712 qui
1633 1637 1869 1694 Tataros

296 1841 704 1909 manuscriptos
763 1836 984 1901 habeo;
1031 1835 1086 1887 in
1131 1830 1334 1902 quibus

297 1935 520 1991 Graeciae
554 1905 764 1996 noster,
801 1935 858 1985 et
882 1926 1204 1994 Puleiogus,
1262 1921 1358 1992 qui
1398 1917 1604 1986 ubique
1641 1913 1876 1971 Tataros
1902 1905 1949 1965 B

295 2035 515 2083 vocant.
546 2025 711 2097 5,00
737 2021 889 2077 Adde
922 2016 1298 2074 testimonium
1346 2009 1551 2068 veteris
1605 2007 1873 2078 epigram-

296 2121 480 2180 matis,
516 2126 644 2172 ante
668 2121 941 2171 trecentos
980 2123 1157 2164 annos
1180 2105 1442 2161 Ottocaro
1468 2101 1581 2170 regi
1602 2096 1875 2153 Bohemim

297 2213 461 2283 positi
493 2228 510 2275 ;
541 2209 636 2280 qui
671 2222 701 2262 a
746 2204 1044 2274 Rudulpho
1119 2201 1450 2268 imperatore
1510 2205 1690 2248 czesus
1735 2189 1878 2242 inter

301 2303 596 2358 auxiliarcs
630 2299 862 2354 Tataros
889 2294 1170 2350 Comanos
1197 2293 1306 2346 hoc
1327 2283 1690 2358 epitaphium,
1757 2295 1880 2333 ver-

304 2398 456 2455 sibus
487 2394 688 2450 iactum
725 2387 1006 2448 Leoninis,
1032 2398 1132 2454 pro
1148 2383 1369 2438 illorum
1394 2392 1548 2434 more
1576 2385 1879 2443 temporum

305 2487 516 2549 habuit,
538 2488 835 2552 frepertum
863 2479 918 2531 in
941 2475 1082 2531 libro
1108 2471 1398 2528 Annalium
1423 2464 1843 2522 Austriacorum
1861 2500 1876 2525 ,

305 2577 706 2643 manuscripto,
728 2586 888 2644 quem
943 2565 1267 2638 magnificus
1308 2560 1569 2617 dominus
1614 2555 1882 2624 Hierony-

305 2668 590 2729 mnsBeck
622 2658 1076 2732 aLeopoidsdorf
1123 2657 1389 2712 utendum
1449 2649 1582 2705 mihi
1637 2659 1736 2715 pro
1783 2657 1883 2700 sua

306 2765 648 2823 humanitate
673 2773 843 2816 cence
856 2757 992 2812 ssit:

383 2881 428 2936 Ο
451 2897 544 2934 rex
573 2882 815 2932 Ottocare
847 2862 1383 2942 quondnmpugnasti
1413 2861 1642 2942 honeste.

382 2927 542 3008 IV
577 2927 770 3003 inlisi
796 2927 988 3014 pa'nnis
1010 2927 1246 3007 depicta}
1286 2948 1408 2987 cum
1441 2927 1746 2984 Tateranis.

593 3063 648 3127 4.
688 3058 762 3113 De
797 3055 926 3111 urbe
958 3051 1190 3123 Bagdat,
1211 3048 1320 3104 sive
1339 3043 1610 3114 Bagadat.

383 3178 583 3235 Urbem
610 3171 931 3244 Begadatim
956 3165 1142 3236 accipe
1179 3164 1247 3218 de
1267 3158 1537 3216 hodierna
1607 3151 1892 3216 Babylone

312 3281 540 3347 propter
558 3242 756 3341 prisca:
777 3260 1081 3334 Babylonis
1099 3258 1292 3312 ruinas
1325 3267 1355 3306 a
1379 3247 1616 3308 suitanis
1658 3242 1894 3314 caliphis
1917 3249 1963 3312 c

317 3336 620 3422 exstructa.
645 3358 873 3414 Zonaras
899 3351 1110 3423 Bagdas
1157 3360 1358 3417 genere
1385 3339 1636 3398 masculo
1666 3336 1888 3392 dicitur.

321 3454 596 3510 Laonicus
629 3447 906 3520 Pogdatim
948 3449 1133 3507 vocat,
1154 3446 1209 3494 et
1233 3432 1591 3505 Pogdatinam
1648 3426 1733 3482 vel
1761 3424 1900 3492 Pag—

327 3548 568 3602 datinam
622 3540 950 3610 Babylonem
990 3551 1004 3588 :
1038 3530 1179 3602 apud
1240 3540 1406 3598 quem
1464 3531 1590 3578 nota
1643 3525 1899 3585 corrupte

329 3638 591 3706 scriptum
623 3603 1012 3688 hocvultimum
1072 3623 1126 3676 in
1151 3617 1363 3675 Latinis
1413 3612 1601 3676 editis,
1648 3603 1902 3672 Padagti-

325 3696 458 3784 nam
488 3715 1147 3796 Babylonem.Petrarcha
1177 3711 1293 3768 suis
1326 3709 1380 3763 in
1426 3701 1769 3777 poematibus
1797 3696 1905 3750 ita-

325 3823 448 3876 licis
477 3819 800 3874 Baldaccum
833 3810 1104 3866 nominat.

443 3935 504 3990 5.
526 3932 603 3987 De
636 3929 889 3989 Aladine,
919 3922 1161 3992 Selgure,
1199 3910 1586 3985 Tangroir'pt'ce,
1616 3905 1795 3963 εἰναι.

401 4043 650 4103 Aladinis
671 4041 830 4111 origo
850 4054 880 4092 a
897 4032 1094 4092 Turcis
1112 4029 1347 4085 refertur
1375 4023 1442 4080 ad
1473 4019 1786 4089 Selgucem.
1809 4011 1905 4082 qui

331 4138 601 4197 Gulieimo
631 4105 824 4205 Tyrio.
863 4127 1098 4184 fortasse
1122 4119 1336 4177 librarii
1365 4116 1524 4185 culpa
1550 4111 1766 4174 vitiose,
1788 4105 1911 4162 Sel-

332 4233 474 4288 dnch
513 4202 739 4282 dicitur.
762 4220 921 4277 Hunc
954 4213 1308 4278 Reineccius,
1328 4210 1416 4264 vir
1451 4202 1826 4262 doctissimus.
1856 4207 1912 4252 et

333 4313 791 4389 diligentissimus
815 4312 868 4364 in
888 4302 1232 4377 explicandis
1257 4295 1596 4371 genealogiis
1611 4289 1942 4352 historicis:

339 4379 494 4479 putat
521 4403 775 4462 eumdem
833 4413 956 4454 esse
989 4409 1115 4452 cum
1154 4385 1540 4459 Tangroiipice
1578 4379 1913 4455 (Tragolipix

340 4513 448 4553 non
487 4503 635 4550 recte
651 4489 936 4557 scribitur)
965 4487 1284 4541 Graecarum
1305 4476 1664 4534 historiarum
1699 4487 1714 4526 :
1767 4468 1914 4540 quod

1958 713 2097 767 tatis
2127 711 2511 783 appellatione.
2543 708 2815 766 Similiter
2868 716 2922 762 et
2950 706 3094 762 alius
3147 709 3321 758 restat
3383 713 3542 755 scru-

1957 804 2122 876 pulus
2149 805 2216 856 de
2243 819 2338 870 eo,
2362 802 2509 874 quod
2549 800 2725 864 addit,
2765 793 3263 865 videriquemdam
3319 806 3385 846 ex
3417 789 3544 844 Gia-

1960 897 2389 954 zadinisliheris
2403 893 2690 951 Aladinem
2722 888 3026 951 nominari,
3051 885 3145 956 qui
3202 882 3546 938 Chalcocon-

1961 992 2098 1064 dyia:
2134 991 2205 1046 sit
2242 988 2593 1045 Germianus.
2636 983 2748 1040 Nos
2768 982 2834 1037 de
2858 980 3013 1051 begis
3065 975 3382 1033 Germianis
3442 986 3544 1026 suo

1963 1083 2086 1140 loco
2109 1079 2314 1136 dicturi
2352 1093 2568 1135 sumus.
2600 1075 2808 1132 Ibidem
2863 1072 3138 1127 Sivastam
3187 1067 3541 1138 scripsimus.

1961 1189 2088 1244 quae
2115 1176 2276 1242 vulgo
2329 1171 2510 1236 Sivas,
2565 1167 2725 1239 quasi
2796 1165 3009 1229 Sivast,
3082 1161 3215 1218 urbs
3267 1155 3547 1213 Armeniae

1964 1267 2255 1337 (minorem
2297 1262 2579 1333 intelligo)
2599 1260 2900 1317 secundum
2931 1253 3378 1314 constitutionem
3406 1247 3546 1303 Leo-

1965 1359 2054 1413 nis
2082 1357 2318 1432 Augusti
2347 1355 2418 1411 de
2457 1353 2653 1410 ordine
2699 1352 3054 1409 thronorum,
3108 1347 3206 1416 qui
3266 1341 3543 1397 Constan-

1968 1426 2345 1520 tinopolitano
2365 1444 2693 1518 patriarcha:
2711 1440 2948 1509 subjecti
2977 1445 3137 1503 sunt,
3159 1447 3324 1505 quam
3347 1426 3548 1484 manu;

1968 1540 2232 1610 scriptam
2263 1539 2554 1595 habemus.
2611 1534 2673 1590 in
2725 1534 2827 1588 hac
2886 1527 3146 1585 Sebastia
3192 1531 3447 1584 vocatur,
3495 1524 3552 1572 et

1967 1607 2278 1686 Camachus
2307 1628 2357 1686 ei
2392 1627 2572 1682 vicina
2610 1623 2895 1682 statuitur.
2930 1634 3094 1691 quam
3119 1616 3262 1670 idem
3285 1611 3397 1666 Leo
3417 1607 3549 1664 facit

1977 1916 2244 1973 expressa
2273 1913 2428 1954 voce.
2458 1895 2613 1967 Apud
2638 1891 2942 1949 Laonicum
2969 1888 3024 1942 in
3049 1881 3290 1952 Bajazite
3336 1876 3561 1944 Laelape

1975 1967 2188 2050 lamaca.
2213 1991 2411 2046 vitiose
2439 1986 2661 2057 legitur.
2692 1984 2826 2038 Vide
2851 1987 3038 2035 notata
3078 1976 3339 2042 deinceps
3363 1967 3542 2030 capite

1973 2085 2101 2140 204.
2149 2081 2328 2138 Libuit
2361 2089 2543 2135 autem
2571 2078 2692 2132 haec
2723 2089 2846 2128 eam
2898 2071 2969 2126 ob
2994 2081 3218 2125 causam
3282 2062 3553 2121 indicare.

1977 2173 2122 2247 quod
2163 2171 2406 2228 Ortelius
2434 2168 2640 2230 varias,
2665 2169 2871 2221 etinter
2897 2177 2954 2218 se
2980 2158 3318 2214 dissidentes
3345 2150 3560 2221 opinio-

1979 2241 2078 2324 nes
2107 2265 2173 2321 de
2203 2264 2455 2321 Sebastia
2492 2259 2741 2330 proferat
2773 2273 2788 2310 :
2814 2255 2940 2310 aliis
2970 2266 3092 2307 eam
3129 2264 3236 2302 non
3271 2243 3464 2317 procul
3487 2241 3555 2296 ab

1979 2359 2258 2430 Euphrate
2282 2353 2674 2415 statuentibus,
2702 2349 2826 2401 aliis
2879 2345 2932 2400 in
2951 2341 3140 2398 Cilicia
3179 2357 3193 2393 :
3248 2352 3374 2392 cum
3437 2335 3547 2387 Ar-

1982 2449 2174 2505 menia:
2206 2447 2280 2502 sit
2309 2446 2424 2508 illa,
2447 2457 2570 2514 qua:
2595 2430 2753 2494 Sivas
2809 2434 3142 2506 appellatur,
3175 2426 3375 2482 Turcis
3403 2423 3562 2478 Sivas

1982 2539 2234 2604 scheher,
2259 2538 2368 2593 hoc
2395 2543 2480 2591 est
2509 2533 2612 2587 ubs
2647 2530 2885 2585 Sivaste.

1984 2655 2038 2712 ϐ.
2064 2653 2316 2724 Erainga,
2341 2648 2601 2705 Romania
2619 2644 2878 2708 Asiatica,
2900 2640 3136 2704 Amasia,
3157 2635 3352 2700 Clialrp
3371 2631 3563 2703 Syria.

2045 2769 2336 2838 'Ertzinga,
2377 2763 2537 2833 cujus
2560 2762 2650 2816 hic
2683 2757 2891 2812 mentio
2925 2755 3014 2818 fit,
3047 2761 3104 2806 et
3133 2765 3256 2820 qua:
3287 2745 3555 2836 ijJrzinzan

1989 2875 2209 2934 quoque
2231 2857 2514 2920 scribitur,
2542 2854 2675 2908 urbs
2697 2861 2780 2906 est
2811 2845 3102 2904 Armeniae.
3139 2825 3304 2916 cujus
3350 2850 3553 2891 nomen

1991 2957 2046 3011 in
2077 2954 2225 3010 edito
2247 2949 2489 3006 Laonico
2513 2946 2728 3002 diverse
2781 2941 3002 3012 legitur,
3061 2945 3119 2991 et
3177 2919 3248 2988 ad
3318 2929 3561 2985 vicinam

1992 3044 2264 3102 Armeniae
2287 3037 2694 3112 Cappadociam
2742 3031 3004 3093 refertur,
3061 3024 3226 3081 modo
3281 3018 3570 3088 Artzinga,

1996 3136 2164 3195 modo
2188 3110 2536 3204 Artzin—ganis
2572 3126 2726 3182 urbs.
2786 3121 3079 3192 Arzingam
3140 3122 3302 3170 vocat
3362 3110 3575 3182 Aytho-

1998 3246 2125 3287 nus.
2152 3201 2445 3300 Reperitur
2501 3220 2648 3292 apud
2699 3213 3006 3273 Laonicum
3060 3218 3114 3266 et
3143 3205 3383 3268 Ertzica,
3429 3201 3578 3258 sicut

2003 3321 2146 3392 apud
2172 3289 2412 3374 Leonem
2440 3289 2747 3383 Augustum
2781 3307 2834 3361 in
2893 3303 3083 3358 eadem
3111 3295 3367 3353 Armenia
3417 3289 3579 3362 poni-

2005 3425 2095 3471 tur
2121 3412 2361 3477 Artzice,
2423 3409 2528 3464 sub
2559 3400 2852 3472 metropoli
2914 3393 3188 3452 Keitzina.
3253 3384 3580 3444 Romaniam

2008 3691 2139 3745 bant
2169 3682 2379 3754 vocari)
2431 3677 2731 3750 provinciis
2779 3668 3062 3730 Asiaticis,
3119 3679 3227 3734 qua
3280 3661 3443 3716 etiam
3496 3669 3585 3710 re-

2007 3778 2285 3836 centiores
2311 3749 2564 3828 historici
2593 3765 2768 3822 Graeci
2796 3758 3080 3816 Romaniae
3101 3749 3370 3810 vocabulo
3425 3761 3582 3801 com-

1943 3877 1958 3887 ”
2009 3871 2150 3944 plexi
2187 3874 2338 3926 sunt.
2393 3861 2616 3918 Amasia
2658 3871 2855 3914 nomen
2890 3850 3162 3918 hodieque
3196 3842 3416 3904 retinet,
3452 3835 3585 3892 urbs

2010 3930 2372 4033 happadocia:
2412 3955 2596 4012 :.licet
2625 3951 2679 4006 ir
2709 3941 3108 4005 constitutione
3139 3934 3338 3992 Leonis
3408 3930 3582 3998 impe«

2015 4019 2240 4116 rat-oris,
2274 4061 2438 4116 quam
2468 4043 2733 4105 diximus,
2759 4038 2828 4093 ad
2855 4027 3214 4101 Helenoponti
3238 4019 3578 4094 provinciam

2015 4146 2084 4201 de
2114 4113 2235 4212 qua
2273 4113 2328 4194 in
2378 4131 2680 4193 Justiniani
2738 4124 2969 4197 Augusti
3046 4117 3278 4177 novellis
3329 4113 3590 4184 pleraque

2017 4203 2320 4292 constituta
2349 4228 2624 4298 leguntur,
2654 4221 2808 4277 velut
2834 4219 2954 4288 ejus
3015 4207 3336 4280 metropolis
3382 4203 3593 4260 refera-

2021 4339 2131 4392 tur,
2155 4327 2256 4381 sub
2283 4337 2390 4394 qua
2407 4296 2619 4390 preter
2642 4316 2783 4371 alios
2796 4311 3166 4382 episcopatus,
3193 4303 3358 4358 etiam
3387 4296 3590 4364 Sinope
3682 4346 3692 4352 _

2020 4426 2357 4477 recensetur.
2383 4386 2682 4481 C-haiepum
2699 4405 2868 4476 Syria:
2881 4397 3226 4455 notissimam
3259 4403 3408 4445 nunc
3432 4386 3597 4441 etiam

2023 4512 2240 4573 urbem,
2271 4518 2325 4562 et
2353 4503 2596 4561 Orientis
2631 4495 2942 4566 emporium
2977 4483 3422 4544 celeberrimum,
3450 4475 3594 4531 male

339 4602 471 4643 vero
501 4601 609 4639 non
639 4580 914 4669 ahsimile,
942 4591 1068 4632 cum
1097 4567 1455 4638 Tangroliplx
1487 4567 1914 4633 cognomentum
1949 4598 1998 4657 υ
2023 4566 2367 4662 Chalco'com'
2410 4599 2445 4651 Ι,
2510 4596 2521 4608 ,
2974 4582 3020 4637 G
3099 4577 3120 4632 ι.
3287 4572 3311 4626 ί
3376 4571 3418 4624 ,ι
3466 4568 3508 4621 Ε
3551 4566 3600 4605 ._

1187 4658 1231 4669 -
1378 4655 1391 4667 ο
1444 4655 1457 4669 .
1775 4646 1915 4669 ___,_,.
2375 4615 2478 4669 yis
2510 4603 2782 4662 interpres
2821 4599 2946 4640 cum
3023 4596 3090 4636 eu
3123 4589 3230 4632 rato
3311 4586 3390 4627 aet
3514 4583 3566 4635 pl

343 4675 617 4748 quoddam
640 4687 766 4728 esse
819 4668 1093 4728 videatur,
1120 4676 1150 4715 a
1187 4655 1393 4728 Tangri
1426 4652 1743 4713 deductum,
1770 4646 1916 4714 quod

343 4737 540 4826 ’θυι-εἰς
580 4767 748 4822 Deum
782 4759 1085 4830 significat,
1111 4753 1327 4823 adjecta
1379 4761 1537 4812 voce,
1567 4757 1734 4814 quam
1766 4737 1926 4809 equi-

342 4863 467 4916 dem
491 4859 740 4915 divinare
781 4829 887 4908 non
920 4863 1168 4919 possum.
1201 4839 1412 4897 Fratris
1470 4837 1592 4908 ejus
1649 4833 1816 4907 illius
1864 4829 1925 4887 in

343 4954 580 5012 Cedrino
619 4963 742 5005 meo
769 4941 1169 5010 manuscripto,
1205 4949 1316 5007 quo
1345 4933 1467 5001 ejus
1514 4925 1762 4984 auctoris
1814 4936 1924 4977 non

346 5046 494 5099 edita
525 5041 831 5112 fragmenta
859 5043 1122 5105 quatuor,
1141 5042 1266 5083 cum
1297 5025 1506 5094 aliquot
1528 5018 1927 5087 imperatorum

349 5137 477 5192 vitis
501 5135 766 5189 hactenus
796 5104 1129 5184 desideratis
1179 5119 1556 5176 continentur,
1626 5122 1736 5162 non
1766 5104 1930 5158 ‘Cut-

349 5231 556 5288 inmus,
589 5225 684 5280 sed
713 5221 1072 5278 Cutlumuses
1119 5221 1350 5266 vocatur
1392 5224 1408 5263 :
1450 5201 1596 5274 quod
1656 5197 1934 5267 signiﬁcat

355 5317 586 5378 Musem,
609 5315 725 5370 sive
763 5311 968 5366 Mosem
998 5307 1335 5361 fortunatum
1369 5312 1434 5351 ac
1462 5294 1704 5349 felicem.
1735 5286 1930 5341 Aiadin

356 5409 439 5463 vel
463 5408 652 5464 Aledin
683 5403 963 5474 signiticat
1005 5397 1276 5454 divinum.
1302 5387 1630 5446 Reineccius
1657 5381 1939 5438 existimat

355 5517 481 5557 esse
504 5512 800 5556 commune
822 5507 1029 5550 nomen
1052 5487 1312 5545 omnibus
1339 5479 1555 5537 Turcis:
1581 5476 1664 5532 vel
1690 5472 1940 5530 lconien-

2026 4657 2307 4765 phaniam,
2343 4657 2625 4743 licilonius
2649 4657 3004 4748 ilierapolim,
3070 4664 3363 4724 Seidlizius
3415 4657 3602 4712 Antio-

2025 4787 2205 4845 chiam
2260 4792 2513 4850 magnam
2571 4774 2626 4828 in
2690 4770 3024 4836 Comagena,
3072 4757 3246 4827 magis
3301 4748 3597 4822 imperite:

2193 4839 2776 4932 Zonaras,‘Cedrinus,
2808 4857 3049 4918 Nicetas,
3078 4860 3367 4936 expresse
3395 4839 3600 4936 Chaicp

2028 4970 2231 5025 dictam
2443 4924 2662 5010 tradant
2692 4924 3034 5004 Be'rrhosam.
3075 4934 3279 5004 Halepo
3299 4931 3413 5001 jam
3439 4924 3602 5025 vulgo

2030 5013 2539 5115 dicilu-r.vilidicuia
2563 5038 2796 5100 chfraei
2822 5033 2994 5096 notio,
3019 5027 3114 5100 qui
3141 5025 3313 5115 Aleph
3349 5018 3468 5074 vult
3516 5013 3605 5115 di:

2033 5160 2198 5212 ctam,
2230 5153 2286 5202 et
2318 5159 2349 5198 a
2384 5139 2559 5211 prima
2603 5133 2960 5188 Hebraorum
2989 5124 3173 5179 littera
3201 5113 3437 5174 derivat,
3462 5102 3608 5177 quod

2034 5203 2210 5314 prima
2236 5203 2411 5303 Syriae
2453 5230 2648 5286 civitas
2677 5224 2792 5290 sit,
2822 5234 2950 5277 cum
3002 5212 3274 5280 hodieque
3319 5203 3618 5258 Damascus

2036 5348 2157 5391 eam
2189 5331 2352 5399 longe
2382 5329 2623 5392 superet.

2267 5441 2323 5495 Ἰ.
2368 5432 2608 5506 Mapalia
2639 5429 2931 5484 Turcorum
2957 5430 3006 5476 et
3039 5417 3389 5472 Tatarorum.

2114 5561 2246 5629 Quae
2269 5557 2336 5612 de
2369 5549 2676 5621 mapalibus
2720 5537 2997 5596 Ertuculis
3057 5531 3334 5589 dicuntur,
3390 5515 3618 5629 intelligi

359 5609 515 5648 SIDIIS
542 5609 798 5653 sultams,
829 5609 929 5643 CCII
993 5609 1447 5653 CUgIIUIucusuI-i,
1511 5609 1588 5625 n.-
1655 5609 1939 5637 ...δη-...π-
2121 5609 2245 5629 “r—
2275 5609 2330 5612 __
2463 5609 2478 5621 _

359 5683 808 5756 appellationem,
845 5676 990 5748 quod
1015 5672 1267 5743 equidem
1298 5665 1532 5737 probare
1566 5674 1674 5714 non
1714 5667 1943 5728 possum
2024 5648 2338 5720 commode
2367 5647 2628 5716 poterunt
2675 5651 2740 5693 ex
2789 5634 2940 5688 hisce
2990 5621 3159 5680 Marci
3208 5616 3361 5673 Pauli
3426 5609 3622 5666 Veneti

1921 5745 1936 5756 ·
2148 5747 2163 5756 -
2189 5747 2198 5756 -
2364 5737 2554 5756 ιενηι--
2597 5731 2925 5756 η’...ληι-..ηη
2999 5720 3116 5756 εἶναι
3152 5710 3382 5756 Intumui
3443 5703 3622 5756 notius

363 5745 592 5849 pii-mae
617 5789 684 5829 ac
734 5745 920 5827 dicere
962 5783 1075 5824 non
1128 5776 1361 5835 possum
1415 5761 1730 5829 propterea,
1786 5745 1939 5817 qnod

271 5925 278 5930 ,
363 5843 550 5940 plures
581 5864 726 5921 inter
747 5859 1102 5923 Osmanidas,
1140 5856 1341 5912 velute
1399 5843 1708 5922 genealogis
1772 5846 1943 5912 patet,

2050 5747 2258 5808 verbis,
2298 5703 2558 5796 aediculas
2597 5731 2952 5787 Tatarorum,
2999 5720 3116 5776 sive
3152 5710 3382 5783 mapalia
3443 5703 3625 5775 potius

2052 5797 2433 5903 describentis,
2469 5826 2710 5899 antiquis
2772 5819 2922 5878 hisce
2980 5807 3232 5868 Turcicis
3294 5797 3622 5860 simillima:
