2009 3216
235 203 283 233 731
294 190 299 193 ’

845 199 965 229 IOANN
973 198 1006 228 [Ξ
1025 196 1261 228 LEUNCLAVtI‘

1806 191 1864 221 ΤΞ

237 255 431 286 ῠωιιυτιοιιῐςιε,
447 254 545 287 inquit,
560 254 657 281 habent
686 255 713 281 in
729 254 838 282 modum
855 255 1016 282 tabernacu-

1071 252 1145 280 modi
1163 261 1169 279 :
1184 252 1292 281 κτίσας
1306 251 1335 281 δι
1352 251 1456 282 πόλεις,
1475 250 1539 285 μίαν
1565 249 1603 274 ὲν·
1615 247 1652 281 τῷ
1678 247 1782 282 Πᾶντῳ,
1808 248 1860 273 καὶ

236 302 334 332 lorum,
351 300 429 335 ἀοι
445 300 515 327 ﬂltru
534 305 686 333 coopertus)
698 308 768 335 quas
782 308 874 328 secum
895 300 1021 327 deferunt

235 354 397 381 quocunque
418 346 543 380 migrant.
562 345 702 373 Laonicus
717 346 835 373 tentoria
865 346 962 379 pilvata
981 345 1022 372 di-

235 398 299 417 cere
313 391 430 420 videtur,
440 390 540 424 quibus
553 394 667 418 utantur
680 396 804 424 pastores
822 391 892 425 apud
905 389 1020 417 Turcos.

254 445 279 472 8.
303 444 427 471 Romania
442 445 548 477 duplex,
569 445 701 477 Anatolio,
721 445 851 477 Rumelia,
866 445 992 473 Rumiler.

269 500 336 527 Cum
358 501 487 527 Aladines
505 508 654 533 occupasse
668 502 823 535 complures
850 502 1019 529 inltmnania

237 546 391 580 provincias
407 552 545 578 narratur,
558 547 651 581 accipe
680 547 838 573 Romaniam
869 548 1017 574 Asiaticam

235 591 275 617 vel
288 591 455 618 Anatolicam
468 611 475 622 ,
495 591 638 624 Romanis,
664 592 717 619 hoc
729 598 781 623 est,
792 592 893 619 Grmcis
905 593 1016 626 impera-

236 636 338 662 toribus
351 641 413 663 ante
431 637 477 663 illa
495 643 616 671 tempora
639 638 787 669 subjectam
804 658 810 668 ,
842 639 1018 672 quemadmo-

235 681 298 707 dum
314 682 394 714 paulo
413 686 475 708 ante
491 682 659 709 notavimtts.
684 683 750 709 Nam
764 683 864 717 aiioqui
891 689 986 710 notum
1003 691 1016 708 a

235 727 331 755 Turcis
343 727 506 759 Anatolium,
519 736 572 762 qua
587 729 676 755 minor
689 730 751 760 Asia
765 730 1016 763 comprehenditur,

235 780 248 798 a
264 772 387 799 Rumelia
402 773 545 807 distingui,
583 778 610 801 et
630 775 793 804 Ruinclium.
809 775 863 801 sive
880 774 949 801 Rum
979 776 1017 801 vi-

235 817 314 849 lagct,
334 817 441 851 proprie
458 818 650 845 diciGrmcium
665 819 833 853 Europaéam,
848 820 888 846 vel
905 819 1015 846 verbum

235 862 317 888 verbo
332 862 354 888 si
376 863 486 894 reddas,
506 863 616 890 Graeciae
642 864 780 898 regionem
797 872 877 891 :cum
899 863 985 892 Graeci
1002 873 1015 891 τι

235 906 332 934 Turcis
346 908 483 941 eleganter
495 909 683 943 loquentibus,
698 909 821 936 Iiumiler
837 910 877 937 vel
896 909 1016 937 Rlnnilar
1033 917 1052 943 Β

235 952 416 985 appellentur.
434 953 573 981 Urnmilar
599 962 613 981 a
629 956 717 989 vulgo.
735 954 837 982 Rumes
865 955 968 982 Garzi:e
984 956 1016 982 ab

235 996 309 1029 Orta,
327 998 406 1032 cujus
418 999 515 1033 interp.
529 1000 595 1026 clar.
610 1005 636 1026 et
652 1006 708 1034 opt.
722 1001 792 1031 viro,
811 1001 914 1027 Karulo
925 1002 1017 1028 Clusio

235 1049 328 1071 nostro
345 1044 488 1075 debemus.
506 1046 627 1073 Thraces
645 1052 725 1078 sunt,
754 1047 816 1072 dum
835 1052 937 1080 partem
968 1054 1016 1080 pro

234 1091 293 1114 toto
311 1089 405 1116 sumit.
428 1090 533 1124 Quippe
547 1092 673 1118 universa
691 1091 822 1125 Europzca
837 1091 954 1124 Graecia,
966 1099 1015 1118 ceu

233 1134 361 1166 divinius,
377 1135 509 1163 Romania
522 1142 659 1163 vocatur:
677 1137 756 1171 cujus
768 1141 795 1164 et
825 1142 918 1172 partes
944 1137 1014 1170 duae,

234 1180 349 1206 Thracia
365 1181 479 1211 scilicet,
495 1182 652 1216 Argivaque
671 1183 758 1218 regio,
772 1183 852 1217 cujus
876 1183 940 1210 urbs
954 1191 1015 1210 mu-

234 1223 367 1251 nitissima
387 1224 481 1259 Napoli
501 1226 526 1252 di
542 1225 674 1253 Romania
688 1227 798 1260 dicitur,
811 1227 950 1254 Romaniae
968 1234 1016 1254 no-

234 1276 294 1293 lucu
310 1269 443 1296 obtinuerit.

233 1325 259 1350 9.
283 1324 431 1358 Tanrhari,
456 1326 581 1361 Tungori,
603 1327 734 1355 Tunc/tari
750 1328 908 1355 Talarorum
932 1328 1014 1355 natio.

268 1382 370 1408 Nomen
388 1382 517 1414 nationis,
547 1390 607 1416 quae
643 1383 740 1410 bellum
774 1383 880 1410 Aladini
911 1383 1015 1415 fecerit.

233 1427 356 1454 Annales
370 1427 396 1453 hi
413 1435 466 1454 non
482 1428 638 1462 exprimunt
656 1429 719 1456 :scd
732 1438 764 1456 rx
777 1429 893 1457 Przetore
906 1430 1017 1456 Graeciae

233 1477 327 1498 nostro
351 1476 439 1506 paret,
465 1473 778 1502 sultanislconicnsibus
791 1480 919 1509 perpetua
931 1475 1015 1504 fuisse

232 1525 293 1543 cum
326 1518 360 1544 iis
391 1517 496 1545 Tutaris
508 1518 587 1552 bella,
602 1528 671 1554 quos
687 1521 745 1554 ipse
755 1521 913 1548 Tancharos
926 1526 1014 1553 vocat.

231 1563 371 1597 Aythonns
399 1563 547 1598 Tangoros.
561 1564 619 1591 Non
635 1566 706 1592 enim
721 1566 826 1599 Tanzot
841 1567 911 1601 apud
942 1568 1015 1594 hunc

232 1608 418 1640 scribendum.
433 1611 480 1636 sed
505 1609 626 1645 Tangor.
651 1612 746 1638 ltidem
772 1611 877 1640 Ortelio
907 1613 1014 1647 'l‘angut

231 1654 305 1687 regio
324 1659 446 1687 vocatur,
461 1663 521 1690 qua:
535 1657 636 1683 rectius
652 1656 773 1692 Tangur.
801 1659 878 1693 Apud
906 1659 1013 1694 Pachy-

232 1700 345 1725 merium
355 1721 361 1732 ,
374 1705 400 1726 et
410 1700 478 1728 alios
490 1700 610 1734 Graecos,
636 1702 765 1736 Tochari,
778 1704 901 1731 detracta
922 1704 1013 1732 littera

230 1754 257 1778 γ,
276 1745 419 1779 leguntur:
437 1747 482 1780 qui
509 1748 603 1775 verius
628 1749 839 1784 appellabuntur
864 1750 1011 1778 Tonchari.

230 1803 273 1830 10.
287 1803 350 1831 Urbs
360 1802 472 1839 Enguri,
483 1805 599 1840 Ancyra.
607 1806 802 1835 Monumentum
814 1813 885 1836 velut
897 1808 1013 1844 Ancyra-

581 1849 653 1868 num.

263 1885 392 1918 Engurim
408 1887 490 1914 Turci
505 1894 604 1915 vocant
630 1889 726 1916 urbem
747 1890 874 1918 Asiaticae
885 1890 1010 1926 Galatiae,

228 1939 287 1965 qua:
305 1931 378 1959 dicta
408 1933 506 1967 priscis
535 1934 584 1961 fuit
614 1936 731 1970 Ancyra,
747 1940 774 1963 et
788 1935 1011 1972 LeoniAugusto

227 1983 323 2009 quarta
338 1978 498 2006 thronorum
531 1980 558 2006 in
575 1980 672 2008 ordino
697 1983 858 2016 metropolis
890 1987 933 2011 est
959 1984 1011 2011 sub

227 2022 383 2055 patriarcha
397 2022 701 2058 Constantinopolitano
717 2035 724 2053 :
739 2026 809 2054 satis
840 2027 905 2055 olim
940 2028 1011 2056 cele-

228 2066 285 2092 bris
297 2066 377 2092 etiam
394 2067 429 2093 ob
456 2067 680 2102 antiquissimam
713 2069 951 2101 Christianorum,
965 2078 1011 2106 sy-

227 2111 339 2142 nodum,
356 2118 415 2145 quce
427 2112 489 2138 istic
507 2112 597 2139 habita
614 2113 674 2145 fuit,
689 2118 716 2142 et
747 2114 827 2149 cujus
838 2119 899 2142 acta
914 2115 1016 2143 decrem

226 2160 308 2187 taque
320 2156 411 2190 plena‘
426 2157 535 2190 pietatis
554 2162 676 2186 exstant.
709 2159 795 2187 llodie
820 2167 920 2196 magna
952 2161 1009 2188 illic

225 2202 303 2235 copia
327 2203 462 2237 cymatilis
495 2204 539 2230 vel
567 2204 691 2232 undulati
715 2206 799 2240 panni
831 2206 1006 2240 (camelotnm

1072 298 1158 332 ἄλλην
1172 298 1201 324 ιν
1214 299 1247 332 τῇ
1272 297 1400 332 ‘Apnﬂq,
1417 297 1466 325 καὶ
1482 295 1577 326 ἑτέραν
1590 296 1619 321 ὲν
1635 295 1723 329 Συρίᾳ
1736 301 1859 324 καταπε-

1073 343 1172 370 σοῠσαν
1190 342 1243 369 ὑπὸ
1257 342 1417 376 θεομηνῐας,
1438 341 1550 376 ὀνόματι
1566 340 1735 376 Σαλᾳμίνην,
1746 341 1860 374 ἀνεγεῖ-

1072 395 1137 423 ρας·
1153 388 1266 427 ἐκάλεσε
1279 387 1328 422 τὴν
1341 388 1400 422 μὲν,
1417 387 1570 423 Ἄγκυραν.
1584 386 1631 413 διὰ
1651 386 1682 416 τὸ
1703 386 1790 420 μέσην
1805 385 1860 412 αὒ-

1071 434 1120 466 τὴν
1135 431 1205 459 εἶναι
1223 433 1277 459 τῶν
1292 434 1338 459 δύο
1360 433 1512 464 θαλασσὼν,
1530 432 1579 466 τῆς
1594 440 1624 458 τε
1640 431 1777 464 Ποντικῆς
1805 431 1856 457 καὶ

1069 479 1118 512 τῆς
1137 478 1265 511 Ἀσιανῆς
1278 486 1284 492 -
1301 478 1351 513 τὴν
1365 478 1403 509 δὲ,
1418 478 1549 512 Βόστραν,
1570 477 1608 508 εἰς
1624 476 1708 510 ὄνομα
1723 475 1776 502 τῶν
1793 475 1857 503 κτε-

1071 532 1165 555 σαντος
1181 524 1265 557 αὐτὴν
1280 523 1432 557 στρατηγοῦ
1446 522 1577 555 Βΰστρου·
1600 522 1650 556 τὴν
1672 521 1700 548 δὲ
1737 521 1855 554 μετωνό-

1072 577 1144 602 una
1157 568 1306 595 Διόσπολιν.
1320 567 1442 600 Quorum
1458 568 1502 594 hic
1517 574 1616 594 sensus
1627 570 1689 594 est:
1704 565 1771 596 Cum
1788 572 1858 592 con-

1069 614 1184 641 didisset
1201 617 1336 648 Augustus
1352 613 1444 644 urbes,
1468 620 1550 639 unam
1565 612 1591 639 in
1607 611 1708 644 Ponto,
1737 611 1855 637 alteram

1071 660 1095 686 in
1114 660 1224 691 Arabia,
1246 660 1352 687 tertiam
1386 659 1411 685 iu
1443 657 1520 693 Syria
1552 658 1650 693 Cypro.
1677 657 1702 684 vi
1729 655 1857 687 numinis

1069 705 1130 731 irati
1149 705 1310 739 collapsam.
1329 704 1440 731 nomine
1468 703 1635 736 Salaminen,
1664 701 1830 729 restituisset
1846 721 1855 732 ,

1069 750 1336 784 primamappellavit
1361 752 1507 784 Ancyram,
1537 748 1589 774 hoc
1605 751 1648 776 est
1689 746 1853 777 anchoram,

1068 802 1210 830 propterea
1227 796 1299 829 quod
1315 800 1388 822 esset
1399 794 1488 821 medio
1501 794 1552 821 sita
1564 794 1625 820 loco
1639 793 1709 820 inter
1721 792 1775 819 duo
1790 799 1855 818 mn-

1068 841 1119 871 ria,
1133 840 1276 867 Ponticum
1293 845 1319 867 et
1347 840 1498 867 Asianum:
1527 832 1642 865 alteram
1671 837 1807 868 Bostram.
1836 843 1859 863 ar

1067 895 1082 913 a
1108 891 1221 920 praetore
1252 886 1347 914 Bostro
1381 893 1462 920 quem
1489 889 1638 917 structum
1667 884 1854 921 prmiecerat:

1068 932 1153 960 tertize
1168 940 1265 959 nomen
1283 933 1309 958 in
1328 932 1478 966 Diospolim
1511 931 1641 958 mutavit.
1666 930 1854 963 Busbequius,

1068 979 1109 1004 vir
1122 978 1245 1009 illustris,
1264 978 1292 1004 in
1306 977 1452 1004 ltinerario
1470 976 1606 1007 meminit,
1621 977 1691 1009 hanc
1703 975 1801 1009 urbem
1816 975 1854 1002 ab

1066 1023 1137 1056 Asia‘
1150 1022 1345 1050 communitate
1355 1022 1395 1057 (τὺ
1404 1022 1492 1049 κοινὸν
1504 1022 1552 1055 τῆς
1571 1021 1664 1052 Ἀσίας
1673 1020 1766 1047 dlxerc
1777 1019 1856 1048 (ἶνε-

1067 1070 1102 1102 ci)
1123 1069 1245 1103 Augusto
1262 1068 1347 1094 fuisse
1364 1067 1492 1094 dicatam.
1508 1066 1604 1096 Merito
1630 1066 1739 1100 quidem
1752 1065 1780 1092 id
1811 1064 1854 1092 fa-

1068 1119 1151 1146 ctum,
1166 1114 1188 1140 si
1211 1113 1251 1139 vel
1263 1112 1400 1144 conditor,
1430 1112 1472 1138 vel
1503 1111 1673 1139 instaurator
1701 1110 1762 1144 ejus
1791 1115 1854 1138 erat

1067 1160 1217 1192 Augustus.
1230 1158 1347 1193 Ideoque
1364 1164 1417 1183 non
1435 1157 1483 1184 abs
1496 1164 1526 1184 re
1541 1157 1629 1184 voluit
1652 1155 1722 1183 idem
1752 1154 1850 1190 Augu-

1067 1210 1126 1232 slus
1144 1212 1235 1231 rerum
1255 1204 1302 1231 abs
1316 1211 1344 1231 se
1374 1208 1528 1238 gestarum,
1554 1209 1623 1237 quas
1650 1201 1734 1228 incidi
1756 1200 1854 1228 Roma

1067 1251 1178 1278 duabus
1197 1251 1223 1277 in
1242 1251 1356 1278 aheneis
1372 1250 1435 1285 pilis
1448 1250 1578 1283 jusserat,
1590 1248 1729 1283 exemplar
1740 1247 1786 1275 hic
1805 1254 1855 1275 cx-

1067 1301 1149 1323 stare.
1179 1296 1393 1331 Conspiciuntur
1427 1299 1518 1322 autem
1547 1293 1742 1330 qpalesquales
1770 1292 1851 1326 hujus

1067 1341 1188 1376 reliquiae
1204 1341 1367 1368 marmoreis
1384 1340 1529 1372 insculptze
1561 1339 1714 1374 parietibus
1743 1337 1844 1365 mdilcii

1066 1387 1178 1418 veteris,
1201 1386 1272 1421 quod
1289 1386 1374 1414 adem
1390 1386 1525 1421 Apollinis
1536 1386 1619 1412 fuisse
1640 1388 1738 1419 putant
1750 1380 1841 1417 aliqui,

1067 1432 1240 1465 Busbequius
1254 1432 1424 1466 prmtorium.
1438 1431 1464 1458 Id
1481 1438 1545 1458 vero
1562 1435 1616 1458 tam
1632 1430 1739 1465 insigne
1750 1436 1849 1456 monu-

1067 1482 1188 1505 mentum
1205 1477 1377 1511 antiquitatis
1389 1476 1532 1509 Romanae,
1560 1477 1624 1511 quia
1647 1476 1733 1503 lector
1757 1476 1851 1503 existi-

1067 1531 1142 1550 mare
1156 1523 1234 1550 facile
1252 1527 1351 1557 potest.
1364 1531 1378 1550 a
1394 1523 1428 1550 54
1445 1527 1471 1549 et
1484 1522 1688 1561 ampliusannis
1703 1522 1851 1550 admodum

1029 1580 1050 1609 ο
1067 1577 1128 1597 esse
1146 1569 1339 1600 deformatum,
1352 1573 1379 1595 et
1397 1569 1430 1596 ah
1446 1568 1554 1596 infestis
1571 1568 1645 1595 omni
1670 1567 1771 1596 Graecae
1795 1567 1854 1595 1ιο-

1066 1622 1207 1649 manaeque
1223 1615 1366 1650 elegantiae
1381 1614 1507 1642 Barbaris
1521 1613 1646 1648 quotidie
1660 1613 1747 1648 magis
1765 1614 1852 1641 etiam

1065 1661 1178 1687 lacerari
1196 1667 1226 1687 ac
1239 1660 1309 1686 dirui
1327 1667 1333 1685 :
1349 1659 1435 1692 placet
1447 1666 1542 1686 eorum
1554 1665 1651 1689 causa,
1669 1658 1715 1693 qui
1728 1658 1851 1694 antiqui-

1064 1710 1149 1732 tatum
1168 1713 1232 1732 vere
1252 1704 1342 1740 magni
1374 1703 1600 1731 testimandarum
1629 1702 1745 1731 studiosi
1769 1709 1852 1735 sunt.

1063 1753 1102 1779 sic
1118 1759 1276 1787 expressum
1294 1752 1344 1777 hoc
1358 1751 1418 1777 loco
1430 1749 1567 1783 subjicere
1583 1757 1590 1777 :
1617 1749 1850 1790 quemadmodum

1063 1798 1088 1824 id
1107 1798 1238 1832 temporis
1254 1797 1359 1831 legatus
1372 1795 1493 1823 Caesaris
1516 1794 1695 1829 Ferdinandi,
1724 1795 1853 1824 maxima:

1062 1845 1103 1871 vir
1111 1842 1250 1878 dignitatis
1259 1842 1395 1870 Antonius
1404 1841 1560 1873 Verantius,
1573 1842 1719 1876 episcopus
1731 1841 1850 1877 Agricu-

1062 1891 1112 1921 sis,
1129 1898 1176 1923 per
1184 1896 1249 1916 suos
1263 1889 1409 1915 transcribi
1440 1888 1563 1915 curavit.
1579 1888 1683 1915 Mecum
1699 1895 1767 1915 vero
1775 1895 1853 1926 come

1062 1934 1220 1965 munieabat
1232 1938 1301 1961 ante
1322 1933 1521 1968 profectionem
1537 1934 1570 1960 ad
1584 1933 1689 1961 Turcos
1716 1938 1851 1966 nostram,

1060 1979 1102 2006 vir
1132 1978 1245 2010 nobilis,
1274 1983 1301 2004 et
1324 1977 1438 2012 antiqua
1462 1977 1562 2004 virtute
1577 1985 1609 2004 ac
1639 1977 1704 2009 ﬁde,
1726 1977 1849 2005 Karulus

1060 2023 1170 2056 Clusius
1188 2022 1314 2054 Atrebas,
1347 2025 1488 2057 acceptum
1521 2022 1555 2049 ab
1583 2022 1694 2049 Antonii
1724 2022 1851 2057 praesulis

1062 2073 1174 2103 nepote,
1190 2067 1292 2097 Fausto
1307 2067 1436 2094 Verantio
1454 2075 1461 2094 :
1491 2075 1606 2101 quorum
1632 2067 1754 2094 omnium
1778 2075 1847 2095 sane

1061 2114 1228 2142 mentionem
1246 2113 1314 2145 ﬁeri,
1330 2114 1419 2140 visum
1434 2113 1486 2140 fuit
1502 2113 1700 2148 aequissimum,
1730 2114 1769 2141 uti
1779 2121 1847 2142 con-

1060 2163 1230 2187 servatorum
1243 2159 1385 2194 fragmenti
1399 2159 1507 2193 penitus
1524 2159 1611 2192 aurei,
1628 2159 1702 2193 quod
1732 2160 1796 2187 caeli
1811 2166 1843 2188 ac

1061 2201 1211 2232 Turcorum
1228 2205 1338 2239 injuriis
1349 2204 1515 2239 expositum,
1533 2212 1567 2231 ne
1583 2204 1731 2240 cateroqui
1759 2205 1839 2232 nobis

226 2248 304 2281 vulgo
316 2249 424 2283 vocant)
440 2250 520 2283 longe
536 2250 758 2284 praestantissimi
784 2252 899 2287 tingitur
912 2257 939 2279 et
951 2252 1007 2279 ela-
1023 2248 1045 2276 D
1060 2252 1175 2285 Ancyrae
1188 2258 1312 2285 prorsus,
1348 2257 1380 2277 ac
1398 2250 1474 2278 brevi
1503 2249 1617 2285 quidem
1640 2254 1742 2284 pereat,
1773 2250 1845 2278 haud

224 2293 348 2326 lioratur,
364 2295 473 2329 alioque
487 2295 663 2323 distrahenda
676 2296 802 2324 vehitur.

259 2338 381 2370 Quodam
394 2341 420 2367 in
451 2341 573 2368 historia}
599 2341 700 2370 Graecae
729 2343 808 2374 libro,
837 2343 917 2377 cujus
941 2344 1006 2377 quia

225 2383 343 2417 perierat
355 2386 474 2418 initium,
493 2394 527 2414 ne
538 2387 648 2422 quidem
669 2388 789 2416 auctoris
806 2389 872 2416 sciri
904 2395 1004 2416 nomen

225 2433 340 2462 poterat,
371 2431 461 2465 legere
488 2432 614 2465 memini,
638 2432 678 2460 ide
705 2432 843 2468 Ancyrani
875 2434 1004 2466 mancipii

224 2473 363 2502 conditore
378 2476 509 2511 Augusto.
525 2476 622 2506 Verbis
645 2486 677 2506 ea
707 2478 867 2506 referuntur
910 2480 1006 2514 hujus-

1060 2296 1164 2331 absque
1174 2303 1256 2323 causa
1273 2295 1461 2322 metuendum.
1479 2294 1533 2322 Sed
1551 2295 1670 2329 reliquas
1691 2295 1802 2322 tandem
1829 2302 1848 2322 e

1060 2341 1202 2376 naufragio
1221 2345 1275 2367 tam
1289 2340 1412 2375 prmclari
1430 2340 1538 2368 tabulas
1563 2340 1655 2375 operis
1673 2340 1761 2368 lector
1774 2340 1846 2367 acci-

1059 2388 1115 2422 piat
1133 2388 1170 2413 ita
1184 2386 1264 2413 dictis
1279 2386 1306 2412 in
1323 2385 1473 2421 parietibus
1499 2390 1638 2414 exstantes
1655 2394 1662 2413 :
1676 2389 1705 2413 ut
1730 2385 1851 2414 dimidia-

1058 2438 1122 2467 pars
1142 2432 1308 2459 intrantibus
1320 2431 1465 2459 editicium
1483 2432 1517 2460 ad
1534 2433 1668 2465 dextram,
1689 2430 1782 2460 altera.
1803 2439 1849 2460 se-

1060 2482 1115 2506 met
1128 2478 1160 2506 ad
1172 2478 1311 2506 sinistram
1329 2477 1436 2506 offerat.

890 2549 1025 2580 SERIES
1039 2550 1178 2580 PRIMA.

479 2616 599 2639 REKVM.
613 2616 795 2640 GES’I‘AR’VPJ.
816 2615 894 2638 DIVI.
911 2617 1055 2639 AVGVSTI.
1069 2616 1193 2643 QVIBVS.
1207 2617 1323 2639 ΟΙίΒΕΜ..

476 2656 646 2679 TERRARVM
666 2671 673 2679 .
689 2648 833 2678 Ῐ-ΜΡΕΜΟ.
849 2656 971 2678 POPVLI.
982 2657 1113 2678 ROMANI.
1132 2655 1285 2677 SYBJECIT.

478 2695 526 2716 ET.
539 2695 753 2718 IMPBNSARVM.
765 2694 914 2722 ‘QVAS..IN.
927 2696 1163 2718 REMI‘VBLICAM.
1173 2695 1230 2716 ΡΟ·

482 2734 660 2760 ννινΜρνΕ.
675 2733 842 2756 ROMANVM.
863 2734 960 2756 FECIT.
976 2735 1111 2757 INCISAI“
1121 2736 1155 2757 Al.
1168 2733 1212 2755 IN.

488 2773 610 2795 DVABUS
623 2772 766 2795 AHBNEIS.
787 2773 876 2795 PILIS.
892 2774 971 2800 ονΑΞ.
991 2774 1081 2796 SVNT.
1099 2774 1202 2796 ROME.

476 2811 610 2834 POSI'I‘E.
625 2812 802 2834 EXEHI’LAR.
819 2813 995 2835 SUBJECTUM
1001 2827 1006 2835 .

477 2851 597 2874 .ANNOS.
611 2851 819 2876 VNDEVIGINTI.
836 2852 945 2874 NATVS.
961 2853 1151 2874 EXERCITUM.
1163 2852 1310 2873 PRIVATO.

485 2890 636 2914 CONSILIO.
654 2892 702 2914 ET.
717 2892 860 2914 PRIVATA.
879 2892 1022 2914 IMl‘FNSA.
1036 2891 1221 2914 COMPAHAVI.
1241 2891 1373 2915 TERQVE.
