4018 6420
310 379 425 448 737

1477 373 1872 437 PANDECTE
1900 373 2097 436 HIST.
2128 374 2432 434 TURCIC.

3461 369 3574 439 ’δὲ

393 487 597 546 Habes,
624 481 832 551 optime
853 479 1054 545 lector,
1087 479 1345 550 reliquias
1385 481 1656 552 Aneyrani
1699 495 1895 533 monu-
1921 483 1969 542 Α
1999 481 2212 543 dorum,
2246 482 2299 534 in
2365 492 2686 552 potestatem
2736 483 3032 552 redegisse.
3065 483 3110 537 Α
3150 498 3259 554 quo
3327 483 3456 540 decc
3493 487 3574 539 nil

325 577 516 640 menti,
555 572 715 627 facile
748 572 994 624 omnium
1027 587 1149 640 qua:
1180 587 1325 624 nunc
1359 582 1596 637 exstant,
1628 581 1898 639 praestan-

331 665 558 730 tissimi,
582 661 867 732 siquidem
895 673 1043 716 esset
1073 663 1366 732 integrant.
1432 661 1562 733 Ejus
1605 661 1899 716 illustratio

332 771 442 810 non
477 753 638 823 hujus
670 758 756 805 est
787 749 914 804 IOci.

336 869 423 923 11.
449 867 607 930 Anni,
627 863 1132 935 mensium,dierum
1167 862 1308 930 apud
1341 861 1533 916 Tisrcos
1563 853 1780 920 ratiost
1807 881 1902 935 ap-

933 933 1269 1001 pellationes.

402 1026 589 1082 Notavi
619 1026 685 1082 ad
717 1026 1017 1096 marginem
1049 1026 1192 1089 libri,
1220 1040 1422 1081 annum
1462 1026 1900 1082 Mahumetanum

328 1119 454 1185 687,
496 1132 604 1188 quo
628 1129 878 1172 mortuus
916 1117 1202 1172 Ertucules
1265 1117 1518 1184 traditur,
1579 1134 1700 1173 esse
1747 1117 1905 1174 Chri-

326 1212 567 1266 stianum
599 1209 762 1264 1289.
794 1209 910 1264 Hoc
945 1209 1022 1262 uti
1054 1209 1272 1279 planius
1321 1210 1550 1281 intelligi
1615 1211 1812 1280 possit,
1835 1211 1904 1264 li-

331 1299 425 1353 bet
454 1299 558 1352 hoc
579 1299 697 1353 loco
732 1313 896 1368 quam
931 1293 1286 1367 paucissimis
1306 1298 1577 1368 explicare
1600 1309 1902 1369 temporum

329 1392 474 1459 apud
502 1389 710 1444 'l‘urcos
768 1389 1058 1452 rationem,
1124 1389 1374 1444 videlicet
1402 1406 1696 1455 annorum,
1756 1408 1906 1445 inen-

332 1481 500 1542 sium,
531 1478 767 1544 dierum,
801 1484 1068 1548 quantum
1105 1476 1327 1547 quidem
1361 1477 1630 1532 hactenus
1702 1478 1908 1532 intelli-

331 1584 460 1636 gere
494 1571 559 1622 de
587 1568 670 1621 bis
696 1567 869 1638 potui.
893 1565 1120 1622 Constat
1175 1568 1342 1637 igitur
1393 1569 1537 1638 apud
1565 1565 1780 1622 Turcos
1805 1583 1908 1622 an-

332 1676 436 1715 nus
471 1661 536 1714 12
563 1659 863 1726 mensibus,
919 1660 1013 1714 sed
1037 1659 1344 1725 lunaribus,
1405 1668 1461 1715 et
1527 1661 1904 1730 traduntipsi.

2004 581 2268 638 tempore,
2321 573 2625 642 principatu
2677 572 2790 642 jam
2849 573 3146 628 constituto
3196 573 3574 642 stabilitoque,

2004 671 2149 715 recte
2173 676 2353 716 rerum
2392 663 2592 731 potitus
2626 663 2836 719 dicetur
2884 663 3045 724 annis
3098 663 3428 719 Christianis
3479 663 3573 718 28.

1996 749 2614 821 Itidemqueverissime
2640 761 2928 818 statuetur,
2961 755 3175 808 initium
3205 756 3352 824 regni
3379 753 3574 810 Osma-

2003 839 2110 894 nici
2147 839 2487 894 referendum
2519 844 2585 896 ad
2611 841 3200 897 annumCliristianain
3233 843 3392 908 1500,
3425 844 3576 914 quod

2004 947 2135 985 sane
2167 932 2366 986 multas
2397 933 2466 986 ob
2499 949 2695 988 causas
2728 934 3017 1005 diligenter
3038 935 3462 990 observandum.

2077 1021 2231 1086 Quod
2265 1038 2480 1078 menses
2507 1024 2725 1092 attinet,
2770 1024 2883 1095 jam
2949 1035 3108 1081 antea
3159 1028 3572 1090 monuimusdn

2005 1127 2108 1166 usu
2158 1110 2355 1167 Turcis
2406 1128 2528 1168 esse
2573 1115 2814 1172 lunares.
2870 1114 3278 1172 Hosnominare
3308 1117 3580 1187 incipiant

2005 1204 2073 1258 ab
2096 1202 2228 1273 ipsis
2263 1203 2578 1259 noviluniis.
2619 1204 2682 1259 Et
2716 1216 3078 1260 numerantur
3111 1207 3287 1262 abeis
3318 1207 3406 1272 η,
3429 1209 3581 1263 sicut

2005 1294 2168 1348 etiam
2211 1309 2310 1350 nos
2342 1295 2564 1350 totidem
2600 1297 2884 1352 habemus.
2932 1296 3075 1352 Anni
3130 1298 3458 1367 principium
3491 1315 3581 1353 fc-

2007 1384 2280 1440 l‘eruntad
2335 1401 2578 1441 mensem
2631 1386 2928 1450 Silchidze,
2954 1390 3051 1458 qui
3115 1389 3224 1445 late
3279 1389 3577 1458 loquendo.

2006 1475 2151 1544 quod
2184 1472 2353 1530 Grzeci
2399 1477 2584 1531 dicere
2633 1477 2830 1540 solent.
2890 1477 3173 1534 Decembri
3218 1477 3338 1533 lere
3389 1490 3581 1533 nostro

2008 1566 2339 1634 respondere
2362 1567 2672 1622 debebatex
2693 1572 2950 1639 opinione
2979 1570 3347 1636 complurium
3378 1587 3392 1622 :
3419 1573 3580 1624 sicuti

1999 1655 2328 1726 plerumque
2350 1655 2626 1713 Ramazan
2666 1659 2872 1714 mensis
2906 1659 2974 1714 ad
3010 1659 3387 1730 Septembrem
3417 1660 3582 1716 debr-

321 1761 454 1820 post
471 1751 542 1803 32
569 1765 742 1804 annos
775 1750 1034 1806 Turcieos
1062 1751 1466 1806 ﬁrmamentum
1517 1752 1644 1806 εωιὶ
1675 1767 1902 1807 cursum
1939 1815 1972 1822 _
2010 1745 2101 1798 bal
2125 1760 2190 1798 ex
2219 1748 2536 1802 eorumdetn
2563 1751 2831 1804 sententia
2848 1751 3038 1806 referri
3069 1767 3089 1805 ς
3112 1767 3222 1822 quo
3264 1767 3452 1807 mense
3471 1751 3586 1806 Ra—

338 1855 499 1896 suum
527 1842 834 1897 absolvere,
874 1841 1029 1897 Unde
1059 1843 1452 1912 propemodum
1505 1843 1686 1912 colligi
1740 1843 1908 1914 pleri-
1939 1815 1978 1869 Β
2007 1849 2232 1890 tnazane
2253 1837 2524 1906 jejunium
2550 1853 2709 1892 suum
2743 1853 3084 1895 menstruum
3134 1853 3379 1908 servant,
3411 1858 3442 1896 a
3465 1857 3584 1897 cre-

340 1952 448 2004 que
476 1947 690 2006 putant,
718 1937 878 1990 annis
909 1937 970 1990 51
1023 1936 1373 2000 Christianis,
1436 1938 1764 2007 respondere
1797 1937 1908 1993 Ma-

304 2035 305 2040 ‘
340 2028 669 2082 humetanos
693 2025 800 2092 ~32,
832 2028 1194 2097 enm-exiguo
1220 2027 1629 2083 additamento.
1664 2027 1912 2084 Premit-

337 2117 465 2172 titor
494 2116 547 2170 id
575 2117 764 2180 etiam,
793 2117 938 2170 hunc
963 2131 1168 2170 annum
1201 2114 1408 2171 Christ.
1456 2116 1594 2171 1587
1624 2131 1748 2172 cum
1777 2119 1913 2173 inci-

333 2219 519 2279 .peret,
556 2207 723 2261 luisse
741 2216 1114 2274 computatum
1138 2205 1374 2262 all‘urcis
1403 2222 1502 2277 pro
1531 2206 1913 2262 Malmmetano

339 2301 464 2357 991.
493 2299 702 2369 Quippe
726 2299 851 2352 licet
881 2299 985 2352 hoc
1019 2297 1326 2366 intelligere
1379 2299 1447 2353 de
1486 2299 1666 2354 verbis
1687 2300 1912 2354 ultimis

344 2393 399 2445 in
451 2390 746 2460 diplomate
791 2389 992 2444 sultani
1078 2388 1304 2444 Muralis
1365 2388 1433 2443 Ill
1467 2403 1575 2458 quo
1602 2391 1914 2444 continetur

344 2483 652 2554 prorogatio
684 2482 830 2553 pacis
861 2496 982 2535 cum
1017 2479 1308 2549 Rudolpho
1341 2479 1392 2534 -11
1451 2482 1588 2551 imp.
1647 2484 1914 2552 Augusto.

343 2568 797 2644 Legunmr'enim
826 2571 949 2626 istic
987 2570 1176 2624 Ιιςεείιι
1242 2582 1490 2625 extremo
1540 2571 1748 2625 verba:
1820 2570 1916 2625 Die

336 2667 508 2736 primo
532 2663 760 2732 proximi
783 2662 972 2716 mensis
986 2660 1257 2724 Januarii,
1272 2678 1421 2715 anno
1451 2661 1660 2716 Domini
1676 2662 1800 2716 Jesu
1827 2679 1918 2716 su-

339 2774 436 2827 pra
459 2771 608 2824 quem
637 2756 703 2808 sit
732 2754 906 2824 gratia
922 2762 980 2806 et
1022 2752 1282 2806 auxilium
1317 2755 1570 2819 divinum,
1603 2755 1738 2810 1581
1773 2771 1788 2811 :
1827 2755 1920 2824 qui

339 2848 441 2898 erit
468 2860 636 2896 annus
689 2843 1174 2911 transmigrationis
1227 2846 1402 2912 magni
1432 2843 1697 2912 propheta:
1728 2847 1913 2906 nostri,

341 2948 505 3000 supra
529 2917 678 3000 quem
734 2931 802 2983 sit
833 2935 1008 3000 gratia
1055 2931 1302 3000 salusque
1363 2933 1536 2985 divina
1556 2934 1651 2987 991
1693 2951 1707 2987 :
1738 2934 1823 2987 die
1847 2933 1914 2986 27

343 3038 512 3077 sacris
545 3022 680 3076 inita:
711 3017 998 3076 Sile/ridae.
1047 3025 1257 3088 Quibus
1309 3024 1360 3077 iu
1394 3025 1571 3078 verbis
1594 3027 1915 3092 notandum,

2004 1927 2240 1994 pusculo
2290 1930 2560 1984 matutino
2580 1933 2644 1985 ad
2680 1931 2816 1987 solis
2862 1947 3122 1988 occasum
3181 1947 3378 2003 usque,
3412 1933 3585 1987 donec

2009 2018 2190 2073 sidera
2211 2021 2622 2089 conspiciantur
2654 2023 2790 2077 nihil
2817 2024 2923 2078 cibi
2986 2035 3214 2093 potusve
3246 2035 3530 2080 sumentes
3561 2046 3574 2079 ε

2009 2117 2064 2163 et
2102 2109 2256 2165 linito
2287 2111 2520 2180 jejunio,
2551 2129 2712 2168 suum
2767 2114 2904 2168 illud
2957 2114 3130 2185 bujuc
3176 2114 3408 2180 b.iiram,
3467 2115 3584 2170 sive

2011 2216 2268 2270 magnum
2301 2203 2502 2259 festum
2533 2205 2709 2259 instar
2731 2206 3009 2274 pasehatis
3054 2207 3248 2272 nostri,
3281 2205 3581 2260 celebrant.

2014 2291 2120 2348 Sed
2145 2294 2437 2365 progressu
2468 2297 2733 2366 temporis
2762 2307 2869 2351 tam
2904 2297 3178 2352 Silchidse
3195 2313 3359 2368 qnam
3387 2299 3584 2353 Ramn-

2006 2401 2116 2441 .zan
2157 2387 2210 2442 in
2243 2387 2383 2442 alios
2426 2403 2640 2443 menses
2675 2399 2892 2444 nostros
2927 2399 3233 2444 transeunt.
3265 2389 3474 2460 Quippe
3495 2405 3583 2444 ce-

2013 2478 2258 2534 lebrandi
2287 2479 2514 2534 bairami
2558 2489 2768 2549 tempus
2835 2480 3064 2552 singulis
3099 2482 3257 2535 annis
3286 2482 3583 2550 anticipare

2016 2571 2179 2626 Turci
2211 2573 2387 2628 solent
2415 2571 2602 2627 diebus
2628 2573 2878 2626 undecim
2905 2588 2918 2624 :
2945 2573 3036 2643 qui
3093 2571 3212 2626 dies
3274 2571 3584 2625 embolismi

2015 2664 2129 2718 fere
2165 2665 2288 2718 loco
2337 2673 2469 2718 sunt
2516 2664 2582 2717 ad
2641 2664 3023 2732 complendum
3072 2679 3274 2718 annum
3316 2664 3583 2719 lunarem.

2013 2752 2150 2809 Nam
2173 2756 2216 2810 si
2250 2756 2366 2810 dies
2403 2756 2653 2810 undecim
2683 2765 3070 2828 computentur
3104 2756 3288 2810 tricies
3307 2766 3361 2810 et
3390 2759 3583 2822 semel,

2017 2851 2321 2907 ellicientnr
2358 2851 2474 2904 dies
2495 2850 2594 2905 5M
2624 2865 2642 2904 :
2670 2852 2763 2920 qui
2798 2853 2963 2922 paulo
3025 2852 3207 2906 minus
3253 2867 3415 2921 quam
3446 2852 3588 2906 inte-

2019 2956 2176 3010 grum
2209 2954 2410 2994 annum
2444 2941 2803 3006 constituunt,
2830 2941 3136 2995 addendum
3166 2941 3386 3008 triginta
3417 2950 3471 2994 et
3491 2943 3586 2995 uni

2023 3031 2420 3087 Maliunietanis
2447 3033 2630 3098 annis,
2668 3043 2726 3086 ut
2777 3031 3146 3088 Mabmnetaui
3197 3034 3416 3104 triginta
3474 3035 3590 3086 dno

343 3130 516 3170 aIIDOS
549 3113 957 3168 Μθιιυιιιειειιιοε
988 3111 1182 3168 ΤυιὈίδ
1243 3115 1472 3170 usitatos
1527 3131 1635 3169 non
1692 3119 1911 3171 eosdem
1939 3175 1982 3198 ﬂ
2022 3126 2514 3192 anni’Chl-isliauis
2537 3125 2758 3198 ιιιίείηια
2785 3135 2837 3181 ει
2857 3128 2952 3180 uni
2982 3128 3375 3197 respondeant;
3397 3141 3589 3196 quem-

341 3223 463 3264 esse
491 3223 615 3262 eum
643 3206 800 3260 annis
838 3205 1068 3276 llegiraa,
1100 3222 1223 3276 qua:
1279 3207 1472 3277 incipit
1528 3223 1559 3261 a
1623 3209 1910 3264 nativitate
1939 3205 1981 3231 ν
2015 3219 2308 3274 admodum
2368 3234 2398 3274 a
2429 3219 2585 3274 nobis
2626 3218 2922 3274 indicatum
2986 3221 3149 3290 paulo
3181 3230 3306 3274 ante
3334 3218 3436 3273 hoc
3468 3217 3592 3287 ipso

345 3301 692 3365 Haliumetis,
723 3299 976 3355 videlicet
1007 3301 1078 3355 ab
1108 3316 1250 3354 anno
1269 3299 1580 3355 Christiano
1611 3302 1736 3356 592.
1774 3301 1909 3356 Nam

346 3405 602 3457 expresse
648 3391 846 3446 diciiur
879 3405 909 3443 a
962 3391 1159 3444 Turcis
1212 3407 1356 3444 anno
1402 3390 1713 3446 Christiano
1773 3391 1907 3446 1581

350 3483 519 3537 fuisse
535 3490 874 3554 computatos
894 3482 1256 3545 annos99la
1275 3483 1760 3557 trausrqigratione
1779 3484 1908 3543 sive

355 3583 528 3630 morte
561 3574 877 3632 Mahumetis
911 3592 926 3632 :
957 3577 1155 3645 quibus
1185 3577 1229 3630 si
1267 3585 1376 3631 tres
1409 3577 1479 3630 ab
1530 3576 1624 3630 illo
1669 3587 1913 3646 tempore

351 3667 564 3734 elapsos
585 3666 829 3734 adjicias,
863 3668 971 3721 erit
1009 3682 1188 3721 annus
1221 3668 1310 3722 hic
1349 3666 1694 3723 Christianus
1725 3669 1855 3722 l587
1882 3684 1912 3721 a

349 3767 528 3814 morte
548 3758 870 3814 Mahumetis
885 3757 1015 3814 994.
1051 3757 1172 3813 iam
1202 3759 1248 3814 si
1277 3758 1345 3814 de
1371 3759 1476 3813 994
1529 3760 1788 3813 detrahas
1814 3774 1912 3812 au-

348 3863 451 3902 nos
484 3849 608 3914 687,
636 3864 746 3919 quo
779 3859 1020 3920 tempore
1057 3859 1309 3904 mortuus
1341 3848 1624 3904 Ertucules
1648 3850 1876 3905 traditur
1896 3891 1914 3918 ,

349 3941 545 4008 reliqui
581 3951 741 3995 erunt
774 3941 907 3996 anni
939 3941 1305 3996 Mahumetani
1329 3939 1453 4006 507,
1494 3941 1586 4011 qui
1655 3942 1917 3997 transit-re

350 4035 558 4091 scilicet
584 4033 652 4089 ab
681 4031 960 4088 Ertuculis
985 4042 1154 4088 morte
1179 4048 1352 4102 usque
1399 4033 1465 4088 ad
1536 4034 1684 4088 hunc
1713 4049 1915 4090 annum

352 4133 700 4196 praesentem.
723 4126 969 4180 Diximus
984 4135 1166 4180 autem
1193 4125 1354 4193 paulo
1373 4133 1499 4182 ante
1521 4125 1786 4181 Turcieos
1814 4142 1918 4179 ana

353 4233 454 4274 nos
482 4220 554 4273 32
595 4217 984 4288 propemodum
1038 4219 1372 4287 respondere
1429 4217 1764 4274 Christianis
1823 4217 1915 4272 51.

349 4311 715 4377 Quamobrem
747 4311 812 4365 de
837 4309 963 4376 507,
1027 4309 1427 4366 Mahumetanis
1451 4311 1771 4365 detrahendi
1836 4325 1922 4364 ve-

345 4406 514 4460 .niunt
542 4403 671 4458 anni
699 4401 732 4455 9
749 4400 922 4470 28151
978 4401 1095 4456 sive
1118 4401 1278 4471 paulo
1294 4401 1474 4456 minus
1499 4415 1662 4470 quam
1688 4401 1873 4456 decem
1901 4417 1917 4455 :

2015 3313 2213 3380 capite.

2375 3403 2603 3460 Nomina
2633 3405 2887 3461 mensium
2907 3405 3020 3460 lucc
3041 3415 3162 3460 sunt
3193 3422 3215 3462 .°
3329 3395 3339 3408 ’

2087 3493 2137 3552 1.
2169 3493 2464 3552 Silchidze.

2085 3585 2142 3639 Ξ..
2177 3585 2498 3643 Mucharen.

2086 3681 2142 3734 5.
2172 3678 2404 3748 Sepber.

2083 3772 2136 3825 4.
2169 3769 2360 3825 Rebuil
2389 3771 2541 3825 Evcl.

2085 3861 2141 3918 5.
2171 3859 2363 3913 Rebuil
2389 3860 2573 3914 Achir.

2089 3951 2142 4004 6.
2163 3949 2490 4006 Dsiuntasicl
2532 3949 2680 4006 Evcl.

2090 4041 2142 4097 7.
2178 4041 2498 4098 Dsiumasicl
2521 4041 2706 4098 Achir.

2090 4135 2144 4190 8.
2174 4133 2374 4188 llezeb.

2093 4227 2147 4282 9.
2184 4225 2459 4282 Schaban.

2094 4317 2180 4371 10.
2225 4315 2524 4372 Ramazan.

2096 4411 2182 4463 11.
2210 4409 2481 4464 ScheWal.

353 4504 408 4549 et
433 4493 719 4550 eruntm
749 4492 1138 4558 Mahumetani,
1188 4492 1235 4546 si
1260 4493 1326 4547 10
1353 4492 1596 4562 integros
1651 4493 1916 4556 deducas,
1953 4503 1996 4558 ι)
2095 4498 2184 4554 η,
2235 4499 2473 4556 silcade.

357 4585 559 4640 redacti
594 4585 661 4639 ad
690 4599 865 4640 annos
883 4583 1227 4640 Christianos
1271 4583 1398 4639 297.
1453 4581 1548 4638 llis
1595 4597 1791 4638 rursus
1820 4583 1918 4636 de-

356 4678 544 4732 tractis
562 4677 630 4732 de
648 4676 786 4732 1587
805 4677 1140 4745 reperiemus
1162 4689 1366 4728 annum
1397 4673 1601 4727 Christi
1627 4669 1786 4736 1290,
1805 4685 1917 4740 quo

352 4770 562 4826 scilicet
586 4776 836 4825 mortuus
885 4766 1050 4822 fuerit
1094 4765 1405 4832 Ertucules,
1433 4765 1686 4818 Usmanis
1739 4771 1915 4833 pater.

355 4863 602 4917 Tradnnt
623 4871 803 4914 autem
839 4860 1080 4914 Annales
1105 4858 1163 4912 lii
1190 4859 1362 4912 nostri
1403 4867 1680 4911 mortuum
1719 4855 1916 4910 Osma-

353 4969 478 5010 nem
507 4955 685 5024 ipsum
713 4967 859 5007 anno
888 4951 1271 5006 Mahumetano
1298 4949 1400 5002 727
1428 4950 1523 5020 qui
1565 4949 1917 5005 Christianus

348 5055 471 5102 erat
502 5045 663 5101 1528.
698 5045 841 5114 Ergo
875 5057 997 5114 post
1024 5045 1238 5097 obitum
1268 5041 1437 5110 patris
1492 5049 1770 5109 superstes
1811 5037 1912 5092 fuit

353 5140 517 5210 paulo
568 5137 802 5205 amplius
854 5151 1016 5207 quam
1048 5137 1115 5190 59
1150 5139 1311 5189 annis
1371 5133 1770 5188 Mahumetanis
1803 5131 1918 5185 sive

351 5231 420 5283 38
447 5227 798 5283 Christianis.
838 5225 902 5279 Et
925 5225 1053 5295 quia
1086 5224 1250 5278 Tui-ci
1286 5223 1473 5277 volunt
1498 5237 1621 5277 eum
1655 5235 1916 5291 regnasse

349 5321 420 5373 29
443 5321 627 5385 annis,
663 5318 838 5373 nostri
866 5318 960 5382 28,
987 5315 1132 5386 quod
1174 5317 1315 5371 idem
1374 5324 1499 5368 est:
1565 5325 1790 5368 necesse
1839 5321 1925 5365 est

350 5430 538 5468 verum
562 5413 826 5467 fateamur
855 5410 1002 5480 quod
1053 5409 1300 5464 historici
1358 5408 1645 5475 diligentes
1696 5413 1752 5458 et
1809 5402 1917 5457 [ide

348 5507 498 5576 digni
524 5505 886 5573 scripserunt,
905 5503 1198 5558 Osmanem
1219 5499 1481 5571 perpezuis
1497 5498 1916 5553 excursionibus

345 5614 414 5653 ac
443 5596 648 5665 rapinis
672 5585 1150 5664 collocupletatum
1192 5605 1445 5660 magnam
1483 5599 1690 5657 partem
1729 5589 1925 5654 Bithy-

347 5694 452 5745 niae
482 5691 780 5758 vicinaeque
810 5690 982 5742 Poitto
1009 5686 1243 5740 Euximo
1296 5683 1559 5753 regionis,
1619 5682 1761 5734 intra
1791 5694 1917 5747 spa-

349 5786 482 5836 tium
519 5780 583 5835 10
609 5792 876 5833 annorum
911 5792 939 5831 a
966 5787 1138 5833 morte
1166 5775 1336 5846 patris
1363 5776 1573 5832 scilicet
1603 5786 1910 5826 numeran-

2099 4589 2284 4645 Sicubi
2317 4591 2487 4646 lector
2511 4591 2730 4662 aliquod
2792 4605 2986 4646 nomen
3013 4607 3079 4648 ex
3109 4591 3191 4647 bis
3218 4593 3379 4662 paulo
3439 4592 3598 4648 aliter

2023 4683 2290 4751 scriptum
2327 4683 2381 4737 in
2402 4665 2707 4738 Annali-bus
2743 4685 3020 4754 repererit,
3073 4685 3210 4740 sciat
3242 4685 3292 4738 id
3321 4684 3524 4738 iactum
3564 4701 3594 4738 a

2028 4774 2206 4838 nobis,
2237 4774 2566 4844 scripturam
2590 4772 2819 4830 Joannis
2843 4773 3105 4841 Galderii,
3141 4774 3454 4845 interpretis
3482 4775 3602 4828 tia:-

2025 4867 2196 4934 sarei,
2231 4866 2613 4936 sequentibus.

2025 4981 2134 5033 Hos
2163 4987 2336 5031 autem
2365 4993 2562 5048 menses
2598 4979 2652 5030 in
2673 4977 2879 5048 dierum
2899 4977 3279 5043 hebdomadas,
3305 4983 3408 5034 sive
3434 4981 3600 5048 septi-

2099 5063 2306 5110 manas,
2342 5047 2580 5101 diuidunt
2623 5064 2636 5100 :
2679 5047 2861 5100 diebus
2877 5049 2987 5101 hwc
3019 5050 3256 5102 tribuunt
3289 5047 3526 5104 nomina.

2098 5143 2150 5194 1.
2179 5138 2344 5194 Basar
2372 5140 2508 5204 iuni,
2544 5139 2649 5194 hoc
2681 5149 2802 5205 est,
2839 5141 2956 5196 dies
3005 5154 3278 5197 mercatus
3309 5145 3604 5198 hebdoma-

2027 5233 2186 5294 darii,
2211 5233 2304 5301 qui
2331 5235 2622 5300 respondet
2652 5233 2762 5287 diei
2793 5233 3079 5290 Dominico
3104 5244 3316 5290 nostro.

2094 5326 2150 5378 ‘2.
2182 5324 2350 5379 Basar
2373 5324 2570 5390 Ertesi,
2607 5326 2709 5380 hoc
2727 5326 2964 5388 est,dies
2991 5336 3114 5396 post
3152 5335 3448 5379 mercatum
3475 5328 3602 5380 heb-

2026 5407 2408 5464 domadarium
2438 5414 2741 5480 proximus,
2803 5414 2918 5467 sive
2969 5413 3234 5482 postridie
3281 5425 3602 5471 mercatus:

2025 5501 2117 5570 qui
2149 5503 2266 5556 dies
2280 5501 2601 5558 Germanice
2623 5503 2732 5558 dici
2757 5505 3047 5560 commode
3068 5515 3249 5574 posset
3272 5505 3606 5574 Aftermark-

2030 5600 2142 5661 tag.
2206 5594 2517 5661 llespondet
2562 5595 2670 5650 diei
2704 5596 2848 5650 lunae
2903 5607 3108 5650 nostro.

2102 5685 2156 5736 5.
2191 5682 2346 5747 Salli,
2384 5691 2674 5755 respondet
2709 5687 2816 5741 diei
2851 5685 3034 5741 Martis
3073 5695 3284 5744 nostro.

2098 5776 2152 5830 4.
2193 5776 2322 5830 [ὶδιιιι
2355 5777 2636 5848 δειιιιιιιυο,
2661 5779 2712 5834 id
2739 5789 2841 5844 est,
2863 5788 3092 5850 quartus
3119 5778 3237 5836 dies
3261 5780 3604 5851 :queml'cr-
