4018 6478
449 369 566 437 ’139
639 399 643 404 ’

1670 380 1997 445 JOANNIS
2029 384 2500 450 LEUNCLAVH

3589 378 3714 446 7i)

460 485 572 538 sica
612 483 795 554 lingua
827 499 906 540 sne
933 494 985 541 c't
1025 485 1124 556 ipsi
1156 499 1372 556 vocant,
1412 493 1488 544 Illi
1524 507 1622 546 nos
1642 493 1829 548 feriam
1855 510 2020 564 quar-
2048 503 2091 558 Α
2121 499 2243 553 aliis
2273 499 2561 553 Annalium
2593 496 2728 552 locis
2763 508 3045 550 cruentus.
3081 491 3237 548 Facit
3288 490 3562 549 Laonicus
3616 509 3678 549 se
3703 528 3716 535 -

460 583 566 627 tam
595 575 777 630 dicere
806 576 1067 640 solemus,
1109 581 1201 648 qui
1243 579 1498 636 Mercurii
1539 585 1653 639 dies
1677 595 1781 640 est.

531 664 584 718 ὅ.
621 665 969 732 Pescbembe,
993 668 1098 724 hoc
1120 682 1225 736 est,
1265 673 1382 733 dies
1402 676 1648 744 quintus,
1700 678 1880 746 lingua
1930 679 2022 734 iti-

457 756 578 812 dem
607 758 824 814 Persica
857 776 872 811 :
917 761 1079 814 veluti
1114 777 1216 817 nos
1232 763 1424 819 feriam
1455 767 1703 834 quintam
1737 783 2019 836 vocamus,

456 849 547 916 qui
569 846 720 903 lovis
744 848 860 904 dies
891 859 994 905 est.

527 939 579 993 6.
612 938 860 1006 Dsiuma,
882 941 1098 999 duabus
1132 944 1379 1014 syllabis,
1406 949 1526 1018 (alii.
1552 947 1725 1004 Zuma
1752 953 2017 1020 scribunt,

446 1039 512 1085 'et
534 1029 709 1101 Zuna‘)
736 1033 815 1088 vel
841 1033 1058 1122 Dsiurna
1082 1036 1226 1104 iuni,
1251 1041 1398 1107 quod
1452 1040 1722 1110 signiﬁcat
1764 1044 1904 1098 diem
1937 1061 2024 1100 cc-

443 1123 633 1179 clesiae
671 1123 792 1180 sive
823 1127 1042 1196 templi.
1099 1126 1233 1182 Nam
1269 1128 1497 1188 Veneris
1545 1133 1690 1188 diem
1731 1135 2019 1192 feriantur.

517 1211 576 1268 ’1.
615 1213 840 1270 Dsiuma
868 1214 1065 1282 Ertesi,
1111 1219 1215 1275 hoc
1245 1230 1348 1288 est,
1386 1223 1602 1290 ἑπξϐδα,
1639 1225 1826 1280 Greco
1864 1243 2022 1280 voca-

448 1301 580 1357 bulo
595 1302 907 1371 Pindarico,
943 1308 1099 1376 quasi
1128 1310 1178 1364 si
1225 1311 1396 1377 dicas,
1425 1314 1782 1382 postfest-um,
1819 1318 1900 1371 vel
1931 1319 2021 1386 Af-

443 1398 777 1468 iterfeiertag,
798 1397 1136 1456 Germanice.
1167 1402 1337 1473 Vulgo
1356 1403 1578 1462 Saturni
1599 1406 1737 1462 dies.

543 1510 630 1565 12.
660 1507 940 1564 Somnium
970 1491 1265 1596 Ertuculis,
1307 1516 1497 1578 (Ionia,
1555 1517 1682 1571 (una
1745 1515 1929 1573 Turcis

1081 1596 1381 1651 auspicata.

518 1668 692 1727 Valde
725 1671 1130 1737 superstitiosos
1152 1691 1276 1730 esse
1332 1675 1618 1732 Turcosin
1665 1680 2019 1734 observandis

447 1761 704 1828 somniis,
735 1763 1170 1821 animadvertere
1208 1767 1383 1822 lector
1410 1771 1586 1837 potuit
1608 1785 1672 1824 ex
1699 1773 2018 1826 narratione

446 1851 822 1920 Supplementi
857 1862 1066 1918 nostra,
1098 1855 1167 1910 de
1221 1855 1390 1911 initiis
1413 1858 1724 1915 decennalis
1791 1861 2018 1929 hujusce

449 1938 576 1994 belli
608 1938 831 1994 Persici.
863 1939 978 1996 Hoc
1007 1949 1186 1996 autem
1219 1943 1492 2000 Ertucuiis
1539 1946 1607 2002 de
1647 1948 1886 2003 Osmane
1911 1950 2018 2003 lilio

449 2031 746 2094 somnium,
784 2027 892 2101 quo
929 2033 1137 2102 ingenti
1161 2039 1582 2106 comparabatur
1630 2041 1833 2109 arbori,
1891 2056 2014 2097 cum

447 2123 577 2176 aliis
607 2125 981 2190 sequentibus,
1012 2139 1116 2193 per
1140 2137 1224 2181 est
1263 2129 1311 2182 ei
1337 2129 1534 2194 simile,
1587 2131 1734 2199 quod
1754 2133 2016 2204 Astyages

445 2231 543 2270 rex
577 2215 856 2270 Medorum
881 2215 947 2271 de
972 2216 1134 2286 Cyro.
1158 2234 1225 2272 ex
1251 2218 1358 2273 lilia
1384 2232 1578 2290 nepote
1601 2238 1721 2289 suo,
1756 2225 1824 2279 ab
1844 2227 2018 2281 Hero.

441 2307 576 2362 doto
605 2316 658 2362 et
686 2307 809 2362 aliis
834 2308 1170 2378 expositum,
1215 2312 1421 2372 habuit.
1476 2316 1646 2369 Conia
1674 2331 1798 2372 vero
1821 2316 2017 2375 Turcis

439 2401 575 2455 urbs
595 2410 679 2455 est
699 2399 1042 2456 Caramaniaa
1065 2403 1179 2456 sive
1205 2402 1431 2468 Cilicia,
1468 2422 1631 2474 quam
1663 2405 1835 2464 Graeci
1869 2408 2017 2463 diee-

444 2491 577 2546 bant
600 2491 864 2547 Iconium.
903 2490 1106 2547 Muniis
1137 2491 1410 2562 Sapientis
1444 2496 1788 2565 imperatoris
1820 2499 2016 2554 Novel-

441 2584 496 2637 la
516 2582 584 2636 de
609 2582 846 2637 Thronis
878 2583 1191 2636 accuratius
1218 2584 1360 2640 hanc
1385 2587 1437 2639 in
1463 2585 1734 2657 Lycaonia
1763 2591 2012 2646 collocat.

407 2729 410 2732 ,
434 2673 909 2744 Chalcocondyles
933 2672 1108 2729 Cariae
1128 2673 1264 2730 lacn
1297 2677 1463 2732 urbes
1492 2678 1798 2736 Larandam
1826 2691 1880 2737 et
1909 2683 2014 2737 To-

446 2769 718 2832 roneium,
741 2767 988 2823 subinota
1009 2765 1298 2821 confusum
1326 2784 1452 2824 cum
1482 2775 1702 2827 nou'ilne
1721 2775 2009 2830 articulum

445 2858 800 2922 Toroneium,
829 2874 927 2928 pro
964 2859 1263 2913 Toiconion
1291 2877 1310 2916 ς
1383 2871 1443 2915 ut
1490 2862 1618 2916 alibi
1673 2862 2012 2921 Tosibinium

446 2966 664 3018 quoque
683 2951 874 3008 scribit
901 2951 1043 3005 idem
1065 2950 1359 3019 interpres,
1383 2949 1588 3007 Ardelii
1629 2954 1746 3010 sive
1773 2955 2014 3013 Transil-

443 3045 616 3098 vanis:
642 3043 854 3106 urbem,
886 3057 1008 3109 quae
1034 3042 1264 3096 articulo
1304 3059 1331 3095 a
1361 3044 1582 3099 nomine
1625 3046 1898 3115 disjuncto
1929 3050 2014 3105 Si-

442 3137 654 3192 biuium
685 3143 788 3198 est,
826 3134 908 3188 vel
931 3133 1238 3200 Cibinium,
1261 3142 1323 3188 ut
1345 3134 1504 3192 hodie
1552 3138 1818 3194 scribunt.
1840 3141 2014 3196 Conia

451 3229 840 3281 recentioribus
870 3227 1194 3296 geograpbis
1208 3228 1516 3296 appellatur
1541 3229 1748 3298 Cogna,
1765 3246 2008 3300 pronun-

447 3319 673 3371 tiatione
706 3317 912 3372 Italica.
947 3317 1100 3382 Quod
1130 3330 1312 3372 autem
1341 3318 1594 3374 Edcbalis
1618 3321 1728 3374 (ilia
1753 3338 1846 3392 per
1872 3325 2011 3378 lunae

441 3407 786 3477 splendorem
817 3407 1242 3484 signiﬁcaretur,
1271 3409 1324 3463 in
1352 3426 1416 3464 eo
1437 3411 1812 3466 felicissimum
1839 3415 2011 3482 quod-

445 3501 566 3553 dam
585 3515 743 3553 omen
769 3508 912 3562 erat,
941 3516 1005 3553 ex
1037 3501 1296 3568 opinione
1361 3504 1760 3557 Saracenorum
1785 3519 1845 3558 ac
1873 3503 2010 3558 Tur-

443 3605 667 3644 corum:
698 3591 790 3659 qui
819 3591 1184 3654 lunam,velut
1215 3592 1443 3660 imperio
1457 3608 1564 3648 suo
1599 3592 1747 3648 fatali
1777 3597 2010 3664 quadam

443 3682 560 3752 lege
586 3685 872 3752 propitiam
904 3694 955 3737 et
989 3686 1354 3756 auspicatam,
1387 3685 1580 3739 mirum
1607 3701 1872 3756 quantum
1913 3693 2011 3747 ha-

447 3775 573 3827 bere
598 3773 789 3826 virium
812 3772 972 3844 402
1017 3776 1070 3827 in
1131 3775 1519 3843 portendendis
1577 3778 2011 3853 adjuvandisque

443 3868 792 3920 successibus
815 3875 1104 3919 conatuum
1135 3883 1384 3933 suorum,
1422 3877 1481 3922 ut
1502 3871 1820 3927 etiamnunc
1852 3875 2012 3929 hodie

441 3958 523 4010 sic
553 3971 768 4026 semper
796 3957 1201 4010 existimarunt.
1269 3958 1466 4013 Errant
1495 3961 1639 4014 enim
1697 3971 1773 4028 (et
1804 3963 1859 4016 in
1927 3966 2010 4020 bis

440 4061 527 4101 est
575 4045 897 4100 Franciscus
951 4046 1284 4101 Sansovinus
1351 4048 1609 4120 Venetus)
1661 4053 1756 4120 qui
1802 4051 2011 4107 Turcos

441 4136 690 4190 scribunt
720 4140 946 4190 subacto
981 4139 1216 4205 primum
1270 4135 1555 4193 Bozinensi
1624 4156 1812 4209 regno,
1844 4141 2012 4209 impe-

440 4235 596 4280 rante
627 4225 851 4280 Sullano
873 4226 1203 4281 Muchemcte
1230 4225 1290 4289 ll,
1345 4229 1526 4281 lunam
1572 4243 1905 4285 crescentem
1936 4232 2011 4286 si-

436 4320 562 4388 gnis
587 4319 912 4374 militaribus
933 4321 1269 4389 apposuisse.
1290 4317 1424 4372 Nam
1444 4319 1490 4374 si
1516 4335 1700 4375 verum
1722 4323 1828 4377 hoc
1843 4335 2010 4390 esset,

439 4427 549 4464 non
582 4410 762 4463 lunam
813 4409 1078 4464 duntaxat
1123 4411 1480 4478 accepissent,
1531 4411 1768 4468 exclusis
1815 4414 2008 4481 stellis,

2125 600 2269 655 ptem
2297 604 2526 645 numero
2548 589 2736 652 duces,
2777 586 2869 656 qui
2901 585 3176 655 regionem
3214 583 3384 639 armis
3412 584 3707 639 subactam

2121 678 2267 732 inter
2296 693 2355 733 se
2382 677 2686 733 diviserint.
2719 677 2832 732 llos
2855 691 2966 731 uno
2995 683 3204 730 tantum
3232 676 3352 730 loco
3369 684 3483 730 non
3506 690 3714 729 recen-

2124 778 2207 825 set
2233 783 2443 824 omnes.
2477 769 2787 824 Caramano
2824 769 2954 822 dicit
3011 768 3271 837 obtigisse
3297 767 3713 821 mediterranea

2123 861 2372 932 Phrygia:
2396 861 2636 932 majoris,
2668 875 2791 913 eum
2820 859 3015 914 Cilicia
3050 878 3064 914 :
3097 859 3258 930 cujus
3281 874 3318 914 a
3350 859 3574 914 nomine
3601 857 3707 910 Ci-

2124 952 2270 1016 licia,
2302 952 2444 1006 dicta
2477 951 2674 1006 deinde
2701 949 3031 1005 Caramania
3091 950 3211 1014 fuit,
3259 951 3311 1004 in
3366 949 3702 1004 hodiernum

2127 1054 2302 1110 usque
2329 1040 2474 1095 diem
2507 1041 2608 1095 bac
2623 1040 2983 1109 appellatione
2999 1041 3254 1094 durante;
3274 1039 3537 1094 Sarchanl
3567 1054 3706 1094 sors

2125 1133 2448 1186 maritimam
2467 1133 2630 1186 Ioniae
2643 1132 2939 1201 regionem,
2959 1128 3247 1201 Smyrnam
3279 1144 3451 1200 usque
3475 1132 3698 1185 tribuit.

2122 1222 2278 1279 Unde
2307 1225 2622 1280 Sarcbaniaa
2647 1239 2844 1279 nomen
2906 1233 2991 1279 est
3049 1226 3261 1294 adepta,
3321 1225 3550 1280 testibus
3611 1225 3710 1280 bis

2121 1318 2444 1384 Annalibus,
2483 1332 2540 1372 et
2593 1318 2852 1382 Laonico,
2904 1327 2956 1372 et
2999 1318 3294 1372 secretario
3351 1317 3700 1387 Sigismundi

2122 1407 2436 1473 Malatestse,
2467 1408 2564 1478 qui
2585 1423 2671 1463 res
2700 1409 2754 1462 in
2790 1408 2917 1463 Asia
2941 1407 3257 1478 Graciaque
3303 1423 3362 1462 se
3421 1420 3707 1478 praesa-nte

2121 1509 2325 1566 gestas,
2356 1508 2479 1554 ante
2510 1514 2685 1554 annos
2713 1499 2838 1569 plus
2865 1500 3046 1555 minus
3081 1499 3172 1563 80,
3192 1499 3496 1570 descripsit.
3530 1499 3702 1554 Orte-

2124 1589 2194 1662 lio
2230 1589 2456 1644 Samum
2483 1590 2702 1645 dicitur.
2733 1575 2963 1654 Calami,
2991 1601 3046 1645 et
3079 1591 3189 1644 lilio
3220 1591 3434 1656 Carasi,
3466 1591 3707 1645 obvenit

2122 1677 2312 1748 Lydia,
2347 1695 2522 1749 usque
2552 1682 2617 1735 ad
2645 1680 2917 1752 Mysiam:
2964 1697 3084 1751 qua:
3110 1681 3270 1752 regio.
3302 1679 3533 1736 Carasia
3593 1683 3710 1736 fuit

2124 1772 2412 1840 appellata.
2447 1773 2734 1842 Reperitur
2765 1774 2869 1829 hoc
2898 1789 3096 1829 nomen
3122 1775 3177 1828 in
3212 1775 3298 1829 his
3360 1775 3706 1840 Annalibus,

2118 1873 2173 1915 et
2204 1863 2347 1932 apud
2377 1863 2675 1918 indicatum
2737 1865 2902 1918 modo
2954 1863 3245 1918 Malatestze
3308 1864 3704 1928 secretarium,

2116 1953 2208 2021 qui
2242 1952 2562 2023 Pergamum
2591 1955 2645 2008 in
2685 1954 2908 2009 Carasia
2932 1955 3184 2009 collocat.
3213 1955 3294 2009 Ab
3319 1954 3529 2010 Ortclio
3565 1955 3706 2010 Bec-

2117 2044 2293 2113 sangil
2320 2059 2381 2099 ea
2412 2059 2540 2114 pars
2561 2047 2828 2100 Anatoliae
2879 2045 3219 2100 nominatur.
3267 2045 3470 2101 Osman
3526 2046 3702 2101 Ertu-

2116 2133 2257 2188 culis
2294 2133 2439 2190 ﬁlius
2471 2134 2801 2205 Bithyniam,
2860 2151 2982 2190 cum
3035 2135 3347 2205 regionibus
3405 2137 3703 2204 Olympum

2115 2240 2306 2280 versus
2333 2224 2730 2295 spectantibus,
2759 2236 2812 2280 et
2845 2242 2968 2280 cum
2998 2226 3183 2279 Tckia.
3257 2236 3448 2280 nactus
3476 2236 3582 2282 est.
3608 2228 3700 2283 Al)

2117 2316 2222 2370 hoc
2252 2314 2532 2381 Osmania,
2559 2317 2641 2371 vel
2665 2315 2978 2382 Otbmania,
3008 2316 3467 2385 quemadmodum
3499 2317 3700 2373 hacte-

2118 2423 2220 2460 nus
2255 2408 2342 2460 alii
2371 2406 2640 2470 scribunt,
2674 2407 2862 2461 dicta:
2900 2407 3058 2475 cujus
3117 2407 3170 2461 in
3229 2408 3532 2463 Annalibus
3587 2411 3697 2465 sub

2121 2497 2358 2569 Bajazite
2387 2485 2562 2567 primo
2592 2499 2649 2552 lit
2679 2499 2904 2553 mentio.
2943 2499 3122 2567 Atque
3149 2497 3293 2552 haud
3317 2501 3453 2564 scio,
3481 2515 3548 2551 an
3588 2517 3698 2553 non

2120 2591 2172 2642 in
2205 2589 2536 2659 Synonymia
2564 2588 2928 2659 geographica
2954 2587 3173 2653 Ortelii,
3197 2604 3306 2658 quo
3324 2589 3447 2644 loco
3469 2591 3534 2644 de
3559 2591 3694 2644 Asia

2119 2681 2315 2734 minori
2348 2679 2476 2748 agit,
2516 2679 2917 2734 Cottomanidia
2941 2679 3010 2733 sit
3040 2678 3241 2733 rectius
3272 2680 3388 2735 hac
3424 2679 3533 2749 ipsa
3563 2680 3684 2732 sive

2115 2769 2426 2834 Ollimania,
2451 2771 2566 2825 sive
2609 2769 2984 2833 Othmanidia,
3049 2769 3206 2836 cujus
3254 2779 3437 2824 tamen
3487 2768 3682 2822 limites

2117 2863 2241 2917 istic
2284 2863 2469 2925 latius,
2489 2877 2654 2930 quam
2683 2862 2887 2929 parsit,
2921 2861 3173 2916 videntur
3195 2862 3439 2916 extendi.
3469 2862 3689 2914 Aluum:

2117 2954 2258 3007 filios
2291 2950 2743 3005 traditLaonicus
2761 2952 3045 3022 accepisse
3077 2951 3526 3022 Paphlagoniam,
3563 2967 3692 3006 cum

2114 3047 2184 3098 iis
2222 3058 2341 3112 qua:
2364 3042 2430 3096 ad
2467 3042 2737 3096 Euxmum
2772 3051 3022 3111 vergunt.
3056 3041 3132 3096 Ea
3191 3041 3354 3096 fuerit
3410 3041 3697 3096 Peudera-

2122 3139 2193 3189 tia
2216 3135 2446 3198 scilicet,
2473 3133 2540 3188 de
2559 3149 2664 3203 qua
2680 3133 2933 3200 superius
2963 3133 3168 3188 dictum
3191 3133 3243 3185 in
3264 3133 3692 3188 Osmanidarum

2121 3226 2455 3294 genealogis,
2483 3224 2565 3279 vel
2595 3224 2775 3294 potius
2803 3223 3198 3277 Peuderacbia.
3236 3224 3472 3278 Vocatur
3502 3233 3692 3278 autem

2119 3319 2206 3372 hic
2236 3320 2470 3372 Amuras
2495 3315 2854 3386 Pachymerio
2871 3315 3148 3380 Amurius,
3175 3331 3301 3370 cum
3321 3332 3430 3386 quo
3460 3315 3700 3372 Reinec-

2117 3411 2237 3466 cius
2266 3411 2487 3474 alicubi,
2513 3408 2808 3478 Gregoram
2838 3419 3082 3474 secutus,
3110 3407 3698 3463 AlisuriumCaran-a-

2119 3518 2247 3557 num
2277 3503 2613 3556 contundere
2642 3501 2853 3554 videtur
2881 3516 2896 3553 :
2931 3499 3097 3554 Omer
3129 3499 3184 3552 in
3216 3499 3515 3556 Annalibus
3541 3499 3694 3554 Tur-

2117 3593 2248 3648 cicis
2268 3593 2489 3657 dicitur,
2523 3593 2616 3661 qui
2649 3591 2864 3646 Omeris
2899 3590 3324 3660 liliosappellant
3345 3592 3697 3646 lsvendiares

2119 3688 2306 3757 begos,
2330 3686 2565 3755 Sinopes
2599 3687 2763 3740 etiam
2782 3683 3050 3748 dominos,
3079 3681 3315 3736 Laonico
3339 3680 3694 3750 Sphcndcres

2117 3787 2211 3832 aut
2261 3778 2565 3844 Spenderes
2623 3780 2764 3830 unde
2837 3792 3031 3830 nomen
3121 3774 3523 3834 Penderacbiie.
3601 3791 3698 3829 ve-

2118 3867 2213 3922 luti
2238 3867 2711 3936 Spbenderachiae.
2737 3866 2872 3920 Belli
2891 3866 3197 3920 uominatar
3216 3866 3458 3934 haccipsa
3483 3865 3692 3919 Pende-

2118 3964 2316 4014 tachue
2333 3963 2415 4014 vel
2435 3958 2893 4028 Sphenderacbia:
2915 3959 3060 4025 regio
3081 3958 3131 4010 in
3150 3957 3339 4011 Ortetii
3379 3955 3560 4009 tabula
3583 3953 3693 4009 Na-

2117 4049 2284 4112 tolire,
2303 4048 2499 4116 priscis
2520 4045 2910 4118 Paphlagonia.
2929 4050 2996 4101 Et
3013 4048 3177 4101 credo
3198 4046 3334 4099 Belli
3356 4063 3540 4101 vocem
3564 4064 3664 4117 pro
3685 4083 3692 4087 -

2117 4144 2306 4196 vinciae
2323 4140 2503 4194 datam
2518 4140 2782 4194 acivitate
2801 4140 2956 4202 Bolli,
2977 4155 3096 4208 quac
3117 4137 3364 4193 'l‘urcicis
3382 4139 3692 4194 Annalibus

2117 4243 2202 4287 est
2222 4231 2359 4296 Boli,
2375 4231 2512 4286 sicut
2534 4232 2692 4285 iidem
2711 4244 2762 4286 et
2783 4233 2896 4302 agri
2922 4229 3170 4285 Bolensis
3187 4230 3570 4284 meminerunt.
3595 4231 3692 4284 Est

2119 4337 2278 4378 etiam
2331 4322 2388 4376 in
2410 4322 2536 4377 Asia
2577 4323 2775 4377 minori
2820 4322 3091 4376 Mendesia
3113 4321 3283 4390 regio,
3309 4321 3465 4388 cujus
3484 4322 3693 4384 princi-

2119 4429 2236 4483 pem
2267 4413 2528 4468 Laonicus
2548 4414 2875 4468 Mendesiem’
2894 4423 2947 4465 et
2972 4411 3280 4466 Mendesem
3311 4421 3483 4474 vocat,
3512 4425 3688 4479 nepo-

440 4519 562 4571 quw
588 4503 640 4556 in
679 4503 797 4570 ejus
849 4501 999 4569 regni
1030 4501 1200 4570 signis
1225 4517 1347 4555 cum
1389 4500 1542 4569 Luna
1576 4505 1879 4571 conjunctae
1897 4521 2017 4560 cer—
2046 4523 2096 4582 D
2125 4515 2231 4559 tcm
2263 4506 2502 4558 Calamis
2529 4506 2703 4573 :quod
2732 4503 3018 4557 Mendesius
3042 4517 3241 4556 nomen
3265 4517 3370 4555 non
3389 4501 3685 4554 Turcicum

406 4635 410 4640 -
443 4606 666 4649 nuntur.
703 4596 929 4650 Constat
961 4593 1125 4649 etiam
1155 4607 1184 4647 e
1225 4593 1571 4649 Bclvacensis
1621 4595 1872 4659 historia,
1905 4596 2007 4650 Sa-

445 4702 671 4741 racenos
700 4696 825 4739 ante
856 4685 1212 4740 constitutum
1241 4687 1344 4741 boc
1372 4685 1659 4754 imperium
1690 4685 2005 4753 Turcicum,

443 4781 686 4833 eamdem
713 4779 968 4832 habuisse
988 4777 1055 4830 de
1084 4777 1233 4841 luna,
1261 4776 1765 4834 Mabumetanorum
1797 4780 2009 4833 conati-

445 4871 546 4921 hUs
572 4867 1074 4936 etexpcditionibus
1094 4868 1301 4922 bellicis
1321 4867 1554 4934 favente,
1575 4869 2006 4937 persuasionem.

446 4965 622 5025 Anno,
650 4962 844 5028 inquit,
885 4960 1246 5025 i2l8,statim
1269 4970 1393 5028 post
1422 4961 1714 5014 advenlum
1741 4960 2009 5016 Christia-

409 5035 412 5037 Δ
445 5066 638 5106 norum
666 5050 731 5103 ad
763 5049 1084 5112 Damiatant,
1119 5050 1257 5103 facta
1290 5049 1393 5110 fuit
1421 5051 1640 5118 eclipsis
1664 5051 1806 5106 lunte
1845 5053 2003 5121 quasi

441 5141 758 5212 generalis:
817 5155 982 5209 quam
1056 5150 1246 5194 contra
1302 5137 1608 5200 Saracenos
1667 5139 2004 5210 interpretati

436 5248 650 5298 Stlllllls,
681 5233 844 5286 veluti
874 5231 1282 5299 portendentem
1313 5244 1504 5288 eorum
1559 5228 1854 5294 defectum,
1909 5231 2005 5300 qui

407 5382 420 5388 ,
435 5327 539 5380 sibi
557 5325 736 5378 lunam
757 5323 1084 5385 attribuunt,
1107 5323 1159 5375 in
1194 5322 1533 5376 incremento
1552 5321 2006 5391 detretnentoque

409 5422 576 5490 tuna:
595 5431 841 5486 magnam
875 5415 976 5468 sibi
1005 5414 1111 5467 vim
1144 5421 1422 5481 ponentes.

406 5531 528 5586 σίδ.
565 5530 639 5583 De
671 5531 888 5584 ducibus
916 5527 1151 5582 Tui-eicis
1182 5542 1214 5576 a
1235 5525 1422 5594 quibus
1452 5523 1711 5578 Anatolii:
1770 5525 2002 5594 regiones

881 5599 1096 5652 nomina
1119 5597 1322 5650 sortita:
1369 5605 1513 5650 sunt.

506 5691 811 5746 Anualesbi
837 5707 938 5746 nec
955 5692 1148 5744 ducum
1191 5687 1433 5753 nomina,
1475 5703 1572 5743 nec
1594 5689 2002 5758 provinciarum

413 5785 545 5844 .boc
567 5765 692 5862 loco,
722 5785 1033 5852 exprimunt
1059 5800 1073 5837 :
1105 5799 1226 5861 quae
1254 5794 1481 5839 nostum
1509 5797 1572 5836 ex
1598 5782 1854 5849 Laonico,
1889 5790 2000 5834 tum

2113 4596 2331 4665 origine
2361 4604 2515 4664 puto.
2541 4595 2638 4648 sed
2661 4592 2908 4647 Cra-cum
2939 4631 2954 4654 ,
2982 4601 3036 4645 cl.
3068 4593 3188 4658 ejus
3217 4592 3531 4660 provinciae,
3553 4605 3691 4659 qua:

2111 4688 2190 4742 sic
2215 4687 2478 4754 appellata
2514 4685 2676 4739 fuerit
2702 4700 2733 4737 a
2761 4685 2980 4738 civitate
3014 4684 3255 4745 ﬂendos,
3288 4684 3446 4751 cujus
3478 4683 3688 4736 mentio

2111 4781 2170 4831 ﬁt
2199 4778 2250 4830 in
2285 4777 2678 4831 constitutione
2705 4775 2901 4829 Leonis
2925 4774 3152 4843 Augusti
3182 4773 3250 4826 de
3317 4774 3511 4827 ordine
3535 4772 3690 4824 thro-

2110 4881 2329 4932 norum,
2357 4876 2613 4934 tanquam
2641 4865 2993 4932 episcopatus
3025 4863 3343 4931 pertinentis
3373 4864 3440 4916 ad
3485 4871 3689 4915 metro-

2109 4959 2273 5027 polim
2334 4956 2828 5025 Stauropolitanam
2889 4957 2943 5009 in
2997 4954 3179 5010 Caria.
3242 4953 3467 5009 Videtur
3520 4955 3685 5007 etiam
3763 4957 3766 4959 λ

2107 5050 2293 5104 eadem
2307 5064 2430 5104 esse
2453 5048 2678 5101 Mendus
2701 5062 2823 5102 eum
2849 5047 2959 5109 illa,
2985 5061 3103 5115 quae
3131 5045 3360 5115 Myndus
3391 5044 3513 5098 aliis
3544 5046 3686 5098 dicis

2109 5150 2216 5201 tur,
2245 5150 2298 5194 et
2319 5141 2384 5192 ad
2417 5137 2632 5192 Cariam
2659 5152 2876 5206 quoque
2907 5136 3160 5190 refertur.
3192 5135 3359 5204 Regio
3402 5135 3689 5188 lliendcsia

2107 5230 2364 5285 scribitur
2387 5227 2592 5283 Ortelio
2613 5229 2873 5292 Menteso,
2905 5227 3045 5281 sicut
3077 5237 3126 5280 et
3154 5227 3360 5279 tiosteis
3383 5228 3438 5277 in
3460 5225 3688 5278 Annali-

2109 5323 2234 5378 bus.
2263 5321 2480 5376 .Edinis
2526 5321 2760 5389 denique
2805 5321 2958 5372 ducis
3008 5321 3150 5386 apud
3187 5318 3483 5372 Laonicum
3544 5317 3689 5385 typis

2043 5415 2057 5448 ί
2106 5417 2310 5468 editum
2344 5427 2539 5467 nomen
2567 5412 2783 5480 legitur,
2803 5411 2895 5478 qui
2923 5410 3192 5480 regionem
3217 5423 3246 5462 a
3273 5409 3584 5476 Colophone
3617 5410 3688 5461 ad

2106 5507 2292 5560 Caiam
2324 5520 2500 5573 usque
2525 5520 2585 5558 se
2625 5498 2992 5572 porrigentem
3041 5503 3364 5572 possederit.
3401 5501 3500 5554 liic
3524 5499 3684 5553 Aidiu

2111 5600 2211 5668 bcg
2237 5596 2434 5651 Turcis
2465 5603 2570 5658 est,
2607 5596 2748 5650 unde
2768 5595 3140 5665 reponendum
3175 5595 3318 5663 apud
3351 5592 3687 5652 Chaleocon-

2107 5691 2283 5760 dylem
2311 5688 2524 5742 Aidinis
2559 5687 2717 5742 ducis
2759 5703 2976 5749 nomen,
3007 5697 3060 5740 et
3090 5687 3230 5755 apud
3259 5685 3522 5739 Ortelium
3589 5699 3689 5752 pro

2107 5781 2354 5835 Alvlinelli
2401 5780 2796 5835 restituendum
2829 5779 3106 5838 Aidinelli.
3145 5777 3427 5830 Su:.taliae
3470 5790 3686 5845 quoque
