4018 6420
309 370 411 433 τίει

1468 365 1875 428 PANDECTE
1905 365 2113 431 HIST.
2159 362 2460 428 TURCIC.

3460 359 3581 430 742

300 484 560 553 regiones
586 478 643 535 in
674 477 950 547 Anamlia,
973 493 1091 549 qua?
1120 480 1702 552 novas'appellationes
1736 487 1896 534 vete-
1923 498 1967 553 Α
1997 488 2123 536 ante
2148 479 2253 536 320
2280 494 2456 534 annos
2510 478 2663 543 vixit,
2710 474 3066 547 Peclarpaces
3117 477 3454 534 scribuntur.
3515 480 3582 531 lit

306 570 463 627 ribus
482 567 795 639 incognitas
822 569 1045 634 habent,
1072 568 1165 623 sed
1196 584 1291 625 eas
1333 570 1600 625 duntaxat
1645 569 1734 624 hic
1760 583 1897 623 enu-

304 673 529 714 merare
548 658 843 719 voluimus.
870 659 1071 727 quibus
1101 658 1271 714 indita
1297 658 1468 714 fuisse
1492 660 1659 713 certis
1680 673 1708 711 a
1734 658 1900 713 Duci-

319 753 424 806 bus
465 750 681 804 nomina
710 748 984 804 Laonicus
1006 759 1059 805 et
1084 749 1322 805 Annales
1354 749 1410 805 hi
1439 750 1612 805 nostri
1652 750 1894 805 tradunt.

278 900 279 903 η
321 864 409 918 ti.
448 861 637 924 Bassa,
675 862 848 927 Emir,
880 862 1068 921 Sarni.
1100 862 1514 927 Carwamarai,
1544 861 1719 929 νηῶν,
1748 862 1902 918 Vesi-

331 993 341 1004 ,
423 947 600 985 rasam
632 931 934 1003 Beglerbeg,
968 930 1123 986 Emir
1157 930 1372 997 Halem,
1411 930 1562 986 Emir
1592 934 1790 986 Achar.

382 1019 556 1078 Filius
579 1022 717 1078 alter
743 1022 1023 1088 Osmanis,
1052 1020 1324 1078 Urchanis
1365 1022 1538 1078 frater
1578 1024 1746 1079 alium
1783 1038 1890 1080 non

316 1115 479 1170 habet
500 1115 554 1168 in
579 1111 884 1169 Annalibus
903 1114 1147 1178 titulum,
1168 1129 1329 1184 quam
1349 1114 1463 1170 Alis
1489 1115 1645 1170 bassa
1676 1131 1693 1169 :
1744 1117 1889 1186 quod

308 1205 491 1261 bassm
518 1204 843 1260 vocabulum
871 1203 1067 1259 Turcis
1094 1211 1259 1273 caput
1285 1205 1573 1275 significat.
1608 1205 1892 1262 Falluntur

306 1301 494 1348 autem
520 1293 621 1363 qui»
633 1309 729 1362 pro
754 1294 985 1349 sultanis
1012 1291 1219 1349 vezi‘res
1238 1293 1409 1351 fuisse
1440 1298 1718 1360 dictos,ac
1743 1297 1891 1352 Emi-

320 1398 439 1440 rum
478 1385 727 1456 (Amares
756 1384 859 1454 ipsi
885 1385 1103 1454 vocant)
1130 1386 1185 1439 in
1225 1384 1404 1442 locum
1442 1400 1634 1456 putant
1669 1405 1892 1446 succes-

312 1474 457 1529 sisse
481 1474 671 1529 bassas
705 1482 757 1529 et
806 1475 1155 1546 begicrbegos
1187 1492 1203 1532 :
1234 1465 1455 1546 (quibus
1504 1487 1558 1534 et
1620 1483 1784 1549 begos
1820 1482 1888 1537 ab

311 1563 413 1627 eis,
443 1571 499 1617 et
523 1562 810 1632 sangiacos
831 1562 1075 1634 adiungi,
1136 1563 1284 1620 velut
1333 1574 1388 1620 et
1451 1565 1600 1636 ipsos
1647 1566 1889 1623 Emit-um

310 1658 683 1729 successeres,
711 1655 1065 1725 magisetiam
1100 1654 1290 1726 miror)
1312 1672 1438 1712 cum
1465 1674 1564 1713 vox
1612 1656 1769 1714 Etnir
1820 1672 1891 1715 ne

312 1745 477 1802 hodie
512 1746 736 1817 quidem
766 1749 1036 1803 exstincta
1071 1747 1166 1811 sit,
1211 1762 1277 1803 ac
1331 1758 1689 1819 praeterquam
1741 1750 1887 1821 quod

2004 583 2161 630 erant
2185 574 2238 627 in
2268 571 2499 641 imperio
2527 570 2854 626 Saraccnico
2880 570 3045 626 simul
3069 578 3127 626 et
3150 571 3378 634 eniires,
3417 578 3472 624 et
3492 586 3583 623 vc.-

2002 667 2165 729 zires,
2191 671 2247 719 et
2262 663 2593 733 beglerbegi,
2618 661 2782 716 etiam
2814 669 2940 716 ante
2987 661 3365 715 monarchiam
3388 660 3582 715 Turci-

1992 770 2119 812 cam
2145 773 2161 810 :
2194 769 2418 824 prorsus
2443 754 2626 810 utdici
2667 763 2928 824 nequeat,
2956 769 3054 823 pro
3073 754 3310 808 suitanis
3373 753 3581 808 vezircs

1999 844 2324 914 appellatos,
2348 844 2403 898 in
2426 843 2669 898 emirum‘
2691 845 2872 899 locum
2925 844 3260 899 successisse
3317 843 3506 897 bassas
3531 854 3584 896 ct

1995 931 2376 1003 beglerbegns.
2398 931 2615 1001 Quippe
2635 932 2882 987 meminit
2911 933 3361 1005 beglerbegorum
3417 930 3583 987 oﬂicii

1994 1024 2265 1080 vetustior
2289 1033 2527 1092 pratore
2557 1022 2853 1090 Cedrinus,
2884 1034 2938 1079 et
2958 1024 3139 1095 ipsum
3176 1039 3375 1079 nomen
3400 1024 3583 1078 inter-

1993 1116 2567 1193 pretatur'archontas
2595 1114 2921 1181 areboutou,
2988 1124 3049 1170 ut
3106 1115 3279 1170 nostri
3328 1115 3585 1171 dominos

1992 1207 2343 1262 dominorum
2386 1206 2604 1261 :veluti
2629 1207 2725 1276 qui
2769 1207 2873 1261 sub
2915 1220 3003 1272 se,
3048 1215 3248 1278 praeter
3302 1209 3584 1279 gregarios

1995 1298 2219 1363 milites,
2251 1297 2533 1367 spacbios,
2558 1298 2841 1364 subassas,
2880 1299 3047 1354 etiam
3093 1298 3383 1369 sangiacos
3417 1310 3471 1354 ct
3493 1302 3588 1354 be-

1992 1404 2092 1459 gos
2120 1389 2360 1443 habeant
2396 1405 2411 1442 :
2439 1396 2703 1456 utrosque
2734 1388 3006 1441 minorum
3056 1386 3227 1459 (quod
3259 1388 3432 1457 aiunt)
3456 1403 3586 1459 gen—

1993 1478 2133 1535 tium
2157 1478 2438 1542 dominos.
2468 1478 2539 1533 de
2568 1478 2773 1548 quibus
2829 1492 2929 1533 suo
2959 1477 3102 1532 loco.
3148 1479 3352 1533 Praetor
3413 1479 3583 1543 addit,

1990 1567 2230 1624 oﬁeium
2301 1568 2752 1638 beglerbegorum
2813 1568 3143 1637 respondere
3203 1568 3454 1638 dignitati
3501 1569 3586 1623 vel
3643 1618 3647 1622 .

1990 1659 2170 1716 cilicio
2200 1660 2423 1716 maximi
2448 1659 2885 1730 stratopedarchi
2905 1674 3068 1729 quem
3094 1675 3236 1714 nunc
3266 1658 3579 1729 generalem

1991 1752 2171 1822 campi
2200 1766 2398 1808 vocare
2420 1752 2686 1807 solemus.
2720 1750 2913 1806 Itidem
2958 1750 3175 1805 sultano
3242 1752 3411 1805 servit
3432 1758 3584 1821 extra

312 1838 419 1908 ipsi
450 1838 668 1892 suitano
694 1840 913 1908 proprie
947 1846 1244 1908 competat,
1296 1850 1355 1894 ut
1404 1856 1568 1912 supra
1624 1843 1883 1910 diximus,
1917 1868 1961 1926 Β
1994 1840 2240 1896 saraium
2271 1841 2318 1896 is
2350 1841 2445 1910 qui
2503 1841 2706 1896 dicitur
2767 1841 2909 1895 emir
2953 1839 3156 1903 halent,
3213 1839 3372 1908 cujus
3424 1838 3585 1908 paulo

316 1928 483 1982 etiam
505 1929 673 1985 certis
695 1930 749 1983 in
771 1933 893 1984 aula
920 1932 1191 1985 tribuatur
1209 1930 1506 1989 oﬂiciarlis.
1528 1932 1739 2005 Quippe
1757 1946 1887 1991 sunt

312 2024 380 2075 ad
413 2018 655 2087 Portam,
684 2021 824 2076 emir
861 2022 1074 2089 Halem,
1106 2022 1277 2095 Bujuc
1317 2025 1460 2082 emir
1504 2026 1708 2093 Achur,
1769 2029 1886 2100 (qui

314 2113 543 2167 Praetori
574 2113 741 2167 etiam
771 2110 933 2184 403
979 2110 1200 2171 Graecia:
1250 2127 1440 2172 nostro
1483 2102 1887 2189 Amyrathures

310 2204 536 2275 dicitur)
568 2212 626 2260 et
654 2204 875 2261 Cudzuc
900 2207 1045 2260 emir
1071 2207 1278 2263 Achnr.
1308 2190 1488 2264 Bassa:
1526 2224 1725 2266 nomen
1782 2212 1887 2268 hoc

313 2304 558 2366 tempore
588 2296 751 2352 datur
772 2294 838 2352 iis
867 2298 1128 2366 primum,
1170 2299 1264 2369 qui
1293 2302 1537 2356 vezirum
1563 2301 1883 2371 dignitatem

311 2387 562 2443 obtinent
592 2403 608 2441 :
641 2387 836 2443 deinde
864 2388 1224 2459 beglerbegis.
1243 2388 1365 2461 ipsa
1384 2392 1601 2449 nomina
1624 2404 1749 2449 cum
1778 2392 1886 2449 odi-

312 2478 433 2540 ciis,
468 2490 571 2533 suo
595 2476 1021 2532 declar’altuntur
1051 2493 1081 2532 a
1112 2480 1269 2536 nobis
1317 2481 1438 2537 loco
1462 2482 1753 2552 prolixius.
1788 2483 1885 2539 ilic

313 2571 506 2639 paucis
538 2567 701 2633 addo,
726 2560 901 2623 Pot-tae
920 2569 1229 2626 Osmanica:
1250 2570 1418 2626 duum
1473 2588 1596 2628 esse
1624 2588 1881 2645 generum

312 2658 488 2716 cilicia
520 2677 537 2714 :
565 2673 800 2728 quorum
824 2660 926 2715 alia
963 2661 1284 2718 ministeriis
1314 2663 1583 2721 obeundis
1621 2668 1764 2720 intra
1798 2682 1885 2721 sa-

314 2751 493 2807 raium
515 2752 721 2807 sultaui
748 2753 1022 2808 destinata
1055 2761 1206 2820 sunt,
1240 2756 1345 2811 alia
1389 2758 1758 2826 procurandis
1788 2774 1884 2813 ne-

318 2844 479 2913 gotiis
504 2844 743 2912 publicis
768 2852 924 2898 extra
962 2846 1224 2901 saraium.
1282 2845 1348 2902 Et
1388 2849 1627 2904 saraium
1690 2848 1886 2905 Turcis

320 2934 578 3004 palatium
609 2935 869 3004 principis
897 2946 1001 3002 est,
1033 2937 1117 2993 vel
1152 2938 1295 2993 aiiud
1333 2942 1573 3011 amplum
1594 2940 1883 2995 aedilicium

320 3039 478 3079 nona
513 3026 651 3079 Czar
692 3040 825 3083 voce
870 3026 1140 3096 Tatarica,
1184 3046 1308 3101 quae
1354 3046 1535 3103 regem
1591 3031 1884 3102 signiﬁcat,

316 3119 527 3174 dictum
560 3133 576 3172 :
605 3120 745 3174 unde
772 3120 1093 3176 Reineccius
1118 3121 1417 3193 Saragliam
1470 3122 1662 3181 Turcis
1696 3129 1905 3182 vocari.

280 3221 491 3282 'putat,
520 3221 580 3265 ut
612 3214 841 3285 regiam.
868 3213 1003 3268 Nam
1034 3214 1154 3269 alia
1195 3228 1415 3285 quoque
1467 3216 1686 3283 domus,
1740 3229 1893 3276 extra
1917 3202 1962 3263 (ἶ

282 3304 518 3360 'sultani
554 3306 1008 3375 regiam,jnomen
1054 3308 1159 3363 hoc
1182 3307 1409 3362 ferunt:
1447 3321 1506 3363 ut
1560 3311 1688 3375 ilhc,
1751 3327 1891 3383 quas

288 3397 659 3452 sultanorum
691 3398 1028 3453 muliercula
1068 3399 1185 3455 sive
1210 3402 1535 3456 concubina:
1560 3404 1889 3469 inhabitant,

320 3495 380 3540 ut
403 3482 980 3557 Atsebatuoglanorum
1030 3490 1196 3557 aedes,
1246 3501 1307 3547 ut
1354 3492 1555 3563 atnpla'
1587 3488 1888 3550 Tur'corum

323 3577 581 3643 hospitia,
606 3577 727 3635 sive
748 3580 1056 3637 diversoria
1089 3583 1327 3651 publica,
1391 3600 1526 3655 quas
1551 3587 1710 3656 vulgo
1740 3602 1891 3643 cara-

321 3671 566 3725 vasarias
588 3671 757 3728 uestri
779 3681 998 3729 vocant.
1022 3673 1230 3745 Quippe
1251 3674 1376 3731 aTu
1386 3681 1491 3732 rcis
1510 3683 1888 3735 caravansarai

317 3758 405 3813 vel
434 3757 578 3812 serui
602 3758 887 3825 dicuntur,
916 3762 1019 3816 hoc
1044 3773 1152 3829 est,
1186 3763 1418 3819 editicia
1445 3766 1715 3825 destinata
1736 3778 1893 3825 cara-

314 3850 496 3915 van‘is,
539 3866 665 3921 quae
691 3852 973 3908 hominum
1004 3857 1221 3927 agmina
1253 3868 1383 3913 sunt
1427 3874 1552 3915 cum
1607 3863 1886 3932 jurulentis,

315 3943 389 3997 ob
416 3943 681 3999 itinerum
711 3945 948 4015 pericula
974 3952 1253 4002 turmatim
1304 3967 1363 4005 se
1413 3954 1886 4023 conjungentium.

317 4032 554 4091 Consule
580 4034 653 4089 de
677 4035 762 4091 bis
801 4036 1048 4105 exposita
1110 4040 1375 4109 prolixius
1437 4044 1618 4112 capite
1657 4038 1784 4101 247.
1814 4044 1891 4101 De

318 4121 509 4178 ciliciis
526 4127 674 4178 intra
697 4126 937 4179 saraium
956 4126 1106 4193 alibi,
1146 4128 1294 4182 sicut
1321 4140 1375 4183 et
1437 4130 1506 4185 de
1549 4131 1670 4187 aiiis
1737 4145 1887 4189 extra

317 4216 579 4269 saraium.
612 4214 813 4282 Basse,
840 4217 911 4270 de
939 4218 1140 4286 quibus
1160 4220 1252 4274 hic
1282 4220 1520 4298 agimus,
1560 4234 1711 4279 extra
1737 4238 1891 4281 sara-

316 4309 429 4360 ium
462 4309 785 4362 tuuneribus
806 4306 922 4363 sibi
970 4312 1241 4367 mandatis
1294 4311 1618 4380 iuttgsmur.
1653 4315 1719 4370 Et
1740 4317 1892 4373 inter

319 4399 419 4452 hos
445 4400 541 4468 qui
566 4399 727 4468 primi
753 4409 904 4467 sunt,
937 4416 1143 4457 vestros
1168 4403 1428 4459 dicuntur
1455 4422 1470 4470 ;
1501 4408 1734 4474 nostris,
1762 4423 1893 4463 con-

314 4486 512 4544 siliarii
539 4493 760 4556 secreti,
792 4490 879 4546 vel
896 4493 1107 4548 arcani.
1136 4492 1440 4564 Supremas
1490 4507 1697 4559 autem,
1749 4500 1889 4554 vezi-

1992 4513 2321 4570 Honoriadis
2371 4514 2860 4583 al‘ClliepiSCUpaltli
2918 4514 3237 4570 Prusiadem
3296 4519 3515 4584 Slibjit‘il

318 4594 496 4635 ralem
524 4582 1019 4654 ,nourinaturmuze
1068 4586 1213 4655 apud
1267 4584 1573 4643 Saracenos
1624 4592 1785 4645 etiam
1832 4594 1887 4647 in

320 4686 423 4727 usu
455 4673 713 4744 dignitas,
741 4683 798 4731 et
825 4677 1234 4732 existimatione
1257 4680 1529 4750 praecipua
1558 4682 1680 4737 i’nit.
1706 4684 1896 4739 Cedri-

317 4773 504 4819 ιιιιιέθι
564 4766 656 4820 alii
703 4769 1178 4838 protosymbtllum
1224 4770 1678 4842 interpretantur,
1735 4776 1894 4847 cuius

311 4857 479 4909 etiam
510 4858 716 4911 mentio
746 4857 806 4912 tit
829 4858 1043 4913 islibro
1056 4863 1131 4915 de
1154 4861 1474 4932 signiﬁcatis
1496 4865 1893 4924 insomniorum

312 4959 478 5012 quem
506 4946 741 5000 antehac
761 4946 1088 5003 Sambucani
1132 4952 1465 5022 exemplaris
1521 4955 1698 5009 mutili
1732 4956 1892 5012 ﬁdem

313 5036 982 5113 sequenteaLApomasari
1037 5039 1380 5098 tribuimus:
1429 5058 1554 5099 eum
1612 5045 1893 5104 Achmetis

312 5141 443 5179 eum
476 5138 667 5196 postea
695 5134 1116 5202 cognoverimus
1148 5142 1295 5200 esse,
1325 5135 1395 5191 de
1422 5134 1566 5192 libro
1597 5138 1888 5195 bibliothe-

314 5232 393 5272 0.1!
413 5218 776 5289 marem,”
806 5239 917 5293 quo
951 5224 1053 5279 viri
1080 5227 1293 5283 clariss.
1324 5225 1563 5298 Hugonis
1592 5229 1750 5286 Blotii
1775 5232 1827 5286 J.
1849 5231 1891 5287 Ο

312 5321 372 5363 et
403 5312 720 5381 Augustalis
741 5315 1143 5372 bibliothecarii
1181 5319 1468 5385 beneﬁcio,
1496 5323 1666 5376 nostri
1686 5324 1891 5381 codicis

313 5406 548 5459 lacunas
570 5418 762 5460 omnes
783 5407 1143 5476 explevimus.
1175 5408 1400 5466 Simeon
1462 5410 1721 5484 Magister
1775 5415 1891 5470 otii-

313 5496 529 5551 ciorum
552 5498 753 5553 alicubi
786 5497 1139 5556 Solemanem
1180 5502 1665 5576 Protosymbulum
1697 5506 1890 5564 Balsa-

319 5601 424 5641 nue
456 5597 637 5654 vocat,
659 5603 823 5658 quem
852 5589 1099 5647 Zonaras
1124 5593 1564 5664 archisatrapam
1615 5595 1890 5655 Masalmas

313 5675 476 5733 dixit.
517 5677 781 5734 Similiter
803 5691 958 5737 extra
995 5683 1234 5739 saraium
1260 5693 1388 5740 sunt
1431 5685 1765 5759 beglcrbegi,
1794 5688 1884 5760 qui

290 5778 369 5823 et
398 5770 500 5839 ipsi
526 5770 704 5828 basste
723 5782 1008 5831 vocantur.
1044 5773 1268 5833 Praetori
1298 5775 1519 5837 Gracia:
1548 5792 1758 5855 nostro,
1790 5786 1882 5856 qui

1987 1942 2115 1989 ante
2134 1933 2504 1989 meminimus.
2522 1934 2854 1990 Vexillorum
2873 1932 3160 2003 praefectus
3173 1948 3459 2001 supremus
3477 1942 3581 1998 est,

1990 2039 2057 2081 ac
2085 2032 2199 2079 tum
2225 2024 2342 2095 ipse
2370 2024 2625 2078 vexillum
2656 2024 2867 2093 regium
2910 2031 3088 2093 gestat
3120 2022 3173 2076 in
3226 2022 3583 2092 expc-ditioni-

1987 2117 2117 2182 bus,
2160 2123 2277 2170 tum
2302 2114 2497 2169 vexilla
2528 2113 2868 2183 beglerbegis
2912 2114 3071 2174 cliert
3128 2126 3248 2178 sua,
3285 2114 3583 2183 itidemque

1985 2222 2089 2263 sua
2114 2206 2385 2276 sangiacis
2423 2206 2595 2275 begis.
2631 2204 2781 2260 Emir
2809 2205 2981 2260 achur
3032 2205 3231 2260 stabuli
3296 2206 3583 2275 praefectus

1987 2310 2092 2366 est,
2125 2300 2213 2354 cui
2250 2297 2518 2355 vocabulo
2562 2298 2605 2353 si
2662 2297 2850 2367 buiuc,
2885 2310 3256 2368 praeponatur,
3288 2296 3462 2364 major
3498 2295 3581 2350 vel

1987 2394 2231 2462 primus;
2262 2391 2306 2446 si
2339 2390 2557 2459 cudjuc,
2589 2389 2765 2442 minor
2795 2397 2889 2443 aut
2925 2390 3195 2444 secundus
3226 2389 3424 2444 stabuli
3449 2405 3582 2458 prac—

1980 2482 2514 2551 fectusiutelligitur.
2544 2480 2619 2533 De
2659 2479 2743 2534 his
2797 2478 2908 2548 jam
2958 2480 3263 2549 percepisse
3320 2480 3578 2535 lectorem

1984 2576 2202 2642 Opinor,
2224 2573 2315 2644 qui
2342 2570 2536 2627 Turcis
2555 2571 2744 2637 bttSS‘J’,
2775 2571 2867 2640 qui
2912 2570 3236 2640 beglerbcgi.
3266 2570 3357 2639 qui
3385 2572 3581 2624 cntircs

1986 2670 2114 2724 sint.
2140 2666 2251 2723 Nec
2272 2668 2463 2733 ignoro
2481 2679 2679 2720 nomen
2702 2664 2840 2719 etnir
2862 2662 3356 2730 Quibir,digmtstis
3379 2664 3430 2717 in
3453 2664 3577 2716 aula

1988 2760 2328 2816 sultanorum
2349 2753 2690 2811 Cairensium
2739 2752 3009 2806 maximas.
3046 2751 3151 2805 Sed
3175 2750 3313 2803 intra
3381 2747 3580 2803 limites

1986 2848 2284 2906 coercenda
2335 2844 2581 2914 scriptio,
2612 2859 2680 2898 ne
2704 2842 3127 2897 commentarius
3156 2840 3417 2910 prolixior
3475 2839 3584 2893 [ec-

1995 2955 2168 2999 torem
2191 2939 2451 3003 olleudat,
2473 2948 2569 2992 aut
2610 2936 2815 3005 saepius
2838 2934 3022 2988 eadem
3066 2943 3294 3001 repetat.

2185 3028 2189 3033 ”
2378 3029 2471 3083 15.
2504 3026 2674 3090 lsnic,
2692 3024 2888 3087 Bursa,
2924 3021 3166 3094 Teggiur.

2064 3147 2296 3203 lsnieatn
2329 3144 2465 3206 dixi,
2502 3156 2702 3197 nomen
2737 3140 3059 3196 hodiernum
3090 3148 3144 3192 et
3176 3136 3371 3195 Turcis
3411 3141 3584 3194 usita-

2000 3251 2117 3298 tum
2143 3241 2407 3304 retinens,
2440 3237 2570 3291 licet
2606 3236 2675 3290 ab
2725 3233 2849 3289 aliis
2897 3233 3056 3287 aliter
3109 3232 3400 3297 scribatur,
3458 3249 3582 3301 quae

1991 3332 2169 3388 Nicaea
2194 3329 2390 3400 priscis
2422 3326 2833 3383 est.Castaldus
2858 3341 2953 3394 per
2974 3338 3218 3381 errorem
3246 3338 3354 3380 non
3384 3327 3575 3381 urbem

1991 3420 2233 3476 Nicaeam
2251 3415 2747 3482 voeatlsnecham,
2780 3418 2876 3473 sed
2904 3418 3082 3472 lacum
3143 3418 3260 3473 sive
3322 3419 3574 3489 paludem

1992 3517 2311 3579 Aseaniam,
2347 3528 2471 3584 quas
2499 3520 2683 3569 auten
2714 3512 2878 3568 hodie
2907 3509 3103 3568 Turcis
3150 3513 3298 3569 Acut
3348 3515 3576 3579 dicitur,

1995 3606 2220 3661 nomine
2249 3604 2810 3675 signiﬁeanteaquam
2858 3602 3042 3657 albam
3095 3604 3214 3658 sive
3269 3605 3574 3674 limpidam.

1991 3698 2048 3752 In
2081 3697 2270 3753 multis
2298 3697 2445 3750 enim
2482 3695 2703 3764 antiqua
2737 3695 2959 3748 nomina
2991 3694 3072 3749 sic
3124 3693 3436 3759 imtnutant,
3516 3706 3577 3753 ut

1990 3789 2299 3857 priscorum
2330 3786 2747 3841 similitudinem
2783 3786 3099 3850 retinentia,
3145 3795 3328 3840 tamen
3368 3788 3572 3857 aliquid

1993 3882 2045 3935 in
2081 3880 2264 3949 lingua
2285 3893 2383 3934 sua
2416 3876 2750 3946 signiﬁcent.
2790 3872 2983 3930 Prusae
3040 3893 3235 3931 nomen
3287 3880 3573 3949 antiquum

1993 3969 2211 4033 retinui,
2240 3967 2458 4037 tametsi
2506 3980 2653 4019 nunc
2703 3964 2877 4020 Bursa
2943 3967 3103 4039 vulgo
3162 3966 3376 4022 dicatur
3411 3986 3575 4040 :quae

1990 4076 2094 4115 vox
2129 4060 2184 4115 in
2209 4073 2452 4113 errorem
2493 4057 2711 4126 impulit
2738 4056 3070 4122 Bonilnium,
3103 4068 3159 4114 ut
3203 4057 3428 4130 Byrsam
3478 4079 3578 4135 ap-

1990 4152 2215 4222 pellaret
2246 4168 2261 4205 :
2294 4149 2451 4220 quasi
2478 4165 2672 4204 nomen
2710 4149 2812 4204 hoc
2843 4148 3082 4217 aliunde,
3132 4168 3296 4222 quam
3325 4169 3355 4208 a
3403 4152 3578 4211 Prusa

1990 4257 2117 4312 rege
2148 4241 2533 4310 Bithynorum,
2569 4239 2860 4309 acceperit.
2887 4239 2942 4292 In
2972 4239 3172 4297 Leonis
3191 4243 3425 4315 Augusti
3448 4261 3582 4301 con-

1989 4333 2274 4388 stitutione
2312 4331 2378 4386 de
2401 4327 2661 4395 Thronis,
2694 4332 2859 4398 etiam
2885 4328 3177 4403 Theopolis
3209 4336 3323 4391 sive
3352 4336 3443 4392 Dei
3494 4338 3580 4393 ci-

1989 4426 2130 4479 vitas
2151 4423 2587 4494 cognominatur.
2610 4420 2756 4475 Idetn
2781 4422 3250 4492 ClatuliOpolitauo
3281 4429 3576 4496 provinciis

1996 4608 2141 4676 quod
2173 4606 2295 4660 ideo
2330 4606 2649 4667 notandum,
2684 4605 2810 4674 quia
2843 4603 3187 4676 BUsbequius
3240 4610 3292 4662 in
3348 4610 3582 4667 Lincra-

1995 4694 2079 4748 rio
2114 4691 2436 4747 Prusiadem
2478 4709 2602 4747 cum
2643 4696 2814 4749 Prnsa
2847 4695 3115 4762 confudit,
3149 4696 3387 4769 Tegginr
3442 4700 3581 4757 Tur-

1995 4783 2132 4838 ciset
2188 4784 2480 4853 provincia:
2509 4799 2732 4853 praeses,
2764 4800 2924 4854 quem
2958 4787 3061 4854 ipsi
3101 4804 3251 4843 more
3282 4807 3386 4847 suo
3407 4794 3579 4850 deno-

1994 4877 2204 4930 minant
2229 4890 2259 4929 a
2292 4875 2569 4963 cujusque
2589 4878 2882 4946 provinciae
2929 4882 3239 4951 metropoli.
3302 4884 3580 4944 Laonieus

1996 4963 2322 5021 Harmostcn
2373 4966 2633 5033 reddidit,
2686 4984 2805 5038 quae
2864 4986 2965 5024 vox
3017 4974 3244 5044 antiquo
3301 4975 3577 5036 Laconum

1994 5070 2097 5111 usu
2131 5055 2401 5125 signiﬁcat
2433 5072 2559 5112 eum
2600 5060 2691 5126 qui
2735 5059 2815 5113 vel
2841 5061 2895 5115 iu
2930 5062 3139 5132 urbem,
3182 5067 3266 5121 vel
3307 5071 3578 5140 regionem

1994 5148 2224 5219 imperio
2246 5150 2552 5219 subiectam
2578 5152 2830 5215 mittitur,
2860 5161 2918 5207 ut
2971 5154 3092 5224 ejus
3155 5173 3244 5211 res
3285 5162 3580 5216 constituat

1992 5255 2058 5296 ac
2091 5241 2366 5309 disponat.
2396 5242 2605 5295 Praetor
2642 5255 2829 5298 noster
2862 5243 3056 5300 ducem
3109 5249 3346 5318 regionis
3406 5252 3576 5306 inter-

1994 5342 2266 5400 pretatur,
2290 5331 2386 5401 qui
2414 5331 2620 5388 Graecis
2642 5343 2720 5389 est
2765 5334 3049 5406 Higemon.
3096 5336 3186 5394 Sic
3238 5342 3384 5395 enim
3454 5360 3576 5412 per-

1994 5425 2360 5479 turbationem
2396 5441 2577 5480 rerum
2602 5427 2654 5481 in
2684 5429 2812 5482 Asia
2842 5430 3038 5484 minori
3066 5431 3404 5500 describens,
3453 5448 3576 5507 post

1992 5522 2311 5583 occupatam
2347 5529 2378 5568 a
2406 5515 2663 5573 lt'landris
2708 5520 3255 5593 ConstantinOpoliin,
3316 5526 3430 5582 ait:
3470 5528 3574 5595 Qui

1990 5607 2157 5661 duces
2187 5607 2310 5663 aliis
2342 5609 2397 5663 in
2430 5609 2567 5666 locis
2597 5610 2691 5665 alii
2738 5611 2957 5668 fuerant
3027 5615 3314 5685 hactenus,
3374 5621 3573 5692 singuli

1990 5698 2266 5768 regionem
2295 5701 2754 5760 administrationi
2777 5721 2891 5762 sure
2921 5708 3291 5779 commissam,
3316 5725 3462 5769 nunc
3488 5714 3576 5768 sui

1988 5791 2128 5861 juris
2160 5791 2463 5853 cﬂiciebaut
2498 5801 2623 5858 :vei
2656 5801 2721 5859 ad
2760 5801 2862 5859 hoc
2888 5802 3285 5872 impulsi'motu
3327 5791 3572 5876 proprio“,
