2009 3210
258 166 311 198 m
704 184 712 188 _
864 157 1029 189 JOANNIS
1053 135 1284 191 LEUNcLAvu

1831 162 1890 193 ’ΣΗ

256 224 300 251 vel
313 223 351 249 ab
362 218 463 247 incolis
479 218 512 245 ad
526 215 722 244 defendendam
742 214 881 249 regionem
906 214 1042 242 arcessiti.
1059 219 1080 246 Α
1094 222 1155 242 rum
1173 216 1367 244 ’l‘nrcrcorum.
1381 216 1624 252 Iussuph,Prusa>.i
1636 225 1735 245 nomen
1748 219 1888 253 praesidis.

258 269 325 303 Quae
342 273 408 293 sane
421 263 504 291 verba
531 269 574 289 me
600 260 853 289 commonefaciam
878 260 913 287 de
936 259 1045 295 imperii

257 314 342 342 nostri
363 316 433 340 statu
450 317 504 337 non
517 308 656 341 dissimili,
671 312 734 343 post
752 307 906 335 exstinctos
925 306 1044 342 impera-

256 365 333 388 tores
345 358 463 385 Suevos.

369 415 414 440 16.
432 412 514 449 ᾕοῇ
531 412 660 442 Edrenos,
681 409 786 440 Ulubat,
809 409 927 443 Caplise.

290 469 460 495 Etll‘cﬂOl’lllll
478 466 643 502 Teggiurem
661 465 727 495 dixi,
740 465 773 490 ab
783 464 884 498 oppido
895 464 964 497 quod
976 463 1043 489 Tur—

254 517 294 542 cis
309 519 422 541 vocatur
441 511 574 540 Edrenos.
592 511 777 538 Adranusium
796 511 892 536 ducem
909 510 966 536 sive
975 517 1043 543 pra:—

254 562 339 588 sidem
357 560 491 587 dixissem
504 557 590 586 Graeci
607 561 720 584 veteres.
740 556 842 583 Civitas
866 555 921 590 ipsa
951 555 1042 588 Bithy-

255 608 317 638 niae,
335 615 388 633 non
407 605 528 640 procula
546 602 634 630 Prusa
649 602 740 629 distat.
753 601 919 628 Constitutio
938 600 1041 627 novella

254 652 353 680 Leonis
368 651 482 687 Augusti
498 650 531 677 de
545 648 665 679 thronis,
696 647 882 681 episcopatum
918 647 1042 673 Adranu-

253 698 325 726 sium
353 696 495 730 metropoli
520 693 721 722 Nicomediensi
755 693 890 728 Bithyniae
918 692 1039 725 subjicit.

252 743 386 779 Oppidum
402 742 535 773 Adranes,
556 746 654 775 genere
673 743 782 770 neutro,
801 738 901 773 priscis
921 737 1040 772 appella-

254 790 345 817 batur.
364 788 464 816 Ulubat
476 788 605 823 oppidum
620 791 717 813 vocant
734 784 827 815 Turci.
848 784 918 817 quod
936 782 1038 818 Lupndi

253 835 354 863 nostris
370 834 531 870 geographis
546 833 656 860 dicitur.
670 833 774 859 Prmtor
800 830 910 858 Gracia:
935 834 1038 862 uester,

251 887 280 909 et
294 875 536 915 Chalcocondyles,
551 879 700 914 Lopadium
714 878 868 905 nominant.
892 875 947 903 Nec
977 883 1040 910 pro-

249 927 295 954 ‘cul
311 935 324 953 a
342 927 465 953 Palormo
476 926 557 953 situm
574 930 615 952 est
630 925 804 959 (Panormnm
830 924 922 950 dixere
947 922 1034 949 Graeci

251 973 423 1006 superiorum
433 972 554 1005 aetatum)
572 970 614 997 ubi
631 970 729 997 veteris
746 969 821 997 urbis
833 968 927 1003 ‘Cyvici
949 967 1035 994 rninm

249 1019 324 1045 inter
339 1018 448 1052 copiosa
470 1017 567 1044 rudera
588 1023 755 1043 marmorum
767 1015 985 1048 conspiciuntur,
1008 1018 1035 1040 et

250 1066 313 1092 vina
328 1064 427 1091 nobilia
441 1068 598 1094 nascuntur,
616 1062 715 1096 quibus
729 1069 789 1089 cum
807 1061 944 1095 voluptate
963 1060 1035 1087 Con-

250 1110 425 1145 stantinopoli
438 1108 744 1136 salubriteru‘tebamur.
759 1107 815 1134 Vox
827 1106 936 1141 Caplize
969 1105 1033 1132 l‘ur-

250 1157 290 1184 cis
302 1156 417 1183 calidam
434 1163 532 1191 aquam
550 1155 608 1182 sive
634 1155 765 1182 balneum
797 1153 942 1185 signiﬁcat,
973 1159 1034 1186 qua:

249 1202 351 1228 Grmcis
371 1201 483 1228 therma
494 1205 568 1228 sunt.
591 1199 623 1226 Et
656 1203 817 1234 supererant
843 1198 937 1225 Prusa:
962 1205 1034 1225 nunc

249 1248 331 1274 etiam
348 1247 381 1274 ad
397 1246 498 1273 montis
512 1243 617 1281 Olympi
635 1245 730 1279 pedem
739 1244 853 1271 thermae
865 1243 1036 1278 prmstantis—

250 1292 338 1323 simae,
355 1299 388 1318 ac
402 1300 405 1303 ·
417 1291 443 1317 in
458 1290 556 1325 primis
576 1290 695 1317 celebres
712 1299 719 1317 :
738 1297 799 1316 cum
829 1296 861 1316 ex
891 1288 1034 1315 intervallo

250 1344 305 1363 non
318 1343 425 1371 magno.
444 1343 521 1370 aqua
536 1336 630 1363 calida:
646 1336 746 1370 pariter
767 1340 793 1362 et
816 1334 933 1369 frigidm,
963 1334 1034 1362 miro

249 1387 354 1410 natura:
367 1382 508 1414 bent-licio,
522 1382 637 1416 largiter
648 1382 790 1409 ebuliiant.
809 1381 888 1416 Apud
920 1381 1034 1416 Stepha-

249 1436 325 1460 num,
340 1428 385 1462 qui
398 1427 496 1454 librum
520 1427 552 1453 de
578 1427 692 1453 urbibus
719 1426 839 1461 scripsit,
863 1426 967 1454 Ortelio
994 1426 1034 1453 ci—

249 1479 333 1504 tantc,
348 1472 465 1500 Therma
478 1472 590 1506 legitur,
606 1471 682 1498 locus
706 1471 819 1503 Prusias,
850 1470 954 1506 (Prusa
977 1471 1034 1498 vult

249 1525 315 1555 puto
330 1520 429 1552 dicere,
445 1526 600 1553 quanquam
629 1522 655 1545 et
679 1517 800 1552 alioquin
820 1518 881 1545 haec
905 1517 1034 1545 mendosa

246 1563 376 1598 arbitror)
390 1563 436 1597 qui
448 1567 475 1588 et
491 1562 606 1589 Basilica
626 1566 745 1589 vocetur.
762 1561 810 1589 Hic
825 1562 870 1590 ille
890 1563 966 1589 locus
991 1564 1034 1589 est

247 1608 422 1635 basilicarum
437 1607 494 1634 sive
510 1606 645 1641 regiarum
655 1607 833 1639 thermarum,
847 1614 902 1641 quo
912 1606 946 1633 de
960 1612 1034 1633 nunc

246 1653 442 1689 ngimus.Nam
459 1653 531 1687 qttod
551 1653 679 1688 oppidum
701 1652 881 1680 Thermarum
905 1651 1034 1680 Basilica-

249 1708 308 1727 rum
326 1700 352 1726 in
365 1699 475 1726 Novella
493 1698 591 1726 Leonis
602 1701 715 1733 Augusti
733 1698 877 1735 reperitur,
890 1698 963 1725 aliud
980 1703 1033 1731 est,

249 1754 282 1772 ac
297 1745 405 1779 longius
429 1749 563 1771 remotum
576 1752 591 1771 a
602 1744 699 1778 l’rusa,
725 1752 787 1773 cum
798 1744 972 1779 episcopatus
988 1744 1034 1772 ille

250 1789 392 1825 metropoli
403 1789 564 1816 Caesariensi
583 1789 764 1824 Cappadocia
776 1788 951 1823 subjiciatur.

288 1846 328 1873 l7.
347 1845 421 1873 Mons
434 1844 634 1880 Culogerorum,
664 1846 847 1879 Genischelter,
865 1847 989 1882 Iussupli.

285 1904 401 1935 Montem
419 1906 625 1936 monachorum.
640 1904 686 1939 qui
700 1903 798 1938 legitur
816 1903 859 1931 hic
872 1904 899 1931 in
918 1904 1030 1932 Annali-

248 1952 309 1984 bus,
324 1951 404 1979 Turci
417 1959 466 1979 sua
480 1951 571 1986 lingua
593 1953 689 1977 vocant.
716 1948 830 1976 Geschis
850 1949 928 1984 dage,
944 1949 1033 1977 Graeci

248 1998 397 2032 Kalogeron
407 2004 481 2025 oros.
490 1995 654 2032 lntelligitur
666 2000 757 2022 autem
767 1994 819 2022 hoc
829 1997 941 2022 nomine
953 2003 1033 2023 mons

245 2044 379 2079 Olympus
404 2042 558 2078 Bithyniae.
592 2042 639 2077 qui
667 2040 903 2074 Constantinopoli
931 2041 1033 2076 degen-

247 2091 331 2123 tibus,
343 2095 370 2117 ct.
382 2089 409 2117 in
423 2088 588 2124 Propontide
603 2088 808 2124 navigantibus,
822 2087 921 2123 insigni
937 2088 1033 2115 altitu-

246 2138 308 2164 dine
331 2135 621 2170 conspicitur.Nomen
646 2135 697 2162 hoc
717 2134 779 2162 inde
796 2133 868 2165 tulit.
885 2134 958 2169 quod
967 2133 1031 2161 olim

246 2182 397 2216 frequentia
412 2181 604 2214 Calogerorum
618 2179 731 2207 haberet
754 2180 930 2212 monasteria,
958 2179 1032 2207 velut

1094 262 1168 288 idem
1181 266 1221 289 est
1238 269 1298 288 cum
1319 260 1448 299 Josepho.
1463 260 1628 295 Gauderius,
1644 262 1809 290 lt‘erdinandi
1827 264 1890 290 Ca!-

1095 307 1166 336 saris
1182 307 1327 342 interpres,
1342 308 1454 343 scripsit
1485 307 1585 336 Jussuc
1615 309 1641 336 in
1669 309 1795 337 versione
1822 317 1888 343 sua,

1095 353 1167 388 quod
1185 353 1346 380 vocabulum
1363 352 1599 382 Turcisannulum
1611 353 1755 389 signiﬁcat.

1095 418 1140 444 ill.
1155 418 1292 455 Decumi:
1307 420 1428 449 "tenetis.
1440 420 1503 453 quid
1519 419 1657 455 Maugur-1',
1669 421 1758 455 Aapn'.
1775 421 1893 449 Sicim-

1131 454 1232 489 eapsia,
1250 453 1415 488 liyperpyra.
1428 453 1628 488 Hyperpyraﬁi.
1644 453 1760 488 Dramw,
1776 455 1888 489 Scaclri,

1130 487 1462 530 :Sulla't‘ltni,r.S(Inp‘/lini.i
1474 487 1608 530 Byzantii,
1628 489 1760 530 Chrprim'.
1779 487 1891 518 Altum;

1128 522 1177 547 (εν.
1188 521 1323 557 Ᾰίῃυριίιε
1338 521 1506 558 Syriumque
1513 529 1624 550 moneta:
1637 521 1718 552 ταεῖο.
1770 534 1774 537 ’

1128 577 1373 606 Necessarionobis
1386 580 1429 607 hic
1442 579 1574 614 agendum
1589 581 1621 607 de
1639 581 1720 609 variis
1734 585 1788 608 tam
1807 581 1889 609 Gm-

1092 630 1198 656 eorum,
1211 631 1292 657 quam
1309 623 1463 651 Turcorum
1491 623 1739 661 Egyptiorumque
1767 632 1889 654 moneta:

1093 669 1249 702 generibus,
1279 673 1309 695 ut
1322 676 1376 696 uno
1388 669 1450 697 loco
1464 670 1563 705 posita,
1577 671 1651 698 velut
1679 671 1706 698 iu
1733 677 1886 707 conspectu

1093 714 1185 741 lectori
1196 715 1262 742 sint.
1283 715 1322 741 Ac
1337 715 1426 749 primo
1438 716 1561 750 quidem,
1576 720 1606 743 ut
1620 718 1737 752 pretium
1757 718 1887 753 singulo-

1092 767 1162 793 rum,
1177 767 1238 794 qua:
1253 759 1350 787 Turcis
1366 760 1393 787 in
1407 768 1458 788 usu
1474 765 1550 794 sunt,
1567 762 1730 796 indicemus,
1757 764 1888 792 animad-

1092 805 1265 837 vertendum,
1282 811 1344 833 ante
1360 813 1448 833 annos
1469 806 1515 839 40,
1549 807 1590 834 vel
1612 807 1657 839 50,
1682 815 1738 842 quo
1760 813 1888 844 temore

1090 851 1200 886 scripsit
1212 850 1327 879 Turcica
1343 859 1391 879 sua
1405 851 1565 880 Theodorus
1585 853 1791 888 Spanduginus,
1819 860 1886 883 octo

1052 914 1073 941 Β
1088 904 1335 932 mangurostereos
1351 905 1437 925 unum
1450 905 1732 933 asprumargenteum
1748 900 1884 930 valuisse.

1089 943 1210 970 horsum
1225 948 1342 976 quatuor
1353 951 1450 978 aspros
1463 943 1585 971 eﬂecisse
1602 943 1739 972 dramam.
1765 944 1884 973 Drama

1086 995 1152 1015 vero
1167 996 1274 1021 novem,
1285 989 1400 1023 pretium
1415 989 1499 1017 fuisse
1511 989 1604 1017 thalcri
1620 990 1700 1020 unius
1711 989 1884 1025 Germanici,

1090 1034 1138 1068 qui
1152 1033 1187 1062 56
1199 1041 1294 1068 aspros
1307 1034 1412 1061 valebat
1426 1044 1433 1062 :
1447 1043 1510 1062 cum
1521 1035 1681 1063 Sullaninus
1694 1044 1810 1071 aureus,
1820 1043 1882 1067 tam

1086 1080 1205 1115 pondere
1216 1101 1223 1113 ,
1241 1088 1322 1115 quam
1340 1081 1398 1108 auri
1417 1081 1536 1109 bonitate
1544 1090 1595 1117 par
1603 1083 1741 1111 lecchino
1752 1084 1813 1114 sive
1829 1084 1882 1113 do-

1085 1129 1146 1152 cato
1156 1125 1265 1158 Veneto,
1275 1126 1309 1154 54
1319 1127 1407 1161 aspris
1419 1128 1610 1160 aestimaretur,
1623 1128 1675 1155 hoc
1682 1133 1736 1159 est.
1750 1136 1806 1158 uno
1817 1129 1883 1158 tha-

1085 1171 1143 1198 lcro
1151 1170 1325 1204 Germanico,
1336 1179 1396 1199 cum
1407 1173 1532 1201 semisse.
1541 1173 1768 1209 Deindepretium
1779 1172 1883 1204 timeri

1084 1217 1130 1244 diu
1141 1217 1238 1244 stabile
1260 1217 1321 1249 fuit,
1338 1218 1408 1252 aspri
1421 1218 1601 1253 quadraginta
1623 1229 1629 1248 :
1649 1219 1783 1248 Sultauini
1802 1222 1878 1254 ven,

1088 1270 1138 1290 seu
1164 1262 1268 1295 ducati,
1281 1262 1433 1297 sexaginta.
1449 1262 1506 1291 Nos
1525 1269 1615 1292 autem
1639 1257 1878 1304 Constantinopoli

1086 1316 1148 1336 cum
1163 1316 1298 1341 essemus,
1309 1309 1349 1336 sic
1366 1310 1552 1338 eranthorum
1569 1311 1692 1339 omnium
1713 1315 1794 1340 aucta
1813 1319 1879 1347 pe-

1086 1355 1135 1387 tia,
1147 1359 1257 1389 propter
1264 1355 1425 1389 gravamina
1440 1356 1678 1391 (quemadmodum
1691 1357 1878 1389 bellil’enici.

1088 1405 1116 1426 ct
1129 1400 1196 1428 alias
1212 1407 1309 1429 causas
1322 1401 1457 1435 explicata
1470 1409 1524 1429 non
1537 1404 1708 1432 necessarias
1725 1413 1734 1433 :
1749 1409 1781 1433 ut
1791 1411 1876 1433 IIII-
1917 1407 1925 1411 '

1086 1445 1190 1480 ειη-124
1209 1453 1263 1473 uno
1289 1451 1522 1487 eonimutarentur
1540 1455 1620 1483 aspro
1635 1458 1642 1482 ;
1658 1451 1735 1485 aspri
1753 1450 1878 1487 quinque

1085 1492 1206 1518 dramam
1220 1486 1366 1524 edicerent,
1381 1493 1482 1521 drama
1491 1494 1522 1520 l2
1530 1495 1662 1523 thalerum
1671 1486 1878 1531 Germanicam;

1088 1544 1158 1564 unius
1169 1545 1230 1565 cum
1248 1539 1363 1566 semisse
1390 1539 1524 1571 thalerus.
1547 1540 1711 1569 Zecchinum
1731 1541 1880 1574 Venetam.

1047 1579 1070 1609 C
1088 1584 1139 1610 hoc
1157 1589 1210 1616 est,
1231 1591 1326 1619 aspros
1340 1585 1374 1612 90
1392 1593 1473 1617 ;cum
1489 1586 1572 1620 paulo
1585 1587 1677 1615 minus
1688 1585 1762 1616 esset
1786 1588 1882 1617 Sulla—

1088 1629 1145 1655 nini
1160 1629 1289 1664 pretium.
1307 1629 1363 1657 Hoc
1375 1631 1456 1658 modo
1470 1631 1575 1664 drama,
1599 1632 1721 1668 quinque
1745 1639 1882 1668 constans

1088 1677 1187 1709 aspris,
1199 1676 1306 1704 valebat
1320 1684 1366 1703 sex
1384 1681 1493 1705 nostros
1510 1678 1650 1706 cruciatos
1664 1686 1714 1706 seu
1727 1687 1882 1714 quamma-

1087 1729 1138 1748 nos
1152 1720 1266 1750 Venetos
1280 1730 1287 1748 :
1304 1722 1396 1749 decem
1409 1723 1520 1755 dramaa,
1535 1724 1576 1751 vel
1585 1726 1660 1759 aspri
1680 1724 1725 1758 50,
1743 1724 1881 1753 ﬂorentia:

1086 1767 1300 1801 Germanicum;
1316 1769 1389 1803 aspri
1403 1768 1448 1801 σο,
1468 1778 1516 1797 seu
1531 1770 1673 1798 duodecim
1691 1771 1803 1805 dramac,
1817 1772 1883 1800 Iba.

1085 1813 1169 1840 lerum
1186 1820 1346 1842 nostratem.
1365 1814 1431 1848 Quae
1447 1815 1504 1851 ipsa
1516 1824 1626 1852 quoque
1640 1817 1728 1852 pretia
1745 1817 1882 1854 deinceps

1084 1861 1152 1888 adeo
1160 1866 1225 1889 sunt
1236 1867 1325 1894 aucta,
1338 1862 1471 1889 thalerunt
1486 1867 1515 1889 ut
1525 1871 1607 1890 unmn
1617 1864 1704 1899 aspris
1710 1865 1883 1893 satiatatum

1085 1907 1119 1935 ω
1132 1907 1292 1942 intelligam.
1303 1908 1432 1942 Exposito
1447 1909 1534 1942 pretio
1547 1909 1729 1945 singulorum,
1741 1910 1883 1940 addamul

1085 1961 1158 1980 nunc
1171 1953 1205 1980 de
1219 1954 1333 1981 monetis
1345 1953 1413 1988 ipsis
1432 1955 1570 1989 qutcdam,
1599 1955 1691 1983 futura
1715 1956 1881 1991 lectoribus.

1084 2001 1115 2024 ut
1126 2005 1216 2029 spero,
1237 2005 1292 2024 non
1311 1997 1459 2031 injucunda
1479 2000 1603 2034 cognitu.
1634 1999 1758 2028 Primum
1790 2002 1882 2039 igitur

1083 2042 1147 2070 arci
1166 2043 1289 2077 manguri
1306 2049 1501 2071 successerunt
1514 2045 1540 2072 iu
1551 2047 1756 2074 nummulorum
1770 2047 1880 2081 locum.

1084 2095 1153 2123 quos
1170 2096 1248 2116 asses
1263 2089 1347 2123 prisci
1367 2089 1507 2117 dixerunt.
1524 2091 1561 2118 Ex
1574 2096 1687 2127 argento
1701 2093 1801 2128 signati
1811 2100 1883 2122 sunt

1085 2133 1128 2162 bis
1140 2134 1267 2169 proximi,
1281 2135 1326 2170 qui
1344 2135 1446 2163 Grzecis
1462 2137 1547 2171 aspri,
1563 2136 1663 2166 'l‘uruis
1688 2138 1760 2167 Acs:
1786 2140 1884 2168 nomi-

1085 2185 1194 2207 nantur.
1208 2180 1370 2208 Reineccius
1385 2186 1490 2216 naster,
1505 2182 1587 2218 405
1604 2183 1630 2211 in
1654 2184 1816 2219 Appendice
1841 2187 1880 2214 ad

246 2226 379 2261 hodieque
390 2233 468 2252 nions
481 2225 566 2252 Athos
580 2224 606 2252 in
616 2223 735 2260 Europa,
749 2232 829 2260 quem
841 2230 966 2252 sanctum
979 2233 1027 2251 vo-
1042 2223 1067 2253 D
1081 2226 1270 2254 Belvacensem
1285 2247 1292 2258 ,
1316 2235 1458 2262 perperam
1486 2229 1584 2257 scribit
1613 2230 1744 2265 Asperos.
1769 2230 1879 2262 Ibidem

243 2278 308 2300 cant
323 2282 330 2301 :
349 2272 439 2299 nhi’23
456 2278 603 2305 supersunt
619 2272 793 2303 monasteria,
810 2271 917 2306 singula
930 2279 1028 2306 ,quon-

244 2319 305 2344 dam
319 2326 334 2345 a
350 2317 404 2345 200
418 2322 464 2344 aut
474 2316 526 2344 500
541 2317 681 2352 Calogeris
702 2316 862 2348 inhabitata,
879 2322 1029 2351 contraque

244 2364 298 2390 vim
315 2364 472 2399 praedonum
490 2371 522 2390 ac
533 2363 683 2399 piratarum
703 2363 818 2391 munita.
843 2362 922 2391 Nunc
941 2363 1029 2390 demi-

244 2415 311 2437 nuto
325 2410 388 2437 licet
399 2416 524 2442 numero,
542 2413 633 2437 tamen
647 2408 739 2437 adhuc
753 2417 848 2437 eorum
865 2413 908 2437 est
929 2417 1028 2444 magna

242 2455 333 2491 copia.
352 2455 470 2482 Vocatur
485 2459 578 2482 autem
596 2454 748 2483 monachus
759 2462 774 2481 a
788 2454 892 2483 Grecis
916 2455 1028 2491 Caloge—

244 2509 299 2532 ros,
318 2508 370 2528 non
386 2500 468 2527 veluti
482 2500 566 2528 Kalos
583 2500 685 2534 bieros,
701 2499 727 2528 id
743 2505 795 2533 est,
806 2500 894 2528 bonus
906 2506 1027 2534 sanctus,

244 2546 317 2581 quod
331 2546 432 2573 nostris
448 2553 608 2580 persuasum
625 2550 668 2573 est
682 2553 690 2572 :
707 2545 755 2573 sed
769 2546 848 2580 quasi
875 2545 956 2573 Kalos
982 2554 1029 2581 ge-

244 2602 290 2620 rus
303 2592 354 2627 (sic
367 2591 438 2618 cnim
454 2590 534 2618 hodie
550 2591 709 2626 loquuntur)
724 2591 749 2619 id
764 2596 815 2623 est,
831 2591 918 2619 bonus
930 2600 1025 2619 senex.

242 2637 309 2664 Nam
325 2637 418 2665 senilis
426 2641 492 2664 aetas
502 2636 566 2663 huic
574 2635 738 2671 professioni
750 2637 889 2671 aptissima
900 2642 949 2664 est.
960 2637 1030 2665 Nea—

241 2684 323 2718 polim
339 2684 538 2717 interprecatus
553 2688 625 2714 sum,
639 2688 706 2709 voce
720 2681 825 2715 Greca,
843 2690 904 2717 quae
932 2682 1029 2710 Turcis

240 2728 483 2761 cstGenisclieher,
497 2728 523 2756 id
541 2732 596 2761 est,
612 2736 681 2756 nova
692 2728 796 2756 civitas.
812 2728 846 2755 Ea
860 2736 915 2756 non
934 2729 1029 2764 procul

241 2782 256 2799 a
267 2774 354 2801 Nicaea
365 2775 458 2808 distat,
468 2780 494 2802 et
503 2774 671 2810 Busbequio,
682 2774 755 2802 sicut
766 2780 792 2802 et
802 2774 915 2808 Ortelio,
923 2776 1031 2803 Jenisar

241 2818 341 2844 dicitur
354 2827 362 2846 :
377 2827 408 2846 ac
424 2819 536 2855 intelligi
547 2819 669 2847 eamdem
681 2819 800 2847 arbitror
813 2827 828 2846 a
840 2819 1044 2854 Spanzlugino,

239 2862 268 2890 in
279 2865 400 2898 exposita
416 2865 541 2901 superius
563 2865 728 2898 narratione,
742 2865 774 2894 de
783 2865 887 2900 origine
908 2860 1040 2893 sultano—'

1083 2272 1155 2299 iactu
1186 2273 1323 2300 mentione
1351 2276 1384 2300 de
1414 2273 1571 2310 quingentis
1604 2275 1757 2311 iperperis.
1786 2278 1879 2313 addit,

1084 2318 1136 2345 hoc
1167 2325 1281 2345 monetae
1297 2318 1400 2345 Taricte
1418 2327 1504 2354 genus
1520 2327 1592 2348 esse.
1607 2321 1663 2357 Ego
1680 2329 1745 2350 vero
1765 2327 1882 2352 utrum-

1082 2374 1136 2400 que
1174 2367 1235 2393 dico
1265 2375 1314 2402 pro
1343 2367 1446 2395 Graecae
1481 2375 1596 2397 moneta;
1636 2378 1735 2404 genere
1769 2371 1881 2401 habets-

1082 2411 1157 2439 duni.
1172 2412 1205 2438 Et
1222 2412 1295 2446 aspri
1308 2413 1418 2448 quidem
1438 2413 1552 2447 Graecis,
1570 2413 1670 2443 Turcis
1685 2416 1766 2449 Acse,
1777 2417 1821 2447 sic
1839 2417 1882 2446 ab

1085 2456 1209 2484 albedine
1228 2457 1291 2484 dicti
1316 2464 1393 2490 sunt,
1425 2463 1455 2486 ut
1489 2460 1560 2488 Italis
1589 2461 1703 2496 biauclri,
1725 2462 1812 2492 Gallis
1835 2464 1880 2492 lea

1083 2501 1185 2534 blanu,
1201 2508 1273 2529 certa
1286 2503 1417 2531 nimirum
1430 2509 1457 2532 et
1472 2505 1530 2539 ipsa
1540 2511 1658 2534 moneta:
1670 2515 1781 2542 genera.
1795 2507 1881 2538 Sicut

1083 2548 1154 2574 enim
1169 2547 1276 2575 Mauros
1287 2548 1389 2576 Graecis
1401 2555 1442 2577 est
1455 2551 1543 2585 niger,
1553 2553 1624 2579 unde
1636 2552 1725 2581 Muros
1739 2554 1796 2581 itali
1809 2562 1882 2582 nos-

1085 2594 1176 2628 trique
1188 2598 1286 2620 vocant
1299 2594 1442 2630 Ethiopes
1454 2605 1461 2623 :
1475 2597 1512 2624 ita
1525 2598 1600 2625 color
1615 2599 1695 2626 albus
1708 2599 1811 2627 eisdem
1822 2601 1882 2627 As-

1083 2646 1146 2672 pros
1163 2638 1273 2668 dicitur.
1287 2639 1342 2667 Nec
1357 2635 1452 2669 recens
1471 2643 1540 2670 adeo
1561 2644 1724 2672 vocabulum
1736 2647 1787 2674 hoc
1796 2654 1877 2681 esse,

1083 2688 1160 2717 paret
1174 2692 1206 2711 ex
1224 2685 1357 2718 glossario
1371 2688 1514 2722 pervetcri,
1535 2690 1605 2722 quod
1625 2691 1802 2724 Aspraturam
1829 2691 1878 2719 in-

1082 2733 1245 2763 terpretatur
1257 2730 1349 2758 Graeca
1363 2739 1426 2759 voce
1443 2733 1582 2767 κόλλυὸον,
1600 2735 1653 2762 hoc
1661 2740 1714 2768 est,
1731 2741 1878 2765 monetam

1085 2775 1220 2802 minorem
1236 2784 1244 2804 ι
1259 2776 1338 2811 cujus
1351 2779 1457 2812 generis
1471 2780 1543 2815 aspri
1559 2788 1607 2808 seu
1637 2781 1746 2809 biancbi
1773 2781 1816 2810 rel
1841 2782 1878 2810 in

1085 2821 1178 2855 primis
1190 2825 1263 2853 sunt,
1281 2830 1342 2848 cum
1368 2824 1466 2857 quibus
1489 2827 1638 2861 collybistre
1662 2828 1721 2854 sive
1741 2835 1879 2856 nummu-

1082 2866 1142 2893 larii
1160 2872 1293 2895 monetam
1308 2870 1447 2904 majorem,
1466 2877 1518 2898 tam
1534 2879 1699 2908 argenteam,
1714 2881 1797 2910 quam
1819 2881 1877 2904 aa-
