2009 3215
0 1771 3 1788 Ι

0 1815 4 1836 ι

0 1865 5 1885 ι

0 1911 6 1931 ι

0 1960 5 1978 Ι

0 2006 6 2026 ι

0 2052 7 2081 l

0 2099 7 2120 I

0 2145 7 2166 ι

0 2192 7 2213 ι

0 2242 7 2260 εκ

0 2285 7 2306 Ι

0 2331 7 2350 Ι

0 2378 7 2397 Ι

0 2426 8 2448 Ι

0 2474 7 2496 l‘

0 2520 6 2535 Α

0 2565 5 2585 Ι

0 2613 5 2630 Ι

127 203 180 234 ’ἷίῖ
719 201 921 233 PANDECTE
942 201 1041 233 lliST.
1059 200 1207 232 TURCIC-
1717 200 1767 230 7'16

122 267 209 291 ream,
230 262 401 286 commutare
413 258 510 286 solent.
529 259 634 293 Aspros
647 264 738 287 autem
753 267 831 292 voco,
848 259 922 286 Lati-
935 260 961 291 Α
974 267 1007 286 ex
1021 259 1159 287 drachma:
1175 258 1305 287 vocabulo
1317 259 1412 286 Graeco
1430 257 1586 285 mutilatum
1600 262 1652 286 est.
1680 257 1768 292 Ipsi-tt~

124 314 187 334 natu
206 313 301 332 vocem
318 304 479 332 Nummulos
493 305 655 339 respiciens,
668 314 728 340 qua:
738 306 925 339 subintelligi-

124 359 180 381 tur.
197 351 265 379 Nam
281 351 365 379 ϐε·ωυί
383 351 492 386 quidem
514 352 602 386 Aspra
614 353 718 380 dicunt.
730 351 764 379 Et
787 357 852 380 sunt
875 352 925 379 du-

129 400 223 433 plicia,
237 399 337 433 majota
353 398 525 433 minoraque.
542 398 643 426 Minora
655 399 733 434 vulgo
748 399 774 426 in
784 407 834 427 usu
850 404 924 432 sunt,

128 446 231 480 majora
241 450 371 472 vocamur
388 444 519 479 peculiari
527 452 592 472 voce
604 444 804 479 Siderocapsia.
820 444 924 480 Quippe

127 491 307 525 Siderocapsa
322 497 422 517 nomen
434 490 585 524 estoppidi,
598 490 670 524 quod
680 499 694 517 ρ
703 491 814 525 regione
823 490 924 519 Tbahi

124 536 207 563 situm
229 540 283 568 est,
314 544 399 571 prope
435 540 556 563 montem
571 542 709 568 sanctum,
727 537 760 564 de
774 544 828 571 quo
843 537 923 571 paulo

123 585 188 609 ante
199 582 316 609 dictum.
333 581 373 608 Eo
390 582 451 609 loco
469 586 524 608 tam
541 582 612 614 auri,
640 590 722 617 quam
748 583 855 617 argenti
884 582 923 610 fo-

122 628 195 655 dinz
207 632 271 656 sunt
283 628 370 664 (unde
386 628 533 655 Chrvsiten
551 628 618 655 Livii
647 633 724 663 putat
748 635 810 656 esse
836 628 922 656 Bello-

124 674 211 707 nius),
222 679 250 702 et
260 682 341 710 aspra
354 675 511 710 signantur,
525 675 632 702 caeteris
647 674 762 708 majora,
774 675 876 710 quibus
886 677 921 703 ab

123 721 224 755 oppido
239 721 498 756 Siderocapsiorum
517 721 617 748 mansit
645 721 778 749 hactenus
803 721 922 757 appella-

124 768 173 795 tio.
191 767 298 802 Recipit
310 768 369 795 haec
385 771 490 795 tantum
509 767 635 796 sultanus
648 767 811 799 Turcorum.
827 768 921 796 etsuis

125 814 262 841 thesauris
278 813 370 841 infert.
386 813 487 841 Eadem
499 818 594 849 erogat
606 814 632 841 in
646 814 762 842 militum
777 814 922 842 ministro-

123 866 240 894 rumque
256 867 372 887 suorum
389 859 534 894 stipendia.
551 859 658 887 Minora
668 859 749 894 plane
756 867 811 896 ηψπ
822 860 921 887 admit-

122 905 166 937 tit.
180 905 317 940 qttidquid
331 905 438 933 tandem
456 906 480 933 ei
492 907 651 935 solvendum
665 907 711 934 sit.
725 906 762 934 De
787 906 920 941 iperperis

980 305 1106 340 ponderis
1119 306 1250 332 rationem
1272 306 1298 332 in
1315 306 1404 340 aspris
1416 305 1473 340 jam
1503 305 1695 340 exposuimus.
1723 308 1765 336 ᾼιι

978 358 1044 378 vero
1060 350 1206 378 Turcicum
1221 351 1335 385 antiquo
1348 351 1460 386 ponderi
1475 351 1570 378 Graeco
1591 351 1764 386 respondeat,

978 397 1119 431 disputare
1135 405 1209 424 nunc
1227 397 1321 430 religio
1333 402 1385 429 est,
1399 404 1432 424 ne
1444 397 1541 424 lectori
1559 396 1674 424 nimium
1691 397 1765 425 velut

977 449 1054 472 extra
1071 448 1158 472 metas
1177 445 1299 479 vagando
1311 444 1417 472 molesti
1445 444 1542 471 simus.
1574 444 1673 471 Scachi
1705 452 1766 480 per-

977 498 1060 526 quam
1078 491 1234 526 frequentes
1251 491 1276 517 in
1290 490 1391 518 Turcia
1410 495 1473 518 sunt
1486 490 1538 518 hoc
1556 494 1688 525 tempore,
1705 498 1764 518 mo«

978 542 1040 564 neta
1056 536 1156 564 Persici
1173 538 1264 564 scachi
1280 538 1337 564 sive
1352 537 1436 571 regis.
1455 537 1525 564 unde
1538 544 1637 564 nomen
1654 537 1764 570 habent,

977 582 1130 611 Turcorum
1147 584 1235 611 hostis
1256 583 1409 611 acccrrimi.
1428 581 1532 618 Singuli
1562 583 1653 610 valent
1666 591 1765 617 aspros

977 627 1113 656 Tureicos
1129 633 1202 656 octo.
1232 628 1368 655 SnltanEni
1396 636 1428 655 ex
1448 635 1515 655 auro
1527 632 1600 658 sunt,
1627 629 1764 662 quondam

976 672 1105 707 appellati
1121 672 1243 700 Soldani.
1260 673 1305 700 Sic
1321 673 1393 700 enim
1413 674 1483 707 apud
1497 673 1687 701 Belvacensem
1706 674 1765 702 loco

974 720 1029 753 jam
1046 719 1165 746 indicato
1179 720 1473 755 legimus,argentarizr
1482 719 1600 748 fructum
1614 721 1641 748 in
1657 720 1764 748 Lebena

976 764 1042 801 (non
1058 766 1181 800 procula
1197 767 1333 803 Sebastia)
1363 767 1447 794 fuisse
1476 772 1532 796 tres
1555 773 1629 795 rotas
1660 770 1765 803 argenti

942 808 945 811 ’
975 810 1110 843 depurati,
1126 811 1180 839 hoc
1194 818 1247 840 est.
1259 812 1311 839 tria
1325 812 1409 840 millia
1425 813 1613 841 soldanorum.
1636 813 1764 848 Ejusdem

976 864 1038 884 cum
1060 857 1182 885 soldanis
1198 863 1346 885 eranttum
1361 860 1501 894 ponderis,
1514 865 1571 887 tum
1597 861 1688 895 pretii.
1717 862 1763 895 qui

974 903 1130 932 Graecorum
1147 904 1343 939 imperatorum
1355 906 1523 941 temporibus
1538 906 1658 942 Byzantii
1677 907 1766 935 nomi-

121 952 294 979 observanda
306 954 423 987 primum
434 953 530 981 vitiosa
538 953 685 988 scriptura.
699 952 757 980 Non
766 954 838 980 enim
851 954 921 987 iper—
936 955 957 983 Β
973 950 1109 978 nabantur
1121 971 1128 983 ,
1144 957 1171 979 et
1184 951 1325 988 Byzantini
1346 961 1354 982 :
1371 954 1539 982 characteris
1557 955 1689 982 duntaxat
1718 963 1764 982 ra-

124 1005 188 1031 pcra
201 999 283 1025 scribi
300 999 408 1030 debent,
424 999 469 1026 sed
488 1000 649 1035 hyperpyro.
669 1000 817 1034 Pulologus
831 1006 923 1028 noster

121 1045 266 1080 hyperpyri
278 1052 370 1072 vocem
382 1045 470 1072 habet.
483 1045 587 1073 Manuel
600 1046 922 1080 MusiciusAtheniensis,

123 1085 309 1126 interrogatus
327 1099 342 1118 a
358 1099 402 1119 me
431 1092 527 1126 quanti
542 1098 646 1126 putaret
656 1093 844 1120 aestimandum
872 1093 923 1128 hy-

125 1138 495 1172 perpyronzresponbebat,
530 1139 728 1173 propemodum
758 1147 808 1174 par
839 1140 921 1174 hujus

129 1184 246 1217 pretium
257 1191 317 1211 esse
330 1185 451 1211 marcelli
461 1186 580 1219 argentei
592 1185 684 1212 Veneti
698 1185 795 1220 pretio.
804 1185 920 1218 Quidam

128 1228 221 1256 Italico
232 1237 342 1257 nummo
359 1230 431 1257 Julio
444 1235 538 1264 putant
551 1233 724 1265 aequandum.
736 1230 868 1266 Equidem
876 1240 922 1260 ac-

126 1281 219 1303 curate
228 1277 341 1311 pretium
352 1283 514 1311 supputans,
528 1278 700 1313 hyperpyron
709 1279 818 1307 invenio
828 1280 920 1308 valere

126 1329 222 1348 novent
231 1323 369 1350 cruciatos
386 1331 434 1350 seu
446 1329 641 1357 quarantanos.
659 1324 757 1352 [ncolae
766 1325 859 1360 Cyprii
875 1334 919 1353 re-

124 1368 168 1403 gni
179 1368 354 1403 prius.quam
365 1368 545 1396 Barbarorum
556 1370 678 1397 subirent
686 1370 789 1405 jugum,
800 1371 827 1398 in
838 1371 920 1406 quin-

105 1421 108 1423 ’
124 1414 291 1449 (ιυελόίνει-δθ
301 1415 442 1442 hominum
450 1424 547 1449 genera
557 1416 805 1444 distribuebantur.
815 1416 917 1445 Horum

126 1460 188 1487 aliis
198 1461 319 1492 omissis.
336 1462 408 1496 quod
425 1462 487 1489 huic
512 1463 637 1489 instituto
661 1468 755 1491 nostro
789 1465 918 1499 quadrat,

127 1514 270 1541 exponam.
287 1506 372 1533 lnlimi
382 1507 487 1542 generis
495 1508 700 1541 appellabantur
709 1508 811 1540 Pariki,
823 1510 917 1538 condi-

127 1553 210 1580 tinnis
222 1553 348 1580 homines
363 1553 479 1585 servilis,
499 1561 586 1588 usque
600 1554 668 1580 adeo
698 1554 819 1583 dominis
845 1556 917 1584 obli-

124 1599 179 1632 gati
198 1600 394 1632 propemodum
412 1603 440 1625 ut
467 1598 527 1624 vita:
543 1600 672 1633 necisque
692 1604 853 1634 potestatem
888 1601 914 1627 in

123 1654 171 1673 eos
182 1646 322 1672 haberent.
335 1643 439 1672 Nomen
455 1646 543 1679 ipsum
565 1644 666 1678 Pariki,
678 1645 778 1674 Graeca)
801 1647 916 1682 originis

125 1697 177 1719 est.
190 1691 258 1719 Nam
277 1692 405 1726 πάροικοι
417 1692 549 1718 dicuntur
563 1691 675 1724 Grzecis,
694 1692 765 1720 sicut
784 1697 811 1720 et
829 1692 916 1720 Justi-

128 1739 210 1765 niano
223 1738 346 1772 Angusto
362 1738 527 1773 παροικικὸν
542 1739 668 1771 νόμιμην,
684 1738 729 1773 jus
744 1740 914 1766 colonarium

129 1790 181 1812 cst.
196 1785 350 1811 Secundum
365 1785 414 1811 hos
431 1785 546 1818 proximi
570 1787 740 1812 vocabantur
752 1786 832 1820 vulgo
854 1785 917 1813 Lef-

128 1830 249 1865 teri,qui
270 1830 378 1864 quidem
391 1830 479 1864 etipsi
501 1830 661 1856 Paricorum
677 1838 725 1858 seu
752 1831 914 1859 colonorum

125 1882 204 1904 erant
221 1884 235 1903 e
256 1884 380 1908 numero,
396 1876 443 1904 sed
453 1876 499 1910 qui
517 1876 556 1902 vel
570 1877 766 1905 interveniente
789 1878 915 1911 pecunia,

125 1924 165 1951 vel
192 1924 280 1958 gratia
310 1922 492 1955 dominorum,
521 1924 625 1948 vclalia
642 1923 758 1957 quadam
782 1924 826 1951 via
847 1923 915 1951 libe-

126 1976 225 1998 rtatem
241 1973 464 2004 impetraverant,
477 1970 584 1995 diversa
597 1974 688 1997 tamen
704 1970 817 1997 ratione.
829 1970 916 2005 Quip-

126 2025 159 2052 pe
175 2018 298 2045 nonnulli
312 2018 434 2044 absolute
449 2016 525 2042 liberi
539 2016 725 2042 elliriebantur
736 2034 743 2047 ,
768 2023 831 2043 cum
858 2016 915 2049 alii,

127 2064 262 2097 personali
276 2064 410 2090 duntaxat
427 2063 551 2089 libertate
566 2063 653 2096 potiti,
666 2062 752 2088 nihilo
768 2062 858 2089 minus
871 2070 916 2089 re-

126 2119 188 2138 runt
204 2118 314 2137 suarutn
333 2111 441 2136 nomine
457 2109 577 2136 dominis
589 2113 682 2135 essent
697 2109 826 2143 obligati;
841 2112 915 2143 puta,

126 2157 275 2192 quotannis
289 2162 316 2184 ut
331 2156 466 2183 solverent
480 2156 648 2189 principibus
663 2160 711 2182 aut
724 2156 861 2183 nobilibus
878 2156 917 2182 vi-

127 2207 176 2236 ris,
195 2204 352 2238 quindecim
369 2203 410 2230 vel
423 2203 573 2232 sexdecim.
587 2203 647 2236 plus
666 2207 714 2229 aut
726 2202 829 2233 minus,
856 2209 917 2235 per-

126 2259 192 2285 pyra
211 2251 261 2285 (sic
281 2251 353 2277 enim
368 2253 494 2283 corrupte
510 2249 652 2282 vocabant)
665 2247 917 2282 cuiusinperpyris

976 997 1051 1025 tione
1065 998 1179 1027 diversi.
1194 999 1382 1028 Consimiliter
1395 1004 1422 1027 et
1435 1001 1586 1033 seraphini,
1610 1009 1680 1036 quos
1708 1002 1765 1036 pri-

974 1052 1036 1073 mus
1050 1053 1082 1072 ex
1101 1046 1223 1073 soldanit
1237 1045 1373 1081 Egyptiis
1389 1046 1511 1081 signavit
1521 1046 1735 1082 Meleebseraph,
1749 1056 1762 1074 a

974 1099 1029 1125 quo
1046 1099 1144 1119 nomen
1153 1092 1234 1119 etiam
1247 1092 1300 1120 hoc
1312 1092 1453 1120 consecuti
1470 1090 1544 1120 sunt.
1555 1093 1764 1128 ChrysiniGrtc-

973 1139 1014 1166 cis
1024 1145 1039 1165 a
1049 1138 1147 1176 chryso
1160 1138 1301 1171 dicuntur,
1312 1144 1341 1166 ut
1351 1139 1384 1166 ab
1393 1147 1462 1166 auro
1477 1139 1555 1166 nobis
1570 1140 1647 1167 aurei
1666 1150 1673 1167 ε
1689 1141 1761 1175 quod

973 1184 1071 1211 imitati
1080 1183 1174 1217 Turci,
1184 1193 1249 1212 suos
1257 1186 1314 1212 sive
1326 1186 1450 1218 ducatos,
1459 1186 1533 1221 quod
1547 1193 1646 1212 nomen
1670 1194 1685 1213 a
1710 1185 1763 1213 Vc-

972 1234 1097 1257 netorum
1107 1230 1223 1258 ducibus
1232 1231 1383 1266 profectum
1392 1231 1523 1264 arbitror,
1532 1231 1589 1259 sive
1596 1232 1762 1265 sultaninos,

972 1277 1007 1303 ab
1019 1276 1110 1304 Altum
1134 1282 1300 1305 vocaverunt
1318 1278 1461 1305 Altumler.
1474 1278 1672 1313 Cbrysinorum
1698 1280 1762 1314 qui-

971 1324 1032 1351 dem
1052 1324 1077 1350 in
1095 1324 1197 1358 aliquot
1207 1323 1309 1352 Graacis
1323 1329 1350 1351 et
1357 1324 1487 1352 Asiaticis
1496 1325 1682 1353 monumentis
1691 1327 1747 1352 anti
1756 1340 1763 1346 η

970 1368 1033 1403 quis
1043 1376 1141 1397 nomen
1152 1369 1371 1402 observavimus,
1381 1377 1442 1404 qua:
1450 1369 1629 1405 aliolectores
1642 1371 1759 1399 habituri

970 1415 1031 1443 loco
1048 1421 1124 1443 sunt.
1601 1426 1604 1428 '

1005 1460 1082 1493 Quod
1101 1460 1252 1495 Egyptias,
1267 1460 1409 1493 Arabicas,
1428 1461 1610 1497 Syriacasque
1637 1468 1762 1490 monetas

969 1506 1075 1538 attinet,
1101 1507 1196 1533 harum
1215 1514 1323 1541 quiaque
1351 1515 1424 1535 nunc
1454 1513 1558 1535 mutata
1573 1510 1662 1537 ratio:
1691 1511 1763 1537 sicut

968 1560 1001 1579 ex
1019 1553 1069 1579 hac
1084 1552 1291 1588 consignatione
1304 1553 1336 1581 ι).
1351 1552 1509 1589 Hieronymi
1527 1555 1598 1582 Beck
1614 1562 1628 1582 a
1646 1555 1762 1591 LcOpul-

968 1599 1058 1627 dstorl‘
1072 1599 1164 1626 videre
1172 1604 1224 1636 est,
1238 1600 1285 1634 qui
1303 1600 1388 1635 pretia
1405 1599 1576 1635 singularum
1602 1602 1717 1634 notavit,
1735 1608 1763 1629 ut

948 1647 952 1651 “
966 1651 1045 1673 erant
1055 1653 1127 1673 anno
1140 1646 1220 1678 1551,
1232 1654 1293 1674 cum
1306 1647 1366 1675 illas
1377 1652 1465 1675 terras
1479 1649 1668 1683 perlustraret.
1678 1649 1761 1681 Zibit.

966 1692 1048 1728 ωε
1070 1693 1134 1720 ειττεὶ
1155 1694 1290 1721 nunnnuli
1310 1694 1460 1730 perexigui,
1477 1696 1554 1730 signa
1578 1697 1668 1732 potius
1686 1705 1762 1728 sunt.

967 1748 1050 1774 quant
1064 1745 1182 1767 moneta.
1200 1739 1257 1768 Duo
1268 1742 1358 1768 valent
1374 1749 1456 1769 unum
1474 1742 1575 1775 Direm,
1592 1744 1638 1778 qui
1656 1750 1683 1771 et
1698 1745 1756 1779 ipse

967 1795 1098 1815 numtnus
1121 1793 1164 1815 est
1186 1795 1286 1816 aereus.
1315 1788 1373 1815 Duo
1390 1788 1479 1816 Direm
1494 1789 1585 1816 valent
1603 1789 1759 1818 Nuccarnm

967 1840 1065 1865 unum,
1083 1833 1130 1867 qui
1145 1840 1275 1860 nummus
1289 1838 1332 1860 est
1342 1840 1431 1861 terens
1453 1834 1551 1869 major,
1572 1842 1636 1862 cum
1661 1836 1761 1863 litteris

967 1877 1102 1906 Arabicis.
1115 1878 1231 1907 Nuccari
1241 1883 1359 1913 quatuor
1371 1879 1462 1906 valent
1474 1880 1643 1908 nummulum
1660 1889 1743 1916 argen
1753 1897 1762 1903 -

967 1928 1053 1955 tcum,
1064 1931 1145 1958 quem
1161 1923 1264 1951 Arabes
1276 1923 1457 1958 Osmannum,
1474 1924 1555 1952 Turci
1569 1927 1652 1960 Achs,
1670 1927 1759 1954 Graeci

967 1969 1072 2004 Aspron
1082 1974 1190 1997 vocant.
1198 1970 1314 1997 Nuccari
1328 1978 1374 1998 sex
1389 1970 1493 1999 faciunt
1504 1979 1645 1999 nutnmum
1661 1980 1758 2007 argen-

966 2019 1041 2042 teum
1051 2016 1329 2050 majusculum,quem
1340 2016 1487 2044 Slaidinum
1499 2017 1539 2044 vel
1548 2017 1654 2045 Cottam
1668 2020 1756 2046 nomi-

968 2067 1045 2090 nant.
1060 2062 1197 2090 Maidinus
1210 2063 1251 2090 vel
1263 2063 1352 2096 Catta,
1365 2063 1535 2091 Osmannum
1546 2073 1630 2092 unum
1646 2073 1707 2093 cum
1719 2065 1761 2092 di-

968 2109 1052 2137 midio
1062 2110 1136 2142 facit,
1145 2115 1171 2137 et
1178 2114 1296 2145 quatuor
1308 2110 1469 2138 Marchettts
1476 2109 1587 2139 Venetis
1595 2113 1760 2145 aestimatur,

967 2155 1010 2182 vel
1030 2160 1092 2183 octo
1108 2155 1212 2182 Bezziis
1229 2156 1287 2183 sive
1304 2157 1390 2190 nigris
1418 2158 1568 2184 nummulis
1578 2157 1760 2190 Germanicis,

967 2209 1084 2237 quorum
1101 2208 1157 2229 tres
1184 2203 1334 2229 conliciuttt
1352 2211 1435 2230 unum
1455 2204 1619 2231 cruciatum.
1650 2204 1758 2235 Scacbi,

968 2248 1085 2281 majores
1100 2249 1221 2282 argentei
1246 2248 1363 2279 nummi,
1383 2256 1499 2282 quorum
1516 2249 1615 2284 singuli
1640 2254 1760 2284 quatuor

127 2298 302 2324 nnnterandaz
320 2296 442 2331 pecunia:
474 2303 568 2325 causa,
594 2294 759 2329 Perpyriarii
786 2293 916 2320 tliceban-
932 2300 953 2327 ι)
969 2293 1123 2325 tnaidinos;
1143 2294 1236 2320 decem
1255 2301 1332 2326 vero,
1352 2292 1499 2320 Turnicttm
1516 2301 1631 2320 aureum
1656 2295 1757 2322 valent.

128 2347 185 2370 tur.
218 2343 359 2377 Agnoscit,
384 2342 491 2376 opinor,
517 2347 597 2366 voces
620 2340 705 2366 lector
741 2339 915 2372 dcpravatas,

129 2397 190 2416 cum
204 2394 231 2416 et
246 2390 396 2424 hyperpyra
415 2388 467 2414 dici
486 2387 612 2418 debeant,
632 2391 658 2412 et
685 2385 836 2418 Eleutheri,
870 2384 917 2419 qui

131 2435 207 2462 liberi
223 2441 297 2467 sunt,
310 2440 336 2461 et
351 2433 556 2469 llypcrpyrarti,
570 2432 615 2465 qui
630 2431 753 2466 singulos
773 2431 799 2457 in
830 2437 917 2457 annos

131 2483 280 2516 ltypcrpyro
301 2482 421 2507 solvunt.
441 2480 469 2507 bi
485 2480 546 2513 quis
557 2480 676 2512 denique
688 2477 804 2512 pretium
817 2478 917 2511 hyper—

128 2535 258 2563 pyrormn
275 2534 444 2562 cognoscere
458 2527 545 2560 cupit,
573 2524 712 2559 expendat
739 2524 795 2550 haec
824 2523 918 2549 Bolva-

125 2573 219 2599 censis
237 2572 330 2603 verba,
343 2572 377 2599 de
393 2571 455 2598 libri
473 2579 536 2603 xxx,
547 2571 634 2605 capite
649 2569 713 2596 ME:
734 2576 744 2594 t
761 2567 846 2595 Terra
860 2567 918 2594 Sol-

124 2619 192 2645 dani
204 2619 311 2653 valebat
330 2618 354 2646 ei
367 2617 488 2653 quotidie
511 2617 617 2644 400000
642 2616 777 2651 iperpera,
794 2623 802 2639 ι
824 2614 851 2641 id
877 2618 920 2641 est

126 2665 217 2692 57000
232 2672 340 2692 marcas
355 2664 461 2699 argenti
477 2672 485 2697 ;
501 2665 547 2691 sed
563 2663 639 2698 prius
651 2662 793 2696 scripturae
823 2660 919 2687 tollen‘

126 2711 195 2739 dum
205 2711 312 2743 vitium,
328 2714 359 2738 ut
368 2718 418 2745 pro
428 2709 516 2738 57000
530 2710 629 2736 marcis
640 2709 755 2743 argenti.
770 2707 841 2735 5700
850 2715 921 2734 utar-

128 2764 176 2785 (ιιι
208 2764 387 2792 reponamus.
415 2755 449 2784 Et
465 2755 552 2783 nihilo
582 2755 673 2782 minus
689 2755 744 2781 [nec
759 2754 817 2788 ipsa
844 2761 919 2781 sutu-

132 2811 177 2830 ma
190 2808 337 2838 proventus
348 2802 499 2837 quotidiani
526 2806 601 2828 tanta
625 2801 733 2828 videtur
756 2807 828 2833 esse,
853 2807 921 2834 pene

131 2849 211 2876 ﬁdem
232 2855 263 2876 ut
277 2849 377 2876 mereri
392 2851 519 2883 nequeat.
539 2847 592 2874 Sed
604 2848 677 2873 enim
692 2845 859 2881 pergendqu
885 2844 919 2872 ad

129 2895 195 2923 alia.
211 2896 298 2928 Quam
312 2896 433 2922 diximus
455 2894 590 2922 dramam.
623 2900 673 2927 pro
697 2893 763 2919 ccrti
791 2892 920 2926 ponderis

130 2943 202 2977 apud
216 2942 321 2970 'i‘urcos
338 2943 449 2968 nomine
464 2942 549 2968 lector
564 2940 691 2973 accipiat,
707 2938 779 2974 quod
807 2939 919 2974 quidem

295 2988 432 3018 l‘nttot.
447 2988 505 3016 Gtt.
526 2984 630 3016 CLIX.

969 2339 1071 2372 Altum,
1109 2346 1211 2366 aureus
1247 2338 1405 2372 Turcicus,
1438 2340 1545 2366 valebat
1574 2340 1599 2366 id
1627 2341 1759 2374 temporis

968 2384 1148 2420 quadraginta
1167 2385 1309 2415 tnaitlinos.
1324 2385 1365 2412 vel
1397 2393 1492 2420 aspros
1506 2386 1657 2421 sexaginta.
1673 2387 1759 2415 Cero-

968 2431 1025 2457 nati
1040 2431 1114 2457 aurei
1130 2431 1246 2466 pretium
1261 2436 1319 2458 erat
1356 2431 1466 2458 maidini
1489 2432 1599 2466 triginta
1625 2432 1758 2468 quinque.

969 2475 1070 2502 Horum
1087 2483 1151 2502 vero
1167 2484 1248 2510 qttatn
1266 2484 1338 2503 nttnc
1354 2476 1409 2503 sint
1426 2482 1506 2503 aucta
1536 2477 1633 2511 pretia,
1663 2478 1756 2512 «ξυνιε-

970 2521 1087 2548 hendere
1102 2521 1187 2548 lector
1202 2529 1235 2548 ex
1249 2523 1375 2555 superius
1389 2521 1514 2548 indicatis
1529 2527 1628 2556 potest.

1005 2566 1100 2594 Obiter
1133 2568 1251 2603 denique
1281 2569 1345 2596 huic
1375 2569 1549 2603 cxplicatinni
1576 2570 1610 2597 de
1638 2571 1757 2597 monetis

970 2614 1149 2648 adjungitor,
1185 2614 1309 2641 sultanos
1346 2613 1499 2642 Turcnrum
1533 2621 1587 2642 tam
1634 2616 1660 2642 in
1692 2616 1758 2649 ipsis

970 2661 1102 2695 auspiciis
1142 2661 1270 2694 imperii,
1307 2661 1537 2695 quemadmodum
1565 2661 1758 2694 Spandugim.s

971 2707 1109 2734 memoriae
1140 2707 1269 2742 prodidit.
1290 2715 1372 2742 quam
1401 2707 1524 2734 victoriis
1555 2709 1653 2741 potitos
1700 2707 1759 2733 illu-

971 2754 1084 2785 stribus,
1100 2758 1147 2780 aut
1170 2754 1242 2781 natis
1262 2753 1417 2780 haredibus
1435 2753 1562 2780 masculis
1575 2747 1756 2784 exsultantes,

972 2800 1045 2828 sicut
1072 2801 1099 2827 in
1125 2800 1269 2827 annalibus
1302 2800 1378 2827 hisce
1405 2800 1509 2827 nostris
1549 2800 1647 2834 passim
1668 2799 1757 2825 attitu-

972 2846 1112 2873 advertere
1129 2847 1201 2876 licet.
1219 2854 1315 2881 aspros
1328 2854 1412 2873 novos
1426 2847 1536 2881 signare
1554 2845 1662 2872 solitos.
1680 2845 1758 2878 Quod

972 2892 1079 2926 quidem
1106 2892 1149 2918 ubi
1169 2892 1271 2919 factum
1286 2898 1337 2926 est,
1355 2900 1434 2919 usum
1460 2899 1603 2926 asprorntn
1635 2897 1757 2919 veterum

975 2937 1122 2965 interttitto
1157 2937 1294 2972 publicato
1333 2937 1497 2973 prohibent.
1529 2938 1700 2972 Quapropter
1726 2937 1759 2962 ab

1526 2983 1563 3012 2t
