4018 6454
241 472 354 537 710

1414 452 1814 512 l‘iVDECTE
1849 454 2049 514 IIlST.
2097 451 2398 511 TURCIC.

3413 441 3516 502 770

244 585 388 638 cinis
440 588 554 632 toto
609 571 791 628 triduo
845 567 1018 638 gratis
1071 565 1202 619 frui.
1251 561 1446 618 Postea
1502 563 1823 616 imitandum
1858 571 1900 624 Α
1932 579 2054 618 rum
2090 563 2402 634 appellatio,
2459 560 2799 631 principibus
2851 559 2984 628 ipsis
3045 557 3515 612 Musulmanornm

249 674 553 745 hespitinnt
583 707 598 720 .
635 666 778 720 Sane
827 662 1044 716 Turciei
1107 672 1362 728 proceres
1426 657 1679 711 maximis
1730 657 1833 709 im-

253 769 441 840 pensis
488 774 763 820 exsuuere
789 755 1116 827 putissimuu
1162 752 1378 806 Student
1424 751 1539 804 lucc
1585 759 1830 818 septem:

258 859 523 919 lilessitas,
578 854 830 911 lmareta,
899 847 1104 900 Graecis
1141 843 1383 903 Maratia,
1418 841 1832 905 caravansaria,

259 953 447 1007 balnea
499 946 712 1015 publica
745 959 760 999 :
804 941 1007 1010 quibus
1037 939 1198 991 etiam
1229 936 1626 1006 pulcherrimos
1655 933 1832 986 fontes

257 1045 578 1110 arijungunt,
613 1039 666 1091 in
708 1033 944 1094 caeteris,
988 1030 1055 1084 ad
1110 1043 1242 1083 usus
1281 1030 1584 1090 hominum,
1619 1027 1840 1094 jumen-

251 1144 436 1185 torum
469 1128 857 1200 quotidianos;
893 1123 946 1177 in
994 1121 1234 1175 messitis
1261 1121 1326 1172 ad
1365 1119 1715 1173 lustratioues
1751 1118 1834 1170 vel

252 1225 560 1278 ahlutioncs
582 1218 840 1288 quasdam
870 1214 1208 1287 peragendas
1239 1214 1410 1282 prius,
1452 1225 1612 1280 quam
1640 1209 1838 1279 templa

255 1333 353 1372 sua
388 1315 504 1370 sive
535 1311 788 1365 inessitas
822 1307 1222 1373 ingrediantur.
1243 1305 1338 1360 His
1367 1306 1501 1360 adde
1550 1305 1835 1358 fluminum

255 1420 469 1481 pontes,
502 1417 555 1460 et
611 1406 726 1459 vias
777 1404 1061 1473 publicas,
1122 1403 1395 1472 lapidibus
1428 1411 1628 1457 stratas
1663 1419 1677 1455 :
1720 1416 1840 1468 quae

251 1503 474 1570 quidem
561 1497 744 1550 omnia
811 1495 1035 1564 perinde
1106 1493 1422 1561 spectabilia
1495 1502 1626 1546 sunt
1695 1493 1839 1561 apud

251 1595 485 1652 'l‘nrcos,
523 1600 577 1643 et
609 1588 828 1650 eximia,
872 1587 1016 1641 sicut
1043 1587 1182 1654 apud
1219 1585 1426 1655 Anglos
1467 1585 1594 1648 ista,
1667 1589 1836 1640 vcr‘su

252 1683 653 1751 comprehensa
683 1678 855 1748 veteri
894 1691 908 1729 ξ

333 1777 509 1836 Mons,
544 1784 592 1828 et
635 1774 753 1840 [ous
785 1782 832 1823 et
865 1787 991 1837 pons
1021 1783 1037 1821 :
1079 1768 1321 1832 ecclesia,
1358 1770 1580 1836 femina,
1610 1767 1768 1821 'lana.

329 1869 842 1938 Propernoduinque
915 1861 1099 1917 licebit
1163 1869 1220 1915 et
1289 1860 1522 1914 Turciea
1592 1859 1841 1929 distycho

256 1959 549 2028 complccu
574 1976 587 2011 :

369 2073 614 2140 Messita,
654 2073 940 2125 muralium
972 2088 986 2122 :
1025 2067 1471 2130 rararansaraia,
1501 2065 1733 2140 lavacra.

364 2138 609 2205 Fontesp
641 2153 690 2197 et
725 2152 906 2210 pontes
942 2141 1246 2208 fluviorum,
1281 2148 1452 2191 strata
1487 2138 1716 2188 viarum.

335 2238 522 2294 Obiter
553 2237 652 2291 hoc
681 2235 844 2290 etiam
876 2221 1039 2298 addo,
1073 2228 1546 2298 Constantinopoli
1584 2226 1844 2290 mcssitis,

267 2346 391 2400 quae
417 2330 539 2384 istic
559 2339 783 2382 numero
809 2327 938 2396 plus
956 2327 1136 2379 minus
1164 2323 1582 2392 quadringenta:
1599 2327 1745 2382 sunt,
1769 2327 1850 2372 tot

269 2421 582 2494 huiusmodi
641 2421 896 2491 adjuncta
947 2433 1068 2474 esse
1121 2417 1391 2470 maratia:
1434 2423 1493 2468 ut
1539 2413 1585 2469 si
1616 2411 1740 2483 quis
1794 2412 1846 2466 in

268 2530 381 2570 uno
417 2516 649 2569 triduum
684 2514 916 2576 victitet,
967 2523 1031 2563 ac
1084 2508 1282 2564 deinde
1317 2516 1504 2577 pergat
1552 2503 1742 2559 ordine
1783 2503 1849 2557 ad

270 2619 504 2674 extera,
553 2608 720 2663 totius
799 2604 930 2660 anni
979 2603 1157 2673 spatio
1211 2601 1294 2655 vel
1324 2601 1562 2654 invisere
1618 2605 1853 2666 nequeat

267 2703 475 2765 omnia,
505 2702 588 2756 vel
623 2697 870 2756 omnium
905 2698 984 2749 uti
1032 2693 1320 2749 beneflcio.
1376 2689 1639 2759 Sequitur
1689 2689 1851 2743 etiam

265 2794 432 2864 paulo
486 2801 613 2864 post
660 2793 806 2845 hunc
853 2789 1036 2843 locum
1081 2786 1140 2840 in
1201 2783 1490 2839 anna-libus
1553 2781 1854 2850 explicatus

268 2890 622 2944 immsorum
655 2897 809 2948 usus,
848 2897 972 2938 eum
1019 2888 1268 2942 narrant,
1321 2879 1618 2947 ipsummet
1650 2873 1854 2929 Ureba-

269 2981 399 3032 ne'm
427 2975 481 3028 in
513 2979 794 3028 exstructo
819 2972 887 3026 ab
923 2986 983 3026 se
1033 2971 1264 3024 iurareto
1293 2968 1448 3022 cibos
1473 2964 1849 3020 distribuisse.

346 3065 583 3122 Candria
647 3065 802 3134 regio
860 3061 961 3117 sita
1015 3071 1098 3137 est
1149 3061 1216 3115 ad
1273 3057 1504 3113 Pontum
1559 3057 1855 3123 Euxinum,

271 3147 413 3215 inter
440 3156 774 3227 Bithyniam,
805 3161 858 3208 et
889 3152 1148 3217 Pontum,
1199 3153 1304 3207 hoc
1350 3157 1593 3216 nomine,
1635 3149 1858 3220 provin-

1943 659 2193 712 sultunos
2274 671 2333 711 se
2388 655 2837 714 nominantibus.
2893 655 2971 708 uti
3019 654 3334 722 frequenter
3377 651 3518 720 apud

1940 761 2230 822 praetorem
2267 759 2508 805 nostrum
2567 749 2751 802 videre
2779 758 2902 802 est:
2961 759 3140 802 tamen
3187 746 3394 801 Grreeis
3438 748 3486 795 vi

1941 844 2102 906 cinis,
2136 851 2193 894 ut
2250 842 2601 907 Christianis,
2640 852 2757 894 erat
2781 841 3115 896 exsecrabile
3148 855 3398 903 nomen.
3425 857 3516 911 qu.

1942 937 2106 992 verbo
2137 933 2618 989 Musulmanissare
2647 935 2713 988 de
2744 933 2991 987 omnium
3020 932 3344 1002 gravissimo
3374 935 3517 1002 apud

1942 1031 2282 1085 Christianos
2319 1027 2525 1097 fligitio
2584 1026 2811 1082 deserta:
2857 1026 3134 1094 religionis
3188 1029 3520 1083 utebantur;

1943 1122 2102 1190 cujus
2129 1122 2293 1176 etiam
2355 1123 2460 1175 vim
2515 1121 2882 1185 declarantes,
2941 1119 3084 1172 aliud
3122 1119 3520 1188 magarissandi

1941 1215 2108 1286 408
2137 1214 2358 1267 verbum
2386 1211 2740 1276 adhibebant,
2788 1209 2930 1278 quod
2963 1211 3232 1280 significat
3282 1221 3525 1266 stercore

1947 1305 2157 1360 faciem
2186 1317 2574 1372 conspurcare.
2629 1301 2919 1366 Ccdrinus,
2982 1301 3184 1370 aliique
3233 1302 3528 1371 scriptores

1951 1399 2219 1462 historiae,
2275 1413 2397 1451 cum
2450 1397 2515 1450 iis
2560 1395 2655 1464 qui
2707 1394 2798 1462 jus
2853 1394 3182 1448 canonicum
3233 1395 3529 1449 Orientalis

1953 1491 2211 1546 Ecclesia!
2255 1499 2581 1556 tractarunt,
2667 1501 2900 1558 utroque
2936 1500 3188 1543 utuntur.
3249 1488 3530 1544 Osmanici

1947 1595 2128 1639 tamen
2208 1584 2463 1638 affectant
2523 1584 2664 1637 hanc
2715 1584 3155 1652 appellationem,
3217 1595 3270 1638 et
3317 1581 3529 1636 Turro-s

1949 1695 2008 1731 se
2029 1679 2136 1731 dici
2172 1679 2387 1732 noltmt.
2419 1676 2535 1740 Quo
2567 1678 2632 1730 de
2654 1677 2922 1731 vocabulo
2948 1678 3131 1731 facere
3150 1692 3255 1729 non
3283 1693 3526 1742 possunt.

1947 1772 2081 1839 quin
2142 1768 2375 1839 Philippi
2424 1771 2644 1825 Μυτηωί
2694 1773 3017 1826 sententiam
3094 1785 3384 1840 exponam,
3461 1785 3526 1822 ex

1950 1864 2090 1917 libro
2109 1865 2229 1931 ejus
2245 1863 2450 1918 Gallice
2468 1863 2692 1932 scripto,
2723 1864 2790 1918 de
2813 1863 3034 1918 veritate
3053 1863 3331 1933 religionis
3370 1863 3530 1917 Chri-

1949 1957 2138 2012 stiaua:
2185 1967 2374 2010 contra
2409 1973 2666 2025 paganos,
2699 1958 2934 2020 Judaeos,
2999 1957 3437 2022 Maltumetanos,
3480 1968 3534 2010 et

1951 2051 2110 2113 alios,
2155 2050 2242 2104 cui
2287 2050 2483 2104 similis
2523 2052 2574 2103 in
2635 2051 2740 2104 hoc
2776 2050 3084 2120 argumenti
3115 2064 3312 2120 genere
3349 2051 3533 2102 nullus

1950 2147 2187 2198 antehac
2247 2144 2468 2212 prodiit.
2523 2142 2657 2196 Nam
2690 2145 2902 2197 eadem'
2937 2159 3101 2211 Opera
3137 2143 3204 2198 de
3229 2142 3533 2198 TttrCurnm

1948 2239 2115 2292 etiam
2174 2237 2390 2306 origine
2441 2236 2701 2305 quiddam
2764 2254 2870 2290 non
2924 2249 3128 2291 temere
3176 2237 3532 2307 rejiciendnnr

1951 2331 2342 2400 intelligemus.
2388 2330 2478 2383 Ait
2505 2346 2635 2399 ergo
2691 2329 2985 2392 Mornasus,
3030 2330 3309 2401 lsraelitas
3361 2329 3533 2385 fuisse

1954 2431 2374 2494 transportatos,
2398 2425 2562 2478 etiam
2595 2423 2870 2479 Herodoto
2914 2435 3070 2487 teste,
3109 2426 3244 2478 ultra
3277 2424 3533 2480 Mediam.

1953 2521 2020 2572 ad
2054 2518 2304 2588 regiones
2337 2519 2386 2571 id
2411 2518 2672 2586 temporis
2696 2518 3044 2582 inhabitatas,
3116 2529 3170 2573 et
3195 2520 3365 2573 abeis
3411 2533 3522 2588 par-

1955 2608 2051 2662 tim
2067 2607 2304 2663 Colchos
2321 2607 2586 2676 originem
2620 2607 2865 2672 duxisse,
2885 2610 2980 2678 qui
3002 2608 3260 2664 Herodoti
3294 2624 3538 2679 tempore

1955 2699 2540 2765 circumcidebantur;
2589 2702 2792 2770 partim
2828 2699 3089 2768 Tataros,
3122 2703 3217 2772 qui
3251 2705 3394 2757 circa
3443 2717 3539 2754 an-

1957 2809 2089 2849 num
2135 2793 2505 2849 Christianum
2561 2794 2699 2849 £200
2738 2795 2900 2850 ductu
2936 2795 3124 2867 Zingis
3154 2797 3360 2852 Chanis
3396 2798 3546 2852 velut

1959 2888 2324 2945 inundatione
2356 2889 2590 2958 quadam
2625 2889 2815 2943 orbem
2849 2901 3116 2945 terrarum
3149 2891 3472 2955 obruerunt,
3496 2904 3548 2943 ut

1961 2979 2251 3049 imperium
2283 2979 2481 3034 deinde
2520 2979 2723 3034 Chanis
2781 2980 2926 3034 illius
2963 2980 3201 3036 Chitaini
3253 2983 3551 3038 constitue-

1911 3142 1920 3148 _
1961 3082 2113 3127 runt.
2133 3071 2302 3127 Erant
2325 3077 2529 3138 autem,
2557 3073 2754 3143 inquit,
2771 3073 2825 3127 hi
2850 3073 3162 3130 circumcisi-
3183 3075 3336 3145 prius
3357 3075 3547 3134 etiam.

1965 3177 2128 3233 quam
2152 3160 2483 3218 Mahumetis
2513 3177 2716 3218 nomen
2757 3163 3043 3218 audissent
3078 3181 3093 3218 :
3133 3178 3307 3234 eoque
3344 3165 3545 3232 proch-

266 3251 408 3305 ciam
438 3267 454 3309 ;
484 3248 573 3303 ubi
611 3260 665 3302 et
693 3247 957 3316 oppidum
987 3245 1221 3300 Gaudria
1259 3245 1532 3314 reperitur
1572 3242 1626 3297 in
1662 3243 1854 3298 Ortelii

1961 3254 2142 3308 viores
2202 3251 2428 3308 fuerunt
2484 3251 2554 3306 ad
2583 3253 3021 3323 amplectendam
3070 3253 3240 3322 legem
3269 3252 3553 3308 Mahume-

267 3343 502 3407 Natolia,
535 3342 700 3396 situm
734 3355 802 3394 eo
831 3341 992 3409 plane
1039 3341 1181 3402 loco,
1215 3352 1325 3406 quo
1375 3338 1661 3391 Dedacaua
1704 3348 1859 3390 vetus

273 3453 303 3490 a
369 3435 590 3491 Nicolao
633 3434 911 3505 Sophiano
971 3433 1218 3502 ponitur.
1285 3431 1586 3486 biversuin'
1637 3429 1706 3484 ab
1756 3433 1860 3483 hoc

275 3529 538 3599 Oppidum
564 3540 652 3584 est
676 3529 896 3600 Caugri,
923 3535 1112 3581 versits
1129 3526 1406 3579 Arn-asiam
1433 3524 1547 3578 sive
1575 3519 1862 3592 Cappado-

281 3617 468 3680 ciam,
523 3617 668 3686 quod
732 3616 859 3670 olim
942 3614 1159 3683 Gangra
1242 3616 1646 3674 nominabatur,
1718 3611 1864 3666 unde

280 3705 479 3762 Turcis
509 3716 566 3762 ct
598 3708 743 3777 regio
768 3709 1071 3777 Chiangare
1095 3708 1264 3760 dicta.

521 3801 614 3855 2L
649 3800 898 3867 Zercolae,
927 3813 1035 3853 tam
1077 3801 1209 3853 uilia:
1240 3815 1399 3869 quam
1423 3799 1616 3851 rubrae.

349 3893 576 3949 Zercola
623 3895 814 3963 capitis
847 3909 877 3948 e
916 3894 1058 3950 ﬁltro
1114 3903 1485 3964 tegimentum
1537 3903 1640 3957 est,
1698 3892 1861 3944 latam

279 4002 501 4043 tuream
533 3988 803 4042 fimbriin
854 3989 1082 4050 habens,
1136 4003 1243 4057 qua
1277 3998 1431 4056 parte
1479 3987 1643 4055 capiti
1692 3986 1865 4052 impo-

285 4081 478 4138 nitur:
513 4078 583 4134 de
639 4079 854 4148 penula:
933 4079 1148 4132 manica
1196 4078 1450 4147 tegminis
1486 4076 1654 4146 ipsius
1701 4077 1863 4144 petita

279 4170 484 4235 forma,
507 4173 648 4226 sicut
683 4173 899 4239 ipsimet
929 4172 1085 4225 aiunt
1105 4171 1294 4224 'l‘urci.
1331 4169 1610 4239 Superiori
1635 4167 1865 4220 zezeohe

287 4262 469 4332 parti,
529 4264 1048 4332 s‘esqnispithamam
1109 4261 1270 4323 altae,
1341 4269 1500 4329 caput
1561 4258 1861 4313 inseritur:

285 4356 519 4411 inferior
545 4371 574 4409 a
604 4357 807 4410 vertice
831 4357 1025 4425 capitis
1073 4354 1218 4408 infra
1250 4354 1489 4407 cervices
1523 4352 1577 4405 in
1636 4354 1861 4405 dorsum

286 4465 402 4505 non
438 4451 593 4504 alitét‘
629 4451 694 4504 a'd
727 4457 840 4505 tre‘s
866 4451 1167 4520 spitbamns
1199 4463 1369 4518 vsque
1417 4445 1742 4507 deuittlitur,
1801 4463 1864 4497 ac

288 4543 623 4598 feminarum
660 4543 991 4599 Gallicarum
1025 4551 1261 4612 tegmen,
1301 4541 1442 4611 quod
1467 4542 1765 4610 rfiu‘pperon
1797 4538 1865 4591 nl)

286 4638 372 4690 eis
398 4636 621 4690 dicitur.
682 4637 728 4688 Α
789 4635 970 4690 media
1021 4635 1196 4688 fronte
1231 4633 1406 4704 surgit
1447 4634 1678 4702 oblenge
1721 4633 1870 4700 quae-

288 4729 419 4784 dam
469 4729 627 4798 quasi
659 4731 743 4785 vel
787 4730 966 4784 ﬁstula
1023 4729 1109 4784 vel
1152 4729 1345 4798 vagina
1379 4742 1445 4780 ex
1494 4741 1620 4784 tere,
1676 4725 1868 4793 partim

287 4823 572 4887 deaurata,
603 4824 798 4893 partim
824 4834 1051 4893 argento
1075 4823 1207 4876 l'oris
1232 4822 1488 4877 obducta.
1515 4820 1600 4872 cui
1633 4821 1875 4886 gemmas

292 4917 564 4982 inserant,
593 4931 698 4970 non
728 4916 907 4985 magni
942 4926 1118 4969 tamen
1141 4915 1322 4985 pretii.
1352 4911 1475 4965 Hier:
1497 4911 1707 4963 zercola
1727 4909 1874 4979 geni-

284 5012 441 5065 zaris
470 5010 578 5064 albi
601 5009 803 5064 coloris
833 5015 935 5073 est,
989 5009 1111 5062 aliis
1146 5006 1440 5061 nonnullus
1469 5003 1642 5065 rubri,
1668 5005 1731 5055 de
1752 5003 1874 5068 qui-

282 5103 394 5157 bus
435 5085 544 5155 alio
582 5101 876 5156 dicendum
906 5101 1048 5153 loco.
1093 5097 1296 5151 Fistula
1333 5100 1447 5149 sive
1483 5093 1704 5147 tubulus
1733 5093 1878 5144 exci-

280 5193 492 5265 piendo
522 5207 664 5246 cono
708 5193 776 5246 de
809 5191 1002 5260 pennis
1029 5191 1213 5245 avium
1245 5190 1386 5240 facto
1414 5190 1605 5248 servit,
1638 5185 1719 5237 vel
1753 5181 1877 5235 belli

284 5297 568 5354 tempore,
601 5287 839 5339 vel'ettm
884 5285 1139 5339 satellitio
1171 5299 1269 5337 suo
1296 5282 1570 5334 sultauum
1597 5277 1821 5346 stipant.

370 5396 830 5463 EQJIusulmuni,
875 5399 1362 5458 music/mammam,
1423 5395 1804 5460 magarissare,

677 5470 858 5523 Ταυτὶ.
885 5468 1148 5520 Laouicus
1177 5467 1508 5518 emendatus.

369 5561 752 5617 Musulmanos
803 5561 912 5614 diei
955 5575 1015 5613 se
1075 5559 1264 5612 volunt
1314 5553 1706 5612 Mahumetani,
1757 5565 1880 5604 tan-

293 5669 460 5724 quam
514 5664 662 5707 recte
718 5653 1051 5707 credentes:
1110 5659 1170 5701 ut
1218 5647 1489 5702 Ariauieis
1544 5645 1880 5712 temporibus

297 5749 482 5802 caueri
511 5746 835 5808 Christiani,
870 5753 1141 5814 quotquot
1189 5739 1649 5795 abominabantur
1691 5755 1880 5792 eorum

299 5841 540 5900 furores,
585 5815 1011 5892 orthodoxorum
1071 5847 1267 5888 nomen
1322 5829 1742 5900 profitebantur.
1805 5831 1880 5881 Ac

305 5934 530 5988 tametsi
567 5931 964 5985 Mantum-lanis
1004 5925 1386 5982 honestissima
1411 5925 1480 5979 sit
1519 5923 1881 5978 Musulmano—

1965 3343 2034 3399 tis
2054 3345 2200 3412 quod
2230 3357 2298 3398 et
2350 3354 2502 3414 parte
2549 3360 2675 3400 cum
2704 3344 2949 3414 ipsorqu
2984 3345 3244 3412 religione
3295 3345 3553 3398 convenis

1963 3443 2066 3487 ret.
2099 3433 2208 3489 Vox
2245 3434 2358 3504 ipsa
2381 3425 2566 3487 Tatari
2598 3435 2714 3488 sive
2731 3432 2936 3496 Totari,
2963 3435 3146 3502 lingua
3171 3435 3390 3505 Syriaca
3429 3435 3558 3489 reli-

1962 3526 2122 3593 quias
2151 3527 2264 3580 sive
2299 3527 2548 3580 residuos
2577 3526 2868 3594 significat,
2899 3527 2996 3578 ait.
3023 3525 3170 3579 Inter
3199 3528 3397 3581 hardas
3417 3541 3556 3596 quso.

1963 3631 2070 3686 que
2095 3615 2563 3681 Tatariaz,versus
2586 3629 2796 3686 partem
2817 3618 2936 3686 ejus
2961 3617 3132 3686 magis
3155 3618 3554 3687 aquilonarcm,

1964 3711 2213 3764 nonnulli
2268 3711 2491 3764 nomina
2554 3709 2692 3776 Dan,
2755 3709 3024 3776 Zabulou,
3085 3710 3354 3779 Nephtali,
3427 3717 3554 3765 rei;-

1967 3817 2228 3860 nuerunt.
2286 3803 2442 3860 Unde
2500 3821 2607 3860 non
2675 3817 2778 3871 eet,
2812 3807 2954 3876 quod
3005 3808 3292 3872 miremur,
3344 3819 3550 3862 tantam

1966 3898 2322 3954 Hebraeorum
2391 3913 2514 3953 esse
2568 3900 2779 3969 copiam
2843 3900 2896 3954 in
2952 3901 3265 3970 regionibus
3318 3903 3551 3959 llussia'.

1969 3989 2274 4055 Sarmatian,
2327 3990 2652 4045 Lithuaniae.
2685 3991 2845 4045 Putat
2877 3992 3064 4057 etiam,
3092 4007 3157 4047 eo
3193 3993 3374 4062 plures
3423 3995 3546 4046 istic

1969 4083 2226 4139 Hebraeos
2260 4083 2510 4146 inveniri,
2559 4101 2666 4152 quo
2725 4087 2947 4154 propius
3007 4086 3072 4139 ad
3119 4085 3350 4140 Tataros
3401 4101 3555 4140 accc-

1967 4178 2146 4231 datur.
2207 4177 2468 4245 Equidem
2519 4192 2578 4231 ut
2619 4180 2794 4232 obiter
2839 4180 3071 4244 aliquam
3121 4179 3188 4233 de
3234 4193 3355 4232 meo
3409 4180 3556 4232 velut

1969 4268 2274 4338 symbolam
2310 4268 2394 4323 his
2433 4269 2708 4337 adjiciam,
2779 4269 3096 4324 adolescens
3152 4271 3205 4322 iu
3250 4268 3556 4326 Livoniam.

1967 4363 2201 4417 necdum
2257 4363 2486 4428 collegio
2520 4360 2944 4417 Teutonicoer
2973 4363 3236 4432 jeqttit-um
3264 4363 3556 4432 dissipato,

1969 4470 1997 4506 a
2050 4453 2308 4508 Cunr‘ado
2357 4464 2512 4520 patre
2555 4447 2758 4506 missus
2804 4453 2870 4506 ad
2932 4453 3212 4507 Albertum
3281 4459 3559 4521 patruum,

1971 4559 2095 4600 eum
2132 4544 2238 4598 alia
2273 4544 2392 4598 istis
2418 4543 2852 4598 animadvertere
2885 4545 3104 4599 memini
3151 4561 3166 4603 :
3215 4555 3329 4599 tum
3394 4547 3557 4599 etiam

1979 4652 2171 4692 versus
2227 4635 2605 4698 Lithuan'ram,
2673 4636 2728 4689 in
2777 4636 2975 4690 vicinia
3037 4639 3353 4708 metropolis
3412 4637 3561 4714 “ign!

1977 4734 2126 4799 (qua:
2179 4729 2240 4783 in-
2276 4729 2421 4783 edito
2467 4727 2707 4782 Laonico
2740 4729 2935 4783 vitiose
2965 4732 3313 4798 transpositis
3367 4733 3563 4784 Iittcr‘u

1976 4821 2235 4874 scribitur
2270 4817 2433 4884 Ucra,
2463 4835 2561 4889 pro
2591 4818 2739 4890 Byra
2779 4821 2955 4874 :sicut
2979 4821 3178 4874 ibidem
3204 4838 3302 4891 pro
3334 4824 3567 4893 Eriphi...-

1978 4921 2061 4966 διε
2089 4912 2458 4980 reponendum
2509 4911 2766 4965 Elllante.
2803 4913 2893 4964 Sic
2924 4913 3070 4964 enim
3099 4911 3354 4966 Germani
3388 4924 3564 4966 enim

1979 5011 2177 5056 vocant
2233 5000 2539 5068 Livoniain,
2591 5002 2832 5055 Saxones
2881 5003 3050 5056 nostri
3083 5003 3406 5057 Lifla'ndam.
3440 5007 3534 5058 Gai

1980 5098 2122 5151 licus
2176 5096 2444 5162 interpres
2499 5095 2694 5150 Uerum
2775 5097 2888 5147 vult
2958 5110 3078 5148 esse
3141 5094 3562 5164 Novogradiam,

1983 5189 2179 5258 puerili
2253 5203 2486 5254 errore,
2549 5203 2673 5240 cum
2749 5187 2895 5240 dicat
2951 5199 3141 5240 auctor
3199 5190 3312 5240 suis
3379 5192 3566 5242 urb-rm

1983 5281 2188 5350 legibus
2212 5292 2264 5333 et
2302 5280 2547 5333 libertate
2575 5277 2700 5341 frui,
2730 5281 2798 5332 ah
2815 5281 3166 5347 optimatibus
3183 5281 3316 5349 regi,
3336 5282 3398 5329 ad
3421 5296 3570 5331 man:

1985 5373 2143 5428 sitam
2190 5387 2307 5427 esse
2336 5389 2350 5437 ;
2378 5373 2574 5436 Danos,
2627 5373 2849 5442 Anglos.
2884 5372 3070 5426 Gallos
3097 5385 3163 5425 eo
3216 5373 3570 5425 commercim

1985 5480 2109 5517 rum
2151 5468 2315 5519 causa
2375 5467 2671 5532 navigare:
2706 5481 2824 5534 quae
2855 5468 2922 5518 de
2953 5463 3289 5532 Novogrodia
3342 5464 3566 5531 intelligi

1987 5556 2286 5625 nequeunt)
2322 5557 2372 5607 in
2423 5557 2584 5625 hujus
2616 5571 2745 5625 ergo
2808 5558 2954 5626 liigze
3005 5557 3203 5609 vicinia
3233 5597 3245 5621 ,
3293 5555 3566 5609 nationem

1985 5650 2276 5716 quamdam
2329 5663 2449 5702 esse
2524 5651 2808 5702 barbaram
2910 5649 3219 5710 Lettorum,
3278 5665 3308 5702 a
3356 5653 3568 5704 caeteris

1989 5739 2225 5792 Livouia‘.
2266 5739 2512 5791 barbaris
2537 5739 2749 5800 incolis,
2788 5738 3098 5792 Curonibus
3153 5747 3207 5792 et
3257 5737 3572 5794 Estonibus.

1991 5833 2170 5895 lingua
2237 5834 2394 5898 plane
2439 5832 2845 5899 discrepantem
2883 5849 2894 5882 :
2932 5833 3024 5898 qui
3066 5843 3328 5902 perpetuo
3387 5832 3440 5884 in
3477 5845 3575 5883 Ore

1990 5926 2148 5991 (illusi
2184 5922 2637 5977 lamentationem
2674 5922 2965 5992 quamdam
3006 5925 3226 5987 habent,
3267 5935 3431 5990 quam
3477 5932 3573 5972 voc
