4018 6426
529 338 632 408 πει

1746 355 2071 417 ΙΟᾹΝΝΙΒ
2118 355 2574 418 LEUNCLM'II

3683 364 3722 426 7
3734 363 3812 428 ΣΞ

525 461 808 516 cil'eratttlo
862 477 956 531 per
991 476 1148 532 agros
1195 464 1416 520 assiduo
1467 478 1733 536 repetunt.
1807 470 1925 525 leru
1975 472 2094 525 lcru
2123 471 2288 530 Αὲί.
2319 472 2392 526 De
2443 475 2612 539 primo
2660 473 2948 528 Turcorum
3004 475 3056 528 in
3117 474 3388 543 Europam
3432 480 3690 532 trmtsitn.
3732 477 3811 530 De

526 551 714 611 Masco
747 552 882 607 Lon.
915 543 1328 620 Qttibus'verbis
1353 556 1654 614 Jerusalem
1694 571 1748 616 et
1781 565 2102 618 Damascum

533 645 833 714 intelligere
861 645 1180 710 creduntur,
1221 656 1544 703 cacterarum
1603 651 1656 705 in
1682 655 1900 722 antiqua
1933 655 2104 722 patria

525 751 730 802 rerum,
763 745 839 790 tot
867 750 898 790 a
930 738 1164 798 smeulis.
1197 740 1318 792 etin
1355 741 1734 797 remotissimis
1785 745 1852 798 ab
1883 760 1946 799 ea
1976 745 2105 798 soli-

525 829 829 895 tudinibus,
853 828 1031 882 obliti.
1060 829 1138 882 Ad
1175 829 1470 886 Mornaeuut
1507 842 1565 888 ut
1608 836 1921 901 redeamus,
1953 848 2108 907 putat

524 923 629 976 hoc
663 921 803 976 idem
849 935 958 973 non
1015 921 1200 976 minus
1250 938 1372 978 esse
1424 940 1550 980 vero
1583 927 1763 982 simile
1793 928 1861 983 de
1887 929 2105 996 Turcis,

520 1027 683 1078 quam
720 1011 788 1066 de
823 1008 1040 1066 Tntaris
1095 1028 1110 1065 :
1165 1029 1288 1066 cum
1334 1029 1531 1071 nomen
1568 1017 1745 1085 ipsum
1793 1019 2106 1075 'l'urcorutn

521 1091 788 1159 liebraica
816 1103 992 1172 lingua
1017 1104 1282 1172 signiticet
1307 1107 1545 1170 exsules,
1572 1118 1625 1163 et
1654 1114 2107 1168 contumeliosum

519 1197 662 1263 apud
693 1197 841 1264 ipsos
888 1195 1176 1249 habeatur.
1237 1196 1529 1268 Viderique
1581 1201 1940 1258 Maltutnetem
1998 1221 2105 1258 non

519 1297 616 1342 atus
670 1304 748 1348 re.
807 1301 876 1341 ne
946 1287 1179 1356 populos
1231 1287 1357 1343 illos
1409 1292 1566 1358 longe
1626 1297 2108 1353 numerosissimos

519 1379 861 1443 uiletttleret,
945 1380 1038 1449 qui
1107 1390 1220 1434 tum
1293 1387 1552 1453 temporis
1615 1385 1950 1457 incipiebam
2049 1408 2111 1450 se

519 1489 887 1538 commovere,
973 1475 1263 1531 retinuisse
1327 1479 1852 1546 circutncisionetn,
1897 1484 2113 1540 lustra-

521 1575 722 1631 tiones,
751 1563 955 1618 etalias
979 1563 1246 1634 quasdam
1277 1565 1414 1636 legis
1445 1564 1698 1622 Mosaicte
1727 1570 2108 1628 caerimonias.

518 1721 606 1777 23.
646 1719 1279 1795 Cepischelter,__Goinuc,
1328 1719 1537 1795 Garasi.
1579 1722 1754 1789 ϐου-ἱ.
1813 1722 2112 1795 Bergama,

1025 1791 1286 1858 Edremit,
1323 1791 1572 1862 Geltpoli.

597 1926 809 1997 Oppida
871 1934 1002 1982 sunt
1066 1925 1256 1982 lsnicte
1329 1927 1544 1992 vicina,
1619 1927 1994 1986 Genischeher
2061 1939 2116 1987 et

517 2018 756 2083 Goittur,
793 2020 874 2073 νει
909 2016 1123 2073 Guinuc
1159 2019 1524 2090 trisyllabum,
1550 2022 1716 2076 uthic
1741 2023 1794 2076 in
1824 2025 2116 2095 archetypo

519 2112 800 2168 scribitur.
851 2109 986 2164 Illud
1022 2126 1218 2164 navant
1270 2111 1547 2165 civrtalem
1607 2110 1902 2183 signiﬁcat,
1935 2124 1991 2168 et
2052 2115 2111 2168 in

521 2203 715 2258 U't‘telii
745 2203 981 2268 Natalia,
1009 2203 1152 2259 sicut
1176 2214 1233 2258 et
1263 2202 1594 2273 Busbequio,
1628 2202 1836 2260 lenisar
1863 2217 2112 2273 vocatur,

519 2305 581 2349 ut
628 2311 792 2365 supra
841 2295 1046 2368 dictum
1104 2310 1334 2351 numero
1397 2297 1485 2351 Π.
1555 2295 1770 2351 Goinuc
1813 2297 1868 2351 in
1921 2299 2113 2354 eadem

513 2388 710 2443 Ortelii
770 2387 982 2443 Natolia
1027 2389 1300 2459 reperitur
1331 2426 1346 2443 .
1409 2387 1484 2443 De
1518 2389 1707 2444 Garasi
1759 2391 2114 2460 exposuimus

523 2491 682 2535 antea
719 2497 948 2536 numero
983 2482 1072 2536 i5.
1101 2479 1265 2537 Cosri
1298 2497 1423 2534 cum
1481 2479 1698 2537 Caristo
1732 2480 1959 2538 Natalia!
1982 2493 2115 2554 puto

516 2575 712 2628 eadem
772 2585 890 2630 est.
940 2574 1204 2646 Bergatna
1262 2584 1417 2628 vetus
1463 2585 1548 2629 est
1607 2575 1720 2640 illa,
1772 2575 2115 2647 celebrisque

524 2669 968 2723 membranarum
1025 2671 1250 2723 nomine
1299 2668 1620 2738 Pergamus,
1665 2667 1856 2722 Caleni
1910 2670 2108 2725 medici

516 2761 718 2829 patria.
751 2761 887 2826 Qure
950 2761 1146 2816 'l'urcis
1194 2760 1283 2815 hic
1338 2760 1606 2826 Edremit,
1653 2759 1784 2815 olim
1816 2761 2108 2815 dicebatur

520 2854 932 2921 Atratnytttum,
969 2850 1134 2905 Leoni
1166 2855 1413 2920 Augusto
1443 2851 1794 2920 episcopatus
1825 2849 2113 2921 Ephesium

522 2945 813 3013 metropoli
847 2945 1124 2999 subditus.
1153 2942 1341 2998 Nauta:
1377 2943 1551 2998 nostri
1585 2944 1856 2998 vocabant
1891 2946 2112 2998 nomine

523 3036 699 3106 magis
760 3046 1044 3108 corrupto,
1118 3033 1470 3095 Landemiti;
1539 3034 1692 3105 quod
1769 3035 1992 3104 propius
2041 3034 2109 3088 ad

517 3131 790 3197 originem
849 3143 1005 3184 suam
1057 3127 1360 3192 accederet,
1393 3126 1439 3180 si
1475 3125 1659 3196 lingua
1703 3140 1821 3189 sua,
1874 3126 1978 3180 hoc
2027 3136 2108 3182 est
2137 3159 2180 3216 ε

520 3223 742 3287 Italica,
795 3223 1063 3276 dixissent
1117 3219 1465 3274 L‘Adremitt'.
1519 3217 1688 3274 Nobis
1749 3219 1971 3288 quidem
2022 3235 2111 3275 ar-

518 3315 673 3369 ticuli
699 3330 821 3368 cum
852 3315 973 3384 ipso
1007 3312 1224 3366 nomine
1275 3310 1531 3367 conlusio
1573 3311 1939 3382 perdillicilem
1987 3314 2111 3369 red-

521 3406 688 3460 debat
752 3405 821 3460 de
873 3403 1241 3475 appellatione
1286 3404 1454 3459 veteri
1504 3404 1907 3474 conjecturam.
1967 3405 2112 3462 Sunt

519 3512 703 3558 autem
763 3504 878 3558 haec
932 3501 1164 3557 Troadis
1213 3501 1438 3572 oppida.
1481 3499 1557 3558 De
1590 3500 1794 3557 Uluhat
1853 3502 2107 3573 superius

530 3597 777 3666 quttedam
804 3611 1033 3652 numero
1065 3592 1141 3651 16‘
1165 3595 1494 3662 notavimus.
1545 3595 1687 3651 inira
1717 3597 1898 3652 daturi
1924 3594 2105 3667 plura.

522 3688 693 3742 Paulo
747 3697 865 3759 post
908 3687 1216 3758 Callipolim
1269 3687 1405 3754 dixi,
1469 3701 1622 3742 more
1662 3698 1952 3742 nautarum
2004 3704 2110 3744 no-

517 3791 786 3846 strorum;
822 3795 946 3834 cum
1003 3777 1199 3835 Turcis
1228 3777 1460 3850 Gelipoii
1491 3779 1828 3834 nominetur.
1858 3778 2109 3836 Ridicule

523 3883 654 3928 sunt
711 3874 922 3928 somnia
976 3870 1185 3926 Nicolai
1253 3870 1550 3926 Nicolaidis
1619 3871 1982 3942 Delphiuatis,
2039 3873 2127 3929 de

521 3965 746 4020 nomine
773 3974 941 4034 atque
967 3963 1177 4033 origine
1222 3962 1388 4029 huius
1429 3963 1614 4022 urbis;
1664 3977 1788 4016 cum
1817 3979 1846 4017 a
1878 3963 1940 4017 Ο.
1967 3965 2110 4020 Cali-

520 4058 643 4126 gula
676 4056 978 4120 conditam,
1008 4057 1076 4108 ab
1123 4055 1316 4109 eodem
1370 4069 1564 4108 nomen
1599 4056 1877 4121 accepisse
1919 4057 2108 4120 tradit.

525 4147 645 4198 Mox
689 4145 950 4214 opinione
1006 4150 1237 4210 mutata,
1291 4143 1438 4214 quod
1491 4143 1656 4199 fuerit
1707 4159 1734 4198 a
1787 4143 1956 4198 Gallis
2016 4163 2108 4202 ex-

521 4247 751 4299 structa,
807 4235 1118 4306 Gallipolim
1182 4237 1300 4290 vult
1372 4236 1610 4302 dictam,
1671 4251 1773 4291 ceu
1825 4235 2106 4292 Gallorum

519 4326 834 4389 civitatem:
885 4327 1111 4396 perinde
1170 4340 1235 4380 ac
1288 4324 1684 4398 Philippopolis
1735 4327 1809 4382 sit
1871 4325 2107 4397 Philippi

519 4419 738 4481 civitas,
762 4417 1038 4489 Nicopolis
1066 4419 1224 4488 quasi
1249 4417 1603 4489 Nicolnpolis,
1633 4417 1841 4474 Nicolai
1867 4418 2063 4475 civitas
2088 4436 2103 4475 :

519 4509 780 4578 perbelle,
811 4523 882 4564 ne
915 4507 1044 4582 dum
1090 4508 1276 4564 Gallos
1311 4519 1668 4575 suosornat,
1719 4513 1925 4565 suimet
1967 4510 2105 4566 obli-

521 4603 787 4658 viscatur.
847 4599 967 4656 Non
1010 4600 1156 4656 enim
1209 4599 1372 4656 aliam
1437 4601 1492 4656 in
1541 4600 1750 4661 Graecia
1801 4602 2105 4672 reperimus

519 4679 684 4753 tiliam
709 4695 1036 4767 Nicopolim,
1081 4712 1244 4767 quam
1275 4697 1451 4752 hanc:
1488 4697 1647 4772 cujus
1691 4705 1751 4752 ut
1793 4707 1986 4752 auctor
2023 4708 2108 4754 est

518 4784 775 4842 Nicolaus
803 4787 1135 4853 Nicolaides,
1171 4787 1247 4841 ita
1299 4790 1496 4842 met-ito
1544 4803 1744 4853 nomen
1786 4788 1891 4844 hoc
1919 4790 1968 4843 ei
2018 4804 2103 4844 re-

521 4876 856 4946 linquamus,
904 4887 966 4934 ut
1026 4895 1055 4933 a
1109 4877 1314 4950 duplici
1364 4875 1594 4933 Nicolao
1630 4876 1965 4947 Nicolopolis
2007 4893 2104 4948 ap-

513 4969 772 5039 pelletur.
807 4971 912 5027 Sed
938 4971 1163 5026 omissis
1206 4970 1368 5040 jocis,
1416 4970 1651 5040 amplius
1687 4971 2106 5040 quadringentis

517 5062 681 5117 annis
757 5072 882 5118 ante
956 5063 1022 5117 G.
1104 5051 1405 5133 Caligulam
1467 5065 1612 5132 apud
1679 5061 2099 5133 Xenophontem

515 5165 766 5211 nostrum
807 5154 1044 5208 civitatis
1091 5156 1256 5224 hujus
1306 5155 1366 5208 lit
1401 5155 1630 5209 mentio.
1691 5153 1802 5209 Nec
1867 5170 1896 5209 a
1932 5154 2103 5212 Gallis

512 5248 674 5302 etiam
705 5246 922 5301 condita
951 5246 1070 5312 fuit,
1112 5248 1205 5301 sed
1241 5248 1310 5300 ab
1363 5247 1788 5301 Atheniensibus
1822 5263 1835 5300 :
1866 5263 2095 5315 quorum

514 5342 624 5395 dux
652 5338 874 5401 Callias,
905 5339 1064 5393 initio
1088 5339 1361 5394 struenda:
1389 5337 1540 5400 dato,
1577 5340 1899 5405 promeruit,
1932 5348 1990 5394 ut
2030 5339 2098 5393 ab

514 5433 634 5499 ipso
679 5431 1019 5502 Calliupnlis,
1079 5429 1446 5500 (Cailiopolim
1521 5430 1686 5502 409
1737 5429 1854 5486 l‘ere
1901 5431 2095 5486 Latina

515 5526 915 5578 consuetudine
942 5521 1224 5594 vocamus)
1273 5539 1373 5576 ceu
1411 5523 1595 5579 Calliae
1631 5525 1844 5587 civitas,
1890 5524 2101 5578 dicere-

517 5626 625 5668 tur.
663 5615 1048 5686 Episcopatutn
1108 5617 1271 5686 hujus
1305 5617 1370 5670 ad
1399 5617 1803 5672 Ht-racliensem
1849 5618 2096 5671 Thraciae

514 5709 858 5776 metropolim
887 5707 1001 5765 Leo
1031 5712 1323 5778 imperator
1353 5709 1404 5761 in
1431 5707 1671 5766 Throuis
1693 5709 1822 5765 rel‘et
1841 5718 1879 5763 tr.

2365 543 2598 597 castellis
2623 585 2638 610 ,
2673 543 2936 611 Zentenic,
2987 546 3404 613 Utiridocaxlro,
3449 545 3643 601 Dlat'to.

2277 689 2634 761 Prius.quam
2665 690 2734 746 de
2763 701 2946 747 castro
2977 690 3278 747 Zemenico
3308 693 3548 758 dicatur,
3586 695 3809 748 recita-

2209 779 2391 836 bintus
2419 781 2507 836 hic
2528 782 2693 836 verba
2718 781 2941 838 Laonici
2969 785 3035 838 de
3058 784 3228 853 prima
3264 783 3568 839 Turcorum
3597 785 3654 838 in
3692 785 3814 836 lin-

2211 886 2444 942 ropaaam
2496 873 2902 940 trausjectione,
2962 889 3086 930 cum
3137 875 3334 938 quibus
3377 875 3575 930 deinde
3600 876 3809 929 locum

2221 965 2367 1018 hunc
2383 965 2664 1019 annalium
2689 965 3058 1021 conferemus.
3079 966 3276 1037 Capto,
3295 968 3468 1038 inquit
3487 967 3813 1028 [.aonicus.
3851 981 3856 984 '

2213 1055 2468 1126 praesidio
2492 1057 2842 1126 Cherronesi,
2863 1069 2918 1114 et
2937 1059 3175 1132 Madyto,
3201 1062 3254 1114 in
3287 1059 3575 1116 Thraciam
3617 1060 3812 1117 anci

2216 1151 2485 1220 progressi
2527 1162 2656 1206 sunt
2685 1168 2856 1222 usque
2913 1154 2979 1208 ad
3027 1156 3250 1209 ﬂuvium
3279 1154 3590 1210 Taenarum.
3625 1155 3817 1212 Note-

2215 1251 2304 1295 tur
2355 1244 2407 1296 in
2439 1243 2524 1297 his
2553 1246 2732 1298 verbis
2765 1245 3080 1316 interpretis
3132 1249 3443 1306 oscitantis.
3471 1249 3565 1316 qui
3601 1250 3815 1316 prusi-

2215 1334 2366 1388 ditttn
2418 1333 2740 1390 Cherronesi
2771 1335 2932 1400 dixit,
2964 1352 3062 1406 pro
3093 1336 3419 1391 Cherrouesi
3473 1346 3685 1391 castro.
3751 1340 3810 1392 Id

2215 1439 2458 1485 Castrum
2487 1431 2659 1501 accipi
2688 1447 2794 1486 non
2835 1442 3013 1502 potest
3043 1435 3108 1486 de
3141 1432 3496 1488 Dardanellis.
3531 1433 3668 1486 Nam
3704 1449 3812 1486 vas

2217 1536 2393 1586 arces,
2429 1537 2552 1590 qua
2573 1522 2694 1577 dum
2725 1533 2871 1590 sunt,
2908 1539 3016 1578 non
3043 1539 3172 1587 una,
3196 1522 3561 1579 Muchemetes
3589 1540 3805 1579 secun-

2217 1615 2322 1670 dus
2369 1616 2638 1671 exstruxit
2675 1624 2799 1684 post
2849 1627 3062 1686 captam
3115 1615 3673 1685 Constantinopolim,
3718 1618 3810 1670 vel

2223 1706 2342 1776 ipso
2371 1717 2510 1762 teste
2532 1707 2993 1778 Chalcocondyla.
3020 1706 3160 1777 Ergo
3180 1707 3508 1761 Cherrnnt-si
3545 1719 3805 1762 castrum

2148 1823 2192 1880 Β
2225 1799 2354 1854 illud
2388 1800 2728 1870 intelligitur,
2754 1800 2901 1869 quod
2931 1815 3117 1854 versus
3137 1799 3380 1869 Egtcum
3401 1815 3552 1854 mare
3574 1801 3807 1856 duobus

2221 1892 2375 1946 abest
2403 1893 2730 1947 tttilliaribus
2763 1892 2966 1948 Graecis
3000 1891 3082 1946 vel
3108 1891 3352 1946 ltalicisa
3384 1890 3572 1953 Maito,
3602 1908 3810 1947 versus

2219 1983 2608 2054 Propontidem
2635 1998 2766 2038 vero
2793 1985 3010 2038 duobus
3043 1993 3098 2039 et
3123 1983 3310 2053 viginti
3338 1998 3368 2037 a
3391 1983 3704 2054 Caliiupoli.
3737 1985 3810 2039 Et

2218 2075 2410 2130 Maitos
2441 2075 2600 2130 hodie
2632 2076 2834 2130 dicitur
2864 2075 3112 2146 ejusdem
3145 2075 3476 2131 Cherronesi
3501 2077 3802 2146 oppidum,

2221 2183 2287 2222 ne
2333 2167 2682 2238 Xenophonti
2711 2167 2932 2238 quidem
2983 2166 3252 2239 ignomm,
3293 2171 3382 2226 cui
3408 2171 3669 2243 Madytos
3702 2190 3808 2244 ap-

2220 2260 2476 2330 pellatur,
2514 2261 2658 2314 sicut
2687 2270 2741 2314 et
2787 2258 3046 2326 Laonico,
3075 2263 3250 2316 tribus
3295 2262 3561 2320 duntaxat
3597 2281 3630 2319 a
3665 2267 3803 2322 Dar-

2217 2350 2452 2405 danellis
2475 2367 2669 2406 versus
2691 2350 2935 2422 Egteum
2964 2352 3179 2410 distans
3201 2354 3557 2424 militaribus.
3584 2358 3804 2414 Praetor

2219 2442 2442 2498 Graecia:
2464 2455 2649 2498 noster
2664 2446 2798 2516 Asty
2823 2445 2907 2500 vel
2934 2447 3126 2500 urbem
3155 2446 3494 2520 Madytorum
3524 2453 3786 2512 nominat.

2218 2539 2364 2593 sicut
2387 2549 2442 2592 et
2472 2537 2671 2593 Leonis
2701 2539 2931 2608 Augusti
2966 2540 3179 2594 novella
3207 2541 3276 2596 de
3308 2540 3551 2597 Tltronis
3581 2544 3795 2615 Madyta

2215 2633 2438 2702 pariter,
2468 2639 2523 2686 et
2555 2629 2825 2702 Madytum
2857 2631 3013 2687 dixit.
3046 2631 3242 2688 Castro
3299 2647 3507 2702 autem,
3557 2651 3670 2704 quo
3727 2639 3803 2691 de

2215 2725 2448 2794 agimus,
2489 2740 2686 2779 nomen
2739 2734 2822 2780 est
2851 2726 2992 2796 apud
3051 2725 3272 2782 Graecos
3317 2726 3783 2783 Chiridocastron.

2217 2815 2596 2883 Hellespontus
2627 2817 2749 2871 istic
2776 2833 2952 2886 usque
2979 2819 3115 2873 adeo
3150 2820 3202 2873 in
3236 2834 3522 2891 angustum
3547 2822 3788 2888 cogitur,

2180 2970 2184 2975 η
2215 2919 2272 2962 nt
2300 2923 2330 2960 a
2364 2909 2547 2963 littore
2574 2909 2817 2966 Asiatico
2843 2911 3345 2969 Cltertonesiacum
3390 2915 3620 2984 Europae
3668 2927 3799 2968 tan-

2215 3011 2329 3054 tum
2361 3015 2471 3055 uno
2522 3001 2744 3056 milliari
2795 3001 2985 3059 Graeco
3041 3005 3406 3076 disjttngatur.
3450 3009 3568 3062 Hoc
3625 3007 3800 3078 igitur

2215 3091 2420 3146 inloco
2451 3091 2615 3148 Turci
2667 3095 2902 3163 primum
2969 3111 3035 3150 ex
3087 3097 3214 3151 Asia
3269 3097 3702 3154 transmiserunt
3743 3101 3795 3152 in

2215 3183 2508 3254 Europam,
2529 3195 2583 3239 et
2613 3186 2880 3244 industria
2913 3189 3151 3257 quadam
3187 3187 3564 3252 Zetnenicutn,
3601 3201 3666 3244 ut
3696 3193 3797 3261 ipsi

2215 3284 2461 3344 narrant,
2534 3276 2999 3344 Chridecastron,
3071 3288 3130 3333 ut
3183 3279 3400 3346 Graeci,
3469 3298 3500 3337 a
3573 3289 3801 3352 captivo

2213 3369 2449 3438 quodam
2506 3369 2819 3424 Christiano
2855 3370 3003 3426 ducti
3048 3383 3408 3441 occuparunt.
3445 3374 3574 3430 lude
3623 3376 3805 3433 dissic

2215 3469 2324 3518 tam
2365 3461 2432 3517 ad
2455 3463 2688 3518 alterum
2715 3464 2949 3533 lapidem
2980 3467 3157 3521 adorti
3185 3467 3479 3538 Madytum,
3506 3486 3678 3540 quam
3715 3474 3804 3527 in-

2212 3554 2454 3610 colarum
2497 3555 2806 3626 frequentia
2858 3558 3034 3612 territi
3069 3568 3282 3616 tentare
3327 3563 3479 3631 prius
3506 3564 3634 3618 ausi
3689 3584 3802 3620 nun

2214 3645 2451 3712 fuerant,
2480 3663 2609 3703 cum
2649 3649 2920 3720 hodieque
2962 3667 3127 3720 supra
3161 3662 3434 3710 trecentas
3469 3655 3798 3714 Grecorum

2212 3739 2406 3794 domos
2437 3739 2652 3808 habeat,
2677 3751 2730 3796 et
2753 3743 2924 3811 ipsam
2944 3743 2996 3798 in
3021 3754 3344 3814 potestatem
3375 3749 3654 3816 redegere.
3685 3751 3804 3806 Nos

2213 3823 2338 3880 istic
2384 3826 2437 3880 in
2469 3827 2660 3885 itinere
2693 3836 2884 3884 nostro
2921 3832 3105 3887 vinum
3141 3835 3344 3892 coloris
3377 3837 3530 3892 rubri
3561 3854 3800 3909 compa-

2212 3917 2489 3983 rahamus,
2517 3920 2660 3988 quod
2697 3922 2982 3978 mensibus
3036 3925 3245 3996 aliquot
3275 3926 3510 3984 durante
3570 3932 3806 4002 naviga-

2216 4009 2382 4074 tione,
2409 4010 2540 4064 varii
2566 4011 2619 4063 in
2657 4013 2838 4078 malis,
2871 4025 2926 4068 et
2958 4030 3160 4072 nausea
3197 4032 3484 4088 perpetua,
3515 4025 3803 4093 praecipue

2213 4113 2312 4152 nos
2346 4101 2648 4156 recreabat.
2683 4102 3009 4170 Nicolaides,
3043 4109 3111 4164 de
3141 4125 3253 4179 quo
3280 4111 3443 4179 paqu
3494 4123 3622 4166 ante
3655 4115 3798 4168 dixi-

2213 4204 2359 4254 mus,
2392 4189 2603 4248 fabulas
2627 4205 2684 4248 ut
2710 4196 2778 4251 de
2810 4196 3122 4267 Galliopoli,
3149 4201 3232 4256 sic
3258 4202 3420 4259 etiam
3452 4207 3517 4259 de
3550 4205 3663 4263 hoc
3707 4223 3797 4262 ca-

2213 4288 2350 4347 stro,
2384 4284 2540 4338 nobis
2564 4287 2829 4345 obtrudit.
2861 4288 3055 4346 Narrat
3080 4290 3252 4359 enim,
3277 4295 3387 4348 dici
3419 4305 3670 4356 castrum
3707 4299 3799 4354 νι-

2212 4370 2466 4437 duarum,
2498 4389 2564 4430 ex
2589 4375 2904 4444 hujusmodi
2930 4383 3246 4439 occasione.
3301 4385 3436 4440 Cum
3459 4384 3652 4453 Tutei,
3687 4393 3794 4453 ait,

2137 4494 2184 4555 υ
2212 4476 2316 4532 ope
2341 4465 2572 4522 duorum
2626 4480 2999 4526 mercatorum
3048 4473 3426 4532 Genuensium
3460 4477 3804 4552 Hellespon-

2111 4573 2127 4590 κ
2213 4565 2324 4611 tum
2355 4561 2921 4633 transmisissent,pro
2944 4565 3173 4637 singulis
3203 4570 3482 4639 capitibus
3508 4583 3805 4640 transpot'~

2214 4649 2506 4706 tandorutn
2558 4654 2754 4710 solutis
2797 4656 3014 4731 duobus
3063 4663 3330 4718 dncatis:
3382 4665 3619 4734 primum
3668 4685 3797 4721 oin-

2212 4742 2362 4796 nium
2395 4743 2447 4798 itt
2478 4744 2691 4817 Europa
2723 4759 2966 4805 castrum
2998 4754 3101 4807 hoc
3126 4766 3414 4825 ceperunt,
3455 4757 3509 4811 in
3538 4774 3654 4828 quo
3682 4778 3806 4814 ma-

2188 4850 2301 4891 .res
2353 4852 2545 4893 omnes
2601 4840 2830 4898 immani
2891 4845 3099 4916 saevitie
3129 4851 3606 4916 contrucidarunt,
3684 4855 3801 4910 vita

2208 4928 2428 4984 l'entillis
2456 4934 2832 4990 tantummodo
2867 4937 3194 4994 condonata.
3227 4940 3348 5008 Qua
3375 4942 3444 4998 de
3473 4957 3643 4999 causa
3686 4962 3788 5000 no—

2209 5037 2333 5077 men
2362 5023 2412 5076 ei
2443 5023 2698 5095 deinceps
2729 5027 2950 5094 mansit,
2994 5039 3054 5084 ut
3089 5041 3332 5088 castrum
3361 5031 3666 5090 viduarum
3691 5053 3795 5107 ap-

2207 5114 2458 5183 pelletur.
2512 5115 2624 5171 iloc
2654 5117 2700 5172 si
2755 5135 2943 5175 verum
2991 5134 3162 5190 esset,
3215 5125 3603 5194 appellandum
3665 5137 3797 5182 erat

2205 5202 2390 5260 Graece
2420 5205 2625 5261 Chiron
2669 5221 2912 5277 castron,
2945 5215 3031 5268 vel
3059 5215 3472 5279 Chirocastron.
3499 5220 3646 5288 quod
3679 5231 3795 5274 no-

2205 5311 2328 5350 men
2369 5297 2483 5365 ipse
2512 5313 2618 5351 non
2649 5302 2851 5368 posuit.
2888 5302 2995 5359 Sed
3028 5307 3164 5361 satis
3205 5307 3590 5362 animadvertit
3629 5315 3794 5378 peri-

2204 5396 2292 5442 tus
2315 5389 2558 5444 historiae
2591 5391 2781 5456 lector,
2805 5395 2859 5448 in
2891 5395 3012 5464 ipso
3052 5397 3248 5454 fabulae
3279 5413 3559 5469 peccatum
3599 5405 3790 5460 initio.

2203 5479 2321 5534 Non
2346 5482 2490 5535 enim
2523 5482 2588 5536 ad
2611 5484 2847 5551 primum
2880 5488 2933 5540 in
2955 5489 3230 5559 Europam
3257 5491 3562 5549 Turcorum
3599 5507 3792 5548 tran~—

2203 5575 2339 5628 itutn
2397 5576 2632 5644 pertinet
2662 5578 2750 5631 illa
2781 5579 2848 5632 de
2878 5570 3263 5639 Genuensibus
3291 5586 3542 5650 historia,
3583 5589 3683 5641 sed
3715 5591 3792 5643 ad

2204 5669 2545 5736 insequentia
2577 5678 2839 5738 tempora.
2865 5675 3009 5728 sicut
3050 5691 3152 5730 suo
3201 5677 3324 5731 loco
3362 5678 3618 5749 deinceps
3673 5697 3789 5736 nn-

2210 5778 2360 5813 mern
2389 5760 2456 5815 87
2498 5762 2846 5817 indicabitur.
2883 5764 3087 5821 Deinde
3139 5767 3536 5828 Chiridocastri
3573 5788 3724 5827 norn-
3750 5795 3786 5832 η

2204 5854 2478 5910 exstitisse
2518 5866 2739 5912 constat
2770 5859 2931 5914 etiam
2981 5865 3320 5933 priusquam
3354 5867 3540 5936 Turci,
3595 5879 3788 5929 trans-
