4018 6420
269 455 380 517 753

1429 446 1826 508 PANDECTE
1857 448 2064 511 HlST.
2111 447 2416 510 TURCIC.

3408 435 3516 499 75’s

268 573 441 621 misso
495 562 845 630 Hellesponto
870 603 884 624 ,
931 567 1171 612 castrum
1223 559 1402 628 ipsum
1451 568 1836 629 occupassent.
1865 559 1913 620 Δ
1940 563 2168 632 gnacula
2200 581 2214 617 :
2249 578 2356 616 non
2417 561 2766 629 Calltupoies,
2799 569 2896 613 aut
2925 555 3218 624 amphoras
3250 552 3386 612 vini,
3419 549 3513 602 sed

271 659 404 712 Erat
438 656 492 708 in
521 652 641 706 navi
669 663 852 704 nostra
881 665 1045 703 senex
1077 649 1370 703 multarum
1400 665 1582 703 rerum
1611 651 1843 718 peritus,

277 747 547 804 Antonius
578 743 874 806 Meliensis,
902 739 1092 794 Grai-co
1134 749 1286 808 patre
1319 751 1482 794 natus
1511 742 1563 796 in
1597 740 1733 795 Melo
1760 741 1846 794 iu-

280 840 401 893 sttla
439 836 621 907 (Milon
680 832 854 890 Graci
893 830 1278 901 pronuntiant)
1345 832 1650 886 conductus
1685 847 1714 884 a
1753 848 1848 886 na-

281 932 499 988 varclto.
535 937 590 980 ttt
625 925 788 980 index
824 923 1038 978 itineris
1096 923 1336 977 interdiu
1373 933 1646 993 noctuque
1694 924 1850 979 nobis

277 1030 440 1080 esset.
472 1034 631 1084 quem
663 1018 921 1072 l‘odotam
962 1016 1135 1072 Graeci
1189 1029 1334 1070 nunc
1368 1015 1555 1071 dicunt
1589 1017 1850 1072 vocabulo

275 1113 561 1184 peculiari.
593 1113 739 1180 quod
772 1113 824 1166 itt
856 1112 1118 1180 Pulologo
1175 1110 1464 1178 reperitur,
1499 1111 1849 1180 vulgnsnau-

275 1220 453 1260 tarum
475 1207 715 1260 Pelotam
734 1216 910 1260 vocat.
937 1204 989 1260 is
1014 1203 1171 1263 milti.
1187 1219 1310 1258 cum
1334 1203 1618 1271 Callinpoli
1641 1205 1851 1266 relirta,

275 1301 382 1370 jam
417 1297 608 1367 viginti
668 1298 882 1353 duobus
937 1296 1270 1350 milliaribus
1307 1295 1569 1358 emensis,
1599 1294 1851 1349 Cltirido-

284 1400 530 1444 castrum
564 1388 1174 1458 praternavigaremus,
1207 1397 1260 1442 et
1305 1387 1516 1442 ruinosi
1549 1381 1713 1441 cas'tri
1757 1401 1854 1442 no-

279 1495 402 1532 men
453 1479 818 1548 signiﬁcabat.
852 1488 905 1532 et
938 1478 1224 1533 historiam
1258 1493 1369 1532 non
1393 1477 1607 1533 frivolis
1637 1477 1705 1532 de
1727 1492 1858 1531 cau-

278 1572 350 1624 sis
374 1571 770 1627 observandam
806 1571 1290 1625 commemorabat.
1315 1570 1456 1636 Quo,
1486 1570 1691 1640 inquit,
1723 1579 1858 1624 tem-

280 1680 410 1732 pore
438 1663 600 1717 Turci
636 1662 874 1729 primum
897 1663 1060 1718 hasce
1098 1661 1220 1718 freti
1251 1661 1640 1732 Hellespontici
1681 1671 1859 1716 trans-

281 1759 551 1811 miserunt
592 1755 892 1822 angustias,
939 1765 996 1808 ut
1035 1755 1159 1809 Asia
1210 1753 1389 1822 potiti,
1417 1753 1652 1823 Europae
1681 1755 1859 1820 regio-

293 1864 392 1902 nes
465 1848 785 1901 invaderent
816 1865 829 1900 :
869 1848 972 1900 hoc
1007 1846 1126 1914 ipso
1170 1857 1373 1908 castro,
1417 1845 1562 1916 quod
1597 1845 1772 1910 vides,
1803 1844 1860 1898 in

1951 655 2280 717 Pannonias,
2303 654 2395 709 sed
2421 651 2876 723 Cypros,integra
2909 663 3074 713 regna
3097 645 3328 702 scilicet.
3362 643 3520 696 antit-

1951 747 2138 802 timus.
2177 747 2282 800 Sed
2311 746 2544 816 reprimo
2572 759 2676 799 me.
2707 742 2841 798 Nam
2886 742 3041 814 plura
3075 746 3223 794 vetat
3256 735 3438 799 dolor,
3467 743 3524 790 et

1951 837 2152 893 ominis
2182 838 2407 893 infausti
2440 846 2639 893 metus.

1951 978 2042 1034 25.
2067 976 2382 1032 Triturandi
2416 993 2527 1030 mos
2558 975 2696 1046 apud
2725 973 2956 1046 Grmcos.
2995 979 3044 1023 et
3082 967 3367 1028 Asiaticos,
3422 961 3528 1016 Bo-

2461 1045 2597 1115 lair,
2626 1045 3036 1113 Asprolt'miona.

2026 1193 2290 1245 Arearum
2319 1188 2374 1242 in
2401 1202 2539 1257 quas
2564 1184 2764 1241 messis
2801 1192 3049 1251 tempore
3079 1184 3293 1246 segetes
3322 1179 3434 1226 tam
3473 1171 3530 1224 in

1956 1284 2185 1345 Graecia,
2225 1298 2388 1352 quam
2424 1281 2478 1336 in
2519 1279 2669 1344 Asia,
2722 1275 3095 1344 colliguntur;
3131 1281 3186 1324 et
3221 1268 3336 1336 ipsa
3370 1264 3532 1318 tritu-

1957 1380 2117 1433 randi
2176 1378 2335 1439 ratio.
2372 1372 2684 1443 hujusmodi
2714 1379 2820 1426 est.
2852 1369 3044 1424 Solent
3100 1365 3316 1420 illarum
3351 1359 3534 1430 regio-

1959 1488 2089 1527 num
2137 1471 2350 1532 incoiaa,
2387 1479 2673 1538 postquam
2708 1465 2972 1520 demessa
2999 1461 3186 1528 fruges
3239 1465 3388 1519 sttnt,
3424 1468 3531 1508 non

1959 1565 2178 1620 domum
2213 1579 2308 1618 eas
2338 1578 2404 1617 ex
2428 1561 2595 1632 agris,
2629 1573 2784 1612 more
2815 1566 3026 1616 nostro,
3066 1551 3254 1623 granis
3287 1547 3531 1603 necdum

1961 1659 2226 1721 excussis,
2251 1656 2308 1710 in
2332 1656 2528 1710 horrea
2551 1651 2862 1707 convehere
2890 1666 2905 1704 :
2937 1647 3031 1703 sed
3059 1647 3112 1700 itt
3131 1658 3316 1700 aream
3348 1657 3538 1710 qnam-

1963 1749 2087 1802 dam
2118 1747 2222 1802 sub
2251 1746 2341 1801 dio
2368 1752 2737 1814 comportare.
2771 1740 2974 1795 Deinde
2995 1738 3203 1807 sparsis
3229 1750 3326 1805 per
3353 1747 3537 1788 aream

1966 1841 2258 1910 tnauipulis
2278 1839 2491 1910 frugum
2522 1840 2687 1891 boves
2717 1846 2772 1891 et
2811 1833 3040 1888 bubalos
3080 1831 3410 1888 itnntittttnt.
3443 1825 3538 1895 qui

283 1946 604 2006 patestatem
630 1935 871 2002 redacto,
891 1911 1128 2004 primum
1165 1934 1218 1988 itt
1244 1911 1456 2004 Europa
1491 1935 1682 2005 pedem
1724 1935 1859 1989 tixe-
1893 1911 1936 1972 Β
1963 1933 2091 1988 dum
2132 1931 2362 2002 pedibus
2417 1929 2694 1998 subjectus
2749 1931 3057 1995 praterunt,
3119 1920 3309 1976 aristis
3371 1931 3543 1988 grana

281 2039 427 2082 runt.
487 2029 616 2096 Ejus
656 2028 731 2081 rei
772 2030 983 2090 nuntio.
1017 2043 1227 2104 summa
1255 2029 1561 2093 celeritate,
1588 2028 1856 2086 Constan-

282 2121 566 2190 tinopolim
594 2119 803 2188 perlato
840 2139 853 2172 :
896 2129 1044 2174 tanta
1087 2119 1425 2189 Graecorum,
1460 2122 1731 2190 majorum
1761 2139 1860 2178 no—

286 2222 528 2266 sti-orum
553 2212 1047 2282 arrogantia,tanta
1077 2215 1346 2269 securitas
1369 2212 1479 2268 (uit
1506 2231 1520 2269 :
1549 2225 1609 2270 ut
1637 2216 1860 2271 minimo

291 2304 588 2369 cogitarent
616 2304 682 2358 de
713 2314 894 2358 castro
923 2319 1047 2360 mox
1075 2306 1471 2375 recuperando,
1497 2317 1551 2362 et
1575 2307 1860 2378 ejiciendis

295 2398 441 2465 prius
476 2412 538 2450 ex
572 2395 781 2466 Europa
807 2395 1028 2461 Turcis,
1074 2415 1235 2467 quam
1269 2399 1509 2469 majores
1539 2400 1593 2454 in
1625 2415 1686 2456 ea
1714 2401 1860 2456 vires

293 2486 727 2555 arqttisivissettt,
751 2488 1023 2557 altiusque
1056 2504 1185 2544 suas
1206 2491 1446 2561 egissent
1471 2491 1686 2546 radices
1715 2508 1730 2546 :
1763 2491 1858 2547 sed

292 2581 496 2648 accepti
531 2581 716 2635 damni
750 2583 1073 2650 gravitatem
1103 2583 1284 2638 verbis
1301 2583 1564 2638 elevando
1589 2584 1857 2650 dicerent,

288 2681 410 2724 esse
446 2672 713 2726 duntaxat
735 2671 996 2727 amissum
1030 2673 1302 2728 stabulum
1330 2659 1643 2744 porcorum.
1677 2674 1861 2732 Lude-

289 2761 416 2815 bant
441 2763 608 2828 enim,
641 2774 695 2817 ut
720 2763 1048 2820 Nazianzeni
1089 2766 1260 2821 nostri
1290 2769 1474 2823 verbis
1519 2779 1664 2833 utar,
1695 2769 1747 2822 in
1772 2785 1860 2824 re-

291 2853 392 2905 bus
455 2855 680 2908 mininte
708 2855 931 2911 ludicris
967 2875 981 2912 :
1026 2857 1296 2924 ridebant,
1329 2859 1384 2914 in
1419 2861 1580 2915 rebus
1640 2861 1862 2916 minime

295 2949 562 3015 ridiculis,
606 2953 702 3006 sed
758 2951 1104 3022 deplorandis
1163 2952 1364 3022 potius,
1419 2951 1546 3006 dum
1609 2968 1676 3006 ex
1732 2952 1862 3007 Chi-

297 3042 596 3097 ridocastro
661 3059 757 3112 per
809 3045 993 3116 jocum
1051 3046 1330 3099 stabulum
1417 3059 1709 3114 porcorum
1776 3042 1860 3098 fa-

291 3134 530 3188 ciebant.
591 3134 796 3190 Graacis
855 3136 999 3190 enim
1058 3134 1301 3190 Chiridia
1367 3135 1630 3190 dicuntur
1685 3136 1858 3205 porci.

292 3223 398 3280 Sed
436 3226 703 3282 risusiste
728 3227 948 3284 tandem
980 3229 1034 3284 in
1071 3244 1288 3284 amaras
1311 3243 1613 3285 conversus
1646 3229 1749 3284 fuit
1776 3231 1857 3284 la-
1883 3269 1930 3333 ϐ

291 3333 525 3388 oryinas.
557 3317 858 3374 Audiamus
896 3318 1160 3388 majorem
1189 3334 1335 3374 nunc
1368 3335 1434 3374 ex
1479 3319 1724 3387 ejusdem
1753 3321 1861 3376 An-

294 3410 428 3461 tonii
469 3412 786 3467 narratione
824 3409 1140 3466 Graecorum
1191 3411 1484 3466 insaniam.
1519 3412 1680 3469 Venit
1711 3413 1860 3480 inde,

299 3515 406 3552 non
432 3515 627 3570 magno
651 3505 910 3570 temporis
937 3505 1220 3576 interjecto
1237 3505 1439 3574 spatio,
1464 3495 1770 3560 Turcor‘um
1804 3506 1862 3562 in

305 3603 626 3661 potestatem
653 3606 706 3650 et
733 3594 1070 3664 Calliupolis,
1106 3607 1164 3652 ut
1195 3597 1248 3652 in
1281 3599 1365 3652 his
1390 3599 1702 3660 Annalibus
1725 3615 1863 3668 quo-

295 3701 406 3756 que
438 3687 730 3741 recitatur:
764 3685 964 3742 Cra-cis
988 3689 1204 3742 interim
1231 3689 1403 3752 altum
1433 3689 1862 3755 dormientibus,

297 3791 396 3830 nec
419 3776 485 3831 de
514 3777 818 3833 rationibus
838 3780 1162 3834 occurrendi
1188 3779 1478 3836 conatibus
1503 3781 1743 3837 hostium
1778 3781 1863 3836 vel

293 3870 568 3923 tantillum
633 3871 901 3925 sollicitis.
937 3871 1076 3940 Quid
1139 3871 1247 3935 ﬁt?
1280 3871 1452 3940 Hujus
1498 3872 1663 3926 etiam
1697 3872 1868 3928 delri-

296 3962 462 4015 tnenti
498 3963 704 4030 accepti
727 3964 949 4018 nuntius
973 3963 1502 4034 Constantinopolim
1528 3963 1694 4019 venit.
1723 3964 1865 4019 Tum

296 4057 467 4120 magis
500 4065 558 4107 ut
601 4054 820 4110 Grzecos
850 4056 1130 4112 dementes
1176 4071 1454 4123 cerneres,
1497 4059 1758 4112 amissam
1791 4057 1867 4111 illi

298 4147 639 4214 Callinpolim
667 4147 819 4204 ﬂocci
843 4149 1045 4214 facere,
1075 4151 1346 4219 jacturatn
1384 4151 1655 4221 publicam
1678 4165 1870 4219 reapse

297 4251 573 4304 magnam,
627 4238 809 4293 verbis
856 4240 1118 4294 secordis:
1175 4239 1353 4310 plenis
1404 4250 1721 4304 extenuare,
1759 4254 1869 4294 non

300 4329 405 4384 nisi
441 4331 758 4395 amphoram
807 4332 914 4386 vini
973 4348 1004 4387 a
1044 4333 1239 4386 Turcis
1269 4331 1434 4404 410
1479 4343 1718 4404 ereptam
1763 4331 1870 4389 sibi

301 4419 508 4476 dicere.
541 4418 649 4476 Sed
678 4437 776 4477 eos
807 4420 974 4483 Turci
1023 4423 1216 4493 paucis
1247 4423 1406 4476 annis
1445 4425 1498 4477 itt
1535 4423 1768 4478 Thracia
1797 4421 1876 4478 fe-

299 4527 428 4567 cere
479 4528 819 4583 progressus,
878 4525 939 4570 ut
973 4515 1136 4586 hujus
1175 4515 1500 4571 Soleimanis
1548 4517 1742 4582 basste,
1776 4515 1872 4587 qui

1961 2023 2114 2079 nullo
2155 2021 2378 2092 negotio
2420 2016 2896 2087 excutiuntur.Et
2930 2015 3110 2070 solent
3145 2015 3260 2066 haec
3300 2009 3404 2066 sub
3452 2008 3543 2064 dio

1963 2116 2099 2179 ﬁeri,
2143 2125 2298 2170 extra
2343 2128 2510 2184 pagos
2542 2122 2597 2166 et
2627 2111 2846 2182 oppida.
2909 2109 3142 2178 Semper
3194 2114 3381 2160 autem
3421 2118 3546 2157 mos

1962 2210 2052 2264 hic
2075 2209 2216 2279 apud
2248 2207 2555 2262 Orientales
2588 2203 2878 2260 lriturandi
2926 2202 3049 2266 fuit,
3077 2199 3216 2254 iude‘
3250 2213 3426 2268 usque
3475 2195 3551 2255 alt

1962 2298 2363 2368 antiquissimis
2401 2298 2762 2369 temporibus.
2790 2296 2933 2352 sicut
2975 2301 3030 2346 et
3072 2295 3126 2346 in
3178 2291 3350 2345 sacris
3391 2287 3546 2342 libris

1964 2393 2314 2449 interdictum
2359 2400 2516 2446 vetus
2548 2389 2812 2461 reperitur
2857 2406 2871 2445 :
2903 2385 2972 2442 0s
3010 2385 3126 2443 boui
3171 2382 3450 2438 trituranti
3480 2396 3546 2433 ne

1961 2487 2243 2558 obligatur.
2281 2483 2596 2540 Secundum
2648 2482 2764 2536 haec
2814 2479 3022 2534 mentio
3087 2477 3143 2530 tlt
3176 2474 3544 2545 expeditionis

1961 2579 2288 2641 Turcorum,
2347 2575 2585 2647 primum
2625 2574 2789 2634 mari.
2848 2570 3081 2639 navigiis
3119 2585 3272 2626 oram
3308 2569 3542 2621 Cherro-

1962 2673 2077 2729 nesi
2098 2687 2289 2728 versus
2310 2669 2558 2742 Egaeum
2590 2667 2918 2739 legentibus,
2950 2673 3005 2720 et
3035 2662 3314 2733 praeterito
3338 2662 3545 2716 Rome-

1963 2766 2050 2822 lite
2098 2765 2182 2819 vel
2213 2763 2444 2835 Europa:
2496 2761 2901 2834 promontorio,
2957 2759 3138 2818 sinum
3193 2755 3540 2823 Magarisinm

1965 2857 2069 2928 (sic
2103 2873 2132 2912 a
2163 2856 2323 2913 [tedis
2373 2855 2790 2925 tempestatibus
2817 2866 2882 2908 ac
2931 2850 3131 2920 pluviis
3159 2849 3388 2910 dictum,
3421 2862 3545 2916 qum

1963 2949 2073 3006 illis
2101 2950 2156 3004 itt
2180 2947 2499 3018 regionibus
2527 2947 2795 3002 exsistere
2829 2945 3012 2999 boreis
3044 2941 3308 2996 ﬂantibus
3340 2939 3543 3001 solent,

1963 3059 2084 3100 cum
2119 3041 2261 3112 apud
2299 3057 2400 3096 nos
2452 3040 2636 3110 aquilo
2666 3038 3020 3094 serenitatem
3077 3037 3222 3091 aeris
3275 3032 3434 3102 ferat)
3467 3033 3549 3086 in-

1963 3139 2259 3202 trantibus,
2291 3134 2383 3190 ubi
2407 3132 2746 3189 Cherronesi
2766 3131 2912 3186 latus
2939 3129 3198 3193 alterum,
3244 3128 3408 3198 longo
3433 3137 3547 3180 tra-

1963 3241 2081 3294 ctu,
2106 3230 2162 3286 in
2193 3243 2345 3284 mare
2371 3243 2429 3284 se
2458 3226 2690 3296 porrigit
2715 3243 2729 3280 :
2757 3224 2958 3280 deinde
2990 3233 3160 3284 terra.
3187 3221 3373 3275 missis
3395 3219 3552 3290 equi-

1963 3323 2131 3387 tibus,
2151 3321 2245 3392 qui
2271 3337 2395 3376 cum
2421 3318 2708 3389 Edzebego
2731 3317 3014 3388 planitiem
3059 3315 3394 3371 Cberronesi
3431 3327 3552 3367 vet-

1963 3429 2057 3469 sus
2091 3429 2309 3470 amnem
2338 3413 2628 3468 Maritzam
2674 3419 3119 3481 pervagarentur,
3156 3418 3212 3463 et
3237 3407 3434 3462 Album
3476 3405 3546 3460 ad

1963 3505 2187 3562 Portum
2244 3505 2529 3560 navalibus
2559 3519 2619 3560 se
2664 3518 2791 3557 cum
2819 3502 2994 3572 copiis
3039 3500 3457 3570 conjungerent.
3489 3497 3550 3551 in

1965 3599 2051 3654 ltis
2089 3597 2272 3654 verbis
2302 3596 2707 3654 observandum
2767 3595 2915 3650 illam
2967 3593 3201 3669 Bolairis
3265 3590 3552 3661 planitiem

1963 3690 2162 3747 Turcis
2184 3691 2413 3753 dictam,
2440 3687 2662 3744 Praetori
2697 3687 2922 3742 Grmciaa
2952 3692 3141 3741 nostro
3168 3683 3360 3740 vocari
3394 3681 3550 3736 Bole~

1968 3797 2112 3843 rum.
2138 3796 2241 3849 qua
2261 3780 2476 3835 scilicet
2498 3795 2595 3848 per
2622 3779 2797 3848 ipsam
2823 3779 3286 3838 Cherrronesum.
3309 3774 3548 3830 Hadria-

1967 3873 2151 3942 nopoli
2174 3871 2362 3942 procul
2385 3871 2452 3926 ad
2475 3872 2723 3925 dextram
2759 3872 2967 3932 relicta,
2987 3884 3108 3922 cum
3139 3867 3546 3937 Didymoticlto,

1967 3982 2160 4022 versus
2186 3963 2389 4020 Eoum
2412 3963 2696 4034 Oppidum,
2717 3972 2770 4017 et
2787 3961 3066 4016 Maritzatn
3096 3960 3343 4023 ﬂuvium,
3369 3973 3548 4027 qttona

1967 4059 2092 4114 dam
2124 4056 2360 4112 Hebrum
2410 4056 2638 4114 dictum.
2671 4069 2735 4109 ac
2779 4053 2996 4122 longius
3045 4053 3172 4107 inde
3200 4050 3547 4106 Thessaliam

1969 4168 2164 4209 versus
2223 4152 2352 4207 itur.
2419 4150 2552 4206 Nam
2586 4166 2615 4204 a
2646 4148 3060 4206 Chiridocastro
3087 4149 3203 4204 sive
3233 4145 3549 4212 Zemenioo,

1973 4261 2071 4317 per
2101 4243 2445 4301 excurrentis
2468 4243 2523 4298 in
2543 4257 2696 4298 mare
2721 4240 3054 4298 Cherronesi
3081 4255 3326 4310 campos.
3346 4238 3416 4294 ad
3442 4237 3555 4293 Ma-

1975 4338 2170 4393 ritzatn
2206 4336 2456 4401 ﬂuvium,
2495 4345 2554 4392 et
2578 4335 2732 4389 illum
2767 4334 2935 4389 maris
2969 4335 3174 4396 sinum,
3213 4333 3267 4386 in
3298 4347 3462 4401 quem
3493 4346 3556 4386 se

1976 4428 2200 4484 Haritza
2233 4428 2350 4483 sive
2380 4426 2666 4491 Tmnarus,
2693 4437 2754 4481 ut
2782 4425 3056 4480 Laonirus
3099 4424 3167 4479 de
3203 4438 3370 4478 causa
3400 4421 3558 4476 dein-

1977 4534 2105 4586 ceps
2160 4517 2482 4589 exponenda
2531 4525 2716 4580 vocat,
2773 4525 2998 4586 propter
3041 4516 3244 4570 A‘Snum
3274 4513 3568 4569 civitatem.

300 4603 644 4674 Calliupolim
690 4614 822 4662 tunc
855 4608 936 4662 eis
970 4607 1190 4678 eripuit,
1233 4607 1420 4661 fratris
1478 4607 1620 4662 [ilius
1659 4605 1874 4677 Bajazi-
1906 4621 1951 4677 ι)
1979 4610 2232 4675 είΐυηιιίι,
2269 4610 2536 4666 directum
2577 4609 2679 4664 iter
2712 4623 2818 4662 non
2878 4622 3136 4677 magnum
3187 4613 3298 4662 est.
3343 4605 3556 4674 Quippe

249 4751 254 4756 ,
301 4701 406 4756 tes.
439 4696 718 4764 occupatis
743 4699 907 4751 etiam
927 4696 1262 4752 suburbanis
1293 4695 1462 4766 agris,
1485 4693 1876 4749 Constantino-

304 4783 467 4852 polim
502 4785 754 4854 pluribus
781 4787 940 4842 annis
968 4786 1250 4843 obsideret
1273 4802 1288 4841 :
1315 4799 1480 4856 quam
1516 4784 1736 4855 quidem
1758 4799 1876 4839 om-

241 4867 250 4878 ’
305 4875 436 4931 nino
471 4877 796 4934 redacturus
826 4887 946 4934 erat
975 4880 1028 4933 itt
1066 4889 1421 4950 potestatem,
1476 4877 1532 4932 ni
1564 4875 1745 4934 Tatari
1770 4876 1877 4934 Te-

302 4967 462 5023 miris
506 4970 892 5026 intervenisset
921 4971 1199 5042 expeditio
1235 4970 1461 5042 Bajaaiti
1498 4969 1682 5025 fatalis
1715 4987 1730 5024 :
1767 4983 1876 5038 qua

299 5062 657 5132 prosperrimi
679 5063 984 5118 Turcorum
1021 5078 1308 5120 successus
1347 5062 1660 5133 aliquandiu
1693 5061 1880 5116 divino

300 5155 538 5209 consilio
569 5154 791 5209 fuerunt
825 5155 1067 5222 inbibiti,
1096 5171 1164 5210 ne
1191 5165 1316 5211 ante
1344 5166 1559 5225 tempus
1589 5169 1618 5209 a
1645 5153 1760 5210 Deo.
1783 5155 1880 5208 de-

301 5243 588 5311 stinatum,
623 5248 837 5316 imperii
874 5247 1048 5304 Graeci
1072 5249 1333 5321 reliquias
1361 5249 1708 5303 devorarent.
1749 5247 1880 5303 Haec

299 5341 548 5395 narratio
572 5340 700 5396 licet
722 5340 777 5396 in
803 5341 1047 5399 historiis
1075 5341 1281 5400 Graecis
1304 5357 1410 5396 non
1436 5349 1634 5404 exstet,
1657 5339 1879 5409 dignam

303 5442 490 5487 tamen
517 5435 730 5500 censui,
763 5451 886 5505 qua:
914 5435 1193 5492 memorie
1229 5435 1555 5505 proderetur
1586 5451 1601 5490 :
1637 5444 1697 5487 ut
1722 5449 1788 5490 ex
1817 5448 1878 5488 ea

306 5525 482 5579 nostri
525 5526 776 5583 homines
816 5528 1126 5598 exemplum
1182 5528 1420 5598 capiant,
1461 5525 1620 5593 nobis
1643 5526 1790 5601 quod
1813 5539 1883 5578 ex

311 5630 416 5669 usu
453 5617 544 5671 sit.
581 5617 797 5674 Utinam
818 5635 888 5674 ne
911 5634 1014 5673 nos
1039 5619 1203 5673 etiam
1243 5619 1404 5675 modo
1429 5629 1536 5673 tam
1565 5617 1756 5681 altum,
1793 5632 1884 5670 ve-

313 5719 468 5762 terno
486 5710 799 5766 Graecorum
826 5711 1062 5781 correpti
1094 5720 1473 5773 sterteremus,
1494 5710 1585 5769 vix
1609 5717 1664 5762 ut
1689 5723 1883 5778 exper-

309 5800 445 5871 gisci
461 5801 739 5872 possimus
760 5820 774 5857 :
800 5803 928 5858 dum
949 5819 1056 5858 non
1076 5803 1887 5872 Chirodocastra,porcorumve

311 5894 551 5956 stabula.
580 5897 671 5950 scd
705 5897 970 5955 hactenus
1001 5896 1202 5954 invicta
1230 5895 1667 5954 Christianorum
1686 5909 1886 5962 propu-

1977 4701 2246 4757 ‘l‘ltracica
2276 4701 2660 4758 Cherronesus
2685 4699 2856 4754 instar
2905 4699 3106 4766 linguai
3135 4713 3196 4752 se
3219 4695 3454 4768 porrigit
3499 4695 3557 4750 in

1979 4795 2227 4866 Egmttm
2256 4809 2428 4855 mare.
2458 4803 2570 4849 tam
2611 4801 2843 4864 angusto
2868 4798 3030 4846 terrae
3059 4788 3400 4844 continentis
3431 4803 3557 4858 spa-

1977 4885 2054 4940 tio
2077 4921 2094 4948 ,
2117 4898 2214 4939 sex
2245 4892 2454 4938 tantum
2487 4893 2548 4937 ut
2575 4881 2898 4937 milliaribus
2930 4878 3135 4935 Graecis
3164 4878 3329 4934 distet
3357 4876 3562 4934 Helles-

1979 4986 2180 5046 pontus
2230 4989 2261 5029 a
2295 4976 2418 5030 sintt
2445 4973 2764 5043 Magarisio,
2812 4972 2908 5042 qui
2961 4978 3046 5027 est
3083 4970 3154 5024 ab
3187 4971 3359 5025 altera
3390 4970 3560 5039 Cher-

1981 5067 2160 5125 ronesi
2188 5078 2343 5139 parte
2369 5084 2382 5122 :
2415 5068 2612 5137 quibus
2642 5081 2793 5123 asex
2812 5063 3324 5121 milliaribusetiam
3349 5063 3558 5120 dictum

1981 5169 2066 5217 est
2098 5159 2462 5217 Hexamilinm
2498 5158 2846 5226 Cherronesi,
2888 5173 2984 5213 sex
3015 5157 3395 5215 tantummodo
3436 5155 3558 5209 mil-

1982 5253 2218 5310 liarihus
2251 5253 2456 5309 Gmcis
2481 5267 2511 5306 a
2557 5251 2845 5322 Calliupoli
2875 5251 3133 5308 dissitum
3163 5267 3179 5304 :
3225 5257 3284 5303 ut
3317 5249 3555 5302 alterum

1981 5347 2254 5410 celebrius
2291 5345 2425 5400 illud
2455 5345 2818 5400 Hexamilinm
2852 5340 3404 5399 lsthmi.Coriutltiaci
3431 5340 3560 5394 toti-

1984 5441 2106 5496 dem
2137 5437 2358 5508 patetin
2409 5436 2756 5493 latitudinem
2809 5436 3162 5496 milliaribus.
3203 5443 3259 5488 et
3295 5432 3558 5500 utrinque

1983 5531 2204 5603 gemino
2234 5530 2490 5588 similiter
2521 5544 2552 5584 a
2589 5530 2727 5584 mari
2751 5528 2994 5586 alluitur.
3031 5526 3158 5597 Begi
3204 5524 3555 5589 vocabulum,

1983 5619 2129 5686 quod
2168 5617 2256 5671 hic
2286 5616 2416 5672 Edzi
2445 5616 2666 5672 cuidam
2696 5631 2762 5672 ex
2797 5616 3121 5686 proceribus
3172 5612 3422 5668 ancicis
3460 5613 3560 5668 tri-

1984 5707 2194 5773 bnitur,
2246 5707 2585 5777 interpretati
2615 5706 2726 5776 jam
2785 5715 3146 5761 autesumus.
3199 5702 3316 5758 Hoc
3346 5713 3559 5757 tantum

1987 5801 2158 5856 lector
2189 5800 2469 5865 observet,
2527 5800 2811 5872 planitiem
2871 5798 3268 5864 Bolairensem,
3306 5796 3424 5864 sive
3456 5794 3562 5852 Bo-

1995 5893 2286 5956 let'enscm,
2323 5899 2382 5949 ut
2414 5900 2612 5960 praetor
2641 5904 2819 5958 vocat,
2846 5890 3101 5962 deinceps
3137 5888 3280 5960 apud
3345 5885 3555 5941 Tttrcos
