4018 6422
257 345 362 404 75'!

1417 355 1819 419 PANDECTE
1859 361 2059 424 I-IIST.
2091 363 2395 426 TUBCIC.

3403 374 3511 434 758

259 461 337 513 sis
363 455 529 511 etiam
589 457 795 525 posteri
867 458 1069 514 rectius
1124 460 1408 519 Eurenosii
1444 466 1524 519 vel
1557 466 2130 541 EurenesiiAnosmr
2194 473 2347 537 facit,
2404 492 2513 545 quo
2574 476 2693 532 loro
2753 492 2939 534 narrat
2999 479 3237 536 Venetiis
3280 485 3507 538 missum

262 552 627 610 vocabuntur,
663 566 826 619 quam
869 552 1135 611 Ebrenes.
1196 554 1452 611 Turchau
1480 560 1648 630 begus
1677 559 1837 614 Chal-

264 644 576 714 cocondylrc
626 639 978 700 Turacltanes
1037 648 1369 703 nominatur.
1424 649 1619 705 Nostra
1682 664 1838 707 :rtate

268 738 477 792 nullam
504 736 694 789 horum
745 745 901 791 extra
951 736 1275 793 Malcozzios
1332 749 1386 795 et
1441 740 1836 812 Micbalogiios,

274 832 596 885 mentionem
636 828 984 884 invenimus:
1009 841 1062 885 et
1087 834 1557 903 Mit-halogiiorum
1590 852 1719 889 sane
1753 851 1840 890 rc-

275 923 587 983 centiorem,
620 936 684 975 ex
706 923 908 991 quibus
936 924 1224 981 Acbmctes
1259 927 1507 980 Acanziis
1534 928 1748 996 praefuit
1783 929 1837 983 in

271 1017 511 1071 exercitu
540 1017 885 1078 Soleimanis.
916 1020 980 1072 ad
1014 1020 1367 1075 obsidendam
1397 1022 1657 1078 Viennam
1676 1024 1841 1094 proﬁ-

265 1108 794 1162 ciscentis.Casanen
820 1126 946 1163 vero
966 1110 1363 1181 Micbaloglium
1386 1114 1624 1169 triennio
1644 1125 1765 1185 post
1782 1115 1837 1171 in

264 1198 353 1251 bis
371 1198 665 1252 annalibus
689 1200 1036 1267 expeditione
1081 1201 1408 1258 Soleimanis
1445 1205 1614 1261 altera
1650 1214 1840 1260 contra

263 1288 595 1360 Germanos,
616 1307 643 1343 a
660 1294 863 1349 nostris
876 1310 1098 1360 caesum,
1116 1298 1324 1370 magnis
1341 1312 1465 1352 cum
1483 1296 1679 1368 capiis,
1712 1296 1840 1366 legi-

167 1443 173 1449 ν
262 1399 313 1437 ιιι
323 1398 409 1438 us.

407 1477 501 1534 '28.
543 1477 807 1540 Dimotuc.
840 1479 1155 1550 Burgosine.
1186 1483 1408 1556 Bergae,
1434 1486 1698 1559 Plagiari.

334 1572 393 1625 lu
428 1571 631 1626 vicinia
666 1572 891 1628 Tzuruli
922 1574 987 1628 de
1017 1591 1122 1644 qua
1153 1578 1382 1641 dictum.
1407 1577 1838 1652 Didymotichnm

258 1676 466 1736 praetor
496 1681 617 1721 cum
653 1667 777 1721 aliis
819 1669 1076 1737 oppidum
1117 1672 1293 1735 ponit,
1324 1670 1488 1745 412
1536 1689 1565 1727 a
1602 1674 1838 1743 geminis

258 1759 439 1813 Iniuria
467 1759 548 1815 sic
600 1761 955 1827 appellatum,
994 1759 1191 1815 Turcis
1248 1763 1493 1817 mutilate
1534 1761 1789 1818 Dimdtuc
1821 1780 1836 1818 :

1943 560 2110 617 fuisse.
2153 563 2682 635 ConsMutinopolim
2742 585 2945 623 novum
2998 567 3325 626 Exusiastcu
3367 575 3509 643 (quo

1943 656 2162 709 nomine
2215 656 2552 725 signiﬁcatur
2601 661 2646 716 is
2696 661 2897 731 quiest
2921 678 3047 719 cum
3098 676 3388 735 potestate,
3446 686 3510 722 ac

1940 747 2385 816 iurisdictionem
2433 754 2687 820 exercet)
2738 770 2900 824 quem
2950 757 3077 826 ipsi,
3121 759 3216 823 ait,
3270 759 3513 815 Potesta-

1943 847 2054 892 lum
2112 844 2411 898 nominant.
2454 843 2588 899 Cadi
2639 862 2770 902 vero
2811 848 3068 913 Leschcr,
3126 853 3242 907 sive
3289 851 3508 919 [.osker,

1943 931 2214 1001 signiﬁcat
2239 933 2473 1001 judicem
2518 952 2860 1006 supremum,
2885 942 2975 1009 qui
3018 943 3257 999 Arabum
3292 945 3510 999 Mauru-

1942 1039 2176 1092 run-que
2200 1026 2380 1095 lingua
2404 1028 2604 1083 dicitur
2635 1030 2767 1085 Cadi
2800 1032 2972 1088 Asker
3001 1052 3018 1088 :
3049 1051 3154 1104 qua
3175 1052 3308 1091 voce.
3330 1039 3512 1092 solent

1945 1116 2046 1169 uti.
2073 1119 2164 1184 qui
2184 1118 2502 1188 elegantius
2526 1122 2848 1190 loquuntur,
2890 1126 3082 1196 vulgus
3106 1127 3294 1181 altera.
3344 1128 3512 1185 Erant

1942 1217 2123 1261 autem
2152 1210 2307 1279 prius
2360 1213 2411 1265 in
2462 1213 2733 1269 ttniverso’
2774 1216 3082 1273 Turcorum
3144 1219 3375 1289 imperio
3403 1222 3513 1274 duo

1942 1314 2150 1357 tantum
2181 1304 2576 1361 Cadilescberi.
2599 1306 2821 1363 Primus
2841 1309 3128 1375 Anatoliae,
3152 1312 3289 1367 alter
3310 1312 3512 1367 Rumo-

1943 1393 2049 1455 liae.
2089 1397 2190 1449 hoc
2231 1406 2316 1455 est
2366 1396 2646 1453 Romaniae
2690 1399 2773 1453 vel
2813 1399 3063 1469 Europae.
3099 1401 3202 1456 Sed
3242 1418 3271 1457 a
3315 1403 3513 1460 Selime

1943 1489 2123 1557 primo
2175 1489 2371 1545 tertius
2417 1492 2502 1546 his
2558 1491 2850 1561 adjunctus
2897 1493 3018 1559 fuit,
3084 1507 3206 1565 post
3258 1498 3513 1553 subactos

1944 1581 2171 1649 populos
2215 1583 2485 1651 principis.
2526 1584 2839 1644 Aladeulis.
2883 1596 2938 1642 et
2972 1588 3176 1644 sultani
3215 1589 3513 1654 Cairensis.

1945 1671 2193 1728 videlicet
2220 1672 2527 1745 Egyptios.
2558 1674 2748 1746 Syros,
2779 1678 2988 1734 Arabes
3023 1688 3079 1735 et
3128 1681 3513 1737 Armeniorum

1945 1776 2154 1829 partem
2189 1783 2202 1819 :
2239 1781 2356 1833 quae
2380 1769 2629 1836 regiones
2648 1784 2772 1823 cum
2799 1770 3068 1845 latissime
3094 1782 3331 1837 pateant,
3354 1776 3514 1828 etiam

259 1850 408 1917 quod
437 1851 651 1906 Nicetas
680 1852 872 1907 Latine
899 1868 1113 1919 versus,
1141 1854 1344 1908 Eurum
1378 1854 1604 1910 ﬂuvium
1630 1856 1838 1910 ambire
1866 1838 1914 1898 Β
1945 1854 2091 1908 tertii
2122 1855 2285 1927 hujus
2331 1856 2700 1919 Cadilescberi
2739 1838 2979 1917 ofﬁcium
3026 1865 3253 1931 majoris
3285 1874 3368 1921 est
3399 1883 3518 1919 mo-

261 1947 454 2005 tradit.
489 1961 591 2015 pro
631 1962 739 2013 quo
790 1948 1029 2001 scribere
1063 1947 1245 2002 debuit
1283 1949 1552 2014 interpres
1597 1948 1833 2003 Hebrum

259 2037 514 2103 ﬂuvium,
577 2039 736 2105 cujus
796 2055 993 2093 nomen
1061 2041 1112 2093 in
1148 2041 1424 2108 ,pluribus
1482 2043 1834 2099 historiarum

260 2129 578 2182 Cra-rarum
629 2130 765 2183 locis
810 2131 879 2184 ita
913 2143 1229 2200 corruptum
1290 2134 1579 2201 reperitur.
1643 2134 1836 2203 Oppidi

267 2221 537 2275 Dimotuci
575 2223 865 2291 appellatio
906 2238 974 2276 ne
1010 2224 1173 2278 hodie
1198 2226 1416 2292 quidem
1456 2234 1540 2279 est
1579 2225 1838 2289 obscura,

267 2313 569 2379 przesertim
601 2324 820 2383 propter
838 2315 1280 2383 elegantissimos
1314 2318 1587 2380 ttrcculos,
1642 2317 1735 2387 qui
1769 2318 1839 2372 ab

266 2404 458 2459 incolis
485 2404 769 2470 elaborati,
803 2422 928 2461 cum
957 2408 1062 2462 alia
1100 2409 1151 2461 in
1180 2410 1318 2468 loca.
1354 2419 1464 2463 tum
1495 2411 1659 2464 etiam
1701 2412 1841 2465 Cone

262 2498 672 2568 stantinopolim
703 2502 1089 2570 deportantur.
1127 2502 1317 2557 Solent
1353 2503 1498 2556 enim
1520 2518 1587 2558 ex
1617 2503 1698 2558 eis
1726 2510 1840 2558 tam

264 2592 383 2661 ipse
428 2589 733 2647 Turcorum
791 2594 1069 2654 sultanus.
1141 2610 1306 2663 quam
1372 2595 1464 2651 alii
1538 2604 1838 2666 magnates,

262 2700 465 2755 aquam
499 2684 741 2741 haurire.
787 2686 1230 2756 Didymotichum
1263 2689 1472 2743 novella
1506 2687 1708 2743 Leonis
1739 2688 1844 2741 lm-

262 2778 537 2849 poratoris
558 2777 1053 2847 TrajanOpolitanm
1074 2780 1276 2835 montis
1335 2779 1625 2851 Rhodopes
1645 2790 1845 2837 metro-

266 2868 378 2937 poli
408 2869 654 2936 subjicit.
680 2870 1027 2926 Andronicus
1059 2882 1243 2927 autem
1271 2870 1609 2944 l‘aIamIOgus
1646 2889 1844 2929 secun-

267 2961 378 3015 dus
409 2959 577 3023 huius
628 2961 868 3016 nominis
924 2962 1245 3030 imperator,
1302 2966 1372 3018 ab
1419 2965 1735 3035 episcopatu
1774 2964 1843 3019 ad

273 3054 594 3124 metropolis
624 3054 942 3118 dignitatem
1006 3056 1061 3111 in
1107 3056 1316 3126 synodo
1354 3057 1623 3125 provexit.
1650 3057 1848 3114 Vicina

264 3146 736 3217 Didymotieboest
754 3146 827 3201 Bu
838 3148 1081 3218 rgosine.
1104 3162 1228 3218 qua
1243 3148 1502 3204 Castaldo
1528 3147 1724 3220 Bergae
1737 3155 1845 3216 est,

262 3242 385 3297 aliis
408 3241 570 3309 vulgo
589 3242 814 3311 Bregas.
837 3241 1010 3311 magis
1024 3242 1431 3299 etiamvitiose.
1466 3241 1651 3300 Nostri
1683 3246 1854 3299 comi-

264 3343 351 3387 tes
380 3329 623 3396 Turcici,
648 3348 770 3386 cum
792 3332 919 3387 istic
945 3345 1217 3398 essemus,
1243 3332 1453 3403 Burgos
1472 3333 1846 3402 appellabant.

264 3421 819 3480 Gerardusblereator
836 3440 961 3481 cum
980 3424 1102 3481 aliis
1118 3440 1182 3480 ex
1201 3424 1399 3493 Bergas
1417 3423 1846 3496 facitBergulam

268 3524 324 3566 et
346 3514 600 3584 Bergolen
615 3515 913 3580 Ptolemaei.
942 3516 1234 3586 Bergulion
1260 3516 1507 3579 Cedrini,
1527 3516 1855 3573 ctArcadio~

273 3610 462 3679 polin).
490 3608 809 3667 Proximum
840 3611 909 3665 ab
930 3610 1369 3681 boe.oppidulum
1398 3625 1593 3666 versus
1620 3609 1849 3664 liadria-

268 3706 515 3774 nopolim
552 3707 711 3760 medii
742 3706 844 3760 diei
877 3707 1445 3777 distatitinere,quod
1472 3705 1614 3760 idem
1641 3704 1849 3760 Castal-

262 3799 686 3855 dusSitibabam
708 3802 971 3857 nominat.
993 3815 1165 3856 cuma
1212 3798 1410 3855 Turcis
1460 3798 1661 3852 nostris
1704 3796 1858 3852 Eski-

262 3894 401 3951 baba
425 3893 738 3948 diceretur:
768 3892 823 3946 id
848 3904 950 3952 ost.
973 3893 1117 3947 [laba
1141 3904 1317 3947 vetus.
1339 3890 1855 3945 Soleimancs‘bassa

267 4001 520 4044 mortuus
537 4002 606 4043 eo
626 4003 782 4052 casu,
808 3987 901 4056 qui
927 3987 1188 4041 recitatur
1211 3986 1263 4040 in
1294 3984 1606 4042 annalibus.
1636 3983 1688 4035 in
1719 3996 1859 4051 pago

272 4095 382 4134 non
428 4081 616 4147 procul
677 4094 706 4132 a
766 4078 1053 4148 Calliupoii
1075 4078 1331 4148 sepultus
1363 4079 1615 4141 traditur,
1636 4074 1722 4128 ιιιιί
1756 4088 1858 4127 no-

272 4189 397 4225 men
426 4170 683 4242 Plagiari.
716 4171 793 4225 De
820 4179 1177 4226 monumento
1222 4178 1403 4223 tamen
1432 4168 1552 4237 ejus
1579 4168 1711 4221 nihil
1732 4168 1856 4221 istic

271 4264 663 4328 intelleximus,
682 4263 811 4320 licet
838 4266 904 4318 ad
930 4263 1280 4330 Calliupolim
1302 4275 1541 4332 quatuor
1561 4263 1673 4315 fere
1690 4261 1858 4331 septi.

272 4359 455 4414 arenis
472 4358 826 4413 hmeremus.
840 4355 1258 4413 Observandum
1276 4355 1329 4408 in
1347 4355 1638 4409 annalibus
1653 4361 1861 4411 mortu-

272 4467 367 4505 um
390 4449 535 4502 hunc
565 4447 930 4503 Soleimanem
945 4446 1160 4500 duobus
1177 4454 1305 4499 ante
1322 4453 1525 4515 patrem
1550 4442 1857 4499 Urchanem

1943 1947 2112 2000 menti
2137 1964 2297 2021 quam
2341 1950 2703 2020 reliquorum.
2746 1952 2960 2009 [labent
2988 1966 3172 2025 autem
3227 1959 3515 2026 imperium

1943 2036 2312 2094 Cadilescberi
2365 2050 2593 2097 caeteros
2659 2044 2711 2097 in
2765 2046 2955 2099 radios
3009 2049 3124 2102 sive
3176 2050 3413 2117 jndiccs.
3465 2060 3519 2103 ιιι

1945 2124 2200 2192 lloggias,
2240 2139 2294 2185 et
2350 2127 2695 2187 Talismanos
2735 2150 2746 2184 :
2789 2135 2936 2189 velut
2978 2137 3117 2203 apud
3157 2152 3256 2191 nos
3295 2141 3396 2191 sub
3434 2141 3517 2206 ju-

1945 2215 2259 2273 risdirtione
2287 2220 2851 2293 archiepiscoporum,
2883 2227 3143 2295 episcopi,
3191 2231 3514 2299 presbyteri,

1945 2307 2185 2376 diaconi,
2237 2313 2608 2368 continentur.
2669 2314 2835 2371 Iidem
2893 2327 2948 2371 et
3009 2319 3344 2376 Cadilicatus
3405 2322 3518 2375 sive

1943 2398 2187 2469 judicum
2249 2401 2423 2473 otiicia
2460 2403 2833 2474 (Potestarias
2861 2408 2977 2463 Itali
3006 2410 3240 2478 vox-aut)
3288 2412 3519 2465 arbitra—

1949 2500 2003 2544 tu
2031 2507 2132 2545 suo
2156 2492 2410 2549 conlerrc
2437 2496 2636 2563 solent,
2669 2498 2767 2555 sed
2791 2514 2852 2552 ea
2887 2498 3004 2567 lege
3057 2510 3261 2565 tamen,
3294 2509 3354 2557 ut
3391 2518 3520 2558 con-

1949 2582 2124 2636 stituti
2179 2583 2249 2638 ab
2297 2584 2431 2653 ipsis
2472 2586 2693 2655 judiccs
2738 2603 2769 2645 a
2835 2590 3054 2645 sultano
3106 2590 3523 2648 conﬁrmentur.

1948 2674 2271 2733 Audendum
2307 2679 2514 2743 ethoc,
2542 2679 2682 2735 duos
2705 2679 2831 2736 illos
2864 2683 3070 2757 primos
3091 2683 3307 2751 iudices
3347 2685 3523 2755 majo-

1950 2781 2040 2821 res
2062 2766 2338 2837 accepisse
2360 2768 2573 2826 Turcos
2598 2788 2626 2825 a
2651 2772 2878 2838 Graecis,
2910 2790 3143 2843 quorum
3187 2775 3286 2845 (uti
3316 2774 3521 2832 dictum

1951 2858 2174 2930 sepius)
2228 2861 2468 2929 aemulati
2516 2874 2643 2919 sunt
2696 2864 2909 2935 imperii
2969 2874 3208 2920 veterem
3268 2866 3523 2923 formam.

1953 2950 2166 3021 Quippe
2201 2952 2377 3009 Graeci
2405 2954 2569 3009 etiam
2613 2957 2860 3013 Dicastas
2889 2957 3005 3012 sive
3022 2958 3235 3029 judices
3267 2960 3528 3016 Anatoles

1954 3053 2007 3097 et
2056 3042 2295 3101 llelladis
2335 3045 2629 3103 habebant.
2655 3050 2914 3119 Adeoque
2949 3066 3143 3121 magna
3179 3050 3350 3106 fuisse
3372 3051 3525 3109 iam:

1955 3134 2129 3189 oiliria
2163 3137 2245 3190 vel
2266 3152 2329 3192 ex
2353 3154 2420 3192 eo
2449 3147 2624 3210 paret,
2650 3140 2799 3209 quod
2820 3141 3139 3210 imperatrix
3160 3142 3269 3197 Zoe
3287 3141 3522 3211 iudicem

1959 3226 2275 3282 Grecorum
2330 3226 2523 3285 fecerit
2597 3230 3020 3287 Constantinum
3088 3232 3527 3294 Monomacbum,

1959 3320 2045 3373 cui
2077 3330 2260 3379 tamen
2287 3337 2395 3376 non
2428 3323 2599 3378 multo
2626 3330 2749 3393 post
2779 3322 2893 3403 ipsa
2940 3324 3144 3394 nupsit,
3200 3334 3256 3383 et
3283 3339 3383 3395 per
3432 3340 3536 3381 nu-

1959 3414 2101 3481 ptias
2125 3414 2416 3483 imperium
2441 3416 2685 3482 tradidit,
2716 3416 2860 3472 sicut
2887 3417 2942 3470 in
2971 3417 3092 3488 ejus
3122 3418 3234 3473 vita
3265 3416 3536 3474 Cedrinus

1958 3506 2197 3573 scripsit.
2236 3505 2382 3559 Idem
2454 3507 2508 3561 in
2575 3506 3048 3576 Paralipomenis,
3108 3526 3231 3580 qua:
3299 3510 3531 3565 necdum

1962 3597 2225 3653 habemus
2250 3598 2418 3661 edita,
2460 3598 2663 3667 judicia
2707 3600 2965 3655 Hellados
3011 3601 3155 3668 (qua
3189 3600 3397 3655 Graecia
3426 3600 3546 3671 est}

1960 3704 2025 3743 ac
2054 3689 2432 3759 Peloponnesi,
2468 3701 2726 3761 tanquam
2752 3705 2951 3760 magno
2976 3692 3185 3761 ιιι-εειιίιί
3209 3690 3386 3747 cilicio
3411 3694 3528 3747 sive

1959 3780 2241 3846 dignitate,
2274 3780 2549 3839 meminit.

2102 3871 2193 3926 50.
2224 3871 2471 3935 Scachiu,
2500 3871 2591 3931 Sis
2616 3872 2886 3943 oppidum,
2925 3874 3150 3928 Meritza
3181 3876 3398 3943 ﬂumen.

2032 3965 2133 4030 Qui
2175 3964 2375 4019 Turcis
2417 3967 2507 4020 hic
2547 3967 2674 4023 Lala
2730 3967 2987 4030 Scachin,
3043 3967 3288 4024 Laonico
3339 3968 3534 4023 Saiues

1960 4066 2215 4112 vocatur.
2250 4058 2315 4112 Et
2362 4060 2619 4127 praedicat
2656 4075 2779 4116 eum
2829 4061 2985 4115 valde
3039 4060 3332 4125 Laonicns,
3388 4062 3534 4129 opti-

1965 4168 2225 4221 mumque
2256 4153 2436 4206 virum
2461 4153 2718 4222 appellat.
2749 4150 3012 4217 Quantam
3044 4166 3172 4207 vero
3198 4154 3270 4207 sit
3298 4154 3386 4208 illa
3419 4152 3535 4217 Sis,

1968 4247 2128 4316 cujus
2156 4257 2333 4312 capta:
2363 4243 2423 4299 tit
2446 4246 2652 4303 mentio
2682 4246 2996 4301 videndum.
3025 4244 3187 4301 Ponit
3217 4245 3417 4301 Marius
3442 4246 3540 4299 Ni-

1962 4352 2057 4408 ger
2100 4338 2154 4391 in
2182 4335 2415 4393 Thracia
2457 4337 2806 4405 Sissopoiim,
2856 4353 2979 4407 quae
3018 4339 3150 4393 olim
3193 4338 3336 4405 dicta
3380 4336 3543 4392 fuerit

1963 4429 2285 4498 Apollonia;
2347 4429 2503 4497 ponit
2531 4439 2586 4483 et
2611 4427 2838 4483 Proetus
2886 4430 2939 4483 in
2984 4430 3303 4485 Macedonia».
3360 4431 3543 4484 Sisso-

272 4541 562 4598 mensibus
592 4561 604 4593 :
630 4542 717 4593 cui
743 4541 887 4594 lilius
914 4539 1151 4592 Murates
1168 4546 1295 4592 natu
1322 4537 1521 4600 minor,
1547 4552 1652 4590 non
1687 4536 1848 4591 Solei‘

1968 4523 2157 4594 polim,
2184 4537 2308 4590 qua:
2343 4522 2620 4576 veteribus
2649 4519 2813 4575 fuerit
2880 4522 3175 4589 Apollonia.
3224 4519 3543 4573 Taulantio-

278 4649 470 4690 nraues
486 4633 775 4688 successit.
794 4630 927 4685 Nam
946 4630 1192 4701 plerique
1208 4629 1569 4684 Soleimauem
1584 4634 1729 4682 inter
1747 4629 1858 4684 sul-

280 4735 443 4781 tanos
463 4725 731 4790 referunt,
760 4735 813 4779 et
834 4725 1071 4793 primum
1107 4722 1273 4790 hujus
1302 4722 1544 4776 nominis
1572 4722 1804 4776 faciunt.

349 4816 440 4873 29.
460 4816 707 4885 Bclezng,
734 4815 943 4882 Chelili,
964 4814 1321 4879 Cadilesclter,
1353 4825 1403 4868 et
1440 4813 1571 4870 Οτιάὶ
1589 4812 1769 4869 Asker.

358 4909 618 4980 Belcztnga
654 4909 810 4963 locus
832 4918 915 4963 est
946 4908 1234 4968 Anatoliae.
1275 4907 1364 4962 cui
1390 4922 1589 4962 nomen
1635 4922 1664 4960 a
1697 4923 1860 4976 qner—

273 5013 421 5059 Ct'lO.
450 5002 562 5070 Sig:
590 5002 736 5054 ilicat
761 5002 907 5055 enim
944 5016 1047 5054 vox
1077 5001 1190 5068 ipsa
1225 5000 1473 5054 novellas
1511 5015 1771 5068 quercus,
1801 5008 1856 5053 ut

273 5097 605 5150 adnotatum
633 5108 821 5162 supra,
847 5106 1079 5146 numero
1126 5092 1212 5146 l9.
1248 5090 1517 5144 Zendetlu
1573 5090 1746 5145 Cbelil
1782 5098 1865 5142 est

275 5192 334 5242 is
395 5186 490 5254 qui
553 5185 702 5241 edito
757 5183 1210 5252 Chalcccondylae
1268 5192 1523 5253 corrupta
1590 5185 1861 5251 scriptura

273 5278 531 5331 Chatites
556 5275 883 5346 appellatur,
926 5291 1024 5345 pro
1070 5274 1328 5341 Chaiiles,
1370 5275 1514 5343 quod
1563 5275 1611 5327 ei
1668 5287 1863 5326 nomen

274 5378 372 5423 est
407 5368 549 5436 apud
581 5369 898 5439 Gregoram.
948 5369 1023 5423 Ex
1071 5384 1138 5424 eo
1185 5369 1277 5438 qui
1321 5365 1494 5421 Halim
1532 5367 1660 5420 facit
1693 5366 1864 5419 inter-

276 5476 415 5532 pres
464 5461 711 5525 Laonici,
780 5474 969 5516 errat:
1004 5477 1132 5515 cum
1177 5460 1389 5514 diversa
1447 5462 1604 5528 plane
1642 5458 1866 5511 nomina

286 5553 401 5609 sint
422 5551 673 5607 Cltvlilet
695 5554 800 5607 Ali.
833 5553 944 5608 Vos
986 5554 1119 5607 Cadi
1152 5551 1349 5607 Turcis
1374 5551 1615 5620 jutlicem
1658 5549 1868 5619 signiﬁ-

286 5655 401 5712 cat,
430 5648 524 5717 qui
550 5647 616 5701 de
642 5648 826 5702 causis
853 5644 1184 5713 litigantium
1209 5644 1394 5713 aliquo
1423 5642 1479 5697 in
1513 5641 1734 5712 oppido,
1784 5642 1869 5695 vel

292 5741 452 5801 urbe,
496 5741 576 5793 vel
611 5739 890 5810 provincia
916 5737 1215 5807 cognoscit.
1250 5736 1309 5791 In
1357 5735 1509 5790 italia
1540 5742 1869 5804 potestatum

292 5843 537 5901 vocant,
594 5832 750 5902 cujus
803 5832 963 5888 cilicii
1024 5830 1354 5886 mentionem
1407 5836 1604 5901 prmtor
1651 5826 1873 5883 Grzeciu:

1970 4631 2114 4669 rum.
2148 4612 2339 4669 Utrius
2361 4615 2432 4668 sit
2451 4613 2636 4682 opinio
2665 4612 2886 4676 melior,
2937 4612 3040 4679 ipsi
3080 4610 3334 4664 viderint.
3374 4608 3538 4677 Equi-

1964 4708 2088 4763 dem
2114 4715 2369 4761 neutram
2449 4707 2641 4763 barum
2678 4705 2857 4773 accipi
2910 4703 2976 4759 de
3005 4701 3095 4757 Sis
3128 4702 3328 4772 Oppido
3384 4715 3544 4769 posse

1966 4810 2119 4872 puto,
2170 4815 2295 4854 cum
2344 4799 2649 4869 Sissopolis
2699 4797 2948 4855 Thraciae
2999 4811 3195 4850 versus
3246 4792 3542 4859 Euxinum,

1967 4893 2112 4949 hami
2153 4892 2344 4959 procul
2368 4892 2436 4946 ab
2457 4890 2743 4953 Anchiale,
2786 4905 2946 4958 quam
2979 4903 3129 4943 nunc
3158 4888 3364 4945 Achelo
3391 4886 3540 4941 Crte-

1966 4984 2014 5036 ci
2075 4992 2272 5036 vocant
2320 4983 2654 5036 collocetur:
2723 4978 3036 5035 Macedonia
3099 4994 3229 5035 vero
3286 4979 3545 5033 remotior

1967 5078 2128 5131 etiam
2158 5077 2231 5129 sit
2253 5077 2320 5129 ab
2346 5076 2451 5130 illis
2477 5076 2633 5139 locis,
2653 5090 2775 5143 quae
2795 5073 2922 5128 huic
2943 5059 3191 5142 proxima
3209 5081 3546 5130 statuuntur,

1968 5171 2231 5227 nimirum
2277 5185 2305 5223 a
2354 5166 2593 5223 Tzurulo
2660 5178 2715 5222 et
2768 5167 3094 5236 Burgosine.
3151 5168 3333 5222 Restat
3384 5168 3552 5235 igitur

1971 5272 2027 5315 ut
2052 5261 2199 5315 aliud
2226 5260 2309 5314 bis
2331 5259 2562 5314 vicinius
2587 5258 2846 5326 oppidum
2897 5273 3232 5327 quaeramus,
3261 5259 3405 5326 quod
3463 5256 3550 5310 Sis

1970 5353 2251 5407 annalium
2310 5352 2399 5406 sit.
2457 5350 2571 5404 Hoc
2626 5366 2755 5404 vero
2788 5350 2941 5403 nobis
3004 5359 3272 5403 monstrat
3329 5348 3552 5402 Gnrciae

1970 5454 2173 5516 pra-tor
2201 5460 2321 5498 esse
2343 5442 2585 5506 Cissum,
2618 5458 2727 5495 non
2761 5445 2950 5512 procul
2989 5458 3018 5496 a
3067 5439 3308 5495 Tzurulo
3364 5441 3550 5501 situm,

1971 5539 2115 5593 sicut
2135 5552 2200 5590 ex
2235 5536 2320 5589 his
2346 5533 2529 5588 verbis
2554 5533 2675 5602 ejus
2703 5543 2961 5603 apparet:
3035 5532 3191 5602 Cepit
3259 5534 3556 5602 imperator

1973 5628 2141 5701 413
2166 5627 2406 5683 Joannes
2430 5625 2610 5680 Ducas
2635 5624 2884 5680 Vatatzcs
2916 5635 2971 5679 et
2995 5624 3215 5679 Cissqu
3246 5626 3555 5687 castellum,

1975 5731 2031 5776 et
2052 5735 2226 5792 usque
2280 5719 2346 5771 ad
2394 5733 2518 5773 eum
2546 5716 2795 5779 ﬂuvium,
2840 5732 3004 5787 quem
3033 5716 3225 5786 vulgus
3273 5716 3569 5771 Ilaritzam.

1975 5825 2153 5882 vocat,
2226 5813 2427 5871 limites
2452 5811 2748 5868 tonsutuit.
2778 5810 2989 5867 Potitus
3017 5823 3089 5866 ρει
3137 5824 3188 5866 ct
3220 5819 3402 5866 tuontc
3457 5807 3553 5867 'I'u;
