4018 6442
513 374 618 438 759
1719 386 2085 445 JOANNIS’l

2192 375 2537 445 meum
3670 383 3804 445 τεο

510 508 675 556 uano,
702 501 752 546 et
779 492 1092 561 Oppidulum
1129 495 1180 547 itt
1223 510 1288 548 eo
1309 496 1550 551 condidit
1591 519 1601 549 :
1636 515 1744 564 quo
1796 498 2078 555 Nicolaum
2113 510 2150 560 Α
2187 500 2364 566 panis,
2401 499 2493 567 qui
2537 500 2579 553 ἡ
2639 498 2904 562 scribunt,
2941 495 3214 551 familiari.
3245 494 3388 550 inter
3438 494 3804 564 metropoies

508 586 796 638 Cotertzcu
829 587 1121 653 ablegavit,
1151 599 1206 641 ut
1241 589 1503 644 excubias
1543 591 1738 644 ibidem
1771 603 1973 661 ageret,
2028 604 2083 647 et
2185 592 2267 645 vel
2299 591 2809 660 archiepiscopatus
2849 589 3094 644 Thracia:
3143 588 3378 643 relertur
3431 588 3500 641 ab
3532 589 3804 655 impera-

515 676 721 730 Latinis
749 678 888 730 intra
919 676 1216 732 Tzurulum
1241 681 1561 750 degentibus
1585 685 1799 752 negotia
1848 685 2082 742 facesse—
2185 695 2305 740 tore
2328 683 2508 740 Leone
2536 685 2588 738 in
2608 682 2825 738 Novella
2866 681 2934 736 de
2966 682 3222 736 Thronis.
3262 677 3512 750 Virgilius
3567 688 3625 733 et
3687 680 3801 733 alii

515 778 626 822 n-t:
660 772 800 833 quod
831 771 1050 838 quidem
1072 774 1328 840 Oppidum
1349 774 1570 829 Tzuruli
1601 793 1708 831 non
1733 793 1927 848 magno
1951 790 2084 833 teut-
2185 775 2386 831 .Enum
2407 777 2474 830 ab
2502 776 2675 830 Enea
2737 784 2859 846 post
2881 775 3163 830 excidium
3201 772 3381 842 Trojte
3405 771 3700 827 conditam
3729 770 3800 824 in

513 875 642 926 pore
673 861 953 930 interiecto
976 861 1236 918 Romanis
1262 882 1290 918 a
1311 869 1483 936 copiis
1505 869 1555 922 in
1575 878 1892 938 potestatem
1923 871 2083 925 reda-
2186 867 2440 934 Thracia,
2465 869 2651 937 sicque
2691 869 3020 922 nominatam
3041 866 3109 920 ab
3127 865 3314 919 eodem
3363 872 3614 918 narrant.
3635 860 3807 916 Pro—

511 961 656 1004 ctum
685 951 805 1007 luit.
841 952 1051 1018 Quibus
1079 955 1132 1008 in
1163 955 1342 1009 verbis
1371 957 1546 1012 obiter
1561 970 1613 1013 et
1638 959 1874 1015 Μαι-ειη
1900 961 2081 1014 llumi-
2184 961 2516 1032 pterIEnum
2535 961 2732 1016 ﬂuvius
2755 960 2973 1014 Mcritza
2999 959 3078 1013 vel
3109 956 3315 1012 llebrus
3339 957 3392 1011 in
3417 971 3569 1011 mare
3593 965 3807 1011 semet

510 1043 596 1097 nis
619 1046 825 1098 mentio
864 1045 940 1108 lit,
979 1045 1122 1116 quod
1151 1047 1331 1100 statim
1365 1049 1450 1102 hic
1505 1051 1555 1103 in
1586 1051 1886 1107 Annalibus
1919 1055 2079 1109 etiam
2185 1064 2468 1119 exenterat,
2501 1053 2578 1108 uti
2613 1054 2770 1124 paulo
2791 1062 2916 1107 ante
2945 1053 3152 1106 dictum
3194 1066 3256 1104 ex
3286 1059 3517 1119 praztore
3551 1055 3805 1103 nostra.

1719 375 2537 449 JOANNIS’LEUNCLAWI

509 1137 797 1204 reperitur,
861 1131 996 1193 et'a
1052 1138 1246 1194 Ttncis
1313 1141 1530 1196 Meritza
1571 1145 1902 1199 nominatur.
1975 1146 2078 1201 Sed

509 1231 895 1298 pra-torpauio
922 1232 1205 1300 post.haec
1243 1233 1310 1286 de
1365 1232 1592 1289 Maritza
1644 1238 1899 1306 subjicit:
1947 1241 2079 1294 «Alii

509 1319 666 1375 sedes
715 1325 1122 1396 constituebant
1174 1342 1366 1383 versus
1423 1328 1708 1385 inferiores
1779 1344 1977 1400 partes,
2029 1341 2082 1386 ct

508 1429 634 1468 eum
662 1413 909 1479 ﬂuvium,
933 1433 1094 1487 quem
1118 1420 1298 1490 lingua
1324 1421 1586 1492 vulgaris,
1617 1434 1672 1477 ut
1698 1435 1853 1479 antea
1874 1425 2078 1480 dictum

509 1519 614 1569 est,
671 1506 951 1563 Maritzam
997 1522 1172 1567 vocat.
1214 1531 1233 1565 ι
1267 1513 1475 1584 Reapse
1503 1515 1718 1586 quidem
1769 1517 1815 1571 is
1872 1515 2082 1572 Hebrus

511 1602 707 1666 estqui
738 1617 926 1656 versus
950 1600 1150 1657 Enum
1203 1605 1463 1674 oppidum
1524 1622 1844 1673 excurrens,
1880 1609 2078 1663 ibidem

510 1691 566 1742 in
603 1688 848 1760 [ligatum
883 1707 942 1746 se
979 1694 1200 1763 pelagus
1231 1695 1479 1750 effundit.
1525 1696 1630 1751 Sed
1658 1698 1783 1768 quia
1815 1713 1939 1752 cum
1979 1699 2082 1754 hoc

510 1789 566 1834 et
595 1781 684 1833 alii
711 1795 768 1835 se
791 1782 1128 1852 conjtmgunt
1157 1799 1368 1848 attines.
1420 1801 1485 1840 ac
1517 1785 1777 1857 majorem
1817 1785 2079 1849 eﬂiciunt,

513 1871 726 1929 idcirco
757 1890 954 1931 nomen
999 1878 1159 1932 etiam
1193 1878 1334 1948 apud
1371 1879 1586 1935 accolas
1634 1889 1825 1934 mutat.
1883 1880 2086 1934 Flumi-
2116 1869 2156 1924 Β

517 1981 586 2019 na
619 1980 768 2030 vero,
803 1983 923 2037 quae
955 1979 1154 2039 praetor
1175 1972 1242 2024 ab
1272 1971 1449 2027 Hebro
1485 1972 1600 2027 sive
1634 1971 1856 2027 Maritza
1912 1973 2081 2043 recipi

515 2071 935 2129 commemorat,
962 2063 1064 2118 alia
1097 2078 1202 2118 non
1230 2075 1314 2120 est
1367 2080 1591 2120 necesse
1620 2065 1916 2128 recenseri,
1941 2066 2082 2134 quod

513 2152 762 2210 Turriois
792 2158 990 2211 noswis
1015 2157 1354 2214 illustraudis
1382 2175 1488 2213 non
1525 2159 1803 2225 serviant;
1845 2160 1938 2214 sed
1975 2161 2084 2215 duo

516 2256 725 2302 tantum
759 2251 1031 2318 prtetcr‘re
1062 2251 1278 2306 silentio
1305 2267 1411 2304 non
1453 2267 1693 2320 possum,
1719 2266 1838 2320 quae
1857 2249 2080 2305 Hadriae

514 2341 695 2408 nopoli
725 2357 782 2395 se
807 2342 858 2395 in
894 2343 1134 2396 llebrttm
1171 2353 1494 2398 exonerant.
1521 2342 1698 2399 Unius
1745 2343 1950 2398 ﬂuvioli
1983 2359 2082 2398 no-

516 2448 637 2486 men
659 2440 742 2486 cst
772 2431 970 2498 ilarda,
1008 2449 1108 2487 nec
1141 2434 1292 2498 olim,
1326 2449 1428 2488 nec
1459 2435 1622 2491 hodie
1650 2435 1916 2491 celebris:
1952 2437 2084 2490 alte-

515 2525 629 2579 rius
695 2524 898 2589 Tunsa,
953 2524 1112 2594 cujus
1179 2525 1432 2580 faciunda
1491 2525 1595 2580 fuit
1656 2527 1880 2591 mentio,
1939 2525 2079 2596 quod

515 2615 983 2685 Chalcocondyles
1025 2630 1168 2685 sirpe
1193 2615 1482 2672 Taznarum
1526 2617 1788 2679 nominet.
1822 2618 1966 2672 sicut
2013 2633 2080 2672 ex

512 2709 622 2763 vita
663 2707 1021 2765 Muchemetis
1078 2707 1144 2774 ll,
1207 2724 1365 2780 quem
1428 2707 1812 2779 liadrianopoli
1879 2709 2082 2781 regiam

513 2801 699 2856 sedem
737 2803 874 2858 ultra
906 2802 1215 2868 Taenarum,
1249 2819 1356 2874 qua
1389 2801 1631 2860 Hebrum
1673 2805 1933 2870 illabitur,
1967 2820 2084 2858 mu-

517 2893 721 2950 nivisse
747 2893 1133 2960 scribit;etex
1166 2895 1408 2964 allegatis
1463 2909 1654 2965 supra,
1681 2911 1833 2951 num.
1857 2894 1950 2960 24,
2006 2895 2087 2948 vi-

513 2987 641 3041 dere
669 2996 771 3041 est.
809 2987 1018 3058 Quippe
1064 2987 1328 3044 Taenarus
1382 2987 1579 3047 ﬂuvius
1629 2989 1770 3045 idem
1827 2996 1910 3046 est
1957 3002 2082 3044 cum

510 3078 719 3140 ‘l‘unsa.
777 3079 1095 3149 videturque
1152 3096 1545 3150 nonnunquam
1617 3079 1828 3136 Taenari
1885 3095 2084 3135 nomen

518 3186 738 3227 manere
755 3171 988 3234 ﬂumini,
1005 3173 1208 3227 abolita
1228 3173 1391 3230 Hebri
1417 3174 1802 3243 appellatione,
1821 3175 1886 3230 ad
1912 3175 2082 3244 ipsam

516 3265 718 3319 :Enum
745 3279 922 3333 usque
948 3265 1248 3333 civitatem,
1281 3266 1370 3321 ubi
1400 3266 1538 3320 mari
1565 3263 1751 3338 Egmo
1799 3266 2030 3322 miscetu

521 3357 758 3411 Ilebrum
775 3357 1010 3425 denique
1035 3358 1274 3414 Valizam
1296 3374 1457 3413 nemo
1469 3368 1649 3424 vocat,
1671 3374 1769 3414 nec
1789 3357 2083 3425 Mazeratn,

518 3457 577 3502 ut
601 3449 988 3502 existimarunt
1014 3448 1269 3503 Nicolaus
1295 3448 1624 3516 Nicolaidcs,
1651 3461 1702 3504 et
1745 3450 2036 3506 Ogivat'ius.

856 3581 946 3636 5i.
985 3579 1182 3649 Ypsala
1222 3583 1465 3638 Thraciis
1493 3586 1762 3655 oppidum.

590 3699 718 3756 Post
774 3708 987 3767 captam
1051 3699 1494 3771 Didymotichum
1558 3701 1778 3756 tradunt
1822 3703 2084 3765 Annales.

523 3792 747 3846 Chazim
797 3791 934 3846 Elim
999 3792 1192 3862 begutn
1226 3808 1422 3848 versus
1453 3792 1707 3860 Ypsalam
1755 3809 1879 3848 cum
1915 3795 2087 3864 copiis

520 3885 845 3951 perrexisse.
884 3884 1022 3940 lluic
1073 3885 1280 3939 nomini
1334 3885 1673 3940 simillimum
1723 3895 1806 3942 est
1837 3887 2087 3957 Cypsala,

513 3977 661 4045 quod
691 3979 946 4049 oppidum
977 3979 1048 4034 ab
1079 3979 1352 4032 Antonino
1377 3978 1428 4032 in
1444 3978 1676 4034 Thracia
1697 3993 2090 4035 commemora-

516 4082 628 4141 tur.
666 4072 768 4126 Alii
793 4072 1028 4142 cypsella
1053 4071 1320 4131 scribunt,
1361 4072 1438 4124 uti
1474 4071 1673 4140 legitur
1700 4071 1861 4126 etiam
1891 4073 1944 4125 in
1981 4072 2089 4126 Νο-

518 4164 654 4219 Vella
677 4164 874 4218 Leonis
894 4165 1122 4236 Augusti
1141 4164 1206 4218 de
1226 4163 1483 4218 Throuis.
1504 4161 1623 4218 Non
1650 4164 1837 4233 procul
1861 4165 1931 4219 ab
1949 4165 2090 4220 Euo

520 4256 744 4311 civitate
765 4257 1086 4318 collocatur,
1111 4255 1178 4309 de
1205 4271 1312 4326 qua
1343 4270 1466 4311 mox
1488 4255 1684 4310 dioturi
1712 4270 1922 4310 sumus.
1947 4256 2093 4328 Chy-

519 4349 668 4416 psala
721 4348 1002 4418 Sophiano
1047 4349 1267 4412 dicitur,
1322 4347 1608 4419 Chapsilar
1671 4347 1934 4416 Bellonio,
1996 4350 2091 4420 qui

528 4442 674 4497 haud
744 4441 861 4498 scio
899 4455 968 4496 an
1030 4455 1140 4496 non
1209 4450 1377 4505 erret,
1431 4439 1796 4504 similitudine
1855 4442 2090 4498 nominis

516 4537 729 4606 Cltap=e
749 4535 834 4592 vel
869 4535 1127 4607 Chaphse
1175 4536 1460 4604 deceptus,
1522 4537 1616 4605 qui
1656 4535 1807 4592 vicus
1862 4535 2091 4606 exiguus

2189 1145 2468 1215 Principes
2498 1145 2794 1210 aliquando
2856 1143 3164 1199 Catelusios
3215 1141 3489 1198 Genuates
3547 1140 3802 1203 habuit.

2185 1241 2328 1295 sicut
2354 1253 2404 1295 et
2432 1240 2639 1326 Lesbus
2665 1239 2840 1293 insula
2865 1239 2955 1309 (de
2975 1239 3176 1308 quibus
3203 1236 3344 1292 infra
3369 1235 3616 1291 dicemus
3647 1249 3796 1304 cap.

2187 1333 2337 1401 l58),
2365 1349 2486 1389 cum
2515 1325 2595 1386 illi
2625 1347 2652 1385 a
2686 1332 2896 1386 civibus
2944 1329 3193 1385 arcessiti
3233 1327 3570 1397 temporibus
3596 1325 3801 1394 impe-

2188 1437 2430 1481 ratorum
2462 1426 2775 1482 Grzccorum
2803 1425 2945 1478 inter
2975 1438 3034 1476 se
3081 1421 3438 1482 discordium,
3492 1418 3654 1473 urbis
3685 1419 3796 1470 de-

2188 1519 2492 1572 fensionem
2524 1517 2915 1586 suscepissent,
2949 1515 3094 1570 sicut
3115 1513 3256 1584 apud
3313 1511 3618 1568 Laonicum
3642 1511 3794 1578 legi-

2187 1620 2296 1666 tur.
2327 1611 2615 1666 Castaldus
2643 1609 2778 1665 Euio
2810 1609 3056 1676 scripsit,
3111 1607 3253 1678 quod
3294 1606 3507 1660 duabus
3535 1604 3623 1672 (ut
3658 1601 3792 1672 opi-

2187 1703 2332 1772 nor),
2360 1703 2584 1773 syllabis
2618 1703 3039 1758 enuntiandum.
3078 1699 3346 1756 Antonius
3373 1695 3670 1751 Bouiinius
3727 1697 3786 1749 in

2189 1794 2432 1849 historiis
2467 1796 2745 1861 ungaricis
2770 1793 3085 1862 corruptius
3121 1792 3314 1847 Eniam
3372 1789 3617 1852 vocavit,
3649 1803 3785 1842 eum

2189 1899 2334 1940 anno
2373 1884 2509 1940 1469
2539 1884 2822 1940 Nicolaum
2881 1884 3137 1939 Canalem
3189 1879 3506 1952 praefectum
3548 1877 3786 1934 Venetae

2191 1981 2382 2036 classis
2405 1981 2596 2036 Eniam
2622 1979 2869 2036 Thraciae
2906 1981 3096 2036 urbem
3136 1979 3406 2048 direptam
3456 1975 3786 2031 incendisse

2187 2072 2373 2129 tradit.
2853 2071 2868 2086 °

2529 2187 2619 2242 55.
2653 2185 2882 2258 Zagora,
2921 2187 3186 2250 Debeltus,
3221 2185 3444 2242 Philibe.

2258 2303 2463 2371 Zagora
2535 2301 2781 2358 Thraciae
2839 2304 2990 2369 prius
3017 2303 3784 2374 appellabatur-hebenus,ut

2183 2406 2268 2452 est
2297 2395 2440 2465 apud
2459 2395 2754 2450 Cetlrinum
2789 2403 2843 2450 et
2873 2394 3162 2451 Zonaram.
3217 2395 3422 2450 Dettelti
3479 2396 3779 2466 episcop-

2187 2499 2300 2543 tum
2328 2487 2438 2542 Leo
2470 2487 2700 2558 Sapiens
2734 2489 3030 2557 imperator
3073 2489 3126 2542 in
3168 2487 3390 2542 Novella
3436 2489 3506 2542 de
3533 2487 3773 2545 Titi-onis

2186 2581 3029 2650 metropoliHadrianopolitame
3066 2581 3266 2635 montis
3311 2581 3480 2635 liaami
3513 2581 3772 2646 subiicit.

2184 2673 2244 2728 1η
2287 2673 2571 2728 historiam
2620 2673 2894 2728 Simeonis
2925 2674 3168 2741 magistri
3234 2673 3524 2727 olliciorttm
3565 2687 3772 2725 insnu—

2183 2764 2382 2834 scripta
2462 2764 2689 2834 legitur,
2751 2762 3118 2819 Iustinianum
3176 2762 3532 2818 Rinotnietum
3584 2760 3762 2829 impe-

2185 2864 2423 2910 ratorem
2507 2856 2816 2910 restittttttm
2885 2871 3049 2923 opera
3122 2855 3367 2909 Terhelis
3414 2852 3767 2921 Bulgarorum

2183 2947 2466 3015 principis,
2498 2947 2544 3000 ei
2576 2961 2700 3000 cum
2721 2947 2824 3000 alia
2852 2947 2990 3002 dona
3031 2946 3267 3006 dedisse,
3302 2955 3414 3000 tum
3447 2944 3774 2998 delalcatam

2185 3040 2254 3092 ab
2291 3037 2521 3107 imperio
2551 3035 2800 3092 Romano
2837 3039 3136 3108 regionem,
3160 3053 3282 3108 quae
3347 3045 3531 3104 postea
3593 3033 3776 3103 Ζακυ-

2189 3136 2268 3188 ria
2308 3136 2450 3190 dicta
2506 3134 2692 3197 fuerit,
2723 3133 3104 3204 possidendam
3147 3134 3516 3188 concessisse.
3584 3132 3779 3187 Devel-

2116 3247 2161 3308 ς
2194 3237 2302 3288 tus.
2329 3242 2496 3293 quam
2547 3227 2728 3281 adhuc
2781 3229 2856 3280 ita
2913 3226 3083 3281 Graeci
3126 3235 3347 3291 vocant,
3375 3227 3489 3279 sive
3536 3224 3779 3291 Zagora,

2187 3321 2333 3390 quod
2371 3323 2419 3376 ei
2459 3337 2652 3376 nomen
2677 3321 2892 3391 Bulgari
2954 3321 3284 3380 tribuerunt.
3327 3319 3586 3373 milliario
3617 3333 3780 3373 sexa-

2187 3416 2396 3483 gesimo
2433 3415 2500 3468 ab
2535 3412 2919 3482 lladrianopoli
2968 3412 3153 3467 distat.
3180 3411 3392 3466 Philibe
3421 3425 3549 3465 vero
3573 3408 3782 3465 Turcis

2187 3517 2269 3561 est
2305 3505 2700 3576 PhilippOpolis
2729 3504 2996 3567 Thraciae,
3050 3501 3274 3557 Debelto
3327 3501 3412 3555 vel
3435 3499 3667 3569 Zagora:
3701 3501 3784 3555 vi-

2192 3598 2318 3650 cina
2350 3613 2363 3648 :
2395 3612 2557 3667 quam
2585 3597 2773 3650 urbem
2801 3595 2952 3665 quia
3005 3594 3254 3664 Philippo
3305 3593 3621 3657 Macedone,
3661 3589 3780 3646 Ila-

2193 3690 2284 3761 gni
2320 3688 2612 3744 Alexandri
2641 3697 2817 3759 patre,
2867 3687 3142 3744 conditam
3189 3703 3313 3742 cum
3379 3685 3542 3756 vulgo
3581 3684 3784 3740 existi-

2189 3790 2362 3845 mant,
2395 3780 2677 3834 falluntur.
2721 3777 2855 3833 Nam
2880 3777 3114 3848 Philippi
3168 3777 3396 3834 Catsaris
3419 3791 3554 3847 opus
3585 3782 3700 3839 est,
3723 3785 3788 3831 ut

2189 3873 2310 3927 alia:
2338 3871 2645 3940 complures
2665 3872 2717 3923 in
2742 3868 2973 3925 Thracia
2995 3870 3242 3925 civitates
3263 3871 3330 3924 ab
3348 3869 3782 3938 imperatoribus

2191 3963 2345 4019 fuere
2367 3962 2617 4022 conditae,
2637 3961 2777 4029 quod
2803 3962 2916 4031 ipsa
2957 3977 3174 4031 quoque
3200 3962 3417 4015 nomina
3472 3967 3778 4024 testantur,

2191 4065 2252 4110 ut
2287 4053 2668 4123 TrajanOpolis
2705 4056 2906 4108 montis
2927 4053 3239 4122 Rhodopes,
3271 4061 3328 4106 ut
3349 4051 3776 4123 Hadrianopolis

2191 4147 2361 4202 llietni
2409 4146 2632 4211 montis,
2663 4154 2722 4199 ut
2768 4146 3166 4216 Arcadiopolis,
3209 4154 3265 4199 ιιι
3303 4145 3765 4214 Anastasiopoiis.

2191 4238 2356 4311 414
2373 4236 2448 4294 De
2466 4237 2825 4309 Philippopoli
2843 4254 2973 4294 vero
2992 4254 3249 4308 expresse
3266 4239 3526 4306 scriptum
3548 4239 3641 4296 his
3659 4256 3771 4295 ver-

2191 4331 2278 4386 bis
2301 4331 2476 4401 repcri
2495 4330 2727 4400 quodam
2761 4331 2816 4385 in
2853 4329 3096 4386 historiae
3119 4329 3321 4385 Graecae
3345 4331 3507 4397 libro,
3524 4332 3688 4401 cujus
3715 4341 3770 4387 et

2203 4422 2561 4493 principium,
2600 4433 2656 4478 et
2684 4438 2882 4478 nomen
2917 4423 3160 4478 auctoris
3210 4423 3464 4492 perierat,
3495 4437 3626 4478 cum
3664 4439 3764 4479 ob

2195 4513 2414 4582 teroqui
2440 4512 2606 4567 multa
2632 4512 2773 4567 scitu
2811 4513 2974 4581 digna
3038 4512 3344 4566 contineret
3406 4530 3422 4567 :
3484 4513 3766 4584 Philippus

518 4641 606 4686 cst
634 4604 685 4686 in
721 4604 1058 4698 itiuerc,quo
1112 4604 1582 4698 Constantinopoli
1634 4604 2078 4697 'Didymotichum

2195 4607 2490 4675 imperator
2518 4605 2707 4659 urbem
2745 4606 2796 4658 in
2857 4604 3072 4674 Europa
3127 4605 3394 4671 condidit,
3448 4621 3617 4676 quam
3641 4605 3770 4687 Phi-

523 4725 652 4786 itnr,
691 4733 747 4777 ut
773 4722 913 4776 infra
947 4721 1160 4790 parebit
1192 4721 1245 4776 in
1286 4729 1533 4774 extremo
1559 4719 1796 4790 Bajazite
1827 4720 2092 4775 secundo.

519 4816 692 4870 Distat
708 4817 868 4870 etiam
887 4815 954 4872 ab
973 4813 1375 4882 Hadrianopoli,
1392 4829 1498 4894 qua
1518 4813 1814 4886 Sclybriatn
1833 4812 2093 4880 tenditur,

519 4925 628 4964 non
669 4924 864 4978 magno
888 4910 1082 4964 itinere
1115 4907 1312 4962 diurno
1339 4907 1612 4976 quoddam
1637 4905 1978 4977 oppidulum,
2001 4905 2094 4962 cui

519 5016 717 5056 nomen
742 5000 993 5069 Hapsala,
1045 4999 1392 5054 nobilitatum
1427 4998 1649 5056 messita
1686 5008 1741 5053 et
1770 5011 2095 5053 caravansa-

521 5092 637 5149 rain
666 5092 1019 5147 Mechemetis
1047 5091 1240 5158 bassze,
1280 5090 1546 5144 ambobus
1599 5104 1730 5144 sane
1761 5088 2094 5158 pulcherrri-

522 5187 624 5240 mis
651 5196 705 5238 et
737 5185 1095 5252 sumptuosis.
1117 5183 1192 5238 Eo
1221 5199 1323 5237 nos
1349 5183 1402 5237 in
1447 5183 1567 5237 loco
1611 5183 2089 5249 pernoctabamus.

521 5279 626 5332 Sed
665 5278 738 5331 uti
777 5275 1027 5330 diversus
1084 5283 1168 5329 est
1203 5275 1272 5328 ab
1326 5273 1543 5342 Ypsala,
1577 5275 1657 5326 sic
1686 5288 1808 5326 cum
1840 5272 2094 5333 Castaldo

520 5371 769 5424 eumdem
802 5381 924 5422 esse
942 5380 1066 5421 cum
1094 5366 1291 5434 Capsa,
1310 5375 1548 5420 statuere
1578 5381 1684 5418 non
1704 5379 1948 5434 possum.

699 5509 789 5564 3‘2.
828 5505 1016 5578 Ygttos,
1047 5504 1117 5558 ad
1144 5502 1381 5561 Meritzw
1405 5503 1643 5572 ﬂuminis
1663 5504 1882 5558 ouium.

592 5623 714 5677 Haec
737 5624 930 5676 civitas
947 5620 1148 5676 Grmcis
1164 5619 1365 5674 dicitur
1382 5617 1554 5674 Atinas
1576 5618 1843 5681 etLEnos,
1861 5633 2092 5688 quorum

522 5717 798 5782 posterius
818 5716 918 5782 ipsi
941 5712 1300 5783 pronuntiant
1322 5709 1467 5774 luos,
1500 5711 1641 5765 unde
1671 5725 1866 5764 nomen
1889 5708 2094 5779 anos,

521 5807 664 5874 quod
689 5807 776 5864 hic
805 5806 856 5858 in
888 5793 1188 5857 Annalibus
1223 5801 1440 5869 legitur,
1471 5802 1616 5855 tnnlli
1650 5801 2097 5871 pronuntiatione

517 5904 581 5976 ut
644 5917 710 5952 rn-
741 5896 780 5949 Ν
812 5911 900 5972 per
929 5894 1032 5959 Gn,
1064 5892 1285 5962 (ἔκαιε,
1315 5905 1369 5948 et
1391 5891 1602 5961 Turcis,
1624 5904 1676 5949 ct
1713 5893 1878 5962 Italis,
1902 5902 1954 5946 et
1975 5890 2094 5951 llis-

2197 4696 2516 4772 lippopolim
2549 4696 2859 4766 appellavit.
2886 4695 2944 4750 In
2971 4695 3075 4750 hac
3135 4697 3272 4750 urbe
3299 4706 3471 4753 totum
3543 4711 3648 4752 nos
3673 4697 3776 4752 tri-

2195 4792 2364 4845 duum
2397 4789 2889 4853 commorabamur,
2941 4788 3070 4842 dum
3119 4787 3282 4843 Turci
3339 4789 3570 4843 comites
3592 4790 3776 4845 nostri

2198 4897 2359 4941 suum
2383 4880 2596 4936 Bairam
2623 4881 2826 4951 majus,
2845 4890 3037 4936 exacto
3058 4881 3264 4950 jejunio
3287 4882 3505 4952 triginta
3531 4881 3770 4947 dierum,

2197 4975 2390 5030 diebus
2419 4973 2622 5028 mensis
2683 4972 2940 5028 Octobris
2975 4974 3187 5042 quinto,
3245 4981 3421 5037 sexto,
3485 4973 3718 5044 septimo
3751 5014 3768 5039 ,

2195 5063 2554 5122 Celebrarent.
2588 5063 2684 5119 Est
2705 5065 2884 5122 adhuc
2935 5063 3458 5132 archiepiscopatus,
3491 5063 3577 5118 cui
3637 5073 3771 5116 tunc

2196 5167 2427 5226 praeerat
2461 5156 2508 5210 is
2531 5156 2625 5225 qui
2656 5166 2841 5224 postea
2892 5155 3068 5210 factus
3113 5164 3199 5210 est
3266 5155 3573 5224 patriarcha
3607 5157 3770 5210 nobis

2197 5245 2671 5314 Constantinopoli
2689 5245 3036 5314 degentibus,
3058 5245 3375 5313 Theoliptus
3400 5263 3415 5300 :
3453 5244 3520 5299 de
3542 5256 3769 5300 sentcn-

2198 5339 2272 5392 tia
2331 5337 2524 5408 synodi
2585 5335 2902 5392 Gra’corum
2959 5336 3212 5390 abdicato
3261 5335 3581 5398 Pochumio,
3649 5337 3770 5390 viro

2197 5428 2450 5499 profano,
2480 5439 2534 5483 et
2567 5429 2872 5484 litterarum
2905 5429 3065 5497 plane
3091 5428 3348 5497 rudi,qui
3383 5428 3768 5497 largitionibus

2196 5528 2253 5576 et.
2287 5518 2407 5575 aliis
2428 5519 2584 5575 malis
2608 5519 2819 5574 artibus
2844 5518 3162 5588 dignitatem
3197 5517 3429 5588 adeptus
3457 5519 3656 5574 fuerat.

2198 5633 2291 5689 ει.
2319 5630 2674 5700 ϐταάιιεζιθςὶδ
2701 5629 3088 5684 ΜαΙιιιηιειαηω
3132 5635 3416 5697 peritorum
3454 5632 3595 5696 apud
3625 5629 3767 5683 Tur-

2533 5719 2641 5763 σοις,
2670 5713 2718 5756 et
2751 5703 2839 5770 qui
2868 5701 3134 5754 talismam’
3183 5701 3450 5758 dicantur.

2275 5796 2338 5853 Ut
2374 5795 2670 5868 Talistnani
2702 5799 2793 5865 qui
2844 5795 2954 5861 sint
3005 5795 3345 5850 commodius
3378 5793 3708 5864 intelligatur
3743 5815 3756 5848 :

2201 5892 2694 5963 scicttdur,cct'tos
2715 5904 2834 5946 case
2892 5888 3094 5974 gradus
3148 5885 3545 5957 Mahutnetanis
3573 5881 3762 5944 eorum
