4018 6420
278 393 384 456 τρι

1445 407 1841 466 ΡᾹΝΒΕΟΓΕ
1875 407 2076 468 ιῐιςτ.
2119 407 2427 469 TURCIC.

3406 399 3518 464 76?.

277 511 371 576 qui
397 510 572 579 legum
598 510 737 577 apud
772 510 915 577 ipsos
981 517 1134 579 periti
1186 531 1332 582 sunt,
1365 531 1413 572 et
1443 524 1634 589 partim
1665 524 1752 590 jus
1776 523 1858 575 di-
1890 540 1928 592 Α
1962 521 2146 584 citavi;
2175 521 2242 576 de
2260 519 2376 574 Seri
2401 534 2557 589 pago.
2589 535 2750 586 quiem
2785 518 2948 573 Delus
2993 518 3080 572 ille
3102 517 3324 585 ceperit.
3351 533 3382 572 a
3406 532 3519 586 quo

280 614 434 664 cunt.
475 603 665 669 partim
707 603 877 674 legem
917 609 1362 679 interpretantur.
1383 615 1687 671 Ludovicus
1721 618 1847 673 llas-

290 709 462 749 sanns
514 693 782 752 ladrensis
803 699 854 750 in
887 700 1031 755 ltunc
1058 706 1272 758 modum
1306 719 1582 776 comparat
1609 726 1702 764 eos
1721 726 1844 764 cum

297 787 504 840 nostris
528 789 932 846 ecclesiasticis.
960 792 1202 850 Primum
1233 801 1498 868 mttpbtim
1535 803 1668 858 dicit
1725 819 1850 858 esse

299 879 438 931 inter
479 881 624 948 ipsos
653 881 825 938 instar
849 886 931 937 vel
981 903 1132 955 papre
1179 901 1374 952 nostri.
1401 893 1482 948 vel
1524 896 1848 960 patriarcha:

298 971 630 1028 Grecorum.
663 973 1030 1045 Quippejnris
1083 984 1263 1038 omnis
1317 995 1372 1039 et
1427 1002 1707 1041 sacrorum
1759 1005 1854 1045 re:

291 1074 398 1123 est,
434 1064 508 1116 uti
567 1075 779 1122 veteres
819 1072 982 1124 etiam
1029 1074 1259 1129 Romani
1307 1078 1685 1157 loquebantur.
1721 1081 1856 1140 Huic

288 1153 523 1216 proximi
559 1166 687 1210 sunt
714 1158 1061 1218 cadilesvlreri
1110 1168 1177 1218 de.
1232 1153 1426 1238 quibus
1490 1175 1692 1229 dictum
1751 1193 1856 1230 uu-

289 1258 443 1296 mero
477 1244 567 1299 9.9.
612 1247 881 1304 Bassanus
941 1255 1038 1309 bos
1093 1272 1214 1310 cum
1271 1243 1696 1334 archiepiscopis
1760 1284 1861 1322 no-

287 1336 424 1385 stris
476 1342 1092 1412 comparat.St-qnnntur
1130 1350 1290 1412 cadii,
1347 1352 1508 1408 veluti
1553 1359 1857 1423 proximum

288 1436 414 1490 post
447 1427 891 1500 arcltiepiscopos
933 1436 1110 1491 locum
1159 1441 1400 1498 obtinent
1444 1447 1701 1516 episcopi.
1767 1451 1861 1505 Se-

287 1519 530 1572 cundum
567 1523 664 1575 hos
693 1527 922 1582 sunteis
954 1528 1185 1600 boggiae,
1223 1537 1314 1604 qui
1375 1539 1619 1596 seniores
1673 1544 1866 1599 dicunc

258 1620 406 1705 tur.
429 1623 494 1705 ut
520 1610 723 1670 Graecis
741 1626 794 1671 et
811 1622 1012 1676 nostris
1045 1625 1360 1697 presbyteri.
1415 1630 1702 1702 Excipiunt
1737 1637 1864 1705 bog-

285 1701 411 1766 gias
457 1703 778 1774 Talismani,
835 1725 931 1765 seu
1009 1717 1353 1788 presbyteros
1404 1701 1639 1780 diaconi.
1683 1701 1864 1781 Ultimi

292 1803 431 1847 sunt
452 1795 691 1863 dervisii,
720 1801 814 1871 qui
857 1803 1122 1874 calogeris
1183 1808 1518 1878 Graecorum,
1585 1820 1868 1874 monachis

1949 613 2276 668 l'ueritortus
2299 611 2520 666 Osman.
2547 609 2620 664 Ea
2638 612 2814 665 locum
2839 612 3039 665 habere
3062 610 3268 679 nequit.
3293 609 3519 663 “einec-

1949 709 2066 760 cius
2089 705 2374 773 aliquoties
2401 703 2610 772 repetit.
2629 701 3001 758 Janizarorum
3030 717 3225 755 nomen
3252 703 3317 755 ad
3341 703 3522 756 notio-

1952 815 2074 852 nem
2105 807 2437 861 revocatum,
2461 813 2490 850 a
2514 794 2686 851 Janua
2720 795 2909 850 deduci
2937 836 2954 861 ,
3005 812 3128 850 cum
3183 795 3378 849 Turcis
3425 795 3521 863 ja-

1953 909 2108 946 nuam
2141 892 2320 946 aulam
2368 891 2474 946 dici
2522 901 2752 947 constet.
2774 889 2884 958 Ego
2905 906 3033 945 vero
3058 869 3254 955 lateor;
3278 891 3522 957 adeoque

1958 987 2116 1052 vulgo
2135 996 2316 1040 notum
2335 995 2440 1051 est,
2463 987 2640 1040 aulam
2674 985 2874 1040 sultani
2898 983 3148 1054 (Romani
3188 995 3395 1038 veteres
3428 996 3525 1035 co-

1959 1079 2203 1135 mitatum
2238 1079 2498 1149 principis
2527 1079 2892 1148 appellabant)
2916 1095 2946 1132 a
2965 1076 3158 1133 Turcis
3177 1077 3358 1133 vocari
3388 1075 3521 1129 Por-

1958 1185 2066 1228 tam
2096 1172 2468 1237 Osmanicam.
2497 1173 2641 1241 quod
2685 1172 2861 1227 Porta;
2894 1186 3090 1226 nomen
3128 1169 3271 1224 idem
3299 1180 3382 1224 est
3410 1168 3524 1222 fere

1957 1281 2080 1321 cum
2095 1266 2268 1321 Janua
2285 1283 2299 1320 :
2315 1265 2406 1320 sed
2424 1268 2591 1334 (quod
2609 1266 2781 1335 ipsius
2803 1264 3091 1334 pace,eitra
3112 1263 3523 1318 insectationem

1959 1362 2124 1416 ullam
2148 1361 2350 1415 dictum
2375 1360 2518 1430 esto)
2539 1358 2777 1430 cogitare
2806 1357 3057 1413 debebat.
3083 1355 3278 1412 Turcis
3300 1353 3522 1410 Portam

1961 1455 2064 1510 dici
2094 1470 2191 1508 sua
2211 1455 2418 1526 lingua.
2441 1454 2601 1521 capi:
2633 1451 2828 1522 dequo
2848 1451 3109 1506 vocabulo
3153 1448 3382 1528 derivari
3417 1463 3525 1502 non

1959 1547 2327 1617 janizarorum
2386 1544 2472 1602 vel
2532 1543 2910 1614 genizarorum
2969 1557 3162 1597 nomen
3212 1551 3406 1610 potest.
3433 1540 3526 1593 sed

1965 1639 2405 1708 capisilarorum,
2439 1635 2508 1690 de
2529 1636 2729 1706 quibus
2800 1634 2949 1688 alibi.
3006 1633 3200 1688 Paucis
3233 1641 3289 1686 nt
3339 1647 3527 1685 verum

1964 1741 2181 1800 etymon
2214 1729 2469 1792 indicem,
2500 1743 2694 1782 nomen
2716 1727 2950 1796 genizeri
2992 1723 3184 1780 Turcis
3241 1726 3533 1779 novos'lre-

1971 1823 2164 1886 mines.
2195 1837 2291 1876 seu
2326 1820 2522 1878 milites
2553 1836 2720 1875 novos
2741 1819 3036 1884 signiﬁcat.
3089 1833 3184 1871 seu
3214 1816 3401 1870 Latina
3438 1833 3534 1870 vo-

289 1885 526 1983 uostris-
559 1892 904 1958 respondent.
981 1894 1274 1954 Talislnani
1339 1901 1748 1963 Mahumetanos
1797 1910 1863 1965 ad

1972 1931 2030 1970 ce
2062 1916 2229 1970 veteri
2260 1913 2490 1969 Tirones
2521 1930 2535 1966 :
2569 1914 2726 1983 cuius
2757 1912 2919 1983 etymi
2957 1913 3093 1965 ratio
3156 1921 3300 1979 patet
3349 1927 3413 1964 ex
3466 1911 3535 1964 iis

285 1990 483 2042 preces
512 1977 744 2035 interdiu
769 1992 822 2038 et
872 1996 1036 2042 noctu
1085 1994 1374 2062 quinquies
1420 1996 1680 2056 dicendas
1708 2001 1859 2058 exci-

282 2075 428 2126 tant.
471 2069 539 2121 de
583 2074 782 2138 quibus
834 2076 968 2133 alias
1027 2087 1269 2148 agemus.
1325 2085 1637 2160 Clepsydris
1696 2094 1860 2149 veteri

283 2173 444 2214 more
467 2160 777 2220 Graecorum
799 2180 1026 2227 utuntur
1062 2177 1127 2230 ad
1156 2178 1540 2248 distinguenda
1578 2193 1686 2240 tam
1712 2189 1862 2243 diur-

197 2263 200 2266 ’
288 2267 385 2314 na.
419 2269 578 2351 qnam
609 2270 871 2351 nocturna
901 2273 1204 2338 temporum
1261 2275 1457 2341 spatia.
1483 2275 1614 2331 Nam
1663 2296 1785 2351 qua
1828 2297 1861 2339 ι

293 2345 500 2397 nostris
528 2348 819 2406 artiﬁciose
836 2355 1082 2413 confecta
1107 2364 1432 2427 perveniunt
1458 2365 1524 2419 ad
1544 2345 1750 2425 Turcos
1765 2369 1862 2424 ho-

295 2439 566 2500 ronomia,
601 2441 756 2514 l0nge
819 2447 951 2516 ipsis
983 2453 1332 2523 gravissima,
1391 2459 1658 2531 planeque
1686 2463 1864 2520 admi-

301 2531 487 2595 randa,
541 2548 828 2601 procerum
874 2541 1139 2600 duntaxat
1178 2547 1366 2602 usibus
1410 2553 1673 2609 serviunt.
1727 2554 1860 2611 Cum

297 2638 519 2690 precum
555 2639 767 2699 tempus
800 2636 1044 2704 appetiit,
1078 2646 1257 2696 turres
1289 2641 1572 2711 adiunctas
1620 2650 1862 2707 messitis

296 2719 549 2784 pra-altas
602 2728 1001 2782 conscendunt.
1039 2729 1127 2786 E2
1149 2733 1228 2788 sic
1284 2733 1439 2790 facta:
1485 2747 1634 2803 sunt,
1690 2750 1749 2795 ut
1807 2741 1861 2797 in

291 2815 561 2881 superiori
623 2831 794 2886 parte,
827 2825 1213 2892 propemodum
1244 2827 1334 2882 ubi
1384 2830 1656 2900 occipiunt
1696 2833 1865 2888 demi-

299 2905 418 2967 nui,
450 2915 511 2960 ut
538 2909 754 2964 tandem
789 2911 842 2966 in
875 2915 1555 2992 acuminatum‘l'astigium
1589 2923 1860 2990 desinant,

307 2997 360 3050 in
393 3000 634 3068 projceto
665 3017 882 3072 quaqua
912 3021 1130 3061 versum
1163 3008 1503 3065 obambulari
1539 3015 1730 3084 possit.
1763 3014 1862 3073 Hic

297 3107 430 3160 ergo
456 3095 879 3161 circumeuntes,
906 3101 1224 3156 acutissima
1258 3119 1392 3160 voce
1428 3106 1720 3162 clamorem
1762 3110 1867 3164 tol-

295 3186 430 3252 lunt,
468 3187 649 3255 digitis
686 3191 909 3246 alteram
943 3195 1158 3250 aurium
1217 3195 1586 3264 obstruentes.
1616 3209 1667 3253 et
1693 3199 1860 3255 horni-

293 3294 390 3333 nes
417 3278 480 3331 ad
516 3281 878 3335 invocandum
914 3297 1114 3338 numen
1159 3285 1539 3342 exhortantur.
1597 3286 1706 3342 Vox
1744 3287 1859 3358 ipsa
1884 3279 1931 3338 Ο
1965 3319 2072 3360 nuo
2102 3303 2394 3372 αειει-οεμιε
2424 3304 2560 3364 vim.
2596 3278 2944 3358 Barbarossre

293 3370 508 3440 longius
565 3389 726 3442 quam
753 3374 1044 3445 quisquam
1106 3389 1350 3432 nostrum
1404 3377 1626 3442 credat,
1678 3379 1768 3450 qui
1802 3394 1866 3435 ea

295 3463 419 3516 lora
447 3479 554 3518 non
589 3467 804 3532 adierit,
841 3470 1438 3528 pertinet.Communis
1466 3483 1644 3527 autem
1679 3488 1870 3542 preca-

305 3557 381 3610 tio
402 3560 866 3619 musulmanorum
890 3565 1202 3636 Itujusmodi
1225 3574 1332 3632 est,
1355 3578 1581 3620 auctore
1610 3567 1868 3623 Postelio:

311 3650 398 3704 «in
433 3654 648 3708 nomine
677 3652 768 3707 Dei
803 3659 1193 3718 misericordis.
1228 3659 1472 3734 prppitii.
1532 3657 1676 3715 Laus
1739 3658 1870 3727 Deo,

310 3746 418 3808 rvpi
453 3747 796 3811 saeculorum,
824 3749 1160 3804 misericordi
1185 3759 1237 3804 et
1263 3750 1352 3820 pio
1383 3749 1492 3820 regi
1523 3750 1628 3805 diei
1660 3750 1870 3820 judicii.

304 3837 449 3893 llens
477 3840 782 3895 serviamus
814 3841 915 3904 illi.
971 3850 1026 3897 et
1053 3842 1185 3898 heus
1241 3843 1644 3914 adjuvabimur.
1695 3842 1875 3912 Dirige

306 3950 406 3988 nos
434 3934 486 3988 in
509 3945 771 4004 punctum
795 3945 1029 4004 rectum.
1063 3947 1328 4006 punctum
1349 3952 1560 4000 eorum,
1592 3937 1644 3992 in
1672 3937 1873 4006 quibus

307 4025 405 4080 tibi
441 4026 837 4093 beneplacitum
871 4038 975 4092 est,
1005 4038 1059 4084 et
1114 4030 1313 4099 quibus
1332 4047 1440 4085 non
1505 4031 1778 4118 irasceris,
1821 4037 1876 4084 et

305 4134 415 4172 non
452 4121 778 4176 errabimus.
804 4139 824 4172 ι
861 4119 986 4176 Haec
1007 4131 1116 4176 tam
1147 4123 1256 4178 illis
1281 4132 1361 4178 est
1390 4122 1588 4178 usitata
1610 4119 1873 4192 preea‘tio,

303 4230 469 4282 quam
509 4215 664 4270 nobis
686 4215 967 4271 Dominica
1003 4235 1016 4272 :
1052 4227 1104 4274 et
1132 4234 1161 4272 a
1199 4219 1524 4289 quibusdam
1555 4219 1621 4272 ad
1648 4217 1877 4272 baltolo-

304 4303 450 4374 giam
484 4322 651 4375 usque
678 4309 812 4363 adeo
849 4304 1131 4375 recitatur,
1172 4320 1231 4365 ut
1251 4311 1590 4366 centieseam
1610 4324 1874 4382 repetant.

303 4399 452 4453 Iden:
483 4399 602 4454 facit
641 4402 694 4454 in
748 4403 996 4457 oratione
1040 4403 1250 4474 publica
1305 4405 1624 4460 talismanus
1647 4423 1742 4474 pro
1795 4407 1878 4462 bis

306 4493 402 4562 qui
448 4492 784 4562 negligenter
809 4505 969 4549 orant
1021 4513 1037 4550 :
1090 4506 1350 4565 aluntque
1383 4497 1483 4552 hac
1554 4499 1879 4568 repetitione

306 4586 794 4654 Supplerialiorum
827 4596 1061 4643 errores
1100 4604 1164 4644 ac
1207 4589 1425 4644 delicta.
1456 4591 1685 4656 Quidam
1750 4608 1878 4646 vero

309 4689 458 4733 tanta
493 4688 746 4750 repetunt
783 4681 1127 4748 assiduitate,
1190 4681 1407 4736 tandem
1441 4692 1499 4736 ut
1552 4685 1880 4752 concidant;

308 4772 401 4845 alii
427 4774 737 4844 corpus'ita
764 4776 1258 4848 circumagitando,
1293 4786 1354 4832 ut
1389 4777 1618 4832 omnino
1656 4789 1810 4834 extra
1825 4793 1884 4834 se

311 4869 613 4938 rapiantur.
989 4857 996 4863 ’

313 5036 319 5041 _
381 4963 470 5016 35.
506 4965 578 5018 De
630 4964 890 5034 genizeris
911 4981 932 5030 ,'
954 4962 1030 5018 re!
1074 4965 1336 5033 genitoris
1358 4981 1379 5030 ;
1403 4967 1538 5020 unde
1555 4966 1630 5020 sic
1649 4965 1800 5022 dicti.

382 5056 661 5124 Nusquam
718 5058 893 5126 reperi
954 5057 1334 5125 genizarorum
1395 5059 1659 5128 originem
1705 5059 1884 5114 verius

305 5149 659 5217 descriptam,
691 5163 854 5216 quam
887 5149 1005 5213 hic;
1049 5148 1277 5216 ideoque
1302 5150 1450 5204 locus
1508 5159 1592 5208 est
1619 5165 1888 5203 memora-

312 5230 457 5306 bilis,
495 5257 604 5311 quo
634 5241 868 5308 plurium
897 5241 1356 5296 ltallucinaliones
1393 5242 1720 5298 refutantur.
1748 5242 1884 5297 Nam

304 5332 398 5386 alii
443 5332 630 5386 volunt
665 5331 944 5386 institutos
970 5331 1038 5384 ab
1085 5329 1354 5386 Otlnnane
1406 5331 1486 5386 vel
1521 5329 1754 5386 Osinane
1781 5331 1886 5386 Ga-

301 5411 376 5484 si.
418 5422 663 5476 nonnulli
698 5423 858 5490 (quos
915 5423 1055 5478 inter
1109 5431 1192 5476 est
1246 5422 1433 5477 Jovius
1485 5437 1539 5476 et
1580 5423 1884 5496 Geulrarus)

305 5513 477 5578 fuisse
510 5513 753 5566 referunt
777 5515 1082 5569 ordinatam
1104 5515 1342 5584 ipsorum
1367 5514 1619 5569 militiam
1648 5516 1885 5586 primum

307 5606 557 5660 omnium
592 5605 850 5660 aMuratc
883 5605 950 5671 11,
984 5621 1145 5675 quem
1193 5622 1293 5676 ego
1351 5623 1638 5662 numerum
1705 5609 1885 5680 potius

307 5697 531 5754 auxisse
557 5696 808 5757 dixerim,
841 5711 1004 5766 quam
1040 5695 1208 5752 fuisse
1231 5698 1437 5753 militiae
1501 5699 1672 5769 ipsius
1702 5710 1888 5760 aucto-

310 5807 448 5846 rem.
492 5790 649 5859 Vocis
671 5794 834 5850 etiam
880 5799 1100 5858 rtymon
1132 5800 1542 5853 centrum-rsum
1583 5801 1686 5846 est.
1728 5792 1890 5860 initio

310 5885 698 5948 declarationis
737 5883 1025 5943 Annalium
1077 5883 1412 5961 Spaudugini
1453 5886 1765 5960 opinionem
1802 5902 1884 5943 rc-

1964 2021 2083 2074 quae
2142 2005 2231 2059 bic
2264 2005 2316 2057 in
2346 2003 2634 2058 annalibus
2660 2003 2905 2072 exposita
2967 2003 3238 2072 leguntur.
3297 2000 3532 2056 Geul'ra-i

1962 2100 2237 2157 somnium
2263 2099 2326 2153 de
2346 2097 2516 2153 Cbam
2551 2107 2605 2151 et
2623 2095 2800 2161 Jeser,
2833 2113 2932 2151 ceu
2969 2095 3261 2150 ridiculum
3288 2095 3534 2164 explodi-

1962 2205 2068 2251 ¹⁰”
2271 2261 2362 2320 36.
2393 2264 2706 2326 Cltairadiu,
2745 2260 2912 2332 Baga.
2959 2260 3235 2316 1³⁶¹¹⁶¹¹⁰“·
3270 2312 3282 2324 ·

2037 2380 2112 2435 De
2177 2381 2464 2436 bassarum
2497 2387 2550 2433 et
2582 2379 2824 2432 vvzirnm
2856 2377 3035 2432 ollieio
3063 2393 3228 2444 supra
3268 2374 3530 2437 diximus,

1964 2489 2200 2530 numero
2250 2473 2336 2528 H.
2364 2471 2516 2538 Quod
2551 2471 2744 2526 Cltelili
2777 2471 2959 2524 datum
2995 2467 3158 2521 fuisse
3193 2467 3423 2522 traditur
3440 2484 3536 2520 co-

1963 2565 2196 2635 gnomen
2231 2563 2554 2619 Cliairadin.
2588 2563 2766 2631 lingua
2823 2559 2983 2633 415
3016 2559 3240 2613 Turcira
3273 2557 3538 2625 signiﬁcat

1963 2673 2110 2726 eum,
2134 2661 2224 2729 qui
2250 2660 2386 2715 bene
2413 2669 2813 2726 strenuequese
2834 2657 3018 2728 gessit,
3043 2653 3125 2707 vel
3151 2653 3285 2706 lr-ne
3313 2651 3541 2704 meritus

1962 2761 2073 2809 est:
2111 2762 2168 2807 ut
2198 2749 2402 2807 Graecis
2431 2749 2720 2820 Evergetes
2742 2751 2955 2810 dicitur.
2977 2747 3118 2814 quod
3189 2744 3292 2798 sibi
3329 2757 3527 2810 cogno-

1965 2855 2208 2900 mentum
2246 2843 2409 2911 prisri
2463 2858 2638 2912 reges,
2711 2841 2920 2910 aliquot
2984 2837 3204 2906 [Egypti
3264 2833 3540 2904 Syria-que

1965 2944 2338 3006 sumpserunt.
2366 2936 2442 2990 Ex
2469 2933 2764 2990 Cbairadiu
2825 2930 3092 2985 Laonicus
3147 2929 3269 2982 fecit
3295 2923 3542 2980 Cltarati—

1967 3043 2086 3082 nem
2127 3028 2298 3083 :etiu
2341 3025 2446 3082 line
2471 3026 2595 3082 libri
2625 3023 2827 3090 octavi,
2877 3020 3250 3079 Clraraitiuem
3283 3015 3541 3075 :Jovius.

1967 3119 2362 3175 llariadenum.
2393 3117 2537 3173 Idem
2567 3116 2715 3173 enim
2777 3131 2974 3170 nomen
3035 3122 3218 3168 nostra
3278 3110 3542 3164 memoria

1967 3214 2152 3269 datum
2183 3213 2284 3267 fuit
2306 3229 2335 3266 a
2360 3211 2670 3266 Soleimaue
2698 3208 2742 3265 ll
2768 3209 2956 3279 pirata:
3003 3207 3196 3268 nobili,
3265 3203 3359 3259 sed
3400 3212 3544 3256 stre-

3007 3318 3022 3355 :
3067 3299 3133 3352 de
3179 3311 3290 3366 quo
3341 3294 3539 3348 dicturi

1969 3410 2069 3450 suo
2101 3395 2222 3449 loco
2254 3404 2382 3449 sunt
2407 3392 2669 3449 Annales.
2735 3393 2878 3461 Buga
2923 3389 3207 3459 Calliupoli
3253 3386 3546 3456 transiecta

1972 3485 2322 3555 Hellesponto
2350 3485 2576 3541 Prusam
2614 3485 2770 3540 ituris
2820 3480 3079 3538 occurrit.
3136 3484 3178 3534 A
3220 3478 3548 3549 geographia

1972 3579 2368 3636 recentioribus
2394 3577 2559 3643 Juba.
2601 3575 2952 3644 transpositis
3012 3575 3212 3628 litteris
3262 3571 3546 3633 seribitur,

1975 3671 2052 3726 uti
2095 3669 2354 3737 deinceps
2387 3679 2701 3737 repetemus
2736 3667 2890 3721 initio
2913 3665 3141 3720 Muratis
3177 3664 3240 3718 ll.
3276 3662 3546 3731 Oppidum

1976 3762 2239 3818 lsclteboli
2283 3761 2487 3816 Graecis
2519 3769 2599 3816 est
2658 3759 2940 3829 Scitpelos,
3007 3756 3231 3826 Zagora:
3281 3756 3546 3807 vicinum.

1977 3854 2086 3910 Leo
2104 3853 2335 3923 Sapiens
2365 3855 2645 3922 Augustus
2679 3853 2818 3906 inter
2834 3851 3178 3920 episcopatus
3227 3845 3548 3914 metropoli-

1976 3947 2083 4000 tani
2120 3943 2582 4012 Hadrianopoleos
2605 3942 2775 3997 ".Pllli
2836 3942 3060 4005 montis,
3117 3940 3404 4008 Scopclum
3467 3953 3550 3990 rr-

1978 4037 2083 4092 l'ert
2121 4054 2136 4092 :
2175 4039 2318 4090 unde
2349 4038 2487 4092 situs
2522 4037 2747 4104 intelligi
2779 4045 2977 4104 potest.

1977 4153 2070 4208 37.
2113 4151 2306 4217 Servii.
2362 4149 2531 4219 Serbi,
2597 4149 2806 4236 Sorqbi.
2853 4149 3006 4219 Zirﬁ,
3060 4147 3220 4217 Zerﬁ,
3283 4145 3554 4200 Servocm-

2683 4239 2850 4277 mum.

2051 4314 2268 4370 Servios
2296 4314 2524 4370 collocat
2549 4313 2825 4368 Laouirns
2847 4314 2898 4366 in
2924 4314 3146 4382 antiqua
3180 4313 3397 4380 regione
3432 4309 3557 4364 Tri-

1979 4404 2247 4462 ballorum
2303 4405 2581 4477 Mysiaque
2653 4404 2960 4475 superiori:
3017 4418 3126 4470 quo
3173 4401 3428 4454 nimirum
3488 4414 3554 4450 ex

1981 4498 2351 4567 septentrione
2431 4496 2691 4567 paulatim
2753 4494 3208 4562 commigrarunt,
3264 4485 3558 4544 debilitatis

1987 4595 2192 4664 inzpcrii
2255 4592 2485 4648 Romani
2516 4591 2797 4660 Grzecique
2855 4588 3082 4642 viribus.
3112 4600 3117 4606 '
3149 4584 3281 4638 Nam
3353 4583 3558 4636 Serbos

1987 4691 2132 4742 circa
2160 4687 2463 4743 Maeotidem
2497 4686 2709 4741 Plinius
2739 4683 2992 4746 collocat,
3024 4679 3164 4734 unde
3213 4677 3406 4746 partim
3436 4691 3559 4745 pro-

1987 4779 2112 4835 fecti
2141 4779 2296 4834 fuere
2331 4795 2520 4834 versus
2546 4777 2876 4841 Danubium,
2907 4783 2961 4830 et
2987 4771 3208 4843 Mysiam
3234 4771 3372 4824 hanc
3395 4783 3560 4837 supe-

1986 4872 2184 4926 riorem
2209 4888 2224 4902 ·
2252 4871 2448 4942 partim
2489 4869 2681 4924 itinere
2713 4867 2950 4930 diverso,
2977 4878 3071 4934 per
3100 4861 3386 4917 Sarmatiae
3443 4860 3562 4916 sive

1987 4965 2225 5022 Poloniae
2272 4963 2540 5019 latissime
2595 4969 2840 5032 patentes
2889 4972 3113 5028 campos
3140 4957 3194 5011 in
3225 4971 3379 5011 oram
3429 4953 3563 5009 Ger-

1987 5058 2206 5124 maniae,
2267 5055 2486 5110 Polonis
2547 5054 2782 5108 vicinam
2833 5050 3079 5124 .(Lusatia
3132 5065 3280 5104 nunc
3335 5047 3562 5116 dicitur)

1987 5149 2178 5216 inlusi,
2211 5149 2369 5204 sedes
2425 5147 2646 5211 ibidem,
2680 5157 2732 5199 et
2783 5145 2836 5198 in
2884 5143 3078 5198 vicinia
3134 5142 3560 5202 constituerunt.

1988 5243 2124 5296 inter
2161 5239 2344 5297 Salam
2380 5249 2436 5294 et
2468 5239 2641 5292 Albim
2676 5236 2894 5292 ﬂuvios.
2933 5235 3074 5291 llinc
3101 5235 3290 5290 Sirbos
3328 5233 3398 5288 ibi
3454 5231 3563 5284 Du-

1987 5335 2209 5394 bravius
2240 5344 2388 5390 recte
2435 5331 2691 5395 collocat,
2727 5331 2856 5386 hinc
2882 5328 3074 5385 Ilisnia
3121 5343 3338 5398 quoque
3394 5329 3564 5394 impe-

1991 5426 2188 5488 ratoris
2217 5424 2434 5481 llenrici
2462 5423 2705 5493 Aucupis
2743 5432 2986 5492 tempore
3024 5421 3167 5474 dicta
3195 5449 3200 5454 ι
3227 5421 3328 5473 fuit
3363 5435 3392 5470 a
3427 5418 3564 5472 vici.

1988 5519 2073 5575 nis
2097 5518 2300 5580 Sirbia,
2328 5517 2452 5571 hinc
2501 5515 2556 5570 in
2592 5515 2660 5569 iis
2711 5513 2847 5569 locis
2895 5525 2950 5567 et
3007 5510 3164 5564 Serbi
3196 5508 3447 5572 chedi,
3513 5517 3566 5561 et

1992 5611 2316 5676 Serbecum,
2342 5618 2396 5664 et
2427 5607 2740 5663 Serbestum
2768 5605 2986 5674 oppida.
3020 5601 3097 5656 Ne
3130 5603 3310 5669 lingua
3341 5601 3564 5670 quidem

1991 5699 2215 5766 defecit,
2247 5700 2300 5754 in
2325 5710 2551 5770 utraque
2587 5697 2807 5753 Lnsalia
2838 5694 3099 5750 Wenedis
3138 5693 3334 5748 incolis
3393 5693 3568 5746 usita.

1990 5801 2064 5848 ta.
2097 5790 2208 5848 Nec
2254 5789 2274 5845 l
2322 5791 2498 5846 littera
2530 5807 2654 5847 eum
2697 5790 2737 5844 Ε
2796 5795 3100 5859 permutata
3164 5800 3264 5839 nos
3330 5794 3564 5842 moveat.

1989 5883 2134 5962 quod
2167 5883 2222 5947 in
2253 5884 2354 5940 hac
2381 5899 2510 5940 voce
2570 5884 2881 5954 frequentet
2913 5880 3028 5938 ticri
3069 5878 3396 5936 notavimus.
3431 5873 3566 5932 Nam
