4018 6450
463 331 570 395 763

460 540 623 591 verba
651 542 881 607 reperies
906 556 1131 595 numero
1175 542 1243 597 54
1276 540 1529 597 llistorim
1563 543 1839 598 Saxonum
1868 545 2033 599 Sora-

466 632 564 686 bos
599 638 818 693 vocant,
867 647 1005 701 quos
1029 632 1300 689 Sorahros
1325 636 1466 704 apud
1519 635 1809 689 Laonicum
1843 638 2034 693 vitiose

464 724 712 793 b-gimtts.
758 724 1031 781 Vocantur
1056 735 1110 779 et
1138 725 1316 783 Rascii
1344 729 1427 782 vel
1456 727 1628 793 iiazii,
1655 730 1797 799 quod
1837 746 1863 782 a
1896 722 2028 793 lies,

464 817 577 870 sive
603 815 790 872 Rossis
813 817 1101 873 deductum
1130 829 1279 889 puto,
1304 833 1427 874 cum
1450 820 1648 889 quibus
1672 823 1942 892 originem
1976 830 2032 876 et

465 905 697 974 linguam
721 920 1065 961 communem
1095 908 1314 962 habent.
1342 908 1624 964 Bonlluius
1651 911 1907 965 iiatianos
1945 910 2032 965 di-

461 997 629 1059 xit,et
649 998 844 1051 melius
872 998 1165 1055 Roxianos.
1191 1000 1335 1069 quod
1368 1011 1451 1055 est
1494 1016 1525 1057 a
1558 998 1872 1057 Gnecorum
1936 1002 2032 1056 illo

465 1086 576 1142 llos
600 1089 742 1143 haud
763 1089 945 1145 dubie.
971 1089 1026 1144 ln
1056 1091 1192 1147 actis
1216 1092 1429 1147 concilii
1452 1091 1883 1148 Constantiensis
1907 1092 2034 1148 Sirﬂ

462 1178 740 1239 divinior,
762 1181 911 1248 quod
942 1196 1137 1236 nomen
1156 1183 1242 1238 eis
1266 1182 1536 1250 hodieque
1566 1184 1731 1239 datur
1785 1200 1813 1238 a
1841 1186 2034 1241 vicinis

456 1266 822 1335 Caruiolanis,
853 1270 1168 1337 Corinthiis,
1200 1274 1580 1342 Stiriensibus,
1629 1277 1864 1344 Creatis,
1906 1278 2032 1332 Dal—

458 1360 641 1424 matis,
671 1358 929 1430 Ungaris.
954 1359 1080 1417 Ideo
1104 1362 1380 1430 loeusille,
1405 1379 1568 1436 quem
1597 1368 1770 1422 nostri
1801 1368 2035 1423 Annales

463 1466 495 1505 a
527 1451 839 1507 Sertiorum
866 1453 1020 1507 clade
1054 1468 1253 1508 nomen
1284 1457 1563 1526 accepisse
1586 1468 1833 1524 narrant,
1866 1458 1920 1512 in
1948 1473 2035 1513 ar—

468 1543 699 1613 chetypo
736 1544 1025 1601 Annalium
1083 1542 1210 1600 Berl
1250 1546 1334 1601 vel
1385 1546 1524 1603 'Zcrl'
1553 1548 1803 1621 Zunguni
1857 1550 2039 1606 dictus

460 1637 633 1692 fuisse
667 1637 942 1692 scribitur.
977 1635 1092 1693 Hoc
1117 1637 1842 1699 enim-GauderiusCatsaris
1868 1643 2038 1698 inter—

459 1745 586 1800 pres
638 1730 693 1784 in
752 1729 1005 1786 versione
1061 1745 1159 1786 sua
1188 1746 1322 1787 tuon
1379 1731 1628 1796 inseruit,
1691 1734 1799 1787 vim
1860 1734 2035 1803 ipsius

1679 340 2003 404 JOANNIS
2041 346 2505 420 LEUNCI-AVII

461 455 517 501 et
560 447 1085 503 AnualesAnstriaci
1150 449 1391 520 Syr-viam
1444 450 1716 510 dixerunt.
1777 457 2259 523 quorum-Amm
2316 455 2633 523 celbianum
2690 460 2819 524 είνεί
2879 471 3193 526 ceu-mnum
3271 491 3466 542 ponere

3600 362 3727 424 τίη

3510 492 3525 527 ἓ
3580 489 3721 527 (λυξιι

2140 567 2347 627 "Mirm.
2412 560 2751 617 Theodorum
2813 565 3113 628 Lascarim.
3176 580 3397 637 accepto
3451 569 3719 634 imperio.

2137 650 2453 707 Celvianurn
2516 659 2829 714 universum
2862 704 2875 723 ,
2932 680 3056 718 cum
3109 662 3395 717 Maeandria
3455 663 3720 732 regione.

2138 759 2260 796 cum
2295 744 2688 818 Philadelphia,
2725 761 2777 803 et
2834 751 3167 814 Neocastris,
3223 767 3540 821 occupasse.
3604 750 3726 805 Re-

2140 833 2353 891 ferenda
2400 852 2530 892 vero
2564 848 2691 893 sunt
2722 840 2833 895 haec
2861 844 2927 896 ad
2961 858 3162 897 annum
3182 843 3549 899 Christianum
3579 843 3722 911 plus

2139 927 2317 980 minus
2354 928 2512 996 £206;
2531 947 2640 1001 quo
2675 945 2918 1001 tempore
2947 937 3176 989 necdum
3230 951 3324 990 seu
3383 934 3720 999 Germiano,

2140 1034 2235 1074 seu
2263 1019 2515 1076 Ceiviano
2576 1024 2914 1095 imperabant
2942 1026 3107 1099 416
3143 1027 3449 1084 [couienses
3477 1026 3716 1095 sultani,

2141 1112 2233 1165 sed
2262 1122 2381 1168 erat
2430 1116 2607 1170 adhuc
2657 1131 2718 1172 ea
2780 1118 2929 1184 regio
2979 1118 3149 1174 Grreci
3192 1119 3358 1188 juris,
3392 1128 3447 1174 et
3498 1134 3529 1173 a
3558 1118 3722 1173 duce

2140 1200 2327 1258 Graeco
2373 1203 2871 1262 administrabatur.
2961 1208 3209 1265 Flandris
3295 1218 3477 1264 autem
3555 1209 3721 1263 Con-

2141 1296 2485 1367 stantinopoli
2567 1298 2771 1367 petitis,
2888 1298 3205 1357 Theodorus
3316 1299 3564 1355 Lascaris
3652 1301 3721 1355 in

2141 1388 2324 1443 Asiam
2397 1389 2656 1444 minorem
2734 1392 3032 1461 profectus,
3088 1393 3251 1448 urbes
3296 1396 3363 1447 ad
3411 1393 3717 1463 imperium

2141 1490 2447 1550 spectantes
2485 1496 2515 1535 a
2553 1482 2782 1537 ducibus
2813 1483 3043 1555 Graecis,
3074 1486 3164 1555 qui
3196 1500 3256 1540 se
3286 1484 3340 1539 in
3390 1485 3490 1540 ista
3519 1499 3717 1539 rerum

2142 1573 2555 1643 perturbatione
2598 1574 2849 1633 dominos
2887 1591 3076 1631 earum
3112 1576 3374 1642 fecerant,
3417 1576 3578 1633 sicuti
3613 1592 3721 1631 su-

2143 1680 2237 1733 pra
2268 1665 2472 1720 dictant
2503 1682 2655 1721 num.
2689 1665 2778 1731 15,
2829 1668 3125 1734 repetebat.
3182 1669 3361 1739 Atque
3396 1668 3501 1722 hoc
3549 1668 3723 1724 modo

2142 1756 2458 1812 Ci-lvianum
2518 1773 2736 1830 quoque
2796 1760 3002 1828 redegit
3084 1761 3139 1825 in
3176 1767 3523 1831 potestatem,
3576 1760 3727 1815 duce

462 1823 850 1920 fPPmMiO'li“
901 1824 1210 1920 explicas“
1253 1833 1565 1920 “Wnl“5-
1613 1824 1771 1920 “fl?
1820 1824 2041 1882 θηθτίυί
2073 1815 2446 1914 BTheodoro,
2511 1815 2670 1920 quem
2756 1865 2788 1905 a
2852 1815 3148 1908 stoliditate
3177 1815 3195 1831 I
3237 1815 3723 1911 Morotbeodmm

463 1918 562 1971 loci
592 1919 917 1971 mentionem
949 1918 1218 1973 Cetlriuus
1251 1927 1304 1973 et
1331 1918 1445 1981 alii,
1477 1920 1570 1988 qui
1607 1934 1637 1973 a
1675 1917 2037 1987 Bulgarorum

463 2010 609 2065 crede
631 2021 859 2067 vocatus
889 2011 1051 2066 fuerit
1077 2010 1578 2083 Bulgaroctonium.
1608 2012 1691 2065 Ad
1724 2012 1844 2080 eius
1893 2013 2042 2066 vocis

462 2101 821 2161 imitationem
882 2103 1064 2158 licebit
1124 2104 1223 2159 hoc
1286 2103 1413 2158 Sevi
1462 2103 1711 2173 Zunguni
1746 2103 2038 2159 Tureicum

460 2192 685 2247 reddere
713 2196 1006 2263 composita
1043 2210 1172 2250 voce
1203 2195 1415 2256 Graeca.
1448 2196 1895 2251 Servoctonium.

670 2307 757 2362 58.
789 2305 1061 2363 Gilderum
1109 2308 1342 2377 Bajazit,
1379 2307 1553 2378 Jacup
1598 2308 1793 2365 Zelebt'.

526 2397 682 2465 Quod
734 2399 963 2471 Bajaziti
996 2401 1188 2454 datum
1246 2399 1348 2454 fuit
1397 2410 1701 2471 cognomen
1762 2400 2042 2455 Gllderum

459 2492 574 2548 sive
637 2489 922 2557 Gilderuu,
985 2492 1443 2562 significationem
1530 2491 1775 2548 fulminis
1849 2490 2042 2567 habet;

463 2582 685 2653 perinde
711 2598 777 2638 ac
802 2584 871 2637 de
894 2583 1090 2652 priscis
1118 2583 1224 2647 illis
1273 2584 1513 2654 regibus,
1566 2583 1860 2638 Alexandri
1912 2600 2042 2640 suc-

458 2676 793 2741 cessoribus,
826 2675 1311 2746 quidamCerauui
1373 2677 1492 2732 sive
1550 2676 1793 2734 fulminis
1844 2682 2047 2748 cognoa'

463 2781 587 2821 men
633 2767 848 2834 habuit,
875 2767 1065 2823 eadem
1111 2783 1179 2823 ex
1213 2780 1379 2824 causa
1435 2768 1750 2835 celeritatis,
1789 2781 1843 2824 et
1874 2771 2047 2840 impe-

462 2875 550 2916 tus
588 2858 838 2916 inbellis
887 2859 1141 2931 gerendis
1192 2860 1385 2916 subiti.
1445 2861 1674 2930 Ltelapis
1730 2860 2044 2932 appellatio;

461 2968 624 3024 quam
653 2954 702 3009 ei
755 2952 976 3023 quidam
1027 2966 1089 3006 ex
1140 2950 1384 3008 Laonico
1434 2953 1704 3017 tribuunt,
1758 2952 2048 3020 signiﬁcati

460 3046 688 3103 alterius
716 3053 818 3101 est.
875 3046 966 3100 Sic
999 3044 1143 3099 enim
1179 3043 1451 3099 turbinem
1481 3044 1653 3099 Graeci
1708 3051 1929 3099 vocant.
1984 3042 2049 3099 Et

2143 1939 2508 2010 appellabant,
2539 1942 2735 2014 eiecto.
2776 1940 2971 2001 POStea
3025 1953 3203 1999 tamen
3270 1944 3725 2000 decrescentibus

2144 2033 2403 2104 paulatim
2459 2033 2769 2105 Griecorum
2812 2034 3042 2098 viribus,
3104 2034 3421 2092 Celvianum
3452 2052 3485 2090 at
3518 2036 3719 2091 Tuscis

2143 2135 2465 2195 occupatum
2489 2126 2680 2190 fuisse,
2707 2138 3137 2185 consentaneum
3173 2135 3287 2185 est:
3331 2128 3538 2197 quippe
3561 2131 3721 2196 cuius

2144 2219 2258 2288 agri
2349 2219 2649 2287 principem
2717 2220 2959 2277 Turcum
3028 2218 3298 2277 Laonicus
3361 2218 3725 2274 Cet-minutim

2143 2320 2318 2366 vocet.
2415 2310 2736 2372 Reinercius
2812 2310 2998 2368 Μειρςί
3054 2322 3109 2366 et
3173 2312 3396 2367 Azatlini
3495 2312 3728 2366 [τιν-ειη

2145 2405 2425 2459 Aladiuem
2483 2405 2647 2460 tradit
2702 2405 2950 2461 eumdem
3010 2419 3130 2462 esse
3178 2404 3351 2459 videri
3409 2421 3535 2459 cum
3580 2403 3730 2458 Lao-

2147 2496 2252 2551 uiri
2309 2496 2623 2563 Germiano,
2679 2498 2769 2567 qui
2830 2496 3069 2567 regnarit.
3123 2496 3340 2562 lconii,
3399 2505 3566 2565 atque
3618 2496 3730 2551 hae

2147 2590 2409 2659 dignitate
2459 2599 2701 2653 exutus,
2761 2590 2813 2644 in
2864 2588 3072 2646 loniam
3139 2588 3481 2659 profugerit,
3533 2588 3727 2657 ibique

2148 2685 2312 2736 vitam
2339 2682 2625 2749 privatam,
2670 2680 2908 2749 quietem
2952 2662 3236 2751 Implestis
3267 2682 3457 2748 egerit.
3477 2682 3547 2735 ita
3576 2682 3712 2749 qui-

2146 2772 2322 2826 deme
2346 2771 2525 2827 verbis
2555 2771 2775 2827 Laouiri
2799 2770 2975 2842 colligi
3030 2785 3191 2844 posse
3220 2772 3419 2835 fateor.
3471 2772 3708 2842 adeoque

2149 2881 2257 2919 non
2325 2864 2424 2918 abs
2475 2879 2533 2918 re
2591 2864 2782 2929 videri,
2838 2863 3069 2922 Germen
3118 2879 3245 2939 eum
3310 2865 3715 2935 commigrasse.

2150 2959 2324 3029 deque
2346 2957 2469 3013 loco
2494 2956 2759 3012 domicilii
2798 2958 2991 3027 privati
3054 2972 3358 3028 cognomen
3421 2957 3725 3027 accepisse.

2152 3046 2351 3102 Verum
2380 3063 2489 3102 non
2513 3047 2694 3114 video,
2728 3063 2830 3102 cur
2864 3047 3102 3104 hominis
3130 3047 3346 3119 privati,
3388 3049 3729 3120 privatisque

464 3140 760 3207 Baiazites,
793 3153 918 3194 cum
954 3136 1375 3217 vehementioris
1427 3149 1575 3192 esset
1631 3136 1856 3206 ingenii,
1890 3134 2116 3223 facilec
2152 3139 2468 3210 parentibus
2530 3140 2636 3195 orti
2701 3140 2827 3195 tiliae
2884 3140 3102 3210 nuptias
3154 3149 3430 3213 tantopere
3480 3139 3733 3213 Murates

464 3232 669 3286 turbini
701 3229 1127 3289 assimilahatur,
1166 3237 1220 3283 ut
1263 3228 1400 3281 idem
1433 3226 1706 3283 Laenicus
1735 3226 1929 3297 inquit.
1961 3227 2040 3284 De

462 3322 790 3392 cognomine
814 3319 1021 3382 Zelebi,
1090 3318 1235 3388 quod
1269 3320 1358 3377 hic
1403 3316 1589 3388 Jacupi
1644 3320 1924 3380 tribuitur.
1956 3318 2043 3375 di-

465 3425 616 3470 ctum
674 3414 943 3483 superius,
1002 3425 1125 3465 esse
1157 3410 1454 3480 profectum
1521 3425 1588 3466 ex
1643 3411 2041 3466 consuetudine

469 3509 734 3572 Romana,
770 3506 861 3574 qui
916 3504 1282 3559 uobilisSimos
1337 3503 1608 3557 vocabant
1663 3506 2037 3573 Augustorum

467 3600 610 3655 tilios
632 3598 766 3653 italu
800 3598 1052 3651 minores.
1090 3594 1346 3661 Jacupetn
1374 3595 1489 3665 (qui
1514 3593 1750 3663 Jagttpes
1778 3594 2039 3657 Laonico.

468 3690 671 3746 «uostris
692 3689 927 3745 Iacobus
958 3697 1064 3752 est,
1093 3702 1200 3741 non
1243 3685 1538 3756 Josepbns,
1574 3689 1650 3741 uti
1679 3688 1884 3757 putavit
1908 3686 2045 3742 Lao-

469 3786 646 3839 uicus.
693 3782 827 3837 Nam
891 3781 1117 3850 lnssuplt
1175 3781 1370 3836 Turcis
1417 3781 1783 3851 dicitur,-qui
1843 3781 2043 3851 Ioseph

468 3874 693 3946 nostris)
745 3876 991 3930 nonnulli
1038 3882 1240 3929 temore
1302 3885 1569 3928 vocarunt
1640 3873 2042 3930 Soleimanem:

465 3986 590 4025 cum
611 3971 787 4038 patior
811 3969 1055 4023 habenda
1085 3968 1156 4024 sit
1184 3967 1338 4029 ﬁdes,
1398 3969 1500 4023 hac
1532 3969 1749 4035 quidem
1779 3969 1834 4023 in
1867 3979 2043 4037 parte,

466 4062 664 4117 Turcis
692 4073 744 4116 et
782 4062 1006 4120 Graecis,
1035 4075 1197 4128 quam
1233 4059 1389 4127 ipsis.

761 4152 847 4208 39.
885 4149 1155 4205 Germinm'
1185 4149 1607 4214 ditio,:Germiau
1636 4151 1753 4219 beg.

539 4244 1056 4299 GermianumAsize
1087 4243 1312 4317 Minoris
1371 4259 1497 4312 pars
1530 4254 1634 4302 est.
1703 4259 1823 4313 quae
1877 4243 2052 4299 Caria:

467 4337 661 4399 veteri,
708 4350 831 4388 cmn
893 4344 1045 4404 parte
1110 4333 1291 4403 Lydiae
1344 4336 1689 4406 Ma-oniaeque
1739 4339 2050 4404 respondet,

469 4434 738 4496 quatenus
769 4428 834 4482 ad
896 4428 1285 4482 mediterranea
1338 4427 1737 4500 Phrygiamque
1787 4429 2048 4498 majorem

2147 3243 2296 3304 pater
2332 3232 2557 3303 Bajaziti
2592 3233 2705 3286 tilio
2733 3231 3055 3296 conciliare,
3112 3245 3417 3301 pompaque
3456 3232 3733 3297 .magniti-

2141 3324 2450 3381 centissima
2481 3311 2766 3379 celebrare
2789 3323 3084 3385 studuerit,
3113 3321 3204 3392 qui
3233 3321 3506 3393 pracipue
3532 3334 3732 3393 poten-

2142 3417 2270 3472 tiam
2331 3412 2570 3471 atiiuium
2626 3416 2681 3469 in
2733 3413 3033 3485 deligendis
3094 3414 3360 3469 uxoribus
3414 3414 3730 3482 spectabat,

2143 3509 2219 3564 uti
2242 3510 2496 3579 deinceps
2520 3507 2800 3579 apparebit
2828 3523 2893 3561 cx
2925 3506 3058 3560 inito
3079 3522 3201 3560 cum
3248 3505 3442 3561 illustri
3490 3505 3732 3576 despiua

2146 3600 2368 3662 Serviat,
2396 3599 2547 3656 Bulci
2572 3600 2702 3663 tilia,
2735 3598 3009 3668 coningio.
3033 3596 3140 3652 Nec
3157 3598 3284 3652 item
3309 3598 3451 3652 scire
3475 3613 3733 3665 possum,

2144 3694 2235 3764 qui
2256 3693 2456 3747 fuerint
2479 3694 2535 3747 hi
2583 3691 2863 3748 Germiaui
2890 3691 3165 3762 principes
3220 3690 3290 3745 ab
3343 3691 3738 3746 lconiensihus

2145 3785 2285 3838 orti:
2318 3798 2440 3838 cum
2475 3781 2634 3847 eiecti
2657 3798 2685 3835 a
2715 3780 2934 3835 Tataris
2960 3779 3292 3841 lconienses,
3323 3795 3431 3833 non
3457 3780 3509 3831 in
3543 3777 3735 3841 lonia,

2148 3878 2239 3932 sed
2265 3875 2328 3930 ad
2362 3875 2565 3929 )Enum
2599 3875 2788 3928 urbem
2822 3875 2874 3926 iu
2908 3872 3136 3927 Thracia
3162 3871 3494 3926 exsulariut.
3550 3870 3734 3926 Velim

2148 3964 2252 4022 hoc
2272 3967 2435 4021 etiam
2464 3964 2748 4034 explicari,
2781 3976 3022 4032 quonam
3073 3961 3235 4015 modo
3286 3958 3620 4015 Germianus
3664 3975 3733 4013 ex

2151 4059 2345 4112 horum
2405 4057 2639 4133 posteris
2695 4070 2724 4110 a
2781 4053 3020 4122 Bajazite
3078 4049 3299 4121 spoliari
3362 4054 3603 4120 potuerit
3667 4066 3732 4104 ea

2151 4151 2393 4220 regione,
2421 4163 2586 4218 quam
2619 4146 2863 4215 privatus
2898 4144 3038 4217 ipse,
3087 4138 3315 4214 privatis
3363 4141 3445 4214 (ut
3492 4143 3730 4206 dictum)

2151 4239 2471 4312 parentibus
2501 4249 2682 4304 natus,
2709 4252 2816 4292 non
2849 4234 3192 4306 possidebat?
3242 4250 3350 4303 qtto
3380 4236 3506 4287 item
3563 4236 3730 4287 modo

2156 4333 2329 4404 possit
2352 4347 2381 4386 a
2410 4331 2758 4386 Temirlauco
2783 4330 3065 4383 restitutus
3099 4328 3153 4381 in
3204 4328 3278 4389 id,
3301 4325 3444 4394 quod
3489 4326 3542 4380 in
3578 4336 3728 4396 pote-

2156 4436 2294 4480 State
2311 4440 2418 4478 non
2452 4422 2756 4477 habuerat?
2798 4418 2920 4475 llaec
2941 4421 3084 4473 enim
3124 4418 3179 4471 in
3227 4417 3528 4471 Annalibus
3581 4419 3722 4470 hisce

470 4526 553 4579 hae
584 4523 835 4578 tendunt.
894 4518 1175 4603 Licet_hoc
1204 4520 1285 4575 vel
1339 4535 1405 4574 ex
1459 4536 1525 4574 eo
1577 4522 1851 4590 colligere.
1904 4521 2047 4591 quod
2078 4500 2565 4571 Ddisertctradita
2615 4514 2887 4583 leguntur.
2932 4510 3077 4566 Sunt
3128 4510 3232 4563 alia
3284 4522 3504 4577 quoque
3547 4509 3724 4575 plura,

471 4632 617 4681 nunc
642 4615 803 4669 etiam
830 4612 954 4667 Nisa
990 4613 1290 4666 collocetur
1338 4612 1392 4665 iu
1432 4611 1747 4671 Germiauo.
1776 4627 1900 4680 qua:
1951 4626 2048 4666 ve-

471 4708 679 4761 teribus
705 4716 789 4761 est
818 4706 958 4774 Nysa
1002 4705 1177 4759 Caria:
1227 4704 1636 4759 mediterranea:
1678 4702 1892 4765 civitas,
1928 4719 2049 4758 ver-

471 4814 565 4855 ens
595 4800 921 4857 Maeandrum
948 4796 1193 4852 ﬂuvium.
1243 4797 1356 4851 Leo
1378 4797 1612 4866 Sapiens
1637 4795 1931 4865 imperator
1994 4796 2049 4850 in

472 4889 695 4945 Novella
732 4890 801 4944 de
828 4889 1064 4945 Thronis
1092 4888 1325 4959 appellat
1352 4887 1603 4959 Nyssam,
1654 4887 1755 4941 sub
1778 4885 2051 4956 Ephesina

477 4981 790 5050 metropoli.
867 4980 1131 5035 I‘neterea
1200 4979 1551 5034 Germianum
1613 4978 1808 5051 fluvius
1870 4961 2052 5033 Madre

478 5089 627 5131 nunc
652 5073 917 5134 interluit,
956 5082 1014 5126 ut
1035 5074 1167 5129 olim
1188 5057 1753 5127 Maander'indicatas
1779 5070 2050 5141 regiones,

477 5169 569 5232 nni
603 5170 831 5234 prorsus
854 5162 995 5218 idem
1041 5180 1165 5217 cum
1196 5163 1399 5218 Madve.
1449 5160 1654 5217 Nomen
1689 5163 1865 5231 ipsum
1914 5161 2049 5217 Ger-

479 5260 644 5315 miani
678 5260 823 5313 unde
853 5256 1052 5310 factum
1082 5258 1174 5317 sit.
1224 5262 1376 5309 certe
1433 5253 1617 5309 dicere
1646 5269 1752 5308 non
1792 5267 2050 5321 possunt:

479 5355 585 5407 nisi
614 5354 844 5407 velimus
867 5347 1124 5405 a‘Germe
1151 5348 1417 5413 derivare,
1444 5347 1589 5416 quod
1624 5347 1804 5416 oppidi
1830 5356 1886 5402 et
1938 5347 2054 5416 epi-

479 5452 739 5512 scOpatus
778 5454 977 5496 nomen
1008 5449 1090 5494 est
1130 5439 1187 5494 in
1222 5436 1421 5491 Leonis
1444 5436 1669 5506 Augusti
1724 5436 1942 5492 Noveila
1990 5439 2056 5491 de

482 5534 743 5601 Thronis,
780 5534 1048 5601 Cyziceno
1111 5530 1443 5599 Hellesponti
1505 5531 1928 5599 metropolitano
2000 5530 2053 5584 in

481 5627 611 5679 Asia
638 5626 861 5681 subditi.
926 5626 1128 5680 Praetor
1160 5631 1361 5684 uoster.
1390 5624 1491 5691 qui
1531 5623 1639 5679 200
1689 5624 1815 5693 plus
1878 5624 2058 5678 minus

484 5720 644 5775 annis
672 5731 797 5776 ante
812 5720 1299 5790 Chaleocondylcm
1325 5732 1477 5772 suam
1509 5716 2053 5787 scripsit-historiam.

488 5812 701 5876 videtur
730 5815 782 5868 in
841 5814 974 5870 locis
1026 5810 1318 5870 Gcrmiano
1369 5809 1844 5885 respondentibus,
1882 5809 2056 5878 κείο-

2152 4624 2273 4678 qua:
2297 4609 2363 4661 de
2394 4607 2478 4661 his
2501 4606 2554 4660 in
2597 4605 2836 4659 medium
2865 4603 3057 4657 aﬂerre
3111 4614 3351 4666 possem,
3384 4614 3448 4658 ac
3479 4599 3734 4654 nomina-

2154 4701 2248 4754 tim
2279 4701 2491 4765 docere,
2519 4701 2654 4753 duos
2708 4696 2903 4751 fratres
2926 4695 3254 4750 lathatinem
3308 4706 3363 4746 et
3415 4691 3733 4754 Aladinem,

2154 4808 2292 4863 quos
2326 4791 2650 4846 Reiueccius
2683 4788 2737 4843 in
2777 4788 3141 4844 Icouiensium
3171 4796 3458 4842 stemmate
3492 4784 3737 4841 Caicbo—

2153 4887 2294 4940 srois
2327 4886 2469 4939 tilios
2495 4883 2647 4948 facit,
2680 4883 2755 4936 uti
2811 4880 3244 4941 commentitios,
3294 4887 3351 4934 et
3383 4880 3478 4948 qui
3533 4890 3733 4932 rerum

2155 4982 2207 5032 in
2232 4988 2428 5033 natura
2455 4992 2733 5046 nunquam
2772 4974 3104 5036 exstiterint,
3144 4973 3532 5043 expungendus
3579 4983 3731 5027 esse.

2154 5071 2353 5126 Verum
2388 5072 2501 5125 haec
2535 5070 2645 5125 alio
2669 5069 2966 5139 pertinent,
2998 5067 3184 5123 futura
3215 5067 3392 5145 cuivis
3412 5063 3730 5128 manifesta,

2157 5182 2278 5219 cum
2332 5172 2529 5232 praeter
2585 5160 2878 5231 aliquando
2942 5170 3127 5215 noster
3185 5160 3239 5215 in
3276 5161 3451 5214 lucem
3507 5151 3731 5213 exierit.

2142 5256 2579 5324 Quod-denique
2628 5253 2952 5309 Reineccius
3013 5254 3108 5318 ait,
3160 5252 3333 5307 videri
3390 5251 3738 5320 Chalcocen-

2155 5351 2330 5419 dylem
2357 5349 2408 5402 in
2448 5347 2678 5403 Thracia
2705 5347 2974 5402 collocare
3004 5346 3279 5415 regionem
3336 5343 3734 5399 Germianum:

2156 5443 2223 5495 de
2245 5442 2347 5497 hoc
2377 5440 2594 5509 quidem
2628 5438 2925 5493 Germiauo
2967 5452 3073 5491 non
3134 5447 3311 5502 potest
3342 5434 3540 5504 accipi,
3600 5448 3734 5489 cum

2157 5533 2319 5587 situm
2348 5533 2404 5586 in
2433 5531 2679 5586 Anatolia
2708 5531 2800 5592 sit,
2855 5539 2911 5584 et
2966 5529 3066 5584 sub
3100 5529 3468 5583 lconionsium
3498 5525 3738 5596 imperio

2158 5623 2367 5678 Turcos
2409 5621 2637 5677 necdum
2671 5621 2725 5674 in
2779 5621 2998 5689 Europa
3034 5616 3219 5673 ﬁxisse
3253 5622 3442 5686 pedem
3495 5626 3738 5671 constet.

2159 5714 2216 5768 Si
2252 5714 2377 5779 quis
2405 5723 2585 5769 tamen
2637 5711 2909 5766 desiderat
2958 5724 3122 5764 nosse
3168 5708 3299 5778 quid
3359 5711 3460 5764 hoc
3509 5709 3738 5763 nomine

2159 5792 2433 5865 Laonicus
2469 5805 2749 5877 intelligat,
2780 5808 2826 5861 is
2879 5802 3037 5869 sciat,
3070 5802 3211 5875 apud
3249 5801 3485 5858 Leonem
3552 5804 3748 5873 Angu-
