4018 6426
247 360 354 418 ’7ιὸ

1417 365 1818 423 ΡΑἪΠΞΟΤΕ
1861 364 2058 428 HIST.
2097 369 2198 428 TU
2215 371 2304 430 ΗΟ
2321 371 2408 429 lC.

3397 371 3502 431 766

250 486 398 528 stum
439 471 763 524 lllPIlllﬂllelll
796 471 906 523 ﬁeri
935 473 1434 544 archiepiSi-opatus
1466 477 1831 542 Gcrmiornm,
1865 482 1906 537 Α
1938 485 2301 546 monasteriis,
2357 485 2574 538 nomine
2605 499 2708 537 non
2771 486 2905 540 adeo
2949 485 3172 538 recenti.
3203 482 3335 536 Nam
3393 484 3500 537 Leo

255 568 376 618 sive
404 564 704 629 Germiani,
725 579 886 632 quem
919 565 1060 618 inter
1085 565 1389 620 Maronoam
1416 579 1465 620 ιιι
1505 571 1834 639 Arcadinpo-

260 661 355 712 lim
388 656 637 709 Thracia:
668 656 842 709 medio
875 657 1030 724 punit
1071 658 1210 712 loco.
1237 659 1344 714 Nec
1371 660 1422 715 in
1457 661 1671 717 Novella
1701 663 1835 719 Leo-

266 754 355 805 nis
387 750 618 814 Ccrmia,
648 749 736 803 sed
768 747 988 802 Germia
1027 751 1154 817 legi.

270 868 356 921 40.
417 866 638 929 Hemid,
707 865 1029 939 ΑδίΙηξΙιρζ,Δ
1075 865 1362 939 Cute/liga,
1430 869 1830 938 Scidischcher,

935 935 1167 990 Gefvazi.

337 1027 691 1092 Hernici,qu
725 1029 845 1081 aliis
892 1029 1071 1088 Emid.
1128 1030 1336 1083 Umidie
1390 1031 1554 1100 Nigro
1609 1036 1829 1100 dicitur,

260 1119 528 1184 appellata
561 1120 658 1172 fuit
715 1120 913 1188 priscis
951 1123 1082 1175 urbs
1147 1121 1401 1177 Cerasus.
1465 1127 1544 1178 Ad
1597 1125 1829 1181 Pontum

257 1212 694 1279 Cappadocieum
751 1215 921 1267 nostri
975 1213 1251 1278 referunt;
1319 1215 1429 1269 Leo
1462 1217 1713 1285 Sapiens.
1775 1221 1828 1274 in

256 1303 497 1356 Turonis
555 1305 622 1358 ad
682 1305 911 1359 Pontum
946 1305 1387 1362 Pelemoniacum
1431 1327 1444 1362 :
1500 1312 1832 1381 sulnjicitque

253 1397 579 1448 (Ia-rasnntis
624 1399 936 1466 episcopum
997 1401 1416 1462 metropolitano
1450 1402 1828 1459 Neoea-sariaa.

254 1490 570 1543 Acsohchcr
624 1492 677 1544 in
739 1493 927 1547 Ortelii
1005 1493 1188 1548 tabula
1267 1495 1494 1551 Nati-liae
1564 1499 1827 1566 scriptum

253 1581 453 1648 lngitur
478 1582 701 1645 Λυδίη-θ,
735 1583 982 1639 nonnihil
1017 1586 1300 1640 immutate
1327 1590 1546 1642 nomine
1573 1588 1826 1646 Turcico.

254 1671 545 1726 Veteribus
568 1672 772 1728 Graecis
801 1674 941 1730 dicta
975 1675 1170 1732 fuisset
1226 1677 1573 1748 Leucepolis,
1641 1697 1828 1734 recen-

253 1765 490 1818 tioribus
537 1766 879 1834 Asprapoiis:
937 1783 1167 1837 quorum
1243 1780 1532 1841 utrumque
1584 1772 1830 1825 Turcica!

255 1857 600 1923 appellationi
619 1833 936 1928 respondet.
955 1833 1074 1914 iSed
1109 1861 1256 1915 nulla
1299 1862 1392 1916 tali
1419 1833 1664 1920 ,nomine
1692 1865 1827 1919 civi-
1865 1833 1902 1882 Β

255 1963 343 2004 tas
382 1950 431 2002 in
461 1949 525 2005 iis
571 1950 706 2004 locis
771 1953 912 2019 apud
971 1953 1178 2019 priscos
1235 1958 1524 2023 reperitur.
1566 1956 1830 2022 Cutahige

255 2042 482 2106 majoris
512 2053 595 2096 est
620 2043 812 2098 civitas
845 2041 1109 2113 Phrygire,
1163 2047 1437 2113 quondam
1471 2047 1612 2102 dicta
1667 2048 1830 2119 Coty-

251 2138 428 2190 aium.
457 2135 566 2189 Leo
605 2137 834 2204 Sapiens
888 2137 1182 2205 imperator
1214 2140 1552 2207 metmpolim
1588 2139 1831 2211 Phrygia:

258 2226 411 2290 facit,
434 2226 580 2280 sicut
599 2235 651 2280 et
684 2227 843 2281 hodie
881 2228 1113 2282 celebris
1141 2238 1226 2285 est
1279 2229 1330 2283 in
1362 2231 1628 2296 Anatolia,
1672 2235 1829 2304 cujus

261 2317 320 2370 in
343 2319 521 2373 medio
549 2320 648 2372 sita
675 2327 781 2382 est,
835 2329 1056 2388 prepter
1113 2321 1298 2376 sedem
1335 2322 1448 2377 sive
1496 2323 1830 2380 domicilium

261 2410 574 2480 Beglerhegi
623 2412 908 2472 Anatolia.
963 2413 1056 2482 qui
1131 2414 1322 2482 priscis
1382 2411 1642 2472 Romanis
1711 2427 1831 2472 erat

261 2504 558 2574 praefectus
626 2506 1004 2575 praetoriorum
1057 2504 1321 2570 Orientis.
1382 2507 1588 2565 Graecis
1649 2521 1828 2565 autem

262 2613 494 2667 magnus
546 2596 786 2654 Orientis
828 2598 1182 2663 domesticus,
1232 2602 1374 2670 quod
1424 2618 1556 2657 sane
1613 2613 1831 2670 propter

261 2686 476 2756 imperii
537 2697 735 2742 veteris
787 2689 1117 2745 imitationcs

260 2780 377 2835 Non
404 2789 550 2836 recte
590 2790 899 2836 nostrorum
946 2781 1068 2836 aliis
1116 2783 1171 2836 in
1221 2781 1430 2837 Galatia
1481 2785 1723 2852 ponitur,
1773 2794 1829 2840 et

260 2871 400 2925 Cute
427 2871 758 2933 nominatur,
786 2881 845 2926 ut
891 2871 1170 2928 Bellonio:
1221 2873 1380 2928 Jovio
1428 2874 1607 2940 Cutia,
1636 2886 1688 2930 et
1716 2876 1832 2931 Cu-

267 2963 376 3016 teia
405 2981 418 3013 :
451 2961 573 3016 aliis
600 2962 834 3019 Chiutai.
879 2965 962 3019 vel
1019 2963 1236 3019 Kiuthai
1264 2983 1279 3018 :
1339 2966 1464 3020 aliis
1497 2967 1696 3028 Chnta.
1744 2968 1828 3022 vel

264 3058 496 3120 Clintco,
528 3056 622 3126 qui
645 3064 826 3110 tamen
857 3057 957 3112 hoc
993 3059 1218 3113 notati-ne
1245 3058 1510 3128 Corycum
1543 3075 1642 3128 per
1683 3075 1831 3114 erro-

1189 2687 1450 2746 T-urcicas
1506 2693 1826 2747 notandum.
1854 2732 1880 2748 .

1937 587 2150 640 qtmque
2178 574 2467 642 imperator
2507 576 2606 629 sub
2667 568 3160 638 Tlicssaltiiiit-ensi,
3220 584 3500 641 Inetr0p0-

1938 663 2103 715 litano
2137 663 2453 728 Thessaliae,
2529 666 2761 720 colloCat
2817 669 3197 735 episcopatum
3249 665 3499 724 llierissi,

1935 769 2093 822 quem
2121 755 2221 808 alia
2273 758 2474 811 dictum
2511 759 2866 826 appellatione
2917 761 3082 813 tradit
3128 761 3500 828 episcopatum

1937 847 2129 901 Montis
2161 851 2352 905 sancti.

2100 942 2192 995 ω.
2232 940 2466 1010 Usen/ia,
2501 943 2636 996 Tilia
2670 943 2820 1009 felix,
2869 946 3058 1014 Tungri
3087 943 3320 1013 Ciclugi.

2004 1031 2248 1087 Cassidis
2318 1035 2545 1087 formam
2634 1036 2898 1100 hodieque
2967 1037 3200 1090 retinent
3270 1033 3503 1089 Uscnfnc

1934 1123 2236 1178 Turcornm
2267 1125 2438 1179 instar
2467 1126 2643 1195 pileoli
2677 1127 2914 1191 rotundi,
2947 1128 3119 1180 ovalis
3151 1129 3334 1194 ligtlra:
3362 1170 3374 1186 .
3419 1126 3503 1178 vel

1933 1218 2149 1271 rotundi
2195 1217 2380 1272 calieis
2446 1218 2658 1288 abstine
2717 1219 3028 1288 pedunc‘ulo
3071 1218 3224 1273 facta:
3252 1235 3270 1272 :
3307 1219 3500 1284 ruins-

1932 1309 2079 1363 modi
2127 1325 2360 1366 coronas
2395 1311 2577 1365 ovales
2619 1327 2683 1366 ex
2727 1327 2864 1364 auro
2894 1313 3071 1366 solito
3098 1321 3312 1380 gestare
3358 1314 3500 1365 sole-

1934 1400 2063 1455 bant
2116 1401 2468 1470 imperatores
2506 1402 2701 1458 Graeci.
2735 1403 3011 1471 Planeque
3044 1403 3172 1455 talis
3206 1402 3370 1456 etiam
3403 1402 3503 1454 im-

1934 1492 2234 1560 ponebatur
2293 1495 2417 1548 huic
2471 1492 2758 1562 Theollpto
2810 1495 3160 1562 patriarchae,
3221 1512 3344 1550 eum
3400 1511 3502 1550 nos

1931 1580 2404 1653 Constantinopoli
2428 1600 2697 1648 essemus,
2724 1601 2750 1638 a
2777 1585 2990 1640 duobus
3011 1587 3129 1639 aliis
3153 1595 3280 1639 time
3302 1585 3500 1638 ibidem

1934 1675 2290 1742 praesentibus
2338 1677 2662 1746 patriarehis
2714 1675 2980 1733 Silvestre
3036 1676 3421 1741 Alexandrinae,
3451 1688 3505 1729 et

1933 1763 2194 1818 Michaele
2249 1766 2612 1832 Antiocheno,
2655 1768 2742 1822 die
2779 1785 2809 1822 χ
2843 1766 3022 1822 Martii
3083 1768 3302 1831 mensis,
3359 1783 3504 1821 anno

1936 1855 2252 1910 Christiano
2284 1857 2420 1912 1585
2441 1901 2453 1922 ,
2489 1873 2598 1928 quo
2634 1870 2878 1929 tempore
2923 1863 2993 1914 ab
3026 1861 3110 1915 eis
3139 1862 3507 1928 inauguratio-

1940 1958 2025 2000 tur
2049 1990 2063 2010 ,
2106 1950 2249 2016 quod
2285 1948 2459 2004 Οτιθοί
2497 1963 2692 2005 vocant
2723 1953 2775 2005 in
2810 1953 3063 2006 thronum
3101 1953 3377 2006 collocari.
3409 1955 3509 2003 So-

1939 2037 2049 2090 lent
2088 2037 2352 2108 hodieque
2389 2037 2639 2094 Genizari
2690 2051 2742 2095 et
2775 2042 2868 2095 alii
2918 2041 3142 2095 ditiores
3164 2058 3377 2096 exauro
3420 2059 3511 2096 su-

1936 2131 2045 2184 lido
2073 2132 2243 2185 factas
2262 2134 2513 2186 useusias
2532 2143 2764 2194 gestare.
2785 2133 2955 2189 Pecos
2984 2136 3097 2203 ipse
3117 2136 3223 2189 ridi
3247 2137 3326 2189 sic
3351 2151 3508 2189 arm-

1939 2231 2019 2276 tos
2031 2223 2120 2290 qui
2136 2222 2334 2278 sultani
2350 2222 2649 2280 Turcorum
2670 2241 2922 2281 cursores
2938 2229 3304 2291 snnt,circum
3325 2227 3505 2296 ipsum

1937 2329 2150 2381 semper
2171 2316 2609 2382 obambulantes,
2634 2333 2758 2373 cum
2791 2331 2822 2372 e
2851 2319 3030 2374 saraia
3065 2319 3268 2387 prodit.
3293 2317 3501 2371 Nomen

1938 2404 2090 2461 Tiliae
2118 2406 2288 2462 felicis
2307 2406 2602 2463 Turcicum
2637 2410 2689 2463 in
2725 2409 3022 2481 archetypo
3044 2409 3260 2479 legitur.
3286 2410 3508 2464 Devetlu

1935 2495 2080 2552 Caba
2118 2499 2262 2568 Agaz
2299 2514 2314 2552 :
2348 2513 2581 2567 quarum
2617 2513 2814 2554 vocum
2850 2500 3025 2570 prima
3059 2500 3268 2555 felicem
3301 2501 3508 2570 signifi-

1936 2601 2044 2654 cat,
2077 2590 2248 2646 altera
2287 2592 2486 2657 tiliam,
2515 2592 2766 2646 arborem
2816 2593 2996 2648 tertia.
3039 2593 3169 2659 Quae
3207 2610 3338 2647 vero
3367 2593 3512 2646 130ιί-

1938 2697 2022 2736 nae
2054 2685 2128 2737 ab
2149 2684 2435 2740 eversione
2465 2684 2647 2738 divina
2672 2685 2940 2740 mansisse
2965 2686 3166 2740 dicitur
3197 2685 3510 2754 appellatio,

1935 2775 2122 2840 lingua
2173 2774 2403 2832 Turcica
2461 2776 2661 2848 Tungri
2720 2777 2935 2849 Gictug-i
2986 2778 3416 2848 pronuntiatur,
3453 2775 3508 2830 id

1935 2878 2037 2934 est,
2078 2869 2220 2926 Deus
2248 2871 2465 2926 evertit.

2254 2963 2346 3018 45.
2377 2964 2714 3027 ϐυιηαιιίηα,
2749 2962 3002 3029 Marolia,
3038 2961 3210 3018 Seres.

2007 3057 2134 3114 llam
2188 3058 2384 3128 Oppida
2432 3057 2568 3112 locis
2605 3057 2765 3127 paulo
2819 3065 2944 3111 ante
3005 3057 3300 3112 nominatis
3329 3058 3510 3111 vicina

263 3167 375 3206 rem
407 3150 708 3220 accipiunt,
763 3149 832 3204 de
883 3165 992 3218 quo
1037 3153 1090 3204 in
1140 3145 1476 3205 Mnehémcte
1539 3151 1581 3205 ll
1643 3153 1826 3215 latius.
1858 3185 1901 3243 ο
1937 3162 2086 3212 sunt,
2133 3151 2361 3207 ulterius
2413 3151 2488 3205 in.
2521 3150 2784 3206 Graciam
2818 3150 2886 3205 de
2921 3151 3010 3206 die
3036 3151 3247 3206 scilicet
3279 3152 3330 3206 in
3362 3151 3506 3206 diem

259 3242 640 3297 Seidischeher
687 3240 1133 3305 Tureis,Graseis
1177 3241 1502 3312 Hierapoli-3,
1552 3244 1827 3299 civitatem

262 3345 504 3390 sanctam
527 3334 640 3388 sive
664 3349 876 3388 sacram
903 3335 1359 3402 signiticet..8unt
1409 3345 1589 3389 autem
1641 3335 1832 3390 Hiera-

266 3430 417 3497 poles
443 3430 496 3481 in
538 3428 782 3481 Anatolia
846 3429 931 3480 vel
972 3430 1100 3482 Asia
1151 3429 1350 3482 minori
1400 3429 1588 3496 plures
1635 3439 1834 3498 pra-ter

273 3521 547 3590 Syriacam
578 3531 628 3574 et
664 3521 816 3583 alias,
847 3538 967 3588 quae
1001 3521 1107 3575 huc
1157 3537 1263 3575 non
1296 3522 1586 3591 pertinent.
1655 3521 1830 3575 Unam

270 3610 379 3666 Leo
400 3612 625 3681 Sapiens
659 3612 935 3681 Augustus
967 3613 1201 3666 collocat
1249 3614 1302 3665 in
1349 3613 1580 3682 Phrygia
1618 3613 1834 3668 Saluta-

268 3707 331 3771 ri,
391 3707 494 3760 sub
545 3706 959 3773 metropolitano
1023 3706 1344 3775 Synadensi.
1411 3706 1647 3759 Alteram
1705 3707 1833 3759 facit

263 3798 606 3866 metropolim
636 3797 874 3867 Phrygiae
917 3796 1287 3866 Cappatianaa.
1323 3795 1413 3850 Sic
1436 3797 1580 3849 enim
1626 3799 1678 3848 in
1711 3797 1828 3864 ipsa

257 3885 460 3942 Leonis
489 3886 708 3940 novella
744 3887 962 3957 legitur,
989 3902 1110 3939 cum
1144 3887 1346 3940 rectius
1379 3887 1493 3938 haec
1521 3886 1626 3938 diei
1660 3885 1832 3957 Phry-

262 3981 346 4049 gia
383 3979 670 4034 Paeatiana
701 3981 952 4032 videatur
988 3981 1042 4033 in
1077 3979 1217 4033 libro
1239 3981 1304 4034 de
1327 3981 1612 4048 utriusque
1663 3980 1830 4048 impe-

263 4074 328 4126 rii
357 4076 563 4128 notitia.
618 4075 809 4129 Lector
848 4085 1024 4130 utram
1097 4075 1261 4136 volet.
1313 4075 1562 4143 accipiat.
1612 4071 1829 4129 Gclvazi

262 4168 502 4236 denique
526 4167 794 4236 reperitur
823 4169 877 4221 ln
903 4168 1172 4221 Anatoliae
1225 4169 1427 4228 tabula,
1477 4181 1580 4220 non
1645 4166 1834 4234 procul

262 4262 620 4316 aCerasunte
685 4261 766 4314 vel
829 4261 1037 4315 Omidie
1093 4263 1233 4324 sita;
1306 4261 1398 4314 sed
1457 4259 1834 4313 immutatione

262 4356 569 4408 litterarum
601 4354 818 4419 exigua,
851 4353 1111 4407 Ginlvaza
1143 4352 1419 4406 scribitur.

681 4445 770 4499 41.
807 4449 1137 4513 Magaigara,
1194 4441 1406 4495 Bolina.

1937 3243 2470 3312 progredientibus-e
2498 3241 2730 3298 Thracia
2792 3240 3014 3300 Turcis.
3071 3242 3210 3298 Sunt
3262 3244 3404 3298 enim
3455 3244 3510 3298 in

1933 3335 2136 3391 ﬁnibus
2161 3336 2402 3390 Thraciis
2435 3335 2760 3391 Gumulzina
2795 3345 2848 3390 ct
2879 3335 3100 3390 Marolia
3124 3378 3137 3397 .
3170 3352 3276 3391 oon
3313 3353 3509 3402 magno

1934 3427 2223 3496 disiunctae
2247 3428 2545 3482 intervallo.
2577 3429 2904 3483 thmulzina
2943 3429 3204 3484 Castaldo
3240 3431 3290 3483 in
3321 3429 3505 3484 tatmla

1936 3519 2158 3575 Cra-ciae
2189 3521 2480 3574 recentiori
2529 3521 2789 3575 Culmaza
2833 3530 3091 3591 corrupte
3137 3523 3336 3590 scripta
3382 3521 3511 3591 lcgi-

1935 3620 2027 3666 tur
2051 3648 2066 3674 ,
2126 3626 2224 3680 pro
2273 3611 2543 3667 Cumulza
2577 3613 2659 3666 vel
2688 3612 2974 3674 Gnmulza.
3007 3627 3170 3682 quam
3201 3612 3365 3667 Turci
3398 3614 3510 3668 Gn-

1935 3705 2226 3758 mulzinam
2257 3713 2468 3758 vocant.
2498 3705 2720 3759 Marolia
2751 3704 2955 3760 Graecis
2977 3717 3060 3759 est
3089 3705 3324 3758 Maronia
3352 3706 3511 3774 ,‘qu:e

1938 3798 2077 3849 inter
2111 3797 2612 3866 archiepiscopatus
2659 3795 2894 3850 refertur
2940 3812 2970 3852 a
3018 3796 3200 3850 Leone
3231 3797 3505 3863 Augusto,

1938 3890 2260 3959 geographia
2320 3891 2522 3944 nostris
2570 3890 2682 3960 jam
2733 3889 2991 3960 Marogna
3023 3890 3240 3942 dicitur.
3281 3889 3394 3942 Sita
3426 3899 3509 3942 est

1936 3982 2074 4035 ultra
2107 3984 2375 4036 civitatem
2407 3981 2628 4042 {Enna}.
2655 3983 2721 4038 de
2751 3998 2854 4050 qua
2884 3998 3112 4036 numero
3139 3983 3209 4036 '52
3241 3983 3504 4047 diximus,

1937 4089 2043 4140 qua
2103 4074 2214 4128 itur
2267 4075 2318 4128 in
2375 4073 2715 4129 Thessaliam
2755 4075 3063 4130 eThraeia.
3109 4076 3271 4130 Seres
3303 4074 3508 4130 Grreeis

1938 4181 2164 4218 numero
2219 4165 2582 4221 multitudinis
2614 4167 2788 4221 Serra:
2817 4168 3090 4231 dir-untur,
3122 4175 3249 4222 urbs
3273 4167 3404 4222 satis
3425 4184 3508 4220 ee-

1938 4257 2127 4314 lebris,
2179 4272 2340 4326 quam
2392 4255 2588 4312 Leonis
2644 4259 2873 4326 Augusd
2937 4259 3144 4312 novella
3180 4259 3341 4314 refert
3373 4258 3449 4310 int
3486 4275 3517 4311 r

1937 4351 2296 4418 metropoles.
2348 4349 2556 4404 Praetor
2585 4349 2808 4405 Graeciae
2859 4362 3041 4406 noster
3095 4352 3234 4403 haud
3262 4352 3452 4419 proenl
3483 4369 3509 4399 η

1935 4441 2114 4504 Cissu,
2134 4443 2198 4494 de
2218 4457 2320 4508 qua
2341 4442 2546 4495 dictum
2577 4455 2807 4495 numero
2836 4443 2903 4496 30
2930 4483 2944 4504 ,
2999 4457 3187 4496 versus
3215 4442 3514 4504 Maritzam,

331 4537 484 4603 Quod
544 4538 798 4606 oppidum
854 4535 1018 4589 Turci
1065 4534 1383 4602 Magalgarm
1425 4535 1643 4589 nomine
1698 4521 1914 4587 θροῦ-Ι)
1942 4533 2021 4585 vel
2060 4532 2296 4586 Hebrum
2333 4533 2552 4597 ﬂutIien,
2579 4536 2832 4588 collocat.

264 4631 433 4697 piant,
470 4627 610 4680 seire
655 4637 800 4681 certe
830 4641 937 4678 non
988 4641 1249 4694 possum:
1284 4624 1332 4675 id
1363 4624 1588 4692 quidem
1648 4624 1830 4678 dicere

264 4721 411 4775 licet.
451 4719 816 4786 quodcunque
861 4719 1078 4770 tandem
1107 4718 1197 4775 sit,
1243 4716 1296 4767 in
1336 4712 1830 4778 linibus'l'hraciae,

263 4811 579 4873 'l‘hessalim,
631 4809 956 4864 Macedonia:
1012 4810 1182 4877 quagri
1247 4808 1462 4861 debere.
1528 4804 1832 4860 Gauderius

261 4908 530 4970 interpres
561 4900 794 4956 Czrsaris
825 4902 1108 4955 adnotarat
1135 4900 1330 4962 videri,
1372 4900 1517 4967 quod
1550 4903 1618 4954 sit
1651 4899 1832 4971 Mega-

255 4997 472 5064 lopolis.
509 4996 614 5048 Sed
651 4995 740 5048 illa
766 5009 874 5047 non
908 4995 962 5047 in
992 4995 1077 5047 his
1101 4993 1416 5060 regionibus
1451 4993 1628 5046 locum
1649 4993 1830 5056 habet,

251 5095 351 5146 sed
387 5091 438 5142 iu
492 5090 668 5143 Morea
735 5103 829 5142 seu
894 5087 1298 5154 Peloponneso:
1366 5100 1464 5138 nec
1528 5084 1830 5152 Magalgara

253 5199 406 5234 ltltltc
472 5181 694 5238 dicitur,
773 5181 872 5232 sed
933 5178 1183 5232 Leontari
1249 5178 1430 5244 vulgo,
1487 5177 1831 5230 Leontarium

252 5275 501 5329 Laonico
531 5284 584 5327 et
613 5274 736 5327 aliis
765 5273 1182 5326 recentioribus.
1225 5270 1384 5340 417
1421 5270 1619 5334 Siquis
1643 5270 1828 5336 appel-

251 5369 519 5420 lationem
551 5365 796 5420 Grmcam
853 5364 1170 5434 Magalgarae
1227 5363 1526 5430 proximam
1581 5364 1831 5431 requirit.

255 5460 658 5530 Megalagoram
685 5459 953 5528 accipiat:
984 5473 1090 5526 qua
1150 5456 1324 5509 forum
1360 5470 1612 5522 niagmnn
1667 5455 1835 5523 signit-

258 5553 481 5606 ficatur.
517 5549 596 5604 Ex
636 5552 828 5604 eodem
865 5549 1104 5602 locorum
1167 5549 1276 5600 situ
1323 5546 1546 5613 colligo,
1585 5545 1831 5599 Bolinam

259 5642 459 5698 Turcis
491 5643 716 5704 dictum,
769 5655 889 5708 quae
912 5638 1117 5694 Grmcis
1141 5648 1225 5692 est
1261 5637 1586 5707 Appollonia
1636 5639 1835 5691 montis

259 5715 532 5799 Attii,qni
564 5749 707 5787 nune
764 5731 970 5798 llagion
1017 5729 1178 5792 Oros,
1233 5731 1348 5783 sive
1406 5745 1560 5782 mons
1612 5740 1836 5783 sanctus

264 5827 589 5893 ap,-ell.itur,
627 5821 1052 5890 afreqntrntilms
1082 5822 1158 5890 (nt
1197 5819 1410 5890 (mitior)
1443 5818 1828 5888 Calogerornm

2078 4625 2166 4677 Μ.
2200 4625 2435 4689 Cavala,
2473 4627 2614 4689 Dire,
2647 4626 2818 4691 Sirns,
2856 4625 3138 4687 Mannstir,
3172 4625 3403 4682 Seleruc.

2012 4716 2347 4770 Recitantur
2381 4719 2574 4772 ordine
2619 4719 2802 4787 plures
2864 4733 2891 4769 a
2947 4718 3144 4772 Turcis
3176 4731 3346 4786 captae
3381 4721 3516 4773 eiii”

1939 4818 2076 4862 tates
2109 4808 2174 4860 .in
2221 4807 2524 4862 conlinibus
2554 4807 2834 4871 Thracias,
2873 4808 3199 4864 Macedoniae
3233 4851 3246 4873 ,
3281 4811 3517 4865 Thessa-

1944 4899 2052 4951 liae.
2109 4899 2312 4953 Cavala
2365 4915 2556 4954 versus
2600 4898 2883 4969 Philippos
2935 4902 3264 4957 Macedonim
3327 4908 3517 4959 tendit.

1945 4991 2312 5060 Buccphalum
2348 4993 2553 5058 putavit
2585 4992 2861 5048 Bellonins
2909 4997 3152 5062 antiquis
3185 4997 3354 5050 fuisse
3437 5001 3513 5052 di-

1944 5094 2117 5146 ctam,
2161 5085 2229 5137 ab
2278 5101 2422 5153 equo
2463 5086 2606 5154 regis
2627 5085 2941 5142 Alexandri.
3005 5089 3124 5142 Dire
3155 5091 3365 5144 videtur
3399 5107 3520 5146 esse

1945 5176 2105 5229 [)oari
2137 5178 2218 5229 vel
2246 5178 2422 5236 Deari.
2452 5193 2614 5246 quam
2648 5180 2908 5232 eademin
2939 5182 3134 5234 vicinia
3165 5184 3496 5236 recentiores

1943 5267 2230 5334 geographi
2257 5267 2551 5321 collocant.
2581 5265 2762 5327 Siros.
2797 5285 2914 5322 mea
2979 5273 3196 5339 quidem
3231 5273 3511 5341 opinione,

1943 5358 2108 5412 fuerit.
2159 5357 2475 5426 Hierissus;
2506 5361 2668 5428 cujus
2725 5362 3097 5430 episc0patum
3164 5363 3517 5416 Thessaloni-

1943 5451 2090 5505 censi
2140 5453 2347 5506 novella
2387 5451 2585 5506 Leonis
2626 5453 2971 5522 imperatoris
3003 5454 3245 5523 subiicit,
3282 5466 3336 5508 et
3370 5455 3519 5510 Mona

1947 5543 2014 5594 tis
2043 5556 2260 5609 quoque
2286 5544 2461 5595 sancti
2499 5551 2655 5596 vocat
2687 5543 3083 5610 episcopatum,
3119 5551 3178 5594 nt
3201 5543 3364 5610 paulo
3393 5555 3522 5596 ante

1943 5635 2178 5697 dictum,
2232 5652 2461 5692 nurnero
2493 5637 2581 5690 ιΗ.
2609 5639 2717 5689 Ant
2752 5635 2924 5706 Syrus
2956 5653 2983 5689 a
3017 5636 3214 5690 Turcis
3245 5639 3389 5689 dicta
3419 5653 3518 5705 pro

1946 5726 2160 5791 Sidi-us,
2195 5744 2315 5794 qua!
2354 5728 2676 5798 Sidroeapsa
2706 5743 2872 5790 nunc,
2894 5728 2960 5781 ad
2986 5727 3217 5781 Montem
3243 5737 3514 5781 sanctum.

1946 5819 2090 5882 velut
2121 5833 2148 5871 a
2191 5820 2346 5872 nobis
2379 5818 2694 5876 adnotatum
2723 5818 2996 5889 superius,
3031 5835 3256 5875 munero
3292 5819 3374 5875 l8.
3407 5818 3520 5870 51.».
