4018 6460
464 431 570 491 767

1673 428 2004 489 JOANNIS
2045 429 2515 489 LEUNCLAVII

3624 424 3749 485 ’Τι’ῖὸ

464 541 640 594 nastir
697 539 957 609 oppidum
1018 539 1214 595 Turcis
1283 543 1504 602 dictum,
1544 558 1740 597 nomen
1801 543 2047 598 Graecum
2080 550 2124 601 Α
2157 543 2487 602 Astraeauii.
2532 554 2584 596 ut
2620 543 2951 608 Pt'mcopitze,
3000 551 3058 595 ιιι
3110 540 3313 595 licraii.
3369 539 3741 595 liciucccium

464 636 626 690 habet
645 633 1023 694 Monastirion.
1055 650 1084 686 a
1122 636 1530 705 propinquitate
1565 638 1739 705 (puto)
1767 646 2046 691 monaste-

466 726 668 779 riorum
730 724 930 779 Montis
968 725 1170 786 sancti.
1201 743 1433 794 quorum
1473 728 1650 783 obiter
1681 729 1820 782 facta
1856 743 2045 782 nume-

465 832 528 871 ro
574 818 637 871 l7
672 817 772 871 fuit
805 818 1030 873 mentio.
1073 818 1291 875 Nicetas
1322 822 1393 888 (si
1428 833 1572 876 recte
1620 822 1866 889 memini)
1911 820 2048 876 Leo-

466 923 587 961 nem
623 912 911 977 quemdam
949 910 1375 966 Menastiriotem
1432 914 1694 975 nominat.
1752 914 2043 968 oriundum

466 1013 530 1048 ex
563 1000 663 1051 hoc
702 999 923 1068 oppido.
955 999 1267 1070 Geograpbi
1309 1007 1483 1057 nostri
1518 1001 1782 1057 Monestir
1816 1004 1960 1057 aliud
1990 1003 2043 1057 iu

468 1089 779 1144 Macedonia
834 1102 1083 1161 ponunt,
1141 1096 1285 1147 ultra
1343 1092 1840 1155 Thessalonicam:
1896 1095 2045 1165 quod

467 1182 577 1236 huc
629 1182 904 1251 pertinere
952 1200 1062 1238 non
1107 1186 1379 1248 arbitror.
1414 1188 1486 1242 ob
1522 1189 1854 1243 mentionem
1915 1188 2048 1242 vici-

466 1290 658 1329 norum
697 1276 970 1337 locorum.
1008 1293 1130 1347 quae
1167 1280 1308 1335 ultra
1346 1282 1798 1337 Thessalonicam
1837 1298 1896 1337 se
1935 1298 2043 1337 non

466 1372 774 1440 porrigunt.
808 1372 872 1424 Et
902 1369 1294 1429 Thessalonica
1319 1374 1483 1429 Turci
1526 1391 1634 1429 non
1664 1377 1768 1430 sub
1799 1377 1902 1431 hoc
1929 1376 2046 1431 Mu-

466 1475 587 1517 rate
627 1464 667 1526 1,
699 1465 793 1518 sed
832 1466 952 1533 ejus
987 1476 1285 1536 pronepote
1339 1466 1379 1520 ll
1404 1508 1418 1531 ,
1462 1469 1617 1536 petiti
1643 1478 1794 1524 sunt.
1819 1469 2046 1524 Seleruc

467 1556 523 1609 in
554 1557 958 1611 recentioribus
984 1558 1182 1612 tabulis
1210 1560 1590 1629 geographicis
1622 1576 1729 1614 non
1756 1563 2045 1630 reperitur,

468 1648 571 1703 nisi
607 1649 745 1704 forte
775 1649 846 1704 sit
876 1650 1009 1704 illud
1040 1650 1256 1713 Silelar.
1292 1652 1436 1721 quod
1464 1668 1572 1707 non
1598 1655 1787 1724 procul
1815 1670 1841 1707 a
1870 1655 2047 1709 Monte

468 1751 661 1797 sancto
695 1745 1020 1799 collocatur.

466 1854 557 1912 45.
594 1855 1141 1956 Τιειηὶιοιίιιιςὶ..ΤεἿιὶιὲι
1180 1860 1348 1956 ςὴση.
1390 1861 1561 1956 Ταξιιιεν
1590 1862 1770 1948 ⁸(ἶιιιιιι
1804 1824 2040 1919 ίδιιιιαιι
2076 1901 2117 1956 Β

840 1928 1064 1995 Bonna,
1097 1930 1365 1987 Datames
1412 1932 1621 1989 Tatari.

539 2015 714 2082 Quem
769 2021 945 2075 nostri
995 2037 1104 2076 non
1159 2034 1308 2079 recte
1354 2024 2044 2091 Tamerlanem,et1’am-

470 2108 781 2174 burlanem,
833 2113 1007 2169 (ἓνκοί
1062 2115 1340 2172 Temirem
1414 2128 1614 2173 vocant
1653 2134 1669 2174 :
1716 2121 1816 2176 isa
1848 2122 2044 2177 Turcis

470 2203 791 2274 plerumque
844 2205 1053 2271 Temir,
1106 2209 1189 2263 vel
1251 2210 1454 2267 Temur
1501 2212 1679 2277 Chan,
1710 2215 1855 2284 quod
1886 2216 2046 2283 regia

469 2295 745 2363 dignitatis
777 2308 862 2354 est
892 2315 1117 2366 nomen,
1148 2304 1477 2373 explicatum
1514 2321 1678 2376 supra
1722 2324 1949 2364 numero
1971 2311 2006 2365 ὅ
2027 2348 2042 2371 .

469 2385 574 2442 dici
600 2389 780 2444 solet:
828 2407 893 2447 ac
931 2395 977 2447 si
1018 2395 1398 2452 norninaretur
1444 2395 1817 2467 Hispanorum
1868 2418 2044 2468 more,

472 2478 584 2532 Dan
621 2480 823 2540 'l'emir.
860 2482 1148 2553 Signiﬁcat
1175 2498 1358 2543 autem
1391 2506 1493 2545 vox
1527 2491 1714 2547 Temir
1751 2534 1768 2558 ,
1796 2495 1913 2548 sive
1941 2493 2046 2549 Te-

470 2589 610 2641 mur,
642 2572 869 2637 ferrum.
906 2577 956 2631 id
990 2589 1093 2642 est,
1130 2581 1394 2647 gladium.
1432 2585 1639 2646 Tatari.
1671 2596 1892 2655 ιιι-οιιιει⁵
1920 2606 2046 2642 suc-

469 2678 658 2719 cessus
700 2683 883 2722 rerum
943 2672 1341 2741 prosperrimus
1371 2714 1387 2739 ,
1435 2675 1621 2730 Temir
1650 2677 1813 2732 Cutlu
1844 2694 2048 2747 cogno-

473 2756 747 2812 minaruut
791 2777 804 2814 :
864 2760 967 2815 hoc
996 2772 1100 2825 est,
1148 2762 1353 2819 ferrum
1406 2782 1506 2821 seu
1542 2767 1779 2836 gladium
1808 2768 2043 2824 felicem.

474 2848 874 2920 Nonnunquam
916 2863 1121 2919 tamen,
1155 2866 1213 2909 ut
1245 2856 1351 2911 hoc
1378 2858 1542 2912 etiam
1569 2859 1861 2913 Annaliqu
1899 2859 2044 2925 loco,

471 2940 655 2998 Tcmir
688 2946 837 3000 Lauc
865 2949 1195 3017 appellatur,
1214 2953 1358 3019 quod
1387 2950 1655 3007 Tcmirem
1684 2952 1937 3007 claudum
1968 2952 2045 3008 si-

475 3034 717 3101 gniﬁcat.
745 3035 959 3108 Quippe
996 3038 1370 3103 claudicabat,
1400 3050 1461 3094 ut
1487 3040 1721 3109 ipsemet
1753 3043 2047 3097 confitetur

475 3130 529 3182 in
561 3129 739 3199 primo
771 3145 895 3184 cum
936 3128 1179 3199 Bajazite
1230 3140 1391 3202 capto
1439 3148 1733 3202 congressu
1787 3143 1842 3188 et
1879 3135 2047 3189 collo-

2150 652 2281 689 sane
2306 640 2474 689 miror
2505 654 2568 689 ex
2608 636 2875 697 Sabellico
2906 646 3144 702 repetere
3169 674 3184 699 ,
3234 632 3558 689 Tatarorum
3625 635 3707 688 im
3728 666 3749 675 ο

2147 740 2455 797 peratorcm
2495 739 2654 783 :etate
2689 729 2946 784 Sahcllici
2971 739 3222 783 vocatum
3257 729 3426 783 fuisse
3469 727 3737 793 Nogaiut.

2146 820 2360 890 Quippe
2411 821 2577 890 Nogai
2630 821 2815 876 Tatari
2864 822 3103 877 nationis
3152 831 3239 877 est
3295 837 3519 881 nomen.
3557 821 3743 888 cnqu

2150 916 2401 983 princeps
2446 915 2715 982 hodieque
2768 913 2933 984 Nogai
2976 915 3128 969 Chan
3166 915 3384 968 dicitur.
3429 913 3520 968 Sic
3571 913 3737 983 apud

2149 1005 2575 1076 Par-hymerinm
2626 1004 2806 1076 Negas
2859 1007 3062 1077 Scytha
3125 1007 3345 1072 legitur.
3385 1017 3440 1061 et
3472 1007 3741 1061 Cazanes

2150 1100 2382 1170 Scytha,
2436 1116 2534 1169 pro
2570 1098 2901 1171 Nogaiorum
2924 1138 2940 1164 ,
2977 1100 3061 1153 vel
3095 1099 3422 1169 Nega-orum
3454 1110 3510 1154 et
3547 1099 3740 1154 Casa-

2148 1196 2365 1250 niorum
2398 1198 2588 1251 Chane
2640 1196 2754 1251 sive
2791 1195 3058 1264 principe.
3095 1193 3197 1260 Qui
3232 1209 3362 1247 vero
3386 1194 3495 1249 sint
3522 1195 3574 1249 hi
3618 1194 3734 1248 De-

2148 1300 2385 1354 stenses,
2420 1289 2721 1358 intelligere
2746 1288 2876 1343 licet
2896 1304 2957 1343 ex
2989 1286 3059 1344 iis
3083 1302 3205 1357 qua:
3228 1287 3489 1355 deinceps
3522 1287 3576 1339 in
3611 1287 3735 1341 vita

2150 1383 2508 1437 Muchemetis
2558 1380 2789 1437 secundi
2830 1381 3087 1449 leguntur
3107 1419 3121 1443 ,
3153 1378 3221 1433 de
3250 1378 3495 1432 subactis
3525 1378 3737 1432 incolis

2149 1475 2397 1531 Tauricae
2440 1474 2775 1529 Cherronesi
2809 1482 2931 1543 post
2964 1482 3178 1542 captam
3221 1472 3411 1525 urbem
3447 1470 3731 1537 Capham.

2149 1568 2360 1637 Quippe
2389 1568 2682 1622 Destenses
2718 1582 2842 1620 cum
2876 1565 3136 1620 Kerimiis
3159 1565 3273 1619 sive
3296 1563 3520 1619 Crimiis
3552 1562 3732 1617 Tata-

2150 1662 2229 1717 ris
2284 1660 2544 1727 (Crimslti
2577 1676 2722 1715 nunc
2786 1674 2815 1711 a
2880 1658 3076 1713 vicinis
3137 1655 3443 1723 dicuntur),
3492 1670 3561 1709 eo
3596 1655 3733 1709 loco

2150 1762 2465 1808 nostrorum
2528 1752 2806 1807 curialium
2875 1750 3326 1819 conjunguntur:
3389 1747 3459 1802 de
3518 1748 3731 1817 quibus

2147 1847 2364 1901 Crimiis
2391 1861 2488 1899 nos
2513 1846 2567 1899 in
2595 1843 2984 1912 Supplemento
3027 1839 3305 1896 annalium
3341 1879 3356 1903 ,
3389 1840 3481 1893 ubi
3514 1839 3727 1894 bellum

2149 1942 2253 1994 hoc
2285 1937 2576 1992 decennale
2596 1935 2882 1991 Persicum
2910 1933 3258 2003 exponimus.
3293 1932 3598 1987 luculente.

2144 2057 2234 2112 46.
2273 2056 2463 2108 Lazari
2511 2053 2708 2108 Serviat
2741 2053 3000 2121 principes
3030 2065 3047 2104 :
3086 2051 3344 2115 Bulcoqli.
3378 2049 3717 2112 Bulcovitzii.

2216 2127 2512 2182 Bttcavt'tzit'
2528 2141 2547 2179 :
2578 2124 2899 2186 Cratevitzii,
2922 2123 3242 2178 Cernocilzt't'
3264 2138 3279 2174 :
3302 2121 3649 2175 Karlovitzii.

2218 2219 2295 2274 Ex
2323 2220 2389 2273 iis
2418 2234 2542 2288 qua:
2581 2217 2844 2285 deinceps
2872 2215 2925 2268 iu
2960 2214 3044 2269 his
3070 2213 3378 2268 Annalibus
3409 2223 3729 2281 sequuntur

2146 2313 2584 2368 animadvertere
2610 2310 2737 2365 licet
2768 2327 2783 2365 :
2811 2309 3026 2363 Turcos
3050 2322 3080 2361 a
3115 2306 3325 2360 Lazaro
3352 2306 3434 2359 vel
3461 2305 3731 2361 Eleazaro

2148 2403 2341 2462 Buteo.
2387 2402 2530 2456 sicut
2569 2397 2875 2471 appellatur
2902 2413 2932 2451 a
2972 2396 3405 2466 Cbalcocoudyle
3431 2437 3448 2461 ,
3481 2397 3580 2465 qui
3615 2402 3732 2466 pri-

2148 2512 2268 2549 Itttts
2319 2495 2598 2563 regionem
2655 2493 2794 2547 Istro
2842 2492 3184 2559 adiacentem
3243 2490 3361 2545 sive
3412 2490 3667 2546 Set-viam
3700 2510 3728 2547 a

2150 2589 2429 2658 Stephano
2478 2603 2604 2656 rege
2649 2588 2884 2655 Bulgaro
2951 2596 3145 2641 nactus
3193 2584 3316 2646 fuit,
3365 2599 3727 2640 successores

2146 2698 2360 2743 omnes,
2398 2682 2601 2736 Servis:
2631 2680 2885 2747 despotas
2916 2680 3033 2734 sive
3068 2677 3370 2747 principes,
3415 2676 3716 2744 appellasse

2148 2774 2386 2829 Lazarus
2405 2813 2420 2834 .
2455 2782 2516 2827 ut
2542 2786 2734 2826 omnes
2769 2768 3332 2837 Constantinopoleos
3360 2768 3706 2835 imperatores

2148 2867 2335 2921 itidem
2359 2866 2550 2918 dixere
2575 2860 2991 2916 Constantinos.
3027 2859 3303 2915 Laonicus
3335 2858 3452 2927 ipse
3477 2856 3711 2923 quodam

2148 2961 2200 3014 in
2227 2960 2351 3013 loco
2379 2956 2675 3027 Georgium
2710 2954 2919 3009 Servis:
2949 2953 3235 3020 despotam
3290 2967 3442 3005 more
3481 2949 3721 3004 Turcico

2149 3051 2471 3104 Eleazarum
2512 3049 2629 3103 sive
2661 3044 2926 3101 Lazarum
2961 3058 3159 3099 vocare
3190 3043 3425 3105 videtur,
3460 3042 3553 3097 ubi
3586 3043 3727 3097 dicit

2149 3141 2466 3198 Eleazarum
2492 3140 2591 3210 pro
2616 3138 2881 3208 Belgrade
2914 3137 3115 3191 multas
3158 3138 3324 3190 nrbes
3351 3136 3404 3189 in
3433 3135 3726 3190 Pannonia

471 3223 624 3290 quio.
680 3224 825 3293 quod
881 3225 937 3278 in
1001 3224 1308 3280 Annalibus
1364 3226 1525 3294 longe
1583 3226 2041 3296 pulcherrimum,
2070 3242 2113 3301 ο
2147 3241 2499 3289 consecutum
2538 3246 2569 3285 a
2592 3228 2981 3300 Sigismundo.
3014 3226 3233 3297 Quippe
3258 3226 3500 3282 'l‘homas
3538 3227 3730 3282 Ehen-

475 3326 741 3385 tantoqne
771 3316 1071 3371 monarcha
1108 3317 1330 3389 dignum
1372 3320 1589 3389 legitur.
1622 3320 1686 3373 Et
1714 3319 1806 3375 alii
1834 3321 2048 3376 claudi-

474 3408 706 3461 cationis
754 3406 895 3461 hanc
945 3406 1197 3463 referunt
1224 3424 1468 3475 causam,
1497 3419 1554 3464 ut
1574 3409 1871 3475 Laonicus,
1896 3412 2042 3483 quod

474 3498 719 3565 privatus
749 3500 927 3555 adhuc
972 3511 1027 3557 et
1068 3502 1229 3571 inops
1270 3518 1512 3567 murum.
1546 3519 1658 3574 quo
1684 3505 1850 3562 cinCIi
1880 3522 2045 3577 peco-

472 3607 592 3643 rum
634 3608 825 3660 greges
854 3603 1010 3649 erant
1051 3634 1067 3660 ,
1108 3593 1239 3649 furti
1289 3597 1669 3652 committendi
1702 3613 1872 3653 causa
1911 3614 2043 3655 con-

472 3685 748 3739 accnderit
787 3704 801 3740 :
833 3702 1067 3757 cumque
1089 3703 1147 3743 se
1169 3687 1348 3743 visum
1384 3704 1415 3744 a
1449 3688 1841 3758 patrefamilias
1868 3693 2046 3746 anim-

469 3776 818 3844 advertisset,
842 3778 894 3833 in
930 3788 1129 3834 terram
1157 3780 1438 3846 desiliens,
1467 3797 1593 3836 crus
1620 3782 1843 3853 fregerit
1873 3799 1889 3847 ;
1927 3785 2043 3849 alii,

470 3869 618 3937 quod
667 3869 807 3923 inter
852 3871 1204 3939 pugnandum
1240 3871 1294 3925 in
1329 3873 1467 3941 pede
1502 3872 1842 3937 vulneratus,
1878 3874 2047 3946 418

468 3981 535 4015 ex
592 3979 659 4017 eo
706 3972 953 4034 tempore
1012 3964 1243 4021 claudus
1302 3965 1490 4022 fuerit.
1538 3967 1588 4022 ls
1645 3978 1852 4031 autem,
1884 3968 2043 4036 cujus

472 4056 671 4110 deinde
703 4057 763 4109 ﬁt
794 4058 1021 4121 mentio,
1049 4056 1258 4112 Borcuc
1295 4060 1377 4114 vel
1412 4057 1640 4122 Bercuc.
1681 4059 1898 4130 Egypti
1931 4059 2046 4112 sul-

473 4159 635 4202 tanus
676 4147 797 4202 fuit.
834 4147 896 4225 Et
925 4162 1120 4201 nomen
1145 4147 1310 4217 hujus
1332 4166 1397 4205 ex
1422 4147 1880 4219 Schiltepergerip
1910 4149 2045 4205 Ger.

479 4241 698 4295 manico
731 4240 940 4308 scripto
963 4280 978 4304 ,
1031 4240 1123 4308 qui
1162 4248 1296 4297 tunc
1322 4243 1585 4312 temporis
1613 4243 1854 4298 Asiatica
1886 4257 2045 4308 pere-

475 4334 782 4400 grinatione
830 4342 1089 4403 suscepta
1112 4374 1129 4399 ,
1170 4336 1366 4405 pugnis
1394 4336 1667 4392 Tatarieis
1700 4351 1766 4393 ae
1797 4335 2045 4392 Tureieis

474 4429 744 4493 interfuit,
784 4427 1112 4483 Reineceius
1142 4429 1339 4498 allegat
1374 4448 1388 4485 :
1421 4430 1493 4484 ita
1541 4440 1718 4484 tamen
1750 4445 1779 4483 a
1806 4429 2044 4484 librariis

474 4535 769 4589 mutatum,
794 4536 852 4579 ut
886 4523 1181 4579 Baracloch
1210 4539 1309 4594 pro
1334 4522 1642 4589 Baraltoch,
1668 4524 1750 4577 v'el
1768 4522 2043 4579 Baraltoclt

2147 3326 2340 3381 dorlus
2373 3322 2773 3380 llaselbacltius
2800 3361 2816 3385 ,
2866 3321 2961 3390 qui
2994 3329 3120 3374 tunc
3146 3318 3301 3383 vixit,
3329 3318 3381 3372 in
3411 3318 3730 3375 Austriacis

2151 3437 2317 3476 manu
2350 3418 2571 3487 scriptis
2599 3415 2788 3478 tradit,
2829 3413 2973 3469 hanc
3006 3413 3465 3483 permutationem
3500 3427 3610 3466 non
3642 3413 3732 3466 in-

2150 3525 2229 3568 ter
2245 3508 2655 3581 Sigismundum
2674 3516 2730 3561 et
2750 3505 3088 3568 Eleazarum,
3112 3506 3206 3561 sed
3221 3508 3361 3560 inter
3379 3506 3665 3560 Alhertum
3687 3508 3730 3563 ll

2145 3602 2495 3658 Austriacum
2522 3609 2574 3652 et
2593 3597 2884 3667 Georgium
2899 3596 3103 3652 Servis:
3138 3597 3440 3666 principem
3488 3598 3729 3652 fartam:

2144 3710 2304 3765 quem
2321 3692 2537 3762 quidem
2560 3693 2673 3759 ipse
2695 3698 2874 3753 norat,
2895 3704 3017 3744 cum
3036 3688 3087 3742 in
3101 3689 3224 3742 aula
3243 3686 3500 3742 Friderici
3518 3686 3587 3740 ιγ
3607 3688 3735 3743 ϐεεν

2146 3787 2287 3842 saris
2321 3784 2475 3839 exsul
2530 3781 2836 3837 honoriﬁce
2876 3781 3135 3835 aleretur.
3177 3779 3344 3834 Iidem
3390 3778 3680 3847 principes
3707 3798 3735 3831 τι

2146 3878 2342 3933 Turcis
2368 3874 2563 3930 alicubi
2599 3875 2762 3928 etiam
2817 3872 3057 3941 Bulcoin
3114 3872 3471 3925 nominantur
3517 3873 3592 3941 ab
3621 3872 3738 3928 hoc

2144 3972 2323 4041 primo
2344 3968 2551 4023 Lazaro
2571 3965 2739 4019 Buleo
2768 3939 3027 4034 tanquam
3061 3962 3208 4018 Bulci
3244 3963 3337 4016 ﬁlii
3374 3962 3452 4016 vel
3494 3939 3731 4032 posteri,

2144 4067 2349 4121 sicutet
2366 4061 2669 4130 Michalogli
2689 4071 2741 4116 et
2756 4058 3066 4127 Malcozogli
3084 4053 3505 4120 suttt,llichaelis
3516 4056 3732 4111 etMar-

2146 4156 2194 4212 ci
2218 4154 2437 4224 posteri.
2454 4153 2496 4207 A
2522 4150 2728 4205 Serviis
2748 4159 2928 4205 autem
2950 4148 3162 4203 ratione
3181 4162 3407 4218 prorsus
3423 4149 3727 4205 consimili.

2146 4244 2461 4301 Bulcovitzii
2498 4243 2649 4297 fuere
2672 4242 2868 4307 vocati,
2891 4240 3038 4294 velut
3064 4240 3212 4295 Bulci
3241 4239 3334 4295 ﬁlii
3354 4241 3471 4295 sive
3492 4243 3727 4308 posteri.

2145 4337 2278 4393 Nam
2306 4338 2358 4392 id
2386 4338 2582 4406 lingua:
2602 4335 2888 4389 Slavorum
2914 4342 3006 4387 aut
3032 4331 3395 4396 Veuedorum,
3415 4348 3522 4402 qua
3546 4333 3723 4387 Servii

2146 4441 2391 4493 utuntur,
2417 4428 2682 4484 familiare
2704 4436 2809 4481 est.
2841 4426 2935 4483 Sic
2957 4426 3121 4479 etiam
3160 4425 3430 4490 hodieque
3461 4423 3715 4479 Moscovii

2146 4519 2547 4581 Basilovltzios,
2607 4516 2648 4570 Τ
2655 4515 3120 4580 heodorovitzios,
3174 4514 3572 4575 Juanovitzios.
3593 4543 3603 4551 -
3622 4528 3721 4583 pro

479 4620 663 4683 potius
698 4618 975 4673 scribatur
1003 4656 1016 4671 .
1051 4616 1143 4672 Sic
1175 4593 1320 4671 enim
1345 4633 1411 4672 ex
1436 4617 1745 4671 Annalibus
1773 4616 1924 4671 hisce
1954 4632 2041 4672 re-
2072 4593 2119 4648 θ
2146 4615 2271 4669 ﬁliis
2297 4612 2501 4674 Basilii,
2527 4608 2826 4670 Theodori.
2851 4604 3105 4670 Joannis,
3129 4605 3341 4660 dicunt.
3367 4605 3559 4659 ltidetn
3587 4605 3728 4657 Cra-

469 4711 623 4766 stitui
651 4711 829 4765 debet.
852 4710 1055 4764 Nomen
1079 4710 1259 4778 ipsum
1290 4709 1573 4764 Borckuck
1603 4709 1685 4762 vel
1710 4707 2043 4774 Baracltock,

475 4804 668 4857 divisis
701 4804 945 4867 vocibus,
982 4804 1089 4859 erit
1120 4802 1293 4859 Barac
1329 4802 1473 4861 Kuk.
1506 4805 1585 4856 vel
1614 4800 1791 4855 Barac
1827 4799 1966 4869 Gog.
1992 4800 2043 4853 id

476 4902 583 4954 est,
618 4892 733 4961 Gog
767 4895 1107 4957 benedictus,
1164 4895 1279 4949 sive
1320 4895 1577 4948 laudatus
1602 4902 1658 4948 et
1690 4893 1946 4963 inclytus.
1982 4890 2047 4947 Et

478 4985 660 5039 statim
711 4985 781 5039 ah
840 4985 998 5040 initio
1053 4985 1448 5040 declarationis
1476 4985 1770 5039 Annalium
1805 4985 1871 5038 de
1901 4982 2044 5046 Kuk,

474 5076 617 5140 Guk,
645 5088 695 5131 et
725 5076 861 5147 Gog,
891 5078 1141 5147 quaedam
1173 5079 1226 5131 in
1264 5075 1494 5146 Giokelp
1521 5084 1615 5129 aut
1647 5075 1880 5144 Kukelp,
1906 5076 2047 5130 dixi-

480 5188 623 5227 mus.
668 5171 963 5227 Destenses
1014 5179 1196 5226 autem
1233 5170 1469 5225 Tataros
1492 5208 1509 5231 .
1541 5170 1607 5223 de
1631 5179 1777 5222 certa
1808 5168 2044 5233 quadam

480 5268 700 5319 natione
732 5264 1059 5319 Tatarorum
1100 5265 1405 5331 accipimus
1435 5280 1450 5317 :
1483 5273 1675 5317 contra
1702 5262 1860 5315 Marii
1892 5259 2045 5330 Nigri

477 5361 804 5419 sententiam
826 5398 840 5418 .
893 5373 986 5427 qtu
1033 5356 1199 5411 tradit
1231 5357 1285 5411 in
1319 5370 1518 5425 genere
1548 5354 1779 5408 Tataros
1810 5353 1958 5421 ipsos
1986 5367 2047 5406 se

483 5451 597 5505 llist
626 5453 809 5519 lingua
856 5466 955 5507 sua
1004 5465 1223 5505 vocare.
1256 5448 1395 5503 Sunt
1424 5447 1568 5502 cnim
1594 5446 1796 5501 diversi
1833 5444 2045 5508 Tntari,

458 5534 672 5612 'priscis
694 5546 887 5604 etiam.
921 5559 1029 5599 non
1065 5546 1167 5598 hac
1196 5548 1455 5597 duntaxat
1482 5551 1662 5607 atate,
1685 5539 1890 5605 cogniti
1944 5554 1959 5591 :
1991 5546 2049 5592 ut

475 5639 730 5706 Aythono
761 5648 813 5691 et
840 5637 959 5690 aliis
992 5634 1183 5705 alogli.
1219 5634 1338 5689 sive
1373 5631 1616 5699 Mongli:
1653 5640 1712 5685 ut
1738 5628 2045 5698 Sumongli,

477 5745 508 5783 a
568 5731 767 5784 Tataro
817 5730 984 5784 fluvio
1026 5728 1181 5788 ditti,
1232 5727 1384 5781 velut
1428 5722 1932 5792 Tatariaqnatiei:
1988 5730 2049 5774 ut

479 5823 739 5892 'l'angori,
796 5824 884 5890 qui
933 5832 987 5876 et
1036 5819 1311 5874 Tancbari
1340 5859 1355 5884 ,
1383 5829 1438 5873 et
1471 5815 1744 5871 Touchari
1780 5832 1794 5868 :
1824 5824 1884 5867 ut
1915 5812 2049 5867 Chi-

492 5916 627 5977 uini
684 5915 775 5981 qui
834 5926 882 5971 ιι
937 5913 1232 5970 Chataini:
1272 5924 1330 5970 ut
1362 5910 1587 5981 Nogaii,
1619 5920 1679 5965 ut
1707 5903 1949 5973 Casanii,
1990 5914 2048 5961 ut

2148 4708 2352 4763 tevitzii
2387 4706 2747 4775 Bulgarorum
2773 4699 3053 4771 principes
3081 4704 3261 4761 erant,
3288 4714 3318 4752 a
3350 4697 3534 4760 Crate,
3558 4712 3729 4765 quem

2148 4802 2406 4872 Unglesis
2442 4799 2666 4853 fratrem
2696 4795 2972 4850 Laonicus
3022 4795 3292 4857 celebrat,
3339 4793 3580 4847 oriundi.
3627 4791 3730 4847 Sic

2149 4898 2216 4951 ab
2269 4903 2503 4949 auctore
2550 4891 2765 4959 generis
2827 4887 3081 4957 appellati
3132 4886 3489 4944 Ccrnovitzii.
3528 4887 3726 4941 llatart

2147 4987 2431 5042 Dalmatiae
2477 4983 2828 5052 regionisque
2874 4980 3069 5034 vicinae
3096 4979 3374 5047 quondam
3404 4978 3594 5046 reguli.
3625 4978 3727 5034 Sic

2146 5077 2461 5134 Karlovitzii
2513 5076 2832 5130 dicebantur
2902 5072 2956 5126 in
3003 5071 3234 5126 Albania
3268 5071 3354 5124 vel
3386 5071 3548 5140 Epiro
3580 5069 3727 5141 Dyr-

2147 5172 2394 5227 rhachini
2435 5169 2518 5223 vel
2568 5165 2817 5221 Durazzii
2878 5165 3198 5234 principes,
3253 5164 3398 5233 quod
3449 5178 3480 5216 a
3512 5160 3725 5217 Karolo

2147 5263 2429 5336 propagati
2479 5260 2732 5325 fuissent,
2759 5272 2825 5312 ex
2860 5272 3045 5326 regum
3080 5255 3269 5311 Gallia:
3297 5255 3501 5309 familia
3528 5294 3542 5308 .
3576 5255 3722 5310 Nam

2148 5351 2461 5407 Ludovicus
2525 5348 2716 5404 Galliae
2773 5362 2890 5409 rex,
2942 5361 3108 5415 quem
3167 5345 3581 5401 cauonissatnm
3634 5347 3727 5416 (ut

2150 5446 2323 5511 aiunt)
2376 5458 2403 5494 a
2451 5440 2801 5512 pontiﬁcibus
2828 5437 3114 5505 Romanis,
3147 5451 3400 5495 sanctum
3434 5442 3725 5507 cognomi-

2149 5543 2300 5598 nant,
2328 5531 2552 5586 fratrem
2574 5530 2838 5586 Karulum
2865 5531 3364 5602 habuit,Andegavi
3388 5530 3725 5585 Provinciae-

2150 5643 2256 5696 que
2279 5626 2557 5686 conﬁteor,
2591 5625 2681 5692 qui
2715 5624 3029 5679 Cunradino
3074 5622 3340 5677 Friderici
3382 5625 3425 5677 ll
3481 5624 3721 5679 Cat-saris

2151 5717 2333 5786 nepoti
2357 5732 2584 5784 regnum
2611 5714 3023 5782 Neapolitanum
3048 5729 3173 5768 cum
3211 5716 3318 5767 vita
3350 5732 3443 5783 per
3475 5713 3557 5769 fas
3618 5732 3721 5768 ne-

2151 5808 2234 5862 fas
2271 5806 2493 5871 eripuit.
2525 5804 2657 5876 Ejus
2699 5804 2839 5859 ﬁlius
2888 5806 2989 5859 fuit
3045 5804 3282 5863 Karulus
3309 5806 3374 5867 ll,
3411 5821 3577 5873 nepos
3609 5807 3721 5861 Pc-

2150 5911 2267 5956 trus
2310 5897 2557 5954 Gravius:
2604 5899 2734 5964 dux,
2786 5913 3056 5969 pronepos
3108 5895 3337 5957 lizu'ulus
3386 5898 3713 5969 Dyrrhachii
