4018 6478
270 330 392 399 769

1436 330 1837 393 PANDECTE
1873 327 2080 388 IllST.
2118 328 2418 390 TURClC.

3445 325 3559 387 πο

264 453 584 521 princeps:
621 465 650 502 a
685 464 794 518 quo
823 447 1142 505 Karlovitzli
1178 446 1541 520 Dyrrhachini
1587 487 1602 508 ,
1646 443 1872 514 p0steri.
1903 447 1949 505 Α
1977 443 2045 496 ab
2069 443 2261 496 amicis
2288 440 2668 510 strangulatus
2710 437 2832 496 fuit.
2881 441 3120 496 Annales
3161 443 3213 495 hi
3262 440 3556 504 Baiazitem

271 543 692 602 Pronuntiandi
749 557 934 599 tamen
985 543 1280 599 diversitas
1327 545 1380 597 in
1423 557 1586 596 causa
1620 541 1745 604 fuit,
1772 553 1874 595 cur

274 640 577 694 uenimus
628 647 686 692 et
740 636 831 690 alii
886 637 1110 705 quidam
1163 628 1872 709 Bulchovichios,Cratevi-

281 731 477 794 chios,
510 726 920 791 Cernovichios,
951 739 1006 782 et
1038 727 1422 781 Karlovichios
1445 722 1775 780 scriberent.
1795 725 1874 780 Ac

288 822 577 877 Geufraeus
607 836 738 876 sane
791 837 902 875 non
948 803 1353 887 Bulcovichios,
1387 822 1479 874 sed
1509 817 1874 873 Vucnvichios

290 916 626 987 appellavit,
654 914 1044 969 enuntiatione
1086 913 1273 970 Grzeca
1304 952 1318 973 .
1351 913 1444 983 qui
1474 904 1582 968 non
1612 910 1873 978 Bulchos,

285 1007 386 1059 sed
421 1004 650 1068 Vulcos;
676 1019 782 1057 non
815 1004 1010 1067 Bucns,
1043 1005 1137 1059 sed
1166 1001 1347 1059 Vucos
1376 1005 1585 1058 dicunt.
1610 1003 1672 1057 Et
1698 1005 1875 1057 anim-

281 1097 497 1150 adverti
563 1099 735 1152 semel
801 1096 966 1151 etiam
1000 1098 1142 1166 apud
1178 1095 1479 1151 Laonicum
1514 1095 1617 1165 legi
1651 1095 1828 1150 Bucns
1854 1135 1870 1160 ,

282 1204 401 1242 non
437 1187 660 1249 Bulcus.
701 1189 792 1244 Sic
846 1188 900 1242 in
955 1190 1149 1244 itinere
1193 1200 1381 1244 nostro
1436 1203 1561 1242 mox
1625 1189 1715 1242 ubi
1754 1187 1875 1242 Bel-

279 1281 461 1351 grado
491 1295 520 1334 a
556 1289 712 1351 tergo
748 1281 960 1344 relicto,
984 1283 1230 1336 Serviam
1263 1282 1495 1353 ingressi
1550 1282 1870 1348 fuissemus,

279 1388 586 1427 occurrere
623 1373 785 1428 nobis
827 1373 1088 1440 oppidula
1116 1374 1199 1428 vel
1240 1375 1361 1446 pagi
1398 1375 1584 1445 potius
1617 1377 1718 1446 (uti
1747 1376 1871 1444 qui-

279 1467 416 1520 dem
476 1481 621 1520 nunc
679 1477 810 1521 sunt
862 1466 972 1521 duo
1002 1485 1016 1520 :
1049 1483 1284 1538 quorum
1329 1469 1480 1536 prior
1522 1466 1870 1523 Bucovarum

277 1559 498 1624 minus,
520 1559 660 1612 alter
693 1557 1036 1614 Bucovarum
1076 1560 1258 1629 majus
1288 1562 1642 1632 appellatur.)
1672 1560 1747 1616 Ea
1779 1576 1877 1616 no-

280 1652 442 1704 mina
473 1661 600 1703 sunt
629 1650 712 1704 his
748 1651 882 1705 locis
905 1667 934 1704 a
970 1650 1098 1705 Buci
1121 1692 1138 1716 ,
1163 1651 1372 1707 Serviae
1399 1652 1644 1719 despotis
1679 1654 1872 1710 indita.

282 1742 430 1797 Nam
462 1744 727 1798 Bucownr
755 1744 1034 1799 civitatem
1072 1743 1201 1800 Buci
1239 1746 1533 1816 signiﬁcat.
1565 1747 1718 1801 Hanc
1743 1763 1875 1803 vero

288 1836 572 1904 regionem
637 1852 949 1905 possessam
1008 1835 1178 1892 fuisse
1237 1839 1306 1893 ab
1373 1839 1463 1893 illo
1515 1840 1640 1910 ipso
1668 1839 1875 1898 Lazaro

288 1924 502 1993 Bnlco,’
548 1928 638 1997 qui
697 1943 822 1981 cum
867 1927 1078 1983 Μιιιύῑθ
1106 1929 1282 1998 primo
1313 1930 1513 1985 bellum
1549 1931 1654 1987 hoc
1682 1934 1874 2002 gessit,

283 2034 359 2074 ex
408 2019 494 2075 his
536 2018 765 2074 Laonici
817 2021 1000 2076 verbis
1057 2022 1353 2079 manifesto
1403 2035 1599 2094 patet:
1639 2023 1875 2096 Unglese

281 2112 567 2182 Crateque
591 2112 842 2176 mortuis,
870 2110 1172 2169 Pristinum
1200 2127 1253 2171 et
1273 2115 1538 2180 Nistram,
1565 2119 1646 2174 sic
1671 2119 1872 2173 dictam

291 2206 574 2277 regionem
606 2245 624 2269 .
675 2209 940 2279 subigens
971 2207 1264 2264 Eleazarus
1292 2252 1308 2276 ,
1364 2225 1540 2280 usque
1568 2211 1635 2266 ad
1667 2211 1873 2266 ﬂumen

293 2297 501 2353 Savum
541 2314 862 2370 progressus
893 2310 1000 2356 est.
1035 2300 1172 2357 Iluic
1213 2302 1428 2358 tandem
1462 2303 1663 2358 bellum
1690 2304 1876 2359 intulit

298 2389 560 2456 Muratcs,
611 2402 896 2465 propterea
948 2395 1092 2464 quod
1137 2395 1204 2448 ad
1243 2395 1556 2450 Pannonios
1590 2412 1649 2452 se
1677 2406 1875 2454 contu-

295 2483 457 2549 lerat,
491 2495 545 2540 et
573 2500 667 2540 eos
718 2486 770 2540 in
838 2487 1103 2542 Muratctn
1154 2481 1492 2544 concitabat.
1544 2489 1763 2555 Quibus
1811 2491 1872 2546 in

293 2577 481 2632 verbis
521 2577 663 2647 quod
709 2575 1009 2631 Pristinum
1063 2578 1407 2640 nominatur,
1437 2579 1582 2634 haud
1619 2581 1812 2649 procul
1844 2597 1875 2636 a

291 2670 510 2724 Cosobo
547 2668 714 2742 419
742 2685 939 2741 campo
984 2669 1258 2725 Laonicus
1309 2673 1423 2740 ipse
1480 2673 1654 2742 ponit.
1689 2673 1877 2728 Obiter

295 2765 402 2816 hoc
447 2750 932 2832 etiam'adjicitor,
995 2779 1025 2816 a
1086 2761 1382 2818 lleineccio
1407 2763 1583 2818 Crutis
1607 2764 1725 2820 loco
1745 2765 1877 2819 Cra-

293 2853 427 2917 lem,
458 2852 712 2922 Unglcsis
753 2854 1000 2914 fratrem.
1053 2873 1159 2910 non
1203 2867 1351 2910 recte
1383 2857 1487 2911 dici
1517 2873 1531 2911 :
1563 2873 1662 2912 nec
1697 2859 1876 2914 minus

301 2947 373 2998 ab
421 2944 544 2998 aliis
590 2939 1048 3000 Cratev'ilsiorum
1093 2945 1518 3015 appellationem
1567 2946 1873 3016 corrumpi,

304 3038 468 3091 modo
497 3036 678 3092 Cratis
707 3053 901 3092 nomen
926 3040 1067 3108 apud
1098 3037 1394 3092 Laonicum
1419 3049 1566 3092 recte
1605 3037 1874 3108 scriptum

296 3133 390 3196 sit,
424 3149 548 3187 cum
580 3148 674 3188 eos
709 3132 1084 3189 Craiovichios
1115 3142 1330 3187 vocant.

296 3253 386 3308 47.
422 3251 657 3319 Campus
705 3249 947 3314 Cosova;
989 3250 1154 3303 cn'des
1188 3247 1420 3303 Muralis
1472 3250 1669 3319 primi;
1695 3249 1882 3304 Sulla-

239 3337 246 3342 '
364 3340 554 3378 norum
584 3323 712 3377 anni
741 3323 930 3391 quibus
964 3330 1270 3390 regnarunt,
1305 3324 1373 3374 ad
1423 3337 1664 3376 numeros
1711 3330 1878 3375 certos

371 3404 627 3448 revocati.

373 3501 549 3568 Quem
584 3501 1048 3574 Chalcocondyles
1094 3504 1147 3559 in
1209 3503 1372 3575 hujus
1437 3503 1609 3575 pradii
1666 3504 1876 3559 descri-

305 3597 489 3665 ptione
523 3611 772 3664 campum
797 3595 1069 3654 Cosobum
1106 3609 1283 3663 rocat,
1318 3599 1488 3654 nostri
1517 3599 1740 3654 Cosovm
1767 3598 1880 3668 pla-

305 3691 498 3745 nitiem
543 3690 905 3753 nominant,a
957 3693 1117 3763 copia
1185 3693 1545 3748 merularum.
1598 3693 1880 3749 Bonlinins

297 3787 584 3855 eleganter
609 3785 696 3840 his
750 3788 932 3842 verbis
971 3788 1260 3855 descripsit
1303 3804 1318 3842 :
1356 3787 1617 3843 Planities
1678 3788 1731 3841 in
1771 3787 1878 3842 Ha-

295 3877 427 3932 sciae
460 3878 837 3944 Bulgariteqne
890 3882 1092 3935 linibus
1151 3881 1277 3944 lata,
1333 3897 1496 3948 quam
1544 3880 1874 3952 Rigomezeu

298 3969 525 4039 Ungnri,
561 3970 813 4027 Rasciani
867 3973 1140 4029 Cosovam
1199 3985 1414 4040 vocant,
1459 3990 1560 4030 nos
1621 3989 1874 4044 campum

302 4062 541 4120 Merulae.
573 4063 730 4119 Hunc
767 4067 964 4122 ﬂuvius
992 4069 1307 4132 intersecat,
1345 4069 1435 4138 qui
1473 4067 1759 4122 Schitniza
1791 4065 1880 4120 di-

300 4159 467 4220 citur,
501 4166 554 4210 et
590 4159 658 4211 ab
691 4155 888 4228 Illyrici
925 4159 1206 4213 mOntihns
1237 4161 1503 4224 deﬂuens,
1562 4161 1614 4213 in
1677 4158 1875 4213 Istrum

301 4249 442 4302 linit.
479 4247 534 4302 In
572 4252 670 4303 hac
697 4267 826 4319 ergo
853 4252 1078 4319 planitie
1125 4268 1300 4306 caesus
1355 4251 1547 4306 fraude
1583 4251 1731 4305 licita
1761 4250 1880 4305 Mu-

242 4381 248 4388 .
299 4354 451 4397 rates
481 4353 630 4412 pater
650 4346 718 4398 ab
748 4349 920 4408 hoste,
955 4349 1218 4400 scelerato
1270 4346 1398 4401 dolo
1443 4345 1679 4415 Jacupes
1733 4346 1877 4398 filius

395 4565 521 4617 Anni
570 4568 870 4617 sitllmtornm
909 4582 939 4617 (ι
981 4567 1299 4630 srertoribus

579 4630 868 4680 Cirris-tumis
897 4631 1100 4694 proditi.

300 4759 361 4810 0t
373 4760 561 4810 Itoman.
1325 4754 1388 4803 28
1451 4757 1648 4807 Osman.

303 4821 514 4872 Ort-ltan.
1330 4819 1392 4865 22
1461 4819 1492 4868 υ
1505 4820 1668 4868 rcitan’.

304 4889 523 4933 Atttornt.
1329 4879 1389 4926 25
1455 4881 1630 4929 Murat.

303 4946 498 5004 Bajazu.
1325 4942 1388 5004 ‘26
1457 4943 1631 5004 liajasit

300 5007 317 5023 '
341 5003 648 5058 Ciriscelebl.
1357 5003 1390 5051 6
1452 5003 1718 5054 Soleitnan.

297 5067 456 5117 M036.
1361 5066 1389 5112 0
1456 5069 1609 5116 Musa.

301 5129 570 5180 Malmmet.
1332 5125 1386 5175 17
1456 5127 1755 5178 Muchemet.

300 5193 584 5241 Amnratll.
1331 5188 1391 5234 51
1459 5189 1608 5236 Murat
1653 5188 1715 5238 11.

303 5251 550 5302 Mahomet
582 5253 642 5304 ll.
1329 5250 1382 5298 51
1455 5249 1736 5298 Muchetnet
1767 5249 1827 5300 11.

302 5313 483 5376 ilajazit
512 5315 574 5366 Il.
1329 5313 1391 5376 59
1461 5311 1628 5376 [ia-rasit
1655 5311 1714 5363 ΙΙ.

299 5373 476 5425 εεῖἱιη.
1362 5374 1387 5420 7
1456 5373 1630 5423 Selim.

302 5441 538 5488 boltman.
1334 5435 1394 5482 48
1458 5435 1706 5482 Soleitnan
1735 5437 1794 5487 ll.

300 5497 459 5546 Selim
489 5499 549 5550 11.
1362 5501 1391 5542 δ
1459 5497 1612 5544 Selhn
1649 5496 1706 5547 l2.

305 5561 513 5609 Azuorat
541 5561 607 5611 lll
639 5563 900 5613 hactenus.

1338 5560 1396 5608 Η
1462 5559 1616 5624 Murat
1651 5558 1718 5608 111
1754 5560 2016 5610 hactenus.

1977 534 2140 605 culpa
2173 535 2337 589 caedis
2363 535 2618 588 fraternae
2657 534 2896 589 liberant
2924 577 2937 600 ,
2973 535 3025 589 in
3051 551 3311 606 proceres
3363 534 3547 588 Turci-

1976 644 2072 682 cos
2097 645 2216 682 eam
2246 628 2558 682 conferunt.
2600 626 2673 682 De
2699 626 2927 684 Muralis
2957 645 3088 684 nece
3147 629 3422 684 Laonicus
3461 631 3555 683 dn-

1974 718 2131 784 bitat,
2167 736 2404 788 quonam
2431 718 2593 774 tnodo
2629 719 2794 774 caedis
2849 731 3042 773 auctor
3116 723 3412 791 arripui-rit
3459 721 3553 774 hn-

1974 820 2137 876 stam,
2176 827 2470 881 regemque
2493 826 2615 866 mox
2653 811 2936 875 invaserit,
2977 813 3192 867 nemine
3216 815 3556 882 prohibentr:

1977 916 2090 960 tum
2121 921 2230 975 quo
2266 905 2464 959 deinde
2495 905 2652 959 modo
2681 904 2956 971 Bajazitcs
2989 905 3104 960 acie
3125 907 3235 974 jam
3265 907 3556 966 instructa.

1975 996 2127 1052 brevi
2185 997 2460 1064 temporis
2517 998 2722 1068 spatio,
2791 997 3016 1050 fratrem
3053 1000 3348 1061 necuter-it,
3391 1009 3443 1052 et
3502 1000 3555 1076 i‘n

1977 1089 2223 1158 praelium
2253 1089 2402 1146 illico
2434 1089 2678 1143 redierit.
2713 1089 2816 1143 Sed
2855 1091 2928 1142 ita
2973 1089 3262 1157 cheriptte
3319 1100 3444 1143 sunt
3499 1088 3554 1141 in

1975 1181 2283 1238 Annalibus
2315 1181 2444 1236 facti
2473 1184 2923 1247 circutnstautize,
2960 1184 3165 1237 nullum
3233 1195 3291 1238 ιιι
3327 1185 3552 1238 dubium

1978 1278 2367 1346 relinquatur:
2422 1277 2757 1348 praesertim.
2829 1293 2952 1330 cum
3036 1277 3376 1330 domesticus
3466 1277 3556 1331 ille

1976 1367 2168 1424 Lazari
2206 1369 2602 1426 Cabilovitzitts
2651 1379 2906 1424 narretur
2954 1365 3220 1423 Mnratetu
3273 1387 3381 1422 non
3454 1371 3557 1422 hn-

1979 1461 2179 1516 stiliter
2207 1461 2362 1516 basta
2420 1461 2670 1537 petiisse,
2728 1467 2822 1533 qui
2881 1462 3119 1516 hominis
3179 1463 3411 1532 impetus
3463 1480 3558 1530 po-

1980 1553 2176 1608 tuisset
2217 1569 2247 1608 a
2304 1555 2576 1625 genizaris
2635 1564 2690 1608 et
2744 1551 2868 1608 aliis
2930 1555 3256 1608 custodibus
3307 1572 3386 1609 co:
3406 1560 3556 1624 poris

1982 1645 2261 1702 inhiberi:
2323 1649 2417 1702 sed
2479 1654 2745 1714 praetextu
2800 1647 3123 1702 defectionis
3156 1659 3210 1702 et
3271 1649 3553 1720 transfugii

1978 1741 2062 1795 sic
2084 1739 2282 1794 Turcis
2312 1740 2667 1810 imposuisse.
2705 1742 2923 1795 nemine
2971 1751 3030 1794 nt
3087 1741 3417 1811 impediente
3463 1745 3557 1796 ad-

1980 1831 2313 1897 mitteretur,
2347 1832 2703 1903 abditatnque
2737 1835 2841 1886 sub
2867 1845 3014 1887 veste
3054 1835 3223 1890 sicam
3286 1835 3557 1889 letbalitcr

1979 1925 2035 1980 in
2100 1925 2310 1981 viscera
2361 1923 2591 1980 Muralis
2648 1928 2913 1996 adigeret.
2951 1924 3110 1981 Unde
3163 1927 3438 1998 profectus
3490 1931 3558 1982 ab

1979 2019 2072 2075 illo
2130 2027 2371 2088 tempore
2424 2035 2545 2074 mos
2604 2017 2938 2084 Tureorum,
2981 2022 3285 2076 deducendi
3327 2022 3557 2093 legatos.

1979 2125 2036 2166 et
2064 2113 2201 2168 alios
2225 2122 2464 2178 exteros,
2503 2113 2571 2167 ad
2597 2113 2877 2168 sultanum
2911 2129 3071 2168 suum
3127 2131 3223 2184 per
3281 2117 3559 2171 cubicula-

1978 2207 2114 2269 rios.
2139 2206 2232 2275 qui
2253 2205 2476 2260 brachia
2527 2221 2719 2260 eorum
2751 2206 3008 2277 utrinque
3034 2218 3237 2262 tenent.
3263 2208 3354 2261 llis
3382 2207 3558 2278 majo-

1978 2299 2055 2355 ris
2087 2301 2218 2354 illud
2249 2297 2532 2364 momenti,
2569 2299 2714 2368 quod
2742 2298 2986 2370 plerique
3016 2301 3260 2364 tradunt,
3293 2301 3556 2357 Muratetn

1977 2393 2049 2447 25
2101 2394 2260 2447 annis
2319 2392 2658 2461 imperasse:
2711 2388 2982 2446 Laonicus
3039 2392 3242 2458 editus,
3295 2393 3556 2459 57;rum

1979 2485 2142 2541 Turci
2174 2497 2319 2541 recte
2343 2485 2414 2538 3‘2
2439 2485 2588 2554 regni
2614 2485 2778 2554 hujus
2819 2500 2996 2540 annos
3020 2483 3432 2541 Mahumetanos
3455 2503 3558 2540 nn—

1979 2589 2211 2633 merent.
2245 2577 2399 2642 Item,
2440 2578 2585 2646 quod
2642 2577 2732 2631 alii
2790 2587 3002 2641 notant,
3057 2578 3170 2632 haec
3225 2579 3278 2630 in
3335 2579 3558 2648 planitie

1977 2671 2187 2728 Cosova
2211 2671 2507 2740 contigisse
2545 2686 2690 2724 anno
2713 2668 3027 2724 Christiano
3061 2669 3216 2735 1551,
3259 2673 3552 2725 manifesto

1963 2761 2205 2836 prorsus
2236 2781 2460 2829 errore:
2494 2765 2584 2818 a‘ii
2652 2765 2811 2828 1575,
2863 2779 3001 2834 quos
3042 2763 3226 2818 itidem
3276 2767 3412 2824 [ειμι.
3472 2768 3554 2822 vel

1981 2860 2085 2912 hoc
2105 2868 2427 2927 argumento
2458 2857 2715 2926 colligere
2760 2856 2910 2911 licet.
2952 2855 3310 2911 Ostendimus
3367 2875 3557 2926 supra.

1979 2952 2368 3005 declarationis
2431 2950 2632 3011 initio,
2685 2949 3019 3019 principium
3084 2965 3236 3016 regni
3300 2948 3558 3004 Osnmnis

1983 3045 2291 3100 rectissime
2342 3046 2531 3100 rel‘erri
2581 3046 2647 3099 ad
2702 3061 2908 3100 annum
2963 3047 3342 3102 Christimnm
3399 3047 3554 3102 1500.

1902 3143 1950 3206 c
1985 3137 2208 3192 Praefuit
2240 3148 2422 3192 autem
2455 3140 2616 3192 rebus
2658 3137 2862 3192 Ostnnn
2887 3137 2954 3190 29
2999 3139 3178 3195 annis.
3220 3137 3434 3193 Urchan
3497 3142 3560 3193 li-

1987 3231 2093 3286 lius
2127 3231 2288 3286 annis
2321 3230 2410 3293 5'2,
2435 3230 2674 3285 Murates
2703 3246 2868 3299 nepos
2897 3233 3056 3285 annis
3097 3232 3280 3285 itidem
3322 3231 3392 3285 32
3424 3229 3560 3286 Tur-

1985 3327 2164 3381 cicis:
2203 3327 2294 3395 qui
2330 3325 2590 3394 superius
2640 3325 2874 3379 indicata
2919 3326 3134 3380 ratione
3193 3325 3394 3379 reducti
3464 3342 3562 3379 nuo

1986 3432 2132 3476 stros
2161 3421 2227 3474 ad
2261 3434 2457 3482 annos,
2489 3419 2541 3472 in
2577 3435 2781 3472 annum
2810 3418 3185 3472 Christianum
3239 3419 3372 3474 1590
3421 3418 3561 3484 desi-

1987 3521 2126 3566 nunt
2154 3529 2167 3564 :
2199 3527 2227 3564 a
2250 3528 2361 3578 quo
2391 3519 2635 3580 tempore
2670 3510 2938 3579 Bajazites
2977 3509 3204 3566 Muratts
3248 3513 3386 3566 lilins
3405 3513 3562 3566 annis

1989 3605 2259 3659 duntaxat
2290 3605 2356 3658 14
2385 3604 2437 3657 in
2481 3603 2710 3671 imperio
2775 3601 2893 3661 fuit.
2929 3613 2984 3655 ut
3019 3602 3182 3656 Turct
3240 3618 3365 3657 vere
3421 3604 3559 3658 srri-

1988 3699 2142 3752 bunt.
2181 3697 2247 3752 Et
2297 3697 2424 3768 quia
2486 3707 2632 3749 tanta
2699 3695 2986 3748 diversitas
3034 3701 3122 3748 est
3180 3709 3232 3746 III
3289 3710 3560 3748 annorum

1988 3792 2290 3852 notatione,
2320 3790 2519 3859 quibus
2547 3789 2690 3858 apud
2719 3774 2928 3840 Tur-cos
2972 3787 3173 3842 saltant
3211 3786 3424 3854 priores
3459 3769 3572 3838 im?

1984 3883 2456 3954 peraruntdubet
2517 3882 2618 3934 hoc
2660 3881 2800 3939 loco.
2861 3894 2981 3948 qua:
3011 3877 3079 3932 de
3135 3879 3220 3932 hts
3282 3895 3309 3930 ιι
3359 3880 3560 3932 nostris

1981 3987 2105 4033 sunt
2132 3975 2352 4038 tradita,
2390 3991 2514 4030 cum
2552 3974 2803 4028 TUI‘tiCiS
2863 3988 2928 4025 es
2989 3974 3218 4025 adverso
3281 3970 3558 4024 collocatis

1981 4070 2252 4124 conferre.
2302 4067 2514 4138 Sequar
2555 4076 2736 4121 autem
2799 4063 3070 4119 Francisci
3126 4064 3412 4119 Sansovini
3474 4081 3558 4118 ra-

1983 4161 2185 4224 tiones,
2217 4160 2312 4230 qtti
2343 4161 2636 4228 diligenter
2666 4159 2734 4213 ab
2765 4157 3028 4212 omnibus
3069 4156 3349 4210 hiswricis
3401 4155 3560 4224 (quos

1981 4252 2199 4323 quidem
2247 4252 2446 4306 habere
2509 4250 2708 4322 potuit)
2762 4250 2985 4320 scripta,
3035 4250 3195 4320 quasi
3246 4247 3448 4303 fascem
3507 4249 3560 4302 in

1985 4362 2154 4400 unum
2185 4345 2426 4416 collegit.
3199 4337 3202 4339 Α

1486 4565 1611 4618 Anni
1653 4565 1974 4621 saltauerunt.
2017 4579 2082 4616 ea:
2125 4563 2387 4616 Annalibus
2485 4561 2609 4613 Anni
2644 4558 2841 4611 Turcici
2873 4561 2938 4609 ad
2976 4560 3276 4611 Christianos
3302 4559 3399 4608 (nlo
3421 4571 3561 4612 manu

1685 4628 1910 4679 Turcicis
1933 4625 2171 4689 excerpti.

2923 4625 3122 4675 reducit.

2290 4753 2354 4799 29
2965 4748 3027 4795 28

2293 4815 2357 4861 3'2
2970 4810 3022 4856 51

2299 4877 2360 4924 52
2974 4872 3025 4916 51

2291 4936 2351 5012 τε
2967 4932 3024 5012 ιζ
3061 4931 3134 4996 na

2324 4997 2351 5045 7
2998 4997 3024 5043 7

2321 5061 2352 5122 δ
2402 5058 2473 5122 qs
2997 5061 3031 5122 ξ
3067 5058 3138 5120 trz

2329 5121 2360 5183 8
2424 5120 2432 5122 “
3009 5120 3150 5183 ’7311

2296 5182 2352 5232 51
2973 5183 3034 5228 ﬁll

2291 5246 2353 5322 ἕρ
2965 5245 3028 5322 2::

2291 5309 2352 5354 55
2964 5305 3026 5352 52

1905 5373 2000 5425 Au.
2026 5373 2076 5433 8,
2101 5383 2260 5420 mens.
2329 5371 2360 5433 8
2996 5373 3039 5433 tl
3071 5366 3146 5430 lji

2306 5432 2366 5506 «te
2985 5431 3044 5502 49
3082 5432 3161 5506 te

2329 5496 2357 5540 κ
3018 5493 3040 5537 ἲ
3081 5492 3163 5550 518

2303 5554 2362 5602 12
2413 5554 2490 5617 112
2989 5553 3046 5601 12

611 5690 796 5740 Horum
823 5703 1078 5748 annorum,
1105 5689 1161 5736 ad
1193 5696 1490 5751 prresentem
1517 5703 1674 5752 usque
1705 5689 1817 5740 l537
1842 5692 2188 5744 collectorum.
2217 5688 2322 5738 'nrec
2351 5688 2397 5736 in
2423 5687 2651 5751 qualibet
2681 5686 2811 5733 serie
2840 5697 3026 5732 summa
3055 5683 3250 5734 fuerit:

1296 5823 1387 5870 29‘2

2275 5823 2366 5872 296
2405 5823 2479 5884 ua
2936 5819 3024 5869 287
3060 5819 3078 5869 t
3093 5818 3140 5868 τι
