4018 6490
460 337 568 396 ἸἹῙ)

1679 333 1992 396 IOANNiS
2031 327 2490 391 LEUNCLAVII

3597 316 3718 378 776

457 452 572 521 regi
607 447 1015 518 Luctiburgieo,
1073 448 1163 515 qui
1223 461 1342 500 eam
1405 445 1627 515 reliquit
1697 441 2102 511 impotentiatA
2133 447 2245 491 tum
2286 438 2596 505 Stephanus
2624 432 2885 498 Eleazari,
2940 431 3027 485 (lli
3083 428 3249 484 Bulco
3301 443 3527 521 nomen,
3558 442 3722 521 erat.

457 539 744 595 mendacio
765 549 1052 610 praetr-nso.
1089 538 1387 592 Sullicitata
1408 552 1650 606 quoque,
1671 544 1730 589 ut
1749 534 1858 604 regi
1892 532 2021 604 Syr-

458 633 561 688 via:
594 634 844 698 nuberet,
873 643 1048 686 torum
1095 632 1432 687 sebismatiei
1457 633 1583 700 (hoc
1617 639 1725 693 est,
1759 628 2013 700 religioni

460 722 664 777 Graec-:2
737 722 959 793 addicti)
1021 723 1314 778 recusavit.
1389 721 1734 777 lammundus
1812 720 2026 775 Beneﬁ-

459 812 586 867 dius
617 807 666 865 J.
699 812 760 866 C.
791 812 1012 882 putabat
1041 810 1217 866 Cralis
1254 810 1576 866 vocabulum
1607 825 1636 864 a
1673 808 1879 864 Karulo
1936 809 2029 863 de-

462 903 648 966 rivari,
682 913 738 956 et
793 904 937 972 apud
973 904 1069 957 has
1129 914 1318 972 gentes
1383 904 1438 958 in
1476 903 1686 958 honore
1738 902 2026 966 habitum,

462 1003 681 1065 propter
709 995 897 1049 Karuli
933 995 1113 1063 magni
1150 994 1318 1048 nostri
1369 994 1706 1065 singularem
1747 994 2028 1055 vittutem.

459 1096 516 1139 et
549 1089 745 1140 tamam
771 1101 952 1139 rerum
977 1095 1254 1156 gestarum
1290 1085 1559 1139 illustrem
1597 1100 1611 1138 :
1648 1094 1708 1138 ut
1759 1098 1788 1138 a
1825 1084 2031 1138 Karulo

465 1178 671 1232 Sriiit‘et
699 1178 958 1232 omnibus
981 1193 1170 1233 eorum
1197 1179 1516 1248 populorum
1559 1177 1778 1246 regibus
1828 1190 2031 1230 nomen

463 1272 609 1326 velut
658 1271 1000 1341 auspicatum
1067 1273 1370 1328 inderetur.
1415 1270 1521 1328 Sed
1575 1272 1862 1344 ignorabat
1916 1271 2031 1326 Un-

461 1364 628 1432 garis,
696 1361 965 1432 Bulgaria,
1035 1364 1242 1419 Serviis
1295 1363 1485 1428 Kiral,
1532 1371 1628 1418 aut
1696 1361 2033 1419 contractius

459 1455 797 1509 enuntianda
820 1455 970 1519 Cral,
999 1456 1184 1521 vocari
1223 1471 1405 1526 regem
1437 1476 1451 1512 :
1487 1455 1710 1524 Cralna,
1737 1456 1979 1526 reginam
2013 1470 2029 1519 ;

460 1563 586 1618 quae
613 1547 833 1602 Polonis
878 1557 1008 1602 sunt
1039 1547 1186 1612 Crol,
1219 1556 1272 1602 et
1303 1546 1523 1602 Crolnu.
1579 1546 2033 1617 Chalcocondylis

461 1643 630 1694 etiam
649 1638 974 1709 interpretes
995 1637 1157 1692 ambo
1176 1638 1230 1693 in
1250 1638 1352 1694 hac
1369 1655 1503 1694 voce
1531 1637 1852 1693 hallucinati
1879 1647 2030 1693 sunt.

460 1729 543 1784 Ad
561 1728 878 1785 Serviorutn
906 1729 1199 1802 principes,
1230 1741 1288 1786 et
1351 1731 1498 1786 hunc
1527 1730 1818 1784 Annalium
1851 1731 2031 1786 locum

2125 528 2490 583 Triballorum
2525 527 2656 592 dux,
2689 539 2924 594 quorum
2977 521 3299 592 metropolis
3349 519 3723 584 Spenderobe

2125 622 2348 686 dicitur,
2379 621 2611 689 arripuit
2639 637 2653 674 :
2699 617 2927 687 Bajaziti
2968 626 3191 672 strenue
3230 630 3434 668 natans
3457 628 3722 682 operam.

2126 713 2568 783 quandocunque
2628 711 2894 765 auxilium
2947 708 3069 779 eius
3139 708 3508 776 implorasset.
3570 703 3655 770 Qu
3685 724 3725 754 ιε

2127 803 2290 855 verba
2332 802 2538 855 rectius
2565 810 2621 854 ut
2653 799 3048 870 intelligantur,
3116 796 3294 852 obiter
3359 796 3522 860 addo,
3583 794 3732 846 Stc-

2130 891 2630 964 phanumEleaaari
2666 892 2862 958 ﬁlium,
2915 890 3171 946 debuisse
3219 889 3569 958 interpretem
3626 885 3737 940 di-

2131 1001 2274 1039 cere.
2310 983 2448 1040 Tum
2483 987 2648 1039 etiam
2677 986 2898 1040 nomine
2933 983 3302 1038 Triballorum
3326 978 3549 1048 intelligi
3576 977 3731 1033 Ser-

2132 1076 2284 1142 vios,
2347 1092 2582 1142 quorum
2620 1077 2766 1147 regia
2817 1077 2933 1130 sive
2981 1073 3296 1143 metropolis
3352 1071 3732 1139 Spenderobe

2131 1171 2356 1237 dicitur,
2404 1172 2505 1226 hoc
2540 1179 2644 1235 est,
2695 1170 3050 1225 Senderovia.
3095 1166 3463 1223 Nihilominus
3495 1174 3550 1220 et
3624 1165 3738 1218 hic

2135 1261 2477 1332 Stephanus.
2549 1274 2602 1318 et
2631 1264 2775 1319 illius
2807 1261 3068 1333 Stephani
3095 1259 3396 1331 Georgius,
3447 1259 3732 1328 deinceps

2133 1358 2189 1413 in
2217 1358 2441 1413 Mnratis
2467 1358 2509 1413 ll
2547 1362 2651 1414 vita
2681 1357 2874 1414 Lazari
2909 1359 3285 1415 nominantur.
3342 1356 3478 1411 Cum
3525 1366 3732 1411 autem

2136 1452 2389 1522 frequens
2419 1453 2614 1506 horum
2679 1451 2880 1508 Serviat
2935 1453 3310 1522 despotarum,
3341 1467 3482 1522 quos
3545 1467 3734 1520 supra

2135 1542 2392 1603 diximus.
2423 1544 2719 1612 appellatos
2751 1545 2920 1600 fuisse
2944 1543 3338 1609 Buleovitzios,
3364 1543 3572 1599 mentio
3630 1545 3730 1599 list

2137 1643 2246 1687 tam
2265 1634 2387 1689 aliis
2412 1635 2462 1688 in
2497 1635 2762 1702 historiis,
2788 1651 2952 1704 quam
2978 1635 3133 1691 hisce
3157 1636 3361 1692 nostris
3385 1637 3692 1690 annalibus
3711 1653 3734 1690 ε

2140 1726 2292 1782 lubet
2319 1727 2422 1782 hoc
2447 1727 2568 1782 loco
2597 1729 2968 1800 genealogiam
3026 1728 3268 1798 ipsorum
3323 1728 3628 1797 subjicere,
3661 1729 3740 1783 de

461 1829 526 1876 ut
556 1823 863 1886 redeamus,
898 1796 1156 1877 narratur
1205 1820 1407 1877 Bulcus
1433 1823 1656 1893 despota
1710 1821 1934 1891 Bajazitl
1973 1822 2038 1876 tl-
2067 1796 2112 1854 B
2146 1815 2416 1883 Tureicis,
2454 1796 2682 1883 Graecis,
2714 1796 2942 1885 Latinis,
2979 1796 3178 1878 Italicis
3201 1865 3218 1888 ,
3283 1796 3534 1886 Gallicis,
3590 1824 3740 1877 Ger-

461 1915 591 1969 liam
655 1929 808 1968 suam
865 1915 1082 1969 dedisse
1141 1930 1393 1969 uxorem.
1459 1912 1772 1968 Monuimus
1841 1931 2031 1984 supra,

463 2005 666 2060 Scrvia:
701 2005 971 2074 principes
1005 2021 1198 2060 omnes
1227 2020 1256 2060 a
1291 2004 1482 2059 Turcis
1519 2004 1686 2060 fuisse
1722 2004 1899 2060 dictos
1937 2014 2034 2059 aut

462 2098 719 2161 Lazaros,
756 2108 851 2152 aut
878 2097 1096 2162 Bulcus,
1129 2109 1225 2152 aut
1283 2097 1591 2169 Buleoglios
1621 2115 1634 2152 :
1666 2098 1897 2170 ejusque
1951 2098 2026 2154 rei

461 2205 686 2246 causam
720 2190 1076 2246 reddidimus.
1119 2188 1338 2244 luteriut
1392 2201 1572 2244 tamen
1609 2190 1712 2260 ipsi
1757 2191 2033 2262 peculiare

459 2283 738 2352 quoddam
771 2283 968 2355 singuli
1002 2297 1228 2347 nomen,
1269 2284 1372 2338 ritu
1425 2283 1741 2340 Christiano
1795 2286 1847 2338 in
1901 2285 2034 2354 bap—

462 2376 611 2430 tismi
651 2376 1001 2430 caeremoniis
1036 2375 1142 2431 sibi
1164 2376 1351 2430 datum
1385 2375 1686 2430 habebant.
1718 2375 1828 2432 Hoc
1867 2377 2034 2447 igitur

461 2463 582 2521 loco
614 2465 814 2520 Bulcus
881 2466 1105 2536 despota
1163 2465 1481 2521 nominatur
1533 2483 1564 2522 a
1599 2467 1814 2532 Turcis,
1870 2483 2031 2539 quem

391 2571 407 2590 λ
463 2556 802 2628 Stephanum
847 2557 1262 2624 Bulcovitzium,
1325 2560 1528 2615 Serviat
1561 2561 1845 2632 despotam
1875 2603 1892 2628 ,
1947 2562 2036 2616 sui

464 2649 756 2702 vocabant.
784 2647 840 2702 ld
879 2648 959 2702 vel
992 2664 1057 2703 ex
1107 2651 1258 2704 hisce
1315 2649 1537 2706 Laoniei
1599 2653 1779 2706 verbis
1834 2651 2037 2707 intelli-

467 2741 655 2810 gitur:
691 2738 992 2812 Postquam
1023 2742 1315 2799 Eleazarus
1341 2745 1507 2798 vitam
1539 2743 1701 2809 (iniit,
1755 2743 2036 2815 principa-

2145 1911 2400 1979 manicis,
2485 1911 2768 1983 Ungaricis
2797 1914 3250 1984 expositionibus,
3302 1929 3369 1972 ae
3417 1918 3734 1986 prmsertim

2143 2004 3026 2079 lionﬁnianis,excerptam:quaz
3070 2007 3370 2071 nonnullis.
3429 2020 3486 2064 ut
3542 2025 3730 2079 spero.

2143 2095 2278 2152 locis
2306 2097 2660 2152 historiarum
2701 2099 2840 2155 lucis
2893 2101 3100 2172 aliquid
3169 2101 3381 2156 aﬂeret.
3428 2099 3733 2158 Sumemus

2141 2199 2324 2243 autem
2355 2189 2682 2260 principium
2711 2191 2779 2248 ab
2806 2208 2872 2248 eo
2895 2195 2979 2247 vel
3034 2193 3241 2248 Lazaro
3317 2194 3403 2250 vel
3466 2194 3740 2250 Eleazaro

2141 2279 2331 2348 Bulco,
2355 2298 2518 2353 quem
2579 2284 2852 2342 Laonicus
2908 2287 3126 2358 scripsit
3178 2303 3209 2343 a
3253 2287 3537 2358 Stephano
3601 2305 3742 2359 rege

2143 2375 2376 2443 Bulgaro
2451 2388 2670 2434 nactum
2723 2379 3002 2451 regionem
3055 2380 3195 2437 Istro
3255 2381 3629 2451 adjacentem,
3674 2399 3739 2438 ac

2144 2467 2337 2522 deinde
2369 2470 2608 2525 redactis
2645 2471 2697 2524 in
2731 2481 3055 2540 potestatem
3111 2474 3415 2529 ditiouibtts
3465 2475 3614 2537 aliis,
3673 2477 3732 2528 ad

2145 2557 2346 2614 Savum
2384 2560 2583 2618 ﬁumen
2623 2578 2800 2632 usque
2851 2553 3201 2634 progressum
3260 2567 3474 2622 fuisse:
3523 2569 3740 2637 quibus

2147 2651 2330 2704 verbis
2385 2651 2531 2706 haud
2583 2652 2750 2708 dubie
2809 2654 3133 2724 despotatus
3187 2654 3392 2712 Serviae
3449 2657 3576 2711 lines
3616 2657 3724 2712 de-

2144 2742 2490 2801 scribuntur.

468 2990 688 3043 Lassus
711 2989 923 3052 Bonus,
951 2992 1143 3044 Servio
1175 2991 1899 3072 despoteihtnprallocaptus
1919 3007 2054 3072 anno
2080 2995 2260 3050 Christ.
2293 2999 2430 3072 1390,
2453 3006 2506 3050 et
2523 3003 2835 3072 vindicandae
2873 3005 3076 3058 Muratls
3106 3006 3125 3057 ι
3149 3006 3321 3058 mortis
3361 3021 3528 3072 causa,
3551 2981 3722 3060 coram

1387 3056 1605 3118 Bajasite
1630 3057 1732 3106 ullo
1757 3056 2056 3109 trustulatim
2083 3073 2329 3130 concisus.
2356 3056 2552 3124 (Animi.
2582 3065 2805 3130 Turcic.)

1599 3187 1814 3197 ———_

1817 3191 2072 3200 ————.—

2107 3193 2380 3202 .—_..._—____.

2381 3195 2593 3204 -——‘

2856 3201 3206 3210 Ἥ

814 3179 3370 3278 ἷτῐῧῦἦᾞῆῖῖῑᾱῖιῖῐῇῐῆῆῐῶπῴῖῖρῐῑῦἷῇἶεήῆἓῖὧῗῑπῆῖ

1843 3343 2106 3352 -———_—_—

2223 3345 2364 3354 ω..

464 3336 2600 3438 (ΜΜ-Ἒῇῖῷῆᾗξῇ”ιΜατιιρ
2631 3363 2674 3414 ll
2700 3356 3150 3420 restitutus-Ain.—
3179 3371 3241 3438 Νἐ
3273 3360 3496 3438 ββςρίωί
3525 3376 3736 3434 Bajasitl

1083 3421 1340 3477 paternum
1364 3418 1701 3480 deapotatu,
1721 3432 1803 3469 an.
1827 3420 1967 3472 1442.
1999 3424 2060 3484 (Δ

465 3565 746 3614 Summus
814 3565 1041 3615 candenti
1096 3565 1231 3616 ferro

559 3633 771 3677 caecatos
795 3641 822 3677 a
848 3629 1035 3678 lurate
1073 3627 1136 3680 ll.

846 3691 858 3809 1
1293 3694 1395 3740 visu
1424 3694 1660 3755 privatus.

531 3839 706 3908 Lupus,
743 3841 830 3908 _v_'ir
888 3841 1089 3908 fortiss.,
1141 3842 1221 3908 cui
1283 3842 1518 3903 Joannes,
1559 3855 1669 3908 cum
1720 3844 1914 3908 aliquot
1959 3839 2055 3895 fra-

468 3900 698 3964 Matthias
743 3901 969 3964 Uttgarite
1017 3900 1125 3962 rex,
1157 3905 1223 3953 ob
1502 3900 1512 3903 ⁷
1579 3902 1754 3954 tribus.

464 3974 572 4014 rom
584 3963 720 4013 bello
744 3963 1004 4014 Boliemico
1017 3973 1224 4014 strenue

505 4035 678 4082 estam.
719 4027 979 4076 castellum
1022 4025 1225 4076 Feiezco

502 4091 682 4138 υηιινιῑ.

2065 3423 2198 3475 mal.
2227 3424 2402 3486 Ture.)

1356 3568 1618 3632 Gaoasius,
1675 3568 1885 3632 Laonieo
1933 3554 2086 3621 "ea?

1291 3642 1464 3690 gurus,
1515 3630 1576 3680 ab
1605 3630 1816 3682 eodem
1869 3633 2065 3684 aurato

3208 3435 3468 3488 Gllderuni
3493 3448 3670 3501 nupta.

2773 3564 2933 3571 ———

2129 3562 3649 3654 Linges,latteeessorupafﬂsnigsuitani-Iluratis
3700 3595 3741 3646 ll

2282 3635 2372 3688 tris
2401 3635 2450 3688 in
2486 3653 2660 3702 regno.
2725 3635 2741 3644 ’
2873 3658 3015 3697 uxor.
3064 3635 3745 3720 (ε’ἱοίήὲἁηῖςρᾶἱιῖίῖάῖἶηιξξ

2460 3703 2470 3775 ί
2867 3717 2963 3757 non
2983 3709 3198 3771 lrenem,
3230 3720 3409 3775 vocnt.)

3133 3726 3198 3771 tu,
3230 3726 3384 3764 vocnt.

2184 3848 2505 3927 lfi._nl)‘espi_na2
2541 3860 2694 3927 nupta
2734 3854 2996 3927 Stephano
3041 3848 3744 3927 lium

2120 3922 2319 3972 quoque
2350 3921 2506 3970 princi
2545 3921 2678 3961 atum
2708 3925 3030 3976 consecutus,
3059 3921 3254 3972 tandem
3279 3936 3308 3973 e
3330 3921 3554 3976 'east'eilo
3583 3921 3743 3983 Jaizae

2121 3970 2450 4020 Muchemetls
2493 3927 2542 4024 ΙῩ
2575 3975 2828 4024 blanditiis
2871 3987 3124 4024 evocatus-
3151 3991 3267 4024 eum
3293 3989 3431 4024 νίνιη
3476 3995 3698 4024 cum..-
3724 4008 3736 4023 .

2121 3970 2451 4048 meum“?
2493 3970 2535 4024 ιι
2575 3975 2828 4048 blanditiis
2871 3970 3124 4048 evocatus,
3151 3970 3740 4048 ςίιιεὲεέῡξᾏῖιιῑίδῖῖ

2116 4031 2364 4143 memque
2399 4047 2509 4084 cum
2547 4047 2724 4100 regno,
2755 4041 2889 4102 quod
2925 4043 3051 4105 patri
3085 4031 3207 4095 dolo
3224 4031 3748 4112 sibitaiefai,‘"££{n;

466 4304 631 4377 423
661 4304 749 4360 55-
783 4303 1206 4408 cura.
1411 4311 1891 4408 gausaprohibine
1940 4333 2051 4372 mo-
2080 4321 2126 4386 ο
2157 4317 2346 4391 Itaque
2377 4337 2500 4376 eum
2553 4320 2928 4384 Romanorum
2977 4339 3034 4387 et
3072 4333 3389 4390 Graecorum
3431 4337 3734 4408 imperato-

861 4389 991 4434 ume
1022 4383 1206 4435 ueteris
1237 4383 1376 4453 apud
1415 4379 1632 4438 Tui-cos.

539 4489 746 4545 Nomen
792 4492 917 4558 hoc,
961 4493 1101 4548 Cara
1150 4495 1394 4561 l'tustem,
1427 4498 1698 4564 signiﬁcat
1753 4499 2049 4556 Rustemen

469 4581 710 4652 nigrum.
747 4582 1037 4640 iiustemes
1091 4601 1220 4640 vero
1257 4585 1451 4643 Turcis
1485 4589 1706 4657 dicitur,
1731 4607 1896 4661 quem
1953 4608 2051 4647 no-

469 4689 569 4732 sm
600 4686 796 4730 vorant
832 4678 1148 4743 Rostanem,
1181 4696 1288 4750 quo
1330 4682 1550 4736 nomine
1599 4685 1850 4739 sultanus
1879 4683 2051 4740 Solei-

472 4783 668 4822 manes
699 4770 967 4824 memoria
997 4783 1182 4827 nostra
1213 4772 1443 4827 vezirem
1465 4785 1520 4828 et
1546 4763 1810 4845 generum
1831 4777 2046 4835 habuit.

472 4861 557 4914 Mi
585 4859 779 4916 Turcis
815 4873 900 4917 est
937 4863 1058 4918 sine
1091 4866 1450 4935 aspiratione,
1511 4869 1605 4936 qui
1643 4866 1885 4926 Laonieo
1909 4871 2048 4925 diei-

473 4963 565 5006 tur
615 4951 780 5016 Alies,
816 4965 912 5007 aut
963 4952 1167 5022 llalies,
1201 4967 1262 5010 ut
1306 4955 1575 5026 interpres
1600 4957 1846 5028 scripsit.
1868 4958 2045 5016 Causa

475 5043 559 5098 vel
587 5051 880 5113 prietextus
923 5058 1104 5100 causa:
1138 5047 1341 5115 potius,
1374 5063 1472 5102 cur
1511 5045 1838 5114 Talismani,
1894 5051 2048 5104 velut

474 5136 767 5208 admodum
815 5137 1057 5205 religiosi
1089 5146 1146 5192 et
1167 5141 1410 5195 accurati
1470 5138 1878 5196 Mahumetanze
1908 5142 2043 5213 legis

473 5230 878 5293 observatores,
923 5243 1079 5282 usuin
1118 5246 1470 5286 nummorum
1504 5241 1749 5286 veterum
1780 5249 1811 5288 e
1856 5235 2040 5288 medio

477 5321 776 5375 tollendum
801 5330 1110 5382 censerent.
1143 5322 1564 5392 explicationem
1593 5314 1824 5378 minime
1846 5324 2043 5380 (lillici-

478 5413 582 5470 lem
617 5415 800 5470 habet.
830 5412 1046 5483 Quippe
1076 5423 1202 5467 nota
1262 5414 1346 5468 lex
1391 5410 1742 5478 Mahumetis,
1773 5431 1880 5486 qua
1927 5428 2044 5472 sta-

481 5512 624 5564 tuas.
675 5503 993 5567 simulacra,
1051 5503 1294 5572 seulptas
1335 5513 1390 5558 et
1439 5504 1614 5574 pietas
1648 5505 1940 5577 imagines,
1975 5525 2041 5564 ex

480 5597 753 5652 interdirti
773 5597 942 5661 divini
961 5596 1275 5666 praescripto
1292 5599 1477 5649 seVere
1497 5598 1795 5665 prohibuit:
1824 5611 2042 5665 uotum.

484 5703 690 5759 quanto
736 5690 852 5744 zelo
881 5689 1205 5745 Musulmaui
1240 5688 1676 5745 Christianorum
1729 5694 1781 5748 in
1828 5699 2044 5766 templis

375 5776 387 5781 “
483 5785 743 5839 imagines
803 5782 1068 5847 inutilare,
1115 5781 1402 5848 frangere.
1455 5783 1733 5842 destruere
1799 5790 2037 5848 soleant.

2153 4424 2274 4464 rum
2310 4412 2575 4483 imagines
2603 4417 2658 4471 in
2689 4421 2933 4476 nummis
2986 4432 3041 4478 et
3089 4428 3267 4496 aspris
3305 4445 3582 4498 expressae
3606 4449 3728 4489 con-

2153 4501 2524 4572 spicerentur,
2555 4510 2753 4565 violari
2787 4515 3065 4584 prophetze
3103 4518 3277 4589 legem
3306 4522 3643 4588 clamabant.
3678 4538 3734 4581 et

2153 4596 2432 4654 abolenda:
2461 4611 2694 4657 monetae
2727 4607 3208 4667 veteris‘auctores
3238 4625 3413 4668 erant.
3449 4616 3555 4672 Sed
3586 4619 3735 4675 inte-

2157 4688 2258 4743 rim
2283 4693 2389 4747 sub
2417 4701 2686 4763 pratextn
2723 4697 3002 4769 religionis
3031 4703 3360 4772 impostores
3394 4715 3734 4779 nequissimi

2151 4792 2422 4872 quaestum
2450 4783 2740 4846 iaciebant.
2775 4799 2833 4844 ut
2863 4791 3084 4860 ipsimet
3129 4793 3295 4852 Turei
3328 4800 3464 4855 satis
3491 4803 3733 4872 ingenue

2153 4870 2418 4928 fatentur.
2464 4875 2636 4933 Hodie
2692 4895 2798 4936 non
2853 4884 3091 4953 amplius
3145 4890 3364 4945 animos
3415 4870 3730 4952 Turcorunt

2151 4964 2243 5018 illa
2285 4967 2480 5034 religio
2527 4977 2810 5040 tant0pere
2835 4977 3034 5046 tangit,
3072 4989 3131 5034 ut
3165 4981 3414 5052 signatos
3450 4985 3732 5046 Christia-

2154 5069 2350 5110 normn
2403 5059 2710 5130 principum
2741 5065 3064 5124 charactere
3083 5087 3341 5130 nummos
3373 5091 3724 5140 aversetitnr.

2152 5144 2268 5238 lmo
2311 5165 2565 5206 nummos
2593 5156 2711 5209 sive
2743 5155 2974 5214 ducatos
3012 5159 3275 5233 Venetos,
3311 5171 3511 5238 quibus
3537 5177 3730 5231 vetita:

2151 5237 2268 5308 lege
2299 5239 2626 5298 Mahumetis
2655 5247 2935 5318 impressae
2965 5264 3095 5309 sunt
3127 5237 3429 5331 imagines}.
3477 5263 3726 5322 Sultani-

2150 5332 2238 5423 nis
2262 5334 2397 5397 suis.
2424 5337 2518 5406 qui
2551 5339 2690 5395 nihil
2717 5341 2921 5400 habent
2944 5347 3050 5418 legi
3075 5357 3439 5423 contrarium,
3469 5361 3724 5420 Arabicis

2152 5421 2420 5478 duntaxat
2447 5427 2693 5496 insigniti
2718 5432 2939 5502 litteris,
2973 5438 3133 5510 longe
3167 5421 3484 5514 prteferunt.
3507 5447 3715 5506 'I'aleri.c

2148 5525 2329 5571 autem
2370 5517 2737 5589 Germanicis,
2782 5531 3091 5596 praesertim
3147 5538 3351 5606 quibus
3407 5551 3500 5597 aut
3548 5546 3700 5614 ipsiu:

2154 5610 2526 5679 imperatoris,
2611 5625 2706 5671 aut
2783 5618 3114 5682 Ferdinandi
3185 5610 3583 5699 Archiducis;
3624 5649 3721 5693 aut

2156 5701 2480 5799 Septemviri
2530 5707 2771 5799 .Saxouis
2830 5714 3088 5787 insculpti
3130 5731 3261 5776 sunt
3304 5726 3510 5791 vultus,
3546 5743 3717 5799 usque

2152 5795 2288 5848 adeo
2308 5810 2418 5850 non
2462 5795 2645 5854 infesti
2677 5812 2823 5872 sunt,
2862 5816 2919 5860 ut
2949 5823 3014 5865 ex
3044 5810 3152 5866 illis
3185 5815 3318 5886 ipsis
3348 5817 3451 5872 sibi
3480 5795 3716 5889 prohibb
