4018 6420
33 334 85 1019 ἱ

57 1197 62 1208 ⁵
67 1195 76 1216 ε

44 1216 76 1268 ᾖε

63 1301 68 1314 Ι¹

43 1383 59 1430 ξῖἰ
67 1411 74 1430 .-

49 1479 53 1490 I

39 1571 44 1582 1

301 337 405 419 ³171

1454 344 1855 422 ΡᾹΝΒΕΕΤΕ
1891 348 2435 424 HIST.TURC1'C.
3472 355 3582 427 778

297 474 376 527 tis
419 468 639 542 agnitus
690 468 1030 540 imaginibus
1085 480 1345 541 expetant
1400 474 1761 531 avidissime:
1796 492 1893 532 nec
1925 487 1972 543 Α
2002 476 2273 533 Laonicus
2308 480 2405 544 ait,
2455 470 2660 533 Tckicn
2702 493 2827 534 esse
2870 480 3155 549 regionem
3201 490 3259 536 ut
3293 479 3580 552 Bithynia,

300 565 578 628 dubitent,
619 560 782 618 modo
804 578 862 618 se
892 578 994 631 pro
1018 565 1299 621 mercibus
1325 567 1441 621 suis
1471 582 1567 622 eos
1602 567 1891 625 habituros

306 655 645 725 intelligant,
671 654 744 709 'de
788 655 1073 709 communi
1129 657 1309 725 pretio
1363 658 1615 711 trientem
1639 659 1723 713 rei
1758 674 1892 730 qua-

307 748 556 804 drantem
610 747 907 803 remittere.
974 747 1056 804 Ne
1134 752 1354 819 pondus
1404 750 1629 822 quidem
1694 755 1889 809 horum

308 842 611 911 explorant,
666 840 815 911 quod
844 851 1028 897 tamen
1078 843 1135 898 in
1177 842 1388 899 Sullani
1422 845 1510 901 sui
1564 848 1891 919 ceterisque

308 933 538 989 monetis
559 933 802 1001 usitatis,
837 936 1163 1007 scrupulose
1200 936 1380 993 iacere
1407 938 1606 993 solent.

301 1068 390 1126 56.
426 1068 535 1126 Cur
564 1072 916 1140 imperatores
949 1069 1262 1155 Grecorum
1296 1089 1329 1126 α
1375 1053 1564 1128 Turcis
1593 1074 1725 1129 dicti
1761 1073 1888 1147 Teg-

988 1154 1188 1213 gi‘ures.

367 1251 670 1323 Teggiures
697 1261 891 1324 supra,
928 1261 1162 1310 numero
1203 1255 1291 1321 15,
1340 1256 1584 1311 diximus
1617 1273 1647 1312 a
1686 1255 1888 1314 Turcis

306 1346 612 1416 appellatos
639 1336 964 1402 Graecorum
1009 1360 1123 1401 tam
1170 1347 1226 1402 in
1262 1348 1513 1413 urbibus,
1546 1365 1711 1419 quam
1762 1364 1888 1419 pro-

293 1439 517 1503 vinciis,
546 1440 835 1509 praesides.
872 1438 1083 1495 Nomen
1122 1440 1304 1509 ipsum
1336 1458 1367 1495 a
1397 1442 1627 1497 solertia
1658 1442 1886 1497 militari

292 1532 593 1586 deducunt.
625 1529 690 1585 Et
711 1535 922 1587 scimus
946 1532 1048 1590 bos
1079 1549 1109 1587 a
1128 1530 1336 1590 Graecis
1368 1550 1480 1590 non
1501 1535 1674 1591 duces
1696 1536 1885 1600 modo,

291 1624 386 1693 qui
414 1634 542 1678 sunt
571 1624 652 1679 eis
690 1623 1019 1694 Higetnones
1048 1666 1064 1691 ,
1102 1643 1289 1681 verum
1331 1627 1499 1683 etiam
1535 1626 1806 1700 Stratigos
1832 1639 1888 1685 et

293 1716 611 1774 Stratilatas
640 1719 842 1784 dictos,
885 1721 1171 1776 vocabulis
1210 1722 1381 1777 duces
1418 1722 1689 1779 militares
1716 1723 1883 1793 signi-

292 1810 607 1865 ﬁcantibus.
657 1811 815 1879 Quod
862 1822 1045 1868 autem
1073 1802 1239 1870 Turci
1299 1815 1634 1887 'l‘eggiurum
1682 1832 1883 1871 nomen
1910 1827 1960 1887 Β

289 1904 457 1958 etiam
492 1903 811 1960 Graecorum
845 1906 1278 1977 imperatoribus
1312 1909 1650 1977 tribuerunt,
1673 1925 1740 1966 ex
1774 1911 1881 1966 alia

289 1998 441 2053 nulla
469 1996 677 2053 iactum
711 2011 797 2056 est
837 2009 1038 2068 causa,
1105 2016 1272 2072 quam
1331 2002 1605 2059 irrisionis
1658 2013 1714 2077 et
1748 2018 1885 2059 con-

287 2098 558 2160 temptus,
608 2093 769 2161 quasi
796 2093 1008 2150 scilicet
1057 2094 1449 2165 imperatorum
1481 2095 1702 2152 nomine
1731 2094 1881 2167 digni

287 2194 400 2237 non
427 2194 635 2248 essent,
658 2184 753 2254 qui
793 2187 1148 2257 perangustis
1193 2187 1394 2244 inclusi
1424 2188 1648 2254 ﬁnibus,
1683 2190 1881 2258 ipsius-

291 2290 402 2343 que
460 2278 864 2348 propemodum
942 2280 1511 2352 Constantinopoleos
1596 2281 1879 2337 manibus

293 2364 722 2438 circumscripti,
747 2370 1012 2440 praesides
1041 2373 1200 2428 urbis
1224 2372 1435 2447 petitis,
1459 2387 1625 2442 quam
1653 2373 1876 2440 augusti

290 2450 666 2523 Romanorum
700 2467 919 2539 imperii
950 2482 1108 2540 reges
1129 2469 1239 2524 dici
1263 2467 1876 2525 mererentur.l..aonici

286 2566 445 2620 locus
475 2574 557 2619 est
578 2562 636 2618 in
666 2561 922 2618 Historiae
949 2562 1248 2632 principio,
1278 2577 1388 2633 quo
1415 2562 1606 2634 paucis
1627 2562 1873 2633 exponit,

282 2673 449 2728 quam
500 2656 557 2710 in
612 2666 829 2712 arctum
887 2656 1095 2710 redacti
1150 2656 1371 2711 tandem
1424 2655 1634 2711 iuerint
1659 2650 1874 2725 imperii

284 2750 463 2806 Graeci
500 2749 721 2805 limites.
777 2748 1156 2803 Animadverti
1204 2746 1473 2813 Graecos,
1544 2748 1750 2818 inquit,
1818 2757 1874 2803 et

287 2854 522 2915 regnum
546 2859 739 2898 eorum
791 2845 969 2914 primo
1032 2844 1139 2899 sub
1196 2843 1508 2898 Thracibus
1566 2842 1870 2898 exstitisse.

287 2933 492 2989 Postea
552 2937 767 3007 reliquo
805 2951 1031 3009 regnoa
1077 2936 1337 2992 Barbaris
1370 2949 1589 3000 exutos,
1640 2952 1870 3008 parvum

289 3026 569 3094 quoddam
615 3035 840 3095 regnum
862 3027 1224 3098 gubernasse,
1252 3027 1504 3084 videlicet
1526 3027 1869 3099 Bylantium,

280 3118 652 3191 Byzantiique
684 3120 1015 3175 maritimam
1054 3120 1335 3189 regionem
1377 3120 1724 3187 interiorem,
1760 3119 1869 3176 He-

1998 572 2081 628 sic
2107 573 2276 626 etiam
2307 571 2517 627 Ciliciae
2547 572 2784 627 vicinam
2823 589 2838 627 :
2875 571 2928 627 id
2958 582 3063 635 est,
3104 585 3133 627 a
3158 570 3426 645 Bithynia:
3456 575 3584 629 tini—

1996 663 2103 718 bus
2152 664 2219 717 ad
2267 662 2475 719 Cilicia:
2519 663 2655 719 ﬁnes
2684 676 2858 733 usque
2905 665 3202 734 pertinere.
3238 664 3582 737 Coujunctas
3638 696 3645 705 ι

1996 760 2145 821 Vero,
2186 754 2497 826 Bithyniam
2524 755 2954 827 Τιιιὶριηεηιιίιιο
3000 760 3304 828 regionem,
3350 759 3580 815 Otltma-

1995 848 2144 902 niam
2198 844 2374 902 fuisse
2421 861 2646 904 vocatas
2671 864 2782 905 uno
2830 851 3075 914 nomine,
3112 867 3306 921 supra,
3352 867 3579 906 numero

1995 939 2083 1003 15,
2104 939 2412 994 docuimus;
2441 939 2670 994 (Ioniam
2708 955 2829 997 esse
2855 942 3097 1011 priscum
3140 941 3272 995 illud
3302 941 3576 1000 luminat.

1991 1034 2148 1103 prius
2184 1033 2394 1087 dictum
2445 1033 2549 1087 init
2593 1046 2825 1088 numero
2859 1034 2948 1089 12.
3000 1032 3318 1089 Triturundi
3355 1042 3578 1105 quoque

1993 1128 2190 1181 modus
2211 1128 2518 1195 explicatus
2538 1142 2774 1181 numero
2807 1126 2901 1183 25.
3092 1132 3095 1135 ’

2375 1220 2618 1285 Acurst,
2645 1218 2846 1291 Nigris,
2874 1220 3145 1286 Cais‘uiiu,
3182 1221 3360 1276 Borﬁ.

2060 1308 2320 1367 Castrum
2379 1311 2563 1365 album
2629 1299 2826 1369 Turcis
2892 1312 3147 1378 Acserai,
3202 1315 3320 1369 sive
3378 1317 3576 1370 domus

1988 1392 2156 1472 ἦ,αᾷ
2212 1401 2338 1454 alba
2397 1400 2628 1458 dicitur.
2698 1401 2872 1459 Vetus
2924 1400 3149 1474 aliquod
3203 1404 3311 1461 hoc
3352 1407 3574 1462 nomine

1989 1503 2235 1549 castrum
2260 1494 2347 1551 vel
2381 1497 2641 1567 Oppidum
2672 1498 2729 1552 in
2769 1498 2837 1554 iis
2866 1498 3000 1555 lucis
3028 1499 3243 1555 nullum
3280 1496 3570 1572 reperitur.

1991 1585 2049 1641 In
2078 1588 2269 1642 Ortelii
2312 1591 2502 1645 tabula
2553 1589 2782 1647 Natolia:
2834 1592 3034 1663 legitur
3092 1594 3319 1650 Aesara.
3368 1584 3572 1650 ibidem

1987 1690 2112 1749 qua
2141 1681 2337 1735 Turcis
2391 1681 2482 1737 hic
2518 1681 2716 1753 Nigde,
2775 1682 2966 1754 Nigdia
3006 1684 3292 1740 scribitur.
3330 1681 3575 1755 Utraque

1991 1785 2102 1825 non
2164 1785 2363 1842 magno
2400 1787 2432 1827 a
2467 1772 2641 1828 (Ionia
2675 1774 2761 1828 vel
2802 1774 2987 1829 l‘couio
3037 1774 3208 1830 dlstat
3260 1775 3571 1831 intervallo.

1991 1859 2323 1917 Vincentius
2377 1861 2729 1920 Belvecensis
2772 1865 2999 1921 Acserai
3027 1866 3354 1921 vocabulum
3394 1877 3576 1921 mutat

1988 1952 2043 2007 in
2070 1946 2300 2019 Hacsar,
2341 1966 2467 2011 cum
2499 1958 2576 2011 ait
2615 1975 2629 2012 :
2678 1956 2837 2027 Apud
2879 1945 3091 2015 Hacsar
3128 1959 3409 2014 invenitur
3474 1975 3572 2015 co-

1985 2054 2110 2101 ctus
2139 2056 2195 2101 et
2252 2047 2514 2104 aluminis
2562 2049 2794 2106 minera.
2824 2049 3071 2106 Caisaria
3122 2050 3352 2119 Ciliciae,
3404 2068 3568 2122 quam

1984 2139 2069 2194 sic
2096 2140 2263 2195 etiam
2297 2139 2519 2197 Marcus
2546 2141 2756 2197 Paulus
2793 2137 3039 2200 Venetus
3090 2146 3365 2209 nominat,
3420 2146 3567 2203 dicta

1981 2235 2182 2305 priscis
2236 2232 2485 2290 Caesarea
2521 2235 2647 2291 init.
2683 2236 2841 2307 Apud
2902 2237 3290 2295 Belvacensetlt
3332 2238 3566 2296 Gazaria

1988 2340 2247 2403 corrupte
2276 2333 2561 2389 scribitur.
2621 2333 2769 2388 Borli
2792 2334 2993 2405 duplex
3012 2337 3066 2390 in
3098 2332 3330 2391 Natalia:
3358 2338 3565 2392 deacri-

1980 2428 2168 2496 ptione
2196 2425 2565 2496 conspicitur,
2600 2442 2709 2482 una
2738 2420 2883 2483 Borli
2906 2428 3232 2499 simpliciter
3269 2430 3561 2501 appellata,

1982 2527 2092 2568 non
2146 2516 2335 2585 procul
2402 2516 2473 2571 ab
2531 2515 2735 2587 Enguri
2789 2518 2874 2572 vel
2927 2520 3145 2590 Ancyra
3190 2520 3352 2579 sita:
3392 2521 3562 2576 altera

1979 2620 2107 2663 eum
2164 2620 2553 2678 cognomento,
2608 2607 2845 2667 Tarachi
2893 2609 3067 2684 Boi-li,
3126 2628 3237 2670 non
3298 2617 3564 2685 procula

1975 2699 2306 2756 Castamona
2324 2711 2379 2757 et
2400 2702 2624 2772 Sinope.
2661 2705 2740 2758 Ad
2769 2706 2927 2760 Ponti
2957 2707 3296 2776 provinciam
3328 2708 3564 2780 utraque

1977 2795 2238 2864 pertinet,
2284 2811 2409 2866 qua:
2446 2798 2598 2866 regio
2645 2799 2954 2869 principum
2991 2811 3111 2855 erat
3160 2801 3561 2869 isvendiarm

1975 2889 2178 2958 quibus
2214 2888 2473 2945 intulisse
2511 2890 2781 2961 Bajazites
2812 2893 3017 2948 bellum
3056 2896 3284 2950 dicitur.
3342 2895 3410 2951 Et
3431 2901 3560 2967 qui-

1974 2986 2102 3036 nam
2130 2983 2412 3053 principes
2465 2984 2519 3040 hi
2570 2985 2800 3049 iuerint,
2824 2988 3160 3056 explicatum
3204 2990 3428 3046 abunde
3464 3006 3558 3046 sus

1974 3076 2184 3146 peritis.
2227 3074 2469 3145 Sinopen
2504 3076 2717 3133 novella
2749 3077 2815 3133 de
2837 3075 3081 3136 Turonis
3101 3081 3174 3137 ad
3203 3082 3558 3140 Amasiaaam

285 3167 651 3191 ,,-__----,__
684 3167 1015 3175 ..-_-.-.---_..-
1055 3167 1335 3189 --,,.-----.-
1378 3167 1724 3187 --.--..-.-...,
1761 3167 1836 3176 ---

283 3212 528 3267 racleam
558 3225 737 3282 usque
774 3229 790 3267 :
824 3211 1069 3281 acjuxta
1122 3209 1362 3267 Pontum
1397 3211 1669 3265 Euxinum
1704 3211 1867 3266 utari-

1977 3168 2325 3237 metropolim
2350 3167 2839 3241 lleienoponticam
2869 3172 3059 3229 reiert.

284 3304 477 3359 timam
509 3305 792 3376 regionem
822 3306 1193 3376 superiorem,
1226 3303 1610 3360 Mesembriam
1644 3319 1817 3374 usque
1850 3320 1865 3356 :

283 3408 547 3470 pra'terea
595 3395 1043 3468 Peloponnesum
1072 3408 1268 3463 totam,
1298 3407 1454 3453 extra
1478 3406 1587 3452 tres
1617 3409 1712 3453 aut
1737 3412 1870 3468 qua-

287 3501 413 3546 tuor
449 3492 613 3548 urbes
638 3489 993 3547 Venetorum.
1026 3492 1108 3547 Ad
1166 3490 1307 3553 haec,
1343 3489 1613 3546 Lemnum
1654 3496 1712 3544 et
1761 3489 1870 3545 lm-

290 3586 475 3651 brum,
493 3594 550 3640 et
590 3583 806 3639 insulas
843 3585 1043 3641 ibidem
1082 3584 1138 3640 in
1167 3583 1357 3654 Egeo
1400 3584 1553 3640 sitas.
1592 3583 1867 3641 Hactenus

288 3676 586 3733 Laonicus.
630 3675 892 3749 Bajazitis
929 3692 1059 3733 vero
1119 3686 1366 3748 tempore
1416 3676 1631 3732 caeteris
1688 3679 1864 3740 exuti.

281 3788 408 3831 cum
433 3772 568 3842 ipsis
599 3772 764 3827 etiam
799 3772 1136 3827 suburbanis
1179 3772 1350 3839 agris,
1378 3771 1468 3825 vix
1501 3772 1643 3825 intra
1674 3786 1863 3827 muros

280 3863 434 3920 urbis
505 3878 566 3918 se
619 3864 942 3919 tuebantur.
1002 3862 1298 3933 Propterea
1351 3879 1446 3935 per
1506 3865 1861 3937 ignominiam

281 3956 582 4025 Teggiures
605 3970 635 4010 a
668 3954 866 4012 Turcis
897 3957 1221 4013 audiebant.

351 4067 443 4126 57.
462 4067 801 4131 ϐαναιιακὶω,
827 4068 984 4142 begus
1011 4070 1302 4138 Alisurius,
1330 4072 1593 4129 Tekiensis
1625 4076 1787 4146 regios

348 4183 777 4240 DeCaramania
834 4200 1023 4257 quaere
1080 4200 1270 4245 notata
1302 4193 1560 4261 superius
1628 4208 1862 4249 numero

278 4275 367 4332 15.
400 4276 592 4331 Saltim
635 4279 737 4334 hoc
781 4279 1029 4335 indicare
1059 4296 1211 4337 nunc
1251 4282 1420 4348 lubet,
1444 4300 1570 4340 eum
1599 4284 1853 4341 Carama-

275 4368 381 4422 niat
436 4369 764 4438 principem,
815 4370 980 4443 cujus
1022 4373 1111 4428 hic
1164 4374 1372 4429 mentio
1418 4374 1501 4440 iit,
1549 4391 1579 4430 a
1618 4372 1860 4432 Leonico

266 4463 549 4517 nominari
582 4465 914 4519 Alisurium.
946 4464 1146 4520 Narrat
1175 4478 1359 4522 autem
1392 4470 1555 4535 hunc,
1601 4484 1727 4525 cum
1750 4485 1858 4526 cae»

1972 3277 2062 3339 59.
2100 3284 2229 3361 gari
2257 3283 2544 3361 Burchan,
2591 3287 2936 3361 Orthobula,
2982 3303 3032 3346 et
3088 3288 3474 3361 "usuimaues,
3504 3306 3556 3349 ct

2092 3354 2459 3425 Cyria-ciebis,
2484 3372 2553 3411 an
2580 3359 2743 3413 iidem
2776 3374 2894 3415 rum
2921 3365 3085 3418 entire
3106 3363 3428 3421 Saleium".

2043 3445 2183 3514 Quis
2226 3450 2399 3521 begus
2446 3450 2538 3506 ille
2559 3450 2831 3510 Turcicus
2879 3455 3070 3522 fuerit,
3132 3458 3222 3513 cui
3281 3459 3555 3531 Bajaiitss

1969 3539 2278 3596 Sebastiam
2341 3542 2567 3610 ademit,
2600 3555 2830 3615 propter
2864 3548 3151 3604 annalium
3197 3553 3555 3609 narrationes

1970 3632 2139 3688 nimis
2170 3633 2650 3691 succinctas'sciri
2696 3652 2804 3692 non
2838 3649 3038 3707 putest.
3076 3639 3191 3696 Hoc
3226 3653 3410 3701 tamen
3446 3648 3552 3701 nti-

1968 3723 2121 3778 nime
2196 3724 2679 3791 dissimulandum,
2733 3729 3041 3785 Sebastiam
3089 3733 3262 3791 fuisse
3315 3738 3548 3806 primaut

1968 3815 2280 3873 TurcOrum
2317 3819 2372 3873 in
2405 3820 2533 3875 Asia
2558 3822 2664 3878 sub
2690 3824 2919 3879 Aladine
2939 3828 3172 3896 regiam,
3201 3831 3347 3886 sicut
3376 3838 3552 3888 antia~

1969 3910 2049 3965 les
2084 3909 2153 3965 ab
2176 3911 2333 3966 initio
2361 3920 2656 3977 testantur,
2691 3922 2749 3969 et
2784 3911 3081 3985 Lao’nicus,
3104 3923 3201 3987 qui
3224 3932 3548 3996 progressos

1966 4018 2031 4060 ex
2067 4003 2171 4060 hac
2199 3995 2414 4061 Turres
2443 4008 2517 4062 ait
2552 4008 2737 4063 Asiam
2776 4012 3065 4082 subegisse
3125 3995 3343 4081 totam,
3371 4032 3550 4091 usque

1965 4098 2035 4153 ad
2067 4098 2507 4171 Hellespontum.
2542 4102 2890 4176 Quapropter
2920 4109 2967 4164 si
3005 4110 3110 4167 hoc
3169 4120 3418 4186 tempore
3455 4135 3549 4173 sua

1964 4193 2217 4261 perstites
2242 4205 2399 4250 erant
2422 4197 2670 4254 Aiadinis
2694 4204 2925 4270 posteri,
2971 4209 3290 4266 verosimile
3319 4220 3426 4277 est,
3454 4227 3551 4268 eos

1965 4282 2230 4339 Sebastiae
2258 4286 2576 4356 praefectum
2635 4292 2897 4351 habuisse
2951 4298 3292 4367 quemdam:
3338 4305 3429 4360 citi
3482 4307 3553 4362 ab

1962 4378 2222 4447 aequitate
2251 4395 2467 4436 summa
2525 4385 2760 4440 inditum
2818 4404 3026 4445 nomen
3091 4388 3217 4447 Casi
3271 4394 3547 4462 Burchan.

1962 4469 2149 4540 lingua
2174 4472 2406 4529 Turcica
2435 4477 2679 4544 judicent
2710 4479 2800 4536 Dei
2842 4482 3212 4551 signiﬁcabat.
3265 4488 3344 4542 Ad
3379 4490 3547 4545 Seba»

260 4560 420 4611 teres
454 4557 597 4611 Asia:
655 4560 881 4627 regulos
936 4558 1210 4630 Bajazites
1274 4562 1576 4618 ditionibus
1606 4573 1852 4629 exueret,
1889 4570 1935 4629 υ
1965 4563 2129 4618 stiain
2153 4567 2382 4623 annalrs
2402 4571 2575 4624 nostri
2606 4586 2635 4625 a
2668 4584 2820 4641 patre
2841 4574 3091 4630 relictum
3120 4577 3288 4633 fuisse
3323 4581 3547 4639 tradunt

263 4664 458 4718 pacem
499 4664 624 4704 cum
654 4664 723 4706 eo
754 4650 976 4720 iecisse,
1006 4665 1172 4725 atque
1197 4655 1270 4709 ita
1305 4656 1422 4712 suis
1476 4658 1684 4727 ipsum,
1718 4658 1849 4712 licet

259 4742 448 4811 aliqua
473 4743 858 4813 cumjactura,
913 4747 1272 4802 consuluisse
1323 4749 1511 4813 rebus,
1568 4762 1638 4803 ne
1683 4762 1851 4819 regno

262 4850 496 4904 prorsus
557 4838 966 4901 exturbaretur,
1021 4841 1249 4897 annales
1316 4842 1545 4898 addunt.
1635 4842 1848 4899 Nomen

257 4930 485 4983 diverse
514 4930 782 4998 scriptum
816 4932 1036 5000 legitur,
1078 4932 1376 4998 Alisurius,
1403 4933 1707 5000 Alidurius,
1732 4936 1848 4989 Ali-

254 5021 480 5088 derius,
508 5023 716 5085 Aluris,
742 5039 809 5078 es
835 5024 1060 5081 Laonici
1080 5028 1397 5097 depravatis
1416 5031 1846 5098 exemplaribus.

246 5117 577 5173 Notandum
614 5117 721 5172 hoc
752 5134 993 5190 quoque,
1024 5137 1187 5190 quem
1247 5123 1550 5178 Aliderium
1583 5125 1848 5180 Carama»

239 5226 394 5268 num
427 5226 459 5263 a
487 5209 699 5264 Murnte
731 5215 977 5267 secundo
1013 5216 1156 5270 bello
1186 5219 1416 5285 petitum
1472 5221 1677 5275 scribat
1709 5220 1845 5275 Laoa

233 5308 442 5368 uicus,
471 5303 538 5354 itt-
579 5303 664 5357 his
716 5306 1009 5362 annalibus
1069 5310 1395 5365 lbrahimem
1436 5315 1619 5367 vocari
1653 5330 1668 5367 :
1703 5317 1847 5369 sicut

234 5399 561 5455 videre'est
598 5397 651 5451 in
693 5397 784 5464 iis,
831 5415 957 5468 quae
1003 5416 1150 5456 anno
1172 5403 1493 5461 Christiano
1524 5407 1665 5463 H57
1690 5420 1847 5480 gesta

236 5491 602 5547 referuntur.
631 5488 919 5546 Hemiilam
950 5508 1072 5550 esse
1098 5496 1480 5564 Cerasuntem,
1499 5503 1845 5559 ostendimus

234 5594 493 5638 numero
509 5581 603 5637 40.
639 5578 931 5639 Tekiensis
952 5589 1103 5657 regio
1154 5588 1391 5662 Phrygia
1440 5593 1635 5663 majori
1668 5595 1846 5649 conti~

235 5684 437 5737 θεων,
480 5682 755 5743 quatenus
790 5675 846 5730 in
883 5679 1300 5738 mediterraneis
1358 5698 1421 5739 ea
1464 5700 1659 5743 versus
1697 5683 1841 5757 Cap-

234 5769 570 5839 padociam,
611 5772 930 5826 Armeniam
974 5782 1031 5827 et
1066 5774 1317 5832 Ciliciam
1376 5796 1435 5835 se
1466 5780 1717 5851 porrigit.
1753 5780 1840 5836 ln-

234 5871 466 5934 terpres
504 5860 731 5918 Laonici
770 5862 972 5921 Tecien
1008 5876 1108 5937 pro
1138 5867 1322 5945 Tckie'
1339 5874 1580 5947 scripsit.
1612 5873 1679 5932 Et
1704 5876 1835 5932 alibi

520 6045 538 6053 _
572 5958 854 6028 Parant.
888 5964 1011 6032 Gn.
1055 5960 1259 6029 CLIX-

447 6040 476 6051 .-
500 6045 508 6051 .

1963 4658 2194 4711 emirem
2231 4656 2601 4717 Snteitnauem
2655 4664 2852 4731 titium,
2890 4668 2985 4737 qui
3037 4678 3219 4724 tamen
3257 4683 3286 4726 a
3326 4670 3547 4729 Temire

1958 4748 2135 4805 chzine
2167 4739 2435 4824 nusquam
2463 4760 2681 4815 occisus
2704 4760 2925 4830 legitur,
2953 4762 3045 4816 sed
3073 4766 3376 4834 imperasse
3420 4781 3545 4840 post

1958 4847 2098 4902 lsam
2134 4848 2358 4903 fratrem
2385 4865 2413 4902 a
2449 4846 2604 4907 Musa
2646 4860 2926 4922 necatum,
2957 4857 3085 4913 totis
3116 4871 3324 4928 septem
3358 4870 3540 4921 annis.

1960 4938 2235 4997 Laonicns
2275 4953 2459 4999 antem
2501 4943 2771 5001 Sebastiae
2812 4948 3135 5018 praefectum
3167 4967 3196 5007 a
3237 4964 3392 5024 putre
3425 4973 3541 5013 me-

1961 5040 2139 5090 tnorat
2159 5033 2546 5102 Orthobulem,
2594 5041 2688 5109 qui
2713 5049 2908 5110 captus
2956 5043 3162 5100 ibidem
3207 5061 3237 5100 a
3296 5047 3540 5112 Temire,

1958 5146 2023 5185 ac
2052 5140 2173 5197 post
2201 5133 2413 5201 aliquot
2440 5128 2557 5188 dies
2608 5133 2937 5192 interiectus
2966 5136 3155 5194 fuerit.
3192 5135 3348 5195 Unde
3382 5138 3541 5211 Baja~

1958 5224 2093 5278 zites
2118 5237 2347 5293 accepto
2376 5226 2444 5280 de
2491 5235 2670 5281 morte
2698 5226 2791 5281 ﬁlii
2826 5231 3045 5294 nuntio,
3081 5232 3298 5287 cuidam
3333 5238 3542 5303 pastori

1960 5319 2089 5374 tibia
2145 5320 2363 5374 canenti
2406 5319 2656 5375 dixerit:
2702 5322 2853 5377 (Sane
2883 5332 3129 5386 carmen.
3175 5326 3335 5396 cujus
3375 5343 3542 5398 argu-

1957 5420 2207 5464 mentum
2249 5412 2324 5465 sit
2360 5408 2509 5466 :Nec
2541 5411 2876 5484 Sehastiam,
2910 5432 3010 5471 nec
3053 5416 3223 5475 filium
3268 5420 3542 5477 Ortltobuo

1957 5505 2062 5559 leui
2090 5505 2332 5559 amittas.
2366 5502 2631 5574 Equidem
2683 5520 2828 5578 saepe
2889 5513 3241 5583 multumque
3291 5515 3542 5585 cngitans

1954 5596 2021 5652 de
2049 5597 2417 5654 conciliandis
2443 5601 2738 5659 annalibus
2761 5601 3014 5662 Turcicis
3032 5618 3156 5661 cum
3187 5603 3530 5668 Cbaicocon-

1953 5692 2096 5765 d'ylis
2150 5705 2205 5747 et
2262 5702 2580 5751 nostrorum
2646 5699 3107 5769 expositionibus,
3162 5716 3399 5775 quorum
3457 5708 3547 5767 illi

1951 5787 2250 5843 maximum
2318 5799 2447 5846 natu
2512 5792 2683 5848 illium
2747 5787 3006 5865 Bajatitis
3089 5810 3259 5854 unum
3324 5794 3536 5858 faciunt

1948 5880 2177 5938 emircut
2213 5881 2617 5961 Solcixuanem,
2671 5886 2761 5943 hic
2824 5889 2971 5947 duos
3018 5892 3275 5949 diversos
3324 5908 3549 5952 εωιοιτσ

3114 5984 3192 6049 25
