4018 6420
491 334 622 400 ’7ἷ9

1716 337 2045 401 JOANNIS
2087 337 2560 400 LEUNCLAV‘II

3688 345 3800 408 780

518 447 756 516 majores
785 447 958 516 ponit,
1007 445 1374 503 Ortlmbulem
1411 456 1466 501 et
1507 445 1936 515 Mulsumanem,
1999 466 2098 504 no-
2129 458 2174 516 Α
2206 447 2583 513 Mecbmetcm,
2620 455 2674 501 et
2715 445 2959 518 reliquos
2996 447 3136 504 lilios
3172 449 3431 521 Bajuzitis
3471 452 3523 507 in
3554 463 3805 523 potesta-

512 542 650 597 stris
683 539 1074 611 Cyriscelebim
1123 541 1377 597 lictitium
1433 542 1812 612 ingerentibus
1846 559 1860 597 :
1891 543 1945 597 in
1978 557 2098 598 eam

509 635 754 706 denique
770 634 1102 690 sententiam
1133 633 1280 701 veni,
1308 642 1370 688 ut
1397 633 1728 706 Cyriseelebi
1779 635 1926 690 circa
1969 649 2102 691 con-

513 729 837 784 troversiam
867 727 1119 794 excluso,
1177 726 1351 782 veluti
1415 742 1578 799 quem
1629 742 1732 784 nec
1771 727 1938 784 Turci
1994 743 2098 786 nec

509 820 685 877 Graeci
749 831 1052 893 agnoscant
1099 837 1117 888 ;
1199 820 1446 892 reliquos
1515 822 1678 888 duos,
1735 821 2097 878 Orthobulem

509 913 1056 986 Mulsumanemque,
1093 931 1194 986 pro
1225 931 1338 972 uno
1368 925 1424 971 et
1468 918 1662 972 eodem
1700 917 1962 988 Bajazitis
1988 916 2100 972 lilio

511 1008 829 1065 Soleimane
857 1017 1100 1066 statuam
1139 1010 1484 1076 habendum,
1515 1025 1677 1081 quem
1712 1019 1898 1068 tamen
1930 1011 2098 1066 inter-

507 1101 714 1157 fectum
748 1116 779 1156 a
829 1101 1072 1170 Temire,
1138 1111 1298 1172 capta
1351 1101 1628 1168 Sebastia,
1693 1117 1790 1172 per
1849 1116 2094 1157 errorem

505 1196 681 1253 (ἕτκοί
734 1195 1097 1253 crediderint.
1149 1195 1286 1268 Ejus
1336 1198 1618 1269 opinionis
1681 1211 1819 1253 mea:
1869 1211 2093 1251 causam

504 1291 649 1347 hanc
683 1290 862 1347 habeo
917 1291 1064 1361 quod
1124 1305 1324 1347 nomen
1385 1289 1710 1346 Orthobulis
1766 1305 1873 1345 non
1898 1288 2097 1345 Turci-

503 1398 629 1438 eum
661 1398 805 1448 esse,
837 1384 942 1439 sed
990 1381 1253 1439 Graecum
1315 1383 1580 1450 arbitrer,
1623 1391 1680 1438 et
1714 1382 1858 1438 idem
1928 1382 2099 1454 signi-

507 1479 672 1533 ﬁcare
727 1476 958 1542 Grecis,
1012 1477 1158 1546 quod
1222 1475 1424 1532 Turcis
1481 1474 1824 1532 Musulman.
1882 1475 2098 1548 Quippe

503 1584 630 1626 cum
669 1569 723 1626 in
747 1568 946 1624 Turcis
990 1583 1268 1635 versarer,
1298 1569 1700 1638 interrogatum
1727 1585 1758 1625 a
1797 1585 1885 1626 me
1916 1569 2096 1624 virum

503 1661 858 1733 magnificum
900 1672 955 1717 et
1008 1662 1456 1732 amplissimum,
1508 1662 1582 1718 ‘D.
1628 1661 2093 1718 Bartbolomteum

501 1756 836 1823 Pezzenum,
857 1755 1004 1813 Caes.
1039 1755 1398 1827 Majestatisa
1435 1756 1708 1823 consiliis,
1742 1763 1799 1812 et
1819 1771 1994 1826 nuper
2025 1755 2092 1810 ad

2206 545 2314 592 tem
2353 535 2590 592 Temiris
2622 537 2859 594 venisse.
2891 539 3032 604 Quid
3064 543 3305 610 optatius
3329 543 3582 600 accidere
3606 542 3796 600 Temi-

2202 630 2248 684 ri
2280 638 2516 700 poterat.
2553 645 2716 700 quam
2777 640 2974 702 prmter
3021 633 3199 702 ipsum
3243 646 3452 704 patrem
3503 639 3646 695 lilios
3700 640 3799 694 Ita-

2201 720 2329 778 bere
2355 722 2408 776 in
2451 730 2743 793 potestate,
2784 725 2983 794 quibus
3018 728 3241 792 occisis,
3277 727 3704 787 Osmanidxrum
3737 734 3795 788 in

2199 816 2330 872 Asia
2363 832 2548 886 regno,
2573 819 2793 873 nemine
2825 830 3188 890 repugnante,
3210 822 3804 892 perpetuofruerctur?

2202 908 2272 964 At
2302 917 2513 964 tantum
2536 909 2733 978 abluit,
2758 921 2820 967 ut
2843 912 2894 966 id
2917 914 3145 979 faceret,
3170 924 3229 970 ut
3249 917 3412 971 etiam
3439 918 3642 973 diserte
3659 917 3805 974 Lao-

2202 1003 2361 1058 nicus
2390 1003 2545 1058 initio
2572 1005 2698 1058 libri
2733 1006 2912 1075 quarti
2942 1008 3197 1072 fateatur,
3219 1007 3426 1064 Mosem
3461 1027 3493 1066 a
3525 1027 3657 1082 rege
3692 1013 3807 1068 Te-

2202 1095 2338 1149 mire
2362 1110 2611 1150 annonas
2634 1095 2904 1152 incastris
2932 1097 3214 1167 habuisse,
3247 1102 3578 1173 tandemque
3603 1104 3812 1161 dimis-

2202 1205 2325 1244 sum
2351 1204 2416 1244 es
2446 1189 2786 1258 captivitate,
2814 1191 2950 1245 mari
2981 1191 3048 1246 ad
3081 1193 3358 1262 regionem
3417 1195 3655 1265 patriam
3714 1213 3806 1254 re-

2202 1281 2396 1338 diisse.
2417 1282 2524 1350 Qui
2553 1284 2816 1354 plurium,
2842 1283 2926 1337 vel
2955 1284 3201 1339 onmium
3234 1288 3414 1354 potius
3447 1289 3571 1342 vitae
3599 1304 3806 1359 peper-

2199 1373 2310 1442 cit,
2346 1381 2447 1430 cur
2475 1375 2531 1430 in
2564 1382 2735 1431 unum
2765 1375 3013 1432 saviisse
3043 1360 3327 1432 credatur?
3356 1379 3504 1434 Adde
3531 1382 3788 1437 testimo-

2203 1468 2356 1522 nium
2387 1468 2584 1524 hostis.
2615 1467 2899 1539 Nusquam
2925 1467 3088 1524 Turci
3125 1471 3466 1541 scripserunt
3495 1472 3550 1526 in
3575 1469 3798 1531 annaﬁ-

2201 1560 2324 1626 bus,
2349 1562 2736 1633 interemptum
2762 1578 2792 1617 a
2818 1561 3036 1618 Temire
3058 1562 3314 1634 Bajazitis
3344 1564 3582 1636 aliquem
3618 1566 3797 1624 {uisae

2202 1652 2372 1710 lilium
2401 1695 2417 1723 ,
2471 1657 2565 1712 sed
2605 1664 2862 1726 sperasse
2894 1655 3171 1712 Temirem
3221 1657 3426 1728 potius,
3473 1662 3796 1731 quempiam

2203 1741 2789 1804 liliorum’Gilderunis
2819 1763 2878 1803 se
2910 1756 3311 1804 conv’enturum
3332 1790 3348 1816 ,
3383 1750 3528 1820 quod
3570 1751 3649 1806 illi
3682 1753 3796 1808 [ου-

501 1851 723 1906 Portam
745 1817 1098 1906 Osinanicam
1124 1817 1282 1904 'cum
1328 1863 1558 1904 munere
1599 1817 1762 1921 legati
1820 1817 2075 1911 missum,
2123 1817 2168 1878 Β
2197 1841 2404 1896 midine
2432 1856 2543 1897 non
2575 1842 2885 1898 necessaria
2907 1841 3140 1912 'trepidi,
3167 1817 3474 1901 omiserint.
3507 1843 3625 1901 lmo
3653 1847 3796 1903 fero-

501 1939 767 2010 quidnam
831 1955 934 1995 vos
965 1939 1275 1995 Musulma‘n
1336 1939 1535 1996 Turcis
1594 1939 1954 2011 signillcaret,
1995 1955 2082 1994 re-

487 2033 772 2102 spondere
814 2031 1061 2096 memini,
1112 2030 1222 2083 vim
1257 2029 1408 2084 illius
1465 2029 1714 2084 eamdem
1780 2043 1905 2085 esse
1955 2044 2082 2084 cum

497 2121 800 2178 Ortbodoxi
836 2121 1063 2176 nomine
1105 2117 1555 2175 Gra:co.Vixerat
1608 2129 1792 2174 autem
1825 2119 1914 2174 ille
1935 2128 2084 2177 totos

495 2224 624 2270 octo
647 2214 964 2284 reipublicae
993 2227 1164 2268 causa
1199 2219 1332 2268 tunc
1387 2227 1562 2268 annos
1594 2213 1737 2268 inter
1783 2209 2080 2278 Barbaros,

491 2321 802 2377 eorumque
851 2305 1097 2376 linguam
1147 2315 1331 2360 norat.
1366 2303 1504 2360 Cum
1547 2304 1714 2376 igitur
1752 2302 1958 2360 Graecis
1990 2318 2083 2359 or-

495 2401 771 2456 thodoxus
797 2401 892 2464 sit,
940 2399 1035 2470 qui
1067 2408 1276 2454 rectam
1329 2399 1660 2452 sententiam
1709 2405 1877 2461 tenet,
1905 2397 2082 2452 idem-

491 2507 602 2564 que
656 2492 933 2563 signiﬁcet
983 2488 1312 2545 vocabulum
1375 2488 1671 2544 Turcicum
1722 2475 2078 2543 Musnlman':

493 2587 772 2657 sequitur,
820 2583 1150 2640 Orthobulis
1215 2596 1438 2653 quoque
1507 2596 1705 2636 nomen
1761 2581 1904 2638 idem
1957 2596 2082 2638 esse

491 2694 621 2735 cum
653 2675 1028 2741 Musulmano,
1057 2674 1279 2743 quando
1309 2675 1390 2729 sic
1417 2673 1626 2728 Graecis
1665 2672 1974 2743 appellatur
2007 2672 2080 2739 is,

495 2771 660 2842 cujus
699 2777 915 2826 rectum
947 2768 1272 2836 consilium,
1314 2777 1464 2822 recta
1518 2765 1775 2822 voluntas
1820 2775 1928 2822 est.
1964 2764 2081 2822 Hoc

493 2863 657 2919 modo
687 2861 980 2917 manifesto
1015 2867 1192 2931 paret,
1241 2858 1386 2914 unde
1417 2857 1881 2928 Cbalcocondylis
1912 2872 2069 2914 error

490 2955 752 3019 lustraris,
785 2952 929 3008 duos
954 2967 1020 3008 es
1053 2967 1164 3006 uno
1195 2949 1454 3020 Bajasitis
1487 2950 1630 3004 lllios
1657 2949 1923 3006 laciuntis
1950 2969 1964 3006 :
2011 2965 2080 3006 ex

488 3057 556 3105 eo
582 3046 870 3111 nimirum,
911 3045 1056 3113 quod
1087 3059 1256 3098 unum
1302 3043 1358 3096 in
1385 3043 1527 3097 duos
1560 3041 1950 3111 distingueret,
1987 3043 2077 3097 cui

487 3137 725 3194 diversis
795 3137 851 3190 in
899 3132 1104 3203 linguis
1165 3132 1470 3194 diversum,
1507 3131 1602 3186 sed
1667 3129 1836 3186 unius
1894 3140 2074 3186 tamen

488 3227 808 3300 signiﬁcati,
848 3240 1048 3280 nomen
1099 3234 1240 3278 erat.
1274 3220 1386 3279 Nec
1419 3223 1556 3278 mibi
1592 3223 1885 3294 quisquam
1929 3223 2076 3296 obje-
2105 3192 2151 3256 Ο

490 3321 648 3386 cet-it,
680 3318 828 3375 aliud
866 3332 990 3373 esse
1048 3315 1381 3383 Musulman,
1425 3323 1491 3371 ‘et
1533 3316 1681 3371 aliud
1735 3314 2070 3373 Mulsuman.

487 3414 702 3485 Quippe
731 3429 918 3470 vocem
954 3413 1264 3468 Musulman
1309 3428 1338 3468 a
1369 3411 1574 3469 Graecis
1629 3413 1904 3469 enuntiari
1941 3410 2080 3467 Mul-

486 3521 708 3573 suman,
753 3516 810 3562 et
866 3507 920 3561 in
988 3505 1262 3573 historiis,
1322 3516 1376 3561 et
1428 3506 1553 3562 aliis
1601 3507 1850 3577 ipsorum
1912 3504 2073 3560 libris

488 3600 797 3671 saepissime
831 3597 1196 3668 deprehendi.
1227 3598 1374 3664 Quin
1404 3598 1574 3654 etiam
1612 3597 1837 3652 verbum
1868 3593 2077 3652 Musul-

488 3694 816 3757 manissare,
858 3692 928 3748 de
977 3707 1090 3763 quo
1131 3692 1392 3761 superius
1435 3691 1648 3746 dictum
1699 3705 1930 3746 numero
1977 3688 2072 3757 εξ,

487 3787 676 3844 multis
701 3788 756 3844 in
799 3785 938 3842 locis
985 3787 1130 3856 apud
1189 3782 1412 3841 Graecos
1459 3783 1530 3838 ita
1560 3792 1830 3838 mutatum
1890 3783 2074 3852 reperi

485 3879 845 3951 transpositis
873 3878 1098 3942 litteris,
1135 3885 1197 3931 ut
1233 3874 1730 3931 Mulsumanissare
1772 3875 2069 3945 legeretur.

483 3976 567 4032 Ne
607 3975 710 4029 hoc
740 3971 964 4042 quidem
1019 3968 1337 4034 tacendum,
1389 3983 1742 4039 quascunque
1781 3965 1950 4022 'l‘urci
2001 3967 2071 4023 de

486 4068 803 4124 Soleimaue
845 4073 1180 4128 memorant,
1215 4077 1248 4117 a
1291 4061 1538 4118 Laonico
1569 4063 1636 4116 ad
1667 4061 2068 4117 Musulmanem

483 4160 701 4218 referri.
726 4159 862 4228 Quis
889 4172 1020 4228 ergo
1075 4157 1190 4212 lieri
1247 4170 1410 4227 posse
1467 4169 1579 4209 non
1636 4153 1940 4220 existimet,
2013 4161 2074 4207 ut

483 4269 686 4310 nomen
722 4253 823 4306 Mir
871 4251 1100 4305 Sulman
1140 4250 1210 4304 ab
1257 4248 1462 4304 exteris
1519 4255 1959 4302 commutaretur
2016 4249 2068 4299 in

485 4345 844 4402 Musulman?
893 4343 987 4398 Sic
1040 4350 1189 4399 certe
1217 4339 1464 4394 Mircban
1526 4339 1732 4395 alicubi
1792 4339 2064 4408 scriptum

481 4442 663 4510 legere
683 4438 932 4502 memini,
959 4437 1053 4507 qui
1093 4435 1316 4491 nomine
1352 4433 1570 4503 integro
1603 4431 1890 4486 diceretur
1915 4427 2069 4483 Emir

479 4534 660 4590 Cban.
713 4531 872 4600 Quod
906 4546 1038 4588 vero
1066 4545 1256 4586 necem
1311 4526 1632 4584 Orthobulis
1685 4527 2071 4625 attinet,.qua:
2104 4569 2148 4625 ο

480 4637 806 4685 recensetur
827 4641 858 4680 a
886 4625 1120 4690 Graecis,
1150 4639 1181 4679 a
1208 4621 1406 4678 Turcis
1434 4621 1657 4677 silentio
1713 4618 2064 4690 prseteritur:

480 4722 618 4777 nihil
644 4736 708 4777 ea
733 4719 942 4776 nostris
995 4717 1308 4774 rationibus
1347 4714 1545 4782 ofﬁcit,
1581 4729 1704 4770 cum
1757 4711 1879 4768 vice
1905 4725 2065 4766 versa

477 4813 646 4869 'l‘urci
725 4810 1045 4866 'l‘emiriano
1125 4808 1314 4880 praelio
1382 4805 1724 4876 Mustapbam
1807 4800 2066 4873 Bajazitis

475 4908 650 4962 lilium
713 4903 1043 4960 occubuisse
1100 4909 1431 4963 memorent,
1500 4913 1664 4968 quem
1723 4895 1896 4950 Graeci
1952 4903 2062 4947 tam

477 5009 632 5058 certo
662 5015 772 5056 non
809 4999 1041 5070 periisse
1073 4997 1394 5061 credebant,
1451 5003 1511 5049 ut
1543 4993 1708 5049 alium
1765 4989 2059 5062 quemdam

477 5093 834 5150 mentientem
867 5092 970 5147 hoc
1003 5105 1226 5153 nomen,
1254 5088 1418 5142 veluti
1475 5084 1893 5158 supposititium
1953 5081 2062 5136 l‘ra-

474 5197 612 5240 trem
655 5183 904 5256 poscenti
938 5180 1268 5235 Mucbemeti
1294 5179 1496 5234 dedere
1527 5179 1755 5244 nollent,
1817 5185 2062 5232 mortuo-

472 5294 580 5349 que
623 5275 971 5332 Mucbemete
1000 5283 1194 5328 contra
1244 5270 1513 5326 Muratem
1566 5269 1893 5335 secundum,
1941 5268 2057 5322 Mu-

470 5369 738 5427 chemetis
771 5367 964 5430 lilium,
1019 5377 1120 5418 sua
1149 5377 1277 5418 cum
1298 5362 1541 5430 pernicie
1595 5361 1869 5418 foverent.
1910 5359 2056 5414 Prae-

469 5474 620 5518 terea
643 5477 752 5517 non
783 5461 885 5516 abs
918 5473 977 5514 re
1000 5455 1203 5512 mirum
1237 5455 1408 5510 alicui
1443 5454 1718 5519 videatur,
1746 5453 2053 5509 Laonicum

464 5557 670 5620 dicere,
697 5563 948 5609 necatum
975 5566 1008 5606 a
1035 5550 1255 5605 Temire
1281 5548 1541 5618 Bajazitis
1573 5549 1743 5604 lilium
1776 5547 2056 5603 Orthobu-

463 5649 570 5704 lem
599 5665 612 5702 :
645 5644 812 5718 425
837 5661 960 5700 cum
993 5644 1039 5699 is
1071 5643 1284 5698 auctori
1307 5642 1430 5696 belli
1465 5652 1516 5696 et
1534 5639 1891 5711 injuriarum,
1913 5640 2050 5709 patri

461 5743 784 5811 pepercerit;
814 5751 868 5796 ct
899 5755 1160 5811 expresse
1191 5737 1470 5794 Laonicus
1506 5740 1648 5794 idem
1683 5750 1867 5809 postea
1917 5736 2054 5792 scri-

459 5837 556 5902 bat
579 5835 705 5895 ωας
735 5832 859 5889 licet
883 5833 1092 5904 dubia),
1112 5823 1540 5901 Mulsumancm,
1583 5833 1808 5898 Moscm,
1835 5830 2047 5897 Jcsum,

2186 1935 2336 1990 ciam
2362 1936 2542 2007 potius
2563 1943 2617 1991 et
2639 1936 2980 1992 iracundiam
3008 1939 3092 1994 sui
3139 1937 3405 2009 Bajazitis
3453 1939 3793 2010 vituperant;

2193 2014 2430 2082 Temiris
2450 2025 2854 2082 humanitatem
2871 2035 2934 2082 ac
2961 2029 3282 2084 modestiam
3306 2029 3555 2085 laudant.
3583 2027 3795 2099 Super-

2191 2126 2276 2173 est
2294 2127 2498 2182 unum,
2540 2129 2685 2189 quoe
2721 2119 2882 2189 objici
2913 2119 3105 2190 possit,
3163 2122 3231 2176 de
3258 2120 3425 2177 Ziche
3461 2119 3795 2180 Orthobulis

2194 2209 2330 2276 lilio,
2381 2222 2542 2278 quem
2591 2209 2870 2266 Laonicus
2918 2213 2994 2267 ait
3028 2211 3232 2268 bellum
3281 2212 3541 2269 intulisse
3591 2213 3793 2271 Joanni

2191 2299 2498 2368 Comn‘eno,
2562 2299 2973 2373 Trapezuntino
3006 2306 3346 2374 imperatori.
3385 2304 3492 2362 Sed
3529 2308 3622 2365 hic
3654 2311 3788 2365 mihi

2191 2394 2520 2464 respondeat
2566 2394 2787 2465 aliquis,
2841 2396 2986 2450 unde
3031 2397 3251 2452 tandem
3301 2396 3496 2454 Ziches
3531 2398 3624 2454 ille
3671 2411 3791 2471 post

2178 2495 2422 2542 mortem
2444 2487 2624 2557 patris
2646 2487 2973 2544 Orthobulis
3001 2503 3148 2543 anno
3171 2489 3410 2560 denique
3442 2494 3776 2562 sexagesimo

2188 2580 2428 2649 primum
2485 2582 2541 2636 in
2585 2595 2807 2637 scenam
2866 2582 3096 2652 prodiit?
3133 2596 3322 2654 ‘quove
3387 2584 3551 2640 modo
3597 2588 3789 2643 salvus

2187 2675 2362 2730 evasit
2390 2689 2422 2730 e
2451 2681 2530 2731 tot
2561 2675 2872 2745 parricidiis
2905 2686 2960 2731 et
2977 2676 3223 2734 lanienis
3237 2677 3448 2733 horum
3471 2688 3779 2747 temporum

2187 2766 2243 2822 in
2283 2766 2708 2824 Osmanidarum
2758 2768 2991 2838 familia,
3061 2772 3164 2826 sub
3216 2771 3393 2837 Musa,
3444 2769 3770 2825 luchemete

2187 2861 2386 2932 primo,
2427 2859 2639 2917 Murate
2666 2864 2910 2918 secundo
2941 2905 2957 2930 ,
3009 2862 3356 2920 Muchemete
3388 2864 3644 2928 secundo,
3675 2863 3777 2934 qui

2186 2970 2378 3012 omnes
2415 2955 2698 3025 parricidae
2717 2955 2986 3011 fuerunt?
3013 2957 3128 3012 Cur
3155 2957 3284 3014 huic
3318 2967 3428 3012 tam
3476 2957 3569 3013 diu
3600 2972 3787 3015 savus

2195 3047 2286 3103 ille
2309 3046 2678 3103 Mucliemetes
2723 3047 3001 3104 secundus
3031 3051 3298 3119 pepercit,
3320 3037 3414 3120 qui
3442 3049 3529 3104 vis
3565 3059 3790 3106 mortuo

2187 3147 2362 3208 patre,
2391 3141 2715 3209 sanguinem
2751 3145 2934 3198 statim
2985 3142 3293 3198 fraternum
3327 3144 3492 3200 sitiit?
3541 3143 3625 3200 Au
3659 3146 3790 3203 huic

2185 3235 2418 3290 credidit
2449 3237 2750 3292 exercitum
2775 3239 3286 3308 suspiciosissimus
3308 3239 3560 3296 omnium
3589 3252 3791 3311 tyran-

2189 3329 2336 3382 nus?
2404 3325 2650 3397 Denique
2701 3336 2918 3384 constat
2964 3343 3030 3382 ex
3069 3327 3317 3385 Turcicis
3366 3329 3687 3398 annalibus,
3735 3333 3792 3389 id

2187 3419 2451 3488 temporis
2480 3419 2697 3474 vicinia:
2727 3417 3097 3491 Trapezuntis
3137 3422 3455 3488 praelectum
3490 3438 3522 3478 a
3555 3423 3790 3482 Muelle-

2189 3521 2332 3566 mete
2364 3510 2537 3568 fuisse
2573 3513 2872 3567 maximum
2906 3522 3039 3568 natu
3069 3512 3245 3570 lilium
3274 3514 3658 3588 Mustapbam,
3697 3523 3793 3593 qui

2187 3612 2402 3659 tantum
2425 3605 2695 3661 decennio
2726 3615 2848 3675 post
2878 3605 2966 3661 illa
2996 3621 3119 3662 cum
3147 3602 3590 3678 Trapezuntibus
3613 3611 3796 3682 bella,

2185 3695 2403 3753 Parthis
2418 3700 2469 3753 in
2491 3700 2804 3754 Armeniam
2820 3701 3271 3758 etCaramaniam
3294 3701 3488 3760 inl‘usis
3511 3709 3794 3776 occurrit,

2183 3790 2374 3860 eisque
2397 3790 2882 3857 cmsisJusul‘zem
2932 3795 3129 3867 begum
3155 3795 3353 3853 ducem
3403 3799 3592 3853 vivum
3643 3810 3792 3876 cepit

2182 3892 2236 3937 et
2268 3883 2408 3950 patri
2442 3883 2610 3939 misit:
2641 3887 2786 3954 quod
2818 3898 3202 3956 argumentum
3230 3891 3579 3960 estevidens,
3605 3899 3784 3954 fuisse

2186 3983 2300 4028 tum
2353 3974 2698 4047 Mustapbam
2751 3980 2924 4035 virilis
2967 3984 3182 4048 aetatis,
3231 3998 3336 4040 nec
3390 3982 3621 4042 Zichem
3692 3992 3792 4046 Os-

2187 4069 2466 4123 msnidam
2499 4072 2550 4124 in
2609 4072 2680 4126 iis
2716 4073 2848 4128 locis
2899 4075 2983 4130 vel
3042 4075 3334 4148 imperium
3385 4079 3642 4150 aliquod,
3712 4086 3791 4139 vel

2183 4162 2486 4218 exercitum
2521 4165 2800 4222 habuisSe.
2829 4169 2962 4233 Quae
2981 4183 3104 4224 cum
3124 4169 3198 4224 ita
3221 4173 3352 4235 sint,
3378 4182 3552 4228 restat
3587 4186 3656 4230 ut
3677 4187 3788 4232 sta-

2185 4264 2406 4311 tuamus
2455 4273 2694 4326 quatuor
2740 4261 2969 4316 omnino
3032 4265 3281 4330 nomina,
3339 4263 3678 4324 Orthobulis
3735 4281 3790 4324 et

2185 4343 2576 4411 Mulsumanis,
2607 4365 2729 4418 qua:
2755 4351 2926 4407 Graeci
2956 4354 3300 4410 tradiderunt
3325 4372 3340 4422 ;
3377 4357 3778 4428 Cyrsicelehis.

2182 4438 2329 4507 quod
2383 4443 2555 4495 nostri
2593 4441 2989 4510 ;Snlcimanis,
3023 4447 3167 4516 quod
3227 4444 3416 4515 Turci;
3451 4451 3672 4504 tandem
3719 4451 3776 4502 iu

2180 4548 2348 4586 unum
2382 4533 2710 4590 conferenda
2745 4535 3112 4594 Soleimanem
3160 4539 3417 4608 Bajazitis
3443 4559 3784 4612 germanum

2176 4623 2390 4690 ﬁlium,
2434 4639 2562 4681 natu
2611 4634 2943 4684 maximum:
2979 4633 3138 4702 cujus
3165 4635 3209 4688 si
3247 4633 3447 4689 Ziches
3495 4636 3587 4690 ille
3625 4640 3788 4691 titius

2172 4731 2281 4770 non
2343 4716 2488 4782 fuit,
2561 4733 2835 4789 nusquam
2888 4738 2957 4775 ne
3019 4723 3241 4779 nomine
3316 4727 3538 4796 quidem
3604 4735 3794 4784 tenus

2173 4808 2370 4866 Turcis
2422 4820 2606 4878 notus;
2639 4813 3092 4872 cumOrtbobule
3150 4819 3346 4874 lictitio
3403 4832 3581 4889 patre,
3646 4841 3799 4892 snp-

2172 4904 2335 4974 positi
2369 4904 2454 4960 ius
2508 4907 2654 4962 tilius
2723 4907 2928 4964 Graecis
2991 4910 3367 4966 defendendus
3415 4913 3792 4983 relinquitor.

2167 4997 2383 5054 Habent
2455 4999 2686 5057 lectores
2769 5003 2970 5058 eruditi
3049 5005 3289 5060 rationes
3371 5022 3565 5069 meas,
3629 5025 3796 5078 quas

2169 5092 2255 5147 vel
2301 5092 2663 5162 approbandi,
2717 5096 2798 5148 vel
2847 5096 3190 5164 conlutandi,
3244 5099 3471 5154 liberatn
3537 5101 3619 5154 eis
3687 5119 3797 5173 po-

2169 5193 2424 5242 testatem
2477 5186 2638 5243 l‘acio.
2710 5185 2973 5243 Neutrum
3027 5200 3210 5245 tamen
3259 5209 3319 5246 cx
3382 5193 3600 5248 duobus
3664 5197 3795 5252 illis

2171 5293 2201 5332 a
2226 5277 2468 5334 Laonico
2501 5283 2822 5337 memoratis
2859 5283 2912 5337 in
2961 5285 3385 5340 Usmanidarnm
3415 5287 3577 5339 omisi
3604 5287 3801 5342 latiti-

2162 5371 2260 5437 lia,
2312 5387 2380 5428 ne
2426 5373 2552 5442 quis
2594 5373 2774 5428 nimia:
2830 5390 2918 5429 me
2969 5377 3293 5430 temeritatis
3344 5389 3635 5432 arcessat:
3685 5384 3792 5447 ιμιί

2167 5474 2367 5536 prater
2397 5465 2519 5532 hos,
2553 5467 2781 5522 necdum
2809 5468 3013 5523 auditis
3043 5469 3549 5539 aliorumjudieiis,
3583 5472 3687 5541 plu
3701 5476 3791 5530 ri-

2161 5557 2266 5614 bus
2293 5557 2456 5612 etiam
2485 5556 2742 5627 Bajazitis
2775 5558 2936 5622 ﬁliis,
2965 5557 3098 5616 Jesu
3137 5561 3369 5626 minori,
3403 5561 3488 5615 Ali
3514 5601 3532 5627 ,
3568 5560 3785 5626 Dusmi

2163 5649 2505 5722 Mustapbte,
2571 5652 2830 5709 natalium
2881 5639 3318 5714 controversiam
3369 5673 3592 5716 movere
3640 5676 3778 5718 non

2162 5740 2549 5797 dubitaverim.
