4018 6424
244 330 354 410 ‘tttt

325 462 416 514 (il).
456 457 679 514 Tedtrt'n
713 459 890 528 began,
920 457 1170 529 Eru'ttgte
1196 460 1458 531 princeps,
1511 462 1792 535 Dibrryge.

328 576 437 642 Qui
465 572 665 629 Turcis
695 584 774 628 est
799 573 1036 628 Techrin
1069 575 1240 646 begus
1265 615 1282 640 ,
1334 573 1578 645 Erzingaa
1625 578 1707 632 vel
1761 577 1857 631 Er-

255 668 509 723 ziuzanis
537 667 810 737 princeps.
847 682 878 720 a
911 666 1156 723 Laonieo
1190 678 1417 725 vocatur
1446 667 1724 737 Scender,
1759 687 1854 726 rex

189 729 200 742 ἱ
255 729 676 814 Armeniorum:
709 729 798 810 cui
830 755 1128 825 Bajazitem
1165 758 1320 813 illato
1367 761 1532 825 bello,
1562 761 1854 832 Erzingam

257 851 547 914 ademisse,
585 865 708 903 cum
736 851 1030 905 annalibus
1061 851 1211 906 hisee
1239 853 1616 919 consentiens,
1646 863 1854 909 narrat.

258 943 452 998 Postea
488 941 650 996 tradit
685 941 1025 1008 Tezetincm,
1062 944 1242 998 virum
1270 945 1422 1015 regio
1456 948 1726 1018 sanguine
1755 961 1852 1002 or-

253 1044 367 1088 tum
399 1035 468 1089 ab
503 1034 788 1105 Erziganis
844 1051 992 1108 rege,
1043 1051 1217 1106 puero
1268 1036 1592 1108 Must’apbaa,
1625 1040 1854 1098 Muratis

251 1129 477 1184 Secundi
523 1128 707 1192 fratri,
757 1131 968 1184 auxilio
1015 1131 1252 1188 venisse.
1304 1131 1420 1188 Hoc
1471 1149 1570 1205 ego
1624 1151 1847 1202 nomen,

249 1221 368 1276 sive
401 1219 700 1284 Tezetinis,
737 1223 853 1277 sive
877 1221 1187 1288 Tezerinis,
1224 1225 1368 1279 idem
1401 1241 1523 1282 esse
1553 1239 1686 1299 puto
1719 1243 1847 1285 cum

251 1314 523 1370 Tce'hrine
544 1325 857 1371 nostrorum
889 1317 1199 1372 annalium.
1222 1317 1516 1390 Diorryges
1541 1323 1724 1392 oppidi
1753 1338 1849 1378 no-

246 1423 373 1463 men
401 1410 651 1465 Graecum
684 1425 714 1463 a
734 1410 906 1467 fossis
929 1410 999 1466 ab
1014 1411 1294 1484 Euphrate
1328 1415 1608 1485 perductis
1639 1415 1843 1473 factum

247 1503 508 1559 arbitror.

301 1617 392 1671 61,
432 1617 538 1684 Qui
573 1617 892 1676 Titrcon‘tani
913 1665 928 1688 ,
957 1613 1203 1678 stillantis
1236 1614 1602 1693 Alcaireitsis,
1634 1619 1786 1693 Cair,

781 1693 991 1758 Miszir,
1027 1694 1331 1751 Miseram.

319 1792 702 1860 Turcomanos
777 1815 938 1861 vocat
1005 1815 1202 1864 auctor
1273 1794 1552 1866 annalium
1629 1811 1920 1902 TurcosB

245 1905 440 1949 omnes
497 1895 553 1948 in
599 1895 754 1961 Asia,
817 1897 1031 1952 caeteris
1083 1899 1361 1970 subjectos
1428 1902 1620 1972 begis,
1682 1915 1838 1959 extra

245 1985 596 2044 Osmanidas.
645 1990 738 2045 Sic
786 1992 1028 2062 Turqnia
1083 1992 1400 2051 Belvacensi
1449 2013 1676 2068 regnum
1728 1995 1843 2076 Ico-

244 2084 438 2139 niense
461 2084 684 2150 dicitur,
711 2085 968 2156 Aytbono
993 2087 1170 2142 minor
1197 2088 1347 2144 Asia.
1378 2087 1586 2146 Praetor
1611 2090 1836 2146 Graeciae

247 2184 438 2231 noster
488 2175 738 2231 subditos
771 2169 1040 2232 lconiensi
1095 2179 1316 2234 sultano
1385 2182 1634 2252 duplices
1691 2185 1842 2252 facit,

248 2270 451 2336 partim
481 2264 852 2323 Musulmanos
883 2270 1186 2340 appellans,
1215 2274 1412 2341 partim
1440 2273 1843 2332 Turcomanos.

253 2356 336 2411 De
391 2355 858 2416 Musulmanorum
913 2363 1138 2420 nomine
1198 2365 1405 2420 dictum
1444 2377 1628 2432 antea,
1695 2370 1844 2440 quod

252 2451 400 2504 haud
431 2451 595 2507 dubie
619 2463 750 2508 tunc
780 2456 943 2509 etiam
975 2463 1128 2524 paret
1190 2458 1435 2513 habitum
1478 2460 1625 2515 velut
1675 2463 1844 2517 hone-

250 2543 415 2597 stius.
457 2542 833 2601 Turcomano‘s
859 2549 936 2602 ait
971 2564 1093 2605 esse
1129 2555 1366 2619 gentem,
1398 2567 1520 2621 qua:
1551 2545 1842 2608 Persarum

243 2638 350 2707 (sic
411 2627 625 2694 Turcos
681 2639 996 2696 iconienses
1063 2653 1258 2707 Vocat,
1318 2645 1467 2700 velut
1521 2661 1550 2700 e
1620 2647 1845 2704 Perside

241 2731 559 2802 oriundos)‘
587 2742 866 2788 extremos
913 2735 1047 2789 lines
1083 2734 1380 2803 insidebat,
1415 2747 1470 2791 et
1509 2738 1842 2809 implacabili

244 2824 375 2878 odio
403 2822 678 2880 Romanos
705 2827 777 2897 (id
807 2838 911 2893 est,
945 2827 1190 2902 (It-meos)
1227 2838 1588 2901 persequens,
1616 2837 1844 2905 agendis

249 2917 452 2984 praedis
481 2923 548 2971 ex
585 2918 779 2972 borum
813 2921 959 2991 agris
988 2922 1385 2987 delectabatur,
1414 2927 1717 2996 praesertim
1751 2927 1844 2983 illo

253 3017 534 3076 tempore,
569 3019 679 3080 quo
711 3025 799 3066 res
827 3009 1137 3068 lc0nienses
1181 3014 1554 3082 ﬂuctuabant,
1586 3017 1845 3074 mirifice-

248 3117 360 3171 que.
381 3101 788 3160 Tancbarorum
815 3105 1270 3176 impressionihus
1291 3111 1676 3166 turbabantur.
1702 3113 1844 3184 Ergo

249 3191 582 3252 Turcomani
629 3210 758 3253 tunc
791 3209 952 3254 erant
985 3198 1173 3256 infami
1209 3201 1476 3259 vocabulo
1516 3204 1692 3260 instar
1723 3207 1840 3262 illo-
1869 3207 1914 3265 C

249 3305 372 3344 rum
410 3292 752 3360 praedonum,
783 3309 924 3363 quos
951 3303 1098 3349 nunc
1132 3294 1451 3352 M‘a‘rtelosos
1471 3306 1526 3352 et
1558 3295 1842 3356 Uscochos

251 3385 419 3452 (unde
444 3384 814 3441 Seaccborum
838 3387 953 3441 sive
971 3383 1404 3445 latrunenlurum
1432 3390 1654 3460 nomen)
1681 3407 1843 3447 voca-

253 3491 402 3529 mus.
435 3475 643 3532 Praetor
689 3478 910 3548 quidem
945 3491 1074 3536 tunc
1103 3481 1420 3538 Michaelem
1449 3484 1842 3556 PalaeoIOgunt,

255 3568 325 3619 ad
354 3563 683 3622 Jathatinem
718 3571 992 3626 sultanutn
1031 3573 1503 3631 Musulmanorunt
1549 3594 1608 3632 se
1651 3577 1842 3634 confe-

255 3670 463 3716 rentem
488 3702 503 3727 ,
537 3663 604 3717 ab
639 3663 722 3718 Itis
754 3663 1112 3725 Turcotnanis
1139 3711 1154 3735 ,
1203 3672 1353 3725 omni
1386 3673 1647 3727 comitatu
1675 3683 1729 3729 et
1754 3690 1840 3728 su-

249 3755 519 3825 pellecnle
570 3758 861 3827 spoliatmn
892 3759 1068 3816 fuisse
1125 3774 1332 3831 narrat,
1389 3781 1490 3819 nec
1539 3767 1838 3837 quidquam

243 3859 474 3899 suorum
511 3851 580 3899 ab
627 3848 706 3902 eis
740 3849 992 3918 potuisse
1025 3852 1304 3921 recipere,
1363 3854 1488 3908 licet
1531 3855 1662 3911 hinc
1714 3857 1842 3912 inde

243 3935 497 3993 dimissis
523 3940 820 4006 mandatis,
851 3941 1107 3997 sultanus
1139 3943 1485 4013 imperasset,
1519 3957 1576 4000 nt
1607 3949 1840 4018 spoliato

251 4035 362 4080 tam
399 4043 650 4098 corpora,
671 4045 837 4101 quam
865 4047 955 4088 res
977 4035 1246 4109 ademptae
1267 4039 1712 4095 restituerentur.
1745 4042 1839 4094 Al-

247 4119 550 4175 cairensem
584 4125 876 4186 .sultanum
913 4129 1141 4185 annales
1185 4146 1338 4186 more
1382 4130 1618 4187 Tttrcieo
1665 4136 1841 4190 nomi-

247 4220 383 4265 nant
402 4210 621 4284 Egypti
643 4215 923 4286 Syriaeque
951 4219 1251 4285 sultanum,
1281 4223 1349 4277 ab
1370 4223 1509 4279 aula:
1530 4225 1645 4279 sive
1680 4242 1842 4297 regule

244 4305 392 4358 loco.
434 4305 659 4362 Cairum
698 4309 972 4366 Laouicus
1015 4315 1296 4384 antiquam
1343 4315 1636 4387 Memphim
1689 4320 1838 4376 facit.

235 4396 412 4469 426
449 4399 534 4466 Al,
573 4410 633 4454 ut
666 4405 953 4471 articulus,
981 4407 1221 4462 additur.
1254 4407 1368 4464 Vox
1401 4410 1517 4478 ipsa
1567 4412 1840 4482 significat

236 4494 459 4558 urbem,
492 4497 826 4552 excellentiae
845 4514 1033 4563 causa,
1057 4502 1202 4570 quod
1232 4502 1448 4557 urbium
1483 4507 1716 4560 maxima
1745 4509 1834 4562 sit.

1443 347 1846 408 PANDECTE
1885 347 2088 408 HIST.
2135 347 2443 409 TURGIC.

3455 346 3563 416 782

1883 463 1931 524 Δ
1962 461 2215 518 Cantesa.
2268 463 2498 532 ilueige.
2525 463 2719 520 Turcis
2755 474 2872 533 est,
2923 468 3015 536 qui
3064 467 3269 526 Cra-cis
3314 470 3563 526 historiis

1963 557 2282 627 nominatur
2312 557 2522 612 Moavia
2557 570 2611 613 et
2642 557 2841 614 Mavia.
2877 560 3172 616 Cursorem
3204 561 3315 616 dt'xi
3338 603 3354 628 ,
3395 578 3560 633 quem

1959 644 2126 703 Turci
2156 650 2261 705 Pec
2287 659 2383 706 aut
2415 651 2578 721 Peicj,
2613 653 2788 708 nostri
2819 653 3130 722 lacqueium
3163 654 3375 710 dicunt.
3406 655 3560 710 Beal-

1961 742 2063 798 bec
2125 741 2297 814 Syriae
2345 760 2495 800 cavae
2545 747 2765 815 civitas,
2817 747 3055 803 Postello
3104 748 3330 814 Balbec,
3363 749 3560 818 priscis

1967 835 2270 908 Heliopolis
2300 837 2425 893 fuit.

2414 954 2506 1010 63.
2545 954 2823 1026 Cat-abegi,
2871 954 3072 1026 Ungra.

2024 1067 2105 1121 Ad
2137 1067 2476 1138 Carab‘agum
2511 1070 2832 1127 hibernasse
2881 1071 3156 1128 Temirem
3204 1075 3429 1129 tradunt
3458 1090 3556 1129 an-

1953 1161 2131 1228 nales,
2181 1165 2372 1218 urbem
2423 1165 2542 1219 sive
2588 1165 2861 1232 Parthae,
2915 1168 3030 1223 sive
3070 1168 3316 1224 Persia:
3356 1169 3554 1239 quibus

1953 1258 2268 1312 nominibus
2321 1255 2708 1315 indill‘erenter
2753 1261 2998 1324 utimttr,
3046 1277 3143 1330 pro
3206 1277 3266 1316 ea
3309 1263 3554 1332 regione,

1950 1363 2073 1418 quae
2125 1345 2323 1406 Turcis
2358 1359 2444 1405 est
2493 1351 2669 1416 Aiem,
2723 1352 2806 1406 vel
2859 1350 3014 1407 Aiem
3062 1352 3281 1422 vilaget,
3330 1355 3396 1409 de
3446 1368 3553 1423 qua

1950 1442 2208 1508 superius
2259 1441 2468 1497 dictum
2528 1457 2761 1498 numero
2811 1453 3070 1499 notarum
3097 1447 3386 1517 “secundo.
3436 1447 3552 1503 Vox

1946 1534 2198 1606 Cnrobag
2241 1536 2521 1606 significat
2567 1537 2750 1608 lingua
2789 1537 3027 1593 Turcica
3057 1539 3274 1594 vineam
3315 1543 3552 1612 nigram.

1947 1624 2425 1700 Chalcoeondyles
2457 1631 2718 1699 scripsit,
2751 1629 3026 1687 Temirem
3063 1635 3286 1689 solitum
3320 1652 3380 1690 se
3411 1639 3550 1691 reci-

1948 1735 2080 1789 pere
2109 1722 2392 1778 Clteriam:
2430 1723 2577 1794 quod
2610 1725 2843 1794 primum
2876 1723 3151 1792 Sebastia,
3187 1730 3332 1799 quod
3363 1730 3549 1784 itidem

1949 1811 2212 1885 Chalepia
2243 1815 2349 1885 (sic
2372 1816 2645 1886 interpres
2675 1818 2920 1889 scripsit)
2949 1819 3324 1893 Damascoque
3351 1827 3550 1893 captis,

1947 1904 2160 1963 fecerit.
2213 1909 2358 1979 Ergo
2403 1911 2517 1964 Veri
2580 1911 2638 1966 fit
2685 1913 2862 1969 simile
2892 1959 2906 1982 ,
2953 1915 3206 1970 Cheriam
3244 1930 3272 1969 a
3315 1915 3552 1972 Laonieo

1945 1997 2054 2052 dici
2088 2013 2210 2065 quae
2236 1998 2326 2055 hic
2373 1999 2627 2072 Carabag
2661 2005 2997 2073 nominatur,
3033 2008 3286 2062 nonnihil
3340 2019 3550 2065 mutato

1945 2093 2032 2148 vel
2067 2109 2097 2147 a
2127 2094 2334 2150 Graecis
2369 2097 2453 2152 vel
2489 2096 2687 2154 Threis
2718 2102 3013 2157 vocabulo.
3053 2100 3315 2174 Engurim
3354 2119 3545 2172 supra,

1947 2202 2178 2242 numero
2227 2197 2482 2243 natarum
2513 2190 2580 2245 lO
2603 2231 2619 2256 ,
2653 2193 2894 2251 diximus
2926 2198 3196 2267 Ancyram
3226 2213 3368 2252 esse.
3401 2195 3546 2252 Tan-

1947 2290 2063 2336 tum
2099 2282 2189 2338 hic
2221 2285 2532 2339 addendum
2571 2288 2886 2356 putavimus
2930 2291 3150 2353 obiter,
3175 2292 3331 2347 hanc
3377 2293 3543 2347 etiam

1949 2375 2000 2428 in
2020 2375 2167 2430 edito
2201 2373 2902 2450 Cltalcocond‘yleUncram
2931 2385 3223 2439 nominari:
3248 2386 3390 2456 quod
3418 2402 3544 2443 cum

1945 2469 2121 2524 Graeci
2157 2469 2378 2525 mollius
2407 2473 2696 2527 enuntiem
2732 2473 2913 2545 Ungr‘a
2936 2516 2951 2541 ,
2982 2480 3205 2546 prepius
3239 2481 3446 2535 accedit
3479 2482 3544 2537 ad

1948 2550 2238 2618 Turcicam
2274 2564 2708 2636 appellationem
2745 2570 2975 2638 Engnri.

1947 2700 2039 2758 (id.
2077 2701 2232 2756 Bulci
2270 2704 2443 2773 ﬁlius,
2494 2705 2794 2778 Dereidar.
2836 2707 3138 2778 Messapiam
3188 2728 3351 2767 mors.
3393 2711 3550 2769 στω-

2246 2791 2430 2830 corum
2466 2777 2528 2832 de
2550 2776 2822 2846 Bajazt'tt’s
2851 2778 2982 2846 ﬁliis
3022 2776 3256 2838 terrores.
3463 2786 3466 2787 ⁷

2023 2891 2095 2945 De
2119 2890 2384 2974 Bulciset
2415 2891 2773 2950 Bulcovitziis
2806 2897 3016 2962 prolixe
3064 2900 3424 2956 tractavimus
3474 2905 3541 2957 ad

1949 2995 2203 3041 notarum
2233 3003 2492 3044 numeros
2517 2989 2588 3043 46
2618 3002 2672 3044 et
2691 2991 2781 3047 54.
2803 2991 2903 3046 Hic
2951 3002 3164 3048 tantum
3196 3010 3545 3057 moneamuc,

1949 3079 2115 3136 istum
2135 3080 2289 3136 Bulci
2318 3082 2487 3136 lilium
2503 3083 2624 3153 (qui
2649 3084 2844 3140 Turcis
2875 3095 2960 3141 est
2992 3085 3262 3159 Buleogli)
3282 3104 3545 3157 expresse

1948 3171 2224 3224 nominari
2261 3187 2290 3225 a
2319 3171 2678 3245 Spandugino
2705 3173 3025 3248 Georgium,
3057 3179 3264 3234 Serviat
3289 3181 3545 3250 despotar.

1952 3265 2122 3318 filium
2155 3281 2171 3317 :
2205 3265 2367 3336 cujus
2400 3269 2638 3336 majores
2660 3279 2714 3324 et
2748 3279 2999 3340 posteros
3017 3273 3344 3330 continuato
3379 3292 3546 3344 supe-

1950 3355 2067 3409 rius
2098 3365 2393 3411 stemmate
2424 3359 2698 3427 complexi
2729 3375 2941 3416 sumus.
2979 3364 3058 3416 Ac
3092 3375 3400 3435 temporum
3456 3382 3545 3420 sa.

1945 3461 2016 3502 ne
2047 3447 2188 3502 ratio
2217 3447 2559 3520 Spandugini
2581 3454 2870 3508 sententiae
2903 3469 3249 3526 nequaquam
3277 3458 3541 3514 adversa-

1947 3547 2057 3595 tur.
2085 3541 2316 3597 Dcrvisii
2358 3555 2454 3598 seu
2491 3543 2792 3600 Dervtislari
2821 3557 2953 3602 sunt
2981 3547 3058 3601 illi
3110 3550 3336 3616 quidem
3394 3556 3540 3619 apud

1946 3633 2154 3689 Turcos
2179 3635 2368 3704 aliqua
2399 3652 2463 3690 ex
2491 3647 2644 3706 parte
2667 3637 2951 3709 Calogeris
2969 3639 3202 3706 Graecis,
3254 3646 3542 3699 monachis

1945 3729 2150 3782 nostris
2179 3726 2388 3794 afﬁnes,
2423 3729 2500 3782 uti
2532 3731 2788 3800 superius
2817 3732 3147 3799 indicatum;
3180 3735 3276 3790 sed
3299 3737 3424 3792 aliis
3455 3752 3540 3792 ta-

1945 3837 2070 3876 men
2087 3823 2154 3877 de
2184 3823 2369 3878 causis
2397 3823 2587 3894 (modo
2619 3823 2846 3878 Paulum
2877 3827 3267 3889 Tomorreum,
3310 3828 3537 3884 fratrem

1946 3916 2240 3983 Georgium
2274 3917 2528 3984 Ungariae
2555 3918 2882 3986 perniciem,
2920 3929 2972 3974 et
3017 3920 3156 3976 alios
3213 3922 3281 3976 de
3335 3924 3542 3978 nostris

1945 4010 2211 4080 excipias)
2234 4026 2297 4066 ea
2320 4011 2686 4080 comparatio,
2718 4013 2864 4079 quod
2881 4012 3041 4082 vulgo
3072 4014 3213 4070 solet
3233 4015 3363 4080 diei,
3387 4016 3540 4072 elau-

1943 4103 2112 4158 dicat.
2144 4103 2358 4174 Quippe
2395 4118 2520 4160 cum
2555 4105 2816 4160 universa
2852 4106 2938 4161 lex
2973 4115 3028 4162 et
3072 4108 3352 4180 religionis
3411 4127 3540 4176 pro-

1944 4195 2113 4252 fessio
2149 4197 2537 4253 Mabumetana
2567 4201 2926 4270 sanguinaria
2957 4201 3048 4265 sit,
3075 4205 3314 4274 speciem
3373 4204 3540 4260 Turci

1945 4292 2168 4360 quidem
2203 4291 2475 4361 religiosa:
2510 4291 2730 4361 pietatis
2761 4294 2816 4348 in
2849 4295 2987 4362 legis
3034 4297 3228 4364 peritis
3283 4314 3348 4352 ac
3408 4299 3545 4356 Der-

1944 4385 2101 4441 visiis
2161 4385 2280 4441 suis
2339 4387 2633 4456 requirunt
2668 4407 2681 4443 :
2718 4397 2772 4444 at
2811 4389 3032 4445 interim
3058 4393 3127 4445 ab
3172 4393 3399 4463 agendis
3445 4410 3540 4450 eos

1945 4477 2136 4540 rebus,
2161 4483 2272 4529 tam
2326 4492 2480 4547 pace,
2526 4495 2692 4547 quam
2752 4481 2920 4544 bello,
2959 4486 3277 4550 praesertim
3341 4497 3537 4541 contra

239 4585 425 4642 Hodie
446 4557 646 4646 Turcis
669 4557 1236 4650 etArabibus'it-tcolis
1263 4597 1451 4651 Miszir
1871 4557 1923 4618 Β
1949 4565 2297 4670 ωπίδιὴηθξ
2344 4581 2398 4623 et
2433 4569 2620 4670 ’ξοδιθθ
2654 4572 2970 4642 reipublicae
3009 4589 3143 4637 sum
3190 4592 3537 4670 nequaquam

237 4695 276 4733 a
314 4681 686 4738 vetustissimo
716 4694 825 4740 tam
859 4686 1102 4759 IEgypti,
1137 4703 1301 4758 quam
1331 4688 1707 4763 Egyptiornm
1745 4712 1841 4749 no-

234 4773 418 4841 mine,
455 4776 724 4834 Mizraim.

532 4892 621 4948 62.
678 4892 896 4950 Clientes
923 4937 938 4960 ,
976 4895 1205 4969 dluetge,
1245 4897 1487 4954 Bealbec.

319 5003 527 5062 Civitas
573 5006 746 5077 Syria:
796 5008 1031 5066 Clientes
1093 5011 1222 5065 olim
1275 5011 1418 5066 dicta
1472 5013 1574 5068 fuit
1627 5015 1839 5081 Emisa,

219 5101 514 5168 Gregorio
540 5101 796 5156 Emiseno
823 5103 1048 5157 alumno
1075 5104 1249 5167 clara,
1280 5103 1440 5174 cujus
1467 5117 1688 5162 exstant
1717 5121 1844 5166 octo

213 5193 373 5253 libri
434 5195 503 5248 de
551 5194 810 5260 homine,
864 5196 957 5265 qui
1003 5197 1281 5251 nonnullis
1331 5198 1384 5251 in
1435 5200 1843 5269 exemplaribus

211 5309 352 5349 non
415 5300 566 5345 recte
617 5289 868 5361 Gregorii
923 5290 1154 5363 Nysseni
1217 5291 1394 5346 nostri
1443 5307 1646 5349 nomen
1707 5313 1842 5365 prte-

211 5392 454 5445 fetuum.
486 5384 728 5439 Ortelius
758 5385 1000 5448 notavit,
1047 5387 1188 5455 quod
1226 5384 1424 5441 Turcis
1462 5396 1519 5442 et
1565 5388 1842 5446 Arabibus

209 5485 296 5540 sit
342 5477 573 5535 Hatnsa.
602 5479 708 5534 Sed
741 5480 832 5535 hic
867 5478 1102 5536 Cbemes
1132 5481 1332 5550 legitur
1353 5521 1370 5548 ,
1419 5483 1566 5552 quod
1602 5483 1838 5540 aliorum

210 5576 535 5643 scripturae
564 5573 821 5636 vicinius,
850 5575 1054 5644 quibus
1079 5573 1275 5630 llames
1317 5585 1563 5630 vocatur.
1604 5574 1696 5631 Fit
1721 5578 1843 5647 ejus

209 5668 388 5740 apud
429 5667 744 5738 Aytltonum
771 5668 859 5721 his
915 5668 1099 5721 verbis
1131 5667 1339 5721 mentio
1365 5684 1380 5720 :
1406 5667 1618 5722 Civitas
1671 5666 1842 5740 Syria:

214 5765 466 5825 ilatues,
523 5776 655 5830 qua:
687 5761 907 5816 Camela
947 5761 1109 5816 hodie
1141 5761 1506 5830 appellatura
1540 5760 1791 5829 pluribus
1829 5781 1840 5818 :

213 5860 331 5914 ubi
372 5854 693 5916 Videndum,
737 5872 802 5908 nn
845 5869 950 5908 non
1010 5870 1110 5924 pro
1148 5852 1370 5907 Cameia
1424 5853 1586 5910 scribi
1636 5854 1808 5911 dcbca

1943 4669 2155 4723 arcent,
2184 4661 2278 4716 sed
2311 4663 2488 4732 magis
2548 4664 2738 4729 etiam,
2767 4680 2934 4735 quam
2987 4676 3237 4730 metet-os,
3271 4669 3540 4726 devovere

1945 4751 2112 4805 vitam
2148 4765 2304 4807 suam
2340 4768 2439 4824 pro
2479 4755 2765 4826 religione,
2786 4771 2996 4826 proque
3028 4758 3144 4828 lege
3179 4762 3378 4828 patria,
3403 4779 3538 4820 suos

1946 4843 2070 4899 illos
2095 4845 2384 4916 religiosos
2421 4848 2633 4902 volunt.
2667 4848 2803 4905 l-line
2858 4851 3070 4922 aliquot
3134 4854 3187 4908 in
3249 4855 3539 4929 Ungaricis

1947 4939 2148 4994 ﬁnibus
2181 4953 2373 5011 captos
2403 4957 2432 4995 a
2460 4945 2665 4998 nostris
2697 4946 2983 5010 recordor,
3019 4946 3168 5002 viros
3199 4955 3536 5024 ceteroquin

1945 5032 2184 5103 alicujus
2208 5037 2562 5093 auctoritatis
2613 5048 2667 5092 et
2729 5039 3184 5108 existimationis,
3217 5045 3314 5114 qui
3349 5045 3535 5104 Dervi-

1944 5127 2126 5181 slaros
2157 5144 2216 5182 se
2249 5131 2654 5198 profitebantur
2683 5172 2696 5186 .
2745 5131 2888 5190 Hinc
2921 5135 2974 5190 in
3025 5137 3133 5191 vita
3177 5137 3536 5198 Muehcmetis

1946 5219 2108 5288 primi
2151 5210 2480 5278 seditionem
2514 5223 2765 5281 Torlacis
2817 5231 3074 5284 monachi
3111 5230 3356 5300 Tureici,
3399 5244 3451 5288 et
3477 5235 3532 5289 in

1945 5311 2055 5365 vita
2089 5312 2350 5382 Bajazitis
2405 5319 2654 5384 secundi,
2707 5319 3068 5377 Scacboculis
3101 5325 3345 5380 eremitaa
3406 5342 3537 5382 sano

1943 5405 2180 5473 guiuarii
2218 5423 2450 5478 pugnas,
2489 5422 2540 5464 ct
2574 5412 2777 5480 credes,
2809 5423 2865 5468 et
2891 5418 3268 5487 grassationes
3331 5419 3528 5475 intuta-

1946 5513 2065 5564 nes,
2099 5499 2301 5569 quibus
2333 5502 2507 5557 multa
2555 5504 2728 5560 millia
2770 5507 3054 5562 hominum
3088 5508 3379 5580 absumpta
3410 5511 3532 5567 fuco

1944 5598 2108 5656 runt;
2161 5601 2218 5646 et
2253 5591 2308 5646 in
2339 5594 2446 5648 vita
2501 5595 2747 5667 denique
2816 5599 3175 5668 Soleimanis,
3213 5602 3281 5657 ad
3319 5620 3528 5660 annum

1939 5679 2321 5740 Christianum
2359 5687 2519 5754 1526,
2561 5689 2888 5747 Calenderis
2931 5694 3146 5751 Zelebis
3177 5705 3231 5751 et
3262 5696 3534 5754 Dervisla-

1942 5776 2154 5830 riorum
2213 5789 2398 5834 motus
2434 5797 2500 5836 ac
2555 5784 2740 5852 pra'lia
2814 5787 3068 5858 legimus.
3110 5787 3222 5845 Hac
3283 5807 3416 5861 ergo
3469 5796 3536 5844 de

1944 5883 2114 5924 causa
2167 5857 2464 5930 Servianos
2557 5876 2681 5933 illos
2746 5857 3046 5939 fortissime
3126 5899 3224 5953 pro
3297 5883 3535 5954 Bajntitd
