4018 6420
483 348 590 420 783

1683 339 2017 407 JOANNIS
2059 333 2527 405 LEUNCLM’U

3660 330 3786 405 Ἢ

484 474 810 530 dimicantes
865 468 1014 522 Βιιιςὶ
1067 467 1292 530 milites,
1337 464 1686 519 truculentos
1737 478 1799 516 ac
1861 463 2071 514 feroces
2103 468 2144 523 Α
2182 461 2564 519 nominantur,
2629 464 2792 524 caput
2845 465 2935 511 "est
2993 448 3128 511 urbs
3189 457 3532 518 Semercant,
3599 460 3771 513 hodie

497 567 776 622 Dervisios
817 560 1128 634 appellabat
1157 557 1370 625 Temir,
1394 558 1487 629 qui
1515 572 1574 610 se
1604 555 1886 626 vitamque
1911 571 2070 609 suatn

488 675 590 731 pro
617 659 794 714 salute
822 669 1052 710 suorum
1117 652 1363 706 animose
1419 648 1796 704 devovissent.
1837 644 2072 699 Germa-

484 761 618 809 num
649 767 776 807 vero
808 747 1076 819 Bajazitis
1113 745 1284 800 lilium
1338 741 1684 813 Mustaphatu
1741 742 1844 794 hoc
1882 738 2074 809 praelio

484 847 720 919 periisse
745 844 985 899 diximus
1015 855 1081 894 ex
1129 839 1233 894 lide
1263 838 1460 892 horum
1512 834 1794 889 annalium
1839 831 2073 885 antehac

485 939 800 1010 aliquoties,
841 936 1005 1003 idque
1040 934 1168 988 licet
1220 932 1473 986 sultanus
1535 927 1908 981 Muchemetes
1961 923 2070 992 pri-

485 1051 634 1099 mus,
689 1033 932 1100 itemque
960 1027 1204 1083 Murates
1246 1021 1526 1080 secundus
1559 1032 1684 1090 post
1710 1028 1943 1074 mortem
1979 1031 2073 1086 pa-

485 1128 587 1184 tris
622 1127 826 1195 saepius
852 1137 1040 1178 verum
1069 1134 1194 1177 esse
1224 1124 1664 1189 protestarentur
1694 1127 1710 1168 :
1741 1121 1924 1168 tamen
1979 1125 2074 1164 uss

483 1235 593 1291 que
644 1220 783 1274 adeo
827 1215 1034 1271 Graecis
1103 1213 1372 1282 impressa
1437 1209 1505 1263 de
1539 1206 1644 1261 hoc
1690 1205 1912 1260 diversa
1955 1211 2074 1258 erat

485 1314 696 1384 opinio,
724 1308 1070 1377 Mustapham
1115 1315 1173 1360 ut
1207 1305 1401 1368 alium,
1441 1317 1540 1372 pro
1588 1299 1834 1370 legitimo
1860 1311 2072 1353 seven-

486 1406 776 1468 tlitantem,
819 1402 996 1456 obviis
1028 1399 1172 1454 ulnis
1210 1397 1550 1464 exciperent,
1581 1401 1637 1448 et
1667 1391 1839 1445 armis
1874 1397 2066 1444 contra

487 1499 758 1554 Muratcm
789 1506 986 1565 magna
1039 1505 1164 1544 cum
1229 1487 1600 1558 imprudentia
1671 1483 1926 1550 maloque
1968 1493 2072 1537 suo

487 1599 821 1648 tuerentur:
864 1585 1129 1641 olIercnte
1167 1580 1512 1652 amplissima
1568 1590 1802 1646 qumque
1833 1572 2066 1635 Murate,

489 1685 652 1742 modo
689 1680 941 1737 neutrius
981 1694 1010 1732 a
1045 1675 1297 1747 partibus
1327 1681 1556 1735 starent,
1615 1685 1680 1724 ac
1740 1669 1892 1738 ipsos
1922 1664 2070 1720 inter

489 1794 551 1833 se
600 1791 715 1831 rem
769 1773 941 1828 armis
987 1770 1287 1824 decernere
1341 1772 1683 1835 paterentur.
1746 1757 2070 1815 Consimilis

2176 555 2441 608 mercium
2493 551 2805 606 lndicarum
2851 551 3102 619 emporio
3133 550 3498 604 celeberrimo
3525 559 3777 619 septem-

2176 645 2506 700 trionalibus
2565 644 2732 698 etiam
2797 652 2952 698 nota.
3015 641 3395 698 Sarntacanda
3430 643 3774 714 plerumque

2175 737 2592 804 vocatur,edito
2636 737 2879 792 Laonico
2923 734 3562 806 Samracltanta~,llitteris
3585 745 3776 793 trans-

2177 831 2396 902 positis,
2439 845 2541 900 pro
2567 830 2987 884 Samarchauta.
3019 827 3163 883 Sunt
3193 830 3289 898 qui
3325 829 3526 886 dictam
3563 841 3778 900 putant

2174 941 2204 978 a
2255 923 2406 987 Scin,
2470 921 2638 976 Nolae
2701 922 2832 986 lilio,
2893 936 3130 992 quorum
3165 922 3410 990 opinioni
3449 914 3778 980 Turdorum

2175 1018 2558 1091 pronuntiatio
2609 1015 2937 1071 Semercant
2985 1016 3342 1086 astipulatur.
3377 1015 3780 1073 Maracandam

2176 1111 2470 1181 Sogdiaua:
2504 1109 2784 1166 veteribus
2825 1109 3153 1178 appellatam
3209 1109 3538 1163 existimant
3569 1110 3780 1178 aliqui.

2176 1207 2451 1262 Ctteru
2493 1182 2792 1272 Bajasitem
2819 1215 2884 1256 ex
2908 1201 3077 1254 animi
3102 1200 3430 1269 aegritudine
3460 1199 3786 1270 doloreque

2177 1303 2456 1347 mortuum
2523 1291 2751 1361 scripsit
2813 1289 3315 1361 Chalcocondyles,
3368 1291 3457 1345 eui
3515 1290 3784 1348 Turcica

2177 1381 2528 1435 narrationes
2577 1395 2688 1434 non
2746 1379 3171 1436 adversantur:
3230 1381 3327 1436 sed
3381 1380 3617 1445 addunt,
3669 1383 3782 1438 hoc

2177 1487 2414 1528 maerore
2443 1473 2598 1527 velut
2633 1471 2702 1527 ad
2734 1472 3182 1542 desperationem
3209 1471 3490 1538 adactum,
3530 1485 3776 1530 mortem

2173 1566 2398 1622 sibimet
2425 1565 2529 1636 ipsi
2563 1566 2927 1621 conscivisse.
2959 1564 3114 1631 Quod
3144 1565 3447 1623 dilucidius
3481 1582 3777 1638 exponens

2175 1653 2500 1714 Theodorus
2521 1658 2926 1731 Spanduginus,
2955 1661 3032 1714 ait
3059 1658 3378 1730 Bajazitem,
3419 1675 3517 1730 spe
3548 1661 3776 1716 liberta-

2179 1749 2248 1804 tis
2294 1749 2524 1813 amissa.
2576 1750 2938 1806 constituisse
2987 1767 3112 1807 cum
3169 1752 3355 1807 animo
3387 1769 3486 1807 suo
3521 1753 3774 1825 scipsum

489 1871 621 1926 huic
653 1868 970 1923 Cui-meorum
1002 1873 1087 1918 est
1119 1875 1276 1917 error
1310 1857 1381 1914 de
1418 1854 1680 1927 Bajasitis
1717 1853 1854 1917 lilio,
1911 1866 2074 1922 quem
2107 1851 2150 1906 Β
2179 1841 2458 1896 occidere.
2507 1840 2618 1898 Sed
2683 1858 2810 1897 cum
2879 1843 3090 1898 nullum
3153 1844 3275 1914 ejus
3314 1847 3648 1915 peragendae
3694 1849 3776 1902 nl

490 1966 678 2021 lidium
708 1963 810 2034 (sic
841 1959 990 2015 enim
1027 1955 1266 2011 chordas
1303 1955 1572 2023 interpres
1601 1947 1860 2016 reddidit)
1883 1946 2070 2018 cpilex

489 2059 747 2114 Prusa-us
806 2053 1138 2108 incolumem
1174 2046 1498 2118 Byzantium
1543 2042 1864 2113 perduxerit
1899 2059 1912 2094 :
1948 2055 2071 2093 cum

489 2165 673 2208 tamen
711 2147 856 2202 nulla
880 2145 970 2199 liat
1007 2142 1062 2196 in
1089 2139 1384 2196 annalibus
1402 2135 1518 2192 Alis
1546 2133 1876 2204 cujuspiam,
1912 2127 2073 2200 Baja-

493 2245 618 2299 xitis
649 2241 768 2305 lilii,
807 2237 1056 2299 mentio;
1109 2247 1211 2288 nec
1259 2230 1328 2285 ab
1359 2230 1482 2299 ipso
1537 2225 1762 2296 quidem
1807 2222 2069 2286 Laonico,

490 2352 614 2390 eum
639 2333 766 2388 alibi
787 2327 1044 2400 Bajazitis
1070 2325 1210 2380 lllios
1233 2333 1503 2378 recenset.
1528 2316 1843 2371 Notandum
1877 2312 2070 2382 magis,

489 2431 638 2497 quod
671 2425 837 2479 etiam
892 2419 1237 2475 Musulmane
1291 2419 1558 2484 regnante
1613 2418 1870 2463 narrata
1919 2405 2074 2460 Mose

489 2515 733 2588 Jcsuque
789 2512 1060 2568 fratribus
1092 2506 1432 2564 occultatum
1481 2502 1653 2558 fuisse
1699 2498 1889 2554 Prusae
1942 2513 2074 2568 puc-

492 2627 614 2666 rum
679 2607 1078 2662 Muchemctem
1134 2597 1277 2668 apud
1336 2596 1492 2650 illum
1549 2592 1730 2664 ipsum
1818 2590 2072 2660 opiﬁcem

490 2701 825 2756 chordarum
865 2738 878 2758 ,
930 2709 960 2748 a
1017 2706 1127 2760 quo
1169 2689 1541 2744 Muchemetes
1627 2689 1732 2738 hoc
1787 2683 2070 2754 opilicium

490 2793 766 2850 didicerit.
845 2791 910 2841 Et
973 2787 1176 2840 factum
1228 2782 1284 2836 id
1344 2779 1560 2836 scilicet
1609 2793 1638 2832 a
1691 2775 1837 2830 idose
1871 2815 1886 2839 ,
1958 2791 2073 2829 om-

491 2889 643 2941 nium
713 2880 1144 2944 crudelissimo,
1237 2875 1322 2929 vel
1374 2873 1495 2943 ipso
1558 2871 1800 2951 Laonico
1867 2879 2010 2924 teste
2053 2910 2069 2934 ,

492 2995 562 3035 ne
603 2980 673 3032 ab
708 2977 834 3031 aliis
867 2974 1074 3028 chartis
1109 2969 1212 3026 sibi
1266 2983 1402 3038 puer
1430 2964 1794 3021 occideretur.
1857 2961 2074 3015 Muchea

492 3083 692 3130 lactem
757 3083 890 3124 vero
958 3066 1069 3134 jam
1157 3059 1610 3131 grandiusculum
1700 3055 1825 3109 inde
1884 3053 2073 3124 prolu-

2179 1933 2405 1989 modum
2439 1933 2753 2001 inveniret,
2787 1943 2897 1989 tam
2932 1938 3171 2005 denique
3199 1936 3294 1990 ditt
3333 1950 3499 2008 caput
3527 1939 3776 1995 allisisse

2178 2026 2256 2082 illi
2295 2043 2475 2084 cavea:
2503 2028 2572 2084 de
2603 2028 2747 2084 ferro
2779 2028 2960 2094 factae,
2993 2045 3102 2099 qua
3135 2031 3427 2084 tenebatur
3491 2033 3774 2097 inclusus,

2177 2122 2352 2178 donec
2383 2136 2494 2190 pm
2525 2120 2713 2178 lurore
2737 2119 2976 2177 fremens
3002 2135 3066 2176 ac
3091 2120 3352 2178 frendens
3373 2163 3390 2190 ,
3423 2125 3632 2182 misere
3668 2129 3772 2183 sibi

2178 2223 2409 2269 mortem
2433 2213 2672 2272 all‘erret.
2691 2214 3017 2286 tyrannique
3041 2215 3170 2279 vita,
3191 2217 3495 2273 secundum
3527 2230 3772 2291 poetam,

2179 2305 2462 2377 indignata
2514 2308 2616 2364 sub
2667 2306 2894 2362 umbras
2951 2307 3190 2378 lugeret.
3236 2309 3517 2380 lnterpres
3544 2311 3771 2370 Laonici

2177 2407 2480 2471 pugnatum
2511 2408 2667 2454 notat
2696 2399 2837 2454 inter
2869 2394 3175 2470 Bajazitem
3223 2412 3277 2456 et
3301 2400 3586 2460 Temirem
3622 2422 3770 2462 anno

2178 2495 2493 2549 Christiano
2531 2493 2689 2548 1397'.
2718 2492 2991 2548 Mortuum
3019 2494 3322 2564 Bajazitem
3359 2498 3554 2553 scribit
3594 2499 3759 2556 Fran-

2179 2586 2366 2643 ciscus
2393 2586 2738 2642 Sansovinus
2764 2599 2910 2642 anno
2933 2585 3071 2642 1398
3093 2628 3106 2649 .
3129 2586 3416 2645 ϐθυίτωυε
3439 2605 3584 2644 anno
3604 2592 3768 2650 “00.

2178 2695 2320 2750 quos
2356 2679 2609 2750 equidem
2658 2677 2773 2734 lalli
2804 2679 3034 2750 opinor.
3075 2679 3288 2750 Quippe
3337 2682 3623 2736 secundum
3657 2697 3758 2735 ra-

2182 2775 2361 2829 tiones
2419 2783 2709 2829 accuratas
2759 2775 3041 2828 annalium
3090 2773 3752 2843 deprehendimus,rcomo

2179 2868 2411 2922 missum
2469 2864 2642 2921 fuisse
2701 2864 2949 2935 praelium
2995 2880 3141 2920 anno
3167 2842 3252 2919 vel
3282 2865 3442 2930 1399,
3471 2863 3555 2919 vel
3579 2842 3754 2928 ἠθο.

2179 2959 2536 3015 Gilderunem
2571 2975 2700 3014 vero
2730 2969 3008 3013 mortuum
3045 2973 3190 3012 anno
3223 2957 3384 3014 1403.
3421 2958 3689 3014 Similiter
3708 2959 3770 3014 in

2179 3054 2340 3106 annis
2394 3052 2546 3122 regni
2584 3051 2748 3120 huius
2789 3061 3035 3107 erratum
3069 3066 3098 3105 a
3132 3048 3411 3118 Laonico,
3443 3051 3540 3122 qui
3571 3052 3771 3122 viginti

490 3167 635 3235 gisse
689 3162 754 3214 ad
830 3158 1045 3212 Alurim
1101 3152 1470 3206 Caramanum
1500 3186 1516 3213 ,
1575 3161 1608 3200 a
1669 3160 1780 3216 quo
1824 3145 2069 3214 adjutus,
2099 3149 2143 3206 C
2177 3145 2419 3216 quinque
2450 3155 2722 3210 numerat,
2753 3161 2856 3216 pro
2887 3146 3018 3202 solis
3048 3143 3466 3214 quatuordecim
3504 3165 3516 3198 :
3552 3146 3622 3200 de
3655 3162 3774 3216 quo

491 3254 762 3313 servatori
817 3266 919 3305 suo
967 3247 1100 3301 Mosi
1160 3245 1362 3299 bellum
1432 3241 1679 3296 intulerit
1751 3258 1765 3296 :
1847 3237 1942 3293 sed
1994 3239 2082 3292 vi.

490 3358 640 3402 ctum
677 3342 839 3414 427
869 3339 1186 3409 confugisse
1209 3337 1274 3391 ad
1293 3335 1438 3390 Alim
1472 3333 1722 3398 fratrem,
1743 3335 1987 3387 exsulem
2019 3347 2083 3388 ac

494 3443 740 3508 inopem,
761 3448 817 3488 et
837 3433 1054 3502 quidem
1078 3425 1614 3497 Constantinopolim
1646 3444 1659 3478 :
1687 3426 1777 3479 ubi
1825 3425 2082 3480 nonnihil

490 3528 866 3601 respiraverit,
915 3522 1272 3591 collectisque
1318 3519 1856 3589 suorumgreliqn'ris,
1901 3519 2084 3573 denuo

489 3637 701 3679 tentare
727 3622 852 3676 belli
891 3618 1165 3673 lortunatn
1207 3615 1534 3670 decreverit.
1568 3613 1691 3668 Haec
1727 3613 1995 3668 Laenieus
2016 3613 2084 3668 de

486 3714 1048 3790 pueroMuchemete,
1109 3707 1442 3763 chordarum
1501 3707 1716 3776 opilicis
1775 3707 2075 3776 discipulo.

489 3825 626 3881 pene
651 3807 956 3879 pueriliter,
987 3817 1088 3857 nec
1112 3815 1244 3855 vero
1260 3799 1464 3854 multas
1489 3799 1560 3853 ob
1597 3812 1797 3852 causas
1845 3813 2081 3852 consen-

488 3917 668 3959 tanea.
703 3899 874 3969 Magis
897 3895 1083 3951 idonei
1121 3909 1305 3948 rerum
1333 3891 1695 3945 Turcicarnm
1755 3890 2078 3958 scriptores,

488 3995 593 4066 ipsi
621 3991 811 4054 Tur-ci,
847 3988 1094 4048 tradunt,
1155 3984 1318 4038 rebus
1366 3981 1689 4036 Temiriano
1746 3983 1933 4076 praelip
1983 3981 2079 4036 de-

489 4085 752 4157 speratis,
793 4081 986 4134 bassas
1040 4075 1340 4130 abduxisse
1393 4087 1606 4136 secum,
1665 4073 2079 4141 arrepta'luga,

493 4175 791 4231 maximum
815 4178 948 4223 natu
983 4166 1246 4236 Bajazitis
1277 4166 1446 4218 lilium
1471 4163 1861 4228 Soleintauem,
1914 4163 2079 4218 veluti

495 4267 797 4337 legitimum
816 4263 990 4334 patris
1011 4276 1066 4314 tn
1091 4257 1326 4328 imperio
1341 4270 1720 4312 successorem
1740 4265 1826 4312 :et
1857 4257 2078 4311 illorum

492 4356 1190 4428 exertiploblucbemctem,
1225 4367 1334 4404 non
1371 4365 1600 4419 puerum
1658 4352 1743 4416 (ut
1801 4348 2079 4405 Laonicus

492 4453 746 4527 putavit),
783 4451 878 4506 sed
905 4448 1187 4517 copiarum
1215 4459 1281 4500 ex
1307 4443 1536 4513 imperio
1557 4453 1786 4513 paterno
1803 4459 2073 4512 Quarum-

491 4551 615 4604 dam
649 4547 866 4608 ducem,
901 4544 1018 4597 suis
1039 4541 1225 4596 itidem
1262 4539 1426 4594 rebus
1451 4537 1530 4591 uti
1551 4537 2074 4601 sonsuleret,Arua-

488 4645 626 4698 siam
659 4654 784 4694 cum
817 4635 935 4691 suis
993 4649 1052 4689 se
1099 4631 1446 4688 contulisse:
1483 4643 1596 4697 quo
1644 4628 1768 4682 loco
1818 4629 2077 4697 deinceps

488 4748 614 4786 eum
630 4731 853 4792 vixisse,
885 4726 992 4781 no'n
1009 4724 1420 4781 semelannales
1453 4726 1715 4777 tradunt:
1753 4731 1807 4776 et
1834 4721 2075 4776 indidem

491 4840 615 4880 cum
640 4822 884 4879 exercitu
931 4827 1122 4874 contra
1143 4817 1352 4872 Musam
1385 4819 1611 4871 lratrem
1646 4818 1906 4880 movisse,
1935 4821 2078 4882 post-

487 4933 656 4989 quam
682 4917 974 4972 interlccto
1003 4912 1342 4979 Solcimanc,
1371 4911 1642 4967 vindicem
1685 4913 1844 4968 necis
1900 4913 2076 4980 ipsius

491 5027 552 5068 se
582 5009 870 5082 professus
892 5017 1061 5063 esset.
1097 5005 1227 5074 Quae
1250 5021 1361 5071 res,
1394 5018 1516 5060 meo
1557 5017 1692 5060 sane
1731 5003 1963 5072 judicio,
1989 5004 2074 5058 di-

491 5119 612 5175 gnas
634 5111 765 5158 sunt
825 5099 1111 5155 hominum
1167 5098 1413 5154 historiae
1458 5097 1834 5154 studiosorum
1887 5098 2077 5154 obser-

492 5195 712 5251 vatione
750 5208 765 5246 :
803 5207 925 5247 cum
948 5192 1000 5246 in
1036 5189 1331 5260 publicatis
1357 5190 1626 5245 hactenus
1656 5189 1878 5260 scriptis
1903 5189 2074 5245 histo-

491 5289 620 5345 ricis
647 5286 784 5342 nihil
816 5285 1129 5340 intricatius
1158 5285 1226 5339 de
1245 5281 1494 5338 Turcicis
1527 5282 1692 5339 rebus
1709 5283 2072 5352 reperiamus,

489 5395 654 5450 quam
687 5393 808 5450 quae
841 5378 909 5433 de
939 5376 1179 5446 hocipso
1209 5384 1456 5445 tempore
1485 5390 1715 5431 summa
1763 5375 2072 5431 'l'urcorum

489 5469 830 5528 infelicitatis
859 5482 1140 5524 memoria:
1159 5467 1374 5538 prodita
1425 5466 1682 5539 legimus.

562 5599 655 5654 65.
696 5597 1023 5664 Senserunt,
1049 5595 1312 5666 Bajasitis
1347 5613 1510 5660 mors,
1543 5613 1802 5652 annorum
1843 5599 2004 5653 ratio.

537 5732 822 5806 'llegionis
853 5733 1188 5801 Zacataine,
1235 5734 1394 5804 cujus
1451 5736 1646 5793 incolae
1697 5735 1751 5791 id
1807 5739 2073 5806 temporis

479 5828 720 5914 imperio
759 5828 994 5886 'l‘cmiris
1043 5837 1334 5899 parentes,
1385 5828 1625 5888 Laonico
1677 5828 2072 5888 Taachataidcs

2185 3237 2310 3293 vide
2335 3253 2500 3308 supra
2532 3255 2764 3294 numero
2797 3239 2862 3292 47
2897 3249 3103 3295 notata.

2451 3331 2541 3388 66.
2565 3331 2894 3398 Castamom‘,
2929 3331 3178 3403 Congeri,
3211 3332 3401 3404 ϐοειςὶ.

2249 3425 2630 3498 Claudiopolis
2648 3427 2841 3482 civitas
2863 3437 2948 3493 est
2968 3428 3319 3496 Honoriadis,
3347 3429 3397 3483 ir.
3429 3427 3610 3484 Ponto
3646 3443 3780 3500 pro-

2184 3519 2386 3590 vincia,
2411 3537 2574 3592 quam
2601 3536 2729 3576 nov.
2755 3517 2954 3576 Leonis
2981 3523 3210 3593 Augusti
3246 3523 3594 3592 metropolim
3619 3521 3784 3590 lactt,

2183 3613 2344 3684 eique
2379 3624 2576 3684 praater
2603 3615 2739 3670 alios
2778 3615 3150 3686 episcopatus,
3181 3613 3500 3671 Heracleam
3548 3631 3780 3688 quoque

2183 3701 2470 3762 Ponticam
2506 3708 2751 3778 sulijicit.
2775 3707 2926 3763 lianc
2949 3709 3152 3764 Marius
3174 3708 3339 3778 Niger
3356 3711 3563 3766 recenti
3587 3715 3782 3768 nomi-

2184 3814 2252 3854 ne
2311 3799 2417 3852 dici
2481 3808 2640 3868 putat
2707 3797 3121 3865 Castamenam,
3181 3803 3299 3856 sive
3325 3801 3776 3871 Castamonam;

2183 3891 2278 3944 sed
2341 3888 2567 3955 fallitur,
2607 3905 2730 3944 cum
2783 3892 2985 3947 rectius
3047 3891 3400 3949 Castromena
3464 3893 3537 3949 sit
3611 3895 3775 3954 Clau-

2181 3982 2435 4050 diopolis.
2482 3983 2815 4039 Castamona
2848 4001 2977 4040 vrro
3005 3987 3111 4040 sita
3149 3988 3367 4060 longius
3395 3997 3520 4054 est,
3575 4006 3785 4048 Versus

2185 4075 2425 4145 SinOpeu
2490 4077 2750 4146 oppidum
2799 4077 3157 4146 Helenoponti
3199 4091 3252 4135 et
3310 4080 3780 4154 Paphlagoniam.

2183 4164 2317 4220 Tam
2378 4166 2640 4238 Sinopes,
2701 4185 2865 4239 quam
2924 4173 3272 4229 Castamonte
3332 4179 3588 4245 nomina,
3649 4197 3778 4236 cum

2184 4259 2318 4330 ipsis
2352 4261 2569 4330 oppidis
2598 4302 2611 4327 ,
2647 4276 2995 4334 supersunt,
3032 4268 3112 4320 uti
3169 4269 3355 4323 videre
3387 4281 3471 4325 est
3505 4273 3561 4326 in
3595 4288 3782 4328 anna-

2184 4352 2314 4405 lium
2357 4354 2744 4421 supplemento
2790 4365 2998 4424 nostro,
3026 4359 3094 4412 ad
3132 4375 3338 4415 annum
3386 4362 3772 4418 Christianum

2185 4443 2344 4499 1594.
2400 4441 2531 4501 Istic
2585 4448 2734 4503 enim
2785 4459 2914 4504 tunc
2950 4447 3157 4505 Osman
3186 4454 3349 4507 bassa
3386 4456 3768 4511 vczirazemes

2180 4549 2371 4593 contra
2421 4538 2619 4596 Persas
2674 4541 2875 4611 iturus,
2909 4544 3135 4599 militem
3175 4546 3224 4598 in
3259 4547 3504 4602 hibernis
3549 4551 3774 4605 habuit.

2180 4631 2500 4688 Menavinus
2524 4635 2722 4689 alicubi
2753 4635 3100 4690 Castcmolcn
3129 4637 3456 4692 nominavit.
3491 4639 3783 4696 Cetlrinns

2181 4725 2232 4778 in
2265 4725 2527 4780 Michaele
2562 4727 2884 4782 Slratiotico
2923 4730 3039 4782 sive
3071 4729 3325 4794 militari,
3368 4729 3778 4787 Castamouem

2179 4819 2436 4886 appellat,
2473 4830 2522 4871 et
2587 4819 2641 4872 in
2700 4818 3068 4888 Paphlagonia
3111 4820 3350 4877 collocat
3403 4823 3487 4878 his
3541 4827 3782 4882 verbis:

2177 4907 2564 4964 Castamonem
2623 4911 2676 4964 in
2731 4908 3108 4982 Paphlagonia
3141 4911 3301 4966 sitam
3339 4915 3606 4978 veniunt,
3644 4932 3790 4986 quae

2177 5015 2310 5055 sane
2329 5001 2623 5056 Castamon
2646 5003 2982 5058 domicilium
3006 5012 3126 5056 erat
3142 5005 3388 5074 magistri
3409 5002 3782 5079 [ciliciorum]

2178 5093 2371 5147 lsaacii
2389 5091 2675 5148 Cotnncni.
2698 5092 2903 5147 Praetor
2922 5095 3146 5149 Gracia:
3162 5106 3352 5149 noster
3370 5096 3782 5156 Castamonam

2179 5197 2338 5242 vocat
2370 5186 2422 5240 in
2463 5187 2701 5241 llistoria
2739 5203 2858 5248 sua,
2893 5187 2961 5243 de
2991 5187 3250 5243 Michaele
3279 5190 3604 5260 Palaologo,
3642 5205 3785 5262 post

2179 5280 2352 5334 victos
2383 5294 2412 5332 a
2457 5277 2676 5334 Tataris
2709 5280 3060 5348 lconienses,
3108 5285 3221 5335 haec
3270 5298 3723 5340 commemorans
3764 5307 3782 5340 :

2178 5371 2409 5428 Michael
2431 5372 2766 5435 Comuenus,
2794 5375 2896 5428 hoc
2922 5374 3090 5444 praelii
3111 5385 3331 5440 eventu,
3360 5390 3484 5430 eum
3517 5379 3790 5433 maximo

2175 5464 2524 5520 Persicorum
2564 5467 2901 5519 exercituum
2940 5466 3081 5521 duce
3105 5506 3120 5531 ,
3174 5483 3336 5536 quem
3370 5467 3779 5537 Pcclarpaeem

2177 5554 2362 5610 Persa:
2413 5556 2542 5626 (hoc
2587 5564 2694 5622 est,
2746 5554 3062 5612 lconienscs
3096 5555 3288 5627 Turci)
3322 5571 3523 5612 vocare
3557 5558 3782 5625 solent,

2176 5646 2230 5701 in
2260 5646 2401 5700 viam
2438 5661 2560 5701 sese
2592 5645 2758 5700 dabat
2788 5663 2802 5699 :
2856 5649 3104 5712 adeoque
3138 5648 3388 5717 pluribus
3422 5664 3530 5702 una
3559 5647 3782 5708 diebus

2176 5741 2280 5794 iter
2323 5737 2620 5805 faciebant,
2653 5755 2781 5795 cum
2816 5740 3030 5798 hostem
3065 5741 3174 5796 sibi
3221 5757 3252 5797 a
3298 5749 3456 5814 tergo
3486 5743 3784 5801 inbteren-

2177 5843 2283 5889 tem
2305 5832 2589 5900 haberent,
2616 5833 2879 5905 horisque
2907 5835 3140 5906 singulis
3164 5850 3289 5891 cum
3313 5849 3378 5892 eo
3403 5834 3780 5895 dimicarent.
