4018 6426
236 398 351 499 tas

241 554 494 610 Tandem
548 546 917 607 [estinabundi
993 545 1384 601 Castatnonaut
1466 545 1820 615 perveniunt,
1858 542 1907 599 Λι

247 650 411 719 juxta
444 660 608 717 quam
645 626 843 698 domus
882 638 1109 696 indicati
1138 635 1489 707 Peclarpacis
1519 648 1656 691 erat.
1693 633 1837 689 Hac-

263 753 427 796 tenus
466 748 683 807 praetor.
741 734 876 802 Qute
928 747 1062 789 vero
1100 732 1189 787 hic
1226 731 1463 800 Congeri
1492 729 1836 794 nominatur,

260 850 381 890 eam
401 835 569 901 ipsam
586 843 708 885 esse
729 837 887 897 puto,
907 842 1070 896 quam
1098 825 1152 879 iu
1168 822 1433 879 Anatolim
1450 822 1631 879 tabula
1661 820 1837 892 Congi

260 927 512 990 scriptam
530 923 785 991 legimus,
802 918 943 974 haud
963 918 1152 988 procul
1175 933 1209 970 a
1222 916 1552 971 Castamona
1570 915 1835 968 dissitam.

311 1018 397 1072 6'1.
450 1014 678 1068 Genuini
712 1012 987 1082 Bajazitis
1018 1011 1120 1082 ﬁlii
1142 1009 1334 1065 secreti
1358 1026 1391 1062 α
1412 1007 1810 1063 commentitiis.

327 1107 458 1174 Quae
509 1110 578 1159 de
622 1106 883 1173 Bajazitis
944 1103 1135 1158 liberis
1187 1103 1286 1156 hoc
1349 1100 1477 1155 loco.
1508 1115 1614 1154 non
1649 1098 1839 1154 multis

256 1201 442 1256 verbis
501 1207 893 1267 exponuntur,
944 1194 1190 1265 diligenti
1233 1191 1676 1248 consideratione
1726 1206 1840 1244 nte-

257 1292 546 1359 tn0riaque
590 1288 753 1358 digna
804 1294 966 1341 sunt.
1002 1284 1214 1354 Quippe
1262 1299 1386 1339 eum
1422 1283 1495 1336 illi
1529 1283 1595 1337 de
1627 1282 1839 1337 Turco—

257 1400 379 1439 rum
432 1381 729 1442 sententia,
796 1396 902 1435 non
963 1378 1149 1445 plttrrs
1219 1391 1480 1444 numero,
1523 1390 1687 1445 quam
1738 1390 1834 1429 sex

254 1475 486 1531 Omnino
526 1473 733 1528 fiteriut
760 1491 772 1526 :
800 1471 929 1541 quid
961 1470 1111 1527 aliud
1134 1480 1443 1525 statuamus
1467 1511 1481 1534 ,
1511 1484 1675 1536 quam
1712 1467 1840 1525 reli~

256 1583 397 1630 quos
431 1567 700 1621 hactenus
724 1565 885 1619 nobis
914 1562 1194 1624 obtrusos,
1225 1562 1373 1616 velut
1403 1562 1456 1616 in
1488 1559 1699 1633 judicio
1723 1569 1839 1615 sta.

255 1669 345 1716 tus
404 1659 473 1713 ab
523 1658 656 1727 ipsis
701 1658 901 1711 Turcis
962 1660 1383 1714 condemnatos,
1437 1669 1536 1723 pro
1583 1653 1844 1723 genuinis

253 1750 517 1819 deinceps
572 1750 795 1817 agnosci
864 1764 971 1805 non
1007 1748 1251 1804 debere?
1298 1746 1485 1817 Neque
1511 1745 1680 1821 ‘28
1709 1761 1836 1802 vero

256 1843 343 1897 vel
374 1857 570 1907 unum,
598 1840 682 1894 vel
708 1841 942 1895 alterum
972 1839 1240 1895 duntaxat
1283 1839 1385 1893 hoc
1417 1838 1686 1909 judicium
1717 1848 1835 1893 tan-
1866 1881 1910 1939 Β

256 1932 357 2002 git,
409 1930 506 1987 sed
558 1931 843 2002 rejiciendi
878 1932 1107 1986 omnino
1162 1931 1389 1986 totidem
1428 1931 1677 1994 veniente
1702 1942 1836 2000 quot

252 2034 409 2081 extra
439 2024 873 2081 controversiam
903 2024 1138 2095 legitimi
1173 2035 1469 2078 censentur
1497 2041 1512 2077 :
1570 2024 1836 2079 nimirum

252 2120 310 2172 hi
346 2134 462 2182 sex,
485 2116 841 2181 Orthobules,
865 2115 1670 2188 Mulsnmanes,Cyrisceiebis,
1697 2117 1847 2181 Alis,

252 2209 417 2267 Jesus
470 2210 695 2273 minor,
765 2207 1078 2277 Mustapbas
1131 2220 1500 2279 cognomento
1550 2207 1782 2265 Dttsmes
1816 2226 1843 2268 :.

255 2319 387 2359 cum
444 2302 602 2371 primi
657 2318 725 2357 ex
780 2302 865 2357 his
918 2301 1242 2357 Orthobulis
1295 2302 1407 2357 lilio
1452 2301 1636 2367 Zicbc,
1671 2318 1833 2374 quem

258 2397 441 2467 ipsum
463 2411 675 2466 quoque
695 2395 862 2455 Turci
892 2414 991 2454 ceu
1021 2408 1230 2453 cretum
1258 2396 1681 2455 Osmanidarum
1711 2414 1836 2454 san-

255 2493 424 2561 guine
482 2505 591 2544 non
646 2500 974 2561 agnoscunt.
1009 2492 1233 2546 Interim
1286 2507 1418 2546 vero
1466 2508 1565 2562 pro
1623 2493 1845 2548 duobus

251 2583 517 2654 cxplosis,
540 2584 648 2639 duo
664 2584 967 2641 succedunt
989 2585 1257 2640 hactenus
1283 2585 1503 2653 quidem
1526 2585 1717 2651 ignoti,
1740 2585 1837 2642 sed

254 2694 283 2739 a
311 2674 503 2731 Turcis
528 2692 625 2747 pro
649 2677 909 2747 legitimis
932 2678 1098 2748 agniti
1123 2676 1439 2732 Gildcrunis
1470 2678 1561 2732 lilii
1590 2694 1685 2748 pro
1702 2679 1836 2733 Dus-

254 2786 340 2825 me
360 2770 667 2840 Hustapha,
693 2771 1011 2840 Mustaphas
1041 2769 1277 2836 Zetebis,
1305 2770 1543 2827 amissus
1568 2771 1620 2824 iu
1655 2787 1836 2840 pugna

266 2873 452 2916 contra
472 2861 767 2929 Temirem,
790 2879 885 2932 pro
899 2860 1026 2918 Jesu
1049 2862 1260 2918 minore
1289 2900 1305 2927 ,
1328 2862 1564 2918 Cusaues
1601 2861 1835 2919 Zelebis.

257 2951 351 3008 68.
381 2952 419 3006 Α
451 2970 551 3023 quo
576 2968 789 3023 necatus
813 2954 973 3023 fuerit
993 2953 1106 3015 Ita,
1143 2954 1552 3021 Constantinus,
1580 2972 1674 3023 pro
1715 2953 1835 3009 Ma-

608 3022 765 3078 nuale
793 3022 1096 3080 Gra'corum
1130 3025 1463 3092 imperatore.

328 3113 565 3184 Scripsit
619 3115 921 3179 Laonicus,
962 3116 1109 3171 inter
1170 3116 1568 3171 Mulsumanom
1618 3115 1837 3174 Jesum-

250 3224 359 3279 que
389 3210 649 3278 majorem
677 3220 824 3278 gesta
862 3207 1031 3265 fuisse
1052 3211 1117 3263 de
1150 3208 1381 3278 itnprrio
1413 3208 1575 3273 bella,
1601 3225 1833 3280 quorum
1863 3219 1908 3281 α

253 3312 433 3356 tamen
460 3302 687 3356 annales
714 3302 769 3355 bi
800 3316 910 3356 non
938 3300 1262 3367 meminere,
1295 3300 1625 3372 tandemque
1645 3302 1832 3359 losum

255 3392 661 3449 aMnisumane
708 3402 1073 3464 peremptum.
1131 3391 1262 3463 Ejus
1327 3395 1603 3464 parricidii
1672 3396 1833 3464 culpa

261 3483 709 3551 Mitlsumanem“,
729 3487 836 3539 hoc
873 3495 956 3540 est
983 3528 997 3551 ,
1035 3485 1401 3540 Soleimancm
1454 3484 1697 3555 profecto
1734 3489 1834 3542 im~

264 3585 563 3629 merentem
624 3585 837 3637 onerat,
887 3576 1043 3647 cujus
1103 3586 1386 3632 auctorem
1426 3574 1591 3631 Turci
1624 3577 1831 3634 Musam

248 3654 502 3733 produnt
531 3705 545 3727 ,
584 3664 914 3734 quibuscum
958 3665 1073 3736 ipsa
1110 3681 1295 3719 rerum
1356 3676 1633 3736 gestarum
1661 3668 1833 3723 series

256 3755 554 3812 consentit.
599 3758 675 3813 De
722 3758 940 3814 nomine
994 3758 1385 3825 Constantini,
1447 3776 1557 3828 quo
1618 3759 1834 3816 Turcos

246 3850 569 3907 Era-corum
609 3851 975 3922 imperatores
1008 3867 1206 3907 omnes
1233 3853 1564 3924 appellasse,
1595 3869 1828 3908 numero

248 3951 503 3999 notarum
561 3943 625 3998 51
681 3944 945 4010 diximus,
983 3944 1293 4014 exemplum
1339 3946 1429 4001 hic
1461 3946 1611 4001 aliud
1640 3948 1829 4004 habes.

250 4033 306 4090 Is
336 4037 479 4091 enim
505 4036 731 4091 Graecus
778 4037 1101 4108 imperator,
1127 4037 1195 4092 ad
1226 4053 1388 4108 quem
1410 4045 1667 4092 narratur
1693 4038 1833 4094 cmir

251 4122 594 4182 Soleimanes
646 4125 904 4181 obsidmn
951 4125 1074 4183 loco
1107 4127 1329 4183 misisse
1360 4142 1607 4183 sororem
1649 4142 1826 4195 suam,

248 4221 592 4291 fratremque
612 4230 744 4276 natu
766 4221 1080 4287 minimum,
1111 4237 1219 4277 non
1248 4221 1597 4279 Constantini
1630 4240 1830 4281 nomen

249 4312 508 4381 habebat,
568 4314 660 4368 sed
720 4313 1010 4379 ﬂanuelis,
1064 4328 1131 4370 ex
1178 4314 1549 4386 Palteologina
1597 4313 1827 4384 familia,

243 4402 410 4474 cujus
434 4413 489 4460 et
519 4404 772 4474 superius
802 4402 943 4461 facta
977 4405 1205 4459 mentio.

495 4518 586 4575 69.
620 4516 781 4574 Sedes
831 4520 1038 4587 imperii
1070 4517 1282 4575 Turrici
1306 4519 1550 4579 diversa.

316 4613 569 4682 Qunam
603 4617 937 4673 caeremonia
959 4617 1161 4672 sultani
1195 4615 1415 4673 Turcici
1450 4633 1680 4686 regnum
1733 4633 1829 4675 au-
1861 4620 1911 4680 υ

240 4708 448 4781 spicari
468 4710 850 4767 consueverint
873 4710 1219 4781 ,expositum
1257 4724 1287 4765 a
1322 4711 1480 4767 nobis
1508 4721 1591 4766 est
1622 4711 1831 4779 prolixe

237 4799 298 4853 in
339 4798 621 4852 annalium
656 4800 1064 4871 supplemento,
1098 4800 1268 4855 initio
1295 4800 1445 4872 regni
1482 4801 1703 4856 Selimis
1741 4816 1830 4857 se-

238 4890 443 4957 cundi,
486 4892 630 4961 quod
677 4890 872 4947 incidit
917 4893 974 4948 in
1009 4902 1224 4951 annum
1249 4891 1628 4949 Christianum
1661 4891 1824 4950 {566.

237 4985 476 5043 Solebat
524 4995 707 5041 autem
754 4986 862 5043 hoc
893 4986 946 5041 in
983 5002 1048 5043 ea
1079 4987 1194 5042 ﬁeri
1228 4985 1468 5050 civitate,
1509 5002 1632 5058 qua:
1670 4989 1828 5043 sedes

226 5087 395 5135 esset
427 5079 664 5147 imperii.
724 5079 1007 5148 Principio
1066 5080 1262 5136 Turcis
1291 5094 1358 5134 ea
1387 5079 1489 5134 fuit
1521 5078 1690 5134 Prnsa
1743 5079 1829 5133 Bi-

221 5169 473 5244 thynia,
523 5172 693 5242 paulo
738 5181 867 5228 ante
913 5182 1146 5231 mortem
1181 5171 1438 5229 Osntanis
1469 5174 1537 5227 ab
1570 5171 1828 5228 Urchane

216 5265 352 5324 ﬁlio
392 5272 554 5339 capta
586 5280 602 5319 :
660 5280 784 5335 qua
836 5266 967 5321 licet
998 5266 1273 5321 honorem
1299 5265 1444 5320 hunc
1473 5280 1582 5319 non
1613 5265 1706 5320 diu
1741 5281 1825 5320 re-e

212 5356 427 5428 tinuit,
472 5373 537 5413 ex
580 5358 814 5428 pristina
870 5368 1050 5415 tamen
1095 5358 1452 5429 praerogativa
1504 5357 1724 5424 meruit,
1763 5366 1825 5412 ut

209 5449 545 5522 longissimi
570 5452 833 5521 temporis
850 5450 1027 5521 spatio
1060 5450 1261 5506 sultani
1286 5448 1601 5505 Turcorum
1620 5446 1825 5503 mortui

210 5540 484 5615 paternis
514 5548 568 5596 et
590 5543 755 5597 avitis
784 5542 917 5598 istic
944 5540 1343 5606 monumentis,
1374 5539 1541 5594 etiam
1571 5540 1662 5594 diu
1689 5546 1815 5610 post

212 5644 452 5705 captam
480 5632 1042 5702 Constantinopolim,
1074 5633 1219 5689 sicut
1246 5633 1301 5687 in
1337 5633 1448 5688 vita
1478 5626 1681 5688 sultani
1714 5631 1819 5684 Sc-

211 5725 384 5784 limis
435 5725 663 5781 secundi
707 5724 779 5780 de
841 5724 1103 5780 Achmetc
1159 5723 1506 5794 Corcuthuc
1563 5721 1822 5779 fratribus

214 5819 441 5878 ibidem
475 5820 707 5888 sepultis
733 5820 921 5874 videre
948 5819 1098 5885 licet,
1128 5817 1487 5876 inferrentur.
1525 5814 1816 5889 Postquam

215 5925 365 5970 vero
401 5912 732 5985 transvectis
773 5909 832 5968 iu
867 5907 1144 5981 Europam
1192 5906 1389 5979 copiis,
1431 5903 1673 5961 Murates
1704 5905 1819 5974 pri-

1408 424 1810 488 PANDECTE
1846 423 2044 486 HIST.
2088 418 2393 481 TURCIC.

3402 397 3508 462 786

1934 556 2056 596 mus
2078 582 2094 607 ,
2158 537 2435 594 Urcbanis
2492 532 2639 591 Illius
2678 529 2934 588 Osmanis
2963 526 3028 581 N.
3061 520 3511 592 Hadt'tanopol'tm

1943 632 2183 703 cepisset
2235 649 2250 686 :
2285 627 2477 686 eodem
2535 635 2590 682 et
2646 622 2800 694 regni
2832 621 2993 678 sedes
3018 635 3085 674 ex
3122 616 3248 672 Asia
3286 614 3520 669 commi-

1940 738 2132 794 grasse
2163 721 2376 776 videtur
2397 761 2414 784 ,
2442 716 2588 790 quod
2630 726 2777 772 recte
2804 729 2861 769 se
2893 713 3135 769 facturos
3175 704 3379 763 sultani
3413 703 3518 755 du-

1940 822 2148 879 cerent,
2205 813 2250 870 si
2286 814 2449 869 rebus
2504 809 2806 867 Anatolicis
2856 806 2970 877 jam
3015 799 3515 871 tranquillioribus.

1940 908 2274 979 praecipuum
2326 905 2534 960 militia?
2608 904 2777 960 robur
2842 896 3235 965 Hadrianopoli
3282 894 3426 948 Velut
3458 893 3512 946 in

1940 998 2192 1056 excubiis
2225 998 2492 1052 haberent
2519 1014 2543 1051 :7
2574 996 2738 1061 unde,
2774 992 3067 1047 momentis
3107 1003 3286 1044 rerum
3321 1000 3385 1041 ev
3413 1000 3515 1039 usu

1942 1106 2046 1145 suo
2074 1092 2445 1162 gerendarum
2480 1087 2881 1143 animadversis
2909 1125 2924 1143 .
2957 1082 3212 1156 progredi
3253 1079 3516 1151 paulatim

1941 1182 2109 1239 latius
2145 1194 2198 1239 et
2250 1184 2302 1238 in
2341 1183 2575 1253 Europa:
2595 1182 2806 1237 viscera
2841 1178 3077 1248 grassari
3106 1183 3348 1242 possent.
3381 1172 3515 1226 San-

1941 1276 2167 1332 sovinus
2198 1276 2501 1341 existimat,
2533 1276 2774 1346 primum
2817 1271 3063 1326 omnium
3095 1268 3514 1326 Muchemetcm,

1938 1368 2253 1425 Gilderunis
2296 1368 2466 1427 [ilium
2496 1409 2513 1434 ,
2562 1368 2671 1422 huc
2708 1363 2921 1435 imperii
2952 1362 3034 1416 sui
3060 1361 3243 1418 sedem
3278 1366 3516 1412 transtu-

1941 1459 2094 1525 lisse,
2130 1460 2276 1531 quod
2312 1460 2535 1514 urbium
2571 1457 2822 1513 Thraciae
2846 1454 3011 1510 facile
3039 1463 3204 1525 caput
3227 1461 3373 1507 esset
3406 1450 3517 1502 iia-

1938 1551 2293 1621 drianopolis.
2330 1551 2435 1608 Sed
2483 1559 2610 1606 ante
2658 1547 3021 1604 Muchemetis
3055 1547 3216 1600 etiam
3270 1552 3517 1611 tempora

1939 1652 2150 1699 certum
2200 1644 2315 1699 sive
2364 1643 2546 1713 regiae,
2599 1644 2717 1699 sive
2765 1641 2941 1697 Porta:
2971 1637 3277 1695 Osmani‘cae
3308 1634 3513 1698 locum,

1940 1733 2189 1787 sultanos
2224 1733 2430 1802 priores
2463 1730 2857 1802 Hadrianopoli
2893 1728 3282 1789 constituisse,
3330 1724 3516 1795 plttric

1940 1824 2044 1878 bus
2079 1840 2142 1880 ex
2180 1824 2315 1881 locis
2364 1824 2586 1881 Laonici
2636 1824 3001 1879 manifestum
3051 1831 3158 1878 est.
3213 1819 3425 1886 Quippe
3456 1822 3521 1869 de

1938 1915 2287 1972 Mulsumane
2356 1919 2643 1991 eloquens,
2703 1916 3027 1981 Profectus,
3062 1914 3264 1986 inquit.
3293 1910 3524 1966 Hadria?

1938 2012 2206 2080 nopolim,
2246 2012 2397 2079 rcgni
2451 2013 2636 2068 sedem
2688 2014 2815 2085 (hoc
2869 2025 2976 2081 cst,
3010 2028 3130 2083 qua"
3167 2025 3320 2079 regni
3362 2007 3520 2063 sedt-s

1936 2102 2077 2174 erat)
2103 2146 2119 2170 ,
2156 2122 2382 2175 regnum
2420 2107 2734 2163 ordinavit.
2774 2106 2837 2162 Et
2892 2106 3059 2177 paulo
3089 2115 3213 2159 ante
3242 2102 3310 2158 de
3351 2100 3527 2161 Most...

1938 2191 2409 2267 Hadrianopolim.
2438 2197 2537 2265 ait,
2565 2212 2686 2267 quae
2725 2196 2883 2268 regni
2900 2197 3061 2252 sedes
3079 2205 3185 2260 est,
3211 2192 3515 2264 profectus,

1938 2286 2138 2343 ibidem
2174 2304 2266 2343 rex
2296 2288 2625 2345 declaratur.
2650 2289 2822 2356 Quam
2859 2303 2995 2344 vero
3017 2288 3080 2341 ad
3114 2287 3302 2341 urbem
3339 2293 3517 2338 trans.

1938 2377 2047 2434 lata
2099 2380 2318 2435 tertium
2361 2381 2525 2436 fuerit
2558 2379 2745 2449 Porta,
2776 2397 2941 2437 nemo
2969 2395 3077 2435 non
3113 2379 3287 2433 novit.

2199 2473 2289 2529 70.
2313 2474 2485 2542 Gerlc,
2517 2474 2709 2544 Dolap,
2737 2474 3056 2531 Soleimanir
3083 2490 3275 2529 mores.

2016 2565 2089 2623 De
2122 2567 2501 2625 lsvendiarum
2527 2569 2735 2625 ditione
2768 2569 3027 2641 superius
3054 2569 3381 2639 explit‘allllll
3416 2584 3516 2621 nu-

1941 2674 2094 2715 mero
2124 2668 2378 2715 notarum
2410 2661 2500 2721 is.
2524 2676 2630 2731 qua
2661 2669 2714 2717 et
2744 2660 2904 2717 Gerle
2941 2660 3519 2731 comprehetnlrbatur

1940 2752 2220 2821 nppidum.
2255 2752 2310 2807 Id
2345 2763 2473 2810 nota
2506 2753 2573 2808 i9
2608 2752 2850 2809 diximus
2878 2753 2930 2807 in
2960 2753 3163 2807 tabulis
3190 2751 3523 2823 geographi-

1941 2843 2020 2897 cis
2049 2854 2308 2914 corrupte
2344 2846 2613 2915 scriptum
2650 2845 2887 2900 inveniri
2918 2844 3145 2900 Gerede
3167 2860 3267 2915 pro
3301 2845 3517 2902 Gcrele.

1942 2934 2180 2993 Narrant
2207 2954 2335 2993 vero
2361 2939 2589 2996 annales
2616 2940 2639 3007 ,⁷
2662 2938 3035 2995 Soleimanent
3071 2950 3253 2995 castra
3295 2948 3520 3009 proptr:

1940 3020 2160 3093 Gerlen,
2189 3030 2255 3084 ad
2294 3031 2464 3100 ripam
2492 3031 2735 3088 ﬂuminis
2765 3032 2997 3088 locasse.
3031 3031 3147 3088 Non
3184 3033 3520 3100 exprimitur

1938 3119 2062 3188 ejus
2096 3119 2337 3177 fluminis
2373 3122 2463 3178 hic
2494 3138 2719 3185 nomen,
2762 3124 2854 3179 scd
2897 3121 2950 3178 in
2990 3122 3256 3177 Anatoliae
3308 3121 3518 3176 deseri-

1941 3214 2126 3282 ptione
2165 3215 2331 3282 Dolap
2376 3226 2622 3271 voratur.
2648 3215 2978 3272 Soleitnanis
3018 3215 3257 3272 indolem
3283 3215 3522 3270 Chalce-

1938 3307 2198 3379 condyles
2224 3323 2445 3380 quoque
2499 3326 2597 3365 ceu
2653 3310 2855 3365 bonam
2890 3309 3173 3379 praedicat,
3218 3311 3380 3379 eique
3406 3325 3521 3364 ma-

1938 3414 2074 3469 gnas
2098 3400 2327 3458 virtutes
2390 3401 2616 3468 tribuit,
2684 3402 2776 3457 scd
2832 3403 3021 3460 eadem
3073 3419 3195 3457 cum
3230 3399 3428 3457 Turcis
3453 3405 3522 3457 do

1940 3493 2218 3561 perpetuis
2267 3494 2386 3563 ejus
2434 3496 2811 3565 potationibus
2836 3508 2889 3552 et
2915 3496 3044 3551 luxu
3079 3507 3518 3555 commemorat:

1936 3598 2058 3652 quae
2095 3586 2305 3639 homini
2341 3586 2519 3641 minus
2560 3602 2741 3642 rerum
2790 3602 3015 3642 suarum
3067 3588 3293 3659 provido
3316 3587 3522 3643 sollici-

1936 3685 2099 3746 toque
2123 3677 2337 3731 tandem
2369 3679 2595 3733 exitium
2633 3679 2955 3734 attulerunt.

1937 3769 2028 3823 7|.
2082 3766 2334 3843 Valafhio
2374 3768 2841 3843 ACartLbogdania,‘
2870 3769 3250 3843 Nemetrasst'i,
3311 3771 3507 3843 Much,

2189 3838 2445 3905 Callida,
2493 3838 2746 3909 Vaivoda,
2785 3840 2995 3908 Mum,
3028 3840 3271 3914 Bogdan.

2007 3954 2169 4011 Dacia
2211 3957 2486 4026 quondam
2531 3958 2915 4028 appellabatur
2962 3959 3299 4030 amplissima
3339 3961 3512 4031 regio,

1934 4061 2056 4117 quae
2079 4046 2564 4121 Transsylvaniam
2605 4065 2730 4105 cum
2794 4059 3027 4121 utraque
3053 4049 3308 4107 Valachia
3338 4044 3517 4108 conti-

1935 4138 2118 4194 nebat.
2142 4138 2210 4194 Et
2235 4140 2460 4210 cingunt
2491 4141 2663 4196 autbaa
2693 4139 2963 4198 Yalachite
3002 4141 3513 4213 Transsylvaniam,

1932 4248 2165 4306 quarum
2203 4249 2311 4288 una
2344 4233 2570 4305 majoris
2604 4249 2801 4290 nomen
2825 4235 3013 4303 habet,
3053 4237 3225 4292 altera
3261 4238 3512 4293 minoris.

1932 4324 2111 4398 Major
2145 4324 2213 4380 ad
2256 4324 2530 4382 Euxinum
2583 4342 2735 4383 mare
2787 4341 2849 4383 se
2903 4327 3159 4399 porrigit,
3210 4338 3264 4384 et
3310 4331 3515 4386 nostris

1932 4417 2224 4482 Moldavia,
2247 4418 2445 4476 Turcis
2471 4419 2908 4489 Carabogdania,
2933 4423 3089 4492 quasi
3115 4422 3264 4493 nigra
3302 4421 3513 4492 Bogda—

1932 4509 2045 4574 nia,
2078 4510 2194 4566 sive
2228 4509 2470 4581 Bogdani
2502 4510 2653 4583 regio
2680 4512 2882 4567 dicitur
2916 4529 2930 4566 :
2961 4527 2990 4566 a
3026 4509 3303 4568 Frumento
3329 4515 3512 4585 nigro,

1933 4602 2092 4672 cujus
2120 4611 2204 4660 est
2234 4620 2359 4675 ager
2401 4604 2494 4660 ille
2542 4604 2945 4660 feracissimus.
2976 4605 3246 4670 Gallicus,
3279 4616 3335 4662 et
3366 4609 3506 4664 alter

1932 4695 2388 4768 Cbalcocoudylis
2431 4697 2724 4767 interpres,
2779 4696 3072 4753 Podoliam
3092 4697 3393 4768 perinscite
3424 4699 3508 4755 fa-

1931 4787 2086 4843 ciunt
2106 4829 2119 4854 ,
2145 4790 2424 4860 regionem
2451 4789 2595 4861 juris
2625 4788 2896 4846 Polouici.
2928 4788 3104 4846 Minor
3135 4801 3361 4861 propter
3403 4792 3509 4847 Da-

1929 4880 2083 4936 nubii
2110 4882 2260 4951 ripas
2293 4882 2609 4938 extenditur
2630 4921 2647 4947 ,
2675 4890 2733 4939 et
2754 4881 3077 4953 plerumque
3101 4880 3465 4957 Transalpina
3491 4926 3509 4950 ,

1929 4972 2184 5030 Bonﬁnio
2236 4974 2492 5031 Mobtana
2522 4990 2742 5046 quoque
2769 4976 2914 5031 sicut
2933 4984 2988 5031 et
3012 4977 3139 5032 aliis
3168 4979 3504 5035 nominatur.

1931 5065 2217 5123 Vlachiam
2248 5084 2513 5125 vocavere
2543 5068 2744 5138 Graeci,
2777 5078 2832 5125 et
2854 5068 3066 5128 incolas
3099 5069 3332 5128 Vlachos
3365 5090 3379 5127 :
3410 5088 3508 5142 pro

1928 5161 2133 5227 quibus
2188 5160 2518 5230 interpretes
2577 5159 2826 5223 Zonarae,
2894 5159 3118 5216 (ledrini
3173 5170 3229 5218 et
3271 5160 3504 5217 aliorum

1926 5254 2319 5308 historicorum
2372 5252 2663 5309 reddidere
2694 5239 2973 5308 Blachiam
2999 5262 3053 5309 et
3079 5253 3330 5316 Blachos,
3370 5268 3509 5310 con—

1930 5353 2009 5400 tra
2053 5345 2355 5400 molliorem
2391 5344 2786 5414 pronuntiandi
2821 5350 3092 5401 rationem
3132 5344 3451 5402 Graecorum
3489 5363 3509 5407 δ

1926 5452 2066 5508 quos
2103 5438 2382 5493 imitantes
2427 5434 2622 5503 Turci,
2670 5451 2777 5493 non
2837 5437 3041 5501 lblach,
3096 5438 3192 5492 sed
3227 5435 3390 5493 lllach
3427 5438 3504 5491 di-

1928 5541 2081 5586 cunt.
2117 5528 2322 5585 Nomen
2353 5527 2718 5585 Valachorum
2758 5547 2867 5586 non
2898 5546 2928 5587 a
2965 5528 3182 5587 Flaccis
3212 5531 3503 5594 Romanis,

1927 5624 2141 5694 origine
2169 5621 2439 5687 fabulosa,
2472 5620 2639 5695 529
2676 5638 2795 5694 quae
2844 5622 3096 5693 pluribus
3152 5632 3336 5680 tamen
3390 5625 3505 5696 pla-

1927 5715 2059 5770 cuit.
2094 5713 2188 5770 sed
2240 5729 2269 5769 a
2311 5714 2598 5771 Germanis
2651 5714 2855 5773 nostris
2908 5717 3211 5790 profectum
3241 5717 3503 5773 arbitrer.

1928 5809 2252 5866 Habuerunt
2283 5807 2430 5864 enim
2460 5809 2669 5866 vicinos
2690 5809 2820 5867 Daci
2847 5810 3172 5877 Gertuanos,
3202 5818 3331 5882 puta
3358 5806 3507 5877 ρεη-

1926 5900 2026 5957 dos
2052 5941 2069 5973 ,
2097 5898 2338 5968 Gothos,
2378 5900 2649 5972 Gepidas,
2687 5901 2740 5958 in
2776 5918 3009 5974 quorum
3037 5917 3203 5973 agro,
3232 5900 3325 5972 qui
3358 5914 3507 5957 nunc
