4018 6420
246 433 358 497 7‘89

1419 430 1818 493 PANDECTE
1847 434 2024 495 HlST
2088 437 2133 496 Τ
2146 436 2189 496 U
2203 436 2396 497 RCIC.

3421 425 3528 487 790

251 552 404 602 etum
437 543 647 608 sinum,
683 539 736 594 in
767 539 882 609 ipsa
915 540 1000 595 via
1032 556 1136 610 qua
1185 541 1684 615 Constantinpoli,
1724 560 1845 614 qua:
1875 548 1921 606 Α
1951 543 2155 602 Varsac
2183 557 2240 602 et
2267 548 2473 603 Versae
2533 542 2833 616 appellant,
2901 539 2955 596 in
3011 536 3276 602 Anatolio:
3343 535 3532 592 tabula

255 639 386 693 hinc
418 635 614 689 itinere
641 632 787 687 bidui
833 633 1007 699 abest,
1029 631 1400 689 Nicomediam
1434 637 1564 700 itur,
1598 636 1668 690 Ea
1711 651 1836 690 vero

260 728 492 784 ulterius
515 745 542 780 a
569 725 785 782 Geivise
804 727 971 782 distat
1007 728 1168 783 unius
1204 727 1401 784 itinere
1431 731 1556 784 diei.
1593 729 1836 798 Geogra-

263 825 421 895 phica
453 822 674 876 Natolias
696 822 993 890 descriptio
1023 823 1320 877 Abrahami
1381 822 1572 891 Ortelii
1603 822 1836 889 Gejecen

267 916 442 978 habet,
470 928 602 966 voce
633 901 883 966 nonnihil
921 923 1126 967 mutata
1165 932 1178 967 :
1211 913 1552 984 Bushequius
1585 914 1637 968 in
1675 915 1839 968 Itine-

263 1006 405 1059 rario
443 1003 676 1058 Gehisen
711 1005 926 1067 scribit,
959 1005 1220 1072 additque
1277 1008 1478 1072 putari,
1544 1009 1684 1062 hanc
1709 1007 1838 1060 olim

259 1099 429 1153 fuisse
449 1099 760 1167 Libyssam,
789 1098 1106 1154 Hannibalis
1138 1101 1390 1168 sepulcro
1409 1101 1702 1156 celebrem.
1731 1099 1840 1169 Ego

257 1205 389 1260 pace
407 1190 540 1243 tanti
561 1190 660 1242 viri
697 1188 950 1244 Gcivisen
997 1190 1158 1253 hanc,
1189 1189 1304 1246 sive
1337 1191 1598 1257 Gebisen,
1621 1210 1726 1246 non
1749 1192 1845 1248 Li-

257 1285 440 1353 byssa:
457 1281 986 1352 rcliquiasarldtrnr,
1002 1283 1094 1338 sed
1111 1283 1315 1337 Astaei.
1337 1283 1469 1337 Nam
1486 1281 1711 1354 bihyssa
1729 1285 1846 1336 lon-

256 1377 383 1446 gius
401 1393 426 1426 τι
447 1376 569 1428 sinu
591 1383 796 1427 remota
814 1386 918 1435 est,
934 1389 1126 1429 versus
1142 1372 1408 1445 Bithyniae
1426 1377 1843 1444 mediterranea,

256 1475 314 1519 et
339 1464 531 1518 urbem
578 1461 851 1517 Niczeam:
899 1463 1173 1532 hodieque
1207 1464 1478 1519 vocabulo
1517 1467 1741 1535 propius
1778 1468 1846 1521 ad

257 1555 553 1626 Libyssam
588 1558 902 1625 accedente,
937 1554 1151 1611 Lebnsa
1174 1557 1394 1612 dicitur.
1426 1559 1692 1613 Astacum
1720 1572 1850 1613 vero

257 1657 556 1718 prOpterea
588 1655 732 1717 puto
751 1662 897 1702 nunc
951 1663 1076 1703 esse
1111 1647 1393 1712 Geivisen,
1433 1651 1581 1720 quod
1646 1650 1736 1705 hic
1790 1651 1845 1706 in

255 1741 873 1798 ammnissimumillum
895 1741 1062 1796 maris
1089 1741 1268 1796 sinum
1291 1752 1619 1814 prospectus
1643 1752 1849 1814 pateat,

256 1850 426 1904 quem
467 1835 537 1888 ah
559 1835 775 1896 Astaco,
807 1836 1085 1906 quondam
1121 1837 1224 1891 hoc
1252 1838 1374 1892 loco
1448 1838 1573 1902 sita,
1636 1847 1849 1893 veteres

258 1928 1029 2000 appellaveruntAstaccnum
1063 1951 1078 1987 :
1109 1941 1168 1987 ut
1201 1932 1361 2002 paulo
1418 1932 1650 1988 ulterius
1683 1932 1850 2000 idem,

264 2030 479 2076 mutato
524 2023 765 2090 nomine,
823 2022 1260 2080 Nicomediensis
1330 2025 1555 2080 dicitur.
1610 2027 1847 2082 Astaeus

257 2115 556 2183 ipsa,cum
581 2115 858 2171 Astaccno
883 2116 1028 2180 sinu,
1067 2117 1148 2172 sic
1195 2118 1266 2172 ab
1327 2128 1635 2173 astacorum
1675 2118 1856 2188 copia,

267 2223 396 2276 qua:
423 2222 750 2263 cancrorum
803 2210 1142 2265 marinorum
1213 2211 1430 2282 species
1483 2223 1590 2277 est,
1638 2213 1861 2268 nomine

275 2301 439 2369 vulgo
461 2299 665 2356 Graecis
701 2301 970 2372 hodieque
1003 2303 1480 2374 Constantinopoli
1543 2314 1693 2371 noto,
1725 2305 1860 2361 mihi

279 2392 502 2460 quidem
538 2395 748 2448 videtur
781 2395 1074 2465 appellata.
1110 2395 1242 2462 Qua)
1272 2396 1436 2466 paulo
1466 2405 1585 2467 post
1607 2400 1862 2454 nomina-

280 2495 372 2540 tur
407 2485 619 2548 lutzua,
649 2502 818 2557 pagus
847 2497 944 2540 aut
967 2487 1122 2541 vicus
1150 2499 1236 2543 est
1265 2487 1544 2558 ignobilis,
1563 2489 1709 2544 haud
1739 2505 1864 2559 pro-

274 2577 362 2632 cul
402 2593 432 2632 a
464 2577 705 2633 Tzurulo
732 2580 875 2635 situs
907 2580 960 2634 in
1003 2581 1222 2648 itinere,
1257 2596 1368 2650 quo
1388 2579 1864 2653 Constantinopoli

275 2668 584 2742 Selybriam
641 2681 695 2727 et
758 2672 987 2728 ulterius
1044 2671 1490 2744 Hadrianopolim
1538 2677 1672 2731 itur.
1734 2676 1864 2747 Ejus

276 2761 538 2832 deinceps
559 2777 780 2832 quoque
803 2764 863 2825 tit
890 2764 1095 2819 mentio
1113 2764 1167 2818 in
1189 2775 1438 2820 extremo
1467 2765 1670 2822 Selime
1696 2763 1738 2828 l.
1772 2765 1865 2836 qui

280 2856 701 2927 correptusistic
711 2856 982 2927 pestilenti
1003 2857 1198 2912 morbo
1219 2858 1340 2922 fuit,
1358 2875 1468 2929 quo
1485 2858 1664 2914 subito
1683 2859 1864 2931 periit.

744 2947 834 3003 75.
862 2946 1058 3002 Ματιιί
1088 2949 1166 3001 cel
1200 2949 1440 3002 Acanzii.

361 3038 494 3096 Sine
525 3038 794 3110 stipendio
829 3040 1070 3095 militant
1104 3041 1249 3110 apud
1272 3039 1482 3096 Turcos
1520 3041 1751 3106 Akenzi,
1777 3058 1870 3096 ru-

282 3136 480 3195 sticum
508 3149 683 3206 genus
707 3133 1016 3198 hominum,
1073 3135 1214 3189 sicut
1260 3135 1402 3203 apud
1448 3132 1697 3204 Ungaros
1739 3136 1871 3189 Hui—

1942 641 2304 710 gcographica
2329 638 2614 708 Versageli
2651 637 2936 694 scribitur.
3009 632 3194 688 Coniae
3248 631 3531 701 princeps,

1941 733 2056 788 sive
2084 733 2254 802 begus
2285 731 2476 798 leonii,
2509 729 2850 785 Garamantis:
2877 727 3129 797 princeps
3196 723 3420 784 dicitur,
3467 721 3535 775 ab

1943 829 2064 884 aula
2095 830 2212 883 sive
2243 827 2390 896 regia
2419 824 2721 880 lconiensi.
2755 823 2819 877 Et
2852 822 2995 878 bello
3059 818 3211 890 petiit
3243 817 3389 870 hunc
3420 813 3540 869 Mu-

1943 922 2219 977 cbemetes
2277 929 2505 992 propter
2560 919 2884 975 societatem
2933 928 3058 970 cum
3121 911 3322 965 Musa:
3377 907 3539 977 cujus

1943 1012 2238 1085 adjuvandi
2260 1027 2426 1066 causa
2462 1009 2693 1066 Prusam
2710 999 3373 1065 Caramanusobsederat,
3406 997 3538 1051 dum

1947 1104 2319 1159 Muchemetes
2349 1102 2663 1172 absens,vin
2695 1101 2916 1170 Europa
2970 1112 3085 1153 rem
3103 1102 3293 1151 contra
3356 1089 3538 1158 ipsum

1949 1196 2166 1252 Musam
2200 1195 2428 1250 fratrem
2455 1203 2690 1262 gereret.

2359 1283 2454 1340 78.
2483 1282 2756 1353 Samsom's
2798 1279 3072 1350 oppidum.

2019 1375 2194 1446 Hujus
2205 1374 2444 1431 civitatis
2462 1374 2732 1430 Cedrinus
2750 1381 2804 1428 et
2820 1372 2910 1426 alii
2933 1367 3254 1431 meminere,
3279 1375 3556 1436 tanquam.

1951 1469 2006 1523 in
2034 1468 2212 1524 Ponto
2243 1467 2526 1539 provincia
2557 1467 2700 1522 sitm.
2734 1464 2947 1518 Praetor
2969 1461 3200 1518 Graecia
3227 1468 3415 1514 noster
3440 1458 3538 1517 ait.

1952 1561 2122 1616 inilla
2145 1560 2298 1632 regni
2330 1560 2412 1615 vel
2449 1558 2664 1629 imperii
2717 1556 2894 1613 Graeci
2961 1554 3310 1618 confusione,
3335 1567 3457 1621 quae
3515 1566 3559 1601 ac

1954 1651 2373 1724 Fiaudriscapta
2392 1650 2869 1718 ConstantinOpoli
2887 1648 3120 1713 exstitit,
3140 1645 3342 1702 Sabam
3364 1659 3550 1714 quem-

1954 1743 2080 1799 dam
2109 1759 2208 1815 pro
2241 1757 2300 1800 se
2325 1745 2468 1800 hanc
2492 1743 2685 1798 urbem
2760 1739 3050 1796 Samsonis
3097 1750 3399 1807 occupasse
3419 1749 3545 1788 cum

1957 1844 2072 1892 tota
2097 1836 2320 1902 vicinia,
2355 1838 2444 1891 cui
2490 1836 2644 1907 prius
2693 1832 3040 1901 imperatoris
3084 1829 3259 1886 Grmei
3328 1827 3552 1880 nomine

1961 1938 2197 2000 praerat
2214 1969 2229 1994 ,
2250 1929 2550 1998 statimque
2580 1925 2804 1997 subiicit
2838 1925 3174 1980 mentionem
3196 1921 3571 1993 Cappadociae.

1960 2022 2077 2077 sive
2105 2021 2262 2092 regni
2287 2019 2669 2091 Trapezuntii,
2698 2019 2848 2074 velut
2871 2019 3002 2074 huic
3049 2017 3242 2084 vieini,
3300 2014 3447 2086 quod
3499 2015 3570 2068 in.

1960 2123 2240 2184 potestate.
2261 2112 2482 2169 Davidis
2521 2111 2786 2169 Comueui
2812 2121 2942 2168 tunc
2972 2111 3161 2166 fuerit.

2034 2233 2124 2290 79.
2164 2232 2449 2300 Romania,
2506 2231 2755 2293 Cunuza.
2790 2230 3071 2296 Couozus,
3129 2227 3485 2294 Tatarbasar,

2621 2303 2893 2371 Tatargoi.

2031 2396 2359 2456 Cum'l‘atari
2393 2398 2653 2453 dicuntur
2693 2395 2746 2450 in
2778 2393 3105 2450 Romaniam
3141 2407 3207 2448 ev
3223 2390 3392 2465 53-1
3425 2391 3559 2446 Asia

1965 2492 2203 2562 migrare
2228 2489 2390 2560 iussi,
2418 2488 2704 2545 Romanim
2725 2486 2950 2544 nomine
2978 2485 3272 2542 'Phraeiam
3297 2484 3558 2554 accipito.

1968 2583 2134 2654 cujus
2165 2583 2272 2639 hoc
2306 2581 2604 2638 Annalium
2634 2581 2758 2636 loco
2808 2594 3128 2650 expressum
3186 2589 3430 2634 castrum
3452 2576 3563 2632 Gu-

1967 2691 2131 2741 nuza,
2165 2691 2273 2730 non
2303 2673 2490 2745 procul
2516 2674 2670 2730 abest
2697 2672 2766 2728 ab
2795 2672 2932 2728 urbe
2956 2670 3344 2741 Philippopoli,
3373 2679 3426 2723 et
3451 2668 3562 2725 Co—

1970 2783 2139 2823 nozos
2171 2766 2378 2823 Grecis
2429 2765 2772 2820 nominatur.
2818 2762 3112 2820 Castaldus
3163 2763 3218 2816 in
3281 2759 3561 2816 hodierme

1969 2859 2196 2914 Graecia:
2225 2858 2408 2914 tabula
2442 2857 2806 2928 geographica
2825 2865 2984 2911 vocat
3006 2854 3348 2926 Cognuzam.
3373 2853 3560 2908 Italica

1970 2951 2271 3020 Grzeeaque
2310 2949 2783 3020 pronuntiatione.
2808 2946 2920 3005 Nos
2946 2947 2999 3002 in
3024 2948 3222 3002 itinere
3245 2956 3439 3002 nostro
3465 2962 3564 3016 per

1972 3045 2091 3100 haec
2118 3045 2235 3114 ipsa
2269 3042 2387 3098 loca
2411 3041 2922 3113 proficiscebamur,
2953 3048 3010 3095 et
3037 3040 3090 3094 in
3130 3039 3394 3110 oppidulo
3423 3053 3562 3106 quo-

1973 3137 2097 3192 dam
2125 3145 2538 3207 pernoctantes,
2573 3134 2773 3190 ibidem
2803 3132 3350 3204 deprehendebamus
3381 3147 3447 3186 ex
3481 3132 3564 3201 ip-

281 3228 468 3285 duchi.
493 3227 770 3299 Quidquid
795 3226 1056 3296 consequi
1091 3227 1287 3297 praeda:
1313 3239 1573 3297 possunt,
1605 3229 1707 3282 sibi
1737 3229 1864 3284 reti-
1896 3233 1940 3291 (ι
1974 3245 2037 3284 so
2058 3228 2280 3284 nomine
2304 3227 2431 3293 loci,
2457 3226 2628 3282 fuisse
2663 3225 3111 3296 regionemhanc
3147 3223 3279 3284 olim
3313 3223 3553 3287 Tataris,

281 3333 416 3377 nent
448 3339 462 3378 ;
492 3336 603 3376 non
634 3329 807 3375 totum
842 3328 1052 3374 tamem
1079 3318 1295 3389 Quippe
1323 3336 1431 3374 non
1465 3320 1702 3374 aliarum
1726 3321 1880 3375 dun-r

285 3422 442 3469 taxat
477 3427 660 3467 rerum
693 3427 942 3477 suarum,
964 3427 1102 3481 quas
1129 3411 1434 3480 possident,
1476 3428 1664 3467 verum
1703 3412 1866 3467 etiam

291 3505 474 3561 omnis
504 3515 620 3560 tum
658 3505 876 3574 przrdae,
911 3513 1026 3560 tum
1069 3505 1233 3569 lucri,
1266 3505 1415 3575 quod
1455 3507 1508 3559 in
1538 3505 1697 3560 bullis
1742 3515 1870 3576 pero

294 3594 804 3666 eipiunt,decumas
826 3597 1038 3651 sultano
1066 3611 1166 3650 suo
1186 3595 1398 3650 solvere
1427 3604 1716 3665 coguntur.
1752 3594 1874 3651 Itali

291 3702 466 3758 genus
493 3689 597 3742 hoc
629 3687 861 3741 militum
885 3703 980 3743 sua
1005 3688 1189 3758 lingua
1219 3687 1550 3744 Ventureros
1572 3690 1870 3759 appellant,

289 3781 492 3852 priscis
524 3779 759 3836 Volones
779 3780 908 3836 dicti
938 3780 1112 3838 fuisse
1140 3781 1397 3838 videntur
1436 3799 1451 3837 :
1503 3783 1650 3836 unde
1706 3780 1876 3838 Galli.-

288 3874 526 3932 maclms
556 3873 862 3944 Experiens
893 3889 1000 3928 non
1037 3875 1375 3946 ineleganter
1433 3882 1656 3934 nostros
1708 3890 1878 3935 cruce

289 3969 559 4040 signatos,
596 3965 847 4031 Volones.
887 3967 1214 4027 nominavit.

754 4057 842 4117 '16.
883 4056 1218 4130 Michalogli,
1248 4057 1432 4120 Tocat.

365 4153 550 4208 Prima
579 4151 824 4210 nominis
853 4149 1298 4218 Michalinorum,
1349 4153 1467 4209 sive
1509 4152 1893 4223 Michaloglioe.

296 4261 440 4307 rum.
476 4245 593 4301 sive
629 4243 983 4300 Michalidum
1017 4245 1242 4308 mentio.
1267 4245 1322 4302 in
1371 4245 1460 4302 his
1515 4247 1734 4318 quidem
1766 4248 1883 4304 Au-.

295 4335 513 4390 ualibus
546 4335 649 4389 hoc
667 4333 789 4388 loco
819 4334 1116 4404 reperitur.
1145 4334 1222 4390 De
1279 4335 1366 4397 bis
1412 4337 1626 4394 dictum
1654 4353 1690 4394 a-
1724 4339 1888 4400 nobis

291 4437 455 4482 antea
515 4441 747 4490 numero
784 4434 1038 4480 notarum
1079 4426 1171 4484 Ξῖ.
1211 4425 1353 4483 Urbs
1406 4427 1599 4495 'llocat,
1658 4446 1769 4501 quo
1802 4448 1898 4490 re-.

290 4522 506 4592 legatus
565 4520 752 4579 fuisse.
790 4520 992 4576 dicitur
1045 4519 1413 4580 Mecbemetes
1473 4521 1882 4592 Michaloglius.

1973 3321 2080 3376 huc
2114 3320 2262 3376 velut
2289 3321 2342 3374 in
2381 3320 2656 3376 coloniam
2691 3318 2967 3382 deductis,
3016 3318 3100 3372 ad-
3133 3317 3563 3372 inhabitandam

1971 3427 2318 3468 concessam.
2355 3410 2488 3466 Nam
2529 3410 2776 3482 oppiduli
2834 3425 3048 3466 nomen
3094 3409 3286 3464 incol-.e
3307 3407 3568 3462 dicebant

1972 3522 2096 3563 esse
2121 3505 2479 3570 'l‘atarbasar,
2531 3518 2654 3571 quae
2677 3518 2778 3558 vox
2842 3502 3152 3573 emporiqu
3201 3502 3320 3557 sive
3381 3499 3561 3556 forum

1975 3599 2301 3655 Tatsrorum
2344 3598 2634 3668 signillcat.
2663 3595 2772 3651 Nec
2808 3595 3050 3666 longius,
3109 3609 3274 3664 quam
3327 3609 3423 3650 sex
3474 3603 3571 3648 aut

1976 3699 2181 3760 septem
2217 3690 2474 3746 horarum
2499 3690 2715 3752 itinere,
2743 3689 2913 3744 distat
2935 3687 3366 3758 aPhilippopoli.
3400 3685 3570 3741 Poni-

1980 3795 2068 3841 tur
2089 3783 2291 3839 ibidem
2323 3798 2354 3838 a
2379 3781 2638 3838 Gastaldo
2661 3781 2907 3852 Tartagi,
2937 3795 3165 3852 prorsus
3191 3781 3283 3834 ubi
3303 3778 3571 3835 Tatarha-

1979 3890 2071 3931 sar
2096 3873 2401 3930 viatorilms
2430 3873 2521 3929 ab.
2555 3872 2893 3944 liaamijugis
2944 3873 3233 3929 altissimis
3293 3871 3347 3926 in
3407 3873 3568 3940 plana

1981 3966 2228 4023 Thraciae
2246 3966 2704 4022 descendentibus
2726 3968 2992 4029 occurrit.
3019 3965 3072 4021 in
3099 3979 3323 4037 mquore
3354 3966 3568 4029 spatio-

1981 4061 2204 4117 sissimo
2256 4060 2527 4130 longeque
2586 4059 2959 4130 pulcherrimo
3005 4060 3110 4116 sita
3147 4077 3160 4114 :
3195 4060 3343 4130 quod
3369 4075 3569 4115 nomen

1984 4168 2014 4206 a
2041 4152 2256 4213 Tataris
2274 4153 2459 4209 itidem
2494 4152 2712 4210 videtur
2737 4152 3068 4209 derivatum.
3105 4153 3341 4210 fortasse
3365 4152 3562 4208 Talar-

1985 4248 2072 4317 goi
2091 4247 2467 4313 scribendum,
2523 4247 2670 4315 quod
2731 4246 3060 4302 Tatarorum
3126 4255 3211 4303 est
3270 4261 3466 4318 pagus,
3521 4257 3578 4306 et

1988 4337 2362 4400 idemscilicet
2391 4354 2517 4394 cum
2545 4337 2902 4396 Tatarhasar.

2459 4433 2553 4490 80.
2590 4431 2861 4498 Manissa,
2895 4431 3110 4487 Torlac.

2067 4524 2232 4582 Turci
2294 4525 2591 4580 Manissam
2651 4535 2848 4579 vocant
2880 4527 3070 4580 urbem
3109 4527 3427 4590 Asiatieam,
3451 4542 3574 4594 qme

290 4614 644 4670 existimatur
674 4629 706 4668 a
728 4614 1026 4684 plerisque,
1051 4629 1188 4685 quos
1223 4617 1368 4670 inter
1389 4627 1443 4671 et
1481 4616 1687 4673 Marius
1715 4619 1883 4690 Niger
1917 4603 1961 4669 [ἢ
1986 4616 2194 4687 Grecis
2215 4629 2297 4674 est
2332 4617 2618 4688 Magnisia,
2682 4615 2893 4688 Latinis
2953 4615 3254 4687 Magnesia.
3313 4617 3577 4674 Sansovi-

291 4719 400 4774 est,
439 4707 775 4777 respondere
805 4709 974 4767 veteri
1008 4706 1390 4776 Neocaesarize,
1457 4727 1623 4780 quam
1659 4715 1712 4766 in
1740 4711 1882 4782 Cap-

295 4799 526 4870 padocia
559 4799 853 4866 collocant,
880 4800 1056 4870 ipsam
1093 4815 1317 4870 quoque
1377 4803 1718 4870 provinciam
1737 4803 1884 4874 Cap-
1929 4803 1931 4805 ’

299 4889 541 4960 padociae
563 4888 864 4946 Toccatum
889 4891 1204 4962 appellante
1233 4891 1430 4949 Pineto
1469 4911 1482 4948 :
1514 4909 1637 4948 cum
1681 4893 1884 4952 Leonis

297 4981 529 5051 Augusti
578 4979 808 5037 Novella
859 4981 928 5038 de
985 4982 1224 5047 thronis,
1293 4981 1695 5049 Neocesariam
1754 4984 1887 5042 facit

297 5075 644 5146 metropolim
684 5074 844 5131 Ponti
878 5073 1276 5132 Polemoniaci.
1313 5073 1580 5132 Toeatam
1609 5076 1886 5140 hancno-

293 5176 468 5238 strain
495 5165 775 5222 Laouicus
827 5163 1139 5233 Tocbatam
1207 5168 1449 5238 scripsit,
1505 5184 1607 5224 nec
1661 5170 1890 5236 desunt,

290 5258 390 5330 qui
415 5258 610 5313 malint
633 5273 756 5314 eam
785 5257 993 5315 referre
1011 5262 1078 5316 ad
1098 5258 1435 5316 Armeniam.
1465 5261 1710 5317 Bcllonio
1741 5273 1890 5318 certe

292 5350 461 5411 Nisar.
493 5360 577 5407 est
598 5349 1205 5418 Neocaasariamomine
1219 5353 1539 5419 recentiori,
1555 5355 1702 5425 quod
1726 5357 1892 5425 paulo

292 5447 543 5516 propius,
565 5445 647 5512 ad,
673 5445 916 5515 priscum
959 5444 1093 5502 illud
1122 5447 1338 5502 videtur
1358 5450 1644 5504 accedere.
1673 5447 1892 5506 Pedites

295 5539 669 5609 quorumdux
701 5539 758 5594 in
791 5537 1112 5595 Yalachiam
1143 5539 1453 5610 profugisse
1475 5541 1696 5610 dicitur,
1728 5545 1898 5614 paulo

297 5639 432 5686 ante
465 5629 600 5694 dicti
635 5630 794 5694 fuere
824 5629 1198 5703 stipendiarii,
1231 5631 1427 5690 Turcis
1459 5633 1649 5706 Achi,
1677 5636 1742 5691 de
1773 5637 1894 5707 qui;

297 5727 406 5782 bus
435 5740 669 5781 numero
699 5725 791 5792 7,2.

514 5817 608 5883 πε
646 5817 850 5874 Varsac
879 5820 990 5876 sive
1025 5820 1219 5877 Versae
1247 5840 1265 5889 ;
1293 5823 1476 5880 Canite
1505 5824 1678 5897 begus.

374 5905 652 5983 Oppidum
677 5911 1018 5976 Caramauiae
1057 5915 1172 5976 sive
1211 5917 1432 5986 Ciliciae,
1458 5919 1600 5990 quod
1659 5921 1900 5981 Annales

1993 4727 2098 4769 nus
2125 4721 2179 4766 et
2200 4711 2292 4766 alii
2322 4720 2604 4770 nonxecte
2638 4710 3012 4780 Mangresiam
3055 4719 3248 4780 putant
3275 4710 3440 4766 hodie
3470 4727 3574 4766 no-

1993 4804 2218 4859 minari.
2250 4801 2388 4858 Sunt
2413 4815 2597 4860 autem
2626 4803 2679 4857 in
2715 4805 2839 4858 Asia
2892 4803 3087 4858 minori
3140 4804 3390 4859 civitates
3416 4805 3576 4876 hujus

1995 4897 2242 4954 nominis
2291 4898 2455 4963 duae,
2519 4912 2756 4968 quarum
2818 4912 2926 4952 una
2979 4895 3180 4952 dieitur
3249 4897 3314 4952 ad
3357 4913 3575 4954 amnem

1993 4987 2325 5045 Maeandrum
2349 4989 2450 5045 sita
2480 4988 2782 5060 Magnesia;
2815 4990 2955 5045 bane
2979 4989 3266 5060 Ephesium
3291 4992 3576 5064 metropoli

1990 5079 2218 5138 Novella
2279 5081 2477 5138 Leonis
2551 5081 2782 5150 Augusti
2851 5082 3120 5152 subjicit;
3211 5084 3439 5139 alteram
3512 5086 3579 5138 ad

1995 5177 2382 5248 Smyrnensem
2419 5178 2762 5249 metropolim
2799 5177 2984 5244 refert,
3009 5178 3390 5236 ammoissimo
3417 5179 3576 5234 sitam

1993 5284 2190 5327 versus
2217 5269 2464 5342 IEgaeum
2500 5287 2651 5328 mare
2684 5273 2824 5326 loco.
2888 5271 3152 5342 Superest
3212 5273 3376 5326 etiam
3437 5287 3581 5326 nunc

1996 5372 2248 5435 utraque,
2289 5365 2382 5420 sed
2413 5365 2770 5434 posteriorem
2800 5365 2947 5420 illam
2985 5374 3135 5435 puta,
3168 5380 3333 5433 quam
3380 5366 3580 5420 sultani

1999 5453 2218 5511 Turcici
2255 5456 2378 5511 filiis
2413 5456 2968 5520 suisinhabitaudam
2993 5456 3278 5521 assignare
3296 5455 3476 5510 solent
3499 5456 3587 5511 in-

2001 5557 2244 5604 veterata
2274 5549 2671 5604 consuetudine
2695 5566 2710 5602 :
2733 5549 2877 5605 sicut
2900 5549 3102 5604 ibidem
3126 5549 3370 5605 diximus
3394 5564 3587 5620 supra,

2001 5639 2154 5709 iussu
2183 5651 2411 5711 paterno
2467 5640 2584 5713 jam
2630 5640 3053 5706 Muehemetem,
3102 5642 3324 5697 unicum
3380 5642 3586 5698 sultani

2003 5734 2232 5790 Muratis
2256 5734 2324 5790 111
2379 5735 2572 5800 lilium,
2608 5735 2827 5806 degere.
2853 5734 3051 5791 Toriae
3076 5750 3271 5791 nomen
3306 5746 3389 5790 est
3443 5738 3588 5806 apud

2006 5827 2045 5883 Τ
2053 5842 2215 5884 urcos
2245 5827 2380 5884 certi
2405 5829 2621 5899 generis
2652 5827 3054 5899 religiosorum,
3080 5827 3295 5884 diversa
3323 5828 3590 5898 quaedam

2003 5937 2032 5977 a
2061 5920 2506 6000 Calcndcrumct
2536 5921 2904 5982 Dcrvisiorum
2962 5921 3310 5995 professione
3347 5935 3592 5992 sequen-
