4018 6422
141 403 238 463 7‘33

1313 394 1726 455 PANDECTE
1773 397 1978 456 HIST.
2016 397 2321 458 'I‘UliClC.

3330 394 3434 454 713$

144 535 211 571 ne
234 516 355 587 quis
386 511 716 582 manualem
749 507 938 564 Dustni
970 507 1142 562 fuisse
1178 507 1589 570 Voldemarum.
1641 525 1732 563 ra-
1765 521 1803 577 Α
1835 513 2147 568 deminutas
2181 511 2371 568 Bavari
2411 510 2552 566 vires
2578 509 2814 564 Karulns
2849 510 3141 578 imperator
3163 509 3432 564 Occiden-

143 619 290 679 tione
323 607 616 680 potestatis
636 617 690 660 et
722 602 961 671 imperii,
996 601 1140 672 quod
1179 602 1493 667 affectabat,
1551 604 1739 672 suspi-

151 720 347 766 retur:
380 712 442 758 ut
473 699 606 756 nihil
637 699 704 754 de
747 696 1092 750 labefactatis
1131 695 1556 751 Osmanidarum
1605 696 1734 750 viri.

155 806 259 858 bus
283 807 402 869 post
452 793 815 853 calamitatem
879 789 1143 859 Bajaaitis
1174 789 1375 851 dicam,
1423 789 1601 842 saltim
1656 788 1737 840 vi-

162 897 382 950 deamus
413 905 475 944 es
506 889 638 958 ipsis
666 885 902 939 aliorum
943 883 1240 940 Annalium
1293 897 1458 935 manu
1493 890 1743 936 exarato-

163 1004 276 1042 rum
299 983 509 1039 Latinis
539 980 742 1037 verbis.
771 994 938 1048 quam
985 977 1193 1046 potenti
1233 977 1464 1046 principi
1522 975 1742 1028 molitor

154 1086 244 1138 ille
273 1078 566 1136 succedere
595 1074 857 1130 voluerit.
895 1075 1076 1135 Anno,
1109 1071 1388 1140 inquiunt,
1426 1068 1564 1124 1510
1617 1067 1744 1122 Vol-

153 1177 406 1228 demarus
450 1166 962 1236 Brandeburgensis
1029 1164 1302 1224 marcbio.
1344 1161 1576 1218 mortuis
1631 1162 1744 1216 fra-

153 1267 418 1323 truelibus
441 1275 494 1315 et
545 1262 777 1331 patruis,
801 1260 1041 1314 divisum
1078 1259 1130 1311 in
1187 1258 1387 1311 multas
1423 1264 1608 1325 partes
1659 1265 1743 1309 to-

154 1376 268 1413 tum
304 1359 459 1412 solus
504 1355 652 1410 illius
720 1351 866 1408 tituli
934 1349 1176 1406 obtinuit
1233 1348 1647 1416 principatum:
1692 1353 1748 1401 et

157 1453 401 1526 glorians
458 1451 516 1504 in
571 1447 892 1504 fortitudine
945 1461 1015 1500 ac
1067 1445 1444 1514 magnitudine
1494 1441 1748 1511 potentire

154 1563 296 1613 suae,
331 1544 543 1599 curiam
570 1543 843 1597 celebrem
876 1548 931 1592 ct
966 1539 1234 1594 famosam
1288 1537 1488 1591 indixit
1531 1535 1749 1604 regibus

151 1650 217 1695 ct
244 1638 577 1710 principibus
631 1649 798 1703 prope
840 1633 1114 1702 longeque
1156 1631 1383 1699 positis:
1431 1629 1750 1684 habiturum

153 1749 224 1789 se
247 1731 461 1800 nuptias
483 1743 608 1782 cum
630 1727 738 1781 ﬁlia
763 1725 941 1794 patrui
974 1724 1058 1780 sui
1092 1723 1435 1786 significans,
1474 1731 1529 1776 et
1553 1732 1753 1774 omnes

155 1821 671 1882 tutissisveredariis
720 1820 786 1873 ad
845 1818 1008 1886 hujus
1095 1815 1464 1871 solemnitatis
1492 1812 1752 1882 gaudium

157 1918 428 1974 inritans.
475 1914 610 1968 Eam
642 1909 896 1965 tenuitin
949 1909 1174 1963 civitate
1220 1907 1492 1961 maritima
1548 1903 1750 1958 Rosto-
1786 1897 1825 1950 Β

159 2015 311 2075 chio,
339 2011 441 2064 sita
479 2005 649 2061 maris
675 2007 741 2059 ad
765 2013 1008 2074 portum,
1041 2003 1184 2056 unde
1241 2016 1434 2056 versus
1503 1997 1757 2060 Daniam,

163 2109 448 2166 Surciam.
475 2101 832 2170 Norvcgiam,
858 2107 912 2154 et
945 2099 1010 2152 ad
1037 2107 1220 2166 partes
1262 2096 1398 2148 alias
1435 2093 1719 2162 navigatur
1743 2107 1758 2144 :

171 2205 230 2253 in
271 2214 428 2267 quem
502 2195 668 2250 etiam
717 2192 936 2261 navigia
987 2191 1256 2244 mercium
1310 2188 1653 2242 diversarum
1693 2183 1760 2236 de

175 2287 407 2344 diversis
451 2294 506 2340 et
555 2283 781 2339 remotis
825 2279 1146 2349 regionibus
1182 2277 1483 2347 appellunt.
1519 2274 1592 2343 {in
1661 2273 1763 2328 hac

179 2403 193 2428 ι
218 2381 330 2437 uria
359 2379 460 2433 fuit
497 2393 587 2432 rex
629 2377 832 2437 “anim.
889 2389 1015 2430 cum
1053 2371 1273 2427 duobus
1333 2368 1584 2428 duribus.
1651 2363 1763 2419 fra-

182 2475 352 2529 tribus
384 2472 520 2536 suis,
553 2481 606 2526 et
645 2472 912 2523 immensa
956 2465 1310 2520 multitudine
1356 2462 1542 2532 populi
1600 2471 1761 2514 terras

177 2581 320 2622 sitae:
352 2564 542 2629 duces,
582 2561 833 2622 comites,
881 2559 1037 2613 liberi
1075 2558 1320 2612 barones
1387 2551 1764 2609 innumerabi-

180 2661 260 2716 les
285 2660 352 2714 de
405 2654 684 2719 Saxonia;
729 2652 1078 2708 marcbiones
1109 2659 1166 2706 et
1225 2657 1509 2719 magnates
1545 2655 1658 2702 tam
1693 2647 1760 2700 de

180 2755 290 2810 illis
320 2768 486 2824 quam
513 2753 582 2805 de
613 2748 821 2804 exteris
881 2745 1158 2817 partibus,
1217 2759 1450 2813 quorum
1504 2755 1768 2796 numerus

182 2850 269 2903 vix
303 2855 515 2917 pcterat
551 2841 838 2899 aestimari.
893 2837 1143 2893 Marebio
1188 2836 1444 2890 manibus
1473 2834 1617 2903 regis
1661 2833 1770 2886 Da-

190 2943 288 2993 niae
319 2939 477 2993 miles
503 2952 627 2992 cum
659 2950 856 3003 magno
880 2937 1080 2987 decore
1124 2930 1440 3000 insigniter.
1495 2926 1638 2982 Mille
1680 2941 1765 2982 se-

192 3032 452 3102 ptingenti
493 3029 720 3091 nobiles,
756 3029 808 3081 in
867 3027 973 3080 hoc
1025 3023 1320 3088 tirocinio,
1354 3035 1511 3076 novae
1565 3019 1772 3073 militia:

185 3127 398 3198 cingulo
437 3141 534 3195 per
565 3123 938 3180 marchionem
979 3133 1104 3174 cum
1139 3131 1335 3185 pompa
1367 3115 1607 3169 maxima
1666 3113 1768 3167 de-

1849 607 1920 661 tis
1945 607 2171 671 electus,
2196 604 2341 675 quod
2367 605 2522 657 illum
2575 605 2719 657 velut
2748 601 3034 666 aemulum,
3066 601 3158 670 qui
3220 610 3431 671 patrem

1851 702 2134 758 habuisset
2166 701 2577 768 imperatorem,
2612 715 2716 752 non
2753 697 2852 751 abs
2878 712 2936 752 re
2961 695 3068 752 sibi
3095 696 3319 760 suisque
3343 713 3431 750 re-

1852 798 1954 851 bus
1990 793 2390 849 formidabilem
2427 801 2680 861 putaret:
2710 791 3194 846 volebateumdem
3229 789 3435 844 ditione

1849 887 2295 954 Brandebnrgica
2351 886 2572 954 pulsum
2639 885 2965 955 lindolpbus
3028 883 3196 944 Saxo.
3261 883 3434 953 stirpe

1851 982 2275 1036 Anbaltinorum
2302 995 2365 1034 ex
2403 980 2608 1033 Alberti
2641 976 2770 1033 Urs.
2831 976 3075 1045 posteris
3110 975 3313 1036 editus.
3379 985 3438 1028 ut

1853 1077 2034 1145 aliqua
2068 1077 2280 1130 ratione
2333 1073 2698 1143 principatum
2742 1071 2892 1125 iiillm
2925 1070 3032 1126 sibi
3059 1069 3289 1144 suisque
3352 1083 3434 1123 re-

1853 1180 2038 1242 petere
2063 1170 2280 1224 tandem
2318 1167 2615 1236 aliquando
2651 1175 2860 1236 posset,
2893 1179 3058 1234 quem
3117 1163 3244 1234 jure
3300 1179 3435 1232 pro-

1855 1264 2241 1335 pinquitatatis
2293 1271 2347 1317 et
2405 1261 2718 1332 agnationis
2765 1276 2892 1315 cum
2969 1257 3438 1328 Brandebnrgiris

1857 1357 2202 1426 principibus
2246 1357 2562 1418 exstinctis,
2619 1356 2686 1408 ad
2742 1371 2801 1409 se
2853 1355 3135 1424 pertinere
3191 1354 3438 1422 putabat.

1858 1449 2122 1508 Triennio
2157 1459 2272 1504 toto
2321 1450 2564 1504 Liui-ales
2593 1447 2826 1514 imperio
2877 1446 3034 1513 potiri
3092 1445 3282 1512 quieto
3334 1461 3442 1499 non

1861 1544 2059 1614 potuit,
2096 1543 2426 1600 defendente
2460 1559 2519 1596 se
2543 1542 2666 1604 istic
2725 1539 3034 1608 Mustapha,
3062 1554 3259 1608 resque
3328 1546 3443 1592 tur-

1864 1639 2026 1692 hante
2061 1638 2324 1691 Turcicas
2357 1655 2369 1690 :
2407 1637 2497 1690 hic
2537 1636 2778 1691 triennio
2807 1650 2907 1689 nec
2946 1633 3192 1688 Bavarus
3225 1634 3302 1688 uti
3335 1633 3441 1687 frui

1864 1730 2312 1800 Braudeburgica
2347 1730 2593 1797 regione,
2619 1745 2719 1782 nec
2758 1727 2904 1780 vinci
2939 1727 3118 1796 potuit
3151 1727 3448 1780 Voldema-

1866 1842 1984 1880 rus.
2021 1823 2328 1893 Mustapbae
2347 1824 2519 1878 tristis
2554 1822 2788 1876 fnitillic
2817 1822 3022 1876 exitus.
3056 1821 3144 1875 hic
3180 1819 3452 1876 infelicior

1859 1920 2136 1975 molitoris
2166 1917 2508 1973 Voldemari.
2567 1916 2912 1984 Mnstapbam
2951 1915 3068 1969 neci
3099 1914 3250 1968 dedit
3328 1913 3455 1966 istic

1860 2015 2116 2082 laqueus,
2152 2011 2242 2065 hic
2282 2008 2669 2064 Voldemarnm
2724 2023 2894 2077 rogus
2952 2007 3282 2074 absumpsit.
3339 2005 3456 2058 Iloe

1860 2107 2027 2161 modo
2063 2119 2286 2171 causas,
2320 2102 2576 2163 consilia,
2600 2116 2964 2169 personarum
3001 2100 3264 2160 rationes,
3285 2108 3340 2152 et
3365 2114 3454 2154 re-

1861 2214 1983 2253 rum
2023 2205 2217 2251 eventa
2252 2195 2424 2248 fuisse
2444 2192 2779 2253 consimilia,
2802 2191 3266 2258 respondentibus
3283 2189 3452 2242 etiam

1864 2288 2210 2358 temporibus
2242 2286 2400 2353 ipsis,
2422 2284 2673 2337 videmus
2701 2283 2968 2349 :ideoque
2996 2288 3108 2334 tam
3147 2279 3253 2334 sibi
3293 2279 3457 2332 rebus

1862 2379 2121 2436 omnibus
2147 2379 2392 2449 gemina.
2434 2384 2548 2429 tam
2601 2374 2839 2429 illustria
2873 2373 2982 2426 duo
3033 2372 3219 2428 smeuli
3287 2373 3456 2426 unius

1864 2472 2137 2539 exempla,
2185 2467 2431 2534 jucunda
2510 2467 2679 2531 lectu,
2765 2461 3213 2517 consideratione
3268 2459 3459 2528 digna,

1867 2566 2100 2620 libenter
2131 2564 2220 2618 hic
2259 2562 2330 2616 ob
2361 2560 2554 2616 oculos
2584 2572 2791 2630 ponere
2817 2555 3080 2611 studiosis
3105 2553 3461 2608 historiarum

1867 2657 2172 2712 voluimus.

1869 2771 1959 2827 84.
2013 2769 2338 2826 Vardarium
2371 2770 2644 2838 oppidum,
2677 2764 2968 2838 Vardqrius
3019 2761 3217 2838 amitis,
3257 2757 3469 2812 Varda-

2302 2834 2471 2901 rr'otaé,
2521 2838 2783 2899 l’ardnri,
2828 2834 3072 2888 Verdm'i.

1945 2933 2099 3001 Quod
2152 2932 2351 3002 legitur
2407 2932 2458 2982 in
2510 2927 2816 2982 Annalibus
2843 2924 3194 2983 Vardarimn,
3229 2919 3468 2973 Thcssa-

1874 3031 1958 3083 lia-
2012 3028 2271 3098 Oppidum
2339 3032 2442 3087 est,
2495 3021 2560 3074 ad
2630 3019 2957 3074 Vardarium
3011 3014 3254 3077 ﬂumen,
3321 3012 3467 3082 quod

1875 3121 2074 3180 Axium
2115 3117 2325 3189 priscos
2362 3114 2568 3168 dixisse
2593 3153 2608 3176 ,
2670 3118 2869 3179 praetor
2915 3117 3103 3161 noster
3149 3117 3203 3158 et
3242 3104 3333 3158 alii
3370 3119 3471 3156 no-

185 3197 462 3279 cnrantur.
492 3218 566 3270 lbi
589 3217 944 3271 dominarum
977 3214 1043 3266 de
1078 3212 1320 3266 diversis
1357 3210 1608 3279 ριιι-ιὼιιε
1661 3209 1772 3260 for-

1885 3223 2029 3274 tant.
2081 3213 2146 3268 ad
2171 3210 2462 3280 septimum
2502 3224 2530 3259 a
2564 3203 2952 3258 Thessalonica
2995 3197 3411 3269 iapidemsilum
3457 3213 3470 3250 :

1885 3308 1910 3310 ,Α
2056 3305 2073 3310 -
2256 3302 2297 3310 -.‹
2385 3303 2396 3310 .
2473 3303 2482 3310 .
2575 3298 2668 3310 ιι.Λ
2765 3297 2839 3310 ..ιο
2914 3296 2946 3310 αι
3060 3293 3096 3310 η
3159 3309 3168 3310 κ
3193 3293 3254 3310 κε..
3298 3288 3470 3310 -1,-ἳ-,ι

189 3329 495 3371 mosarutn.
550 3312 692 3366 sicut
727 3318 784 3364 et
828 3307 1091 3372 militmn,
1120 3301 1545 3359 innumerabilis
1599 3299 1772 3355 exsti-

196 3409 262 3462 tit
291 3413 473 3473 copla.
501 3405 760 3460 Teucria
828 3417 927 3472 per
984 3414 1212 3468 campos
1254 3407 1466 3454 erecta.
1535 3392 1778 3448 scarlato

201 3498 559 3560 circumdata,
605 3510 735 3549 rum
768 3491 1147 3564 operimentis,
1178 3487 1455 3544 subselliis
1488 3495 1544 3539 et
1573 3492 1778 3537 strato-

199 3591 316 3654 riis.
346 3591 496 3645 velut
523 3602 714 3642 antrum
749 3587 1004 3641 micantia
1043 3583 1390 3636 videbantur.
1432 3575 1588 3631 Putei
1631 3573 1775 3643 pleni

201 3686 349 3747 vino,
381 3681 643 3737 cererisia
677 3689 729 3733 et
761 3679 1006 3741 medens,
1058 3677 1127 3729 ad
1179 3673 1520 3744 potandum;
1581 3681 1782 3737 specus

197 3780 415 3848 repletae
465 3776 747 3834 earnilius.
805 3773 1052 3842 piscibus
1112 3778 1165 3824 et
1231 3768 1555 3829 frumento;
1616 3773 1783 3815 naves

194 3883 408 3937 ontrsu‘e
437 3869 728 3940 speciebus
750 3865 1094 3926 aromaticis,
1126 3863 1192 3915 ad
1220 3858 1535 3929 corporales
1560 3855 1788 3924 explen-

197 3966 296 4024 das
325 3965 576 4029 delicias,
615 3960 977 4016 habebantur.
1012 3959 1150 4022 Qum
1178 3954 1400 4025 quidem
1453 3948 1627 4019 gloria
1662 3953 1784 4013 post

203 4057 319 4109 haec
351 4054 402 4106 in
437 4053 672 4110 favillam
701 4049 859 4106 brevi
890 4057 975 4101 est
1007 4046 1256 4106 redacta,
1317 4047 1540 4110 propter
1567 4032 1789 4102 nuptias

203 4141 532 4209 illicitas,'et
576 4145 776 4201 factum
835 4141 1022 4212 gloriae
1080 4134 1423 4206 temporalis.
1478 4130 1613 4184 Nam
1666 4127 1786 4195 ipse

209 4241 570 4296 Voldemarns
597 4237 842 4291 marchio
871 4236 992 4288 sine
1029 4231 1246 4286 haerede
1297 4226 1557 4285 decessit,
1613 4229 1667 4275 et
1717 4217 1789 4272 ad

207 4334 497 4407 imperium
533 4341 679 4388 totus
712 4331 804 4383 ille
822 4325 1168 4396 principatus
1222 4316 1598 4388 amplissimus
1629 4311 1791 4363 licvo-

201 4403 353 4486 lutits
382 4427 506 4482 fuit.
539 4424 818 4479 Hactenus
849 4417 1140 4472 Annalium
1166 4411 1355 4472 verba,
1416 4421 1650 4475 quorum
1713 4403 1792 4456 le-

206 4525 448 4588 ctionem
491 4518 780 4587 Magnifice
813 4513 1046 4566 Domino
1073 4507 1409 4574 Hieronymo
1442 4495 1580 4553 Beck
1603 4512 1632 4550 a
1661 4493 1798 4547 Leo-

1878 3308 2007 3362 licet
2049 3305 2209 3360 fossa:
2256 3302 2534 3356 Vardaria:
2570 3298 2672 3354 100
2707 3296 3036 3351 milliaribus
3057 3293 3262 3348 Grreris
3293 3288 3479 3344 absint

1879 3415 1909 3452 a
1953 3396 2371 3458 Thessalonica,
2414 3393 2480 3448 de
2527 3392 2730 3461 quibus
2771 3388 2921 3443 alibi.
2957 3385 3203 3440 Meminit
3235 3383 3345 3436 Leo
3380 3382 3481 3436 Sa-

1879 3491 2034 3562 piens
2084 3491 2362 3555 Angustns
2407 3485 2462 3539 in
2514 3483 2739 3538 Novella
2772 3481 2841 3535 tle
2886 3478 3100 3534 thronis
3130 3477 3482 3546 episcopatus

1884 3579 2365 3639 Vardariotarmn,
2429 3588 2593 3645 quem
2649 3569 2939 3637 metropoli
2995 3563 3480 3620 TbeSSalonicensi

1884 3672 2130 3744 subjicit.
2173 3671 2235 3723 Et
2268 3670 2432 3723 hosce
2467 3665 2826 3721 Vardariotas
2858 3661 3020 3715 etiam
3064 3658 3273 3712 Turcos
3308 3653 3485 3707 norni-

1886 3777 2013 3829 nat,
2048 3767 2343 3819 translatos
2383 3757 2608 3813 aliunde
2659 3755 2871 3814 scilicet
2902 3753 3009 3806 huc
3042 3749 3108 3803 ad
3156 3745 3423 3801 Vardaritt
3453 3763 3482 3794 ιι

1888 3860 2134 3914 ﬂuvium.
2160 3855 2468 3910 Scribimus
2489 3860 2672 3906 autem
2701 3845 3054 3908 Vardarium,
3084 3856 3234 3898 more
3258 3838 3449 3893 Grareo
3473 3855 3485 3888 :

1891 3968 2014 4019 cum
2056 3950 2148 4004 alii
2203 3947 2526 4002 Bardarium
2578 3943 2798 4004 malint,
2855 3946 3046 3993 contra
3083 3929 3489 4004 pronuntiatio-

1894 4061 2014 4101 nem
2049 4042 2352 4098 incolarum
2376 4079 2390 4101 ,
2419 4037 2618 4110 quibus
2650 4045 2732 4092 est
2765 4031 2995 4086 Vardari
3023 4039 3081 4085 et
3115 4025 3362 4082 Verdari.

1897 4122 1903 4128 ’
2177 4138 2270 4192 85.
2309 4135 2536 4191 Chusein
2570 4133 2682 4202 (veg,
2723 4128 2926 4182 Gra’ria
2967 4124 3242 4179 Zunaitrs.

1967 4233 2140 4301 Quem
2163 4228 2382 4286 Turcici
2403 4225 2643 4283 Annales
2681 4223 3014 4276 Cliuseinem
3043 4219 3259 4287 begum,
3281 4215 3453 4286 lsniyr
3472 4231 3498 4266 «τ

1898 4323 2224 4396 principem,
2267 4320 2597 4382 nominant,
2637 4313 2913 4368 Laonicus
2965 4308 3257 4362 Znnaitetn
3303 4316 3496 4371 vocat,

1901 4417 2246 4488 SmyrntBum
2283 4412 2584 4483 principem
2619 4427 2632 4463 :
2683 4408 2774 4477 qui
2813 4420 2934 4457 cum
2974 4401 3177 4454 Dttsrttc
3215 4397 3499 4465 Mustapha

1901 4511 2152 4584 captivus
2197 4525 2228 4562 a
2275 4507 2484 4562 Graecis
2533 4501 2841 4556 custoditus
2895 4495 3062 4549 fuerit
3119 4494 3172 4545 in
3239 4490 3498 4558 Epidauri

207 4614 503 4686 poldstorf.
534 4581 724 4666 utalia
783 4609 956 4678 plura,
992 4603 1280 4658 debemus.
1338 4595 1418 4650 Ex
1481 4593 1570 4647 bis
1614 4597 1776 4642 auten

1906 4619 2052 4666 arce,
2101 4617 2247 4656 nunc
2267 4596 2638 4654 Monemuasia
2665 4594 2780 4646 sive
2813 4587 3093 4646 Malvasia,
3129 4593 3182 4635 et
3236 4584 3288 4635 in
3321 4581 3504 4635 Imbro

209 4710 420 4779 liquido
454 4714 632 4778 paret,
653 4717 763 4757 non
805 4697 1036 4753 minoris
1069 4695 1241 4749 fuisse
1271 4686 1536 4743 momenti
1602 4681 1801 4735 Valde.

211 4778 523 4861 marianum
559 4804 661 4854 hoc
689 4796 992 4866 negotium.
1019 4805 1182 4861 quam
1211 4785 1343 4842 illml
1376 4778 1800 4848 Mustaphmnm.

217 4899 628 4954 Reeenseamus
653 4901 707 4944 et
731 4888 859 4951 alia,
889 4900 1010 4956 quas
1045 4883 1100 4936 in
1127 4874 1602 4948 comparationem
1631 4867 1811 4922 utrin-

212 5006 328 5058 que
366 4989 550 5042 venire
584 4992 836 5054 possunt.
867 4981 908 5034 Δ
969 4973 1253 5043 Mustapba
1288 4969 1468 5024 stabat
1510 4961 1812 5030 imp‘erator

213 5055 445 5138 timens
479 5080 623 5148 istic,
658 5093 688 5131 a
718 5075 1051 5132 Voldemaro
1077 5069 1254 5124 stabat
1279 5064 1594 5119 Germanus
1640 5055 1813 5120 impe-

209 5189 373 5234 rator
406 5175 494 5229 hic
527 5193 539 5228 :
565 5184 616 5226 et
644 5178 798 5226 tanto
821 5166 1044 5236 quidem
1107 5157 1404 5228 potentior,
1435 5157 1642 5221 quanto
1668 5144 1817 5200 ϐγίεκ

211 5287 345 5328 cnm
367 5268 662 5338 imperium
693 5264 743 5317 id
764 5261 1028 5330 temporis
1057 5252 1386 5310 Germanico
1409 5243 1648 5300 debilius
1670 5247 1814 5293 erat.

209 5367 431 5421 Prmter
495 5361 892 5428 imperatorem
979 5365 1106 5406 cum
1191 5341 1481 5412 Mustapba
1533 5328 1814 5402 conjuncti

213 5457 503 5531 principes
531 5424 662 5518 illic,
697 5449 860 5522 5.33
893 5448 984 5503 hic
1005 5443 1394 5499 Voldemarnm
1423 5424 1818 5531 quoque-prin-

217 5517 378 5620 131085
410 5517 819 5619 ἰη-πιροιυπίιέε
878 5539 1158 5596 fovebant.
1227 5529 1574 5587 Debilitatem
1638 5517 1822 5572 Mura-

228 5613 304 5701 tis
333 5613 638 5714 potentiam
677 5637 902 5692 Gruterus
956 5633 1254 5700 imperator
1280 5634 1336 5679 et
1384 5617 1604 5676 Turcici
1663 5613 1819 5666 vole-

219 5737 362 5796 bant
388 5733 686 5804 principes.
727 5727 872 5798 quod
906 5740 934 5778 a
965 5722 1179 5776 Murate
1205 5717 1310 5773 sibi
1337 5716 1670 5768 metuerent.
1696 5721 1826 5760 sua-

218 5799 510 5897 quetueri
562 5799 791 5893 pariter,
818 5816 1052 5887 etprius
1096 5813 1166 5866 ab
1194 5805 1511 5865 Osmanidis
1563 5799 1668 5855 sibi
1729 5814 1825 5868 per

217 5919 344 5977 vim
365 5892 911 5987 ereptairecuperare
939 5908 1243 5963 niterentur
1271 5918 1285 5958 :
1340 5899 1532 5954 itidcm
1605 5892 1824 5949 volebat

1912 4699 2234 4766 Lemnoque
2284 4691 2485 4748 insulis
2509 4731 2522 4753 ,
2573 4685 2819 4758 quandin
2852 4682 3102 4736 sultanus
3133 4675 3504 4730 Mucbcmetes

1911 4787 2131 4854 vixerit,
2186 4785 2270 4842 cui
2321 4783 2542 4854 quidem
2587 4781 2690 4832 hac
2733 4779 2786 4830 in
2827 4789 2884 4829 re
2938 4770 3226 4844 gratiiieati
3268 4767 3402 4821 sint.
3440 4767 3505 4819 At

1913 4883 2255 4939 Muchemete
2308 4888 2551 4940 mortuo,
2582 4870 2902 4939 Mustaphas
2928 4881 3053 4921 cum
3089 4864 3193 4918 hoc
3217 4861 3506 4921 liberatus.

1915 4987 1970 5033 et
2022 4976 2216 5032 Murali
2271 4970 2630 5029 Mucbemetis
2685 4967 2798 5020 filio
2853 4961 2961 5017 fuit
3005 4958 3318 5031 Oppositus,
3372 4971 3509 5024 prae-

1917 5077 2057 5131 senti
2107 5087 2231 5127 cum
2264 5081 2445 5122 rerum
2477 5062 2791 5119 Graecarum
2827 5055 3168 5117 discrimine,
3198 5052 3342 5106 sicut
3369 5050 3510 5102 idem

1919 5169 2126 5240 prolixe
2179 5165 2593 5220 commemorat.
2647 5153 2836 5208 Obiter
2889 5150 2994 5204 hoc
3035 5147 3203 5202 etiam
3240 5141 3514 5221 adjicitor,

1919 5262 2203 5318 Zuanitem
2235 5257 2380 5310 hunc
2403 5253 2504 5306 dici
2539 5247 2873 5310 Sansovino,
2907 5259 3014 5297 non
3043 5238 3330 5294 Zunaitem
3366 5252 3381 5288 ι
3421 5247 3517 5301 per

1923 5353 2271 5411 oscitantiant
2303 5347 2613 5417 scriptoris,
2651 5352 2705 5397 ut
2737 5350 2890 5412 puto.

2019 5449 2116 5505 86.
2156 5445 2376 5507 Vlubat,
2425 5431 3025 5564 Lopag'liurln,rLupadi,
3075 5423 3421 5494 Rhyndacus,

2632 5525 2678 5562 te
2697 5525 2749 5561 ta
2776 5522 2870 5558 ut.

2632 5522 2870 5562 ισιιαιιιι.

1998 5611 2312 5670 Monuimus
2362 5620 2550 5676 supra,
2615 5613 2846 5655 numero
2908 5603 3165 5650 notarum
3223 5587 3315 5649 16,
3371 5581 3516 5652 quod

1929 5712 2127 5766 Turcis
2148 5704 2406 5778 oppidum
2444 5697 2676 5755 minoris
2709 5693 2852 5748 Asia!
2883 5691 3103 5744 dicatur
3135 5683 3351 5741 Vlubat.
3378 5679 3521 5734 Lao-

1932 5809 2053 5862 niro
2108 5800 2411 5872 L0padium
2457 5810 2600 5856 esse,
2658 5804 2804 5844 nunc
2849 5786 3009 5855 vulgo
3069 5783 3278 5854 Lupadi
3326 5790 3526 5833 nonnn

1933 5903 2154 5962 habere.
2205 5884 2483 5954 Melicusis
2531 5885 2824 5952 Antonius,
2877 5881 3088 5941 l‘odota
3130 5887 3337 5945 noster,
3368 5875 3526 5944 cujus
