4018 6424
585 414 693 474 705

1781 404 2115 467 IOANNIS’
2134 401 2612 466 LEUNCLAV‘l'l‘

3753 403 3878 469 Μ

579 536 747 588 supra
791 517 1139 572 meminimus
1192 529 1422 569 numero
1465 523 1718 569 notarum
1752 515 1848 580 24,
1892 515 2156 585 Lapidum
2189 524 2233 577 Α
2263 511 2354 566 ille
2428 510 2821 576 subduxisset;
2877 520 3244 566 mercatorum
3269 511 3570 581 impositas
3618 518 3866 587 navigiii

579 626 797 680 quoque
820 610 926 664 dici
959 608 1187 664 volebat.
1223 607 1326 662 Sed
1349 607 1438 661 hic
1471 606 1808 669 addendum,
1840 621 1948 661 non
1995 605 2153 676 oppi-

580 707 708 759 dum
755 705 1019 758 duntaxat
1062 717 1184 756 esse
1228 699 1553 770 Lopadium,
1603 699 1912 754 sed'etiam
1974 698 2152 754 lacum

583 796 879 864 Lopadium
910 803 962 849 et
994 793 1355 863 proﬂuentem
1385 793 1550 847 elacu
1581 792 1880 862 Lopadium
1907 808 2146 859 amnem,

578 891 767 944 eodem
801 888 1044 957 conspici
1078 888 1218 951 loco,
1239 896 1292 940 et
1324 885 1516 940 iisdem
1535 887 1792 956 appellari
1816 887 2150 943 nominibus.

583 981 732 1036 Licet
788 980 889 1035 hoc
951 983 1114 1033 etiam
1168 979 1456 1048 perspicue
1507 979 1573 1033 de
1604 977 1824 1034 Laonici
1860 979 2041 1034 verbis
2072 980 2152 1033 in-

581 1074 842 1144 telligere,
884 1087 1009 1127 cum
1052 1088 1140 1127 res
1190 1073 1411 1128 easdem
1459 1072 1728 1136 referens,
1753 1073 1828 1128 ait
1861 1091 1877 1126 τ
1914 1071 1990 1128 Eo
2017 1083 2154 1128 tem—

581 1181 711 1235 pore
735 1176 913 1220 castra
960 1166 1201 1222 Murataei
1261 1169 1604 1223 metahantur
1644 1183 1811 1238 prope
1851 1167 2150 1237 Lopadium

580 1263 784 1326 lacum,
817 1270 873 1315 et
897 1261 1174 1330 regionem
1195 1259 1488 1316 hiicbalieii
1515 1262 1803 1316 vastabant
1834 1275 1848 1314 :
1880 1262 1971 1316 ubi
1999 1261 2152 1318 lacus

579 1353 765 1407 multis
790 1351 1129 1419 [ambagibus
1178 1365 1275 1420 per
1320 1350 1600 1421 angustias
1654 1351 1710 1405 in
1768 1366 1917 1405 mare
1979 1361 2153 1406 semet

576 1444 824 1510 effundit,
859 1453 914 1499 et
951 1444 1153 1498 ibidem
1188 1458 1328 1514 pons
1361 1451 1469 1500 est.
1496 1442 1816 1514 Mustaphas
1846 1453 2028 1500 autem
2061 1460 2150 1500 ac-

577 1539 798 1602 cedens,
845 1549 1023 1593 castra
1080 1538 1279 1594 locavit
1315 1539 1470 1605 juxta
1526 1539 1728 1593 ostium
1755 1537 1931 1604 fluvii,
1967 1539 2060 1608 qui
2083 1555 2148 1594 es

576 1631 696 1684 lacu
751 1639 1056 1700 promanat.
1108 1629 1319 1696 Quibus
1364 1631 1419 1684 in
1463 1630 1646 1686 verbis
1683 1647 1807 1700 qua:
1858 1631 2148 1687 Michalicii

576 1722 728 1793 regio
768 1732 1016 1788 vocatur,
1072 1737 1216 1777 nunc
1269 1721 1565 1786 Michalizi,
1608 1731 1720 1777 tam
1755 1723 1824 1777 ab
1855 1723 2018 1792 hujus
2051 1737 2152 1778 no-

577 1815 742 1869 minis
792 1813 979 1880 ﬂuvio,
1039 1831 1203 1881 quam
1261 1815 1330 1869 ab
1357 1815 1557 1883 oppido
1616 1816 1870 1869 dicitur:
1923 1814 2066 1883 quod
2117 1829 2150 1870 a

2257 602 2450 672 copias
2479 619 2608 659 suas
2639 611 2790 658 trans
2836 601 3249 673 Hellespontum
3269 606 3389 661 vehi
3425 621 3691 663 curasse.
3724 609 3867 676 Qui»

2256 694 2362 749 bus
2413 695 2465 748 in
2509 695 2720 759 verbis,
2750 695 2973 764 quinam
3005 696 3078 750 illi
3109 709 3451 754 mercatores
3481 699 3727 766 fuerint,
3756 718 3870 758 non

2256 786 2603 856 exprimitur.
2638 785 2744 842 Sed
2774 786 3071 850 Laonicus.
3100 804 3215 844 rem
3239 788 3506 847 disertius
3533 807 3868 862 exponens,

2255 876 2630 943 Praevenerat,
2647 880 2843 950 inquit,
2859 882 3170 935 Amuratem
3187 881 3873 956 Iustaphas,Callipolim

2258 972 2688 1027 transfretando.
2725 975 3029 1029 Amurates
3069 989 3219 1042 vero,
3249 985 3443 1032 nactus
3472 975 3877 1035 Januensi-um

2256 1063 2437 1118 navim
2469 1063 2789 1130 maximam,
2813 1081 2934 1136 quas
2965 1065 3106 1121 forte
3131 1069 3438 1137 appulerat,
3469 1084 3623 1124 cum.
3650 1071 3879 1142 guber-

2255 1167 2444 1211 natore
2468 1157 2787 1228 paciscitur,
2819 1172 2880 1214 ut
2917 1175 2977 1216 se
3004 1175 3129 1216 cum
3157 1164 3459 1232 peregrinis
3489 1173 3545 1219 et
3579 1165 3878 1220 militibus

2253 1247 2443 1303 Janus:
2463 1249 2875 1320 (stipendiarios
2895 1261 2946 1306 et
2965 1251 3140 1308 Porta:
3185 1253 3384 1312 milites
3406 1267 3635 1313 vertere
3671 1259 3874 1315 debuit

2255 1339 2572 1412 interpres),
2614 1343 2950 1416 reliquisque
2970 1345 3167 1414 copiis,
3198 1345 3256 1401 in
3295 1347 3577 1419 Europam
3604 1359 3872 1409 transve-

2255 1433 2429 1489 heret.
2445 1433 2747 1490 Mercedem
2769 1437 3122 1503 gubernatori
3145 1439 3660 1509 solvitmaximam,
3680 1458 3868 1514 quan.

2255 1533 2364 1579 tam
2385 1526 2660 1593 pollicitus
2682 1529 2967 1593 pecuniam
2995 1529 3193 1597 fuerat,
3216 1533 3447 1602 impigre
3465 1537 3862 1593 numerando.

2254 1615 2392 1671 Hinc
2427 1633 2558 1686 ergo
2593 1621 2706 1688 jam
2733 1621 3112 1690 cognoscitur,
3145 1633 3481 1680 mercatores
3507 1624 3645 1682 illos
3684 1627 3863 1684 fuisse

2252 1707 2589 1778 Genuenses,
2639 1713 2841 1782 quibus
2881 1714 2973 1768 alii
3021 1714 3285 1771 Muratem
3321 1717 3376 1772 in
3409 1719 3641 1790 singula
3676 1732 3862 1779 trans.

2252 1803 2624 1858 vehendorum
2669 1805 2847 1873 capita
2909 1805 3143 1862 ducatos
3194 1808 3473 1877 singulos,
3535 1812 3639 1867 alii
3700 1815 3858 1872 binos

577 1905 780 1974 Lapido
824 1907 938 1962 sive
983 1907 1224 1976 [Δυρράίο
1259 1906 1585 1961 ,ηηιεπίῃυε
1622 1905 1825 1977 ϐτκρίβ
1863 1905 1929 1960 10
1959 1906 2147 1961 ἀίειει,
2185 1895 2224 1948 Β
2254 1894 2484 1950 solvisse
2511 1905 2842 1951 memorant.
2866 1895 2934 1953 Et
2967 1899 3240 1955 notandus
3267 1901 3356 1956 hic
3387 1902 3547 1958 locus
3569 1913 3689 1961 tam
3717 1907 3856 1963 Lao-

574 1997 897 2051 Addendum
941 2007 996 2050 et
1045 1999 1167 2059 hoc,
1221 2013 1434 2053 amnem
1486 1997 1786 2067 Lopadium
1838 1997 2035 2068 priscis
2061 1997 2148 2054 di-v

573 2097 722 2144 etum
748 2091 920 2147 fuisse
951 2091 1332 2163 Rhyndacum.

572 2249 659 2304 87.
693 2248 858 2304 Falso
878 2266 1084 2304 rumore
1104 2249 1296 2318 didita,
1317 2267 1398 2306 res
1419 2252 1595 2322 magni
1616 2252 1868 2307 momenti
1885 2251 2146 2321 confecto.

642 2384 844 2440 Praeter
873 2385 1001 2439 illud
1046 2395 1400 2454 strategema,
1444 2403 1553 2456 quo
1581 2385 1944 2443 Mechemetes
1978 2389 2148 2459 begus

573 2480 952 2549 Michaloglius
1002 2480 1367 2553 Mustaphasos
1429 2497 1683 2552 proceres
1736 2497 1800 2536 ac
1861 2481 2063 2535 milites
2089 2481 2144 2536 in

573 2583 754 2635 partes
786 2572 1010 2628 Muralis
1035 2575 1296 2639 attraxit,
1331 2575 1474 2629 allud
1505 2575 1668 2628 etiam
1701 2589 1728 2628 a
1765 2575 2006 2629 Laouico
2033 2589 2147 2628 me-

573 2666 759 2720 morize
799 2667 1074 2736 proditum
1117 2678 1220 2734 est,
1245 2685 1354 2738 quo
1386 2669 1683 2738 singularis
1722 2669 1963 2723 vafritiei
1997 2683 2146 2724 com-

571 2765 752 2810 mento
810 2773 897 2811 res
960 2759 1163 2827 pariter
1215 2775 1279 2813 ac
1307 2775 1431 2829 spes
1461 2777 1652 2816 (nones
1687 2762 1987 2829 Mustaphae
2021 2760 2146 2815 fun-

567 2847 715 2903 ditus
743 2863 950 2904 eversae
975 2862 1322 2914 corruerunt.
1356 2853 1444 2906 Ait
1483 2855 1652 2917 enim,
1679 2854 1858 2909 missis
1893 2854 1960 2908 ad
1997 2851 2146 2906 Gras-

567 2957 755 2996 corum
812 2943 1198 3012 imperatorem
1250 2960 1316 3005 ac
1377 2960 1652 3012 proceres,
1706 2954 1876 3000 tama
1911 2945 2143 3012 Μαι-τηε,

566 3051 728 3102 quam
766 3035 1047 3104 Mustapha
1097 3035 1306 3104 legatis,
1347 3036 1566 3089 Grrecos
1609 3037 1824 3090 tandem
1848 3052 1906 3092 re
1934 3037 2145 3092 delibeo

567 3137 684 3180 rata
735 3126 1087 3194 Mustaphaeis
1129 3142 1409 3190 assensus,
1443 3127 1821 3187 Muratamrum
1870 3131 2140 3198 postulata

566 3219 844 3287 rejecisse.
902 3218 1042 3272 Tum
1097 3235 1227 3273 vero
1275 3219 1562 3274 Muratmos
1603 3235 1823 3275 suorum
1851 3221 1906 3276 in
1957 3231 2136 3278 castra
2165 3250 2211 3314 ρ

567 3315 803 3369 maxima
849 3328 973 3368 cum
1013 3312 1360 3372 festinatione
1414 3329 1704 3379 reversos,
1761 3331 1886 3368 mox
1941 3313 2140 3369 falsum

564 3407 830 3476 sparsisse
877 3421 1187 3468 rumorem,
1235 3421 1343 3474 quo
1388 3405 1608 3462 Graecos
1647 3408 1987 3463 aliirmabant
2019 3407 2140 3462 Mu-

565 3501 697 3554 ralis
738 3510 920 3570 partes
957 3499 1257 3568 amplexos.
1294 3497 1364 3552 Ea
1396 3515 1452 3553 re
1492 3514 1585 3568 per
1611 3500 1942 3571 transfugas,
1977 3503 2137 3570 utfit,

563 3592 616 3646 in
669 3592 906 3645 hostium
948 3606 1167 3662 quoque
1210 3590 1614 3657 castrisdidita,
1646 3608 1988 3664 summopere
2017 3609 2139 3663 per-

561 3686 807 3738 turbatos
836 3683 1220 3755 Mustapharos,
1246 3701 1478 3754 quorum
1513 3686 1668 3754 legati
1706 3703 1829 3740 cum
1857 3697 2139 3756 peroptato

559 3775 870 3832 Graecorum
921 3791 1184 3851 responso
1236 3777 1468 3836 necdum
1514 3779 1861 3847 appulerant,
1911 3779 2138 3848 abiectis

557 3869 756 3924 animis
788 3870 869 3924 vel
897 3868 1124 3924 Muratis
1155 3885 1212 3924 se
1237 3871 1422 3940 gratiae
1440 3885 1505 3924 ac
1528 3869 1651 3925 fidei
1686 3871 2025 3940 permisisse,
2053 3875 2138 3929 vel

557 3961 682 4031 fuga
739 3961 900 4016 saluti
953 3961 1300 4016 consuluisse
1329 3979 1343 4016 :
1391 3959 1556 4037 435.
1584 3961 1730 4031 quod
1757 3960 1825 4014 ab
1859 3961 1976 4029 ipso
2002 3976 2141 4030 quo-

556 4068 664 4121 que
686 4052 965 4122 Mustapha
1005 4053 1233 4116 factum,
1287 4050 1520 4105 Zunaite
1559 4052 1816 4118 patritttm
1843 4053 1908 4106 ad
1933 4053 2136 4122 princi-

557 4151 742 4213 patum
783 4159 843 4199 se
889 4144 1206 4219 recipiente.
1250 4142 1605 4198 Memorabile
1655 4144 1904 4213 profecto
1949 4159 2136 4199 exem-

558 4237 732 4306 plum,
769 4252 876 4306 quo
907 4245 1064 4306 pacto
1094 4253 1491 4308 nonnunquam
1524 4237 1576 4291 in
1603 4236 1759 4291 bellis
1785 4253 1873 4292 res
1897 4238 2138 4294 maxime

558 4331 868 4386 rumoribus
911 4330 993 4384 vel
1043 4332 1338 4401 prosperis,
1373 4331 1456 4386 vel
1513 4330 1782 4396 adversis,
1830 4346 1954 4385 cum
1984 4331 2134 4387 -dex-

556 4420 771 4477 teritate
801 4419 1032 4493 sparsis,
1066 4421 1443 4492 perticiantur.

934 4536 1025 4594 88.
1053 4536 1220 4609 Baga,
1259 4534 1430 4604 Guba,
1464 4553 1559 4607 pro
1591 4535 1764 4608 Buga.

620 4652 740 4718 Quo
790 4653 908 4708 loco
959 4653 1059 4708 sita
1109 4653 1182 4709 sit
1223 4651 1393 4725 Buga,
1446 4655 1583 4709 satis
1612 4651 1838 4721 intelligi
1866 4659 2042 4724 potest
2068 4651 2135 4708 de

551 4744 755 4798 notatis
808 4745 1062 4815 superius
1101 4745 1168 4800 ad
1215 4760 1503 4800 numerum
1534 4746 1626 4800 24.
1661 4746 1704 4799 Α
1729 4743 2002 4815 Leopadio
2025 4762 2131 4801 non

551 4833 711 4904 longe
762 4836 947 4902 distat,
1005 4838 1274 4907 habetque
1331 4837 1535 4901 lacum,
1585 4853 1650 4892 ex
1705 4853 1815 4906 quo
1844 4847 2134 4907 promanat

551 4926 729 4979 amnis
796 4926 964 4997 Buga,
1016 4927 1222 4983 civitati
1283 4929 1659 4997 cognominis.
1716 4927 2130 4987 nocentioribus

549 5015 688 5072 Juba
735 5019 813 5073 vel
865 5019 1020 5075 Guba
1045 5021 1332 5084 scribitur,
1363 5020 1565 5074 litteris
1598 5022 1971 5091 transpositis.
2001 5025 2131 5076 Am-

553 5110 636 5164 nis
669 5109 837 5179 Buga,
882 5127 1044 5180 quem
1094 5112 1356 5173 diximus,
1400 5109 1647 5182 Lopadio
1682 5113 1894 5167 llumini
1930 5115 2130 5169 misce-

552 5217 659 5272 tur,
696 5204 838 5274 quod
887 5205 1069 5258 itidem
1109 5203 1330 5260 Graecos
1377 5205 1508 5260 olim
1549 5205 1904 5277 Rhyndacum
1945 5209 2129 5280 appel-

552 5297 694 5351 lasse
720 5295 882 5364 paulo
912 5301 1038 5346 ante
1068 5295 1398 5351 notavimus.

546 5411 617 5466 89
662 5410 956 5488 Cannenses
979 5410 1193 5480 quidam
1218 5411 1272 5465 in
1299 5411 1568 5482 Europam
1591 5414 1822 5472 Muralis
1852 5417 1913 5472 ll
1943 5421 2123 5488 copias

619 5491 770 5535 trans
824 5481 1242 5548 Heilespontum,
1319 5495 1536 5551 accepta
1585 5490 1817 5542 mercede
1865 5481 2119 5556 maxima,

615 5562 1004 5622 transportam.

614 5661 878 5718 Referunt
930 5663 1131 5731 Turci,
1190 5663 1478 5732 Muratem,
1530 5678 1588 5724 ut
1647 5669 1991 5742 Mnstapham
2035 5675 2119 5730 fu-

541 5756 779 5824 gientem
833 5757 1191 5826 opprimeret,
1223 5773 1346 5813 cum
1379 5777 1570 5817 omnes
1596 5763 1663 5818 ad
1709 5762 2114 5835 Hellespontum

541 5859 761 5918 propter
799 5849 1272 5920 Calliopolitanunt
1314 5855 1595 5926 trajectum
1633 5873 1800 5916 naves
1831 5860 1881 5915 in
1914 5872 2113 5936 terram

2255 1989 2382 2051 uici,
2402 2004 2566 2058 quam
2595 1992 2903 2050 annalium.
2931 2001 3152 2062 propter
3187 2005 3504 2050 nostrorum
3536 2000 3852 2056 hallucina-

2253 2083 2451 2147 tiones,
2499 2098 2736 2152 quorum
2776 2085 2868 2138 alii
2913 2096 3168 2140 navatam
3214 2087 3360 2143 hanc
3394 2087 3603 2144 Turcis
3637 2093 3793 2148 aiunt
3823 2110 3846 2148 ι

2251 2173 2633 2232 Genuensibus
2695 2191 2918 2246 operam
2971 2186 3218 2248 tempore
3275 2181 3470 2249 prima:
3527 2183 3841 2241 Turcorum

2251 2268 2661 2335 transjectionis
2705 2270 2759 2324 in
2811 2269 3110 2341 Eumpam,
3153 2273 3206 2326 in
3237 2274 3445 2342 quibus
3474 2286 3570 2332 est
3611 2276 3840 2333 Nicolai-

2249 2358 2368 2424 des,
2413 2359 2484 2415 de
2529 2377 2640 2431 quo
2684 2378 2851 2432 supra
2903 2364 3110 2420 dictum
3151 2381 3385 2420 numero
3435 2378 3710 2424 notarum
3735 2373 3830 2425 ti:

2249 2451 2341 2508 alii
2397 2453 2645 2509 referunt
2692 2456 2758 2510 ad
2808 2457 2860 2512 id
2908 2465 3146 2528 tempus,
3188 2473 3297 2530 quo
3325 2460 3582 2516 rescissis
3609 2465 3813 2520 auctori.

2249 2553 2357 2600 tate
2414 2546 2688 2616 pontiﬁcis
2737 2549 2996 2615 induciis,
3039 2566 3178 2622 quas
3241 2552 3554 2612 Vladislaus
3607 2558 3824 2612 Polonus

2247 2634 2500 2706 Ungariic
2547 2653 2642 2692 rex
2702 2653 2827 2694 cum
2884 2639 3099 2697 Murate
3153 2652 3348 2712 pactus
3403 2643 3597 2707 fuerat,
3652 2647 3836 2715 Euge-

2247 2727 2373 2784 nius
2414 2727 2479 2783 IV
2519 2731 2781 2800 pontifex,
2834 2741 2891 2787 et
2934 2730 3101 2789 Italia:
3131 2734 3429 2805 principes,
3455 2734 3663 2804 Ungaro
3692 2753 3826 2805 pro-

2246 2820 2534 2886 miserunt,
2574 2838 2634 2878 se
2669 2823 2993 2881 triremibus
3016 2826 3348 2883 obsessores
3377 2827 3782 2898 Hellespontum
3808 2849 3826 2886 :

2244 2927 2357 2981 quo
2414 2913 2597 2969 minus
2641 2930 2708 2969 ex
2753 2915 2880 2970 Asia
2932 2917 3191 2984 Murates,
3249 2922 3340 2974 ubi
3389 2921 3589 2976 bellum
3641 2935 3840 2978 contra

2243 3001 2602 3058 Caramanum
2651 3007 2902 3075 gerebat,
2962 3009 3016 3063 in
3075 3009 3347 3078 Europam
3410 3015 3836 3078 transmittere,

2243 3106 2583 3168 conatusque
2624 3096 2884 3155 Vladislai
2956 3102 3136 3172 regis,
3181 3102 3393 3175 Europa
3449 3104 3674 3164 Turcos
3728 3109 3841 3178 eje-

2243 3188 2406 3251 cturi,
2448 3199 2632 3258 posset
2665 3191 2950 3262 impedire.
2999 3194 3120 3260 Quo
3163 3211 3296 3253 sane
3330 3207 3602 3268 tempore,
3639 3202 3690 3256 si
3729 3201 3835 3257 Ge-

2243 3294 2476 3336 nuenses
2520 3286 2958 3353 transportandis
2997 3285 3194 3344 Turcis
3233 3305 3470 3362 operam.
3508 3292 3719 3349 Murali
3753 3313 3845 3352 na.

2241 3382 2502 3440 vasscnt,
2559 3389 2659 3430 ceu
2713 3377 2956 3446 pessime
3023 3379 3091 3435 de
3136 3390 3247 3436 tota
3309 3384 3498 3439 meriti
3551 3389 3840 3457 republica

2242 3459 2554 3519 Christiana
2601 3465 2743 3522 diris
2789 3468 3036 3524 omnium
3080 3470 3261 3527 devoti
3304 3472 3564 3531 fuissent.
3597 3477 3719 3535 Sed
3742 3480 3844 3538 hoc

2241 3552 2461 3622 quidem
2513 3569 2607 3611 eos
2648 3555 2922 3616 Laonicus
2961 3569 3016 3616 et
3046 3561 3290 3620 Annales
3335 3563 3389 3620 hi
3423 3565 3839 3628 criminelihe-

2241 3651 2395 3709 rant,
2446 3660 2570 3701 eum
2622 3648 2852 3704 interim
2883 3653 3067 3722 negari
3115 3666 3371 3726 nequeat,
3399 3659 3544 3718 hanc
3575 3661 3840 3724 Genuen-

2239 3734 2380 3789 sium
2403 3773 2420 3800 ,
2448 3737 2802 3806 privatorum
2821 3749 3004 3798 tamen
3036 3745 3334 3806 hominum.
3354 3766 3608 3820 operam,
3653 3758 3713 3813 in
3745 3759 3827 3813 bo:

2242 3833 2485 3895 tempore
2511 3839 2698 3886 contra
2738 3832 3084 3905 Mustapham
3119 3839 3314 3896 Murati
3348 3845 3699 3916 praestitam,
3738 3867 3802 3906 ne:

2241 3917 2357 3972 leve
2384 3917 2702 3978 Graecorum
2721 3925 2886 3982 rebus
2909 3930 3165 3989 attulisse
3189 3933 3473 3998 damnum,
3499 3953 3569 3993 ac
3600 3946 3815 4010 pruinis

2239 4011 2454 4066 caeteris
2498 4014 2665 4069 etiam
2725 4020 2892 4076 totius
2951 4019 3182 4093 Europre
3230 4027 3448 4096 populis
3493 4029 3838 4090 Christianis.

2240 4101 2411 4159 fuisse
2455 4108 2695 4164 noxiam.
2731 4110 2963 4170 Bolairis
2995 4125 3050 4170 et
3098 4116 3254 4174 Escae
3297 4121 3544 4188 planitiei
3586 4125 3721 4184 loca
3750 4145 3834 4183 su-

2238 4195 2426 4265 perius
2446 4201 2694 4269 exposita
2721 4213 2851 4259 sunt
2883 4221 3116 4264 numero
3140 4209 3232 4265 25.
3254 4210 3490 4268 Tantum
3520 4215 3616 4273 hic
3644 4222 3837 4276 obser-

2239 4289 2505 4358 vandum,
2553 4294 2773 4350 nomine
2805 4297 2979 4355 Boleri
3013 4301 3128 4357 sive
3169 4302 3424 4371 Bolairis,
3451 4309 3630 4366 etiam
3676 4318 3840 4385 oppi-

2238 4382 2367 4435 dum
2416 4384 2504 4438 hic
2533 4385 2698 4440 situm
2733 4390 2979 4462 intelligi.
3017 4392 3206 4451 Mortis
3245 4412 3439 4467 genus,
3481 4417 3599 4472 quo
3631 4382 3844 4462 Mus'ta-

2238 4473 2402 4543 pham
2438 4476 2680 4535 Murates
2706 4481 2856 4537 allici.
2883 4483 3149 4554 jusserit,
3181 4489 3445 4545 nimirum
3471 4503 3530 4548 ut
3559 4494 3634 4551 de
3664 4500 3847 4568 pinna,

2237 4567 2476 4660 quadam
2512 4586 2796 4628 murorum
2825 4577 2976 4632 urbis
3010 4576 3548 4652 Hadrianopolitanis
3582 4567 3845 4660 suspen-

2238 4658 2497 4727 deretur,
2542 4678 2572 4717 a
2613 4662 3054 4741 Chalcocondyle
3103 4672 3335 4734 silentio,
3373 4658 3758 4752 praeteritum,
3819 4700 3854 4748 a

2237 4749 2431 4810 Turcis
2467 4757 2746 4814 memoriae
2780 4763 3047 4829 proditur.

2393 4878 2398 4881 τ
2427 4849 2517 4905 90.
2559 4848 2758 4907 Lazari
2786 4856 2911 4923 duo,
2953 4857 3150 4915 Servio:
3180 4861 3407 4928 despotic
3432 4865 3620 4922 simul.

2305 4936 2402 4996 His
2450 4945 2610 5000 annis
2659 4945 2940 5004 Bonllnius
2969 4965 3095 5005 cum
3145 4970 3252 5010 uno
3295 4957 3555 5030 Georgio,
3590 4964 3851 5038 despota

2233 5033 2601 5092 Roxiaoorum
2651 5040 2766 5094 sive
2809 5039 3204 5110 Razianorum,
3246 5051 3341 5118 qui
3373 5059 3428 5105 et
3459 5051 3675 5121 Servii,
3711 5033 3856 5114 bino

2230 5135 2402 5182 ratem
2437 5129 2574 5183 bella
2599 5130 2834 5202 gessisse
2875 5134 3124 5204 scripsit.
3157 5138 3400 5196 Annales
3435 5158 3568 5199 vero
3592 5145 3851 5208 Turcici

2231 5219 2490 5284 tradunt,
2527 5236 2671 5276 anno
2705 5221 3023 5281 Christiano
3057 5226 3193 5281 1427
3227 5227 3497 5286 Lazarum
3529 5233 3854 5308 despotam

2227 5327 2412 5367 senem
2466 5313 2673 5369 ditione
2704 5331 2803 5370 sua
2835 5332 3064 5384 prorsus
3093 5332 3348 5390 exutum,
3400 5325 3698 5396 nihiloque
3733 5337 3857 5390 mi-

2227 5421 2331 5460 nus
2399 5422 2544 5461 almo
2586 5411 2838 5479 sequenti
2881 5413 3133 5482 proximo
3178 5416 3480 5486 Muratem,
3506 5420 3852 5486 instaurate

2225 5497 2398 5564 bello,
2441 5499 2632 5556 Lazari
2666 5504 2940 5573 regionem
2967 5506 3279 5567 universam
3310 5513 3636 5582 populatum
3675 5533 3846 5576 esse.

2221 5589 2432 5658 Quibus
2465 5608 2531 5648 ex
2584 5596 2762 5652 verbis
2796 5599 3044 5668 equidem
3093 5603 3318 5672 colligo,
3364 5608 3588 5663 nomine
3616 5609 3845 5670 Lazari

2220 5683 2367 5738 senis
2421 5685 2648 5755 intelligi
2707 5687 3071 5759 Stephanum,
3115 5693 3309 5760 Lazari
3364 5699 3528 5766 primi
3597 5700 3838 5772 filium,

2219 5790 2379 5844 quem
2425 5776 2663 5836 Murates
2691 5798 2859 5852 regno
2901 5784 3128 5854 cjecerit
3171 5805 3184 5843 :
3211 5789 3305 5844 sed
3330 5790 3400 5844 ab
3429 5792 3554 5863 ejus
3585 5793 3709 5853 lilio
3741 5814 3838 5853 re-

2219 5876 2429 5938 ceptam
2477 5887 2600 5928 mox
2646 5873 2929 5942 ditionem,
2991 5894 3022 5940 a
3079 5877 3284 5936 Muratc
3333 5883 3608 5954 direptam
3657 5903 3832 5956 anno
