4018 6422
200 389 300 458 δυι

205 601 560 671 Belgradum,
594 609 826 666 quorum
861 609 951 646 rex
1006 592 1256 645 Albertus
1305 589 1622 642 Austriacus
1670 603 1789 640 eam

211 696 573 751 munitionem
622 705 649 742 a
710 685 943 756 Georgio
982 685 1212 754 despota
1291 681 1605 736 Serviorum
1664 679 1787 749 jure

213 788 548 850 donationis,
601 793 655 836 ut
694 781 912 844 Lazius,
969 780 1084 847 lege
1134 775 1579 847 permutationis,
1617 784 1674 826 ut
1697 771 1788 826 alii

221 882 570 951 scripserunt,
594 883 924 928 consecutus
947 871 1142 923 fuerat.
1167 869 1220 920 In
1259 867 1557 920 Austriacis
1595 879 1791 934 genea-

215 975 372 1042 logiis
406 970 656 1023 Laziauis
687 965 801 1018 haec
840 964 1070 1032 legimus
1101 979 1114 1014 :
1149 961 1372 1014 Alberlo
1431 958 1671 1012 secundo
1702 956 1788 1007 vix

209 1067 359 1136 regni
436 1059 804 1132 gubernacula
878 1057 1164 1124 ingresso,
1233 1054 1519 1105 Amurates
1579 1047 1784 1104 Servire

202 1163 486 1228 ila-spotam
519 1154 766 1212 adortus,
798 1150 989 1204 Albam
1039 1143 1281 1200 Graecam
1335 1143 1403 1197 ai
1453 1141 1790 1196 conﬂuentes

202 1248 436 1302 Danubii
469 1255 522 1298 et
553 1244 677 1298 Savi
706 1242 966 1312 positam,
996 1249 1186 1290 natura
1220 1245 1274 1290 et
1307 1247 1468 1303 opere
1503 1233 1792 1294 munitam,

200 1339 494 1396 obsidione
555 1336 775 1405 cingere
833 1331 1127 1401 cogitabat,
1180 1327 1326 1380 omni
1374 1341 1569 1394 genere
1620 1338 1794 1392 appa-

201 1445 362 1489 ratus
393 1443 534 1487 terra
564 1439 613 1485 et
669 1444 811 1498 aqua
846 1427 1174 1480 instructus.
1211 1419 1387 1486 Quam
1424 1419 1529 1472 vim
1576 1433 1642 1471 ac
1697 1431 1794 1486 po-

200 1528 432 1580 tentiam
469 1521 641 1576 hostis
672 1520 896 1585 despota
930 1515 1306 1574 considerans,
1355 1526 1461 1580 quo
1486 1509 1538 1563 in
1570 1508 1788 1564 cretei-is

197 1619 424 1674 tuendis
463 1615 664 1669 autilio
699 1612 801 1666 sibi
834 1624 928 1663 rex
985 1607 1243 1661 Albertus
1275 1609 1446 1667 esset,
1482 1601 1795 1655 munimen-

197 1725 321 1767 tum
373 1708 505 1763 illud
559 1707 610 1760 ei
665 1701 916 1758 donavit.
963 1700 1045 1753 Ab
1086 1700 1188 1752 hoc
1219 1695 1493 1750 Huniades
1534 1693 1611 1747 illi
1676 1694 1812 1746 loco.

198 1805 518 1878 praeficitur,
550 1799 620 1853 ob
676 1797 793 1866 ejus
824 1794 1100 1864 singulare
1135 1797 1477 1845 momentum
1521 1803 1537 1840 :
1589 1787 1794 1856 quippe

1373 370 1774 442 PANDECTE
1813 369 1986 438 i-IlST
2051 371 2357 435 'l‘lfliClC.

204 509 522 564 lionlinius.
603 502 732 557 Erat
785 499 918 555 tunc
976 501 1028 552 in
1094 486 1440 567 'Ungarorum
1517 504 1789 565 potestate
1822 499 1866 553 Α
1897 492 2061 547 scaclt
2107 490 2426 543 Teelimas:

3381 371 3487 435 802

2481 495 2531 538 et
2596 485 2740 538 idem
2804 481 3092 552 Bagtamas
3147 481 3346 551 eidem,
3394 490 3485 555 qui

1906 585 2061 640 nobis
2095 583 2200 652 Beg
2257 578 2481 643 Tamas,
2516 581 2597 633 vel
2632 577 2903 634 Techmas
2964 578 3084 646 beg,
3132 577 3182 631 id
3245 587 3349 644 est,
3389 579 3483 632 do-

1903 683 2082 736 minus
2112 679 2190 733 vel
2206 680 2457 749 princeps
2479 672 2770 730 'l'eclimas.
2789 672 2881 731 Sic
2908 688 2960 730 et
2984 674 3216 730 Tzanisa
3243 674 3489 746 Philippo

1902 774 2209 843 Bergomati
2238 782 2324 827 est
2359 773 2522 826 scacli
2556 768 2892 825 TLtﬂOl'um.
2937 768 3098 822 Edzis
3127 770 3243 837 begi
3276 770 3489 825 natales

1900 868 1966 921 ad
2001 868 2150 920 illum
2184 866 2384 921 Edzein
2441 865 2636 935 beguni
2689 864 2888 922 refero,
2939 862 3030 930 qui
3069 864 3170 916 sub
3234 860 3489 916 Urchane

1901 959 2194 1014 Soleimani
2263 957 2537 1014 Urclianis
2597 956 2707 1011 lilio
2759 957 3042 1010 militavit:
3097 971 3150 1009 et
3202 965 3487 1024 propterea

1902 1055 2069 1122 begos
2100 1054 2199 1108 hos
2249 1053 2460 1106 Edzeos
2504 1053 2639 1123 ipsis
2671 1051 2833 1105 etiam
2881 1049 3232 1112 Eurcnesiis,
3281 1059 3335 1103 et
3369 1048 3489 1102 aliis

1901 1148 2268 1201 nobilioribus
2298 1145 2612 1200 Turcorum
2661 1144 2905 1210 familiis,
2940 1143 3244 1199 secundum
3295 1141 3488 1196 Osma-

1898 1240 2074 1306 nidus,
2113 1238 2482 1310 praeferendos
2519 1249 2673 1308 puto.

1904 1353 2029 1406 105.
2055 1350 2226 1406 Mesid
2247 1354 2352 1424 _beg
2402 1353 2731 1424 interfectus,
2759 1351 3108 1424 P‘annodacia
3137 1393 3152 1417 ,
3184 1352 3485 1418 Ardelium,

2235 1421 2417 1481 Erit‘el.
2451 1421 2551 1475 seu
2576 1422 2745 1483 [ἐνίει.
2785 1421 3112 1475 Tosibinium
3139 1462 3153 1483 .

2401 1493 2621 1546 Launici
2670 1491 3008 1548 Cudunidas.

1974 1586 2208 1642 Narrant
2259 1589 2487 1641 annales
2533 1584 2778 1649 Turcici.
2828 1587 3088 1640 mandato
3122 1585 3350 1641 Muratis
3379 1584 3490 1640 Me-

1904 1680 2065 1735 sitem
2131 1681 2327 1749 begnm
2383 1696 2478 1748 per
2527 1678 2843 1733 Valacbiam
2897 1679 2951 1733 in
3013 1679 3312 1748 Ungariam
3365 1695 3487 1734 cum

1903 1774 2150 1827 exercitu
2193 1781 2533 1841 penetrasse,
2585 1773 2678 1826 sed
2709 1772 2968 1827 onmibus
3020 1773 3095 1826 ibi
3155 1785 3278 1826 cum
3312 1773 3490 1841 cepiis

199 1857 305 1878 r'”
376 1857 379 1858 ν
507 1857 518 1866 ι
705 1857 723 1866 -
916 1857 942 1864 -

197 1901 302 1969 qui
337 1901 402 1952 ad
438 1896 602 1950 trium
657 1891 940 1946 ﬂuminum
971 1885 1308 1942 conﬂuentes
1363 1885 1525 1946 situs,
1563 1880 1706 1935 Savo
1742 1881 1794 1934 in

1917 1864 2076 1920 Fuisse
2107 1880 2335 1920 caesum.
2369 1864 2464 1918 Hic
2493 1865 2730 1934 primum
2768 1865 2976 1918 notabit
3008 1863 3200 1931 lector,
3241 1857 3487 1919 Mesiieiii

203 1993 461 2051 Italiam,
524 1985 664 2040 Istro
721 1983 774 2036 in
838 1980 1119 2035 Austriam
1194 1984 1358 2046 atque
1417 1971 1795 2035 Germaniam,

199 2084 432 2137 'l‘ibisco
477 2078 712 2147 denique
760 2074 815 2129 in
862 2071 1368 2142 Transsylvaniam,
1424 2066 1706 2120 Poloniam
1746 2072 1801 2117 et

204 2175 545 2236 Moraviam,
611 2169 757 2224 hosti
813 2165 1220 2238 potentissimo,
1266 2161 1411 2215 viam
1475 2163 1799 2214 ostentaret.

211 2269 462 2322 Adventu
493 2262 693 2319 Alberti
730 2277 851 2317 cum
883 2259 1075 2328 cepiis,
1101 2257 1251 2311 Alba:
1284 2253 1498 2308 obsidio
1552 2249 1797 2305 solvitur.

215 2356 496 2410 Hactenus
523 2351 774 2414 Laziana,
798 2363 922 2418 quae
947 2360 1134 2401 errore
1181 2359 1288 2398 non
1310 2351 1522 2406 carent,
1551 2355 1676 2394 cum
1709 2338 1808 2391 do-

215 2448 572 2505 rniuationem
652 2442 1034 2506 intervenisse,
1104 2453 1213 2491 non
1295 2431 1753 2506 permutationem
1787 2471 1803 2496 ,

212 2543 458 2597 tradunt.
509 2538 808 2594 Audiamus
853 2541 906 2587 et
957 2529 1302 2585 Laonieum.
1370 2527 1549 2591 Erat,
1605 2525 1806 2594 inquit,

211 2634 342 2688 huic
385 2633 438 2687 in
489 2629 769 2685 Pannonia
819 2639 929 2678 non
975 2619 1382 2678 contemnenda
1432 2617 1580 2687 regio
1615 2655 1630 2678 ,
1683 2630 1806 2668 cum

211 2725 442 2778 urbibus
500 2721 687 2776 multis
749 2725 804 2771 et
863 2713 1137 2784 opulentis
1168 2749 1184 2773 ,
1229 2722 1368 2778 quas
1413 2702 1813 2774 permutatione

211 2828 359 2881 facta
389 2831 513 2867 cum
537 2811 908 2880 Sigismundo,
927 2821 1026 2877 pro
1049 2801 1316 2869 Belgrado
1350 2799 1638 2854 Eleazarus
1665 2806 1812 2848 acce'

214 2918 389 2980 perat.
409 2907 534 2960 llaec
556 2907 698 2958 enim
725 2902 860 2956 urbs
883 2901 1022 2954 mire
1054 2896 1303 2968 placebat
1352 2889 1488 2960 regi,
1521 2901 1581 2944 ut
1612 2899 1813 2956 oppor-

217 3017 374 3069 tuna,
407 3011 626 3072 prOpter
656 3008 845 3068 portus
881 2991 1345 3050 commoditatem.
1366 2985 1577 3052 Quippe
1597 2981 1817 3050 Belgra-

215 3101 347 3154 duin
398 3099 614 3152 duobus
639 3090 1038 3148 circumlinitur
1067 3084 1272 3139 ﬂuviis.
1309 3082 1390 3134 Ab
1433 3092 1544 3133 uno
1562 3075 1718 3138 Ister,
1747 3073 1816 3128 ab

212 3195 390 3248 altero
425 3192 592 3246 latere
626 3190 801 3244 Savus
828 3185 968 3247 ﬂuit,
1001 3181 1093 3252 qui
1141 3179 1270 3233 istic
1301 3175 1354 3229 in
1397 3173 1588 3229 Istrum
1636 3167 1816 3224 eﬂuu-

1904 1958 2146 2012 Laonico
2203 1959 2311 2012 dici
2374 1958 2658 2022 Mezetem,
2714 1957 2946 2027 Europa:
2995 1958 3337 2027 praefectum,
3386 1958 3490 2010 ltOc

1903 2059 2010 2116 est,
2069 2048 2350 2105 Romania:
2400 2050 2808 2120 beglerbegum,
2868 2050 3119 2104 Bonlinio
3164 2049 3488 2103 Mezethum.

1906 2144 2184 2200 Valachia:
2235 2161 2365 2199 vero
2454 2144 2718 2208 nomine,
2786 2144 3204 2213 Transalpinam
3271 2145 3356 2197 hic
3409 2143 3490 2196 in-

1907 2236 2118 2306 telligi,
2175 2248 2398 2292 anetore
2460 2236 2754 2304 Bonlinio,
2791 2238 2860 2293 de
2918 2253 3024 2307 qua
3084 2237 3340 2306 snperlus
3390 2253 3491 2291 nu—

1909 2347 2064 2386 mero
2095 2332 2155 2384 7|
2197 2333 2428 2387 dictum.
2457 2331 2614 2398 Quod
2651 2341 2830 2386 autem
2857 2332 3075 2400 jussum
3108 2329 3347 2386 referant
3381 2330 3490 2384 Me-

1910 2426 2067 2480 sitem
2095 2427 2307 2494 ingredi
2343 2425 2660 2496 Ungariam,
2690 2425 3069 2495 accipiendum
3092 2426 3161 2480 de
3193 2424 3491 2497 Transsyl-

1912 2521 2070 2573 vania
2104 2534 2118 2572 :
2153 2535 2318 2587 quam
2351 2519 2458 2573 hoc
2493 2520 2635 2586 loco,
2667 2519 2814 2574 sicut
2845 2519 2970 2574 alibi
3000 2534 3244 2589 quoque,
3278 2516 3494 2572 Panno-

1912 2611 2125 2666 daciam
2155 2609 2432 2666 Laonicns
2467 2627 2493 2665 a
2548 2608 2905 2666 Pannonibus
2937 2610 3052 2666 sive
3090 2608 3380 2666 PteOnibus
3438 2619 3493 2663 ct

1913 2702 2112 2768 Dacis,
2151 2719 2244 2770 qui
2288 2700 2518 2757 Valachi
2559 2702 2763 2771 gemini
2794 2710 2948 2766 sunt,
2982 2717 3012 2756 a
3043 2701 3248 2772 quibus
3283 2697 3491 2754 Trans-

1918 2795 2165 2866 sylvania
2214 2797 2612 2862 circumdatur,
2649 2797 2907 2867 appellat.
2930 2793 3075 2850 idem
3112 2812 3234 2850 mox
3271 2795 3496 2866 subjicit

1921 2893 2034 2948 haec
2059 2893 2255 2946 verba:
2281 2891 2636 2947 Pannodaciaa
2661 2893 2810 2962 regio
2852 2891 3128 2946 Ardelium
3153 2889 3493 2944 nominatur.

1923 2987 2087 3040 Addit
2114 2987 2282 3040 etiam
2311 3028 2324 3047 ,
2365 2985 2709 3054 metropolim
2745 2985 2910 3053 hujus
2935 3001 3058 3039 esse
3092 2981 3439 3038 Tosibinium
3475 3000 3490 3035 :

1919 3093 2042 3148 quae
2074 3077 2240 3149 438
2269 3095 2368 3132 vox
2398 3080 2676 3146 quomodo
2710 3079 2778 3132 ab
2812 3081 3105 3146 interprete
3135 3087 3392 3148 corrupta
3426 3079 3494 3132 sit

1922 3186 1985 3225 ex
2021 3171 2256 3231 Cibinio,
2294 3173 2440 3240 quod
2505 3185 2653 3224 nunc
2706 3179 2887 3224 manet
2943 3169 3086 3238 apud
3114 3167 3366 3239 Ungaros
3398 3185 3498 3222 no-

212 3229 390 3248 αιιων
425 3229 592 3246 ...ων
627 3229 801 3244 υνυς
1004 3229 1093 3252 ν-
2246 3229 2252 3231 _
2313 3229 2327 3240 _
2981 3229 2994 3238 -
3205 3229 3234 3239 υ

212 3288 386 3340 ιιίιυΐο
442 3283 582 3354 Ergo
627 3279 826 3335 Latius
867 3291 932 3330 ει
976 3265 1414 3338 Chalcocondyle
1438 3261 1815 3332 corrigenduS.
1843 3229 1889 3292 ϐ
1925 3278 2074 3327 men,
2109 3272 2164 3316 et
2196 3261 2489 3317 Germanis
2518 3271 2600 3316 est
2628 3261 3093 3324 Hermestadium,
3123 3275 3287 3327 sopra
3323 3260 3501 3328 capite

129 3455 134 3460 α
216 3391 280 3436 ut
303 3383 758 3451 permutationem
797 3372 1401 3433 factamsciamus,non
1444 3361 1816 3418 donationem,

224 3492 293 3530 ac
337 3472 585 3526 vicissim
618 3465 1082 3534 Chalcocondyles
1119 3456 1496 3516 emendandus
1528 3467 1592 3507 ex
1631 3450 1816 3507 Lazio.

225 3581 328 3636 pro
347 3560 700 3633 Sigismundo
720 3567 779 3612 ut
803 3555 1074 3618 Albertus,
1098 3567 1197 3621 pro
1245 3551 1500 3602 Eleazaro
1552 3540 1821 3608 Georgius

223 3667 480 3729 ponatur.
520 3651 800 3708 Boulinius
866 3649 1025 3703 etiam
1085 3647 1199 3714 ipsa
1243 3643 1360 3695 loca
1413 3645 1678 3698 recenset,
1699 3645 1821 3702 qua

221 3721 324 3820 pro
350 3746 615 3816 Belgrade
643 3744 741 3796 hac
765 3738 1170 3811 permutatione
1198 3731 1469 3797 Georgius
1507 3721 1780 3792 acceperit
1803 3737 1816 3774 :

217 3813 746 3897 castella—nimirum
805 3832 942 3894 hac,
1006 3823 1379 3880 Zaloukemen
1434 3813 1819 3887 (Salankemen

218 3933 490 3988 vocabant
509 3929 679 3983 nostri
700 3925 926 3980 comites
950 3937 967 3978 :
988 3923 1152 3976 situm
1181 3927 1264 3971 est
1288 3928 1452 3984 supra
1476 3906 1820 3978 Belgradum,

228 4029 296 4079 ad
333 4028 504 4095 ripam
536 4019 794 4084 Danubii,
826 4033 857 4072 e
880 4016 1098 4086 regione
1124 4012 1295 4080 ipsius
1321 4006 1446 4060 ostii
1469 4002 1696 4065 Tibisci,
1727 3999 1819 4067 qui

225 4135 290 4174 se
315 4121 367 4173 in
384 4090 683 4172 l)anubium
712 4113 799 4166 hic
831 4105 1140 4173 exonerat),
1161 4099 1418 4160 Becbien,
1449 4095 1650 4164 Kelpeu
1683 4090 1822 4161 (Un-

227 4213 345 4286 gari
371 4203 832 4278 Kerpendicunt),
871 4200 1312 4268 Vilagosuarum,
1348 4187 1636 4249 Tocaiuin,
1670 4183 1825 4238 Mon-

228 4278 458 4360 cachum
495 4298 724 4373 (Ungari
757 4292 1102 4350 Muncazium
1135 4282 1462 4350 nominant),
1487 4278 1820 4342 Tltaalliam,

227 4368 549 4468 Bagesum:
592 4368 791 4460 oppida
837 4398 968 4439 vero
1007 4381 1144 4443 haec,
1187 4375 1566 4432 Zathmarum,
1631 4368 1824 4422 Bezer'

227 4506 398 4555 mem,
430 4487 726 4544 Debrezen,
756 4477 1022 4538 Thurum,
1059 4471 1394 4532 Varsanum,
1425 4472 1480 4518 et
1513 4461 1643 4516 alia.

694 4571 820 4626 101.
859 4566 1036 4631 Nova,
1079 4559 1383 4631 Novogrod.

305 4667 439 4735 Quae
467 4661 663 4719 Turcis
705 4672 759 4717 et
786 4657 1007 4717 Groatis
1055 4653 1207 4706 Nove
1231 4649 1456 4709 dicitur,
1489 4641 1638 4698 arcis
1667 4654 1820 4693 nova:

230 4759 690 4832 significationem
724 4754 908 4816 habet,
938 4752 992 4804 in
1028 4744 1234 4802 Serv-im
1276 4739 1479 4794 ﬁnibus
1507 4735 1632 4790 sita.
1669 4730 1820 4784 Nunc

233 4828 438 4910 ibidem
473 4849 764 4920 sangiacus
797 4853 881 4901 est
901 4841 1196 4900 Turcicus,
1226 4830 1491 4903 lBudeusi
1544 4828 1823 4920 subjectus

237 4919 597 5014 beglerbego,
633 4957 760 4997 cum
809 4937 1032 4993 nomine
1078 4922 1544 4997 Novogrodensis.
1605 4919 1824 4973 Primus

235 5042 380 5096 hanc
404 5037 638 5092 Murates
689 5034 854 5103 cepit,
902 5029 998 5084 sed
1043 5020 1341 5081 Christiani
1390 5019 1821 5084 recuperarunt:

228 5147 289 5193 et
325 5134 428 5191 sub
461 5131 798 5187 Muchemcte
828 5122 1070 5178 secundo
1091 5130 1286 5172 rursus
1342 5126 1461 5166 eam
1495 5107 1819 5161 amiserunt:

229 5236 292 5286 in
353 5228 512 5296 cujus
574 5225 682 5277 vita
737 5221 804 5274 de
841 5219 943 5272 hac
1005 5211 1254 5282 quietiam
1311 5202 1639 5274 adjiciemus
1694 5195 1823 5260 alia,

230 5323 418 5391 capite
447 5328 705 5373 notarum
757 5312 884 5367 l32.

467 5412 592 5467 NH.
636 5406 805 5462 Scach
833 5401 1037 5460 Abedin
1064 5401 1244 5459 bassa,
1276 5391 1582 5448 Sabatina.

308 5508 478 5574 Quia
541 5501 742 5556 Turcis
813 5496 904 5549 hia:
966 5492 1282 5546 nominatus
1348 5483 1510 5538 scacl-i
1593 5475 1825 5538 Abedin,

232 5569 391 5660 Italis
434 5595 715 5653 historicis
766 5586 1086 5648 Sciabadin,
1145 5598 1208 5636 ex
1262 5578 1537 5637 Bonlinio,
1600 5569 1832 5626 Chalce-

241 5694 466 5765 condyli
498 5689 788 5748 Sabatines
821 5682 1107 5739 eunuchus
1130 5685 1234 5741 est,
1258 5673 1416 5744 quasi
1448 5669 1519 5725 Sa
1572 5663 1826 5720 Badines.

235 5789 337 5845 Sic
369 5758 682 5853 B'usbequio
719 5778 1007 5850 Sagtamas
1031 5770 1326 5826 Persarum
1351 5780 1446 5819 res
1482 5771 1603 5826 est,
1631 5758 1724 5827 qni
1776 5764 1834 5808 et

235 5880 409 5939 nobis
448 5888 503 5935 ct
542 5848 677 5944 ipsis
726 5848 928 5930 dicitur
1004 5867 1172 5925 scach
1220 5859 1444 5925 Tamas,
1488 5853 1572 5910 vel
1629 5848 1833 5906 rectius

1923 3365 2180 3410 notarum
2220 3353 2287 3407 12
2321 3355 2631 3408 docuimus.
2679 3355 2745 3408 Et
2787 3363 2921 3408 sunt
2963 3351 3210 3421 profecto
3244 3361 3502 3419 corrupta

1922 3449 2156 3502 mirifice
2218 3447 2272 3500 in
2331 3447 2480 3501 edito
2521 3446 2765 3498 Laonico
2799 3445 3060 3498 vocabula
3101 3445 3341 3514 propria.
3367 3440 3503 3508 Quis

1922 3537 2270 3593 Cudunidam
2333 3537 2604 3608 cogitaret
2642 3550 2765 3590 esse
2813 3533 3176 3595 Culionidem,
3209 3533 3314 3585 nisi
3347 3531 3505 3585 valde

1924 3631 2136 3700 peritus
2167 3642 2357 3680 eorum
2393 3635 2705 3694 temporum
2746 3624 2993 3677 historiae
3021 3623 3044 3675 ?
3073 3621 3506 3676 Bai'tliolomteus

1926 3724 1971 3776 is
2025 3731 2170 3775 certe
2231 3719 2509 3772 Colliouus
2564 3727 2704 3779 erat,
2761 3717 2961 3770 nobilis
3009 3716 3117 3768 dux
3165 3715 3500 3782 Bergomas:

1928 3816 2088 3886 cujus
2123 3815 2286 3867 etiam
2335 3812 2566 3880 gentiles
2595 3810 2637 3863 si
2668 3820 2825 3862 natos
2853 3808 2976 3877 quis
3021 3807 3167 3861 dicat
3196 3822 3260 3861 ex
3295 3805 3502 3859 familia

1926 3909 1992 3964 de
2041 3905 2478 3964 Collisionibns,
2525 3905 2648 3972 quis
2710 3901 2958 3955 divinare
2993 3914 3113 3952 mox
3160 3907 3366 3968 posset,
3403 3897 3504 3949 hos

1926 4012 2078 4056 ortos
2110 3998 2315 4052 familia
2345 3996 2609 4050 nobilium
2640 3995 3044 4064 Bet‘gonuatuttt,
3074 3993 3273 4058 quibus
3304 4004 3504 4044 nomen

1927 4096 1998 4150 sit
2029 4109 2058 4147 a
2117 4090 2460 4145 Collionibus
2495 4087 2518 4142 ?
2549 4088 2625 4140 Ita
2667 4087 2926 4140 nimirum
2983 4093 3240 4152 corrupta
3295 4098 3396 4136 vox
3430 4081 3506 4135 le-

1927 4190 2071 4262 gitur
2106 4189 2160 4242 in
2189 4189 2298 4242 vita
2329 4185 2519 4240 Karnli
2562 4182 2742 4251 quarti
2794 4180 3047 4252 Augusti,
3077 4196 3238 4252 quam
3272 4176 3506 4234 Reineco

1926 4285 2045 4338 cius
2077 4291 2260 4336 noster
2289 4279 2606 4350 publicavit.
2638 4279 2717 4331 Ad
2755 4277 3034 4329 annalium
3071 4283 3390 4328 nostrorum
3421 4287 3508 4327 se-

1927 4376 2061 4428 riem
2100 4383 2157 4426 ut
2216 4374 2523 4432 redeamus,
2571 4377 2694 4423 erat
2751 4368 2800 4420 id
2833 4366 3095 4434 temporis
3123 4363 3325 4418 Ardelii
3357 4363 3508 4431 regio

1928 4470 2101 4534 (nunc
2147 4464 2382 4534 Ungaris
2416 4462 2562 4516 Ertel
2595 4459 2795 4514 dicitur
2819 4461 2836 4524 )
2864 4455 3039 4526 Jango
3069 4453 3322 4509 Clioniati
3353 4467 3506 4506 cont-

1849 4565 2093 4630 Dmissa
2161 4561 2518 4626 creditaque.
2574 4553 2716 4609 sicut
2769 4551 3043 4606 Laonicus
3097 4547 3224 4601 ait:
3283 4544 3335 4598 id
3399 4555 3504 4605 est,

1921 4655 2117 4710 Joauni
2157 4649 2416 4716 Huniadi,
2464 4650 2627 4718 longe
2673 4642 3052 4698 illustrissimo
3084 4637 3232 4704 duci,
3266 4634 3510 4689 Matthia:

1923 4749 2070 4816 regis
2102 4745 2354 4811 Ungariae
2390 4737 2529 4810 patri
2563 4755 2577 4791 :
2625 4753 2789 4806 quem
2818 4731 3105 4788 Geufrteus
3136 4727 3370 4782 Jancum
3407 4727 3512 4780 Ba-

1923 4855 2054 4895 num
2077 4837 2329 4907 appellat,
2355 4831 2634 4887 vocabulis
2667 4829 2805 4884 infra
2837 4823 3201 4881 declarandis.
3226 4821 3325 4876 Hic
3351 4818 3513 4874 Mosi.

1925 4945 2033 4989 tem
2064 4931 2347 4986 Romanis).
2379 4926 2759 4996 beglerbegum
2779 4966 2794 4987 ,
2825 4931 3051 4974 anetore
3081 4916 3360 4978 Bonﬂnio,
3389 4929 3512 4968 cum

1928 5027 2116 5097 viginti
2143 5023 2381 5078 millibus
2404 5019 2708 5074 Turcorum
2729 5016 2885 5078 fudit,
2905 5012 3137 5074 caecidit,
3166 5009 3466 5064 interemit.

1962 5123 2088 5178 101.
2125 5117 2345 5185 Sci/hia,
2379 5114 2605 5185 Tibisca,
2635 5110 2846 5185 Scopia,
2881 5106 3164 5172 Sardacia,
3200 5100 3449 5166 Serdica,

2573 5183 2874 5236 Triaditza.

2007 5285 2154 5340 Satis
2180 5291 2372 5338 notum
2402 5287 2486 5334 est
2516 5276 2736 5346 Sophia:
2762 5289 2988 5333 nomen,
3028 5266 3216 5339 Oppidi
3248 5259 3513 5332 Bulgaria:

1934 5381 2114 5450 magni
2144 5388 2200 5430 et
2229 5373 2508 5444 populosi,
2551 5372 2678 5424 licet
2709 5366 2860 5420 nulla
2912 5364 2985 5417 sit
3025 5377 3088 5414 ex
3137 5365 3290 5427 parte
3334 5353 3515 5450 muni:

1933 5437 2072 5526 tnui.
2111 5469 2187 5524 ibi
2229 5437 2372 5520 diem
2418 5478 2520 5516 nos
2554 5469 2725 5513 unum
2774 5465 2829 5510 et
2862 5454 3092 5508 alterum
3124 5447 3403 5502 haesimus.
3435 5437 3514 5491 Ad

1937 5561 2239 5632 marginem
2279 5549 2739 5620 Chalcocondylis
2776 5547 2891 5601 hac
2943 5539 3199 5608 aseripsit
3238 5537 3516 5632 interpres

1938 5625 2141 5709 verba:
2176 5647 2404 5715 Sophia,
2444 5655 2588 5697 nunc
2613 5637 2831 5708 Scopia.
2867 5631 3188 5687 Manifestus
3226 5625 3311 5680 hic
3355 5633 3516 5676 error

1937 5758 2042 5813 est,
2075 5757 2196 5798 cum
2233 5715 2426 5794 ui'bem
2465 5735 2664 5804 Scopia
2693 5731 2896 5786 diserte
2935 5725 3206 5780 Leonicu-
3254 5720 3307 5773 in
3342 5717 3518 5772 Mace—

1939 5806 2104 5899 donia
2131 5833 2383 5892 collocet.
2412 5827 2548 5886 Vide
2574 5837 2758 5884 notata
2792 5819 3022 5877 inferius
3047 5816 3227 5887 capite
3254 5808 3372 5867 169.
3405 5806 3517 5860 Ma-
