4018 6416
554 316 664 385 803

1798 320 2133 383 JOANNIS
2175 321 2648 384 LEUNCLAVI‘I

3759 328 3867 393 ΒΜ

557 444 678 498 rius
703 441 869 513 Niger
897 438 1159 509 Sophiam
1197 435 1477 493 veteribus
1519 436 1845 507 appellatam
1880 446 2036 508 putat
2059 435 2149 490 Ti-
2178 444 2223 498 Α
2254 447 2411 508 rupte
2439 438 2770 494 Curamhum
2795 446 2974 506 vocat,
3025 404 3304 498 :Laonicus
3330 433 3646 499 L‘ba‘sanem
3669 485 3688 513 ,
3725 446 3870 501 sicut

558 538 786 592 hiscant.
823 533 1110 588 Bonlinius
1146 531 1263 596 ait,
1318 530 1514 586 urbem
1544 546 1572 584 a
1604 531 1832 602 templo,
1854 530 2003 601 quod
2037 545 2158 584 ma-

555 626 756 695 gniﬁco
795 632 1018 693 sumptu
1043 619 1392 677 Justinianus
1413 623 1768 686 exstruxerit,
1787 637 1984 676 nomen
2005 637 2162 676 acce-

557 722 721 789 pisse.
751 719 914 788 Atqui
955 716 1168 771 nullum
1210 716 1300 772 hic
1333 715 1594 786 templum
1624 716 1730 770 tale
1762 715 1846 770 vel
1875 715 2003 770 olim
2035 715 2162 782 fuit,

559 811 642 864 vel
695 809 856 865 hodie
913 808 1097 865 saltim
1157 824 1222 864 ex
1265 809 1545 878 aliquibus
1584 810 1758 864 ruinis
1791 810 2017 881 agnosci
2062 827 2160 879 po-

552 911 704 967 test,
751 911 807 956 et
848 916 879 955 a
925 901 1129 972 templo
1186 899 1836 972 ConstantinOpolitano,
1873 905 2018 973 quod
2064 901 2163 958 Ju-

552 995 830 1049 stiuianus
858 992 1074 1049 Sane-tm
1097 993 1317 1074 Sophia:
1349 995 1467 1050 sive
1493 995 1584 1050 Dei
1611 985 1910 1065 Sapientia:
1939 999 2163 1075 nomine

551 1088 1058 1158 splendidissimum
1108 1088 1393 1154 condidit,
1429 1089 1534 1143 hoc
1563 1090 1850 1160 oppidum,
1888 1100 2164 1160 quatuor-

550 1181 729 1234 decim
786 1179 870 1233 vel
919 1170 1236 1250 quindecim
1290 1180 1502 1234 dierum
1577 1181 1771 1235 itinere
1827 1181 2082 1236 dissitnm
2133 1197 2164 1235 a

549 1271 1059 1342 Constantinopoli,
1089 1281 1346 1326 vocatum
1399 1271 1592 1339 fuisse,
1615 1272 1737 1340 quis
1775 1273 1986 1327 credat?
2018 1273 2162 1327 Idem

552 1362 1076 1426 addit,~Sardaciam
1113 1361 1257 1416 hanc
1289 1362 1419 1417 olim
1449 1363 1624 1418 fuisse
1653 1363 1878 1426 dictam,
1911 1379 1938 1416 ει
1971 1361 2165 1420 Sardis

551 1463 609 1508 ct
640 1455 798 1510 Dacis
821 1494 837 1520 ,
879 1455 983 1509 hoc
1023 1463 1128 1519 est,
1162 1471 1190 1508 a
1227 1455 1478 1525 gentibus
1513 1457 1834 1527 longissimo
1881 1465 2158 1511 terrarum

552 1550 735 1617 spatio
792 1557 850 1602 et
917 1549 1036 1617 ipso
1096 1563 1319 1618 quoque
1380 1551 1520 1603 mari
1575 1549 1857 1605 discretis.
1917 1549 2156 1620 Subjicit

553 1643 776 1706 deinde,
835 1640 1172 1696 celebratam
1216 1640 1294 1696 ibi
1354 1641 1523 1697 fuisse
1570 1642 1851 1712 quondam
1891 1644 2161 1714 synodum

2263 541 2317 585 et
2347 529 2514 586 Turci
2546 549 2560 584 :
2587 533 2733 603 quod
2766 531 2954 588 rerum
2986 533 3034 590 ei
3060 527 3263 588 nomen
3304 530 3474 590 luisse
3501 535 3871 604 crediderim,

2266 631 2322 677 et
2358 624 2589 679 alterum
2641 639 2974 696 cognomen,
3011 641 3041 680 a
3075 626 3403 696 nigredine:
3451 629 3599 684 sicut
3629 640 3694 685 et
3724 633 3874 688 aliud

2265 715 2513 786 Celepini
2552 731 2860 789 cognomen
2890 718 3065 773 eidem
3097 707 3604 775 tribuitBonlinins
3638 737 3680 776 ει
3720 724 3878 779 nobi-

2265 807 2443 865 litate.
2480 807 2641 864 'l'urci
2676 810 2917 877 tradunt,
2955 795 3237 868 Romanis:
3256 811 3372 867 sive
3391 795 3618 868 Graeciaa
3647 813 3879 885 begler-

2270 903 2468 971 begur’n
2503 904 2648 958 hunc
2679 903 2875 972 fuisse,
2900 898 3179 960 LaOnicus
3204 907 3435 975 Europa:
3461 904 3708 975 ducem,
3740 909 3882 979 quod

2271 996 2415 1051 idem
2438 991 2546 1053 est.
2573 982 2855 1054 Bonlinius
2873 1014 3004 1053 vero
3033 982 3266 1054 Natolia:
3289 997 3422 1055 facit
3445 990 3882 1074 bcg'ler'begn'rn,

2269 1099 2326 1145 et
2355 1091 2542 1159 copias
2573 1091 2681 1146 huc
2717 1107 2748 1146 e
2781 1077 2995 1146 Natolia
3031 1093 3348 1148 traduxisse
3383 1098 3708 1162 memorat,
3740 1101 3870 1167 quot

2270 1200 2403 1240 vero
2434 1200 2542 1240 non
2585 1187 2644 1240 lit
2671 1187 2875 1242 simile.
2907 1173 3044 1241 Nam
3078 1198 3138 1242 ut
3168 1174 3306 1244 nihil
3334 1188 3402 1244 de
3441 1204 3750 1246 consensu
3793 1188 3876 1246 ho-

2267 1291 2391 1333 rum
2415 1280 2696 1334 annalium
2725 1295 2852 1335 cum
2876 1264 3120 1336 .Laonico
3137 1269 3344 1349 dicam,
3374 1286 3510 1338 sane
3539 1283 3874 1340 credibilius

2266 1382 2372 1438 est,
2432 1374 2584 1430 hunc
2637 1373 2863 1430 Graecia:
2891 1377 2972 1431 vel
3007 1375 3238 1446 EurOpae
3266 1376 3673 1449 bcglerbegum
3720 1379 3876 1452 439

2265 1467 2461 1535 fuisse,
2491 1469 2586 1539 qui
2621 1469 2804 1526 occiso
2849 1469 2933 1544 ab
2965 1469 3220 1526 Huniade
3244 1474 3448 1527 scacho
3479 1463 3743 1527 Abedini
3773 1463 3872 1527 Ro-

2269 1563 2469 1616 manis:
2497 1562 2826 1634 beglerhego
2857 1564 3217 1630 successerit,
3249 1574 3304 1620 et
3326 1580 3358 1621 e
3385 1567 3724 1636 propinquo
3758 1584 3869 1624 cum

2217 1705 2244 1732 ε
2268 1654 2503 1724 Europa:
2536 1657 2715 1727 copiis
2744 1656 2892 1712 hosti
2917 1659 3265 1714 occurrerit:
3303 1674 3430 1714 cum
3459 1662 3759 1716 Anatoliaa
3790 1665 3867 1719 be

555 1731 974 1822 Sardaciensem
1001 1731 1083 1822 vel
1129 1729 1569 1787 Sardaieensem.
1609 1733 1752 1789 Hinc
1779 1748 1910 1788 vero
1943 1736 2162 1790 tandem
2201 1729 2244 1798 Β
2273 1747 2566 1818 glerbegus
2593 1751 2664 1804 ab
2713 1749 2865 1806 hisce
2899 1751 3218 1822 regionibus
3243 1741 3465 1822 longius
3502 1765 3768 1812 remotus
3791 1774 3865 1814 es-

553 1823 903 1893 intelligitur,
924 1821 994 1876 de
1024 1821 1254 1877 Sardica
1287 1822 1435 1891 loqui
1468 1823 1803 1893 Bonlinium,
1844 1826 1933 1880 ubi
1969 1826 2158 1881 Sardi-

558 1913 743 1968 censis
793 1913 980 1968 habita
1012 1915 1260 1985 synodus
1292 1913 1421 1981 fuit,
1483 1916 1587 1970 sub
1619 1917 1848 1986 imperio
1916 1919 2153 1974 filiorum

548 2005 896 2060 Consmntiui
927 2005 1129 2076 Magni.
1167 2007 1245 2062 Ea
1284 2023 1414 2063 vero
1447 2024 1558 2063 non
1586 2009 1677 2064 hic
1711 2012 2030 2080 quaerenda,
2055 2027 2158 2068 nec

553 2097 718 2152 hodie
754 2096 959 2168 Saphia
993 2099 1218 2166 dicitur,
1237 2102 1334 2155 sed
1359 2090 1638 2156 Triaditsa
1664 2119 1676 2155 :
1702 2104 1847 2172 quod
1873 2104 1923 2158 ei
1955 2120 2154 2160 nomen

550 2192 722 2245 etiam
758 2201 916 2247 aetate
949 2209 1048 2246 sua
1081 2192 1275 2258 fuisse,
1307 2192 1506 2262 Glycas
1545 2203 1732 2249 noster
1766 2197 2013 2266 scripsit.

552 2285 676 2342 £05.
703 2282 902 2341 Scaclu'
923 2286 1178 2341 Abedinis
1203 2287 1470 2409 εωρεὲξὲίο
1493 2286 1703 2357 infelix.
1721 2286 1926 2344 laneus
1955 2290 2153 2346 Turres

1254 2374 1330 2409 cce
1371 2375 1385 2409 ι
1417 2396 1433 2409 .

1254 2374 1433 2412 είεαιι.

615 2450 754 2504 Cum
815 2450 904 2504 hic
967 2449 1188 2504 dicatur
1245 2448 1530 2520 ablegatus
1568 2450 1744 2506 fuisse
1787 2451 2154 2525 beglerbegus

551 2538 856 2605 Romaniae,
880 2540 986 2593 hoc
1013 2550 1098 2595 est
1127 2537 1357 2609 Europa.-
1381 2581 1394 2602 ,
1424 2540 1660 2595 scachus
1693 2536 1990 2607 Abedines,
2023 2559 2148 2598 cum

547 2630 828 2684 universis
892 2629 1184 2684 Romaniae
1257 2630 1454 2700 copiis,
1490 2637 1546 2684 et
1575 2632 1840 2698 acanziis,
1892 2641 1946 2686 et
1995 2636 2149 2706 geni-

545 2721 690 2776 zaris
715 2764 729 2774 .
767 2722 911 2777 haud
951 2722 1118 2778 dubie
1177 2739 1414 2794 magnus
1446 2723 1519 2777 illi
1551 2740 1582 2778 a
1615 2715 1827 2779 Muratc
1857 2725 2016 2781 datus
2047 2726 2152 2782 fuit

543 2815 820 2871 exercitus
846 2855 860 2880 ,
894 2831 1057 2886 quem
1125 2816 1409 2871 Bonlinius
1437 2817 1768 2872 aStimatum
1803 2818 1974 2873 inisse
2009 2821 2148 2874 scri-

544 2908 626 2962 bit
651 2908 931 2978 octoginta
988 2906 1295 2963 Turcorum
1365 2909 1652 2964 millibus:
1690 2909 1837 2978 quod
1890 2911 2146 2980 equidem

544 3002 827 3056 annalium
882 3001 1048 3056 verba
1096 3002 1486 3068 considerans,
1531 3019 1663 3058 vero
1698 3011 2133 3080 consentaneum

544 3102 680 3163 puto
715 3111 730 3149 :
773 3095 1033 3164 quamvis
1091 3095 1318 3164 adjiciat
1381 3093 1690 3160 Bonlinius,
1751 3097 1804 3151 id
1844 3112 1949 3152 non
1975 3098 2135 3154 facile
2165 3083 2210 3142 c-

546 3188 707 3241 tidem
746 3187 1064 3241 admittere.
1092 3187 1377 3242 (laesorum
1425 3193 1573 3243 certe
1617 3205 1882 3246 numerus
1911 3191 1958 3244 ei
1987 3191 2150 3246 fidem

544 3275 724 3329 facere
791 3276 1064 3341 debebat,
1104 3291 1232 3331 eum
1301 3276 1540 3331 fateatur
1577 3277 1797 3349 triginta
1835 3277 2141 3336 Turcorum

543 3368 712 3422 millia
751 3367 934 3438 Liuisse
974 3379 1110 3424 tunc
1145 3366 1453 3436 interfecta,
1487 3380 1641 3441 capta
1670 3373 1912 3443 quinque
1946 3374 2138 3429 millia.

544 3459 892 3528 Expeditioni
923 3475 1147 3515 causam
1188 3462 1422 3530 praebuit
1455 3470 1569 3516 tum
1612 3463 1818 3519 Mesitis
1842 3465 2021 3532 bassas
2049 3482 2146 3523 ca-

541 3550 782 3618 lamitas,
817 3551 977 3620 paulo
1022 3561 1150 3607 ante
1179 3568 1304 3607 cum
1339 3554 1456 3608 suis
1483 3555 1549 3608 ad
1577 3555 2018 3610 internecionem
2047 3559 2140 3614 de—

541 3643 672 3702 leti:
707 3654 820 3699 tum
857 3645 1150 3716 utriusque
1181 3643 1456 3702 Valachire
1485 3646 1886 3720 defectio,quaa
1913 3661 2142 3708 auctore

538 3735 752 3794 Joanne
817 3737 1092 3806 Huniade,
1155 3737 1468 3796 Turcorum
1531 3758 1562 3797 a
1616 3745 1721 3798 fide
1781 3744 2136 3802 discesserat.

549 3831 705 3886 llunc
740 3833 891 3887 enim
926 3833 1154 3911 annales
1187 3834 1510 3903 intelligunt
1547 3835 1703 3892 Janci
1740 3839 1985 3902 nomine,
2028 3856 2138 3910 quo

541 3923 797 3994 gentibus
850 3925 959 3980 illis
1014 3924 1259 3983 Joannes
1305 3929 1534 3983 dicitur.
1572 3929 1848 3986 Laonicus
1885 3933 1972 4001 (ut
2000 3931 2140 3985 indi~

537 4015 749 4084 catum)
807 4013 1046 4086 Jaugnm
1102 4016 1454 4083 Chouiatem,
1521 4017 1919 4090 Spanduginus
1993 4031 2139 4077 recte

535 4105 770 4160 Jancum
810 4105 1104 4162 Vaivodam
1140 4112 1377 4180 appellat
1411 4153 1425 4177 ,
1462 4111 1717 4167 videlicet
1767 4113 1970 4168 Erdelii
2022 4116 2139 4171 sive

539 4194 1034 4265 Transsvlvaniae,
1103 4201 1392 4258 Geulrazns
1442 4201 1672 4258 laneum
1747 4204 2004 4261 Battum:
2073 4209 2140 4262 de

538 4289 742 4357 quibus
774 4286 1080 4344 ofﬁciorum
1116 4307 1181 4348 ac
1207 4294 1538 4365 dignitatum
1584 4295 1639 4349 in
1673 4292 1934 4366 Ungaria:
1969 4313 2138 4368 regno

539 4381 942 4451 praecipuarum
966 4385 1300 4453 nominibus,
1333 4389 1534 4456 partim
1565 4389 1748 4457 capite
1779 4399 2038 4444 notarum
2066 4390 2130 4445 71

537 4473 803 4542 diximus,
840 4477 1038 4547 partim
1081 4477 1226 4532 infra
1261 4480 1462 4534 dicturi
1500 4497 1714 4538 sumus.

539 4590 671 4648 106.
727 4590 991 4648 Vladislai
1023 4595 1164 4665 regis
1198 4593 1465 4722 Ungarjre.
1483 4598 1658 4666 prima
1704 4609 1890 4652 contra
1941 4603 2135 4656 Turcos

1233 4683 1365 4722 exve
1407 4681 1523 4722 mo.

1233 4681 1523 4736 expeditio.

608 4775 748 4833 Ante
777 4782 963 4836 omnia
997 4782 1356 4839 declaremus
1405 4785 1493 4841 hic
1523 4786 1828 4855 positarum
1861 4788 1914 4843 in
1951 4803 2133 4845 anna-

538 4872 684 4930 libus
720 4890 1084 4943 personarum
1124 4881 1339 4950 aliquot
1364 4883 1612 4937 nomina.
1641 4883 1756 4936 Rex
1790 4883 2137 4954 Ungarornm
2169 4874 2172 4876 ⁷

534 4961 922 5028 expeditionis
952 4965 1116 5035 hujus
1149 4980 1342 5025 auctor
1378 4967 1694 5027 Vladislans
1721 4983 1840 5028 erat
1869 4992 1932 5030 es
1975 4975 2138 5031 Polo-

538 5052 642 5106 nia:
671 5069 858 5124 regum
890 5054 1202 5128 Jagellonite
1231 5063 1417 5132 stirpis
1473 5064 1716 5119 familia:
1739 5082 1898 5129 quem
1934 5066 2137 5139 Ungari

539 5145 782 5214 plerique
811 5148 1029 5202 deserto
1065 5149 1322 5208 Ladislao
1352 5156 1648 5211 Austriaco
1673 5159 1878 5213 Alberti
1909 5163 2137 5216 secundi

535 5241 768 5310 Augusti
788 5243 1083 5310 posthunto
1101 5247 1250 5316 regni
1270 5249 1736 5306 administrationi
1758 5255 2134 5322 prmlecerant.

535 5331 846 5404 Jancusqui
880 5338 1216 5405 nominatur,
1245 5339 1486 5396 Joannes
1509 5355 1592 5399 est
1621 5345 1918 5414 lluniades,
1961 5348 2136 5406 Laza-

541 5425 700 5494 I'03li,
732 5429 848 5482 sive
891 5428 1038 5484 ﬁlius
1075 5430 1295 5497 Lazari,
1334 5433 1540 5492 Serviat:
1583 5441 1808 5509 despota
1843 5439 2134 5513 Georgius,

534 5519 745 5574 (iuncis
761 5527 1031 5579 etnostris
1051 5524 1314 5596 Stephani
1337 5529 1504 5596 filius,
1527 5531 1668 5587 ιω
1679 5535 1719 5588 ri
1743 5549 1936 5605 nepos.
1955 5536 2136 5592 Casan

535 5613 619 5666 vel
637 5613 830 5668 Casam
859 5620 1016 5672 bassa
1037 5619 1231 5676 Turcis
1253 5623 1530 5691 scribitur,
1551 5644 1708 5698 quem
1731 5628 2011 5698 Genlracus
2029 5631 2138 5686 Ca-

540 5706 854 5774 ramhegum
889 5712 1159 5774 norninal,
1179 5723 1232 5767 et
1262 5716 1476 5786 nigrum
1494 5697 1779 5776 dominum
1808 5724 1923 5777 sire
1943 5726 2134 5780 ducent

540 5793 977 5865 interpretatur:
1032 5802 1314 5878 Philippus
1363 5811 1737 5871 Callimachus
1790 5817 1963 5887 magis
2015 5835 2135 5874 cor-

2265 1852 2368 1908 set,
2404 1857 2506 1896 nec
2541 1859 2668 1898 cum
2728 1847 2974 1901 exercitu
3027 1854 3138 1902 tam
3179 1845 3328 1902 facili
3362 1850 3662 1905 momento
3690 1863 3862 1921 posset

2264 1935 2680 2005 Hellespontum
2733 1940 3161 1997 transmittere:
3212 1951 3272 1997 ut
3333 1942 3566 1997 interim
3633 1953 3858 2012 taceam,

2261 2040 2530 2102 quantum
2561 2032 2793 2102 periculi
2833 2035 2998 2089 rebus
3037 2035 3303 2092 Anatoliae
3335 2046 3649 2095 creaturos
3677 2041 3859 2098 fuisset

2260 2123 2571 2194 beglerbegi
2623 2127 2906 2183 discessus
2951 2127 3005 2184 in
3040 2129 3334 2200 Europam,
3383 2133 3635 2188 necdum
3670 2135 3740 2189 ab
3767 2135 3854 2192 Os-

2259 2219 2498 2275 rnanidis
2547 2235 2815 2290 oppressa
2861 2220 3178 2291 Caramani,
3241 2225 3419 2283 hostis
3484 2233 3768 2298 perpetui,
3807 2241 3851 2284 et

2259 2313 2494 2368 aliorum
2530 2316 2797 2383 potentia.
2829 2313 2989 2381 Quod
3016 2331 3197 2372 caesus
3229 2317 3406 2376 fuisse
3434 2337 3574 2378 cum
3613 2327 3734 2382 suis
3758 2326 3843 2382 Cs-

2261 2421 2425 2460 sanes
2455 2407 2512 2461 in
2545 2409 2840 2464 annalibus
2888 2409 3106 2480 legitur,
3169 2429 3278 2469 non
3321 2417 3409 2471 sic
3441 2419 3820 2490 accipiendam,

2261 2513 2326 2555 ac
2355 2500 2404 2556 si
2447 2499 2616 2556 fuerit
2669 2501 3021 2561 interiectus.
3069 2503 3322 2563 Tradunt
3361 2511 3513 2566 enim
3554 2518 3822 2586 scriptores

2259 2592 2612 2648 historiarum
2639 2609 2838 2664 magno
2889 2612 3163 2656 consensu
3188 2599 3520 2671 (praesertim
3565 2605 3840 2662 Boufinius

2252 2693 2310 2738 et
2336 2683 2725 2754 Callimachus,
2759 2690 2854 2759 qui
2887 2699 2984 2745 aut
3022 2701 3173 2758 tunc,
3222 2703 3315 2749 aut
3360 2711 3466 2752 non
3489 2698 3662 2754 multo
3715 2710 3836 2766 post

2253 2777 2414 2843 vixit,
2447 2788 2502 2832 et
2520 2777 2762 2836 Polonia:
2786 2783 3026 2850 regibus,
3049 2783 3248 2841 Joanni
3271 2790 3564 2856 praesrtim
3581 2790 3841 2859 Alberto,

2257 2866 2541 2925 familiaris
2583 2871 2732 2942 luit),
2769 2873 2916 2928 hunc
2961 2874 3181 2931 bassam
3216 2893 3324 2933 non
3376 2880 3620 2935 occisum
3649 2879 3845 2948 luisse,

2253 2959 2348 3014 sed
2383 2970 2626 3028 captum.

2265 3050 2390 3105 107.
2453 3049 2679 3106 ϐιίεαηε
2716 3054 3014 3130 ῌΙιιᾳιιὸηωε
3068 3056 3332 3130 Slqditza,
3389 3062 3585 3130 priscis
3653 3063 3847 3120 0mm

2696 3126 2920 3196 ﬂuvius.
2973 3127 3108 3197 Capi
3138 3129 3390 3185 Derbent.

2325 3213 2570 3273 Clisuras
2596 3218 2731 3285 dixi,
2769 3221 2990 3276 nomine
3023 3221 3232 3279 Graecis
3263 3213 3513 3282 historiis
3547 3239 3711 3294 noto,
3741 3233 3852 3285 rias

2253 3308 2371 3364 sive
2409 3311 2682 3367 transitus
2715 3323 2978 3384 angustos
3008 3319 3330 3384 admodum,
3389 3335 3489 3390 per
3515 3321 3642 3378 loca
3700 3341 3853 3380 mon-

2252 3412 2434 3468 tuosa,
2463 3419 2582 3472 quae
2622 3405 2838 3461 Latinis
2885 3409 3016 3462 olim
3077 3411 3249 3467 furca:
3300 3414 3752 3472 nominabantur
3805 3432 3854 3473 ct

2251 3495 2464 3552 fauces.
2500 3496 2592 3553 Sic
2620 3497 2935 3554 Justiniano
2980 3500 3285 3558 Rinotmito
3315 3504 3642 3575 Cedrinus;
3682 3511 3740 3564 in
3779 3531 3852 3566 re-

2251 3587 2372 3643 ditu
2405 3588 2526 3657 ejus
2560 3590 2892 3645 obsederant
2914 3589 3134 3663 Bulgari
3173 3581 3291 3649 vias
3326 3595 3380 3650 in
3413 3611 3670 3668 angusto
3694 3603 3847 3656 elisu-

2250 3694 2348 3734 rae.
2379 3680 2642 3748 Exposuit
2678 3689 2732 3734 et
2785 3682 3028 3739 restituit
3053 3685 3253 3740 alicubi
3308 3699 3494 3742 mecm
3559 3690 3836 3761 Cujacins.

2244 3776 2664 3846 jurecoIIsultus
2679 3775 3049 3842 clarissimus,
3068 3780 3372 3836 derivatam
3390 3798 3420 3836 a
3437 3785 3617 3839 verbo
3636 3785 3814 3844 Graeci.

2251 3867 2396 3935 quod
2434 3869 2760 3922 occludendi
2792 3871 3256 3940 significationem
3311 3874 3498 3930 habet.
3579 3877 3811 3935 Isladiats

2251 3975 2382 4013 vero
2418 3963 2658 4017 clisuras
2688 3961 2778 4016 hic
2810 3963 3126 4035 intelligunt
3161 3966 3349 4034 Turci,
3406 3984 3529 4038 quae
3562 3971 3626 4026 in
3683 3973 3832 4028 Thra-

2249 4051 2393 4105 ciam
2437 4066 2504 4105 ex
2535 4052 2789 4121 Bulgaria
2826 4055 3166 4122 proiecturis
3209 4057 3264 4112 in
3302 4056 3490 4112 lla-mo
3522 4075 3734 4118 monte
3764 4079 3842 4116 oc-

2249 4155 2484 4199 currunt
2518 4160 2586 4199 eo
2619 4146 2766 4212 loco,
2792 4163 2902 4214 quo
2940 4164 3145 4218 parvus
3165 4153 3346 4206 amnis
3375 4152 3629 4209 Sladitza
3659 4157 3846 4212 subter

2246 4239 2486 4295 elisuras
2508 4239 2680 4295 Haemi
2717 4242 2942 4296 labitur.
2985 4241 3122 4296 Nam
3151 4248 3227 4300 uti
3259 4245 3544 4302 Bonlinins
3592 4253 3848 4322 scripsit,

2246 4346 2280 4389 ι
2315 4333 2517 4403 Sophia
2547 4336 2748 4405 duplex
2805 4336 2910 4391 iter
2953 4349 3041 4392 est
3071 4338 3138 4392 ad
3163 4343 3536 4408 superandum
3592 4339 3853 4400 lite-num

2249 4429 2302 4482 in
2330 4427 2624 4485 Thraciam
2647 4439 2701 4484 et
2727 4429 3108 4487 Macedoniam
3141 4435 3426 4490 euntibus.
3461 4435 3625 4494 Unus
3661 4442 3856 4496 aditus

2245 4536 2275 4576 a
2301 4521 2544 4590 Trajano
2566 4523 2844 4592 plerisque
2867 4533 3092 4594 putatur
3130 4525 3330 4602 factus,
3371 4529 3463 4583 ubi
3503 4529 3693 4586 adhuc
3712 4549 3861 4603 qna-

2242 4615 2404 4670 drato
2458 4614 2638 4686 lapide
2685 4627 2842 4686 porta
2893 4621 3133 4674 maxima
3192 4631 3498 4690 spectatur.
3545 4625 3722 4681 Alter
3790 4629 3859 4682 ad

2242 4722 2476 4777 parvum
2505 4719 2592 4763 est
2621 4723 2863 4776 amnem,
2915 4727 3077 4781 quem
3113 4713 3415 4769 Sladitzam
3451 4715 3676 4788 Bulgari
3755 4737 3862 4776 vo-

2241 4811 2388 4853 cant.
2441 4799 2602 4856 Prius
2636 4803 2736 4856 iter
2801 4819 2906 4860 nos
2961 4807 3309 4872 tenebamus,
3355 4807 3411 4861 in
3451 4824 3563 4878 quo
3619 4823 3863 4881 portam

2240 4891 2390 4946 illam
2423 4896 2751 4962 reperimus.
2782 4899 2848 4950 ad
2910 4913 3107 4966 pagum
3147 4899 3494 4968 llulgarir-um
3549 4902 3756 4958 sitam.
3798 4909 3868 4961 Et

2241 4982 2425 5039 locum
2461 4987 2608 5040 hunc
2639 4985 2804 5043 Turci
2823 4991 3054 5046 comites
3079 4995 3260 5047 nostri
3300 4995 3673 5051 nominabant
3699 4999 3862 5069 Capi

2242 5075 2501 5143 Derbent,
2528 5079 2632 5132 hoc
2653 5090 2758 5144 est,
2789 5092 3004 5150 portam
3048 5085 3288 5142 faucium
3315 5089 3397 5142 vel
3424 5097 3867 5157 angustiarum.

2241 5169 2391 5224 Alter
2425 5173 2608 5228 aditus
2641 5183 2724 5229 est
2761 5174 2872 5241 ille,
2901 5178 2970 5232 de
3003 5194 3116 5247 quo
3151 5179 3243 5234 hic
3274 5181 3517 5248 agimus,
3550 5196 3607 5239 et
3670 5203 3868 5256 quem

2239 5263 2539 5320 Isladinum
2576 5269 2805 5323 annales
2831 5284 3052 5338 vocant,
3087 5291 3114 5327 a
3154 5273 3394 5331 Sladitza
3419 5278 3679 5336 ﬂuviolo.
3742 5287 3868 5344 Cc-

2239 5355 2436 5413 drinus
2468 5361 2557 5416 hic
2579 5378 2796 5419 amnem
2846 5367 3070 5421 Osmum
3128 5371 3306 5438 ponit,
3362 5388 3527 5442 quem
3586 5379 3870 5437 arbitror

2239 5464 2364 5506 esse
2395 5450 2721 5509 Sladitzam.
2760 5458 2943 5514 Locus
2967 5469 3051 5515 est
3088 5463 3141 5515 in
3169 5462 3276 5518 vita
3301 5465 3654 5524 Constantini
3724 5471 3866 5528 Mo-

2242 5542 2495 5594 nomachi
2527 5543 2646 5598 sivo
2689 5545 3044 5605 Gladiatoris.
3082 5551 3357 5610 Basilina:
3417 5574 3620 5616 nomen
3689 5567 3868 5631 apud

2239 5629 2572 5700 Laonicum,
2606 5636 2660 5690 in
2691 5641 3034 5709 expositione
3061 5646 3235 5704 cladis
3263 5649 3429 5717 hujus
3484 5653 3861 5723 Turcormn,

2242 5723 2439 5781 vitiose
2461 5729 2728 5799 scriptum
2764 5734 2854 5787 vix
2910 5735 3151 5805 dubito;
3219 5742 3347 5797 licet
3413 5763 3521 5800 non
3575 5747 3862 5817 ignorem

2241 5818 2379 5874 velle
2413 5819 2746 5893 Geufraeum,
2805 5827 3094 5900 Basilitacu
3147 5850 3290 5893 novo
3349 5843 3620 5897 vocabulo
3693 5861 3864 5925 stunc
