4018 6424
214 340 328 406 805

1395 341 1800 408 PANDECTE
1842 346 2046 408 IIIST.
2084 339 2396 410 TURCIC.

3411 351 3520 418 806

216 464 472 518 llaemum
495 459 631 526 dici;
653 459 814 530 cujus
834 459 1115 531 Opinionis
1134 475 1305 532 penes
1323 462 1502 533 ipsum
1519 463 1653 521 fides
1677 477 1819 521 esto.
1848 467 1899 528 Δ
1924 465 2084 536 cujus
2119 467 2271 521 exitu
2299 467 2550 537 plerique
2577 464 2678 520 viri
2707 465 2982 536 sapientes
3013 467 3156 523 male
3196 476 3331 526 tunc
3353 473 3518 530 etiam

219 561 353 618 108.
403 557 663 630 Georgius
713 557 1326 682 despotaﬁumlLararo
1351 561 1468 629 [ilio
1515 565 1795 619 restitutus

866 645 900 682 a
992 645 1089 682 ora
1121 647 1167 682 e.

866 645 900 683 a
930 645 1167 685 uurate.

299 723 611 792 Lazarogli,
643 722 756 777 sive
789 720 1108 789 Lazarides,
1136 723 1409 798 Georgius
1472 729 1686 784 scilicet
1717 731 1811 785 de-

233 827 412 886 sputa,
448 827 565 886 post
597 816 830 882 primam
867 817 1012 872 hanc
1080 820 1492 889 expeditionem
1545 822 1813 878 Vladislai

237 912 400 980 regis,
437 909 490 961 itt
519 909 752 976 gratiam
797 910 1029 966 rediisse
1057 925 1182 966 cum
1218 912 1430 969 Murate
1461 915 1700 970 traditur
1727 916 1816 970 hic

227 1003 280 1056 in
322 1001 636 1063 annalibus.
667 1001 811 1057 idem
845 1001 1092 1058 Laonico
1150 1003 1463 1072 referente;
1523 1007 1619 1062 sed
1661 1008 1818 1062 addit

221 1096 334 1162 hic,
368 1094 544 1152 fuisse
603 1103 736 1152 tunc
795 1097 1123 1154 restitutum
1176 1115 1302 1155 cum
1355 1110 1511 1172 patre
1578 1101 1815 1173 Georgio

218 1187 487 1244 Lazarum
514 1203 736 1258 quoque
766 1190 1039 1246 minorem
1072 1201 1200 1248 natu
1229 1193 1425 1259 filium,
1469 1204 1594 1249 cum
1623 1193 1813 1248 tributi

221 1282 525 1352 quotannis
589 1282 843 1338 solvendi
900 1299 1096 1347 onere,
1149 1285 1297 1354 quod
1356 1294 1478 1341 erat
1527 1284 1814 1340 deﬁnitum

217 1384 380 1446 parte
405 1373 634 1430 dimidia
670 1375 946 1431 redituum
967 1376 1136 1434 Iotius
1163 1375 1416 1433 Serviani
1467 1378 1814 1448 despotatus.

216 1469 364 1524 Hinc
379 1482 520 1538 ergo
547 1466 767 1523 Coreus
800 1468 1130 1525 Silesiorum
1163 1470 1627 1541 chronographus
1660 1470 1812 1527 refu-

214 1570 394 1628 tator,
428 1561 521 1632 qui
555 1561 804 1633 scripsit,
827 1559 1128 1632 Georgium
1159 1569 1285 1632 post
1312 1563 1525 1618 cladem
1566 1561 1816 1619 Varnen-

209 1667 334 1708 sem
396 1653 651 1708 Amurati
720 1653 1165 1719 reconciliatum,
1232 1667 1333 1708 sua
1391 1668 1756 1724 recuperasse
1789 1695 1806 1721 ,

211 1746 326 1802 hoc
355 1755 461 1811 est,
489 1759 638 1800 anno
667 1753 793 1814 post
832 1747 974 1800 hanc
995 1745 1255 1800 Vladislai
1285 1745 1572 1801 victoriam
1610 1747 1808 1802 tertio:

1928 557 2340 614 ominabantur.
2373 557 2592 628 Quippe
2625 556 2870 614 Murates
2899 558 3038 614 bona
3075 552 3182 615 fide
3239 563 3513 630 praestite-

1927 662 2036 718 rat,
2089 668 2434 723 quaecunque
2472 664 2675 709 mutuae
2719 653 2872 723 pacis
2908 654 3110 710 tabulis
3139 657 3206 710 ad
3257 672 3317 712 se
3349 659 3523 728 perti-

1931 747 2116 800 nentia
2148 745 2597 808 continebantur,
2656 754 2712 800 ct
2775 747 3146 814 przestitnrum
3201 763 3261 803 se
3335 749 3519 806 fuerat

1928 838 2234 909 pollicitus,
2267 831 2401 891 nihil
2445 838 2626 891 minus
2651 836 2769 892 fore
2796 838 3023 903 veritus,
3058 856 3224 908 quam
3263 841 3512 897 utCltri-

1929 931 2147 986 slianus
2215 945 2332 995 rex,
2399 939 2565 985 tantae
2602 929 2818 985 virtutis
2855 947 2918 985 ac
2942 927 3085 996 ﬁdei,
3120 947 3244 988 cum
3263 933 3516 994 Huniade

1935 1025 2261 1094 ceterisque
2291 1024 2680 1096 praestantibus
2713 1025 2862 1088 viris,
2899 1034 3005 1079 tam
3033 1025 3220 1080 infami
3271 1028 3516 1098 perfidia:

1924 1119 2132 1174 scelere
2156 1129 2332 1174 semet
2376 1118 2770 1185 obstringeret.
2804 1117 2907 1172 Sed
2945 1119 3091 1174 enim
3142 1120 3407 1176 lectorem
3442 1123 3510 1177 ad

1925 1229 2021 1267 eos
2045 1227 2186 1282 quos
2199 1213 2335 1280 dixi,
2360 1211 2758 1268 Callimachum
2783 1213 3085 1282 praesertim
3109 1229 3174 1270 ac
3197 1213 3512 1272 Bontiniunt

1921 1305 2162 1362 remitto.

2097 1397 2218 1452 ιιι.
2258 1396 2487 1462 Matera,
2516 1397 2724 1465 Sch-uti,
2759 1397 3024 1469 Nigeboli,
3086 1399 3332 1458 Burwud.

2004 1493 2110 1546 Pro
2148 1490 2354 1547 Matera
2385 1492 2759 1548 Callimachus
2782 1503 2836 1548 et
2884 1491 3174 1549 Boulinius
3223 1496 3515 1552 nominant

1924 1583 2277 1649 Pezecltium,
2329 1600 2430 1654 pro
2492 1583 2722 1640 Schulio
2784 1585 3160 1643 Callimachus
3232 1586 3509 1656 Sumiom,

1923 1673 2208 1729 Boulinius
2231 1673 2487 1740 Sunium,
2517 1692 2641 1746 quae
2698 1676 2857 1732 Solio
2909 1679 3247 1748 respondere
3275 1681 3513 1738 arbitror

1925 1765 2162 1820 molliori
2195 1767 2648 1836 pronuntiatione
2703 1769 3018 1840 veriorique
3041 1771 3340 1841 scriptura.
3365 1772 3512 1827 Bon-

212 1856 347 1896 cum
375 1840 603 1895 omnino
621 1846 860 1904 constet,
883 1849 1014 1893 ante
1047 1837 1385 1895 Varnensem
1400 1840 1805 1911 expeditionem
1841 1842 1889 1904 Β
1918 1857 2050 1913 ﬁnio
2085 1858 2412 1929 Mam-apo“,
2444 1860 2611 1915 etiam
2670 1837 2962 1928 τεοίιειωξ,
3016 1837 3169 1933 ,μεθ’
3189 1863 3396 1920 nam”
3441 1866 3515 1922 εει

211 1933 510 1988 invitatum
552 1945 583 1986 a
613 1930 888 1986 Vladislao
919 1945 1047 2000 rege
1072 1931 1359 2000 despotam
1434 1932 1501 1986 ad
1530 1932 1655 1986 belli
1674 1947 1807 1987 con-

202 2039 303 2082 ira
329 2024 596 2080 Moralem
625 2024 966 2094 suscipiendi
999 2023 1346 2088 societatem,
1375 2022 1428 2078 id
1467 2024 1620 2080 nullo
1642 2025 1808 2081 modo

207 2118 401 2175 facere
433 2116 696 2181 voluisse,
736 2131 1034 2187 regemque
1070 2132 1196 2172 cum
1228 2107 1479 2172 Huniade
1517 2126 1810 2188 propterea

211 2211 328 2267 sibi
370 2209 674 2265 reddidisse
707 2207 990 2265 infestum.
1028 2209 1220 2279 Capita
1292 2211 1447 2280 pacis
1470 2210 1617 2267 inter
1673 2209 1808 2266 Vla-

222 2304 458 2358 dislaum
503 2312 557 2358 et
579 2300 868 2368 Muratem,
900 2311 1028 2372 post
1056 2318 1232 2360 casos
1263 2303 1332 2359 ad
1382 2304 1655 2362 lsladinas
1691 2305 1811 2361 fau.

221 2414 316 2454 ees
341 2397 572 2464 Turcos,
603 2395 746 2466 apud
793 2393 1122 2463 Laonicum,
1185 2395 1496 2452 Boulinium
1561 2406 1618 2454 et
1669 2397 1810 2452 alios

207 2491 493 2564 leguntur.

433 2604 558 2661 109.
584 2602 802 2659 Chelilis
839 2601 1007 2658 basta:
1060 2619 1247 2656 nomen
1266 2615 1594 2674 corruptum.

286 2694 583 2769 Attigimus
618 2701 685 2753 de
716 2697 821 2751 hoc
854 2697 1105 2767 quaedam
1131 2711 1362 2750 numero
1424 2706 1679 2752 notarum
1705 2698 1800 2766 29,

213 2796 271 2845 et
296 2805 517 2846 rursum
563 2784 657 2845 9’1.
690 2787 846 2858 Apud
878 2788 1086 2843 editum
1118 2794 1267 2843 certe
1325 2786 1628 2844 Laonicum
1690 2798 1803 2844 tam

217 2885 319 2939 ﬁlii
346 2879 597 2949 Chelilis,
637 2896 801 2948 quam
881 2879 1056 2950 patris
1099 2879 1352 2934 lbraitnis
1416 2881 1506 2936 hic
1544 2891 1806 2952 corrupta

218 2979 477 3046 leguntur
509 2975 752 3030 nomina.
787 2974 926 3030 Sunt
964 2974 1111 3030 enim
1147 2976 1262 3031 haec
1291 2975 1412 3045 ejus
1433 2979 1596 3032 verba
1629 2993 1645 3032 :
1701 2975 1807 3032 Po-

222 3072 448 3127 tentiam
479 3071 775 3126 maximam
811 3071 1030 3124 tenebat
1058 3066 1304 3124 Cbatites
1371 3069 1578 3125 Priami
1637 3070 1802 3134 filius.

217 3182 330 3238 quo
353 3169 404 3222 in
427 3165 623 3222 Januis
647 3165 789 3234 regis
811 3163 893 3218 vir
913 3163 1239 3234 prudentior
1258 3179 1364 3220 non
1389 3175 1528 3220 erat.
1560 3165 1804 3222 Primum
1834 3188 1880 3250 α

217 3261 276 3316 in
310 3259 395 3315 his
417 3259 688 3323 Chatites,
720 3257 1045 3311 mutandum
1082 3257 1136 3312 in
1169 3257 1441 3326 Cltaliles,
1473 3269 1528 3313 et
1559 3258 1812 3317 Priamus

218 3353 276 3407 in
308 3353 584 3408 Praimem
627 3351 708 3406 vel
759 3349 1134 3421 Mpraimem:
1210 3351 1414 3421 quibus
1467 3353 1666 3408 litteris
1723 3351 1813 3422 Mp

223 3445 402 3500 Graeci
432 3429 679 3500 nostrum
709 3442 750 3496 Β
779 3452 1052 3498 conantur
1103 3447 1437 3515 exprimere,
1500 3446 1663 3501 sicuti
1687 3461 1809 3516 cap.

226 3538 291 3592 9i
331 3537 534 3592 dictum
572 3555 586 3591 :
627 3552 851 3607 prorsus
887 3546 946 3591 ut
980 3537 1276 3608 Mpraimes
1342 3539 1414 3593 sit
1479 3537 1662 3592 Braim
1727 3541 1813 3594 vel

225 3629 448 3683 lbraim.
481 3624 766 3684 Geufrretts
794 3628 958 3683 etiam
987 3645 1188 3685 nomen
1219 3629 1340 3700 ejus
1399 3631 1670 3702 corrupit,
1723 3633 1810 3686 cui

218 3723 395 3793 Cbaly
427 3723 597 3778 baclta
628 3722 912 3790 scribitur,
952 3733 1006 3779 et
1038 3722 1172 3796 Haly
1225 3725 1420 3788 bacba,
1475 3741 1574 3796 pro
1635 3725 1810 3780 Cltalil

217 3817 304 3872 vel
325 3816 500 3872 Chelil
532 3819 716 3872 bassa.
744 3815 987 3872 Laonico
1017 3832 1149 3873 sane
1200 3817 1469 3880 Chaliles.
1520 3827 1576 3872 et
1631 3817 1805 3884 Alies,

219 3909 308 3964 vel
343 3906 528 3964 Halies
554 3908 672 3979 (qui
694 3907 895 3964 Turcis
931 3909 1068 3980 Ali),
1122 3911 1335 3965 diversa
1373 3909 1601 3963 nomina
1657 3917 1807 3964 sunt.

227 4023 358 4080 HO.
386 4021 666 4092 Expeditio
693 4022 929 4078 secunda
964 4020 1230 4078 Vladislai
1261 4023 1419 4094 regis,
1443 4034 1556 4090 post
1587 4023 1811 4078 violatas

712 4095 1022 4149 decenne!“
1052 4095 1315 4150 inducias.

291 4186 499 4244 Causas
529 4187 896 4259 expeditionis
925 4189 1184 4243 secundae
1235 4185 1505 4244 Vladislai
1545 4189 1689 4259 regis
1715 4205 1811 4244 an-

219 4279 456 4334 naleslti
515 4277 825 4336 Turcorum
893 4295 1001 4335 non
1057 4291 1454 4350 exposuerunt.
1516 4283 1610 4337 sed
1665 4281 1810 4351 apud

217 4379 468 4438 nostros,
484 4369 810 4434 Laonicum,
839 4369 1265 4437 Callimachum,
1293 4371 1629 4438 Bonlinium,
1655 4371 1811 4442 plene

215 4472 684 4517 commetnoratas
735 4461 997 4533 legimus.
1033 4460 1472 4522 'l‘raduntenim,
1503 4459 1808 4530 Eugenium

1919 1967 2093 2006 necne
2109 1953 2329 2007 videant
2348 1953 2464 2008 alii.
2484 1951 2546 2006 Vi
2565 1953 2786 2022 quidem
2807 1965 2966 2025 capta
2990 1955 3164 2013 fuisse
3183 1957 3510 2014 Pezechiuut

1923 2055 1978 2099 et
2013 2043 2252 2110 Solium,
2277 2045 2506 2100 annales
2537 2046 2797 2112 innuunt,
2853 2048 3227 2106 Callimachus
3261 2061 3318 2107 et
3366 2052 3508 2107 Bon-

1919 2137 2084 2192 ﬁnius
2109 2136 2376 2192 afﬁrmant
2406 2154 2420 2204 ;
2456 2154 2694 2206 cumque
2729 2142 2970 2198 neminis
3004 2145 3132 2198 vitae
3167 2156 3507 2214 parceretur,

1918 2230 2210 2285 interiecta
2230 2231 2538 2286 Turcorum
2567 2231 2766 2286 ibidem
2783 2233 3033 2304 quinque
3056 2235 3226 2290 millia
3250 2238 3505 2306 periisse.

1919 2321 2226 2392 Nigebolim
2252 2339 2416 2394 supra
2445 2324 2684 2380 diximus
2708 2325 2892 2395 capite
2924 2339 3178 2382 notarum
3221 2329 3282 2382 5|
3310 2327 3509 2388 Turcis

1919 2431 2041 2473 esse
2073 2417 2301 2482 dictam,
2329 2433 2490 2488 quam
2526 2433 2628 2473 nos
2660 2432 2928 2476 vocamus
2960 2417 3295 2491 Nicopolim.
3331 2423 3508 2478 Boru-

1918 2509 2114 2564 vadam
2176 2508 2404 2564 annales
2468 2519 2793 2579 occupatam
2849 2512 3166 2581 praesidium
3224 2516 3508 2585 accepisse

1921 2613 2171 2658 narrant.
2199 2604 2342 2676 Ergo
2374 2604 2464 2658 illa
2499 2613 2696 2675 sponte
2732 2620 2792 2662 se
2853 2606 3087 2673 dedidit,
3143 2625 3246 2664 nec
3293 2617 3506 2665 vastata

1919 2696 2046 2752 fuit.
2083 2694 2242 2752 Unde
2267 2697 2550 2767 colligitur
2576 2713 2605 2751 a
2650 2696 2846 2752 Turcis
2896 2697 3242 2754 Buruvadam
3297 2701 3506 2768 vocari.

1917 2806 2084 2861 quam
2115 2789 2488 2846 Callimachus
2518 2788 2850 2858 Tavarnam,
2875 2791 3159 2848 Boulinius
3195 2794 3504 2850 Cavarnam

1913 2883 2072 2939 dixit.
2103 2882 2253 2941 Hanc
2287 2885 2431 2939 enim
2465 2884 2610 2938 ultro
2664 2883 2998 2939 deditionem
3042 2884 3238 2940 fecisse
3261 2901 3509 2944 comme-

1914 2985 2159 3042 merant,
2189 2978 2441 3048 exemplo
2470 2976 2724 3033 Pezechii
2762 2975 3015 3048 Suliique
3047 2979 3321 3034 territant.

1923 3092 2053 3150 ΗΞ.
2079 3093 2313 3148 Dicente
2343 3093 2406 3146 de
2437 3093 2607 3146 altera
2647 3091 2878 3146 Muralis
2901 3093 2957 3146 in
2989 3091 3256 3163 Europam
3275 3094 3507 3164 tranaje-

2241 3165 2412 3218 ctione
2448 3181 2567 3217 cum
2596 3163 2830 3217 exercitu
2876 3165 3170 3231 opiniones.

1991 3257 2237 3313 Diximus
2271 3272 2462 3326 supra,
2491 3271 2726 3311 numero
2791 3265 3050 3311 notarum
3075 3255 3165 3321 89,
3233 3255 3500 3315 Dluratem

1915 3351 2058 3406 bello
2114 3361 2302 3406 contra
2345 3349 2692 3420 Mustapltatu
2771 3351 3186 3420 supposititium
3245 3353 3502 3416 fratrem,

1914 3439 2286 3498 Genuensium
2321 3443 2688 3512 quorumdam
2721 3457 2912 3512 opera,
2947 3455 3238 3498 numerato
3267 3445 3351 3500 Itis
3387 3459 3502 3500 ma-

1915 3535 2065 3588 ximo
2115 3535 2310 3605 pretio,
2363 3545 2514 3588 trans
2559 3532 2972 3603 Hellespontum
3031 3537 3346 3604 pervenisse
3377 3553 3501 3592 cum

1916 3628 2091 3697 c0piis
2126 3646 2140 3682 :
2175 3629 2339 3697 idque
2386 3643 2574 3682 verum
2603 3640 2745 3693 esse,
2777 3627 3098 3682 testimonio
3139 3626 3366 3683 Laonici
3402 3631 3502 3682 do-

1913 3722 2158 3777 cuimus.
2195 3721 2238 3774 Α
2263 3720 2464 3790 quibus
2497 3732 2680 3776 autem
2719 3721 2823 3776 hoc
2859 3720 3004 3776 bello
3044 3733 3237 3776 contra
3275 3720 3496 3778 Vladis-

1913 3815 2059 3870 lanm
2094 3813 2347 3885 Ungaria
2375 3828 2582 3882 regem,
2610 3811 2840 3867 Muratis
2892 3813 3172 3868 exercitus
3210 3815 3264 3868 in
3321 3812 3499 3867 Euro-

1918 3923 2039 3976 pam
2069 3915 2417 3962 transvectus
2448 3904 2635 3968 fuerit,
2657 3904 2911 3975 equidem
2977 3905 3246 3960 hactenus
3293 3905 3499 3959 intelli-

1913 4014 2042 4070 gere
2073 4013 2180 4052 non
2215 3997 2392 4067 potui.
2416 3996 2535 4050 Non
2577 4011 2743 4052 ausos
2773 3995 2827 4049 id
2855 4006 2985 4049 tunc
3022 3995 3206 4050 facere
3238 3994 3498 4050 Genuen-

1913 4106 2024 4157 ses,
2055 4089 2214 4146 facile
2245 4088 2598 4154 crediderim,
2659 4096 2884 4160 propter
2915 4087 3085 4143 Italiae
3147 4089 3319 4144 totius
3362 4104 3496 4144 con-

1915 4198 2140 4238 sensum
2172 4198 2185 4229 t
2222 4197 2343 4250 qua:
2369 4181 2604 4235 maxima
2638 4179 2946 4236 Tttrcorum
3006 4197 3072 4236 ex
3106 4181 3318 4251 Europa
3381 4183 3498 4252 pcl-

1916 4275 2205 4330 lendorum
2241 4289 2304 4330 ac
2354 4274 2620 4330 radicitus
2647 4276 3131 4345 exstirpandorum
3179 4291 3274 4345 spe
3302 4293 3502 4333 conce-

1915 4379 2028 4438 pta,
2069 4367 2306 4422 classem
2368 4367 2436 4422 ad
2489 4367 2781 4436 angustias
2828 4367 3168 4437 HelleSponti
3221 4370 3498 4426 miserat:

1914 4475 2024 4529 qua
2055 4459 2298 4514 fatentur
2359 4460 2460 4529 ipsi
2519 4458 2827 4516 Tur-corum
2890 4462 3123 4516 annales
3171 4461 3496 4532 impeditum

217 4562 481 4622 quartum
516 4553 862 4622 pontificem,
907 4553 997 4607 ubi
1033 4551 1368 4606 decennales
1427 4551 1690 4606 Moralem
1720 4553 1802 4607 in-
1835 4551 1880 4608 Ι)
1911 4549 2083 4606 fuisse
2107 4550 2394 4614 Muratem,
2443 4551 2742 4620 quominus
2775 4551 2829 4604 itt
2864 4549 3142 4619 EurOpatn
3171 4553 3515 4621 transjicere-

220 4647 421 4700 ducias
446 4662 569 4701 cum
603 4645 879 4702 Vladislao
909 4661 1035 4715 rege
1067 4654 1287 4715 pactum
1310 4646 1612 4714 accepisset
1639 4663 1657 4712 ς
1682 4655 1805 4699 tan-

217 4747 334 4791 tttttt
362 4752 528 4806 opera
553 4721 776 4792 'Juliani
803 4736 1108 4791 cardinalis
1152 4734 1422 4789 Czesarini
1477 4735 1637 4804 legati
1667 4750 1696 4786 a
1727 4736 1806 4789 la-

221 4841 359 4897 tere,
392 4831 535 4900 apud
566 4833 826 4901 juvenem
849 4841 904 4886 et
933 4830 1154 4885 avidum
1209 4829 1398 4898 gloriae
1445 4844 1649 4896 regem,
1709 4829 1806 4884 ad-

220 4925 564 4980 versantibus
595 4926 819 4981 interim
874 4925 1090 4995 magnis
1133 4922 1286 4987 viris,
1311 4923 1406 4993 qui
1478 4923 1802 4992 religionem

215 5015 368 5086 pacis
399 5031 461 5072 ac
494 5015 739 5082 fcrderis,
763 5018 1262 5072 intervenientibus
1321 5017 1688 5072 sanctissimis
1709 5017 1801 5085 ju-

211 5109 510 5179 risjurandi
539 5109 706 5182 ω
761 5111 1001 5166 vinculis
1044 5110 1167 5177 icti,
1231 5109 1457 5164 tninime
1481 5107 1800 5163 violandam

207 5214 550 5268 assererem,
578 5206 839 5272 pet-licere
873 5205 1122 5272 potuisse
1154 5221 1170 5269 ;
1201 5201 1420 5256 tandem
1485 5211 1546 5256 ut
1600 5210 1800 5256 aucto-

205 5298 376 5353 ritate
406 5297 683 5366 pontiiicia
711 5296 966 5351 rescissis
1012 5295 1358 5350 induciarttm
1391 5293 1589 5363 pactis,
1645 5307 1801 5348 arma

210 5396 410 5442 contra
458 5385 727 5441 Moralem
789 5401 985 5441 rursus
1044 5385 1314 5454 capienda
1382 5387 1794 5442 decerneretur.

203 5481 404 5536 Aiebat
429 5482 576 5535 enim
609 5477 879 5549 pontifex,
937 5479 1133 5532 initatn
1169 5493 1292 5532 cum
1356 5476 1670 5532 inﬁdelibus
1697 5493 1796 5546 pa-

206 5593 221 5623 ι
241 5587 352 5638 em,
381 5589 493 5628 non
515 5572 770 5628 consulta
793 5571 949 5641 prius
983 5571 1284 5640 apostolica
1344 5571 1472 5623 sede
1496 5579 1670 5623 ratam
1699 5571 1798 5624 Ita-

204 5667 325 5720 bcri
356 5682 466 5721 non
511 5681 674 5734 posse
704 5683 720 5731 ;
750 5666 1057 5734 praesertim
1108 5664 1253 5733 quod
1285 5678 1350 5718 ea
1410 5663 1693 5718 videretur
1740 5669 1793 5718 itt

202 5759 508 5828 perniciem
543 5774 608 5814 ac
660 5760 1050 5815 detrimentum
1085 5756 1403 5827 reipublicae
1462 5755 1798 5812 Christiana:

199 5854 373 5910 facta.
403 5852 496 5912 Sic
525 5853 965 5926 redintegratum
1031 5863 1239 5911 temere
1271 5851 1375 5908 fuit
1432 5851 1656 5922 bellum,
1723 5853 1792 5910 de

1911 4657 2035 4698 cum
2067 4643 2185 4698 suis
2208 4658 2304 4709 per
2343 4641 2760 4712 Hellespontum
2803 4652 3008 4713 posset.
3059 4641 3168 4697 Nec
3235 4645 3496 4699 dissimu-

1911 4735 2131 4791 laturus
2190 4736 2326 4790 tanti
2392 4736 2623 4792 sceleris
2683 4748 2944 4792 auctores
3001 4748 3122 4791 erat
3194 4737 3496 4794 cardinalis

1910 4823 2290 4888 Florentinus.
2320 4825 2520 4881 Italica:
2565 4827 2762 4881 claSsis
2832 4831 3166 4897 praefectus:
3221 4828 3492 4899 siquidem

1909 4919 2056 4974 illius
2083 4919 2272 4975 aiiines
2327 4936 2451 4976 esse
2490 4921 2666 4991 eulpae
2736 4924 3054 4976 Certos-uses
3114 4926 3493 4980 constitisset:

1909 5015 2099 5068 minus
2121 5015 2204 5068 eis
2228 5029 2495 5085 parsurus
2519 5013 2820 5086 Eugenius,
2857 5032 2995 5086 papa
3057 5015 3316 5083 Venetus,
3369 5022 3493 5074 exi-

1911 5107 2398 5165 tialiGenualibos
2423 5110 2552 5164 odio
2603 5125 2728 5166 cum
2761 5112 2885 5166 aliis
2952 5109 3176 5166 Venetis
3236 5112 3491 5168 infestus.

1907 5199 2187 5254 Duntuxat
2216 5201 2267 5254 itt
2292 5201 2488 5256 litteris
2510 5202 2898 5273 suis,quarum
2918 5201 3202 5258 Bonfiuius
3222 5204 3492 5268 meminit,

1906 5291 2173 5349 hiut-atem
2253 5295 2550 5350 cardinalis
2601 5297 2794 5351 scribit
2853 5297 3026 5350 elusis
3071 5306 3191 5350 astu
3248 5298 3332 5350 vel
3387 5296 3494 5349 lar-

1907 5389 2113 5457 gitione
2152 5389 2591 5459 speculatoribus
2635 5389 2700 5442 ad
2754 5388 3102 5459 Calli0polim
3147 5389 3490 5458 tranjecisse.

1907 5483 2039 5546 Quae
2074 5482 2237 5534 verba
2265 5496 2506 5552 quonam
2573 5483 2734 5534 modo
2785 5497 2911 5534 cuttt
2975 5479 3160 5534 verbis
3200 5479 3486 5533 annalium

1906 5571 2254 5628 concilianda
2281 5573 2410 5636 sint,
2441 5582 2535 5627 aut
2562 5571 2724 5625 aliter
2769 5571 3000 5642 intelligi
3035 5573 3269 5640 possint,
3322 5587 3489 5641 quant

1906 5683 2030 5720 t'lllll
2062 5667 2239 5736 ipsius
2265 5666 2567 5721 cardinalis
2598 5666 2923 5736 ignominia.
2959 5665 3302 5735 negligentite
3322 5677 3495 5722 semet

1903 5756 2208 5827 arguentis,
2237 5758 2491 5827 equidem
2525 5774 2631 5811 non
2702 5759 2882 5815 video.
2911 5758 3019 5812 Cur
3067 5757 3216 5811 enim
3284 5755 3492 5812 Italica:

1904 5851 2066 5909 classi
2100 5851 2394 5918 praefectus
2444 5867 2554 5908 non
2615 5852 2968 5922 impediebat,
3033 5852 3330 5922 quominus
3382 5849 3491 5922 vel
