4018 6414
566 345 674 415 80'?

1806 341 2135 412 30ANNIS
2175 341 2644 410 LEUNCI.A\‘il

3762 341 3866 408 893

571 469 640 523 ad
665 459 1034 537 Calliopolim,
1089 466 1175 520 γει
1217 466 1384 521 alium
1415 453 1754 536 Hellespomi
1813 469 1996 521 locum
2073 467 2166 521 ille
2198 475 2237 528 Α
2273 466 2494 520 Achelo.
2565 462 2797 516 Barnam
2843 461 3093 516 scribunt
3153 462 3624 532 Chalcozondylis
3683 461 3862 514 inter-

574 559 962 625 transjiceret?
993 571 1092 612 cur
1127 558 1179 612 in
1200 574 1258 613 se
1311 560 1530 627 culpam
1563 558 1728 612 tacite
1752 559 2006 613 confert?
2057 575 2156 614 cur

572 653 878 708 oscitantiae
903 652 1259 720 semetipsum
1284 661 1507 707 accusat
1529 651 1668 711 ?.'.Ait
1700 653 1872 718 enim,
1927 653 1993 705 ad
2029 652 2154 705 Cal.

573 744 815 813 liopolim
850 744 1224 799 transmisisse
1262 741 1553 808 Moralem,
1616 758 1645 798 a
1677 756 1788 813 quo
1851 745 2153 812 t‘ransjertn

575 837 692 904 ipse
718 837 982 890 Muratem
1039 851 1231 891 arcere
1286 837 1482 907 jussus
1539 838 1737 890 fuerat.
1789 835 1870 890 Ex
1919 839 2156 891 adverso

573 930 822 984 scribunt
854 928 1044 995 Turci,
1075 931 1306 984 classem
1364 930 1609 984 italicam
1661 931 1713 982 in
1745 940 1989 1000 tempore
2015 929 2157 983 Cal—

570 1023 815 1090 li0polim
843 1024 1140 1093 appulisse,
1184 1023 1560 1092 Muratemqne
1593 1023 1970 1093 praepediisse,
2017 1033 2158 1090 quo-

573 1116 760 1170 minus
814 1115 928 1170 illic
983 1117 1362 1171 transmittere
1415 1119 1676 1185 potuerit.
1743 1114 2045 1170 Audiamus
2099 1123 2156 1169 et

573 1203 902 1269 Laonicum.
932 1209 1026 1276 qui
1054 1221 1150 1278 per
1180 1209 1352 1261 otium
1408 1205 1688 1278 trajecisse
1713 1207 1982 1261 Muratem
2027 1221 2156 1260 nar-

574 1309 679 1362 rat,
717 1313 838 1352 cum
870 1300 1102 1353 adverso
1130 1308 1290 1352 vento
1311 1298 1508 1353 diebus
1526 1299 1736 1368 aliquot
1765 1297 2021 1364 durante,
2053 1297 2157 1351 lm-

569 1391 888 1459 pedirentttr
918 1390 1058 1455 Itali,
1092 1393 1388 1462 quominus
1417 1406 1482 1447 ex
1522 1393 1862 1460 Propontide
1916 1394 1969 1446 iu
2028 1391 2153 1444 llel-

567 1469 881 1551 lespontum
914 1492 1107 1540 contra
1141 1483 1406 1540 Muratcm
1445 1486 1634 1540 venire
1664 1495 1908 1556 possent.
1939 1485 2152 1539 interea

565 1589 697 1628 vero
723 1573 986 1628 Muratem
1015 1577 1082 1630 ad
1123 1577 1318 1630 turrim
1357 1591 1597 1640 sacram,
1637 1592 1758 1646 quae
1787 1577 1840 1629 in
1903 1576 2150 1631 Asiatico

566 1667 750 1722 littore
781 1670 882 1722 sita
907 1671 977 1723 sit
997 1667 1065 1722 ad
1095 1670 1546 1736 angustissimum
1585 1672 1640 1724 in
1674 1669 2010 1739 Propontide
2071 1669 2154 1724 lo-

566 1776 716 1826 cum,
756 1763 1151 1818 transmisisse.
1187 1761 1427 1818 Excusat
1451 1765 1540 1819 hic
1561 1779 1782 1833 quoque
1811 1763 2148 1819 cardinalem

565 1855 760 1909 classis
791 1853 1131 1924 praefectum,
1155 1865 1211 1909 et
1236 1856 1328 1909 ubi
1387 1855 1761 1924 transjecerit,
1799 1867 1896 1908 sua
1929 1855 2150 1922 quidem

567 1947 845 2014 opinione,
868 1945 1129 2014 Murates,
1158 1947 1392 2014 indicat,
1426 1949 1531 2002 nisi
1561 1947 1709 2018 quod
1765 1962 1862 2017 per
1908 1961 2153 2002 errorem

567 2040 762 2095 scribit
797 2041 1092 2112 interpres,
1131 2044 1337 2098 tactum
1372 2043 1477 2098 hoc
1509 2043 1573 2097 ad
1608 2043 2063 2113 angustissimum
2095 2043 2152 2096 in

568 2134 898 2204 PrOpontide
928 2137 1107 2190 locum
1143 2155 1156 2191 :
1197 2151 1294 2206 pro
1320 2153 1455 2207 quo,
1486 2138 1539 2191 in
1578 2137 1967 2207 Hellesponto,
2005 2137 2154 2192 dice-

566 2240 627 2280 re
658 2227 908 2283 debebat.
931 2227 1250 2297 Bostthorus
1280 2230 1426 2283 enim
1457 2232 1750 2300 angustias
1785 2231 1968 2297 habet,
2001 2245 2152 2285 com-

568 2319 759 2374 modas
786 2319 851 2373 ad
895 2322 1389 2390 transjiciendnm;
1439 2322 1742 2392 Propontis
1780 2338 1912 2378 vero
1947 2324 2152 2390 nullas,

567 2410 800 2479 nisiqua
832 2411 886 2464 in
918 2411 1166 2482 Ega‘um
1205 2427 1358 2468 mare
1397 2430 1492 2484 per
1527 2413 1944 2485 Hellespontum
1973 2432 2154 2472 erum-

569 2515 728 2570 pens,
759 2520 788 2556 a
824 2502 1112 2574 Calliopoii
1147 2521 1321 2573 usque
1354 2508 1419 2560 ad
1447 2520 1626 2572 arces,
1661 2523 1801 2576 quas
1851 2506 2154 2565 Dardanel-

569 2599 652 2652 los
685 2609 906 2665 vocant,
929 2601 1108 2670 spatio
1143 2601 1330 2671 viginti
1355 2611 1564 2673 scptcm
1595 2603 1942 2670 milliarium,
1981 2603 2036 2656 in
2066 2618 2154 2656 ar-

567 2699 682 2741 tum
702 2690 939 2760 ragitur,
972 2700 1033 2745 ut
1062 2701 1222 2746 antea
1255 2694 1432 2764 rapite
1490 2703 1753 2748 notarum
1781 2694 1853 2748 24
1885 2695 2151 2750 diximus.

567 2782 627 2836 in
660 2783 761 2836 hac
790 2797 921 2853 ergo
961 2787 1341 2841 narrationum
1385 2786 1707 2844 diversitate
1763 2789 1898 2843 nihil
1930 2789 2154 2846 invenio

566 2879 927 2945 probabilius,
957 2895 1122 2950 quam
1192 2882 1338 2952 quod
1384 2882 1681 2938 annalibus
1738 2884 1824 2938 his
1869 2885 2153 2940 memoria:

569 2971 823 3040 proditur
857 2990 872 3025 :
908 2971 1179 3028 Muratem
1223 2975 1436 3030 scilicet
1460 2976 1530 3028 ab
1560 2974 1712 3030 Italis
1739 2976 2060 3046 impeditum
2085 2979 2152 3033 ad

549 3061 931 3134 Calliopolitn,
961 3081 1023 3120 ea
1061 3067 1281 3127 relicta.
1309 3083 1530 3122 sursum
1557 3067 1688 3139 (non
1725 3071 2008 3132 deorsutn.
2057 3072 2150 3126 ubi

563 3155 730 3208 situm
761 3166 882 3209 erat
909 3157 1042 3211 illud
1086 3153 1274 3214 Diana:
1337 3159 1525 3213 fanum
1587 3164 1669 3214 Vel
1726 3163 1944 3227 hieron,
2001 3157 2219 3234 quodC

563 3246 708 3299 male
733 3247 930 3299 turrim
966 3261 1181 3300 sacram
1215 3247 1449 3302 reddidit
1478 3251 1773 3320 interpres)
1808 3267 1937 3306 cum
1991 3268 2150 3307 excr-

563 3334 676 3388 citu
711 3349 804 3403 per
834 3337 1144 3406 Blhyniam
1168 3339 1497 3408 proiectam,
1531 3357 1561 3396 e
1586 3341 1809 3410 regione
1840 3341 1991 3396 illius
2011 3342 2148 3410 loci,

564 3442 676 3496 quo
737 3431 859 3483 loco
904 3445 1052 3485 nunc
1116 3431 1260 3485 arcis
1317 3445 1468 3486 novae
1537 3441 1815 3489 structura
1867 3445 2144 3499 cernatur,

567 3533 941 3578 mercatorum
971 3524 1209 3594 navigiis
1237 3525 1290 3578 iu
1339 3523 1670 3581 Romaniam
1704 3530 1818 3584 sive
1853 3527 2146 3584 Thraciam

563 3618 944 3688 transjecisse.
979 3613 1118 3672 Nam
1153 3619 1282 3673 hinc
1318 3619 1622 3676 manifesto
1671 3633 1847 3690 paret.
1892 3637 2017 3676 eum
2045 3639 2149 3678 nec

563 3712 629 3765 ad
655 3710 1020 3781 Callicpolim,
1058 3727 1160 3766 nec
1197 3713 1263 3766 ad
1314 3711 1690 3779 Dardanellos,
1743 3732 1844 3772 nec
1901 3718 1968 3771 ad
2007 3719 2148 3773 ullas

561 3808 697 3861 alias
741 3806 1081 3877 Hellesponti
1135 3807 1295 3879 441
1375 3811 1658 3881 angustias
1714 3821 2144 3866 transvectum:

558 3900 655 3955 sed
682 3911 845 3970 supra
868 3898 1430 3970 Constantinopolim,
1488 3917 1684 3956 versus
1722 3913 1950 3971 pontum
1980 3903 2149 3957 Euxi-

562 4008 717 4056 num,
746 3994 798 4047 in
866 4007 930 4046 ea
981 3993 1210 4061 Bospori
1257 4003 1432 4062 parte,
1483 4009 1596 4062 qua
1629 3995 1676 4049 is
1701 3996 2017 4050 artissin‘ius
2061 4003 2148 4049 est

559 4089 704 4142 inter
729 4089 913 4141 Asiam
943 4095 998 4140 et
1021 4085 1319 4156 Europam,
1357 4097 1414 4144 et
1447 4086 1540 4141 ubi
1602 4096 1894 4158 propterea
1947 4099 2144 4142 novam

560 4196 742 4237 arcem
779 4177 1137 4249 (Neocastron
1191 4180 1368 4236 Gra‘ci
1420 4189 1641 4247 vocant,
1691 4192 1750 4235 nt
1806 4183 1969 4250 paulo
2025 4193 2148 4252 post

560 4274 774 4329 dicetur
790 4274 966 4341 capite
995 4272 1117 4337 128,
1161 4272 1228 4327 ad
1285 4287 1457 4328 unum
1487 4287 1651 4344 supra
1678 4275 2144 4348 Constantinopo-

563 4367 654 4420 lim
685 4364 919 4432 ntiiliare
947 4363 1360 4434 Germanicum)
1386 4363 1615 4422 Muratis
1639 4363 1784 4421 titius
1821 4367 2137 4426 Mucheme-

560 4469 640 4515 tes
664 4460 957 4524 exstruxit,
987 4470 1045 4511 ut
1073 4459 1162 4514 hic
1195 4473 1262 4513 ex
1314 4459 1444 4513 Asia
1476 4459 1529 4514 in
1567 4459 1859 4530 Europam,
1896 4464 1980 4518 vel
2063 4467 2144 4521 vi-

2261 566 2465 628 pretes,
2495 567 2549 611 et
2581 557 2724 626 apud
2763 555 3062 610 Cedrinum
3099 565 3213 608 tum
3259 552 3521 617 Barna-n,
3559 563 3682 606 tum
3726 551 3858 606 Bar-

2264 665 2362 705 uas
2393 667 2623 705 numero
2654 649 3023 705 multitudinis
3047 690 3060 713 ,
3126 649 3486 704 doctissimus
3541 647 3859 715 Xylander.

2265 743 2443 804 nobis,
2473 742 2603 796 dum
2640 743 2869 808 viveret,
2923 739 3317 795 amicissimus.
3353 741 3433 794 Ad
3492 737 3747 802 Varnas,
3789 741 3860 792 ait

2257 833 2556 898 Cedrinus,
2585 848 2766 889 castra
2793 834 3013 903 Bulgari
3044 844 3367 904 posuerunt.
3403 831 3565 896 ltetu,
3589 831 3863 888 Catacaio

2262 927 2466 996 (inquit
2497 926 2793 995 Cedrinus)
2826 927 3058 981 sitarum
3097 925 3163 979 ad
3199 925 3400 978 Istrum
3437 924 3664 978 urbium
3715 923 3864 978 loco-

2261 1033 2494 1089 rumque
2525 1035 2750 1090 prarscs,
2773 1034 2898 1074 cum
2931 1019 3125 1074 [iussis
3149 1018 3481 1074 occurrisset
3505 1017 3675 1086 juxta
3708 1018 3863 1070 iittns

2261 1109 2478 1177 Varnzc,
2503 1127 2667 1181 quam
2695 1111 2768 1167 ita
2804 1120 3022 1177 vncant,
3053 1125 3389 1180 manumque
3440 1109 3856 1170 coiis-'rttissct,

2259 1221 2356 1259 eos
2395 1208 2446 1260 in
2483 1205 2664 1274 fugam
2711 1207 2843 1276 egit.
2885 1205 2981 1259 llic
3015 1203 3217 1260 littoris
3262 1203 3562 1259 Varnensis
3609 1205 3676 1256 tit
3712 1221 3859 1258 mcu-

2259 1301 2360 1363 tio,
2400 1299 2772 1356 Callimachus
2803 1301 2967 1355 etiam
3017 1299 3201 1354 sinum
3259 1300 3430 1354 maris
3467 1309 3523 1352 et
3564 1309 3852 1367 stagnum,

2259 1392 2542 1446 Boniinins
2575 1394 2824 1461 paludem
2858 1394 3131 1448 nominat.
3183 1387 3306 1448 "me
3339 1391 3709 1463 pactionibus
3749 1392 3853 1459 regi

2262 1479 2536 1539 Vladislao
2570 1485 2750 1540 dedita
2785 1485 2907 1551 luit,
2943 1496 2997 1540 ut
3032 1485 3254 1554 scripsit
3286 1484 3565 1540 Laonicns
3597 1501 3615 1538 :
3673 1484 3853 1538 Calia-

2260 1594 2352 1632 cra
2391 1594 2516 1632 vero
2567 1579 2613 1631 vi
2667 1589 2847 1647 capta,
2917 1578 3078 1647 cnjus
3112 1581 3199 1633 hic
3240 1579 3294 1632 in
3348 1578 3653 1632 annalibus
3712 1577 3853 1630 nulla

2259 1674 2483 1728 tnentio.
2521 1671 2801 1728 Bonlinins
2839 1684 3025 1728 tamen
3058 1689 3176 1728 cam
3213 1675 3439 1728 silentio
3483 1686 3596 1726 uou
3635 1683 3853 1742 praeter-

2261 1766 2364 1826 iit.
2427 1773 2482 1820 et
2533 1765 2674 1821 male
2719 1765 3049 1820 Callacrium
3112 1763 3337 1833 scripsit
3390 1779 3405 1816 :
3463 1771 3677 1816 numen
3759 1759 3854 1812 huc

2259 1857 2463 1910 addens
2487 1857 2691 1926 oppido
2721 1857 2935 1922 datum,
2991 1873 3020 1912 a
3046 1853 3222 1912 Gallis
3251 1867 3316 1910 ex
3371 1855 3529 1920 Asia,
3570 1869 3636 1908 re
3678 1852 3850 1906 infeli:

2265 1949 2406 2002 citer
2435 1959 2610 2018 gesta,
2651 1951 2892 2004 reversis
2935 1960 2950 2003 ξ
2984 1958 3041 2004 ut
3071 1947 3407 2005 Callacrium
3466 1946 3640 2017 quasi
3675 1945 3853 2000 Galla-

2257 2043 2434 2097 crium
2465 2043 2770 2100 diceretur.
2828 2043 2994 2114 Atqui
3021 2043 3274 2098 Caliacra
3308 2041 3590 2115 signiﬁcat
3651 2041 3850 2096 Grecis

2258 2132 2465 2189 bouum
2497 2137 2581 2190 vel
2635 2137 2856 2206 elegans
2908 2133 3369 2206 promontorium.
3433 2133 3619 2189 Mario
3673 2133 3848 2201 Nigro,

2256 2225 2580 2281 hodiernam
2647 2226 2972 2282 Grecorum
3037 2228 3550 2298 pronuntiationem
3611 2231 3844 2289 secuto.

2255 2319 2546 2376 Chaliacra
2585 2329 2836 2377 vocatur.

2481 2436 2602 2492 114.
2632 2435 2821 2509 Pugna
2876 2435 3180 2505 l’arnensis,
3214 2437 3356 2492 Cara
3388 2437 3646 2495 Michail.

2331 2550 2447 2608 Hoc
2479 2554 2669 2623 prtelio
2703 2553 3014 2609 Viadislaus
3046 2571 3136 2608 rex
3183 2563 3462 2624 pugnasse
3521 2555 3734 2610 dicitur
3777 2557 3834 2607 ab

2258 2661 2367 2701 uno
2420 2647 2612 2713 latere,
2649 2647 2734 2701 vel
2785 2649 3090 2702 secundum
3136 2645 3466 2712 Laouicum,
3522 2649 3575 2701 in
3641 2649 3847 2703 dextro

2257 2755 2429 2795 conm
2462 2758 2474 2794 :
2506 2739 2646 2795 Cara
2681 2742 2795 2795 sive
2818 2740 2984 2809 Niger
3009 2742 3241 2798 Michael
3268 2744 3322 2797 in
3353 2743 3585 2806 sinistro,
3618 2742 3690 2796 de
3718 2759 3840 2813 quo

2258 2843 2439 2887 tamen
2495 2835 2642 2887 aliud
2695 2847 2957 2904 praeterea
3022 2835 3158 2888 nihil
3227 2836 3506 2890 memoria
3555 2835 3847 2906 proditum

2260 2926 2494 2993 repetio.
2539 2926 2827 2981 Boniinius
2859 2928 3052 2983 eadem
3085 2931 3150 2982 de
3191 2928 3361 2999 Nigro
3397 2928 3669 2985 Michaeie
3693 2945 3850 2985 com-

2259 3027 2547 3082 memorat,
2601 3035 2665 3074 ac
2703 3020 2907 3075 diserte
2967 3021 3275 3089 prono-tur,
3336 3038 3400 3076 ex
3441 3022 3760 3078 Turcorum
3793 3041 3850 3080 se

2258 3113 2666 3168 narrationibus
2720 3115 2811 3168 illa
2869 3123 3134 3182 repetere,
3200 3131 3265 3170 ne
3332 3117 3561 3171 vet-hulo
3620 3119 3843 3188 quidem

2256 3204 2560 3272 attingens,
2589 3206 2716 3274 quis
2745 3203 2912 3259 fuerit
2957 3205 3058 3259 iste
3118 3204 3375 3259 Micha-l.
3413 3205 3710 3262 Laouicus
3742 3211 3839 3273 ait,

2254 3297 2430 3352 Dacos
2483 3299 2534 3352 in
2582 3299 2812 3354 sinistro
2853 3315 3087 3355 curasse
3119 3317 3316 3367 cornu,
3352 3302 3557 3370 quibus
3612 3299 3847 3360 fortasse

2253 3389 2481 3446 Michael
2523 3389 2763 3463 Ziiagius
2800 3403 3050 3463 praeerat,
3083 3395 3242 3464 cujus
3271 3410 3524 3450 sororem
3562 3393 3846 3454 liuniadt-s

2255 3485 2489 3539 habebat
2531 3486 2580 3538 in
2637 3485 3013 3540 matrimonio.
3071 3485 3340 3555 Equidem
3391 3488 3563 3542 alium
3600 3491 3847 3546 divinare

2251 3573 2595 3642 Michaelem,
2631 3576 2682 3630 id
2721 3576 2986 3646 temporis
3033 3577 3179 3648 apud
3241 3576 3493 3649 llngaros
3542 3582 3843 3644 celebrem,

2252 3683 2360 3722 non
2386 3683 2634 3737 possum.

2253 3801 2382 3856 115.
2407 3800 2632 3856 Laonici
2666 3805 2813 3857 lorus
2837 3805 3147 3858 emendatus
3169 3815 3218 3860 et
3243 3807 3540 3875 expositus.
3563 3808 3807 3867 Claudia.

2928 3875 3123 3930 Vitrsi.

2321 3984 2381 4040 In
2419 3986 2596 4055 primo
2627 3987 2883 4044 conﬂictu
2905 4004 3082 4044 caesus
3114 3989 3285 4046 fuisse
3319 3989 3566 4046 refertur
3594 4011 3674 4050 ex
3708 4005 3837 4067 pati:

2251 4076 2479 4132 Muralis
2533 4080 2804 4134 Anatolia:
2878 4082 3260 4151 beglerbegus.
3337 4085 3843 4158 Hancinterempn

2249 4173 2520 4226 Anatolius
2559 4174 2869 4244 beglerbegi
2930 4177 3164 4244 gloriam
3222 4176 3498 4234 Laonicus
3569 4179 3847 4237 Hui-indi.

2248 4260 2554 4318 fortissimo
2585 4265 2734 4330 duci,
2773 4268 2986 4322 tribuit.
3026 4269 3141 4322 iloc
3177 4281 3357 4324 autem
3390 4271 3515 4325 loco
3561 4269 3851 4328 iacturum

2249 4371 2340 4412 me
2367 4358 2602 4426 pretium
2657 4374 2840 4427 operai
2882 4375 3065 4429 spero,
3109 4362 3156 4416 si
3195 4363 3360 4416 verba
3391 4366 3661 4433 quaedam
3717 4367 3770 4422 Ι.
3800 4384 3854 4422 o-

2251 4451 2362 4505 nici
2404 4453 2606 4520 partim
2642 4463 2930 4522 corrupta,
2964 4457 3162 4524 partim
3227 4457 3487 4523 obscura,
3542 4464 3861 4516 restituero

559 4554 743 4608 tissim
773 4566 837 4607 ex
857 4551 1074 4624 Europa
1104 4553 1158 4607 in
1183 4552 1369 4607 Asiam
1390 4553 1691 4624 transjectu
1715 4554 1858 4610 facili
1885 4573 1948 4614 ac
1969 4559 2143 4629 brevi,

2256 4557 2304 4598 et
2333 4545 2706 4600 illustravero.
2738 4547 2810 4600 Ea
2854 4563 2985 4601 vero
3038 4559 3145 4602 tam
3180 4550 3320 4618 apud
3355 4549 3647 4616 Latinum,
3682 4570 3863 4622 quam

558 4648 777 4716 quoties
809 4645 1084 4714 libuisset,
1158 4647 1377 4701 ncntinc
1429 4649 1774 4718 prohibente,
1837 4667 1960 4706 cum
1990 4669 2147 4710 exer-

557 4741 669 4792 citu
700 4749 882 4809 posset
912 4739 1308 4794 transmittere.
1366 4741 1640 4812 Quidquid
1667 4744 1815 4816 dicat
1843 4743 2144 4816 Laouicus,

557 4834 822 4903 quidquid
860 4834 1153 4902 scripsisse
1181 4834 1541 4899 cardinaicm,
1595 4839 1737 4891 male
1765 4815 2017 4895 fortassis
2078 4846 2145 4896 ab

559 4926 1005 4992 exploratoribus
1037 4926 1390 4988 inStructum,
1438 4927 1726 4984 Bonlinius
1751 4943 2002 4997 asserat,
2033 4935 2146 4990 haec

567 5019 752 5088 potius
783 5031 885 5086 ego
911 5034 1034 5071 vera
1067 5029 1221 5089 puto.

703 5110 828 5164 “'5.
869 5109 1071 5175 Vama,
1105 5110 1368 5179 Stagnum
1399 5107 1688 5178 Vnrnense,
1729 5113 1998 5169 Caliacra.

627 5201 837 5258 Civitas
879 5217 961 5256 est
1002 5204 1069 5258 ad
1117 5205 1349 5258 Pontuu
1409 5205 1683 5260 liuxinum
1725 5208 1923 5276 \‘arna,
1977 5226 2142 5280 quam

557 5295 802 5352 Ortcltus
853 5298 1117 5351 Odessutu
1189 5297 1406 5366 priscis,
1476 5301 1559 5353 Vel
1613 5299 1887 5371 Odyssqu
1935 5305 2140 5358 dictam

559 5391 745 5456 tradit,
801 5390 895 5444 alii
946 5389 1365 5460 Dionysopolim
1411 5390 1646 5445 faciunt.
1691 5394 1993 5449 Anchialos
2024 5411 2145 5450 esse

557 5483 624 5537 de
651 5484 812 5539 Curei
847 5485 1120 5540 sententia
1153 5484 1362 5554 nequit,
1392 5500 1512 5539 cum
1538 5501 1601 5540 ca
1633 5496 1910 5555 superstes
1937 5491 2142 5544 Achelo

557 5587 706 5627 nunc
736 5575 971 5638 dicatur,
1008 5573 1230 5627 nomine
1261 5590 1369 5628 non
1407 5577 1701 5630 admodum
1739 5581 1968 5634 recenti.
2010 5581 2140 5635 Pium

558 5677 613 5722 et
634 5665 870 5722 Cedrino
897 5667 1200 5722 Acheloum
1241 5679 1488 5736 vocatur,
1524 5685 1572 5725 ct
1609 5673 1753 5742 apud
1817 5671 2140 5744 Symconem

557 5774 884 5832 magistrum
935 5763 1241 5815 ciliciorum
1293 5764 1345 5815 in
1389 5764 1616 5818 historia
1681 5766 1920 5820 necdum
1997 5768 2141 5820 edita

560 5855 786 5926 legitur,
824 5854 1152 5909 Anchialum
1191 5858 1487 5916 recentiori
1541 5860 1832 5937 vocabulo.
1867 5861 2140 5917 nominari

2255 4636 2523 4692 Gallicum
2589 4639 2968 4709 interpretem,
3007 4640 3540 4710 hujusmodisunt:
3596 4644 3866 4702 Joannes

2246 4728 2778 4786 Chuniateshabens
2815 4731 3054 4796 Phazt-n,
3095 4734 3146 4784 id
3182 4744 3266 4787 est
3294 4750 3391 4789 eos
3429 4736 3525 4806 qui
3553 4735 3865 4793 Bitasidcs

2250 4833 2540 4886 vocantur,
2604 4823 2719 4877 ibat
2767 4823 2822 4878 in
2866 4827 3010 4878 Asiae
3043 4826 3266 4881 ducem.
3323 4826 3532 4896 Opinor
3565 4830 3704 4884 aliis
3737 4831 3868 4885 haec

2251 4915 2562 4983 legentibus
2597 4915 2739 4970 idern
2769 4917 3046 4980 accidere,
3081 4921 3227 4987 quod
3277 4919 3438 4974 initio
3487 4921 3627 4974 mihi
3667 4926 3870 4978 conti-

2248 5010 2393 5078 gisse
2416 5009 2660 5062 memini.
2716 5009 2988 5063 Nimirum
3028 5019 3337 5066 monstrum
3381 5012 3664 5080 quoddam
3700 5020 3874 5073 arbi-

2250 5103 2434 5158 trabar
2477 5116 2599 5156 esse
2634 5102 2872 5169 Phazen,
2908 5120 2972 5158 ex
3008 5121 3121 5173 quo
3173 5121 3283 5159 uno
3327 5121 3454 5162 mox
3504 5108 3702 5176 plures
3767 5129 3878 5165 ue-

2247 5195 2362 5250 scio
2397 5195 2490 5261 qui
2526 5195 2823 5256 Bitaxides,
2858 5199 3006 5251 velut
3031 5214 3097 5252 ex
3131 5215 3277 5269 equo
3326 5199 3570 5270 Trojano
3605 5207 3870 5270 prodie-

2249 5291 2379 5344 rint.
2415 5288 2488 5342 Ne
2519 5291 2724 5345 diutius
2747 5294 2968 5345 avidum
3001 5293 3224 5349 lectoris
3255 5298 3501 5349 animum
3527 5297 3870 5362 detineant.

2247 5384 2370 5437 dico
2399 5384 2478 5436 sic
2515 5385 2616 5438 ista
2645 5384 2872 5454 legenda
2906 5402 2920 5439 :
2973 5385 3214 5442 Joannes
3270 5389 3570 5446 Choniates
3631 5391 3874 5452 habens

2248 5491 2434 5530 secum
2463 5477 2694 5540 Chazes,
2731 5479 2782 5531 id
2815 5487 2900 5530 est
2948 5495 3041 5533 eos
3072 5482 3170 5550 qui
3232 5480 3504 5540 Viti-rides
3539 5501 3870 5552 vocantur.

2250 5572 2362 5623 ibat
2391 5571 2442 5623 in
2470 5572 2613 5623 Asia:
2640 5571 3010 5638 ducem.0uae
3042 5575 3207 5628 verba
3239 5574 3412 5630 lector
3452 5588 3511 5633 ut
3544 5579 3870 5653 intelligat,

2248 5664 2440 5720 Turcis
2472 5663 2640 5718 Chazi
2685 5665 2832 5718 norit
2881 5667 3195 5736 signiﬁcare
3230 5678 3519 5723 strenuum
3580 5673 3871 5738 militum,

2247 5776 2368 5830 quze
2393 5777 2495 5813 vox
2526 5775 2756 5814 munero
2785 5760 3152 5815 multitudinis
3177 5761 3435 5817 Chazilar
3477 5765 3563 5821 eis
3587 5767 3870 5832 effertur,

2248 5856 2456 5913 Graecis
2491 5855 2724 5922 Clrazcs,
2787 5855 2889 5912 hoc
2937 5864 3046 5924 est,
3093 5858 3306 5914 strenui
3371 5859 3597 5914 milites.
3681 5863 3872 5919 iidem
