4018 6424
257 436 359 498 809

1411 434 1808 496 PANDECTE
1848 435 2047 497 HIST.
2087 436 2378 497 TURCIC.

3399 437 3501 502 Sli

257 567 390 604 vero
425 549 611 619 lingua
673 547 938 618 Ungarica
1005 547 1264 602 dicuntur
1297 547 1470 611 Vitez.
1515 563 1572 605 tit
1606 551 1825 604 Gt'l‘llia-
1854 555 1904 612 Α
1933 553 2058 605 velit
2091 569 2104 605 :
2135 551 2298 606 Turci
2334 569 2461 606 vero
2496 551 2791 607 Chezcrem
2825 553 3133 608 nominent.
3161 553 3315 622 Quod
3345 562 3500 626 prius

259 643 381 694 nica
417 639 742 695 Rittersleut.
797 641 867 693 Ex
912 642 1015 694 hoc
1052 652 1230 694 autem
1290 641 1435 695 VlltZ
1487 646 1825 696 tlhalcocon-

261 731 416 802 (lyles
466 747 614 785 more
661 733 848 788 Grzeco
877 732 1135 789 formavit
1170 735 1466 790 Vitezides.
1515 737 1628 790 Hoc
1671 733 1830 788 modo

265 824 398 876 nihil
451 824 502 876 in
544 823 766 878 Laonici
832 827 1012 882 verbis
1057 831 1280 885 obscuri
1337 839 1524 884 restat.
1590 827 1831 882 Gallicus

266 911 530 983 interpres
558 914 950 985 Ungaricarum
998 937 1179 976 rerum
1230 925 1536 994 imperitus,
1572 922 1679 977 alio
1710 923 1829 975 loco

266 1006 531 1063 Bttezides
558 1025 681 1063 cum
721 1009 980 1068 llussaris
1034 1015 1349 1078 confundit,
1395 1017 1489 1084 qui
1525 1015 1658 1070 levis
1688 1014 1826 1082 apud

262 1097 516 1168 Ungaros
559 1114 860 1158 armatura:
925 1121 1056 1161 sunt
1107 1109 1346 1177 equites.
1395 1111 1583 1163 Solent
1643 1119 1826 1162 autem

257 1199 570 1268 huiusmodi
617 1199 890 1255 Chazilari
921 1210 977 1254 et
1023 1199 1195 1256 Vitezi
1249 1212 1357 1258 tam
1410 1206 1551 1274 apud
1591 1205 1827 1269 Turcos,

255 1308 418 1363 quam
480 1292 772 1362 Ungaros,
837 1295 1041 1349 habere
1097 1309 1277 1351 certas
1327 1300 1590 1366 quasdam
1646 1309 1827 1362 notas,

263 1387 464 1456 quibus
489 1387 589 1454 ipsi
623 1401 734 1454 prie
764 1388 980 1441 czeteris
1025 1390 1292 1443 militibus
1322 1389 1610 1460 conspicui
1649 1401 1772 1444 sunt
1811 1409 1824 1443 :

257 1488 312 1533 et
343 1479 394 1531 in
426 1479 622 1540 primis
658 1487 737 1531 tot
767 1487 984 1548 gestant
1007 1479 1297 1533 ardearttm
1320 1481 1372 1533 in
1397 1483 1572 1548 capite
1599 1497 1828 1550 pennas,

255 1583 385 1640 qum
419 1573 608 1625 hostes
640 1571 721 1622 vel
750 1572 802 1623 in
835 1571 1054 1640 praeliis,
1108 1574 1192 1625 vel
1226 1573 1442 1633 duellis,
1469 1591 1589 1642 quzc
1612 1575 1830 1637 utrique

254 1673 405 1729 genti
454 1661 905 1730 frequentissima
967 1672 1118 1724 sunt,
1177 1664 1525 1717 occiderunt.
1567 1662 1659 1718 His
1699 1681 1829 1732 ergo

255 1753 526 1806 militibus
582 1753 823 1806 strenuis
873 1753 1110 1822 stipatus
1166 1751 1490 1819 iiuniades,
1556 1755 1827 1809 Anatolize

253 1846 638 1914 bealerbegum
667 1845 888 1910 invasit,
927 1858 979 1900 et
1015 1863 1137 1899 cum
1166 1848 1283 1901 suis
1315 1848 1542 1901 occidit.

1936 645 2150 709 attinet,
2199 647 2379 715 potius
2429 647 2682 714 equidem
2731 646 2928 702 Turcis
2986 648 3295 704 habendam
3335 654 3494 707 fidem

1931 738 2189 802 arbitror,
2228 750 2370 791 utex
2399 755 2680 807 procerum
2734 757 2966 796 numero
2997 742 3165 798 fuisse
3215 747 3494 810 credatur,

1932 830 2024 899 qui
2056 829 2334 898 Elpiorum
2374 830 2578 886 familia
2617 842 2778 886 natus
2814 844 2953 888 erat.
2985 832 3134 891 Hanc
3166 838 3311 891 enim
3341 840 3496 893 initio

1929 922 2321 978 declarationis
2353 926 2518 992 hujus
2560 925 2730 978 videri
2763 928 3009 980 eamdem
3045 944 3170 982 esse
3199 943 3323 983 cum
3349 929 3495 1000 Ogu-

1931 1013 2034 1074 zia,
2069 1015 2402 1069 monuimus.
2434 1016 2484 1069 ls
2521 1031 2654 1085 ergo
2680 1019 2792 1087 regi
2826 1029 2988 1087 caput
3015 1022 3344 1089 amputavit,
3373 1039 3495 1077 cum

1930 1105 2071 1158 alius
2107 1107 2332 1175 quidam
2363 1123 2429 1162 ex
2463 1117 2768 1177 Azeporum
2801 1113 2916 1164 sive
2959 1113 3200 1178 peditum
3242 1131 3494 1180 numero,

1931 1195 2118 1248 incisis
2167 1197 2291 1264 equi
2344 1197 2475 1265 regii
2514 1199 2853 1261 tetnlinibus,
2885 1215 3008 1254 eum
3044 1219 3166 1257 cum
3218 1205 3349 1274 ipso-
3371 1222 3497 1277 rege

1933 1286 2080 1338 lntmi
2127 1290 2542 1355 prostravisset,
2573 1302 2634 1343 ut
2664 1290 2828 1346 Turci
2863 1293 3130 1350 referunt.
3185 1297 3242 1350 In
3279 1300 3499 1354 nomine

1932 1391 2035 1429 non
2063 1394 2252 1447 magna
2283 1380 2571 1434 diversitas
2599 1391 2706 1444 e‘st,
2741 1383 2845 1436 nisi
2867 1385 3010 1451 quod
3036 1383 3306 1442 Laonicus
3335 1391 3498 1460 vulgo

1931 1481 2118 1522 notum
2149 1483 2202 1525 et
2232 1474 2541 1526 mutilatum
2576 1474 2776 1542 posuit.
2805 1476 3016 1546 Quippe
3040 1478 3247 1534 Cheser
3275 1483 3494 1550 elegan-

1933 1563 2042 1617 tius
2074 1565 2217 1632 apud
2255 1565 2470 1620 Turcos
2513 1569 2865 1635 loquentibus
2929 1571 3071 1626 idem
3130 1584 3213 1628 est
3252 1591 3374 1630 cum
3433 1592 3500 1632 eo

1931 1656 2075 1721 quia
2105 1656 2262 1723 vulgo
2295 1663 2681 1725 pronuntiatur
2735 1663 2964 1725 Cheter,
3013 1681 3076 1717 ex
3109 1683 3218 1734 quo
3244 1668 3500 1724 Cbeteris

1930 1762 2130 1800 nomen
2173 1748 2443 1805 L:mnicus
2489 1753 2593 1804 sub
2620 1754 2780 1805 tinent
2825 1756 3006 1809 octavi
3047 1757 3168 1811 libri
3207 1758 3335 1812 fecit
3369 1779 3381 1812 :
3413 1761 3501 1814 hic

1931 1837 2220 1916 Thci'izem
2255 1840 2500 1894 ntutilate
2529 1844 2773 1911 scripsit.
2802 1862 2900 1918 pro
2935 1847 3237 1906 Cheterize.
3277 1851 3349 1904 De
3382 1852 3501 1920 ipso

253 1960 380 2014 116.
415 1961 665 2014 Precibus
698 1961 919 2014 Muralis
947 1971 1153 2014 mutata
1201 1962 1371 2026 pretii
1406 1964 1591 2029 facies.
1657 1961 1821 2014 Inau-
1859 1903 1897 1956 Β
1933 1927 2189 2029 Ῡ¹³ίῗίδ¹³ί
2225 1933 2367 2029 "’8"
2395 1939 2883 2029 Ξ¹Ῐ³Ρ¹¹ι⁴¹ί⁰ξ²ί³ίίθ
2909 1941 3040 2008 quid
3077 1941 3277 1997 lacum"
3313 1957 3500 2014 Ρθδιθθ

425 2034 595 2084 ditum
625 2034 812 2100 pignus
845 2033 969 2098 ﬁdei
1007 2049 1164 2085 causa
1209 2033 1409 2085 Murali
1443 2035 1645 2086 datum.

325 2123 441 2178 Noti
485 2141 512 2177 a
545 2124 746 2177 'l'urcis
789 2128 1168 2178 tantummodo
1223 2127 1497 2178 memoria:
1554 2127 1821 2194 proditutn

252 2229 359 2279 est,
390 2216 746 2270 constitutum
801 2217 853 2268 in
903 2218 1143 2269 maxime
1206 2217 1522 2271 discrimine
1555 2217 1820 2272 Moralem

259 2311 521 2363 auxilium
591 2310 811 2363 cwlitus
868 2309 1214 2377 implorasse,
1290 2328 1477 2364 verum
1535 2311 1699 2365 etiam
1757 2315 1824 2365 ab

263 2402 538 2456 historicis
589 2401 917 2456 Christianis
993 2402 1134 2454 idem
1196 2403 1425 2456 relatum
1480 2403 1535 2456 in
1588 2404 1820 2466 litteras,

256 2509 489 2562 quorum
518 2493 684 2561 aliqui
711 2509 822 2548 rem
862 2510 970 2547 non
1005 2502 1211 2548 temere
1240 2495 1459 2549 silentio
1495 2504 1823 2563 prastereun-

252 2588 375 2640 dam
435 2592 690 2654 produnt.
737 2587 948 2655 Quippe
1003 2597 1491 2652 commemorant,
1561 2599 1824 2656 poscente

250 2678 462 2732 Murate
487 2686 695 2731 certum
727 2677 946 2745 aliquod
974 2692 1004 2730 a
1045 2676 1314 2730 Vladislao
1377 2693 1498 2747 rege
1541 2681 1690 2746 pacis
1739 2679 1823 2732 in-

248 2770 584 2823 violabiliter
645 2768 1006 2822 observanda:
1063 2767 1510 2831 documentum,
1591 2770 1822 2839 profano

251 2861 416 2934 4,42
459 2864 822 2928 quorunniam
856 2860 1089 2914 consilio
1121 2861 1374 2915 traditam
1413 2862 1462 2916 ci
1499 2863 1670 2917 fuisse
1697 2864 1823 2916 hos-

259 2957 412 3013 tiam,
449 2953 817 3007 ecclesiastico
859 2953 966 3006 ritu
1026 2963 1451 3008 consecratam:
1503 2969 1568 3008 ne
1611 2956 1823 3010 scilicet

258 3047 368 3099 ullo
401 3049 560 3098 modo
583 3047 649 3099 de
678 3047 779 3099 lide
818 3046 1209 3114 voluntateque
1248 3047 1413 3116 regis,
1456 3057 1684 3116 accepto
1711 3058 1820 3100 tam

248 3147 482 3207 augusto
519 3139 770 3207 pignore,
805 3138 1101 3190 dubitaret.
1137 3135 1327 3191 Postea
1361 3153 1488 3192 vero
1533 3139 1821 3207 perturba-

248 3239 316 3288 tis
351 3236 433 3304 (ut
461 3235 689 3300 dictum)
734 3231 990 3296 induciis,
1015 3248 1139 3287 cum
1179 3235 1243 3285 ad
1277 3249 1426 3286 arma
1461 3233 1693 3288 deducta
1733 3250 1819 3289 res

247 3336 511 3389 esset,,ac
538 3328 724 3395 proelio
757 3325 1019 3380 Varuensi
1062 3326 1219 3380 caesis
1251 3330 1302 3379 in
1364 3334 1598 3394 utroque
1646 3343 1816 3381 cornu

252 3417 549 3479 Murataeis,
587 3420 642 3471 in
687 3427 936 3472 extremo
977 3433 1062 3471 res
1131 3417 1438 3472 Turcorum
1497 3418 1818 3472 discrimine

253 3521 605 3563 veisarentur
634 3525 649 3562 :
682 3511 946 3566 Muratem
973 3528 1002 3566 c
1033 3513 1154 3566 sinu
1207 3515 1410 3580 prolata
1479 3512 1818 3566 Christiano-

257 3619 378 3658 rum
409 3605 607 3666 hostia,
654 3613 708 3659 et
731 3607 927 3660 erectis
958 3607 1020 3660 ad
1056 3608 1254 3662 uelum
1302 3609 1499 3669 oculis,
1541 3609 1594 3661 in
1629 3609 1818 3677 hujus-

256 3695 403 3748 modi
441 3696 685 3764 quaedam
727 3698 1039 3765 prorupisse
1082 3700 1242 3752 verba
1275 3717 1291 3754 :
1322 3699 1559 3764 Christe,
1597 3699 1640 3752 si
1680 3701 1819 3754 Deus

247 3804 328 3852 es,
376 3799 434 3842 ιιι
465 3787 758 3842 Christiani
793 3791 868 3844 tui
892 3793 958 3845 de
995 3803 1047 3844 te
1077 3793 1385 3860 perhibent,
1423 3794 1635 3846 vindica
1657 3795 1822 3863 perli-

247 3882 389 3935 diam
416 3891 660 3946 tuorum,
692 3882 785 3951 qui
824 3895 876 3937 te
907 3885 1040 3937 tnihi
1092 3885 1292 3939 dedere
1335 3885 1570 3955 pignori,
1618 3885 1820 3939 nihilo-

253 3988 360 4042 que
407 3973 591 4030 minus
651 3975 786 4028 adeo
839 3976 1092 4044 religiose
1156 3978 1422 4030 sancitam
1477 3993 1662 4046 pacem
1726 3993 1820 4047 per

255 4079 529 4120 summum
571 4065 747 4119 Scelus
771 4065 1065 4120 violarunt.
1091 4067 1300 4131 Quibus
1324 4066 1376 4120 in
1400 4067 1565 4142 _hunc
1597 4069 1817 4122 modum

255 4159 325 4210 ab
357 4157 475 4226 ipso
501 4159 726 4227 prolatis
759 4174 820 4212 ca
862 4159 1074 4214 scilicet
1105 4162 1412 4224 evenerint,
1446 4178 1567 4230 qua:
1615 4171 1720 4213 tam
1753 4163 1820 4216 ab

249 4251 528 4316 hostibus,
579 4268 738 4320 quam
800 4268 829 4306 a
881 4254 1083 4307 nostris
1151 4259 1468 4308 recitantur.
1538 4252 1820 4322 Philippus

247 4350 434 4395 tamen
473 4343 838 4396 Calliomchus
873 4346 1010 4396 hanc
1050 4359 1159 4396 rem
1212 4354 1320 4396 tam
1371 4358 1586 4398 secreto
1616 4345 1820 4399 referre

243 4432 466 4487 videtur
491 4447 689 4498 uetant,
726 4437 860 4488 nihil
893 4449 951 4488 ut
978 4437 1113 4489 certi
1144 4440 1211 4490 de
1245 4437 1445 4490 tradito
1477 4437 1566 4490 tali
1593 4437 1817 4507 pignore

234 4530 406 4599 vulgo
426 4539 722 4588 constaret.

237 4644 268 4697 1
285 4644 370 4698 l7.
399 4643 608 4704 Caesar,
635 4652 682 4696 et
705 4643 890 4696 Chcter
914 4644 1026 4712 bcg,
1044 4645 1201 4697 idem.
1231 4642 1506 4696 Vludislao
1530 4645 1634 4712 regi
1657 4653 1810 4710 caput

411 4771 414 4774 ,
595 4726 854 4781 amputat.
895 4713 1171 4780 Elpiorum
1203 4715 1436 4782 familia.

314 4805 553 4859 Narrant
579 4807 820 4861 Annales
861 4809 908 4861 ei
939 4813 1032 4877 qui
1074 4806 1347 4861 Vladislao
1379 4809 1490 4877 regi
1544 4817 1813 4877 prostrato

233 4907 408 4964 caput
434 4900 749 4965 amputarit,
785 4910 838 4954 ct
880 4899 1078 4954 Murali
1106 4901 1383 4960 obtulerit,
1414 4916 1612 4952 nomen
1645 4901 1812 4952 fuisse

227 4989 447 5044 Clieser
479 4989 604 5058 bcg,
665 4990 1034 5058 eumdemque
1087 4999 1270 5046 natum
1320 5006 1384 5043 ex
1441 4988 1594 5058 lilpia
1643 4990 1810 5043 fuisse

222 5079 474 5137 familia.
548 5080 1030 5151 Cbalcocondyles
1075 5095 1254 5136 autem
1308 5083 1550 5150 scripsit,
1609 5093 1806 5134 nomen

217 5175 553 5246 peregrino,
583 5175 674 5240 qui
713 5174 910 5228 Murali
940 5169 1102 5242 caput
1135 5175 1449 5244 interempti
1489 5176 1806 5228 i’annonum

209 5267 384 5335 regis
413 5265 658 5315 attuicrtt
690 5264 860 5317 fuisse
887 5264 1149 5319 Tlterizes
1187 5282 1201 5319 :
1232 5266 1324 5333 qui
1351 5266 1567 5318 virtutis
1599 5265 1810 5333 insigne

207 5360 526 5431 prwtnium
555 5372 585 5409 a
615 5371 738 5426 rege
759 5369 1089 5414 consecutus
1109 5360 1202 5413 sit.
1230 5358 1329 5412 Hic
1351 5358 1491 5412 inter
1514 5373 1573 5412 se
1595 5358 1807 5412 diversa

205 5459 345 5512 duo
411 5452 629 5505 recitari
679 5451 951 5506 videmus.
1010 5452 1252 5506 Primum
1306 5463 1414 5514 est,
1459 5451 1808 5519 peregrinum

207 5543 478 5602 Laonico
517 5541 709 5605 fuisse,
759 5543 852 5611 qui
904 5555 1068 5611 caput
1100 5544 1244 5613 regis
1278 5544 1543 5608 attulerit,
1595 5543 1699 5596 hoc
1725 5552 1808 5594 est

201 5641 477 5702 Azepum
523 5635 638 5688 sive
690 5639 925 5702 peditem
965 5635 1413 5702 stipendiarium,
1449 5651 1546 5704 pro
1567 5651 1677 5703 quo
1713 5638 1806 5688 be-

207 5749 362 5805 gum
399 5731 701 5797 posuerunt
735 5729 1000 5781 Annales.
1035 5726 1098 5779 Et
1137 5729 1396 5796 begorum
1431 5729 1649 5781 nomine
1685 5743 1810 5796 pro-

207 5841 393 5882 ceres
419 5823 561 5890 apud
590 5824 802 5874 'l'urcos
851 5823 1211 5889 appellantur.
1246 5821 1513 5886 Alterum,
1569 5821 1808 5874 nominis

209 5918 411 5990 ipsius
431 5915 818 5983 discrepantia,
846 5915 1074 5969 cuntille
1101 5915 1387 5971 Therizem
1410 5914 1612 5971 dictum
1637 5913 1806 5969 fuisse

559 6016 830 6077 “mox...
881 6019 994 6076 Gn.
1033 6013 1232 6074 CLIX.

1929 2020 2114 2083 fuerit,
2157 2024 2345 2089 paucis
2395 2021 2634 2080 Thomas
2685 2027 3030 2085 Ebendorl’us
3089 2033 3142 2086 in
3195 2034 3501 2090 Austriacis

1927 2114 2042 2166 suis
2073 2116 2590 2186 exposuit.tC:iput,
2623 2117 2818 2187 inquit,
2855 2119 3138 2187 V'ladislai,
3162 2139 3287 2178 cum
3309 2129 3496 2190 armis,

1927 2218 1980 2259 et
2012 2207 2223 2268 dextra,
2257 2208 2428 2261 fertur
2465 2226 2560 2278 pro
2585 2209 2858 2277 jocalibus
2885 2214 2957 2280 (id
3007 2225 3110 2278 est,
3152 2217 3494 2274 cimeliorum

1927 2299 2068 2366 loco)
2101 2302 2211 2370 regi
2238 2301 2558 2355 Tatarorum
2591 2305 2890 2359 oblatum.)
2931 2304 3198 2363 Nimirum
3243 2311 3295 2365 in
3323 2313 3500 2368 vindi«

1929 2402 2078 2445 ctam
2116 2394 2353 2460 perﬁdia:
2387 2394 2579 2448 dextra
2610 2412 2826 2466 quoque
2861 2411 3076 2454 mortuo
3117 2405 3345 2471 praecisa
3370 2407 3494 2472 fuit,

1925 2503 2031 2553 qua
2070 2488 2228 2541 iidem
2255 2487 2500 2542 dederat.

1927 2601 2049 2654 “8.
2082 2598 2519 2671 luteremptorum
2573 2608 2819 2676 utrinque
2843 2611 3039 2691 .prtzlio
3094 2611 3356 2670 Varnensi
3393 2635 3495 2674 nu-

2530 2692 2704 2730 merus
2741 2689 2931 2737 variat.

1947 2827 1952 2832 _
1996 2765 2121 2819 Dies
2155 2766 2242 2819 ille
2268 2781 2376 2834 quo
2408 2777 2704 2836 pugnatum
2738 2770 2803 2822 ad
2860 2769 3127 2836 Varnam,
3193 2776 3430 2832 traditur
3461 2798 3489 2833 a

1924 2856 2129 2909 nostris
2169 2859 2336 2912 fuisse
2386 2859 2629 2913 decimus
2681 2861 2888 2916 mensis
2942 2861 3289 2934 Novembris,
3349 2885 3498 2926 anno

1928 2950 2086 3004 Hii.
2117 2950 2396 3004 Genii-avus
2428 2951 2774 3014 undecimum
2808 2956 3020 3012 statuit.
3047 2957 3330 3017 Boniinius
3352 2981 3492 3021 ca:s:t

1926 3045 2157 3110 prodidit
2214 3043 2646 3097 Christianorum
2697 3045 2764 3098 ad
2814 3046 3029 3112 10,000,
3067 3048 3372 3108 Turcorum
3425 3061 3493 3109 ad

1928 3137 2149 3203 50,000.
2191 3136 2457 3191 Numerus
2508 3137 2764 3199 militum,
2799 3141 2890 3208 qui
2940 3145 3082 3210 regis
3128 3145 3183 3198 in
3245 3151 3490 3206 exercitu

1849 3259 1893 3319 ε
1929 3229 2114 3290 fuerit,
2151 3246 2178 3282 a
2224 3228 2475 3283 Bonlinio
2521 3229 2733 3299 positus
2767 3231 3066 3299 plurimum
3100 3236 3378 3308 discrepat
3425 3246 3495 3299 ab

1924 3341 1989 3378 eo
2013 3340 2174 3392 quem
2201 3325 2361 3378 Turci
2391 3337 2720 3383 memorant.
2747 3327 2880 3383 Nam
2909 3333 2962 3386 hi
2981 3333 3047 3388 de
3067 3334 3242 3388 80000
3267 3338 3496 3408 loquun-

1927 3423 2034 3480 tur,
2072 3417 2160 3469 ille
2191 3421 2570 3472 tantummodo
2603 3424 2669 3477 de
2697 3422 2893 3479 16000.

1925 3554 2052 3611 119.
2093 3555 2334 3610 Chadum
2368 3559 2544 3621 bima,
2583 3561 2999 3641 Semina-aspri
3033 3577 3246 3623 auctum
3272 3574 3495 3641 genim-

2409 3645 2587 3684 rorum
2618 3635 2958 3700 stipendium.

1993 3739 2164 3806 Quem
2224 3741 2311 3796 hic
2371 3744 2610 3799 Annales
2661 3747 2834 3800 nostri
2891 3748 3230 3805 Chadumcm
3275 3755 3492 3808 bassam

1921 3843 2138 3897 voeant,
2163 3832 2404 3889 Laooico
2430 3835 2732 3914 Pbatumes
2753 3847 2861 3903 est,
2891 3843 3050 3910 regiae
3078 3845 3273 3898 domus
3297 3845 3490 3914 judcx.

1924 3922 2036 3978 Hoc
2068 3925 2189 3978 ideo
2227 3926 2358 3980 duxi
2397 3913 3204 3998 notandum;quiacouiirmat
3241 3913 3309 3987 id
3343 3937 3490 4004 quod

1924 4018 2086 4084 paulo
2110 4027 2237 4071 ante
2278 4019 2474 4088 scripsi
2504 4036 2738 4074 numero
2772 4023 2896 4088 H5,
2939 4022 3154 4079 Phazen
3211 4027 3339 4081 alibi
3377 4045 3492 4080 mu-

1923 4111 2146 4164 tandum
2182 4113 2234 4165 in
2270 4113 2501 4176 Chazes,
2535 4125 2591 4168 ttt
2630 4115 2719 4169 hic
2757 4114 3052 4171 Phatumes
3089 4118 3141 4172 in
3171 4119 3492 4186 Cbatumes,

1923 4207 2067 4273 quod
2112 4207 2251 4259 idem
2315 4217 2400 4261 est
2460 4225 2583 4262 cum
2620 4210 2950 4266 Chadumes.
3002 4212 3060 4265 Id
3111 4228 3240 4267 vero
3291 4230 3492 4270 nomen

1919 4293 2164 4349 Chadum
2210 4299 2289 4351 vel
2343 4296 2577 4365 liadum,
2606 4312 2907 4355 castratum
2946 4303 3028 4354 vel
3075 4305 3495 4359 eunucinrm'si-

1921 4389 2161 4456 gniﬁcat.
2201 4391 2328 4444 lude
2359 4394 2504 4457 quod
2539 4394 2761 4457 dicitur,
2807 4397 3070 4464 adjecisse
3097 4397 3487 4452 Mucbctnt-tem

1921 4478 2194 4546 stipendio
2227 4481 2616 4536 Geuizarorum
2667 4488 2952 4540 semissem
2990 4490 3135 4555 aspri
3173 4506 3280 4542 τοι
3337 4506 3490 4543 more

1851 4615 1893 4667 Β
1926 4568 2228 4627 Turcorum
2266 4577 2493 4646 intelligi
2533 4577 2714 4640 debet,
2753 4580 2846 4648 qui
2883 4595 2909 4630 a
2959 4582 3179 4633 sultano
3204 4597 3305 4634 suo
3340 4585 3492 4634 diur-

1927 4684 2023 4720 nas
2058 4684 2307 4723 annonas
2333 4674 2608 4740 accipiunt
2638 4689 2652 4726 :
2694 4689 2801 4726 non
2841 4683 3148 4739 menstrua,
3184 4690 3282 4729 nec
3308 4692 3487 4727 annua

1919 4762 2138 4820 Salaria.
2171 4778 2292 4829 qua:
2318 4763 2597 4832 principes
2628 4765 2799 4818 nostri
2846 4766 2975 4819 dare
3022 4767 3216 4821 solent.
3268 4767 3480 4822 Causas

1920 4855 2159 4908 revocati
2188 4873 2214 4905 a
2249 4857 2424 4909 bassis
2449 4859 2513 4909 ad
2551 4858 3005 4926 gubernationem
3033 4857 3284 4923 Muratis,
3319 4863 3482 4915 Chal-

1919 4945 2246 5012 cocondyles
2278 4948 2557 5015 exposuit.

2203 5062 2324 5116 1:20.
2368 5061 2598 5125 litoreas,
2629 5060 2863 5129 συνέηκε,
2889 5063 3172 5123 Tzacom'a.

1990 5175 2226 5238 Morcas,
2252 5194 2451 5248 genere
2485 5181 2752 5245 masculo,
2777 5181 2975 5236 dii-itur
2995 5203 3024 5238 a
3056 5185 3260 5242 Grziecis
3302 5188 3486 5252 hodie,

1913 5286 2034 5339 quae
2067 5272 2473 5340 Peloponnesus
2520 5275 2647 5328 olim
2691 5279 3010 5333 vocabatur.
3048 5279 3255 5334 Nomen
3285 5282 3487 5347 ipsum,

1921 5364 2067 5427 quod
2108 5366 2247 5432 apud
2280 5367 2675 5421 Damascenum
2712 5367 2983 5423 Studitam
3039 5373 3333 5442 reperitur,
3383 5373 3484 5427 de-

1911 5457 2090 5509 rivant
2123 5457 2296 5512 (Ξτωεί
2339 5475 2484 5513 nunc
2515 5451 2586 5514 ab
2617 5463 2813 5515 arbore
2842 5479 3018 5523 moro.
3075 5465 3217 5531 quod
3247 5474 3359 5520 tota
3391 5483 3479 5520 re-

1913 5549 2072 5615 gione
2097 5550 2305 5604 scilicet
2333 5553 2497 5606 arbor
2521 5554 2633 5605 haec
2664 5553 2920 5621 frequens
2940 5556 3027 5610 sit.
3060 5557 3158 5610 Hic
3205 5574 3488 5629 expugna-

1915 5651 2086 5694 lania
2138 5641 2345 5696 Murate
2384 5643 2673 5710 Geremen,
2720 5649 3045 5717 excidioquc
3103 5651 3308 5715 datam,
3369 5663 3486 5706 tra-

1913 5735 2048 5789 dunt
2077 5737 2316 5790 Annales
2349 5755 2360 5788 :
2395 5753 2558 5806 quam
2589 5740 2829 5794 arbitror
2873 5757 2994 5795 esse
3030 5752 3269 5798 veterem
3321 5743 3488 5801 Gere-

1916 5831 2062 5882 niam
2123 5828 2522 5898 Peloponnesi,
2585 5835 2732 5901 quod
2812 5836 3073 5904 oppidum
3155 5838 3487 5893 Ptolemaeus

1917 5921 1970 5974 in
2007 5938 2071 5976 ea
2097 5921 2455 5993 Peloponnesi
2489 5935 2641 5995 parte
2664 5928 3052 5998 collocat,qure
3072 5930 3303 5986 Laconia
3342 5931 3485 5986 diee-

3055 6024 3128 6083 26
