4018 6424
552 412 662 482 8H

1749 409 2072 470 JOANNIS
2116 409 2584 472 LEUNCLAV"

3716 402 3825 468 δῖε).

557 538 720 592 batur
787 533 937 593 olim,
992 544 1140 584 nunc
1196 527 1491 595 Tzaconia,
1535 540 1642 581 non
1686 526 1943 593 Saeania,
1992 529 2135 582 sicut
2163 532 2207 589 Α
2236 541 2400 593 supra
2431 522 2892 582 deNemctsassiis
2909 522 3087 594 capite
3108 521 3169 576 ῑι
3199 521 3577 593 exposuintus.
3608 520 3698 576 An
3721 539 3823 577 au-

560 628 798 683 Urtelius
830 638 1001 695 prave
1031 621 1281 691 scripsit.
1552 684 1555 691 ι

557 722 683 779 121.
722 719 907 773 [battis
923 731 1015 772 seu
1043 715 1269 770 Joannis
1293 715 1448 779 ditio,
1471 714 1802 776 Catziacum.
1822 716 1924 771 sive
1947 714 2126 778 Getia,

705 790 948 853 Iscodar,
975 786 1177 843 Scodra
1213 785 1539 850 Scutarium,
1575 785 1857 841 Ischender
1889 787 2002 858 beg.

622 903 863 958 Annales
895 902 950 957 hi
989 901 1253 957 ditionem
1295 899 1527 977 Joannis
1560 910 1778 966 vocant,
1817 916 1980 971 quant
2013 900 2131 954 lba-

558 998 645 1054 nis
674 998 955 1067 regionem
992 994 1140 1050 dixit
1213 994 1517 1050 Laonicus.
1550 994 1775 1049 lvanem
1815 1009 1946 1048 vero
1997 999 2131 1048 scri-

559 1093 690 1147 bere
710 1090 903 1150 debuit
945 1089 1243 1160 interpres.
1286 1089 1503 1143 Etenim
1557 1086 1840 1143 Serviat-is
1870 1088 2040 1152 lvvan,
2073 1099 2133 1141 ut

558 1180 722 1237 hodie
746 1180 940 1237 Rossis
977 1194 1202 1249 quoque
1225 1176 1466 1233 Joannes
1499 1188 1746 1233 vocatur.
1804 1177 2134 1247 lntelligitur

557 1285 744 1331 autem
806 1272 1047 1327 Joannes
1097 1270 1402 1327 Castriotes
1452 1272 1537 1327 vel
1568 1269 1896 1336 Castriotus,
1956 1273 2132 1341 partis

555 1369 803 1424 Albania:
828 1368 1104 1436 princeps,
1178 1375 1337 1436 pater
1392 1364 1614 1436 Georgii
1664 1363 1989 1429 Castriotis,
2038 1365 2132 1433 qni

559 1461 948 1516 aemulabatur
974 1474 1004 1513 a
1038 1458 1235 1513 Turcis
1273 1458 1572 1513 lschender
1596 1461 1720 1528 beg,
1760 1459 1812 1511 id
1838 1465 1921 1512 est
1955 1458 2135 1511 domi-

558 1570 666 1610 nus
696 1552 1031 1618 Alexander,
1060 1567 1127 1606 ex
1155 1565 1266 1620 quo
1289 1549 1452 1622 443
1499 1549 1949 1621 Scanderbogum
1988 1551 2133 1604 lece-

559 1657 689 1703 runt
721 1647 838 1722 alii,
871 1660 1242 1715 ntagnumqne
1276 1646 1648 1700 Alexandrum
1699 1660 1806 1699 non
1860 1654 2011 1700 recte
2049 1645 2131 1697 in-

562 1741 842 1811 terprctati
903 1750 1055 1793 sunt.
1116 1737 1447 1808 (Σοί-ταμίας.
1519 1739 1773 1793 eumdem
1852 1735 2133 1793 Bouiinius

563 1834 1055 1889 Sandorobechum
1117 1832 1430 1901 appellavit.
1484 1830 1757 1887 Laonicus
1800 1832 2129 1896 Scenderem

2235 630 2340 672 tem
2371 619 2498 674 victi
2534 618 2783 674 Saxones
2816 617 2994 673 nostri
3015 633 3046 671 a
3078 615 3283 671 Karulo
3313 630 3512 686 magno
3530 618 3818 685 Augusto.

2224 711 2697 780 quemadmodum
2730 713 2784 765 in
2817 710 3155 775 Flanduiam,
3177 711 3258 766 sic
3283 711 3451 764 etiam
3470 710 3527 763 in
3557 711 3685 765 haec
3717 708 3810 764 Br-

2232 801 2356 856 delii
2394 800 2513 858 loca
2545 803 2797 858 translati
2836 802 3064 866 fuerint,
3095 802 3241 872 quod
3267 800 3555 872 aliquibus
3575 816 3815 871 person

2226 910 2355 949 sum
2381 894 2539 950 video
2572 912 2587 950 :
2616 881 2728 951 non
2752 895 2924 965 hujus
2946 904 3037 951 est
3065 892 3809 965 loci,prolixiu’sdischtere

2235 985 2363 1040 Mihi
2386 987 2602 1055 quidem
2636 988 2725 1042 vix
2757 1002 2888 1043 vero
2911 988 2971 1042 ﬁt
2987 988 3200 1055 simile,
3234 986 3331 1057 qui
3351 986 3530 1043 sciam
3559 1000 3686 1041 uno
3710 1002 3830 1040 sa:-

2228 1079 2359 1132 cule
2392 1077 2637 1134 Saxones
2687 1090 2813 1135 ante
2851 1077 3115 1135 Karulunt
3148 1094 3403 1148 magnum
3439 1078 3493 1131 in
3522 1074 3834 1131 Pannonia

2232 1185 2359 1225 cum
2386 1170 2523 1241 ipsis
2538 1170 2721 1228 fuisse
2744 1172 2962 1228 civibus
2976 1172 3097 1227 tuis
3122 1169 3503 1243 longobardis
3518 1186 3545 1238 ς
3565 1178 3630 1225 ut
3653 1172 3828 1224 ornit-

2237 1272 2344 1316 tam
2372 1263 2504 1327 alia,
2531 1278 2653 1333 quae
2676 1279 2811 1319 sane
2837 1264 3073 1334 plurima
3122 1274 3346 1334 possent
3368 1263 3428 1318 in
3460 1263 3714 1317 medium
3744 1267 3828 1316 at-

2236 1354 2388 1412 ferri.
2418 1353 2602 1425 Copiae
2629 1366 3125 1428 nostrorum,quas
3149 1355 3310 1411 Turci
3346 1355 3625 1411 maximas
3654 1355 3827 1411 luisse

2235 1450 2448 1516 dicunt,
2481 1450 2762 1505 hominum
2807 1449 2998 1520 viginti
3039 1449 3148 1503 duo
3175 1448 3345 1503 millia
3395 1449 3773 1505 continebant
3810 1468 3824 1502 :

2235 1554 2432 1612 praeter
2460 1543 2725 1600 \‘alacbos
2753 1553 2957 1610 tamen,
2998 1543 3077 1598 uti
3105 1542 3396 1601 Boniinius
3426 1543 3725 1600 meminit.

2238 1661 2362 1716 {23.
2403 1659 2620 1716 ναιετιὴ
2651 1680 2682 1716 a
2706 1660 2893 1716 Turcis
2915 1663 3060 1727 cmi,
3077 1661 3227 1727 justo
3240 1657 3452 1729 judicia
3483 1657 3825 1714 vindicatum

2820 1734 2873 1788 in
2900 1734 3229 1803 transfugas.

2309 1826 2475 1881 Aiunt
2520 1827 2789 1892 Annales,
2837 1842 3014 1883 caesos
3063 1843 3095 1882 a
3141 1825 3545 1896 limitotrOphis
3614 1825 3829 1897 aﬁqnot

562 1927 803 1997 scripsit,
828 1927 920 1997 qni
956 1940 1092 1995 puer
1116 1926 1176 1979 in
1196 1900 1409 1995 ijanuas
1433 1927 1579 1994 regis
1612 1924 1840 1988 venerit,
1898 1924 2001 1981 hoc
2024 1936 2131 1992 est,
2164 1900 2206 1954 Β
2239 1919 2557 1991 proceribus
2601 1918 2848 1991 Turcicis
2877 1918 3052 1977 fuisse
3093 1919 3358 1976 Valacbos
3389 1928 3524 1976 ante
3554 1923 3829 1977 contulis—

540 2023 631 2074 .ad
666 2019 885 2074 Portam
918 2017 1234 2074 Osmanida:
1283 2018 1580 2088 principis;
1635 2027 1692 2074 et
1722 2018 1847 2073 hoc-
1891 2027 2137 2087 tempore

538 2113 829 2169 .Muratem
860 2113 915 2168 ei
970 2112 1173 2167 bellum
1207 2111 1405 2167 fecisse
1436 2120 1855 2167 commemorat.
1904 2110 2137 2167 Chalce-

560 2207 810 2278 condyli‘s
866 2207 1143 2276 interpres
1176 2203 1288 2259 hoc
1340 2204 1465 2259 loco
1500 2204 1734 2277 margini
1776 2203 2003 2260 Calcioli
2034 2220 2134 2257 no-

534 2300 994 2371 -mcn'ascripsit,
1058 2313 1157 2369 pro
1212 2297 1435 2353 nomine
1476 2298 1761 2354 Castrioti.
1816 2296 2135 2353 Cotziacum

542 2397 616 2450 .ln
661 2395 824 2465 hujus
852 2393 979 2449 belli
1031 2390 1372 2454 narratione,
1428 2390 1568 2445 libro
1618 2392 1854 2462 septimo
1885 2390 2134 2456 Laoniei,

558 2487 717 2542 Getia
741 2496 1006 2541 vocatur:
1036 2483 1212 2537 vicina
1239 2481 1394 2537 Cruze
1451 2481 1690 2552 (Crojam
1721 2482 1897 2537 nostri
1925 2483 2135 2548 dicitut,

542 2584 628 2651 de
666 2594 774 2650 qua
802 2578 956 2647 plura
989 2577 1149 2646 paulo
1190 2576 1363 2645 post),
1398 2589 1560 2642 quam
1591 2586 1713 2645 post
1740 2576 1978 2639 Getiam,
2008 2577 2139 2630 licet

563 2675 794 2735 frustra,
829 2671 1070 2726 Murates
1101 2671 1333 2725 adortus
1368 2667 1492 2723 fuit.
1549 2668 1882 2738 lscodarbeg
1936 2669 2138 2724 Turcis

562 2781 645 2825 est
684 2768 914 2825 Scodrae
958 2767 1219 2823 domin-us
1263 2767 1381 2821 sive
1424 2765 1701 2837 princeps,
1762 2765 2017 2821 videlicet
2052 2766 2140 2820 hic

562 2866 681 2934 ipse
725 2862 992 2931 Georgius
1046 2858 1380 2921 Castriotus,
1412 2859 1607 2929 dequo
1647 2859 1873 2913 dictum.
1930 2857 2137 2914 Scodra

561 2971 696 3012 vero
716 2956 925 3012 Graecis
948 2964 1036 3008 est
1081 2953 1290 3021 integra
1345 2960 1479 3006 vace
1537 2949 1876 3005 Scutarium.
1927 2947 2139 3006 Plinius

564 3055 748 3105 tamen
783 3046 987 3101 alicubi
1025 3043 1295 3099 Scodram
1326 3050 1508 3107 vocat,
1531 3050 1588 3096 et
1634 3040 1691 3095 in
1748 3040 1974 3097 Novella
2004 3041 2139 3096 Leo—

562 3144 652 3197 nis
679 3141 909 3211 Augusti
939 3140 1007 3192 de
1031 3137 1245 3191 thronis
1268 3134 1432 3190 etiam
1454 3134 1764 3191 Scodarum
1788 3135 2139 3205 episcopatus

2239 2028 2361 2068 sum
2430 2014 2486 2068 in
2527 2012 2751 2085 planitie
2809 2013 3099 2071 Cosovana
3145 2015 3418 2085 praelium.
3478 2014 3831 2072 Cbaleoccn~

2237 2106 2391 2177 dyles
2427 2120 2556 2160 vero
2584 2106 2771 2171 tradit,
2815 2103 3092 2162 Valaehos
3133 2104 3207 2160 ab
3237 2103 3478 2175 Ungaris
3520 2117 3583 2161 et
3606 2111 3831 2163 caneris

2238 2198 2566 2255 Christianis
2597 2200 2664 2253 ad
2692 2196 2959 2255 Muratem
2992 2200 3105 2254 sub
3122 2197 3302 2268 ipsam
3352 2197 3639 2254 defecisse
3669 2200 3831 2256 Cese-

2241 2305 2435 2345 vanam
2468 2289 2876 2345 dimicationem
2904 2306 2923 2343 :
2955 2287 3134 2357 deque
3167 2288 3438 2344 sententia
3466 2286 3715 2345 Muralis
3748 2306 3830 2344 ar-

2241 2397 2329 2437 ma
2350 2382 2766 2453 ponerejussos,
2800 2381 2853 2435 in
2880 2381 3158 2437 exercitus
3176 2379 3467 2451 utﬁusque
3494 2394 3815 2452 conspectu,

2240 2488 2456 2531 summa
2506 2489 2633 2530 cum
2692 2474 2940 2530 omnium
2988 2473 3377 2539 admiratione,
3412 2489 3517 2529 ceu
3590 2476 3802 2539 perﬁdus

2235 2566 2558 2638 transfugas
2598 2583 2665 2633 ac
2694 2567 3024 2634 desertores,
3080 2566 3388 2623 trucidatos
3434 2568 3639 2624 tuisse.
3674 2568 3819 2636 Quod

2240 2654 2493 2722 equidem
2527 2655 2836 2725 exemplum
2861 2656 3162 2727 singularis
3187 2656 3242 2711 in
3273 2655 3486 2712 Mura‘te
3506 2659 3825 2711 severitatis

2241 2744 2577 2814 acjustitiar,
2612 2747 2949 2815 praeteritum
2984 2762 3017 2803 a
3040 2736 3240 2803 Turcis
3269 2762 3398 2804 esse
3426 2746 3662 2810 silentio,
3693 2763 3815 2801 non

2242 2838 2343 2892 abs
2364 2851 2429 2892 re
2460 2837 2655 2892 miror.

2243 2951 2369 3006 lii.
2411 2953 2595 3028 Annus
2627 2953 2803 3028 prtelii
2829 2952 3116 3023 Casauani,
3163 2970 3413 3012 numerus
3442 2956 3696 3028 utrinque
3722 2972 3829 3014 τσο

2298 3040 2502 3079 sarum.
2541 3025 2622 3079 An
2652 3026 2871 3081 Morava
2899 3028 3093 3096 ﬂuvias
3120 3030 3262 3084 idem
3293 3046 3413 3083 cum
3438 3025 3754 3084 Schititisa.

2314 3117 2635 3175 Notavimus
2654 3120 2710 3173 in
2733 3122 2977 3191 margine
2994 3121 3120 3176 libri
3138 3138 3345 3178 annum
3367 3121 3822 3179 Mahumetanurn

560 3237 668 3292 sub
698 3196 1078 3305 Dyvrt'hacliFna
1106 3227 1395 3299 metropoli
1426 3228 1716 3299 reperitur,
1747 3196 1839 3300 qui
1864 3196 1998 3284 sane
2024 3246 2132 3303 non

2242 3209 2370 3269 853.
2407 3226 2518 3279 quo
2566 3223 2861 3282 pugnatum
2908 3214 2962 3268 in
2989 3213 3280 3270 Cosovaua
3323 3214 3564 3284 planitie,
3598 3227 3824 3286 respon-

565 3332 823 3385 diversus
861 3335 945 3381 est
968 3327 1037 3378 ab
1067 3324 1187 3394 ejus
1213 3323 1455 3378 civitatis
1483 3324 1824 3394 episcopatu,
1855 3323 2017 3394 cujus
2046 3325 2136 3381 hic

563 3424 624 3476 lit
656 3420 885 3475 mentio.
919 3416 1145 3472 Fallitur
1181 3414 1456 3471 Barletius
1485 3456 1500 3480 ,
1550 3430 1676 3470 cum
1716 3412 1913 3472 Turcis
1965 3415 2136 3471 Scan-

563 3515 739 3569 driam
768 3512 876 3568 dici
902 3521 1074 3582 putat,
1103 3510 1261 3580 quasi
1285 3508 1698 3568 Alexandriam.
1729 3508 1868 3564 Nam
1918 3510 2137 3564 lscotlar

561 3624 674 3663 non
727 3615 811 3662 est
867 3603 1183 3669 Scandria,
1250 3616 1352 3658 nec
1395 3600 1732 3657 Alexandria
1784 3611 2014 3657 vocatur
2055 3604 2136 3658 eis

561 3699 847 3762 Sraudria,
876 3697 973 3753 sed
1007 3695 1343 3751 lschendrie.

544 3872 551 3879 ι
612 3815 737 3870 122.
778 3811 1016 3868 Saxones
1040 3810 1094 3864 iu
1121 3809 1389 3879 Huniadis
1421 3813 1679 3867 coercita.
1710 3806 1883 3872 Sasil,
1913 3806 2109 3876 Simia,

1228 3878 1442 3934 Sassia.
2067 3932 2074 3938 ,

630 3978 826 4033 Mirum
875 3975 1034 4032 alicui
1073 3973 1343 4035 videatur,
1379 3987 1482 4029 cur
1514 3970 1758 4026 Annales
1793 3970 2133 4025 mentionem

558 4072 839 4127 Saxonum
875 4068 964 4122 hic
1012 4081 1263 4122 seorsum
1294 4062 1523 4125 faciant,
1563 4078 1687 4117 cum
1744 4064 1927 4118 statim
1960 4063 2011 4116 in
2041 4078 2135 4130 ge-

560 4177 690 4218 nere
723 4163 1121 4217 Germanorum
1180 4172 1379 4213 nomen
1439 4157 1756 4224 subjiciunt,
1824 4170 1934 4224 quo
1965 4156 2136 4209 Saxo-

562 4271 658 4310 nes
687 4255 851 4308 etiam
877 4252 1246 4308 continentur.
1264 4249 1396 4315 Eius
1415 4247 1688 4302 eximendi
1712 4245 2135 4314 scrupulieausa

565 4347 717 4410 dico,
740 4360 847 4399 non
880 4344 970 4398 hic
999 4353 1187 4398 nostro
1203 4340 1258 4395 in
1286 4339 1577 4395 Germania
1602 4337 1848 4393 Saxones
1877 4336 2136 4405 intelligi:

564 4440 659 4496 sed
681 4437 930 4494 Saxones
951 4432 1376 4491 Transsilvanite
1411 4431 1493 4486 vel
1517 4430 1740 4496 Erdelii,
1769 4429 1855 4484 vel
1887 4423 2136 4498 Septem-

556 4534 857 4591 castrensis
886 4531 940 4587 iu
974 4529 1210 4599 Ungaria
1250 4526 1492 4596 regionis
1527 4525 1760 4593 incolas,
1787 4523 1879 4593 qui
1918 4521 2137 4578 Sassios

2238 3305 2370 3357 dere
2397 3303 2717 3358 Christiano
2749 3304 2889 3360 1448
2921 3320 3074 3377 :quo
3102 3304 3567 3363 Bonliniusetiam
3597 3310 3825 3365 dimica-

2238 3406 2353 3450 tum
2389 3396 2631 3466 scripsit.
2666 3396 2816 3452 Idem
2853 3397 3029 3464 addit,
3057 3399 3291 3468 periisse
3335 3400 3630 3459 continuis
3675 3404 3822 3459 lusce

2238 3488 2581 3547 conﬂictibus
2620 3491 2926 3547 Turcorum
2955 3492 3025 3547 ad
3073 3493 3304 3565 triginta
3328 3507 3573 3564 quattuor
3632 3498 3821 3562 millia,

2237 3582 2681 3639 Christianorum
2713 3599 2847 3640 vero
2876 3585 3145 3642 dtintaxat
3171 3596 3300 3643 octo
3325 3588 3525 3652 millia,
3549 3597 3822 3660 quemad-

2241 3679 2460 3731 modum
2513 3675 2761 3733 Maraues
2791 3678 2912 3748 ipse
2934 3679 3057 3735 suis
3085 3680 3138 3735 in
3176 3680 3373 3737 litteris
3399 3680 3466 3735 ad
3495 3681 3816 3742 Corinthios

2212 3767 2420 3823 lassus
2445 3769 2630 3824 fuerit.
2661 3769 2935 3826 Caeterum
2976 3772 3080 3827 hoc
3112 3772 3239 3828 loco
3262 3775 3548 3845 praeterire
3603 3779 3803 3835 silenti:

2238 3876 2345 3915 non
2365 3876 2622 3929 possunt,
2650 3878 2737 3918 tae
2769 3864 3022 3946 superius
3046 3880 3277 3922 numero
3310 3876 3574 3923 notarum
3604 3871 3682 3927 48
3713 3874 3789 3945 μι-

2239 3951 2449 4007 Ιίυῑωιη
2517 3955 2938 4024 explicationem
2995 3959 3336 4028 questionis,
3400 3976 3470 4016 an
3528 3964 3810 4022 Sehitnits

2222 4043 2437 4099 ﬂuvius
2465 4045 2606 4100 idem
2627 4048 2700 4102 sit
2721 4064 2846 4102 eum
2897 4048 3137 4106 Morava.
3182 4052 3275 4108 Sic
3320 4055 3472 4109 enim
3506 4056 3667 4115 nullo
3704 4076 3822 4116 cura

2240 4138 2436 4193 incolis
2463 4153 2620 4203 voco,
2645 4140 2738 4209 qui
2763 4142 3220 4216 Chalcocmnlylis
3246 4147 3531 4215 interpreti
3566 4150 3826 4207 Morabas

2240 4230 2520 4285 scribitur.
2561 4229 2833 4291 Cedrinus
2866 4234 3065 4291 alicubi
3098 4236 3373 4295 Moravem
3408 4253 3520 4297 tam
3552 4244 3828 4310 ﬂuvium,

2238 4337 2403 4392 quam
2435 4323 2722 4379 castellum
2753 4326 2821 4380 ad
2845 4327 2966 4398 ejus
2997 4329 3167 4396 ripam
3189 4331 3451 4400 positum,
3484 4350 3600 4391 non
3634 4339 3835 4408 procul

2238 4430 2270 4470 a
2308 4415 2629 4487 Beligradis,
2683 4421 2970 4475 nominare
3025 4422 3260 4477 videtur.
3308 4424 3589 4492 Pervenit,
3624 4429 3837 4498 inquit,

2243 4526 2416 4581 usque
2446 4513 2516 4567 ad
2552 4512 2826 4570 Moravem
2866 4524 2922 4570 et
2958 4516 3273 4589 Belegrada,
3309 4532 3433 4589 quae
3480 4528 3668 4577 castra
3694 4533 3842 4579 sunt

556 4629 672 4683 sive
698 4627 943 4683 Saxones
974 4623 1242 4691 hodieque
1269 4635 1328 4676 se
1361 4618 1709 4689 proﬁtentur,
1745 4624 1800 4672 et
1833 4630 1864 4671 a
1886 4614 2126 4679 Ceculis,
2157 4615 2210 4676 Ι)
2240 4608 2553 4677 Pannoniae,
2588 4610 2646 4665 in
2677 4608 3087 4667 Transistrlana
3121 4613 3345 4683 regione
3393 4613 3522 4680 sita,
3561 4624 3625 4671 et
3673 4618 3844 4674 Crali

556 4718 797 4787 ejusdem
825 4715 1063 4787 regionis
1094 4713 1316 4781 incolis,
1340 4724 1450 4782 tam
1480 4711 1688 4781 lingua,
1711 4723 1875 4780 quam
1902 4708 2028 4764 aliis
2051 4723 2135 4763 re-
2238 4701 2456 4758 Turciae
2478 4704 2677 4760 vicina.
2701 4703 2913 4772 Quibus
2940 4706 3126 4762 verbis
3150 4706 3358 4763 ultimis
3384 4706 3572 4764 Crales
3600 4709 3849 4769 Tur-ciae

556 4786 681 4870 bus,
714 4786 968 4864 omnibus
990 4807 1276 4863 dill‘erunt.
1300 4805 1439 4860 llinc
1461 4801 1750 4859 Bonlinius
1775 4800 1830 4855 in
1856 4797 2135 4854 Transsil-
2236 4796 2507 4868 signiﬁcat
2529 4795 2783 4867 ngarite
2812 4815 3020 4868 regem.
3049 4801 3264 4870 Saepius
3304 4801 3451 4855 enim
3490 4806 3694 4873 repetit
3727 4806 3848 4861 Ce-

557 4904 716 4955 vania
761 4902 878 4955 sita:
914 4900 1235 4955 Saxobaniae
1264 4897 1596 4953 mentionem
1626 4894 1776 4958 facit,
1804 4893 2000 4963 pagina
2029 4892 2133 4946 61:).
2235 4890 2449 4951 drinus,
2483 4887 2674 4945 Unnos
2709 4902 2763 4945 et
2800 4890 3013 4960 Ungros
3033 4891 3141 4947 dici
3171 4890 3403 4948 Turcos.
3439 4892 3586 4949 Idem
3625 4895 3739 4952 hos
3788 4902 3847 4954 in

557 5003 844 5065 postrema:
865 4991 1345 5047 Francol‘urtensis
1367 4988 1646 5050 editionis,
1668 5001 1831 5055 quam
1856 4983 2133 5039 Sambuco

556 5094 743 5140 nostro
767 5086 1075 5140 clarissimo
1102 5084 1363 5138 debemus
1402 5095 1417 5133 :
1450 5080 1606 5150 cujus
1640 5079 1892 5149 equidem
1930 5075 2130 5131 mortui

559 5176 879 5233 memoriam
899 5190 1025 5228 cum
1049 5171 1422 5228 benevvlentia
1442 5183 1670 5239 usurpo,
1684 5177 1740 5224 et
1757 5177 1951 5238 praeter
1970 5169 2134 5220 meri-

548 5282 670 5323 .tum
695 5285 726 5322 a
748 5266 983 5337 quodam
1012 5264 1327 5322 excellentis
1353 5260 1559 5330 ingenii
1583 5260 1959 5328 doctrinaque
1988 5258 2129 5323 viro.

554 5365 712 5421 nobis
729 5362 915 5416 itidem
940 5361 1142 5424 amico,
1163 5372 1286 5414 mox
1310 5373 1341 5410 a
1362 5365 1541 5411 morte
1558 5353 1723 5425 paulo
1748 5361 1946 5406 tactam
1975 5350 2133 5406 incle-

556 5460 814 5524 mentius,
872 5457 1052 5513 doleo.
1090 5456 1155 5511 Et
1184 5454 1386 5509 ibidem
1419 5452 1726 5506 Sambucus
1755 5448 1988 5520 margini
2030 5463 2128 5502 no-

554 5569 681 5607 men
717 5553 843 5617 δη,
879 5549 949 5604 ad
983 5548 1355 5604 Saxobaniam
1411 5543 1671 5612 ascripsit
1705 5556 1721 5596 :
1752 5555 1864 5612 quo
1913 5542 2124 5612 signiti-

552 5661 681 5701 rare
713 5645 905 5707 voluit,
936 5644 1077 5696 hanc
1102 5656 1131 5694 a
1162 5639 1338 5695 Saziis
1375 5638 1488 5693 sive
1542 5635 1749 5691 Sasziis
1786 5636 1866 5690 sic
1896 5634 2123 5688 dictam.

549 5739 753 5796 Notum
783 5752 933 5798 vero.
968 5736 1214 5790 Saxones
1238 5749 1269 5787 ιι
1298 5730 1612 5792 Germanis.
1644 5743 1782 5799 quos
1808 5726 2126 5796 superiores

552 5837 773 5895 vincunt,
799 5830 875 5882 ita
896 5809 1163 5882 nominari
1195 5844 1210 5878 :
1245 5841 1369 5880 cum
1401 5826 1505 5894 ipsi
1554 5823 1783 5893 patriam
1816 5833 1974 5873 suam
2001 5817 2127 5872 Sas-

554 5928 714 5982 siam.
737 5934 911 5982 seque
943 5918 1161 5973 Sassina
1202 5918 1510 5985 inuigilent.
1534 5914 1641 5971 His
1673 5912 1964 5984 conjungi),
2001 5924 2124 5981 qua:

2237 5074 2435 5128 vicinia
2482 5074 2770 5129 Persarum
2814 5074 3011 5130 Turcis
3059 5076 3448 5133 orientalibus.
3490 5078 3556 5132 Et
3619 5081 3852 5139 Turcia

2234 5166 2415 5221 Persis
2463 5166 2737 5236 hodieque
2792 5168 3054 5223 dicuntur
3102 5166 3375 5240 Megares,
3411 5171 3555 5241 quod
3608 5187 3851 5229 nomen

2234 5259 2379 5328 genti
2406 5274 2523 5314 suae
2546 5274 2693 5315 nunc
2726 5261 2891 5316 etiam
2922 5262 3171 5320 tribuunt
3201 5259 3427 5331 Ungari,
3465 5266 3611 5319 sicut
3645 5263 3847 5336 Egin—

2232 5352 2426 5407 lrartus
2473 5366 2696 5423 quoque
2757 5351 2947 5408 Karuli
3001 5353 3184 5425 Magni
3256 5363 3501 5426 tempore
3563 5357 3849 5427 scripsit.

2232 5442 2398 5517 ω
2435 5444 2615 5514 llgros
2648 5446 2734 5501 vel
2782 5444 2994 5517 Ungros
3025 5457 3089 5503 et—
3131 5446 3378 5516 Magores
3404 5447 3637 5503 eosdem
3672 5466 3848 5507 esse.

2236 5536 2370 5594 Neta
2408 5548 2511 5594 Vox
2542 5537 2910 5610 Ungarorum,
2958 5540 3198 5613 Μειςεὶοτ
3240 5541 3452 5596 mudra.
3482 5539 3588 5596 Sed
3628 5544 3851 5599 redea-

2231 5642 2359 5687 mus
2395 5630 2463 5687 ad
2520 5631 2817 5689 Moravam.
2867 5632 3151 5689 Geut'raeus
3183 5630 3459 5687 Moravatu
3509 5634 3645 5689 olim
3701 5634 3848 5692 Ho—

2230 5724 2424 5780 schum
2475 5722 2643 5779 fuisse
2709 5725 3048 5780 nominatum
3095 5735 3268 5797 putat.
3326 5725 3581 5801 Meminit
3628 5739 3848 5785 autem

2234 5814 2529 5881 Laonicus,
2550 5817 2795 5885 sepultos
2821 5815 2991 5871 fuisse
3010 5810 3247 5881 Turcos,
3272 5816 3378 5870 hoc
3403 5819 3588 5889 praelia
3614 5834 3844 5887 caesos,

2234 5909 2301 5964 ad
2332 5908 2503 5977 ripam
2537 5909 2763 5966 lloravae
2797 5907 3058 5965 ﬂuminis.
3085 5897 3369 5966 Boniinius
3427 5924 3559 5967 vero
3622 5927 3848 5983 prooe-

2234 4980 2516 5035 Pannonia
2543 4980 2753 5038 Turcos
2786 4984 3152 5039 occidentales
3178 4987 3499 5042 discernit'a
3526 4989 3745 5055 positis
3790 4996 3850 5045 in
3950 4992 3951 4995 “
