4018 6416
396 382 503 441 8.5

1586 388 1913 450 IOANNIS
1948 384 2418 446 LEUNCLAVII

3533 391 3659 454 816

404 499 527 550 ως.
562 496 905 571 Νεοιτιίλνοιι,
932 498 1367 567 RunteliC/u'sur,
1393 505 1603 559 Attutoli
1626 506 1819 559 (Iltisar
1843 525 1855 557 :
1877 505 1983 560 Ca-
2014 517 2055 568 Α
2086 510 2304 571 gustum
2344 500 2507 554 maris
2564 512 2826 565 meatum,
2881 511 3105 570 propter
3148 502 3538 557 monasterium
3609 515 3681 555 ινῑ

472 569 680 645 stellam
719 570 923 645 get/tes,
958 570 1149 645 ειη-(τε
1180 575 1695 645 nigrwtllerma'um
1726 578 2005 645 proment

474 638 945 714 torium,’meus,
979 638 1333 714 prtum-opta,
1359 644 1583 714 Bogazt’,
1620 638 1820 713 Bodazi
1843 647 1973 697 (.‘Iti-

483 727 594 771 δην,
620 708 927 786 Bosporus;
970 708 1253 786 liras/tium
1313 714 1370 768 S.
1401 708 1645 786 G'eorgit':
1685 708 1824 770 Loca
1866 715 1973 779 Bo-

468 796 695 853 sporuna
727 781 1131 853 tamEuropa't',
1186 801 1346 853 quant
1378 781 1604 840 Asiatia
1661 789 1892 850 littoris,
1941 804 1973 840 (ι

467 850 928 921 Constantinopoli
960 868 1121 920 u‘que
1154 850 1222 904 ad
1264 855 1470 909 Euxini
1530 860 1691 910 maris
1753 866 1969 921 ostrum,

469 921 717 988 lit/onere,
754 920 1153 993 Symplegades,
1181 923 1444 979 Plant-ta.

466 1058 658 1109 Arcem
731 1056 1188 1125 munitissimam,
1252 1077 1413 1127 quam
1476 1078 1504 1116 a
1573 1071 1726 1133 tergo
1767 1063 1973 1119 Galatae

393 1148 765 1204 Mnchemetes
796 1150 862 1216 ll,
892 1151 957 1204 ad
996 1167 1166 1216 mare,
1203 1154 1252 1206 id
1312 1165 1417 1222 est,
1474 1156 1538 1209 ad
1583 1157 1885 1231 Bosporum
1945 1174 1974 1210 e

395 1243 527 1294 mari
590 1240 802 1296 Euxino
883 1242 1267 1312 proﬂuentem,
1322 1248 1632 1303 condidisse
1677 1259 1970 1313 narratur;

393 1334 566 1388 Graeci
600 1333 961 1411 Neiicastrott,
996 1342 1098 1391 hoc
1128 1349 1231 1400 est,
1276 1350 1521 1393 Castrum
1554 1356 1751 1396 novum
1808 1357 1976 1395 voca-

395 1440 541 1491 ruttt,
576 1439 631 1480 ut
653 1438 708 1481 et
747 1429 912 1482 Turci
938 1428 1069 1484 Geni
1105 1418 1324 1495 Chisar,
1351 1433 1511 1501 cujus
1545 1443 1599 1488 et
1630 1449 1797 1503 supra
1828 1449 1975 1486 men—

394 1520 470 1573 tio
508 1518 649 1574 facta
679 1518 859 1588 capite
885 1529 1136 1575 notarum
1188 1521 1311 1576 112.
1362 1523 1535 1578 Iidem
1592 1533 1770 1579 tamen
1817 1526 1977 1581 nobis

392 1612 558 1665 etiam
587 1610 807 1665 Bumeli
834 1611 1034 1666 Chisar
1064 1614 1329 1683 appellari
1390 1615 1668 1691 dicebant,
1714 1631 1837 1670 cum
1877 1616 1979 1672 hac

396 1706 927 1774 praeterveheremur
954 1706 1019 1760 ad
1054 1704 1289 1762 Pontum
1324 1707 1617 1774 Euxinum,
1678 1710 1825 1779 quod
1886 1727 1972 1762 ar-

399 1817 518 1853 rem
549 1799 831 1853 Romaniae
860 1798 942 1853 vel
978 1799 1210 1870 Europae
1243 1799 1548 1869 signiﬁcat:
1576 1802 1720 1857 sicut
1748 1804 1975 1857 alteram

399 1894 529 1947 huic
558 1893 866 1963 oppositam
893 1892 949 1947 in
993 1893 1234 1948 Asiatico
1276 1894 1482 1958 littore,
1514 1910 1661 1950 nunc
1693 1886 1976 1950 ruinosam

393 1985 631 2041 Anadoli
659 1984 877 2049 Ghisar,
916 1984 970 2040 id
1019 1994 1125 2049 est,
1158 2001 1341 2040 arcem
1389 1984 1660 2043 Attatolia:
1691 1987 1775 2043 vel
1829 1988 1974 2043 Asiae

396 2081 809 2151 nuncupabant.
867 2078 1207 2136 Neorastron
1264 2082 1461 2149 vulgus
1553 2082 1973 2137 occidentalium

391 2172 858 2238 Christianorum,
887 2173 1192 2242 praesertim
1225 2172 1511 2237 Germani,
1542 2173 1746 2229 Turres
1791 2176 1974 2246 nigras

392 2268 609 2319 dicunt.
645 2265 819 2321 Abest
848 2280 877 2319 a
905 2263 1388 2337 Constantinopoli
1424 2267 1493 2321 ad
1527 2283 1696 2322 unum
1743 2269 1976 2324 milliare

392 2357 570 2427 majus
595 2355 1015 2421 Germanicum,
1047 2355 1203 2412 locus
1243 2372 1380 2414 sane
1404 2359 1673 2425 munitus,
1743 2373 1798 2416 et
1866 2360 1975 2416 for-

390 2449 667 2504 midabilis
709 2448 1008 2503 admodum
1065 2448 1283 2504 miseris
1340 2450 1618 2519 captivis,
1672 2456 1972 2523 praesertim

390 2543 648 2597 lautioris
672 2540 947 2596 fortunae:
975 2543 1069 2615 qui
1101 2544 1203 2597 hos
1236 2542 1378 2597 intra
1408 2560 1659 2600 carceres
1705 2548 1972 2612 conclusi,

390 2647 678 2701 nunquam
739 2630 853 2685 fere
924 2631 1233 2686 libertatem
1310 2634 1624 2702 recipiunt:
1684 2651 1857 2706 eaque
1910 2634 1976 2693 de

391 2737 558 2774 causa
622 2720 907 2775 castellum
968 2719 1074 2777 hoc
1125 2719 1324 2776 Lethes
1377 2724 1457 2778 vel
1506 2725 1797 2782 oblivionis
1842 2729 1972 2783 olim

392 2828 612 2881 quoque
674 2822 925 2867 vocatum
984 2822 1138 2884 puto,
1174 2813 1332 2883 cujus
1362 2815 1417 2870 in
1470 2817 1758 2886 Bosphoro
1813 2820 1973 2889 positi

391 2904 666 2974 Gregoras
737 2904 1014 2969 meminit,
1050 2905 1120 2960 ab
1174 2920 1242 2961 eo
1267 2907 1423 2973 dicti,
1486 2910 1632 2978 quod
1684 2922 1974 2980 perpetuos

390 2996 457 3047 ad
491 3009 740 3049 carceres
773 2995 1155 3049 damnatorum
1187 2996 1335 3050 nulla
1382 3006 1560 3051 exstet
1595 2999 1831 3069 amplius
1857 3015 1973 3053 me.

390 3090 590 3141 moria.
620 3088 848 3142 Constat
873 3098 1082 3151 autem,
1118 3087 1291 3143 fuisse
1318 3088 1442 3144 istic
1468 3090 1633 3144 etiam
1688 3102 1815 3145 ante
1856 3091 1973 3145 Mu-

389 3181 690 3236 chemetetn
720 3179 759 3233 ll
797 3181 910 3247 illa,
947 3196 1069 3252 quae
1091 3180 1350 3245 diximus,
1381 3181 1434 3236 in
1491 3193 1727 3254 utroque
1785 3184 1969 3240 littore

389 3275 616 3328 castella
648 3289 662 3327 :
695 3274 788 3327 sed
820 3273 1213 3343 imperatorum
1269 3272 1579 3330 Graecomm
1635 3277 1842 3333 incuria
1888 3281 1967 3335 sic

388 3370 660 3436 neglecta,
696 3368 830 3422 nulli
870 3376 930 3421 ut
963 3367 1084 3421 usui
1111 3369 1385 3422 servirent
1436 3368 1526 3423 alii
1576 3386 1738 3440 quam
1773 3382 1960 3427 custo-

386 3462 606 3515 diendis
637 3458 891 3529 captivis.
919 3457 1132 3514 Causas
1182 3460 1449 3513 condendi
1509 3459 1796 3517 Neocastri
1845 3462 1964 3517 Mu-

387 3556 667 3609 chcmetes
692 3552 904 3617 habuit,
938 3562 996 3607 ut
1021 3550 1339 3621 transjicere
1374 3563 1481 3607 tam
1511 3553 1566 3607 in
1599 3555 1780 3608 Asiam
1800 3571 1960 3624 quam

388 3647 666 3716 Europam
695 3646 863 3699 libere
890 3653 1072 3717 posset
1106 3662 1120 3700 :
1150 3660 1219 3699 ne
1248 3643 1548 3700 Christiani
1580 3646 1813 3701 navibus
1849 3648 1964 3701 suis

387 3740 849 3794 transvectionem
911 3737 1188 3792 exercitus
1220 3738 1600 3808 prohiberent,
1638 3748 1697 3793 ut
1729 3738 1963 3808 denique

382 3827 859 3898 Constantinopoli
897 3829 1183 3898 capiendae
1207 3829 1460 3883 serviret.
1482 3826 1757 3885 Laonicus
1779 3845 1960 3885 arcem

381 3925 458 3977 ita
490 3921 801 3990 descripsit,
842 3929 904 3975 ut
940 3920 1103 3975 hodie
1143 3921 1502 3990 conspicitur.
1531 3919 1622 3975 Ait
1656 3936 1776 3976 eam
1832 3936 1965 3977 con-

381 4024 527 4070 stare
560 4016 737 4068 tribus
773 4013 1021 4068 turribus
1046 4012 1279 4083 magnis,
1311 4029 1544 4084 quarum
1581 4030 1687 4069 una
1712 4016 1964 4085 superior

382 4110 439 4159 in
470 4104 662 4160 acclivi
694 4104 834 4159 colle
869 4105 1203 4175 proemiuet:
1238 4104 1463 4174 reliqua:
1498 4105 1621 4159 dua:
1648 4107 1965 4184 consistunt

385 4200 616 4255 inferius
652 4197 718 4251 ad
772 4197 947 4267 ipsum
1010 4197 1162 4251 littus
1234 4197 1497 4267 BoSpori:
1549 4214 1660 4269 quo
1714 4200 1963 4254 videlicet

385 4293 591 4347 hincin
615 4305 783 4344 naves
819 4289 1266 4360 praeterit-gentes
1296 4301 1539 4359 impetus
1591 4292 1707 4346 ﬁeri
1764 4296 1959 4363 possit.

385 4384 590 4439 Harum
622 4382 860 4438 duarum
897 4396 1001 4435 una
1029 4383 1267 4436 maxima
1289 4387 1393 4437 est.
1423 4381 1587 4439 Tecta
1620 4396 1750 4441 sunt
1783 4388 1962 4457 plum-

383 4476 504 4531 bea.
534 4475 723 4530 Murus
750 4473 924 4529 ambit
953 4489 1134 4527 arcem
1182 4490 1404 4530 crassus
1459 4475 1626 4546 pedes
1662 4477 1752 4534 22.
1823 4472 1962 4532 Tur-

1988 3233 2037 3298 G

2076 593 2251 648 ardent
2299 589 2486 645 Sancti
2536 590 2751 661 Georgii
2807 591 3201 663 Manganorum
3270 593 3471 649 dictam
3520 595 3687 649 Pru—

2073 684 2281 757 pontidi
2312 699 2372 737 se
2398 684 2700 738 miscentis.
2742 682 2798 739 Id
2850 693 3133 755 pr0pterea
3165 686 3493 753 notandum,
3520 689 3682 757 quia

2075 776 2385 845 complures
2417 776 2469 830 in
2499 775 2603 830 hoc
2623 777 3045 831 hallucinantur
3078 775 3204 831 dum
3234 782 3408 834 saneti
3433 778 3687 847 Georgii

2076 866 2366 923 brachium
2436 871 2501 921 ad
2567 870 2784 927 Sestum
2833 877 2885 925 et
2939 868 3184 939 Abydum
3248 871 3555 925 collocant:
3611 885 3690 926 ut

2080 959 2484 1021 Volaterranos,
2515 974 2676 1029 quem
2710 960 2844 1017 citat
2883 960 3124 1014 Ortclius
3152 962 3206 1014 in
3243 977 3372 1017 voce
3426 963 3668 1018 llelles-

2075 1057 2301 1118 pontus,
2342 1057 2398 1101 nt
2434 1047 2734 1111 Geufratus,
2773 1060 2829 1102 ut
2864 1048 3106 1105 Thomas
3168 1049 3561 1118 l'orcaccltius,
3615 1068 3688 1110 ut

2010 1142 2029 1159 ‘
2077 1140 2193 1194 alii.
2235 1139 2437 1194 Saltem
2497 1143 2698 1196 rectius
2763 1142 2866 1194 hoc
2926 1136 3009 1196 vel
3055 1158 3120 1197 ex
3182 1143 3331 1198 hisce
3380 1142 3682 1200 \‘incmtii

2076 1230 2424 1288 Belvacensis
2451 1234 2628 1288 verbis
2664 1232 2985 1289 didicissent
3013 1251 3028 1288 :
3071 1233 3185 1291 lloc
3214 1248 3300 1291 est
3353 1253 3504 1291 mare
3538 1255 3679 1291 mo-

2076 1342 2241 1396 gnum
2269 1326 2346 1394 (id
2386 1336 2488 1391 est,
2526 1325 2734 1380 Pontus
2764 1325 3032 1389 Euxinus,
3060 1314 3063 1317 ’
3091 1344 3237 1381 nunc
3296 1330 3462 1382 etiam
3509 1330 3676 1384 italis

2078 1434 2229 1472 mare
2257 1419 2454 1488 majus)
2489 1419 2554 1473 de
2585 1437 2692 1489 quo
2732 1418 3014 1475 brachium
3048 1416 3237 1474 Sancti
3268 1418 3485 1492 Georgii
3519 1423 3669 1484 exit,

2080 1512 2156 1580 (id
2190 1520 2301 1577 est,
2338 1509 2478 1582 Bssp
2502 1525 2633 1582 tros)
2667 1514 2812 1582 quod
2843 1513 2898 1566 in
2945 1510 3483 1593 Constantinopolim
3563 1530 3668 1566 va-

2078 1603 2175 1657 dit.
2202 1602 2344 1673 Ergo
2386 1601 2568 1659 Sancti
2595 1603 2809 1676 Georgii
2844 1606 3127 1660 brachium
3160 1614 3246 1661 est
3302 1622 3464 1676 supra
3523 1604 3670 1660 Con-

2079 1696 2518 1765 stantinopolim,
2548 1700 2614 1750 ad
2648 1696 2806 1766 cujus
2837 1696 3156 1751 orientalem
3189 1694 3471 1765 angulum,
3525 1697 3664 1753 sub-

2082 1793 2165 1839 ter
2226 1786 2399 1855 ipsam
2452 1792 2800 1842 sultanorum
2869 1804 3073 1852 arcem,
3142 1789 3197 1843 in
3264 1790 3652 1860 Propontidem

2008 1876 2362 1949 BBosporus
2426 1881 2690 1936 illabitur.
2763 1882 3022 1953 Adeoque
3082 1899 3112 1937 a
3192 1883 3366 1937 sancti
3426 1883 3651 1952 Georgii

2080 1971 2308 2027 brachio
2353 1973 2465 2027 sive
2494 1974 2757 2044 BUSpOl‘O,
2783 1989 2877 2044 per
2912 1974 3291 2044 f'r0p0tttident
3350 1982 3411 2028 'et
3444 1972 3647 2028 Helles-

2076 2074 2326 2134 pontum,
2366 2062 2582 2120 Sestum
2616 2078 2672 2120 et
2702 2065 2951 2137 Abydum
2992 2082 3167 2135 usque
3191 2066 3290 2120 l80
3320 2064 3635 2120 milliarium

2075 2154 2391 2212 Grecorum
2427 2169 2508 2213 est
2540 2159 2661 2214 iter.
2685 2158 2925 2214 Gallicus
2964 2161 3235 2231 interpres
3284 2158 3503 2214 Laonici
3530 2158 3638 2212 mi-

2076 2248 2226 2304 ritice
2251 2250 2497 2320 profecto
2521 2252 2758 2318 excutit,
2790 2267 2853 2306 ac
2892 2252 3224 2323 sibimetipsi
3260 2250 3644 2305 conti-adiectis

2060 2341 2152 2395 ‘ait
2176 2356 2191 2393 :
2218 2339 2576 2396 Mechemetes
2610 2356 2792 2395 arcem
2821 2340 3175 2410 Lazmocopia:
3215 2341 3447 2396 condere
3481 2338 3653 2405 capit

2077 2433 2131 2487 in
2166 2448 2262 2489 ora
2292 2431 2663 2503 Propontidis,
2702 2448 2768 2489 ex
2803 2442 2957 2502 parte
2992 2434 3241 2503 Ειιιορειε,
3288 2432 3340 2487 in
3396 2447 3462 2487 eo
3522 2446 3653 2500 pro-

2078 2525 2197 2593 prio
2222 2524 2364 2590 loco,
2414 2529 2506 2594 qui
2563 2523 2839 2593 Bosporus
2878 2526 3203 2596 appellatur.
3278 2524 3348 2579 Et
3398 2523 3659 2593 ascripsit

2079 2617 2333 2688 margini,
2369 2617 2547 2671 terbis
2576 2618 2659 2671 his
2689 2619 2869 2672 locum
2921 2618 3242 2689 sgniticari,
3311 2632 3420 2688 quo
3460 2615 3657 2671 Scitus

2078 2710 2208 2763 olim
2236 2711 2337 2765 sita
2370 2708 2535 2764 fuerit
2566 2725 2579 2762 :
2615 2727 2853 2782 eumque
2880 2711 3111 2766 Turcica
3152 2712 3340 2781 lingua
3388 2710 3495 2766 dici
3542 2708 3657 2764 Ba-

2077 2814 2326 2871 gazasar,
2385 2800 2503 2855 sive
2538 2802 2915 2871 przecisionem
2972 2800 3136 2875 M6
3196 2804 3457 2857 faucium.
3505 2800 3656 2868 Quid

2077 2894 2250 2962 magis
2284 2892 2519 2947 absurde
2557 2895 2666 2948 dici
2717 2896 3001 2964 potuisset,
3034 2911 3197 2966 quam
3254 2897 3531 2951 conditam
3581 2898 3657 2950 ad

2080 2986 2388 3056 Bosporum
2465 3003 2668 3053 arcem,
2734 2989 2962 3061 intelligi
2998 2992 3195 3044 debere
3250 2991 3408 3044 sitam
3455 2991 3655 3045 eodem

2077 3082 2355 3154 loco,quo
2383 3084 2576 3141 Sestus
2636 3084 2768 3139 olim
2827 3083 3138 3139 exstiterit?
3194 3085 3357 3140 Certe
3411 3083 3657 3139 Neocas-

2079 3185 2222 3229 trum
2255 3178 2356 3232 hoc
2395 3177 2748 3235 Mucltemetis
2778 3194 2807 3233 a
2858 3176 3001 3234 Sesti
3033 3178 3234 3232 veteris
3284 3179 3405 3232 loco
3477 3193 3651 3247 prope

2071 3267 2178 3321 200
2201 3270 2529 3326 milliaribus
2559 3270 2764 3326 Graecis
2791 3271 2979 3338 distat,
3014 3280 3300 3341 totumque
3348 3268 3652 3340 Proponti-

2071 3362 2156 3418 dis
2189 3370 2245 3416 et
2290 3359 2625 3432 Hellesponti
2685 3362 2922 3430 spatium
2978 3362 3063 3416 his
3129 3359 3474 3430 interiectum
3537 3369 3651 3413 est.

2069 3452 2223 3518 Quod
2261 3464 2443 3509 autem
2468 3454 2620 3521 dicit,
2660 3469 2781 3509 eum
2820 3455 2999 3508 locum
3037 3453 3220 3524 lingua
3287 3452 3520 3508 Turciea
3551 3466 3653 3507 vo-

2070 3550 2181 3603 Cari
2229 3548 2546 3620 Bajatasar,
2602 3551 2718 3606 sive
2749 3549 3128 3621 praecisionem
3164 3548 3411 3603 faucium
3437 3566 3451 3601 :
3477 3547 3535 3601 in
3574 3564 3649 3601 eo

2068 3654 2287 3709 quoque
2341 3639 2553 3694 fallitur
2607 3651 2660 3695 et
2703 3641 3032 3695 vocabulum
3088 3653 3410 3709 corruptum
3462 3639 3643 3709 ponit.

2067 3729 2201 3785 Nam
2236 3733 2476 3787 scribere
2514 3733 2704 3788 debuit
2731 3734 2928 3805 Βομιί
2960 3734 3179 3801 Chisar,
3210 3741 3266 3787 et
3291 3734 3640 3803 itttet'pt'rtari

2071 3838 2259 3878 arcem
2287 3824 2555 3898 faucium.
2625 3824 2984 3897 Laetttocopia:
3018 3826 3238 3897 quidem
3279 3825 3462 3881 Graeca
3510 3839 3629 3891 vox,

2068 3929 2176 3985 qua
2216 3913 2490 3974 Laonicus
2519 3916 2709 3981 utitur,
2736 3919 3037 3989 incisurant
3069 3918 3310 3976 faucium
3345 3917 3633 3988 signiﬁcat,

2069 4008 2173 4060 hoc
2205 4016 2288 4060 est
2319 4005 2644 4077 locum,ubi
2677 4006 2801 4062 linis
2832 4021 2918 4063 est
2974 4011 3169 4064 harum
3230 4005 3459 4077 Bospori
3502 4004 3643 4068 plau-

2065 4101 2234 4164 cium,
2263 4100 2357 4167 qui
2388 4100 2649 4169 deinceps
2679 4103 2734 4154 in
2779 4100 2954 4155 multo
2983 4102 3329 4175 capaciorem
3388 4095 3644 4167 Propon-

2067 4192 2194 4245 tidis
2221 4194 2403 4245 siuutn
2436 4208 2633 4262 magna
2676 4209 2801 4259 eum
2857 4195 3124 4259 undarum
3172 4191 3429 4265 violentia
3469 4202 3649 4263 semet

2068 4285 2318 4341 ell‘undit.
2341 4285 2478 4342 Cum
2510 4297 2694 4361 autem
2728 4289 2984 4360 superius
3038 4291 3217 4358 capite
3255 4297 3537 4353 notarum
3570 4285 3647 4342 26

2064 4376 2187 4433 loca
2220 4379 2387 4434 totius
2421 4377 2754 4449 Hellesponti
2812 4391 2867 4436 et
2888 4381 3279 4451 Propontidis,
3316 4381 3439 4435 inde
3468 4396 3646 4449 usque

2070 4485 2100 4537 a_
2127 4470 2464 4527 Dardanellis
2504 4473 2586 4527 vel
2614 4472 2855 4539 arcibus,
2912 4473 3020 4552 hoc
3055 4481 3158 4538 est,
3218 4488 3248 4526 a
3282 4475 3646 4537 cadaveribus

382 4569 529 4624 rium
586 4567 868 4622 crassities
931 4567 998 4618 ait
1058 4566 1126 4620 5t)
1162 4556 1324 4636 pedes
1381 4569 1715 4626 extenditur.
1769 4558 2037 4650 Petrus.”
2069 4565 2210 4622 Sesti
2239 4577 2294 4622 et
2323 4566 2519 4639 Abydi,
2556 4568 2621 4621 ad
2649 4567 2840 4622 urbem
2893 4567 3422 4638 Constantinopolim
3461 4576 3518 4623 et
3571 4568 3642 4622 ad

384 4662 615 4733 Gyllius,
660 4662 969 4715 illustratur
1001 4661 1152 4713 urbis
1208 4673 1261 4715 et
1301 4655 1528 4733 Bospori
1560 4665 1814 4735 diligens,
1867 4685 1964 4721 an-

383 4755 892 4824 tiqnisllernneum
960 4752 1065 4806 hoc
1120 4752 1239 4808 loco
1298 4759 1736 4826 promontorium
1796 4762 1965 4816 fuisse

384 4850 595 4905 statuit.
659 4848 908 4918 Bosporo
947 4847 1134 4902 datum
1189 4864 1387 4904 nomen
1424 4860 1509 4906 est
1546 4868 1576 4906 a
1619 4863 1962 4911 transnatatu

383 4944 558 5003 bovis,
583 4950 679 4995 aut
704 4941 916 4996 bucula:
946 4942 1030 4994 vel
1057 4942 1303 5012 iuvencae
1328 4943 1532 5009 potius,
1565 4945 1817 5017 videlicet
1845 4951 1957 5017 lus,

382 5033 570 5089 Inachi
611 5035 753 5104 regis
783 5033 1109 5101 Argivorum
1149 5031 1293 5097 (υἱέε,
1321 5033 1386 5086 de
1409 5048 1513 5101 qua
1546 5044 1628 5088 est
1677 5037 1729 5089 in
1763 5037 1963 5094 fabulis

384 5125 687 5182 historicis.
753 5124 828 5178 Ita
888 5123 1145 5177 nimirum
1226 5125 1278 5178 in
1329 5124 1642 5196 Originibus
1716 5129 1961 5201 Byzamii

384 5217 592 5274 Graecis
640 5216 1031 5284 ntanuscriptis
1096 5213 1347 5286 legimus.
1396 5213 1603 5273 Nullibi
1678 5221 1961 5292 BOsporus

387 5311 802 5383 angustiorest,
839 5323 1002 5376 quam
1056 5308 1199 5360 inter
1240 5305 1600 5366 Neocastrum
1653 5325 1709 5369 et
1749 5318 1963 5370 Anatoii

380 5406 598 5459 Ghisar.
636 5403 779 5456 idem
813 5398 1022 5471 Gyllius
1080 5410 1271 5454 auctor
1318 5410 1424 5466 est,
1461 5401 1762 5475 Bosporum
1810 5408 1964 5463 Grae-

384 5496 464 5548 cis
494 5497 681 5549 vocari
738 5490 985 5556 Laemon,
1044 5488 1246 5545 Turcis
1312 5490 1532 5563 Bagazi,
1594 5484 1965 5569 qtttettOstrts

384 5589 719 5644 suntfauces
753 5588 1127 5659 vclangustite
1153 5587 1342 5653 maris,
1372 5600 1430 5643 ut
1466 5591 1631 5646 etiam
1664 5593 1715 5646 in
1743 5594 1963 5650 homine

383 5683 571 5738 fauces
619 5684 962 5753 appellantur
1026 5678 1258 5736 Laertius.
1341 5682 1484 5739 Hinc
1571 5685 1963 5759 Laetttocopiatu

381 5775 653 5829 Leonteus
681 5775 783 5827 hoc
836 5777 956 5830 loco
986 5780 1186 5843 posuit.
1245 5780 1424 5836 Nostri
1455 5781 1758 5855 Bosporum
1800 5785 1962 5839 etiam

376 5867 557 5925 sancti
618 5864 837 5935 Gcoe‘gii
895 5869 1177 5925 brachium
1249 5878 1623 5943 nominarunt,
1659 5882 1804 5932 velut
1867 5893 1967 5932 atto

2068 4661 2246 4729 ipsum
2322 4659 2460 4714 adeo
2517 4659 2721 4715 sultani
2772 4658 3050 4723 saraium,
3120 4658 3208 4713 ubi
3240 4660 3539 4729 Bosporus
3582 4659 3641 4712 in

2070 4754 2460 4824 Propontidem
2505 4753 2771 4823 praecipiti
2845 4751 3099 4813 maxime
3153 4768 3320 4807 cursu
3355 4753 3641 4816 illabitur,

2066 4843 2610 4899 enumeraverimus:
2646 4844 2779 4896 libet
2807 4857 2835 4895 a
2860 4843 3269 4905 Saraiosultani
3321 4857 3512 4896 rursus
3555 4842 3644 4894 itt-

2067 4940 2344 5007 cipiendo,
2392 4954 2614 4993 sursum
2641 4936 2799 5007 quasi
2830 4939 3057 4991 urentis
3106 4937 3451 5006 navigatione
3502 4951 3641 5004 qua-

2066 5032 2189 5086 dam
2224 5034 2291 5086 ad
2325 5032 2498 5101 ipsum
2560 5047 2733 5101 usque
2793 5029 2960 5085 maris
3008 5029 3204 5083 Euxini
3262 5032 3461 5083 ostium
3513 5043 3642 5097 pro-

2071 5128 2221 5197 gredi
2248 5139 2300 5181 et
2340 5127 2595 5196 utrinque
2635 5128 2738 5180 sita
2787 5125 2928 5191 loca,
2957 5140 3083 5180 cum
3128 5129 3192 5180 ad
3246 5124 3523 5179 dexteram
3581 5124 3639 5177 in

2072 5223 2311 5278 Asiatico
2332 5221 2532 5287 littore,
2570 5232 2685 5275 tum
2709 5221 2778 5274 ad
2808 5222 3089 5276 sinistram
3120 5219 3170 5273 in
3218 5218 3508 5287 Europaeo,
3539 5230 3645 5270 no-

2068 5316 2306 5369 minibus
2348 5316 2543 5384 partim
2570 5314 2792 5382 priscis,
2817 5315 3012 5384 partim
3046 5329 3194 5368 nunc
3248 5316 3492 5375 usitatis,
3547 5328 3641 5365 υι-

2067 5409 2669 5464 dme-recenserezsic
2723 5418 2927 5475 tamen,
2959 5418 3017 5463 ut
3068 5409 3231 5464 nimis
3291 5406 3637 5475 scrupulose,

2068 5518 2220 5557 more
2236 5501 2511 5573 Gylliano,
2540 5514 2780 5568 vetusta,
2808 5505 3026 5575 cognitu
3063 5518 3255 5573 parum
3301 5503 3640 5571 necessaria,

2069 5584 2175 5655 non
2218 5600 2547 5653 inseramus.

2142 5689 2311 5759 Igitur
2350 5689 2551 5758 angulo
2575 5686 2836 5743 sultanini
2893 5686 3057 5744 saraii
3100 5688 3421 5760 respondet
3457 5701 3489 5742 e
3553 5701 3642 5744 re-

2068 5782 2232 5855 gione
2255 5782 2568 5836 Scutarium
2602 5785 2653 5835 in
2688 5782 2816 5836 Asia
2871 5782 3161 5853 disiunctis
3201 5797 3231 5836 a
3277 5797 3337 5837 se
3400 5782 3637 5835 invicem

2068 5877 2208 5935 locis
2265 5876 2416 5932 hisce
2475 5876 2741 5932 duntaxat
2793 5891 2901 5931 uno
2953 5873 3172 5932 milliari
3217 5874 3429 5932 Graeco.
3499 5877 3642 5933 Ante
