2009 3213
169 187 223 218 Si"!

166 292 234 324 ipsis
261 290 343 324 aquis
370 294 492 317 enructa
516 291 638 324 quadam
669 300 716 318 arx
748 300 839 326 parra.
873 298 952 326 quam

166 338 278 364 Turrim
295 336 468 363 Scutarinam
482 336 568 364 δι’ωεὶ
582 343 689 370 vocant,
706 338 787 365 Turci
804 338 952 369 Iiisculam,

168 384 217 410 hoc
233 387 288 412 est,
307 388 397 408 arcem
418 382 545 416 virginis.
578 391 610 410 ex
628 391 711 410 causa
739 384 854 418 quadam
888 384 951 410 alibi

176 427 342 462 exponenda.
360 427 395 453 De
411 426 463 454 hac
488 435 550 455 arce
567 433 631 455 sunt
657 429 829 464 intelligenda
856 429 955 457 Niceta:

178 475 261 506 verba,
280 474 349 500 libro
365 481 401 505 tv,
417 482 478 501 cum
492 476 530 502 ait
545 483 551 502 :
567 475 607 502 Ab
634 475 686 501 hoc
714 476 876 510 imperatore
898 477 954 503 Ma-

172 519 249 546 uncle
276 519 362 545 turris
394 519 438 546 illa
472 511 616 553 (potuisset
643 527 731 546 arcem
763 520 876 555 vertere)
901 528 955 547 non

170 566 265 599 procul
290 572 304 591 a
336 565 495 592 continente
518 565 546 592 in
561 565 629 592 mari
654 570 792 592 exstructa
819 570 870 597 est,
896 573 956 599 quae

171 611 291 637 Damalis
308 610 432 645 pridem.
464 618 537 646 nunc
563 611 660 638 Arcula
689 611 848 640 diciturzet
871 611 955 638 altera

171 658 418 691 turriseregioue.
443 658 519 691 juxta
558 658 731 693 Manganium
759 659 955 686 monasterium

171 703 290 738 (scilicet
312 703 404 730 Sancti
425 703 545 738 Georgii)
563 713 595 731 eo
609 705 735 738 consilio,
762 710 792 732 ut
812 704 898 732 ferrea
915 713 958 732 ca-

172 754 235 775 tena
272 749 402 781 utrinque
428 755 553 783 extensa,
580 751 703 777 barbaris
730 751 841 778 naribus
868 752 958 778 aditus

173 794 202 820 in
216 794 274 820 loca
290 794 366 822 urbis
379 795 434 821 arci
452 795 551 825 vicina.
571 801 597 823 et
613 800 729 823 tractum
745 797 821 823 illum
846 805 957 824 omnem

174 849 264 875 usque
288 842 321 868 ad
355 841 543 869 Blaclierniam
574 843 686 877 regiam.
721 843 956 871 intercluderetur.

177 888 286 920 Quibus
304 888 431 914 invenitis
460 888 566 915 Arculaa
590 897 686 915 nomen
716 890 868 924 signiﬁcare
894 896 958 925 puto

181 941 400 967 parVamarccm.
430 933 500 960 Idrm
528 940 589 968 post
619 935 722 969 inquit:
758 936 907 971 Imperator
930 938 955 964 in

181 980 282 1014 palatio
295 980 325 1005 ad
337 979 478 1012 Datnalitn,
493 982 565 1014 quod
582 981 739 1008 Scularium
762 982 872 1015 dicitur,
898 991 957 1009 vei-

178 1026 300 1051 sabatur.
315 1025 400 1052 Distat
412 1034 425 1051 a
447 1027 599 1053 continenti
615 1027 713 1054 Asiana
726 1027 879 1055 Scutarium
896 1037 958 1056 cen-

176 1077 234 1096 tum
262 1071 396 1104 passibus.
428 1071 529 1097 Numen
572 1073 671 1106 oppido
700 1073 789 1101 vicino
815 1074 901 1105 dedit.
930 1082 958 1102 ut

175 1116 277 1143 Graecis
296 1117 376 1143 hodie
390 1117 556 1147 Scutarinm.
569 1118 665 1146 Turcis
689 1119 799 1147 Iscodar
829 1121 934 1148 dicatur
952 1131 957 1148 :

180 1163 239 1189 nim
255 1171 307 1189 non
327 1163 491 1194 Chalcedon,
514 1164 664 1196 utiJOvius,
684 1166 831 1197 Pcucerus.
859 1167 957 1194 anlul—

180 1209 264 1241 quius.
283 1209 384 1242 aliique
410 1211 494 1239 mam
525 1211 573 1236 viri
607 1217 736 1245 putarunt
769 1212 959 1244 (Chalcedonis

178 1255 248 1280 cuitu
263 1255 360 1280 rudera
383 1255 412 1280 10
428 1256 589 1284 milliaribus
607 1258 639 1284 ab
650 1258 756 1291 Augulo
770 1259 901 1285 sullauini
914 1268 959 1286 sa-

178 1300 224 1326 raii
247 1308 345 1327 versus
367 1301 529 1328 Astacenum
557 1302 658 1334 sinum,
691 1304 724 1330 ad
746 1306 959 1338 promontorium

180 1347 358 1378 llzmalicum,
384 1347 458 1381 juxta
487 1353 593 1382 portum
622 1348 753 1383 Eutropii,
780 1350 831 1377 sita
863 1357 926 1378 sunt
942 1354 959 1384 l,

179 1395 223 1420 sed
237 1394 431 1429 Chrysopolis.
450 1393 476 1420 Id
499 1399 588 1421 autem
605 1395 703 1430 oppido
721 1403 819 1423 nomen
848 1397 961 1424 inditum

179 1440 260 1473 Λίψιί
282 1445 388 1473 putant,
407 1444 434 1466 ut
450 1441 507 1466 auri
533 1441 629 1468 civitas
657 1442 802 1475 diceretur,
822 1444 855 1469 ab
884 1451 962 1476 auro,

181 1486 249 1519 quod
263 1486 328 1512 olim
348 1487 545 1520 antiquissimis
561 1488 728 1521 temporibus
754 1497 802 1523 pro
819 1488 962 1517 Persarum

183 1533 289 1567 legibus
305 1532 348 1559 hic
361 1532 453 1559 tributi
469 1533 576 1560 nomine
591 1535 699 1566 congeri
715 1543 746 1562 ex
763 1535 825 1563 Asia
838 1541 893 1564 tota
919 1545 964 1563 so-

182 1579 255 1605 litum
270 1578 361 1605 fuerit.
377 1579 429 1604 Sed
450 1579 569 1611 origines
597 1580 671 1607 urbis
699 1580 854 1615 Byzantina:
879 1583 959 1609 aliam
979 1596 999 1622 ρ

181 1625 299 1651 nominis
310 1625 451 1656 rationem,
468 1625 555 1652 verbis
567 1625 676 1657 Graecis,
691 1627 717 1652 in
734 1627 804 1655 hanc
830 1627 886 1655 fere
900 1637 963 1656 seu-

182 1670 294 1697 tentiam
311 1670 439 1697 referunt.
462 1671 613 1705 Conspecta
627 1672 789 1708 '(inquiunt)
818 1674 963 1702 confestim

187 1715 291 1749 aquila.
311 1724 357 1742 eor
382 1716 498 1742 victimae
529 1716 609 1751 rapit,
642 1722 668 1744 et
697 1718 723 1744 in
748 1720 963 1752 promontorium

190 1760 314 1794 Bosporii
327 1761 420 1802 littoris
438 1762 529 1792 chert,
543 1770 557 1789 e
582 1763 691 1798 regione
702 1763 911 1799 Chrysopoleos,
922 1766 965 1792 cui
983 1787 985 1790 .

192 1806 309 1841 Chryses
325 1808 529 1840 Agamemnonis
556 1817 588 1835 ex
621 1809 767 1844 Chryseide
796 1810 877 1843 lilius,
907 1817 967 1844 post

192 1861 286 1879 necem
302 1854 390 1887 patris.
402 1855 615 1889 Clytmannestrae
632 1855 737 1887 fugiens
751 1856 874 1889 insidias,
887 1862 913 1884 et
933 1858 966 1885 ad

187 1900 358 1934 quacrendutn
385 1901 551 1935 Iphigeniam
592 1909 751 1935 properans.
780 1909 877 1929 nomen
916 1903 967 1931 hoc

186 1947 256 1980 apud
271 1946 373 1974 incolas
395 1948 513 1980 reliquit.
530 1947 674 1981 sepultum
689 1955 745 1974 sum
762 1955 966 1977 monumentum

187 1993 319 2020 cumistic
337 1993 416 2019 liuent
432 1994 537 2020 vivendi
563 1993 683 2021 fecisset.
704 1994 808 2027 Quibus
835 1995 862 2022 iu
880 1996 969 2024 verbis

188 2039 402 2071 promontorium
433 2039 555 2072 Bosporii
570 2039 678 2070 littoris.
697 2039 761 2076 illud
788 2040 877 2075 ipsum
893 2040 970 2067 intel-

189 2083 289 2117 ligitur,
305 2085 331 2110 in
343 2093 396 2119 quo
411 2093 481 2110 nunc
496 2084 615 2111 saraium
634 2085 807 2112 sultaninum
838 2086 969 2113 orientale

188 2131 268 2156 situm
284 2135 336 2157 cst.

223 2176 414 2211 AChrysopoli
431 2177 486 2203 sive
517 2177 649 2208 Scutario,
671 2177 746 2204 littus
760 2177 908 2205 Asiaticum
935 2178 972 2205 le-

188 2224 327 2256 gentibus,
357 2224 473 2250 occurrit
500 2223 614 2257 primum
656 2231 750 2258 pagus.
783 2224 829 2258 qui
858 2224 971 2251 Stauros

187 2270 290 2296 Grazcis
308 2269 417 2300 dicitur,
436 2270 468 2295 ab
482 2276 565 2295 aurea
582 2276 673 2300 cruce,
690 2276 772 2303 quam
790 2269 817 2295 in
835 2270 927 2304 templi
942 2271 974 2296 ab

189 2323 218 2342 se
230 2315 329 2342 ibidem
344 2313 562 2342 conditivertice
584 2313 779 2340 Constantinus
809 2314 920 2348 Magnus
933 2314 974 2340 iu-

187 2360 303 2395 signitcr
317 2366 441 2387 ornatam
462 2359 637 2386 constituisse
653 2358 820 2393 perhibetur.
844 2359 888 2385 Sic
900 2360 970 2385 enini

187 2406 286 2433 audire
303 2407 336 2433 de
352 2405 509 2433 Theodosio
525 2405 680 2440 Zygomala,
708 2404 882 2439 patriarchali
914 2412 975 2436 pro-

189 2452 337 2483 tonotario.
369 2452 445 2478 valde
476 2452 557 2478 docto
584 2450 641 2477 viro
677 2450 798 2477 memini.
833 2449 865 2477 Et
889 2450 974 2484 ipsius

190 2499 283 2532 templi
300 2498 394 2524 ruinas
405 2497 588 2532 amplissimas
600 2496 745 2530 aliquando
762 2503 825 2522 cum
856 2495 975 2522 admira-

190 2545 275 2576 tione,
305 2544 450 2572 comitibus
481 2543 647 2577 IIieronymo
670 2541 818 2572 Arconato,
835 2546 862 2567 et
890 2540 974 2567 Paulo

191 2590 273 2622 Iiosa,
287 2598 319 2617 ex
331 2599 363 2618 eo
380 2595 500 2624 tempore
525 2589 567 2623 pie
584 2592 700 2619 mortuo,
719 2587 785 2613 viris
814 2586 922 2621 optimis
949 2591 973 2613 et

190 2636 376 2667 amicissimis.
389 2636 493 2669 inspexi
507 2643 513 2661 :
527 2642 589 2662 cum
607 2634 715 2668 navigio
727 2632 875 2660 transvecti
893 2632 974 2658 Chal-

191 2682 372 2714 cedonem,in
402 2681 522 2715 Eutropii
550 2685 669 2715 portum,
694 2686 765 2706 terra
796 2678 893 2704 deinde
910 2685 974 2711 pro-

193 2729 359 2756 montorium
390 2728 555 2754 Damalicum
585 2725 697 2760 pedibus
737 2725 923 2754 emetiremur,
948 2724 974 2749 in

192 2783 247 2809 quo
257 2775 354 2801 rudera
368 2773 458 2808 templi
471 2778 571 2800 sanctae
586 2771 742 2806 Euphomia:
766 2769 882 2796 concilio
894 2769 974 2796 Chal-

194 2820 339 2848 cedononsi
359 2819 470 2850 nobilis,
486 2818 513 2845 in
541 2818 620 2844 horto
646 2816 763 2851 quodam
781 2818 931 2849 superant:
948 2819 975 2841 et

199 2867 232 2893 ad
249 2867 320 2893 hunc
333 2866 428 2893 deinde
445 2873 541 2900 pagum
554 2864 692 2896 Staurum,
710 2862 815 2898 aliaque
841 2863 897 2889 loca
914 2870 976 2897 pro—

201 2912 384 2947 mederentur.

749 188 946 219 PANDEC’I‘E
964 188 1063 218 HIST.
1083 189 1238 219 TURCIC.

166 253 243 275 vero,
260 250 344 278 quam
369 243 530 276 transjectus
547 244 591 271 hic
603 251 755 279 superetur,
786 246 904 272 OCCUlI‘Il
928 245 953 271 in
971 244 992 271 Α

1733 183 1790 214 8Ῑ3

1042 246 1061 272 A
1077 245 1175 272 Slauro
1202 246 1277 272 locus
1296 245 1321 271 in
1337 244 1440 279 Anaplo
1475 242 1525 278 (sic
1542 243 1613 269 enim
1637 241 1791 275 Itt‘lllll‘llll‘l'

1008 292 1131 319 historici
1144 292 1228 319 Graeci
1245 295 1342 318 vocant
1361 291 1416 318 lucc
1431 290 1464 317 ab
1482 294 1595 323 utroqm:
1624 288 1706 314 latore
1720 289 1788 316 ItIlﬂ.

1007 349 1066 375 quae
1084 348 1192 367 sursum
1213 340 1246 366 ad
1269 339 1402 366 Euxinum
1430 346 1504 365 mare
1519 337 1708 371 navigantibm
1727 343 1791 361 ron-

1007 386 1168 422 spiciuntur)
1186 387 1326 420 proximus
1342 391 1382 413 est
1394 385 1419 412 iu
1432 386 1526 412 eodem
1542 384 1661 410 Asiatico
1687 384 1789 408 littore.

1007 427 1321 466 moxmsteritfquondam
1349 430 1447 463 insigni
1477 429 1611 460 celebris,
1646 428 1691 461 qui
1718 435 1791 452 nunc

1007 478 1142 505 Akiniitos
1153 477 1254 504 Graecis
1267 477 1376 503 dicitur.
1396 475 1465 502 Olim
1483 475 1592 501 Akiniiti
1610 474 1789 500 vocabantur.

1007 523 1117 555 hoccst,
1141 522 1266 549 monachi
1293 520 1445 556 pervigiles,
1465 526 1589 554 totasque
1615 525 1707 545 noctes
1731 517 1790 544 sine

1007 575 1103 594 somno
1124 568 1250 600 precibus
1267 572 1292 593 et
1307 566 1415 601 hymnis
1429 565 1551 592 dicendis
1568 565 1717 599 exigentes.

1045 614 1083 639 Ah
1099 613 1216 640 Akimito
1241 612 1361 646 pergitur
1392 612 1424 638 ad
1448 611 1680 645 Clirysokerama,
1704 610 1790 637 locmu

1008 659 1041 685 ab
1055 659 1110 685 :edc
1118 667 1193 685 sacra
1205 659 1319 689 dictmu,
1336 658 1433 692 tegulis
1448 657 1512 684 olim
1527 657 1657 682 inauratis
1683 661 1792 682 ornata.

1043 704 1267 739 Chrysokeramis
1279 704 1398 731 vicinum
1410 709 1451 731 est
1462 702 1582 730 Anatolis
1605 702 1725 729 Castelli.
1748 702 1793 728 Sic

1009 752 1095 779 Crteci
1111 760 1180 778 nunc
1196 751 1288 778 inutile
1301 755 1410 782 vorant,
1426 753 1498 784 quod
1527 756 1632 784 Integre
1658 748 1793 775 diceretur

1009 798 1133 825 Anatolis
1147 797 1209 830 (hoc
1221 796 1365 829 est,Asi:e)
1382 796 1540 823 Castellion.
1564 796 1596 822 Et
1621 794 1701 829 paulo
1730 799 1794 820 ante

1011 844 1194 876 meminimus,
1207 844 1278 871 idem
1292 842 1390 871 Turcis
1404 843 1498 870 eodem
1516 841 1669 876 signiﬁcatu
1701 841 1792 868 vocari

1011 891 1125 918 Anadoli
1138 890 1244 917 Chisar.

1047 948 1121 974 L'ltra
1136 947 1282 974 Castellion
1297 946 1418 973 Anatolis
1449 950 1490 972 est
1504 943 1700 978 Megalocarya,
1712 942 1794 978 447

1012 994 1116 1027 magnis
1143 1001 1157 1019 a
1190 993 1307 1019 nucibus
1332 992 1462 1019 avellanis
1488 990 1679 1024 dicta:quam
1694 989 1795 1016 rectius

1012 1040 1097 1066 (ΕΓΗ-ἱ
1121 1039 1215 1066 volunt
1229 1039 1260 1065 ad
1274 1043 1383 1065 sanctos
1397 1039 1509 1073 angelos
1526 1038 1672 1069 nominari.

1049 1098 1135 1129 Supra
1165 1096 1378 1131 Megalocaryam
1404 1095 1571 1129 conspicitur
1600 1100 1677 1121 vetus
1702 1093 1796 1120 hieron

1014 1144 1061 1170 (κὶι-
1073 1148 1098 1168 et
1114 1141 1194 1168 Turri
1207 1149 1268 1168 cum
1282 1140 1383 1168 Graecis
1398 1140 1520 1175 vocant),
1532 1140 1557 1166 id
1568 1144 1619 1170 est.
1633 1139 1724 1165 fanum
1740 1138 1797 1164 sive

1015 1190 1156 1222 tt-mphim,
1183 1195 1197 1213 a
1221 1186 1401 1213 Constantino
1432 1186 1529 1220 Magno
1557 1185 1716 1212 conditum:
1742 1191 1798 1216 quo

1015 1240 1135 1266 littllpot'e
1154 1232 1280 1259 cnnfecto
1299 1232 1369 1258 bello
1382 1232 1509 1264 Gothico,
1531 1238 1659 1258 reversus
1687 1229 1748 1261 fuit.
1769 1234 1799 1255 ut

1015 1280 1099 1305 Grmt'l
1117 1286 1189 1305 nunc
1204 1279 1291 1305 aiunt.
1305 1278 1420 1305 Constat
1429 1284 1531 1309 tamen,
1548 1277 1600 1304 hoc
1614 1277 1679 1304 olim
1690 1284 1799 1310 quoque

1018 1328 1074 1351 Ιιιω
1101 1325 1185 1352 fuisse
1199 1324 1369 1359 temporibus
1387 1323 1587 1357 antiquissimis
1602 1323 1732 1356 templum
1748 1322 1799 1347 Ar-

1018 1376 1196 1400 gnuuutorum
1209 1371 1280 1405 quod
1291 1370 1456 1405 appellatum
1473 1369 1523 1396 fuit
1535 1368 1627 1396 hieron
1636 1368 1692 1395 sive
1703 1368 1795 1393 fanun‘

1018 1417 1090 1442 .lln'is
1107 1416 1173 1447 Urii.
1192 1416 1244 1443 hoc
1261 1421 1314 1447 est.
1333 1415 1472 1450 largientis
1490 1419 1584 1441 ventos
1596 1414 1740 1441 secundos.
1769 1411 1802 1439 Et

1020 1469 1110 1489 notum
1124 1466 1175 1494 est,
1192 1462 1286 1489 solitos
1300 1462 1479 1495 imperatores
1496 1460 1669 1488 Christianos
1697 1463 1802 1485 mutare

1020 1509 1119 1542 templa
1138 1515 1305 1543 paganorum
1324 1508 1350 1534 in
1366 1506 1452 1533 nostri
1470 1506 1538 1533 ritus
1552 1505 1707 1535 ccclesias..

1057 1566 1177 1592 Ulterius
1189 1564 1328 1591 castellum
1347 1563 1471 1597 Argyron
1486 1562 1569 1588 situm
1586 1565 1628 1588 est
1646 1560 1717 1594 quod
1733 1559 1802 1586 Cas-

1017 1612 1106 1638 taldus
1120 1611 1202 1638 etiam
1220 1610 1323 1645 posuit,
1335 1609 1461 1643 Algyrum
1477 1615 1588 1635 vocans.

1052 1670 1189 1697 Hactenus
1209 1670 1236 1695 in
1255 1667 1385 1697 Aslalico.
1402 1666 1460 1693 sive
1485 1666 1581 1693 dextro
1597 1663 1692 1698 Anapli
1706 1664 1804 1695 latere.

1018 1717 1067 1744 sita
1081 1717 1136 1742 loca
1150 1714 1363 1742 numeravimus.
1382 1712 1461 1739 Nunc
1484 1712 1553 1739 idem
1571 1712 1622 1738 iter
1636 1711 1670 1737 ab
1688 1711 1743 1737 imo
1762 1717 1805 1736 re-

1019 1762 1137 1797 petituri.
1160 1762 1236 1788 Iittus
1258 1760 1417 1794 Enropaeuru
1434 1759 1556 1792 legamus
1573 1758 1606 1784 ad
1632 1757 1737 1788 laevam,
1754 1755 1804 1782 do-

1018 1815 1067 1835 nec
1081 1807 1174 1834 itidem
1193 1806 1225 1832 ad
1254 1805 1354 1832 ostium
1374 1804 1455 1831 Ponti
1474 1803 1574 1830 Euxini
1601 1802 1804 1836 perveniamus.

1054 1863 1146 1898 Itaque
1166 1862 1260 1890 Galata
1272 1860 1427 1888 Ceratinum
1439 1860 1473 1886 ad
1489 1859 1578 1886 sinum
1592 1858 1696 1886 reiirta.
1713 1863 1803 1884 trans-

1019 1910 1137 1937 eundum
1169 1908 1258 1943 primo
1287 1905 1517 1941 promontorium,
1540 1905 1630 1931 saraio
1652 1903 1803 1933 sultauino.

1020 1965 1034 1983 c
1055 1955 1165 1990 regione
1180 1958 1256 1981 trans
1266 1952 1356 1980 sinum
1368 1955 1511 1978 cornutum
1530 1951 1594 1982 sito,
1612 1949 1801 1984 respondens:

1021 2008 1046 2029 et
1063 2009 1124 2028 mox
1143 2000 1310 2027 oﬂ'eret'sese
1324 1997 1460 2031 Caruvoli,
1474 1997 1550 2024 locus
1572 1995 1646 2022 omni
1665 1995 1803 2022 variorum

1021 2047 1197 2075 :cdiﬂciorum
1209 2051 1235 2073 et
1245 2046 1386 2073 hortorutn
1397 2044 1515 2074 cultura.
1529 2050 1562 2070 ne
1573 2041 1680 2076 templis
1697 2040 1805 2075 quidem

1022 2093 1145 2121 Turcicis
1158 2091 1358 2123 deﬁcientibus.
1381 2089 1610 2117 amcenissimus:
1625 2088 1671 2115 ubi
1685 2088 1806 2115 diverso-

1023 2141 1094 2167 rium
1111 2139 1269 2174 Anglicana:
1294 2137 1393 2172 reginae
1419 2136 1509 2171 legato
1539 2136 1710 2167 assignatum
1737 2139 1806 2165 erat,

1024 2194 1085 2213 cum
1111 2192 1160 2212 nos
1190 2184 1252 2211 istic
1277 2190 1411 2210 essemus.
1436 2181 1538 2209 Ibidem
1567 2180 1645 2208 Julia:
1673 2180 1809 2206 Pescenia:

1029 2239 1146 2257 marmor
1158 2230 1280 2257 Cra-cum
1294 2228 1586 2264 estelegantisslmum.
1597 2227 1676 2260 cujus
1693 2226 1809 2259 inscrip-

992 2262 1012 2287 ί)
1029 2276 1128 2302 tionem
1146 2275 1288 2302 habemus.

1061 2331 1186 2359 Caravoli
1203 2330 1341 2366 proximus
1357 2333 1404 2356 est
1420 2328 1495 2355 locus
1512 2334 1526 2353 a
1545 2325 1574 2352 S.
1597 2326 1694 2352 Phoco).
1709 2326 1809 2359 templo

1026 2376 1190 2404 Christianis
1207 2375 1368 2410 appellatus,
1387 2373 1526 2401 Ortachioi
1553 2371 1661 2399 Turcis.
1687 2371 1808 2398 Archin‘n

1027 2423 1124 2458 priscis
1140 2422 1241 2449 dictum
1259 2420 1341 2448 refert
1359 2419 1474 2454 Gyllius.

1063 2479 1137 2506 Ultra
1156 2478 1184 2505 S.
1210 2476 1329 2504 Pliocam
1351 2474 1537 2509 Archangelus
1551 2478 1603 2505 est,
1630 2473 1706 2500 locus
1723 2474 1760 2500 sic
1778 2474 1810 2499 nl»

1027 2524 1187 2559 archangelo
1199 2523 1326 2550 Michaele
1334 2523 1434 2549 dictus.
1449 2520 1560 2547 Veteres
1581 2521 1748 2554 Catasrcpen
1763 2528 1811 2545 no-

1027 2572 1157 2601 minasse,
1171 2574 1242 2604 patet
1253 2577 1285 2595 es
1301 2569 1343 2595 his
1360 2567 1461 2594 Niccta:
1479 2567 1567 2594 verbis
1592 2576 1599 2594 :
1616 2566 1809 2593 Moxzastcritnu

1028 2618 1052 2643 in
1070 2616 1147 2644 Ponti
1166 2615 1374 2645 faucibusloco.
1390 2614 1436 2647 qui
1457 2613 1603 2646 Calasccpc
1638 2613 1745 2642 dicitur,
1762 2620 1811 2636 ox-

1026 2662 1127 2689 struxit
1143 2660 1298 2687 arcliiducis
1313 2658 1452 2685 Michaelis
1475 2657 1595 2683 nomine.
1617 2655 1719 2682 Vocant
1740 2664 1811 2681 num:

1027 2709 1109 2736 etiam
1126 2706 1210 2735 Graeci
1225 2706 1387 2736 Asomatou,
1400 2709 1542 2738 propterea
1563 2702 1635 2737 quod
1648 2701 1735 2736 angeli
1751 2709 1809 2727 cor-

1028 2755 1102 2790 poris
1122 2757 1246 2788 cxpertes
1258 2751 1324 2778 sint.

1062 2812 1126 2838 Inde
1146 2809 1303 2844 pervenitur
1318 2807 1351 2834 ad
1380 2805 1582 2841 Diplokionion,
1605 2805 1644 2833 sic
1663 2805 1765 2831 dictum
1795 2812 1811 2831 a

1028 2858 1144 2893 genuinis
1158 2857 1304 2888 columnis,
1331 2856 1403 2888 quod
1419 2853 1500 2880 Turci
1522 2853 1653 2885 Bcsictas,
1672 2855 1754 2880 veluti
1774 2854 1812 2878 l.l-

1030 2905 1117 2940 pidem
1135 2912 1266 2932 cunarum
1283 2907 1388 2930 vorant.
1400 2902 1438 2929 Ibi
1454 2907 1706 2928 mounmcntnmest
1722 2903 1814 2935 sepul-
