4018 6474
402 339 505 403 821

1566 334 1968 398 I’ANBECTE
2010 284 2211 409 11151;.
2247 336 2548 398 TURClC.

3531 334 3637 394 82$!

401 475 508 511 nec
536 454 821 521 proiectae,
852 453 897 505 si
928 451 1155 523 quidem
1190 467 1317 507 vena
1344 464 1591 511 narrant.
1626 454 1787 511 Certe
1819 452 1966 521 quod
1996 453 2043 508 Α
2072 450 2223 517 niad,
2259 464 2442 504 comes
2478 448 2853 525 Bistricensis,
2883 464 2941 505 st‘
2967 450 3056 506 die
3092 448 3341 520 Augusti.
3377 447 3509 502 Eunt
3542 448 3631 499 dc-

396 548 587 605 statim
609 546 858 615 sequitur
877 545 947 601 de
973 553 1154 602 statua
1172 547 1410 615 equestri
1431 546 1641 603 ahenea
1666 546 1967 610 destructa,

396 656 515 703 qua
539 640 682 710 pesti
705 639 1006 709 praelusus
1036 638 1203 695 fuerit
1226 639 1285 694 in
1304 639 1499 695 urbem
1529 638 1746 696 aditus:
1776 654 1967 709 super-

398 733 630 789 stitiosis
666 732 837 788 videri
861 741 1050 803 posset
1100 733 1345 803 aliquam
1367 732 1566 790 mereri
1611 733 1793 799 tidem,
1847 749 1969 789 cum

408 826 634 896 singulis
653 826 897 883 anuisea
921 842 1070 885 nunc
1102 825 1247 883 {cede
1287 827 1571 883 mensibus
1600 826 1806 883 :estivis
1835 826 1967 881 cali-

411 918 647 974 dioribus
668 927 975 988 grassetur.
1005 916 1125 985 Qua
1155 934 1259 975 nos
1286 919 1430 975 istuc
1486 927 1662 977 astate
1694 919 1965 985 venimus,

396 1013 780 1082 absumpsisse
810 1013 1133 1069 credebatur
1163 1015 1311 1070 inter
1338 1023 1577 1084 quatuor
1611 1026 1828 1068 menses
1862 1011 1975 1066 bo-.

393 1106 608 1160 tuinum
632 1107 703 1160 ad
771 1106 1006 1164 150000.
1041 1106 1152 1163 Nec
1194 1122 1341 1164 anno
1379 1107 1628 1178 sequenti
1678 1106 1967 1177 pauciores

393 1197 751 1253 insederunt.

600 1313 726 1368 131.
762 1312 977 1382 Sittrige
1024 1313 1453 1384 Sphetigradum,
1487 1314 1725 1385 Splmia.

467 1429 635 1489 Duxit
663 1429 716 1483 in
747 1430 1028 1485 Albaniam
1082 1432 1266 1501 copias
1293 1431 1661 1489 Mucbemetes
1695 1437 1964 1489 adversus

392 1520 776 1576 lsi-henderem
828 1525 1041 1592 begum,
1096 1525 1212 1579 sive
1272 1523 1563 1598 Georgium
1608 1527 1961 1582 Castriotem.

394 1613 611 1683 Siurige
639 1612 825 1679 lingua
877 1614 1106 1669 'l‘nrcica
1152 1616 1425 1685 signiﬁcat
1483 1634 1663 1673 arcem
1723 1632 1961 1677 acutam.

392 1704 569 1760 Grmci
629 1708 872 1762 dicerent
923 1708 1291 1781 Oxypyrgion.
1348 1711 1620 1767 Laonicus
1676 1711 1960 1783 Spbetiam

2072 542 2307 611 ploravit
2338 542 2431 596 Fr.
2465 540 2703 599 Joannes
2723 542 2792 598 de
2814 542 3159 613 Capistrano,
3198 540 3463 594 Huniadis
3485 555 3634 593 com-

2073 634 2279 689 millto:
2308 654 2326 686 σ
2359 635 2539 702 Salve,
2563 637 2781 691 aureola
2806 636 2951 701 caeli,
2972 650 3095 705 quae
3114 634 3382 699 cecidisti,
3406 648 3628 688 corona.

2071 725 2238 796 Regni
2292 730 2556 783 exstincta
2599 745 2659 784 es
2692 730 2935 786 lucerna.
2993 726 3153 784 Orbis
3196 736 3516 797 corruptum
3570 740 3630 782 es

2071 820 2375 887 speculum,
2396 820 2450 875 in
2473 835 2581 891 quo
2603 836 2701 876 nos
2727 821 2932 877 diutius
2955 820 3227 889 inspicere
3255 819 3632 889 sperabamus,

2069 922 2123 965 et
2150 912 2262 967 alii.
2291 911 2445 969 Nunc
2481 925 2539 968 tu
2578 902 2795 969 devicto
2837 912 3062 969 inimico
3101 911 3412 980 triumphas
3447 926 3629 966 coram

2070 1004 2178 1059 Deo
2195 1014 2248 1059 et
2263 1005 2489 1075 angelis,
2504 1020 2537 1059 ο
2559 1005 2696 1060 bone
2719 1005 2974 1062 Joannes.
2990 1024 3009 1057 ι
3036 1003 3179 1079 Sane
3199 1020 3362 1075 quam
3393 1005 3628 1070 fortiter,

2067 1108 2120 1151 et
2156 1098 2447 1151 immortali
2478 1112 2601 1151 cum
2630 1098 2793 1154 laude
2821 1113 2944 1165 sua,
2991 1099 3045 1152 bi
3091 1100 3196 1153 duo
3227 1114 3285 1154 se
3321 1108 3629 1168 gesserunt,

2070 1189 2171 1243 hoc
2208 1189 2610 1259 propugnaculo
2640 1186 3074 1245 Christianorum
3125 1190 3484 1267 defendendo,
3517 1189 3631 1243 liu-

1988 1326 1992 1332 .
2070 1280 2257 1335 niades
2282 1289 2337 1335 et
2364 1278 2747 1350 Capistrauus,
2777 1283 3083 1336 monachus
3113 1281 3327 1335 ordinis
3361 1279 3630 1335 Prardicu-

2066 1382 2270 1431 torum,
2300 1371 2482 1427 clarus
2521 1374 2576 1427 in
2608 1372 2860 1429 historiis
2895 1371 3163 1428 Volonutn
3194 1387 3359 1427 cruce
3387 1373 3628 1442 signato-

2067 1480 2187 1516 rum
2232 1463 2365 1527 dux,
2429 1465 2521 1534 qui
2574 1474 2855 1520 mortuum
2890 1448 3197 1527 Huniadem
3256 1478 3461 1534 paucos
3490 1464 3627 1516 intra

2066 1554 2184 1611 dies
2209 1566 2429 1613 secutus
2456 1557 2968 1613 iuit.Muchemetes
2996 1558 3052 1613 in
3083 1556 3486 1627 oppugnatione
3544 1556 3631 1608 die
3703 1601 3715 1613 .

2064 1648 2124 1701 21
2159 1646 2311 1712 Julii,
2335 1649 2492 1720 cujus
2517 1648 2859 1705 Ebendorius
2894 1650 3168 1716 meminit,
3199 1649 3381 1703 lethaii
3405 1655 3633 1716 accepto

2065 1739 2313 1803 vulnere,
2344 1738 2429 1792 vix
2484 1739 2773 1795 incolumis
2801 1740 2994 1796 evasit.
3052 1738 3279 1796 Obsidio
3317 1740 3493 1795 soluta
3528 1739 3630 1793 fuit

400 1810 560 1901 ἶφι-ιιι
605 1802 920 1901 appellatam
939 1820 989 1901 -ιι-
1022 1804 1741 1901 Barletio_Sphetigradunt,
1773 1808 1955 1881 lingua
1991 1816 2149 1884 B-die
2200 1830 2233 1883 6
2269 1830 2519 1900 Augusti,
2555 1846 2715 1901 quem
2751 1830 2996 1887 calixtus
3028 1829 3093 1885 Ill
3134 1830 3375 1900 pontifex
3438 1831 3628 1887 haberi

403 1892 903 1965 Siavouicahquam
937 1895 1091 1959 idem,
1112 1913 1141 1951 a
1168 1896 1329 1970 Croja
1360 1898 1568 1955 distare
1609 1900 1678 1955 58
1712 1901 1962 1959 milliari-

404 1983 505 2038 lttts
537 1985 631 2038 aii.

394 2104 521 2159 152.
555 2106 725 2172 Noae,
772 2105 947 2171 Nora,
968 2104 1283 2178 ﬂuvograd.
1336 2106 1519 2163 Novus
1552 2124 1700 2163 mons
1735 2108 1964 2174 Rescire,

960 2176 1009 2230 Ν
1013 2176 1224 2249 εορείτῃὶ
1232 2195 1340 2232 unt.

457 2288 611 2345 Neve
640 2290 926 2347 Croatiset
961 2290 1241 2347 Serriauis
1268 2272 1641 2363 dicitur;iqn:n
1673 2295 1761 2351 hic
1808 2294 1961 2353 Nova

395 2384 731 2449 norninatur,
792 2386 1049 2454 oppidum
1104 2387 1305 2441 Serviat
1351 2388 1509 2455 cujus
1559 2397 1689 2441 tunc
1732 2389 1958 2456 ιιυςνυιε

389 2476 661 2547 Georgius
686 2477 865 2533 adhuc
898 2490 1181 2547 superstes
1207 2489 1352 2535 erat:
1387 2481 1480 2535 sed
1505 2496 1613 2536 non
1642 2482 1811 2536 multo
1835 2493 1958 2551 post

390 2571 648 2637 moritur,
672 2570 967 2641 impetrata
990 2586 1122 2641 pace
1150 2588 1181 2627 a
1200 2573 1418 2628 sultano
1443 2573 1803 2636 Muchemete,
1823 2575 1960 2632 ﬁlio-

387 2679 496 2733 que
527 2663 758 2723 minimo
774 2674 904 2719 natu
924 2664 1151 2730 Lazaro,
1175 2680 1495 2723 successore
1518 2676 1641 2736 post
1657 2684 1715 2721 se
1741 2666 1955 2723 relicto.

390 2755 721 2811 Notavimus
766 2769 931 2822 supra
997 2770 1119 2824 cap.
1188 2755 1313 2820 itii,
1384 2755 1765 2828 Novogradum
1813 2773 1961 2813 nunc

388 2852 547 2922 vulgo
575 2851 708 2917 dici,
740 2849 891 2920 quod
931 2866 1113 2909 arcem
1166 2865 1361 2905 novam
1389 2850 1824 2921 signiticat,.uon
1850 2866 1955 2908 no.-

389 2961 512 3003 wm
539 2954 806 3005 montem,
838 2952 903 2999 ιιι·
929 2944 1212 3000 Bonﬂnius
1241 2945 1656 3014 interpretatur,
1696 2946 1823 3000 dum
1856 2961 1955 3002 no-

389 3054 513 3093 uam
557 3045 796 3092 montem
830 3035 1040 3091 Rosciae
1083 3046 1264 3095 vocat.
1316 3037 1474 3106 Apud
1519 3026 1817 3095 Laonlcum
1847 3037 1953 3095 No-

2067 1922 2267 1978 festum
2290 1938 2355 1979 es
2380 1939 2447 1980 eo
2504 1932 2753 1996 tempore
2777 1926 2950 1981 voluit
2988 1926 3091 1982 sub
3126 1927 3347 1982 nomine
3387 1926 3628 1982 Transii-

2066 2016 2372 2085 gurationis
2422 2015 2628 2072 Christi
2672 2036 2686 2071 :
2723 2017 2870 2084 quod
2917 2026 3096 2073 tamen
3145 2018 3343 2075 festum
3401 2019 3493 2097 illo
3546 2020 3633 2073 die

2065 2109 2251 2163 multis
2277 2117 2404 2164 ante
2427 2111 2645 2167 seculis
2699 2109 2874 2167 Graeci
2901 2112 3180 2168 celebrare
3207 2123 3629 2178 consueverant,

2063 2202 2399 2270 appellantes
2469 2203 2525 2258 id
2590 2218 2803 2258 sacram
2865 2213 3110 2259 sanctam
3170 2206 3627 2273 metamorphosin

2064 2292 2279 2347 Domini
2301 2304 2357 2350 et
2386 2293 2503 2359 Dei,
2536 2293 2955 2368 Servatorisque
3000 2297 3200 2362 nostri,
3240 2295 3367 2352 Jesu
3399 2295 3625 2352 Christi.

2060 2408 2184 2462 154.
2213 2407 2314 2461 Dai
2333 2406 2560 2465 Camtse
2578 2409 2769 2476 Bassa,
2795 2409 3075 2477 Bonﬁuius
3102 2419 3152 2463 et
3182 2407 3630 2482 Cltalcocondylcs

2707 2481 2994 2534 eutendati.

2131 2567 2229 2623 iiic
2255 2569 2425 2627 Bassa
2450 2571 2695 2628 Boniinio
2713 2570 2941 2629 Caracia
2979 2586 3225 2636 vocatur,
3286 2573 3625 2628 Cbalcocon—

2058 2659 2165 2731 dyli
2185 2659 2488 2719 Caratzies.
2524 2664 2754 2734 Europa
2788 2679 2855 2720 ne
2883 2666 3173 2736 beglcrbus
3193 2666 3377 2728 fuerit,
3402 2682 3467 2718 an
3486 2664 3631 2718 Ana-

2058 2752 2223 2817 toliaz,
2257 2769 2364 2809 non
2387 2755 2707 2824 exprimitur
2731 2757 2783 2809 in
2808 2757 3129 2811 Annalibus.
3158 2756 3424 2812 Laonicns
3450 2767 3628 2811 tamen

2057 2844 2258 2901 diserte
2288 2848 2482 2902 ducem
2519 2846 2752 2917 Europm
2782 2849 3051 2915 nominat,
3108 2866 3174 2904 ex
3207 2865 3317 2920 quo
3346 2851 3629 2919 corrigen-

2058 2935 2159 2990 dus
2188 2935 2489 3002 Boniinius,
2522 2939 2613 3007 qui
2637 2940 2779 2995 Asiae
2797 2941 2987 2995 ducem
3017 2939 3145 2996 fecit
3179 2958 3192 3006 ;
3219 2956 3404 2996 errore
3437 2941 3626 2995 consi-

2056 3030 2171 3084 mili
2205 3047 2328 3088 cum
2356 3048 2444 3097 eo,
2475 3050 2635 3102 quem
2676 3051 2838 3104 supra
2863 3051 3090 3089 numero
3149 3034 3249 3091 106
3280 3036 3347 3090 de
3376 3035 3629 3090 Cltasane

387 3145 684 3202 zopyr‘um
708 3129 961 3199 legimus,
980 3144 1079 3198 pro
1093 3142 1203 3199 quo
1228 3127 1572 3200 Neopyrgum
1597 3145 1952 3200 reponemus,
1982 3167 2029 3230 α
2058 3122 2224 3230 1ἰοεεῖ
2244 3127 2569 3230 notavimus.
2593 3125 2785 3230 .Vcl‘bfl
2809 3126 3026 3182 Laonici
3063 3129 3173 3182 hate
3203 3140 3362 3230 sunt:
3396 3127 3625 3197 Europae

388 3239 585 3281 nomen
617 3222 671 3278 id
697 3221 903 3281 Graecis
918 3238 1147 3288 sonans,
1170 3225 1319 3293 quod
1342 3223 1594 3280 Venedis.
1637 3223 1952 3296 Novograd.

386 3317 592 3372 ibidem
614 3316 843 3387 margini
866 3318 1160 3385 ascriptum
1184 3315 1566 3373 Novobardum
1620 3320 1957 3377 mutabimus

394 3412 450 3460 in
497 3407 897 3478 Novogrsdum,
942 3409 1027 3465 vel
1064 3410 1246 3479 potius
1288 3408 1696 3480 Novogradum.
1748 3413 1838 3469 Ait
1868 3413 1956 3469 hic

403 3499 667 3556 hinniens
712 3519 967 3572 magnum
993 3517 1115 3561 esse
1164 3505 1360 3559 metalli
1394 3515 1739 3570 proventum,
1793 3515 1847 3561 et
1876 3506 1955 3561 al-

411 3595 647 3645 tueutem
690 3596 938 3666 Oppidum
977 3595 1277 3660 Moravam.
1318 3596 1458 3653 Istro
1511 3596 1753 3655 misceri.
1813 3596 1953 3655 San-

403 3685 543 3752 μετιεῖ
570 3700 707 3743 nunc
731 3692 891 3743 sedes
916 3699 1022 3756 est,
1043 3687 1211 3745 Budm
1235 3689 1561 3759 beglerbego
1585 3689 1813 3745 subditi.

454 3822 574 3881 133.
612 3824 863 3897 Belgi-adi
892 3825 970 3881 vel
998 3825 1144 3881 Alba:
1175 3824 1369 3882 (ἵν-ωερε
1402 3828 1631 3883 secunda
1655 3827 1879 3884 obsidia.

465 3940 536 3993 De
566 3941 829 4011 Belgrado
853 3950 907 3996 et
956 3940 1185 3995 Muratis
1216 3940 1500 3996 obsidione
1551 3940 1757 3996 dictum
1792 3948 1950 3995 antea

388 4050 616 4093 numero
644 4035 770 4090 100.
802 4034 955 4090 Nnnc
976 4035 1175 4088 iterum
1190 4035 1418 4089 obsessa
1454 4034 1555 4087 fuit
1588 4050 1617 4088 a
1641 4033 1950 4091 Mucheme-

389 4138 439 4182 te
482 4112 707 4187 Muralis
740 4128 873 4191 lilio,
918 4128 1010 4198 qui
1039 4143 1159 4182 eam
1193 4128 1469 4195 repetebat
1506 4124 1863 4195 abUngaris,
1894 4133 1955 4181 ut

387 4224 689 4277 membrum
710 4221 913 4278 Servis:
942 4236 1086 4275 nunc
1100 4221 1186 4275 sui
1205 4222 1345 4283 iuris
1366 4219 1593 4277 eii‘ectaa.
1619 4219 1686 4274 de
1706 4234 1954 4291 quapro-

385 4317 491 4371 lise
517 4325 809 4375 tractatum
830 4314 1072 4370 indicato
1102 4312 1300 4382 capite.
1334 4312 1408 4367 De
1432 4315 1531 4368 bac
1559 4311 1844 4367 obsidione
1868 4329 1953 4368 se-

382 4409 560 4464 cunda
592 4409 833 4463 Thomas
861 4406 1229 4469 Ebendorius,
1290 4407 1341 4460 in
1373 4407 1676 4463 Austriacis
1728 4407 1954 4464 Annali-

2060 3216 2165 3270 dux
2185 3216 2484 3284 Caratzies,
2514 3219 2606 3284 qui
2629 3219 2794 3289 gloria
2814 3229 2865 3275 et
2889 3222 3084 3276 virtute
3111 3221 3407 3275 excellebat
3434 3237 3625 3276 omnes

2057 3310 2157 3380 qui
2184 3312 2346 3382 regiis
2370 3313 2421 3367 in
2455 3313 2639 3384 januis
2675 3316 3003 3381 militabant,
3037 3315 3103 3369 ab
3145 3316 3435 3385 oppidanis
3463 3316 3625 3369 bom-

2057 3402 2239 3459 bardae
2276 3405 2434 3474 globo
2458 3407 2598 3462 ictus
2630 3410 2907 3466 occubuit.
2932 3409 3066 3463 Eum
3090 3425 3182 3464 rex
3213 3409 3623 3481 (Mnchemetcs)

2056 3496 2284 3550 multum
2312 3497 2546 3567 lugebat.
2580 3498 2675 3553 llis
2701 3502 2883 3556 verbis
2913 3502 3074 3555 etiam
3115 3501 3306 3555 mortis
3337 3517 3509 3570 genus
3543 3501 3626 3553 in-

2054 3591 2289 3657 dicatur,
2313 3607 2422 3662 quo
2450 3593 2630 3660 periit.
2665 3593 2721 3648 in
2755 3593 3040 3648 obsidione
3074 3608 3201 3647 vero
3235 3593 3625 3647 Constantino-

2056 3681 2296 3750 politana
2319 3691 2573 3752 corrupte
2618 3700 2815 3740 nomen
2888 3684 3049 3752 hujus
3098 3685 3369 3740 Saratzics
3405 3686 3624 3754 legitur,

2053 3784 2155 3839 pro
2181 3786 2289 3840 quo
2317 3773 2687 3841 reponendum
2747 3773 3050 3828 Caralzies.
3090 3774 3222 3829 Huic
3257 3776 3418 3829 etiam
3458 3776 3623 3843 porti—

2054 3872 2146 3916 net
2178 3862 2268 3917 ille
2332 3863 2553 3918 Laouici
2581 3865 2733 3919 locus
2786 3864 2853 3918 de
2884 3867 3284 3936 oppugnatione
3343 3867 3611 3938 Bclgradi,

2053 3961 2340 4024 excerptus
2360 3963 2413 4008 et
2439 3954 2754 4009 emendatus
2786 3971 2970 4025 supra,
3000 3973 3115 4025 rap.
3154 3956 3243 4018 72,

2413 4046 2537 4102 £35.
2570 4047 2679 4101 Rea:
2713 4046 2929 4103 Resina:
2979 4047 3293 4120 Stephanus.

2126 4133 2201 4191 De
2250 4133 2569 4193 Semendria
2629 4137 2870 4192 diximus
2917 4153 3039 4209 cap.
3089 4141 3178 4203 99,
3224 4140 3618 4198 Bozinacornm

2053 4230 2207 4298 origo
2239 4228 2516 4286 declarata
2546 4229 2748 4298 legitur
2774 4232 2955 4301 capite
3012 4232 3104 4288 £9.
3164 4233 3438 4303 Dtlplicem
3499 4250 3624 4292 esse

2055 4322 2336 4387 Bozinam,
2369 4321 2659 4377 docuimus
2685 4325 2863 4392 capite
2889 4323 2979 4379 95.
3002 4323 3104 4391 Qui
3163 4326 3373 4382 liozinas
3419 4345 3507 4382 rex
3533 4329 3624 4383 hic

2055 4424 2412 4478 memoratur,
2442 4414 2752 4483 Stephanus
2778 4425 2913 4479 erat,
2934 4414 3001 4470 de
3019 4432 3127 4486 quo
3145 4418 3297 4485 plura
3324 4434 3430 4472 non
3456 4422 3623 4475 multo

383 4498 485 4553 bus
518 4500 661 4564 suis,
691 4501 806 4556 hac
838 4499 1058 4552 retulit:
1094 4499 1250 4553 Anno
1291 4498 1449 4561 1455,
1489 4496 1701 4553 Turcus
1729 4498 1951 4555 Μειεῐιυο
1982 4509 2027 4564 D
2056 4516 2195 4575 pest.
2228 4504 2278 4559 is
2306 4516 2500 4575 sponte
2541 4521 2639 4562 sua
2689 4505 3016 4561 deditionem
3072 4506 3402 4563 Semendrize
3430 4510 3622 4565 fecisse

382 4601 493 4649 inet
515 4594 774 4650 secundis
802 4595 976 4655 elatus
1012 4595 1267 4658 fortunis,
1301 4594 1583 4661 despotam
1631 4592 1948 4664 Georgium,

379 4686 587 4743 itania:
616 4688 944 4758 principem,
973 4689 1025 4742 in
1055 4688 1365 4743 suisterris
1399 4687 1672 4741 hostiliter
1720 4687 1947 4750 invasit,

376 4790 432 4835 et
472 4779 627 4847 plura
662 4780 943 4840 hominum
978 4782 1145 4836 millia
1175 4782 1469 4836 crudeliter
1508 4781 1780 4835 abduxit.
1809 4777 1949 4835 Hinc

374 4884 433 4928 et
486 4876 712 4943 despota
752 4890 944 4945 versus
977 4873 1295 4944 Ungariam,
1353 4877 1419 4929 ad
1456 4875 1648 4929 Albam
1680 4875 1946 4939 Grascam,

376 4984 509 5021 cum
536 4968 653 5023 suis
668 4969 892 5025 secretis
914 4982 974 5023 se
996 4968 1247 5029 contulit,
1266 4966 1437 5039 M9
1453 4980 1761 5037 terramque
1792 4984 1945 5022 suam

376 5062 785 5128 gubernandam
806 5060 1006 5123 Joauni
1035 5061 1358 5124 deiiuniad,
1390 5058 1640 5130 Ungariae
1678 5062 1948 5130 guberna-

377 5155 502 5215 tori.
518 5155 659 5214 ,duut
693 5154 954 5213 Viennam
975 5154 1062 5225 (ad
1089 5154 1423 5209 Fridericum
1449 5154 1516 5207 IV
1536 5155 1944 5224 imperatoreu'.)

374 5247 1101 5317 pergeret..commendavit.
1140 5246 1267 5301 lude
1295 5247 1666 5308 Nandoraiba,
1694 5247 1858 5315 janua
1892 5259 1947 5302 ct

375 5340 634 5395 clausura
683 5339 834 5409 regni
893 5336 1164 5408 Πυθίη-ξίν,
1195 5338 1478 5393 obsidetur
1534 5353 1563 5391 a
1610 5336 1944 5402 Mallumeto,

374 5443 522 5482 anno
572 5427 731 5496 1456,
786 5430 1196 5500 oppugnatione
1251 5431 1520 5487 acerrima
1556 5429 1699 5484 facta
1755 5431 1840 5483 die
1870 5430 1936 5484 21

373 5521 527 5586 Julii,
556 5537 682 5577 cum
716 5523 867 5592 prius
895 5523 997 5578 hoc
1026 5525 1079 5577 in
1130 5522 1322 5578 itinere
1347 5532 1587 5577 castrum
1618 5522 1676 5576 S.
1709 5523 1945 5578 Andron:

374 5613 530 5681 (Nota
550 5595 1114 5684 margini‘ascriptum
1148 5629 1343 5668 nomen
1369 5612 1761 5681 Senderovraz),
1797 5615 1941 5682 quod

375 5715 493 5759 erat
541 5703 761 5775 Georgii
802 5707 1066 5775 despotm,
1126 5722 1417 5776 aggressus
1464 5708 1739 5762 incassum
1802 5707 1940 5759 litis-

374 5807 476 5853 set.
538 5797 753 5873 Sulula
785 5796 1096 5861 obsidione,
1159 5811 1406 5851 ttturtuus
1441 5797 1674 5854 Joannes
1730 5800 1792 5854 dc
1825 5797 1931 5853 llu—

2055 4609 2328 4657 narratur.
2355 4615 2518 4668 quam
2545 4614 2575 4653 a
2621 4611 2801 4654 morte
2832 4599 3009 4656 soceri
3051 4613 3433 4671 occupaverat.
3493 4604 3623 4658 Erat

2063 4701 2242 4744 autem
2284 4705 2421 4743 uxor
2451 4690 2577 4765 huic
2642 4689 2835 4746 Lazari
2883 4691 3197 4747 Buicovitzii
3232 4694 3362 4759 lilia,
3400 4694 3619 4765 Georgii

2049 4783 2287 4851 despolre
2315 4782 2515 4849 neptis,
2553 4783 3014 4850 quemadmodum
3046 4784 3098 4839 in
3132 4786 3451 4856 genealogis
3485 4785 3617 4841 Bul-

2049 4874 2402 4929 covitziorum
2433 4873 2610 4942 capite
2633 4872 2703 4926 54
2756 4872 3137 4930 indicavimus.
3161 4873 3468 4946 Etapparet
3496 4878 3620 4932 him:

2049 4968 2313 5023 Lazarum
2338 4964 2542 5020 Serviat
2568 4964 2849 5035 despotam
2908 4966 3141 5039 Georgio
3174 4972 3337 5038 patri,
3370 4957 3464 5040 qui
3499 4970 3619 5026 diu-

2045 5062 2255 5115 tissime
2284 5060 2548 5127 regnavit,
2584 5072 2691 5110 non
2724 5057 2815 5111 diu
2838 5061 3184 5129 superstitem
3217 5060 3408 5118 fuisse.

2050 5174 2178 5230 156.
2205 5172 2560 5229 Tarabosanis
2597 5172 2884 5296 imperati"
2908 5191 2942 5228 α
3007 5173 3330 5231 Huchemete
3390 5178 3617 5232 secundo

2742 5259 2822 5296 vtc
2850 5259 2931 5296 us.

2742 5259 2931 5298 υιειω.

2118 5333 2190 5387 De
2221 5333 2551 5392 Castamone
2578 5336 2786 5391 dictum
2822 5335 2999 5405 capite
3028 5336 3119 5392 66.
3175 5339 3405 5410 Sinopes
3451 5342 3615 5395 etiam

2044 5426 2300 5497 frequens
2329 5428 2590 5484 hactenus
2654 5426 2796 5482 facta
2837 5429 3068 5482 mentio.
3128 5429 3352 5486 Novella
3418 5431 3617 5489 Leonis

2045 5520 2410 5586 imperatoris,
2470 5521 2795 5588 cognomine
2865 5518 3156 5589 Sapientis,
3239 5522 3614 5592 episcopatum

2047 5616 2399 5684 Sinopensem
2437 5612 2746 5669 Amasiana:
2779 5613 3062 5682 metropoli
3126 5613 3347 5683 subjicit
3378 5616 3432 5669 in
3460 5614 3616 5672 llelc-

2048 5716 2311 5775 nopouto.
2338 5704 2636 5775 Pordapam
2681 5706 2786 5759 dici
2820 5705 2983 5759 tradit
3021 5703 3310 5773 Laouicus,
3347 5722 3488 5762 novo
3517 5723 3617 5761 v0-

2047 5798 2258 5863 t-abulo,
2288 5797 2410 5851 licet
2439 5798 2525 5852 bic
2546 5798 2601 5851 in
2630 5796 2931 5854 Annalibus
2956 5812 3144 5864 parum
3173 5810 3383 5855 mutato
3418 5802 3607 5860 vctcri,
