  <div class='ocr_page' id='page_1' title='image "/cluster/home/n/w/nwhite01/storage/ocr_20150623/159/coo.31924054870641/420.png"; bbox 0 0 4018 6422; ppageno 0'>
   <div class='ocr_carea' id='block_1_1' title="bbox 295 360 406 424">
    <p class='ocr_par' dir='ltr' id='par_1_1' title="bbox 295 360 406 424">
     <span class='ocr_line' id='line_1_1' title="bbox 295 360 406 424; baseline 0.009 -1"><span class='ocrx_word' id='word_1_1' title='bbox 295 360 406 424; x_wconf 51' lang='grc' dir='ltr'>ἥῦ</span> 
     </span>
    </p>
   </div>
   <div class='ocr_carea' id='block_1_2' title="bbox 1460 356 2453 423">
    <p class='ocr_par' dir='ltr' id='par_1_2' title="bbox 1460 356 2453 423">
     <span class='ocr_line' id='line_1_2' title="bbox 1460 356 2453 423; baseline 0.001 -3"><span class='ocrx_word' id='word_1_2' title='bbox 1460 357 1860 420; x_wconf 69' lang='grc' dir='ltr'><strong>ΡΑΝΟΕΟΤΕ</strong></span> <span class='ocrx_word' id='word_1_3' title='bbox 1896 356 2103 421; x_wconf 80' lang='lat' dir='ltr'><strong>illST.</strong></span> <span class='ocrx_word' id='word_1_4' title='bbox 2145 362 2453 423; x_wconf 81' lang='lat' dir='ltr'><strong>TURCIC.</strong></span> 
     </span>
    </p>
   </div>
   <div class='ocr_carea' id='block_1_3' title="bbox 3461 328 3572 421">
    <p class='ocr_par' dir='ltr' id='par_1_3' title="bbox 3461 328 3572 421">
     <span class='ocr_line' id='line_1_3' title="bbox 3461 328 3572 421; baseline 0.009 -2"><span class='ocrx_word' id='word_1_5' title='bbox 3461 328 3572 421; x_wconf 63' lang='lat'><strong>$26</strong></span> 
     </span>
    </p>
   </div>
   <div class='ocr_carea' id='block_1_4' title="bbox 291 472 3565 547">
    <p class='ocr_par' dir='ltr' id='par_1_4' title="bbox 291 472 3565 547">
     <span class='ocr_line' id='line_1_4' title="bbox 291 472 3565 547; baseline -0.002 -14"><span class='ocrx_word' id='word_1_6' title='bbox 291 497 415 533; x_wconf 63' lang='lat' dir='ltr'><strong>esse</strong></span> <span class='ocrx_word' id='word_1_7' title='bbox 446 472 726 532; x_wconf 67' lang='lat' dir='ltr'><strong>solvendis</strong></span> <span class='ocrx_word' id='word_1_8' title='bbox 756 476 989 530; x_wconf 81' lang='lat' dir='ltr'><strong>messit:e</strong></span> <span class='ocrx_word' id='word_1_9' title='bbox 1011 491 1127 531; x_wconf 65' lang='lat' dir='ltr'><strong>suae</strong></span> <span class='ocrx_word' id='word_1_10' title='bbox 1167 492 1342 542; x_wconf 64' lang='lat' dir='ltr'><strong>norm,</strong></span> <span class='ocrx_word' id='word_1_11' title='bbox 1374 478 1625 547; x_wconf 84' lang='lat' dir='ltr'><strong>singulos</strong></span> <span class='ocrx_word' id='word_1_12' title='bbox 1649 478 1702 532; x_wconf 89' lang='lat' dir='ltr'><strong>in</strong></span> <span class='ocrx_word' id='word_1_13' title='bbox 1730 477 1869 540; x_wconf 87' lang='lat' dir='ltr'><strong>dies,</strong></span> <span class='ocrx_word' id='word_1_14' title='bbox 1902 480 1946 534; x_wconf 74' lang='grc' dir='ltr'><strong>Α</strong></span> <span class='ocrx_word' id='word_1_15' title='bbox 1974 490 2102 543; x_wconf 83' lang='lat' dir='ltr'><strong>que,</strong></span> <span class='ocrx_word' id='word_1_16' title='bbox 2132 489 2191 533; x_wconf 90' lang='lat' dir='ltr'><strong>ut</strong></span> <span class='ocrx_word' id='word_1_17' title='bbox 2234 490 2410 534; x_wconf 80' lang='lat' dir='ltr'><strong>nostri</strong></span> <span class='ocrx_word' id='word_1_18' title='bbox 2450 495 2710 536; x_wconf 81' lang='lat' dir='ltr'><strong>numeros</strong></span> <span class='ocrx_word' id='word_1_19' title='bbox 2749 494 3017 533; x_wconf 86' lang='lat' dir='ltr'><strong>annorum</strong></span> <span class='ocrx_word' id='word_1_20' title='bbox 3053 478 3120 532; x_wconf 85' lang='lat' dir='ltr'><strong>ad</strong></span> <span class='ocrx_word' id='word_1_21' title='bbox 3186 476 3338 531; x_wconf 87' lang='lat' dir='ltr'><strong>initia</strong></span> <span class='ocrx_word' id='word_1_22' title='bbox 3397 478 3565 531; x_wconf 81' lang='lat' dir='ltr'><strong>bello-</strong></span> 
     </span>
    </p>
   </div>
   <div class='ocr_carea' id='block_1_5' title="bbox 287 568 1873 641">
    <p class='ocr_par' dir='ltr' id='par_1_5' title="bbox 287 568 1873 641">
     <span class='ocr_line' id='line_1_5' title="bbox 287 568 1873 641; baseline -0.003 -14"><span class='ocrx_word' id='word_1_23' title='bbox 287 573 470 641; x_wconf 71' lang='lat' dir='ltr'><strong>aspris</strong></span> <span class='ocrx_word' id='word_1_24' title='bbox 504 568 654 623; x_wconf 81' lang='lat' dir='ltr'><strong>mille</strong></span> <span class='ocrx_word' id='word_1_25' title='bbox 685 585 699 623; x_wconf 90' lang='lat'>:</span> <span class='ocrx_word' id='word_1_26' title='bbox 730 586 850 638; x_wconf 79' lang='lat' dir='ltr'><strong>qua:</strong></span> <span class='ocrx_word' id='word_1_27' title='bbox 870 586 1108 633; x_wconf 79' lang='lat' dir='ltr'><strong>summa,</strong></span> <span class='ocrx_word' id='word_1_28' title='bbox 1137 573 1465 637; x_wconf 82' lang='lat' dir='ltr'><strong>computatis</strong></span> <span class='ocrx_word' id='word_1_29' title='bbox 1494 587 1593 641; x_wconf 92' lang='lat' dir='ltr'><strong>pro</strong></span> <span class='ocrx_word' id='word_1_30' title='bbox 1656 585 1766 623; x_wconf 90' lang='lat' dir='ltr'><strong>uno</strong></span> <span class='ocrx_word' id='word_1_31' title='bbox 1793 579 1873 622; x_wconf 83' lang='lat' dir='ltr'><strong>ta-</strong></span> 
     </span>
    </p>
   </div>
   <div class='ocr_carea' id='block_1_6' title="bbox 287 663 1870 732">
    <p class='ocr_par' dir='ltr' id='par_1_6' title="bbox 287 663 1870 732">
     <span class='ocr_line' id='line_1_6' title="bbox 287 663 1870 732; baseline -0.004 -11"><span class='ocrx_word' id='word_1_32' title='bbox 287 669 404 721; x_wconf 66' lang='lat' dir='ltr'><strong>lvro</strong></span> <span class='ocrx_word' id='word_1_33' title='bbox 435 663 770 718; x_wconf 69' lang='lat' dir='ltr'><strong>Germanico</strong></span> <span class='ocrx_word' id='word_1_34' title='bbox 792 665 968 730; x_wconf 78' lang='lat' dir='ltr'><strong>asptis</strong></span> <span class='ocrx_word' id='word_1_35' title='bbox 990 664 1079 725; x_wconf 64' lang='grc' dir='ltr'><strong>ΑΟ,</strong></span> <span class='ocrx_word' id='word_1_36' title='bbox 1135 663 1379 732; x_wconf 73' lang='lat' dir='ltr'><strong>quotidie</strong></span> <span class='ocrx_word' id='word_1_37' title='bbox 1436 664 1500 716; x_wconf 88' lang='lat' dir='ltr'><strong>ad</strong></span> <span class='ocrx_word' id='word_1_38' title='bbox 1547 663 1616 716; x_wconf 73' lang='grc'><strong>25</strong></span> <span class='ocrx_word' id='word_1_39' title='bbox 1670 664 1870 718; x_wconf 80' lang='lat' dir='ltr'><strong>taleros</strong></span> 
     </span>
    </p>
   </div>
   <div class='ocr_carea' id='block_1_7' title="bbox 292 755 1873 826">
    <p class='ocr_par' dir='ltr' id='par_1_7' title="bbox 292 755 1873 826">
     <span class='ocr_line' id='line_1_7' title="bbox 292 755 1873 826; baseline -0.003 -14"><span class='ocrx_word' id='word_1_40' title='bbox 292 757 560 812; x_wconf 56' lang='lat' dir='ltr'><strong>(accrescit</strong></span> <span class='ocrx_word' id='word_1_41' title='bbox 590 774 604 810; x_wconf 89' lang='lat'><strong>:</strong></span> <span class='ocrx_word' id='word_1_42' title='bbox 634 756 688 809; x_wconf 90' lang='lat' dir='ltr'><strong>itt</strong></span> <span class='ocrx_word' id='word_1_43' title='bbox 723 771 898 810; x_wconf 90' lang='lat' dir='ltr'><strong>annos</strong></span> <span class='ocrx_word' id='word_1_44' title='bbox 954 770 1084 809; x_wconf 79' lang='lat' dir='ltr'><strong>vero</strong></span> <span class='ocrx_word' id='word_1_45' title='bbox 1133 757 1399 826; x_wconf 81' lang='lat' dir='ltr'><strong>singulos,</strong></span> <span class='ocrx_word' id='word_1_46' title='bbox 1462 772 1625 825; x_wconf 89' lang='lat' dir='ltr'><strong>supra</strong></span> <span class='ocrx_word' id='word_1_47' title='bbox 1684 755 1873 809; x_wconf 73' lang='lat' dir='ltr'><strong>novies</strong></span> 
     </span>
    </p>
   </div>
   <div class='ocr_carea' id='block_1_8' title="bbox 307 849 1875 918">
    <p class='ocr_par' dir='ltr' id='par_1_8' title="bbox 307 849 1875 918">
     <span class='ocr_line' id='line_1_8' title="bbox 307 849 1875 918; baseline -0.004 -11"><span class='ocrx_word' id='word_1_48' title='bbox 307 853 455 915; x_wconf 85' lang='lat' dir='ltr'><strong>mile,</strong></span> <span class='ocrx_word' id='word_1_49' title='bbox 485 859 711 904; x_wconf 87' lang='lat' dir='ltr'><strong>centum</strong></span> <span class='ocrx_word' id='word_1_50' title='bbox 743 850 949 905; x_wconf 86' lang='lat' dir='ltr'><strong>taleros</strong></span> <span class='ocrx_word' id='word_1_51' title='bbox 983 850 1148 903; x_wconf 84' lang='lat' dir='ltr'><strong>cﬂicit</strong></span> <span class='ocrx_word' id='word_1_52' title='bbox 1182 850 1424 918; x_wconf 74' lang='lat' dir='ltr'><strong>:quibus</strong></span> <span class='ocrx_word' id='word_1_53' title='bbox 1468 849 1606 902; x_wconf 85' lang='lat' dir='ltr'><strong>alios</strong></span> <span class='ocrx_word' id='word_1_54' title='bbox 1658 865 1875 902; x_wconf 86' lang='lat' dir='ltr'><strong>annuos</strong></span> 
     </span>
    </p>
   </div>
   <div class='ocr_carea' id='block_1_9' title="bbox 304 927 1873 1010">
    <p class='ocr_par' dir='ltr' id='par_1_9' title="bbox 304 927 1873 1010">
     <span class='ocr_line' id='line_1_9' title="bbox 304 927 1873 1010; baseline -0.003 -13"><span class='ocrx_word' id='word_1_55' title='bbox 304 945 498 997; x_wconf 77' lang='lat' dir='ltr'><strong>reditus</strong></span> <span class='ocrx_word' id='word_1_56' title='bbox 560 927 626 995; x_wconf 79' lang='lat' dir='ltr'><strong>ad</strong></span> <span class='ocrx_word' id='word_1_57' title='bbox 665 957 935 995; x_wconf 81' lang='lat' dir='ltr'><strong>summam</strong></span> <span class='ocrx_word' id='word_1_58' title='bbox 991 941 1225 1005; x_wconf 77' lang='lat'><strong>150,000</strong></span> <span class='ocrx_word' id='word_1_59' title='bbox 1272 944 1597 995; x_wconf 77' lang='lat' dir='ltr'><strong>duraturum</strong></span> <span class='ocrx_word' id='word_1_60' title='bbox 1656 940 1873 1010; x_wconf 82' lang='lat' dir='ltr'><strong>adjecit.</strong></span> 
     </span>
    </p>
   </div>
   <div class='ocr_carea' id='block_1_10' title="bbox 293 1034 1877 1103">
    <p class='ocr_par' dir='ltr' id='par_1_10' title="bbox 293 1034 1877 1103">
     <span class='ocr_line' id='line_1_10' title="bbox 293 1034 1877 1103; baseline -0.003 -13"><span class='ocrx_word' id='word_1_61' title='bbox 293 1036 664 1092; x_wconf 84' lang='lat' dir='ltr'><strong>Esltisaraiutn</strong></span> <span class='ocrx_word' id='word_1_62' title='bbox 684 1050 818 1089; x_wconf 83' lang='lat' dir='ltr'><strong>voce</strong></span> <span class='ocrx_word' id='word_1_63' title='bbox 835 1034 1181 1103; x_wconf 80' lang='lat' dir='ltr'><strong>signiﬁcante</strong></span> <span class='ocrx_word' id='word_1_64' title='bbox 1199 1051 1258 1088; x_wconf 87' lang='lat' dir='ltr'><strong>sa</strong></span> <span class='ocrx_word' id='word_1_65' title='bbox 1269 1037 1441 1089; x_wconf 89' lang='lat' dir='ltr'><strong>raium</strong></span> <span class='ocrx_word' id='word_1_66' title='bbox 1460 1045 1631 1094; x_wconf 81' lang='lat' dir='ltr'><strong>vetus,</strong></span> <span class='ocrx_word' id='word_1_67' title='bbox 1651 1035 1702 1086; x_wconf 88' lang='lat' dir='ltr'><strong>in</strong></span> <span class='ocrx_word' id='word_1_68' title='bbox 1724 1034 1877 1086; x_wconf 91' lang='lat' dir='ltr'><strong>urbis</strong></span> 
     </span>
    </p>
   </div>
   <div class='ocr_carea' id='block_1_11' title="bbox 289 1129 1878 1185">
    <p class='ocr_par' dir='ltr' id='par_1_11' title="bbox 289 1129 1878 1185">
     <span class='ocr_line' id='line_1_11' title="bbox 289 1129 1878 1185; baseline 0.001 -3"><span class='ocrx_word' id='word_1_69' title='bbox 289 1129 593 1184; x_wconf 76' lang='lat' dir='ltr'><strong>meditullio</strong></span> <span class='ocrx_word' id='word_1_70' title='bbox 613 1129 777 1183; x_wconf 88' lang='lat' dir='ltr'><strong>situm</strong></span> <span class='ocrx_word' id='word_1_71' title='bbox 798 1138 914 1185; x_wconf 71' lang='lat' dir='ltr'><strong>est:</strong></span> <span class='ocrx_word' id='word_1_72' title='bbox 938 1131 1075 1183; x_wconf 77' lang='lat' dir='ltr'><strong>sicut</strong></span> <span class='ocrx_word' id='word_1_73' title='bbox 1095 1132 1286 1184; x_wconf 88' lang='lat' dir='ltr'><strong>etulim</strong></span> <span class='ocrx_word' id='word_1_74' title='bbox 1303 1130 1499 1184; x_wconf 81' lang='lat' dir='ltr'><strong>ibidem</strong></span> <span class='ocrx_word' id='word_1_75' title='bbox 1522 1132 1573 1183; x_wconf 92' lang='lat' dir='ltr'><strong>in</strong></span> <span class='ocrx_word' id='word_1_76' title='bbox 1597 1129 1746 1184; x_wconf 83' lang='lat' dir='ltr'><strong>urbis</strong></span> <span class='ocrx_word' id='word_1_77' title='bbox 1762 1140 1878 1180; x_wconf 79' lang='lat' dir='ltr'><strong>om-</strong></span> 
     </span>
    </p>
   </div>
   <div class='ocr_carea' id='block_1_12' title="bbox 288 1222 1878 1291">
    <p class='ocr_par' dir='ltr' id='par_1_12' title="bbox 288 1222 1878 1291">
     <span class='ocr_line' id='line_1_12' title="bbox 288 1222 1878 1291; baseline 0.001 -16"><span class='ocrx_word' id='word_1_78' title='bbox 288 1224 449 1289; x_wconf 85' lang='lat' dir='ltr'><strong>pban</strong></span> <span class='ocrx_word' id='word_1_79' title='bbox 462 1223 544 1277; x_wconf 82' lang='lat' dir='ltr'><strong>vel</strong></span> <span class='ocrx_word' id='word_1_80' title='bbox 567 1222 823 1275; x_wconf 81' lang='lat' dir='ltr'><strong>umbilico</strong></span> <span class='ocrx_word' id='word_1_81' title='bbox 839 1223 1138 1291; x_wconf 81' lang='lat' dir='ltr'><strong>priscarum</strong></span> <span class='ocrx_word' id='word_1_82' title='bbox 1161 1234 1276 1277; x_wconf 88' lang='lat' dir='ltr'><strong>erat</strong></span> <span class='ocrx_word' id='word_1_83' title='bbox 1299 1225 1684 1291; x_wconf 77' lang='lat' dir='ltr'><strong>imperatorum</strong></span> <span class='ocrx_word' id='word_1_84' title='bbox 1704 1223 1848 1287; x_wconf 70' lang='lat' dir='ltr'><strong>regia</strong></span> <span class='ocrx_word' id='word_1_85' title='bbox 1864 1261 1878 1276; x_wconf 92' lang='lat'><strong>.</strong></span> 
     </span>
    </p>
   </div>
   <div class='ocr_carea' id='block_1_13' title="bbox 288 1308 1897 1385">
    <p class='ocr_par' dir='ltr' id='par_1_13' title="bbox 288 1308 1897 1385">
     <span class='ocr_line' id='line_1_13' title="bbox 288 1308 1897 1385; baseline 0 -17"><span class='ocrx_word' id='word_1_86' title='bbox 288 1315 493 1370; x_wconf 70' lang='lat' dir='ltr'><strong>Vasilia</strong></span> <span class='ocrx_word' id='word_1_87' title='bbox 515 1326 571 1368; x_wconf 88' lang='lat' dir='ltr'><strong>ta</strong></span> <span class='ocrx_word' id='word_1_88' title='bbox 596 1315 801 1385; x_wconf 68' lang='lat' dir='ltr'><strong>megala</strong></span> <span class='ocrx_word' id='word_1_89' title='bbox 822 1316 994 1370; x_wconf 70' lang='lat' dir='ltr'><strong>Graeci</strong></span> <span class='ocrx_word' id='word_1_90' title='bbox 1022 1316 1296 1383; x_wconf 91' lang='lat' dir='ltr'><strong>quondam</strong></span> <span class='ocrx_word' id='word_1_91' title='bbox 1325 1315 1698 1370; x_wconf 75' lang='lat' dir='ltr'><strong>nominabant.</strong></span> <span class='ocrx_word' id='word_1_92' title='bbox 1721 1308 1897 1368; x_wconf 41' lang='lat' dir='ltr'><strong>Nttnc&#39;</strong></span> 
     </span>
    </p>
   </div>
   <div class='ocr_carea' id='block_1_14' title="bbox 290 1406 1882 1477">
    <p class='ocr_par' dir='ltr' id='par_1_14' title="bbox 290 1406 1882 1477">
     <span class='ocr_line' id='line_1_14' title="bbox 290 1406 1882 1477; baseline -0.003 -16"><span class='ocrx_word' id='word_1_93' title='bbox 290 1410 378 1461; x_wconf 87' lang='lat' dir='ltr'><strong>illa</strong></span> <span class='ocrx_word' id='word_1_94' title='bbox 429 1406 813 1477; x_wconf 79' lang='lat' dir='ltr'><strong>gyna-conitidi</strong></span> <span class='ocrx_word' id='word_1_95' title='bbox 856 1406 1145 1459; x_wconf 67' lang='lat' dir='ltr'><strong>sultanina:</strong></span> <span class='ocrx_word' id='word_1_96' title='bbox 1181 1407 1452 1473; x_wconf 75' lang='lat' dir='ltr'><strong>praecipue</strong></span> <span class='ocrx_word' id='word_1_97' title='bbox 1495 1406 1681 1469; x_wconf 74' lang='lat' dir='ltr'><strong>servit,</strong></span> <span class='ocrx_word' id='word_1_98' title='bbox 1704 1406 1882 1474; x_wconf 87' lang='lat' dir='ltr'><strong>spatio</strong></span> 
     </span>
    </p>
   </div>
   <div class='ocr_carea' id='block_1_15' title="bbox 288 1484 1876 1567">
    <p class='ocr_par' dir='ltr' id='par_1_15' title="bbox 288 1484 1876 1567">
     <span class='ocr_line' id='line_1_15' title="bbox 288 1484 1876 1567; baseline -0.001 -15"><span class='ocrx_word' id='word_1_99' title='bbox 288 1500 479 1565; x_wconf 75' lang='lat' dir='ltr'><strong>sat-aii,</strong></span> <span class='ocrx_word' id='word_1_100' title='bbox 499 1484 1011 1561; x_wconf 76' lang='lat' dir='ltr'><strong>rationccircuiius,</strong></span> <span class='ocrx_word' id='word_1_101' title='bbox 1031 1502 1095 1551; x_wconf 87' lang='lat' dir='ltr'><strong>ad</strong></span> <span class='ocrx_word' id='word_1_102' title='bbox 1118 1497 1227 1551; x_wconf 93' lang='lat' dir='ltr'><strong>duo</strong></span> <span class='ocrx_word' id='word_1_103' title='bbox 1259 1513 1513 1567; x_wconf 79' lang='lat' dir='ltr'><strong>passuum</strong></span> <span class='ocrx_word' id='word_1_104' title='bbox 1565 1498 1732 1551; x_wconf 84' lang='lat' dir='ltr'><strong>millia</strong></span> <span class='ocrx_word' id='word_1_105' title='bbox 1782 1514 1876 1551; x_wconf 76' lang='lat' dir='ltr'><strong>cx-</strong></span> 
     </span>
    </p>
   </div>
   <div class='ocr_carea' id='block_1_16' title="bbox 292 1588 1881 1661">
    <p class='ocr_par' dir='ltr' id='par_1_16' title="bbox 292 1588 1881 1661">
     <span class='ocr_line' id='line_1_16' title="bbox 292 1588 1881 1661; baseline 0 -20"><span class='ocrx_word' id='word_1_106' title='bbox 292 1604 566 1661; x_wconf 81' lang='lat' dir='ltr'><strong>porrecto.</strong></span> <span class='ocrx_word' id='word_1_107' title='bbox 588 1590 830 1644; x_wconf 82' lang='lat' dir='ltr'><strong>Jadicula</strong></span> <span class='ocrx_word' id='word_1_108' title='bbox 855 1590 1092 1659; x_wconf 85' lang='lat' dir='ltr'><strong>denique</strong></span> <span class='ocrx_word' id='word_1_109' title='bbox 1111 1588 1453 1656; x_wconf 82' lang='lat' dir='ltr'><strong>PrOpontidis</strong></span> <span class='ocrx_word' id='word_1_110' title='bbox 1476 1589 1526 1642; x_wconf 91' lang='lat' dir='ltr'><strong>iu</strong></span> <span class='ocrx_word' id='word_1_111' title='bbox 1548 1588 1728 1642; x_wconf 83' lang='lat' dir='ltr'><strong>littore</strong></span> <span class='ocrx_word' id='word_1_112' title='bbox 1747 1603 1881 1642; x_wconf 86' lang='lat' dir='ltr'><strong>con-</strong></span> 
     </span>
    </p>
   </div>
   <div class='ocr_carea' id='block_1_17' title="bbox 292 1681 1878 1749">
    <p class='ocr_par' dir='ltr' id='par_1_17' title="bbox 292 1681 1878 1749">
     <span class='ocr_line' id='line_1_17' title="bbox 292 1681 1878 1749; baseline -0.004 -12"><span class='ocrx_word' id='word_1_113' title='bbox 292 1688 409 1739; x_wconf 85' lang='lat' dir='ltr'><strong>dita</strong></span> <span class='ocrx_word' id='word_1_114' title='bbox 424 1693 531 1749; x_wconf 84' lang='lat' dir='ltr'><strong>est,</strong></span> <span class='ocrx_word' id='word_1_115' title='bbox 549 1684 613 1736; x_wconf 90' lang='lat' dir='ltr'><strong>ad</strong></span> <span class='ocrx_word' id='word_1_116' title='bbox 638 1681 1048 1736; x_wconf 79' lang='lat' dir='ltr'><strong>meridionalem</strong></span> <span class='ocrx_word' id='word_1_117' title='bbox 1068 1689 1121 1735; x_wconf 86' lang='lat' dir='ltr'><strong>et</strong></span> <span class='ocrx_word' id='word_1_118' title='bbox 1143 1681 1536 1735; x_wconf 80' lang='lat' dir='ltr'><strong>occidentalem</strong></span> <span class='ocrx_word' id='word_1_119' title='bbox 1562 1696 1625 1749; x_wconf 89' lang='lat' dir='ltr'><strong>pa</strong></span> <span class='ocrx_word' id='word_1_120' title='bbox 1636 1681 1760 1734; x_wconf 90' lang='lat' dir='ltr'><strong>rtitn</strong></span> <span class='ocrx_word' id='word_1_121' title='bbox 1784 1696 1878 1731; x_wconf 81' lang='lat' dir='ltr'><strong>ur—</strong></span> 
     </span>
    </p>
   </div>
   <div class='ocr_carea' id='block_1_18' title="bbox 294 1773 1873 1845">
    <p class='ocr_par' dir='ltr' id='par_1_18' title="bbox 294 1773 1873 1845">
     <span class='ocr_line' id='line_1_18' title="bbox 294 1773 1873 1845; baseline -0.004 -15"><span class='ocrx_word' id='word_1_122' title='bbox 294 1776 382 1830; x_wconf 90' lang='lat' dir='ltr'><strong>bis</strong></span> <span class='ocrx_word' id='word_1_123' title='bbox 397 1774 679 1845; x_wconf 86' lang='lat' dir='ltr'><strong>angulum.</strong></span> <span class='ocrx_word' id='word_1_124' title='bbox 707 1789 899 1828; x_wconf 75' lang='lat' dir='ltr'><strong>versus</strong></span> <span class='ocrx_word' id='word_1_125' title='bbox 919 1773 1152 1827; x_wconf 75' lang='lat' dir='ltr'><strong>Auream</strong></span> <span class='ocrx_word' id='word_1_126' title='bbox 1181 1784 1413 1841; x_wconf 88' lang='lat' dir='ltr'><strong>portam,</strong></span> <span class='ocrx_word' id='word_1_127' title='bbox 1481 1788 1626 1827; x_wconf 91' lang='lat' dir='ltr'><strong>nunc</strong></span> <span class='ocrx_word' id='word_1_128' title='bbox 1655 1773 1873 1841; x_wconf 85' lang='lat' dir='ltr'><strong>quidem</strong></span> 
     </span>
    </p>
   </div>
   <div class='ocr_carea' id='block_1_19' title="bbox 299 1866 1874 1938">
    <p class='ocr_par' dir='ltr' id='par_1_19' title="bbox 299 1866 1874 1938">
     <span class='ocr_line' id='line_1_19' title="bbox 299 1866 1874 1938; baseline -0.004 -16"><span class='ocrx_word' id='word_1_129' title='bbox 299 1868 664 1938; x_wconf 82' lang='lat' dir='ltr'><strong>superstitem,</strong></span> <span class='ocrx_word' id='word_1_130' title='bbox 696 1868 789 1922; x_wconf 92' lang='lat' dir='ltr'><strong>sed</strong></span> <span class='ocrx_word' id='word_1_131' title='bbox 815 1868 1151 1922; x_wconf 87' lang='lat' dir='ltr'><strong>obstructatn</strong></span> <span class='ocrx_word' id='word_1_132' title='bbox 1181 1876 1384 1931; x_wconf 75' lang='lat' dir='ltr'><strong>tamen,</strong></span> <span class='ocrx_word' id='word_1_133' title='bbox 1409 1881 1472 1920; x_wconf 87' lang='lat' dir='ltr'><strong>ac</strong></span> <span class='ocrx_word' id='word_1_134' title='bbox 1506 1882 1699 1921; x_wconf 76' lang='lat' dir='ltr'><strong>versus</strong></span> <span class='ocrx_word' id='word_1_135' title='bbox 1722 1866 1874 1919; x_wconf 82' lang='lat' dir='ltr'><strong>urbis</strong></span> 
     </span>
    </p>
   </div>
   <div class='ocr_carea' id='block_1_20' title="bbox 305 1958 1873 2030">
    <p class='ocr_par' dir='ltr' id='par_1_20' title="bbox 305 1958 1873 2030">
     <span class='ocr_line' id='line_1_20' title="bbox 305 1958 1873 2030; baseline -0.002 -16"><span class='ocrx_word' id='word_1_136' title='bbox 305 1970 589 2015; x_wconf 69' lang='lat' dir='ltr'><strong>terrestres</strong></span> <span class='ocrx_word' id='word_1_137' title='bbox 604 1958 760 2030; x_wconf 65' lang='grc'><strong>45],</strong></span> <span class='ocrx_word' id='word_1_138' title='bbox 789 1975 975 2014; x_wconf 86' lang='lat' dir='ltr'><strong>muros</strong></span> <span class='ocrx_word' id='word_1_139' title='bbox 1016 1976 1031 2013; x_wconf 90' lang='lat'><strong>:</strong></span> <span class='ocrx_word' id='word_1_140' title='bbox 1065 1975 1171 2029; x_wconf 86' lang='lat' dir='ltr'><strong>qua</strong></span> <span class='ocrx_word' id='word_1_141' title='bbox 1203 1959 1257 2013; x_wconf 92' lang='lat' dir='ltr'><strong>itt</strong></span> <span class='ocrx_word' id='word_1_142' title='bbox 1283 1958 1598 2023; x_wconf 85' lang='lat' dir='ltr'><strong>Tbraciam,</strong></span> <span class='ocrx_word' id='word_1_143' title='bbox 1624 1958 1873 2013; x_wconf 74' lang='lat' dir='ltr'><strong>Mact&#39;do-</strong></span> 
     </span>
    </p>
   </div>
   <div class='ocr_carea' id='block_1_21' title="bbox 297 2048 1871 2118">
    <p class='ocr_par' dir='ltr' id='par_1_21' title="bbox 297 2048 1871 2118">
     <span class='ocr_line' id='line_1_21' title="bbox 297 2048 1871 2118; baseline -0.002 -13"><span class='ocrx_word' id='word_1_144' title='bbox 297 2053 473 2117; x_wconf 87' lang='lat' dir='ltr'><strong>niam,</strong></span> <span class='ocrx_word' id='word_1_145' title='bbox 505 2051 815 2105; x_wconf 84' lang='lat' dir='ltr'><strong>universam</strong></span> <span class='ocrx_word' id='word_1_146' title='bbox 846 2050 1084 2118; x_wconf 83' lang='lat' dir='ltr'><strong>denique</strong></span> <span class='ocrx_word' id='word_1_147' title='bbox 1114 2048 1378 2104; x_wconf 62' lang='lat' dir='ltr'><strong>Greciam</strong></span> <span class='ocrx_word' id='word_1_148' title='bbox 1412 2050 1536 2104; x_wconf 87' lang='lat' dir='ltr'><strong>itur.</strong></span> <span class='ocrx_word' id='word_1_149' title='bbox 1568 2049 1661 2105; x_wconf 88' lang='lat' dir='ltr'><strong>Sic</strong></span> <span class='ocrx_word' id='word_1_150' title='bbox 1691 2061 1871 2103; x_wconf 90' lang='lat' dir='ltr'><strong>autem</strong></span> 
     </span>
    </p>
   </div>
   <div class='ocr_carea' id='block_1_22' title="bbox 289 2142 1869 2215">
    <p class='ocr_par' dir='ltr' id='par_1_22' title="bbox 289 2142 1869 2215">
     <span class='ocr_line' id='line_1_22' title="bbox 289 2142 1869 2215; baseline -0.003 -16"><span class='ocrx_word' id='word_1_151' title='bbox 289 2144 561 2215; x_wconf 87' lang='lat' dir='ltr'><strong>appellata</strong></span> <span class='ocrx_word' id='word_1_152' title='bbox 596 2143 792 2196; x_wconf 83' lang='lat' dir='ltr'><strong>Turcis</strong></span> <span class='ocrx_word' id='word_1_153' title='bbox 817 2153 955 2196; x_wconf 84' lang='lat' dir='ltr'><strong>esta</strong></span> <span class='ocrx_word' id='word_1_154' title='bbox 989 2142 1093 2197; x_wconf 89' lang='lat' dir='ltr'><strong>ledi</strong></span> <span class='ocrx_word' id='word_1_155' title='bbox 1120 2154 1172 2198; x_wconf 89' lang='lat' dir='ltr'><strong>et</strong></span> <span class='ocrx_word' id='word_1_156' title='bbox 1227 2142 1385 2209; x_wconf 87' lang='lat' dir='ltr'><strong>Cula,</strong></span> <span class='ocrx_word' id='word_1_157' title='bbox 1441 2158 1674 2211; x_wconf 85' lang='lat' dir='ltr'><strong>quorum</strong></span> <span class='ocrx_word' id='word_1_158' title='bbox 1738 2143 1869 2195; x_wconf 89' lang='lat' dir='ltr'><strong>illud</strong></span> 
     </span>
    </p>
   </div>
   <div class='ocr_carea' id='block_1_23' title="bbox 290 2233 1870 2307">
    <p class='ocr_par' dir='ltr' id='par_1_23' title="bbox 290 2233 1870 2307">
     <span class='ocr_line' id='line_1_23' title="bbox 290 2233 1870 2307; baseline -0.002 -18"><span class='ocrx_word' id='word_1_159' title='bbox 290 2248 367 2294; x_wconf 73' lang='lat' dir='ltr'><strong>cst</strong></span> <span class='ocrx_word' id='word_1_160' title='bbox 382 2247 620 2307; x_wconf 86' lang='lat' dir='ltr'><strong>septem,</strong></span> <span class='ocrx_word' id='word_1_161' title='bbox 653 2237 756 2291; x_wconf 85' lang='lat' dir='ltr'><strong>ltoc</strong></span> <span class='ocrx_word' id='word_1_162' title='bbox 773 2236 1003 2289; x_wconf 85' lang='lat' dir='ltr'><strong>turrium</strong></span> <span class='ocrx_word' id='word_1_163' title='bbox 1022 2235 1472 2306; x_wconf 76' lang='lat' dir='ltr'><strong>signiﬁcationem</strong></span> <span class='ocrx_word' id='word_1_164' title='bbox 1493 2234 1673 2290; x_wconf 83' lang='lat' dir='ltr'><strong>habet.</strong></span> <span class='ocrx_word' id='word_1_165' title='bbox 1700 2233 1870 2289; x_wconf 63' lang='lat' dir='ltr'><strong>Graeci</strong></span> 
     </span>
    </p>
   </div>
   <div class='ocr_carea' id='block_1_24' title="bbox 296 2318 1873 2400">
    <p class='ocr_par' dir='ltr' id='par_1_24' title="bbox 296 2318 1873 2400">
     <span class='ocr_line' id='line_1_24' title="bbox 296 2318 1873 2400; baseline -0.004 -15"><span class='ocrx_word' id='word_1_166' title='bbox 296 2318 435 2386; x_wconf 82' lang='lat' dir='ltr'><strong>intnc</strong></span> <span class='ocrx_word' id='word_1_167' title='bbox 472 2329 878 2400; x_wconf 77' lang='lat' dir='ltr'><strong>Heptapyrgion</strong></span> <span class='ocrx_word' id='word_1_168' title='bbox 916 2328 1127 2393; x_wconf 88' lang='lat' dir='ltr'><strong>dicunt,</strong></span> <span class='ocrx_word' id='word_1_169' title='bbox 1157 2339 1249 2383; x_wconf 89' lang='lat' dir='ltr'><strong>aut</strong></span> <span class='ocrx_word' id='word_1_170' title='bbox 1291 2326 1700 2400; x_wconf 79' lang='lat' dir='ltr'><strong>Heptapyrgon,</strong></span> <span class='ocrx_word' id='word_1_171' title='bbox 1733 2343 1873 2397; x_wconf 87' lang='lat' dir='ltr'><strong>puro</strong></span> 
     </span>
    </p>
   </div>
   <div class='ocr_carea' id='block_1_25' title="bbox 293 2418 1870 2494">
    <p class='ocr_par' dir='ltr' id='par_1_25' title="bbox 293 2418 1870 2494">
     <span class='ocr_line' id='line_1_25' title="bbox 293 2418 1870 2494; baseline -0.004 -16"><span class='ocrx_word' id='word_1_172' title='bbox 293 2433 413 2494; x_wconf 82' lang='lat' dir='ltr'><strong>puto</strong></span> <span class='ocrx_word' id='word_1_173' title='bbox 445 2421 717 2477; x_wconf 83' lang='lat' dir='ltr'><strong>vocabulo</strong></span> <span class='ocrx_word' id='word_1_174' title='bbox 746 2418 937 2476; x_wconf 71' lang='lat' dir='ltr'><strong>Graeco</strong></span> <span class='ocrx_word' id='word_1_175' title='bbox 961 2436 974 2484; x_wconf 90' lang='lat'><strong>;</strong></span> <span class='ocrx_word' id='word_1_176' title='bbox 1002 2422 1377 2483; x_wconf 84' lang='lat' dir='ltr'><strong>semiturcico,</strong></span> <span class='ocrx_word' id='word_1_177' title='bbox 1407 2421 1489 2475; x_wconf 77' lang='lat' dir='ltr'><strong>vel</strong></span> <span class='ocrx_word' id='word_1_178' title='bbox 1512 2420 1741 2492; x_wconf 80' lang='lat' dir='ltr'><strong>bybride</strong></span> <span class='ocrx_word' id='word_1_179' title='bbox 1773 2424 1870 2487; x_wconf 56' lang='lat' dir='ltr'><strong>po-</strong></span> 
     </span>
    </p>
   </div>
   <div class='ocr_carea' id='block_1_26' title="bbox 291 2513 1867 2584">
    <p class='ocr_par' dir='ltr' id='par_1_26' title="bbox 291 2513 1867 2584">
     <span class='ocr_line' id='line_1_26' title="bbox 291 2513 1867 2584; baseline -0.003 -14"><span class='ocrx_word' id='word_1_180' title='bbox 291 2519 416 2582; x_wconf 86' lang='lat' dir='ltr'><strong>tius,</strong></span> <span class='ocrx_word' id='word_1_181' title='bbox 454 2514 629 2584; x_wconf 78' lang='lat' dir='ltr'><strong>Hepta</strong></span> <span class='ocrx_word' id='word_1_182' title='bbox 658 2514 881 2583; x_wconf 83' lang='lat' dir='ltr'><strong>gulades</strong></span> <span class='ocrx_word' id='word_1_183' title='bbox 913 2531 927 2567; x_wconf 90' lang='lat'><strong>:</strong></span> <span class='ocrx_word' id='word_1_184' title='bbox 963 2528 1029 2566; x_wconf 76' lang='lat' dir='ltr'><strong>ex</strong></span> <span class='ocrx_word' id='word_1_185' title='bbox 1062 2528 1171 2581; x_wconf 84' lang='lat' dir='ltr'><strong>quo</strong></span> <span class='ocrx_word' id='word_1_186' title='bbox 1196 2515 1360 2568; x_wconf 85' lang='lat' dir='ltr'><strong>etiam</strong></span> <span class='ocrx_word' id='word_1_187' title='bbox 1388 2515 1575 2569; x_wconf 85' lang='lat' dir='ltr'><strong>obiter</strong></span> <span class='ocrx_word' id='word_1_188' title='bbox 1637 2513 1867 2581; x_wconf 79' lang='lat' dir='ltr'><strong>intelligi</strong></span> 
     </span>
    </p>
   </div>
   <div class='ocr_carea' id='block_1_27' title="bbox 292 2605 1867 2677">
    <p class='ocr_par' dir='ltr' id='par_1_27' title="bbox 292 2605 1867 2677">
     <span class='ocr_line' id='line_1_27' title="bbox 292 2605 1867 2677; baseline -0.003 -14"><span class='ocrx_word' id='word_1_189' title='bbox 292 2619 485 2675; x_wconf 73' lang='lat' dir='ltr'><strong>potest,</strong></span> <span class='ocrx_word' id='word_1_190' title='bbox 512 2605 658 2676; x_wconf 89' lang='lat' dir='ltr'><strong>quod</strong></span> <span class='ocrx_word' id='word_1_191' title='bbox 676 2607 947 2661; x_wconf 77' lang='lat' dir='ltr'><strong>Africana:</strong></span> <span class='ocrx_word' id='word_1_192' title='bbox 978 2607 1269 2663; x_wconf 75' lang='lat' dir='ltr'><strong>Gulctzesit</strong></span> <span class='ocrx_word' id='word_1_193' title='bbox 1297 2616 1515 2677; x_wconf 88' lang='lat' dir='ltr'><strong>etymon</strong></span> <span class='ocrx_word' id='word_1_194' title='bbox 1549 2605 1665 2660; x_wconf 83' lang='lat' dir='ltr'><strong>sive</strong></span> <span class='ocrx_word' id='word_1_195' title='bbox 1696 2605 1867 2659; x_wconf 88' lang='lat' dir='ltr'><strong>notio.</strong></span> 
     </span>
    </p>
   </div>
   <div class='ocr_carea' id='block_1_28' title="bbox 292 2699 1862 2770">
    <p class='ocr_par' dir='ltr' id='par_1_28' title="bbox 292 2699 1862 2770">
     <span class='ocr_line' id='line_1_28' title="bbox 292 2699 1862 2770; baseline -0.004 -15"><span class='ocrx_word' id='word_1_196' title='bbox 292 2700 403 2769; x_wconf 83' lang='lat' dir='ltr'><strong>ipsa</strong></span> <span class='ocrx_word' id='word_1_197' title='bbox 440 2699 660 2770; x_wconf 81' lang='lat' dir='ltr'><strong>quidem</strong></span> <span class='ocrx_word' id='word_1_198' title='bbox 698 2715 796 2754; x_wconf 79' lang='lat' dir='ltr'><strong>arx</strong></span> <span class='ocrx_word' id='word_1_199' title='bbox 853 2700 1117 2754; x_wconf 71' lang='lat' dir='ltr'><strong>custodite</strong></span> <span class='ocrx_word' id='word_1_200' title='bbox 1168 2699 1439 2757; x_wconf 68' lang='lat' dir='ltr'><strong>regiorum</strong></span> <span class='ocrx_word' id='word_1_201' title='bbox 1471 2700 1862 2752; x_wconf 86' lang='lat' dir='ltr'><strong>thesaurorum</strong></span> 
     </span>
    </p>
   </div>
   <div class='ocr_carea' id='block_1_29' title="bbox 293 2791 1865 2867">
    <p class='ocr_par' dir='ltr' id='par_1_29' title="bbox 293 2791 1865 2867">
     <span class='ocr_line' id='line_1_29' title="bbox 293 2791 1865 2867; baseline -0.002 -20"><span class='ocrx_word' id='word_1_202' title='bbox 293 2810 367 2850; x_wconf 79' lang='lat' dir='ltr'><strong>cst</strong></span> <span class='ocrx_word' id='word_1_203' title='bbox 394 2797 707 2867; x_wconf 84' lang='lat' dir='ltr'><strong>adsignata,</strong></span> <span class='ocrx_word' id='word_1_204' title='bbox 744 2806 1142 2864; x_wconf 80' lang='lat' dir='ltr'><strong>perpetuasqne</strong></span> <span class='ocrx_word' id='word_1_205' title='bbox 1189 2794 1420 2847; x_wconf 88' lang='lat' dir='ltr'><strong>militum</strong></span> <span class='ocrx_word' id='word_1_206' title='bbox 1451 2793 1710 2847; x_wconf 80' lang='lat' dir='ltr'><strong>excubias</strong></span> <span class='ocrx_word' id='word_1_207' title='bbox 1761 2791 1865 2845; x_wconf 84' lang='lat' dir='ltr'><strong>ba-</strong></span> 
     </span>
    </p>
   </div>
   <div class='ocr_carea' id='block_1_30' title="bbox 297 2885 1867 2960">
    <p class='ocr_par' dir='ltr' id='par_1_30' title="bbox 297 2885 1867 2960">
     <span class='ocr_line' id='line_1_30' title="bbox 297 2885 1867 2960; baseline -0.001 -19"><span class='ocrx_word' id='word_1_208' title='bbox 297 2889 399 2955; x_wconf 76' lang='lat' dir='ltr'><strong>bct,</strong></span> <span class='ocrx_word' id='word_1_209' title='bbox 434 2890 531 2960; x_wconf 87' lang='lat' dir='ltr'><strong>qui</strong></span> <span class='ocrx_word' id='word_1_210' title='bbox 566 2887 816 2941; x_wconf 90' lang='lat' dir='ltr'><strong>feruntur</strong></span> <span class='ocrx_word' id='word_1_211' title='bbox 846 2902 964 2942; x_wconf 86' lang='lat' dir='ltr'><strong>esse</strong></span> <span class='ocrx_word' id='word_1_212' title='bbox 986 2901 1213 2941; x_wconf 90' lang='lat' dir='ltr'><strong>numero</strong></span> <span class='ocrx_word' id='word_1_213' title='bbox 1237 2886 1547 2956; x_wconf 76' lang='lat' dir='ltr'><strong>quingenti,</strong></span> <span class='ocrx_word' id='word_1_214' title='bbox 1572 2887 1636 2941; x_wconf 92' lang='lat' dir='ltr'><strong>de</strong></span> <span class='ocrx_word' id='word_1_215' title='bbox 1667 2885 1867 2956; x_wconf 84' lang='lat' dir='ltr'><strong>quibus</strong></span> 
     </span>
    </p>
   </div>
   <div class='ocr_carea' id='block_1_31' title="bbox 298 2980 590 3036">
    <p class='ocr_par' dir='ltr' id='par_1_31' title="bbox 298 2980 590 3036">
     <span class='ocr_line' id='line_1_31' title="bbox 298 2980 590 3036; baseline 0.003 -3"><span class='ocrx_word' id='word_1_216' title='bbox 298 2981 394 3035; x_wconf 83' lang='lat' dir='ltr'><strong>alio</strong></span> <span class='ocrx_word' id='word_1_217' title='bbox 445 2980 590 3036; x_wconf 89' lang='lat' dir='ltr'><strong>loco.</strong></span> 
     </span>
    </p>
   </div>
   <div class='ocr_carea' id='block_1_32' title="bbox 331 3114 1831 3183">
    <p class='ocr_par' dir='ltr' id='par_1_32' title="bbox 331 3114 1831 3183">
     <span class='ocr_line' id='line_1_32' title="bbox 331 3114 1831 3183; baseline -0.002 -10"><span class='ocrx_word' id='word_1_218' title='bbox 331 3119 449 3173; x_wconf 73' lang='lat'><strong>“0.</strong></span> <span class='ocrx_word' id='word_1_219' title='bbox 482 3115 759 3172; x_wconf 73' lang='lat' dir='ltr'><strong>Machina!</strong></span> <span class='ocrx_word' id='word_1_220' title='bbox 788 3114 969 3182; x_wconf 64' lang='lat' dir='ltr'><strong>basta,</strong></span> <span class='ocrx_word' id='word_1_221' title='bbox 992 3116 1143 3170; x_wconf 74' lang='lat' dir='ltr'><strong>varia</strong></span> <span class='ocrx_word' id='word_1_222' title='bbox 1176 3117 1434 3183; x_wconf 78' lang='lat' dir='ltr'><strong>scriptura</strong></span> <span class='ocrx_word' id='word_1_223' title='bbox 1468 3116 1602 3168; x_wconf 76' lang='lat' dir='ltr'><strong>cocis</strong></span> <span class='ocrx_word' id='word_1_224' title='bbox 1651 3118 1831 3171; x_wconf 75' lang='lat' dir='ltr'><strong>unius.</strong></span> 
     </span>
    </p>
   </div>
   <div class='ocr_carea' id='block_1_33' title="bbox 361 3225 1864 3283">
    <p class='ocr_par' dir='ltr' id='par_1_33' title="bbox 361 3225 1864 3283">
     <span class='ocr_line' id='line_1_33' title="bbox 361 3225 1864 3283; baseline -0.001 0"><span class='ocrx_word' id='word_1_225' title='bbox 361 3229 437 3283; x_wconf 76' lang='lat' dir='ltr'><strong>De</strong></span> <span class='ocrx_word' id='word_1_226' title='bbox 470 3230 576 3283; x_wconf 83' lang='lat' dir='ltr'><strong>hoc</strong></span> <span class='ocrx_word' id='word_1_227' title='bbox 635 3227 980 3282; x_wconf 69' lang='lat' dir='ltr'><strong>Hacbumete</strong></span> <span class='ocrx_word' id='word_1_228' title='bbox 1012 3225 1288 3280; x_wconf 87' lang='lat' dir='ltr'><strong>Laonicus</strong></span> <span class='ocrx_word' id='word_1_229' title='bbox 1348 3225 1500 3280; x_wconf 63' lang='lat' dir='ltr'><strong>lucc:</strong></span> <span class='ocrx_word' id='word_1_230' title='bbox 1549 3225 1864 3281; x_wconf 81' lang='lat' dir='ltr'><strong>Mccbnme-</strong></span> 
     </span>
    </p>
   </div>
   <div class='ocr_carea' id='block_1_34' title="bbox 304 3317 1865 3389">
    <p class='ocr_par' dir='ltr' id='par_1_34' title="bbox 304 3317 1865 3389">
     <span class='ocr_line' id='line_1_34' title="bbox 304 3317 1865 3389; baseline -0.001 -16"><span class='ocrx_word' id='word_1_231' title='bbox 304 3331 402 3379; x_wconf 86' lang='lat' dir='ltr'><strong>tes.</strong></span> <span class='ocrx_word' id='word_1_232' title='bbox 436 3321 631 3389; x_wconf 86' lang='lat' dir='ltr'><strong>inquit,</strong></span> <span class='ocrx_word' id='word_1_233' title='bbox 665 3318 800 3389; x_wconf 77' lang='lat' dir='ltr'><strong>regii</strong></span> <span class='ocrx_word' id='word_1_234' title='bbox 852 3318 1038 3387; x_wconf 85' lang='lat' dir='ltr'><strong>palatii</strong></span> <span class='ocrx_word' id='word_1_235' title='bbox 1067 3318 1177 3371; x_wconf 75' lang='lat' dir='ltr'><strong>dux</strong></span> <span class='ocrx_word' id='word_1_236' title='bbox 1215 3321 1422 3387; x_wconf 75' lang='lat' dir='ltr'><strong>(postea</strong></span> <span class='ocrx_word' id='word_1_237' title='bbox 1452 3319 1646 3371; x_wconf 88' lang='lat' dir='ltr'><strong>ducem</strong></span> <span class='ocrx_word' id='word_1_238' title='bbox 1674 3317 1865 3387; x_wconf 84' lang='lat' dir='ltr'><strong>janua-</strong></span> 
     </span>
    </p>
   </div>
   <div class='ocr_carea' id='block_1_35' title="bbox 311 3410 1872 3493">
    <p class='ocr_par' dir='ltr' id='par_1_35' title="bbox 311 3410 1872 3493">
     <span class='ocr_line' id='line_1_35' title="bbox 311 3410 1872 3493; baseline 0 -29"><span class='ocrx_word' id='word_1_239' title='bbox 311 3427 424 3465; x_wconf 81' lang='lat' dir='ltr'><strong>rum</strong></span> <span class='ocrx_word' id='word_1_240' title='bbox 440 3413 674 3472; x_wconf 72' lang='lat' dir='ltr'><strong>voeatlet</strong></span> <span class='ocrx_word' id='word_1_241' title='bbox 692 3410 1245 3479; x_wconf 67' lang='lat' dir='ltr'><strong>Europat&#39;praefeetus,</strong></span> <span class='ocrx_word' id='word_1_242' title='bbox 1265 3411 1408 3466; x_wconf 80' lang='lat' dir='ltr'><strong>illius</strong></span> <span class='ocrx_word' id='word_1_243' title='bbox 1425 3410 1872 3493; x_wconf 69' lang='lat' dir='ltr'><strong>Michaelis,er</strong></span> 
     </span>
    </p>
   </div>
   <div class='ocr_carea' id='block_1_36' title="bbox 320 3502 1869 3571">
    <p class='ocr_par' dir='ltr' id='par_1_36' title="bbox 320 3502 1869 3571">
     <span class='ocr_line' id='line_1_36' title="bbox 320 3502 1869 3571; baseline 0.003 -18"><span class='ocrx_word' id='word_1_244' title='bbox 320 3517 438 3555; x_wconf 78' lang='lat' dir='ltr'><strong>rus.</strong></span> <span class='ocrx_word' id='word_1_245' title='bbox 462 3503 525 3554; x_wconf 83' lang='lat' dir='ltr'><strong>Et</strong></span> <span class='ocrx_word' id='word_1_246' title='bbox 542 3504 683 3555; x_wconf 85' lang='lat' dir='ltr'><strong>addit</strong></span> <span class='ocrx_word' id='word_1_247' title='bbox 714 3503 935 3558; x_wconf 73' lang='lat' dir='ltr'><strong>Graecos</strong></span> <span class='ocrx_word' id='word_1_248' title='bbox 955 3514 1153 3570; x_wconf 86' lang='lat' dir='ltr'><strong>pueros</strong></span> <span class='ocrx_word' id='word_1_249' title='bbox 1172 3502 1507 3571; x_wconf 69' lang='lat' dir='ltr'><strong>(Grtecorum</strong></span> <span class='ocrx_word' id='word_1_250' title='bbox 1532 3502 1668 3556; x_wconf 83' lang='lat' dir='ltr'><strong>ﬁlios</strong></span> <span class='ocrx_word' id='word_1_251' title='bbox 1688 3503 1869 3557; x_wconf 84' lang='lat' dir='ltr'><strong>dicere</strong></span> 
     </span>
    </p>
   </div>
   <div class='ocr_carea' id='block_1_37' title="bbox 326 3593 1867 3665">
    <p class='ocr_par' dir='ltr' id='par_1_37' title="bbox 326 3593 1867 3665">
     <span class='ocr_line' id='line_1_37' title="bbox 326 3593 1867 3665; baseline 0.002 -20"><span class='ocrx_word' id='word_1_252' title='bbox 326 3593 501 3647; x_wconf 85' lang='lat' dir='ltr'><strong>debuit</strong></span> <span class='ocrx_word' id='word_1_253' title='bbox 529 3593 802 3662; x_wconf 83' lang='lat' dir='ltr'><strong>interpres.</strong></span> <span class='ocrx_word' id='word_1_254' title='bbox 836 3594 887 3648; x_wconf 89' lang='lat' dir='ltr'><strong>id</strong></span> <span class='ocrx_word' id='word_1_255' title='bbox 909 3594 1267 3661; x_wconf 68' lang='lat' dir='ltr'><strong>est,Graecos)</strong></span> <span class='ocrx_word' id='word_1_256' title='bbox 1287 3594 1379 3663; x_wconf 85' lang='lat' dir='ltr'><strong>qui</strong></span> <span class='ocrx_word' id='word_1_257' title='bbox 1406 3595 1626 3650; x_wconf 86' lang='lat' dir='ltr'><strong>abducti</strong></span> <span class='ocrx_word' id='word_1_258' title='bbox 1655 3594 1867 3665; x_wconf 85' lang='lat' dir='ltr'><strong>Byzan-</strong></span> 
     </span>
    </p>
   </div>
   <div class='ocr_carea' id='block_1_38' title="bbox 323 3683 1865 3756">
    <p class='ocr_par' dir='ltr' id='par_1_38' title="bbox 323 3683 1865 3756">
     <span class='ocr_line' id='line_1_38' title="bbox 323 3683 1865 3756; baseline 0.003 -19"><span class='ocrx_word' id='word_1_259' title='bbox 323 3683 416 3744; x_wconf 86' lang='lat' dir='ltr'><strong>tio,</strong></span> <span class='ocrx_word' id='word_1_260' title='bbox 447 3697 565 3738; x_wconf 86' lang='lat' dir='ltr'><strong>cum</strong></span> <span class='ocrx_word' id='word_1_261' title='bbox 594 3698 714 3755; x_wconf 78' lang='lat' dir='ltr'><strong>rege</strong></span> <span class='ocrx_word' id='word_1_262' title='bbox 740 3685 1249 3748; x_wconf 84' lang='lat' dir='ltr'><strong>commorabantur,</strong></span> <span class='ocrx_word' id='word_1_263' title='bbox 1283 3702 1535 3756; x_wconf 86' lang='lat' dir='ltr'><strong>magnam</strong></span> <span class='ocrx_word' id='word_1_264' title='bbox 1563 3689 1865 3756; x_wconf 84' lang='lat' dir='ltr'><strong>potentiam</strong></span> 
     </span>
    </p>
   </div>
   <div class='ocr_carea' id='block_1_39' title="bbox 307 3775 1866 3847">
    <p class='ocr_par' dir='ltr' id='par_1_39' title="bbox 307 3775 1866 3847">
     <span class='ocr_line' id='line_1_39' title="bbox 307 3775 1866 3847; baseline 0.002 -20"><span class='ocrx_word' id='word_1_265' title='bbox 307 3775 408 3829; x_wconf 83' lang='lat' dir='ltr'><strong>sibi</strong></span> <span class='ocrx_word' id='word_1_266' title='bbox 443 3777 735 3847; x_wconf 81' lang='lat' dir='ltr'><strong>peperisse.</strong></span> <span class='ocrx_word' id='word_1_267' title='bbox 806 3776 1057 3833; x_wconf 85' lang='lat' dir='ltr'><strong>Nominis</strong></span> <span class='ocrx_word' id='word_1_268' title='bbox 1117 3780 1471 3847; x_wconf 85' lang='lat' dir='ltr'><strong>scripturam.</strong></span> <span class='ocrx_word' id='word_1_269' title='bbox 1505 3789 1614 3833; x_wconf 83' lang='lat' dir='ltr'><strong>tam</strong></span> <span class='ocrx_word' id='word_1_270' title='bbox 1663 3780 1718 3834; x_wconf 90' lang='lat' dir='ltr'><strong>in</strong></span> <span class='ocrx_word' id='word_1_271' title='bbox 1743 3782 1866 3846; x_wconf 82' lang='lat' dir='ltr'><strong>boc,</strong></span> 
     </span>
    </p>
   </div>
   <div class='ocr_carea' id='block_1_40' title="bbox 300 3870 1868 3941">
    <p class='ocr_par' dir='ltr' id='par_1_40' title="bbox 300 3870 1868 3941">
     <span class='ocr_line' id='line_1_40' title="bbox 300 3870 1868 3941; baseline 0.001 -18"><span class='ocrx_word' id='word_1_272' title='bbox 300 3884 456 3941; x_wconf 78' lang='lat' dir='ltr'><strong>quam</strong></span> <span class='ocrx_word' id='word_1_273' title='bbox 473 3870 595 3926; x_wconf 88' lang='lat' dir='ltr'><strong>aliis</strong></span> <span class='ocrx_word' id='word_1_274' title='bbox 614 3870 772 3934; x_wconf 88' lang='lat' dir='ltr'><strong>locis,</strong></span> <span class='ocrx_word' id='word_1_275' title='bbox 790 3870 861 3926; x_wconf 85' lang='lat' dir='ltr'><strong>ab</strong></span> <span class='ocrx_word' id='word_1_276' title='bbox 888 3872 1431 3940; x_wconf 59' lang='lat' dir='ltr'><strong>interprete&#39;Ctsaris</strong></span> <span class='ocrx_word' id='word_1_277' title='bbox 1447 3882 1722 3940; x_wconf 76' lang='lat' dir='ltr'><strong>acceptam</strong></span> <span class='ocrx_word' id='word_1_278' title='bbox 1744 3872 1868 3925; x_wconf 77' lang='lat' dir='ltr'><strong>Gal-</strong></span> 
     </span>
    </p>
   </div>
   <div class='ocr_carea' id='block_1_41' title="bbox 294 3961 1870 4032">
    <p class='ocr_par' dir='ltr' id='par_1_41' title="bbox 294 3961 1870 4032">
     <span class='ocr_line' id='line_1_41' title="bbox 294 3961 1870 4032; baseline 0.001 -16"><span class='ocrx_word' id='word_1_279' title='bbox 294 3964 465 4032; x_wconf 87' lang='lat' dir='ltr'><strong>derio,</strong></span> <span class='ocrx_word' id='word_1_280' title='bbox 484 3962 1006 4031; x_wconf 73' lang='lat' dir='ltr'><strong>retinui.&#39;l‘rip|ieent</strong></span> <span class='ocrx_word' id='word_1_281' title='bbox 1029 3980 1159 4019; x_wconf 83' lang='lat' dir='ltr'><strong>sane</strong></span> <span class='ocrx_word' id='word_1_282' title='bbox 1180 3963 1375 4031; x_wconf 66' lang='lat' dir='ltr'><strong>reperi,</strong></span> <span class='ocrx_word' id='word_1_283' title='bbox 1398 3965 1600 4019; x_wconf 88' lang='lat' dir='ltr'><strong>nostris</strong></span> <span class='ocrx_word' id='word_1_284' title='bbox 1619 3965 1670 4017; x_wconf 93' lang='lat' dir='ltr'><strong>in</strong></span> <span class='ocrx_word' id='word_1_285' title='bbox 1687 3961 1870 4018; x_wconf 84' lang='lat' dir='ltr'><strong>Anna-</strong></span> 
     </span>
    </p>
   </div>
   <div class='ocr_carea' id='block_1_42' title="bbox 292 4055 1870 4119">
    <p class='ocr_par' dir='ltr' id='par_1_42' title="bbox 292 4055 1870 4119">
     <span class='ocr_line' id='line_1_42' title="bbox 292 4055 1870 4119; baseline -0.001 -8"><span class='ocrx_word' id='word_1_286' title='bbox 292 4057 461 4114; x_wconf 81' lang='lat' dir='ltr'><strong>libus:</strong></span> <span class='ocrx_word' id='word_1_287' title='bbox 490 4058 785 4119; x_wconf 81' lang='lat' dir='ltr'><strong>Muebmet.</strong></span> <span class='ocrx_word' id='word_1_288' title='bbox 818 4056 1120 4112; x_wconf 69' lang='lat' dir='ltr'><strong>blecbenzet</strong></span> <span class='ocrx_word' id='word_1_289' title='bbox 1136 4055 1427 4109; x_wconf 82' lang='lat' dir='ltr'><strong>Macbmttt.</strong></span> <span class='ocrx_word' id='word_1_290' title='bbox 1450 4056 1699 4110; x_wconf 74' lang='lat' dir='ltr'><strong>HlSlttI&#39;ite</strong></span> <span class='ocrx_word' id='word_1_291' title='bbox 1719 4055 1870 4110; x_wconf 71' lang='lat' dir='ltr'><strong>Grae-</strong></span> 
     </span>
    </p>
   </div>
   <div class='ocr_carea' id='block_1_43' title="bbox 288 4144 1869 4216">
    <p class='ocr_par' dir='ltr' id='par_1_43' title="bbox 288 4144 1869 4216">
     <span class='ocr_line' id='line_1_43' title="bbox 288 4144 1869 4216; baseline 0.001 -16"><span class='ocrx_word' id='word_1_292' title='bbox 288 4165 470 4204; x_wconf 76' lang='lat' dir='ltr'><strong>corum</strong></span> <span class='ocrx_word' id='word_1_293' title='bbox 510 4160 566 4204; x_wconf 91' lang='lat' dir='ltr'><strong>et</strong></span> <span class='ocrx_word' id='word_1_294' title='bbox 599 4150 913 4203; x_wconf 75' lang='lat' dir='ltr'><strong>nostrorum</strong></span> <span class='ocrx_word' id='word_1_295' title='bbox 951 4144 1534 4216; x_wconf 59' lang='lat' dir='ltr'><strong>ltontinutn&#39;prMerea</strong></span> <span class='ocrx_word' id='word_1_296' title='bbox 1584 4148 1869 4201; x_wconf 78' lang='lat' dir='ltr'><strong>diversita-</strong></span> 
     </span>
    </p>
   </div>
   <div class='ocr_carea' id='block_1_44' title="bbox 282 4238 1867 4304">
    <p class='ocr_par' dir='ltr' id='par_1_44' title="bbox 282 4238 1867 4304">
     <span class='ocr_line' id='line_1_44' title="bbox 282 4238 1867 4304; baseline -0.002 -9"><span class='ocrx_word' id='word_1_297' title='bbox 282 4252 361 4297; x_wconf 86' lang='lat' dir='ltr'><strong>tes</strong></span> <span class='ocrx_word' id='word_1_298' title='bbox 392 4244 536 4298; x_wconf 82' lang='lat' dir='ltr'><strong>alias</strong></span> <span class='ocrx_word' id='word_1_299' title='bbox 571 4242 796 4303; x_wconf 83' lang='lat' dir='ltr'><strong>habent,</strong></span> <span class='ocrx_word' id='word_1_300' title='bbox 831 4252 889 4295; x_wconf 88' lang='lat' dir='ltr'><strong>ut</strong></span> <span class='ocrx_word' id='word_1_301' title='bbox 921 4239 1254 4298; x_wconf 78' lang='lat' dir='ltr'><strong>Muchutnet.</strong></span> <span class='ocrx_word' id='word_1_302' title='bbox 1286 4238 1582 4304; x_wconf 79' lang='lat' dir='ltr'><strong>Mabumet,</strong></span> <span class='ocrx_word' id='word_1_303' title='bbox 1641 4238 1867 4294; x_wconf 75' lang='lat' dir='ltr'><strong>Maelio-</strong></span> 
     </span>
    </p>
   </div>
   <div class='ocr_carea' id='block_1_45' title="bbox 281 4332 1867 4403">
    <p class='ocr_par' dir='ltr' id='par_1_45' title="bbox 281 4332 1867 4403">
     <span class='ocr_line' id='line_1_45' title="bbox 281 4332 1867 4403; baseline -0.001 -13"><span class='ocrx_word' id='word_1_304' title='bbox 281 4347 409 4399; x_wconf 89' lang='lat' dir='ltr'><strong>tnet,</strong></span> <span class='ocrx_word' id='word_1_305' title='bbox 439 4337 747 4402; x_wconf 73' lang='lat' dir='ltr'><strong>Maltomet,</strong></span> <span class='ocrx_word' id='word_1_306' title='bbox 780 4333 1097 4394; x_wconf 77' lang='lat' dir='ltr'><strong>Mobamed.’</strong></span> <span class='ocrx_word' id='word_1_307' title='bbox 1148 4334 1295 4403; x_wconf 92' lang='lat' dir='ltr'><strong>quod</strong></span> <span class='ocrx_word' id='word_1_308' title='bbox 1361 4332 1607 4387; x_wconf 80' lang='lat' dir='ltr'><strong>Moamed</strong></span> <span class='ocrx_word' id='word_1_309' title='bbox 1661 4333 1867 4388; x_wconf 66' lang='lat' dir='ltr'><strong>Graecis</strong></span> 
     </span>
    </p>
   </div>
   <div class='ocr_carea' id='block_1_46' title="bbox 274 4424 1868 4498">
    <p class='ocr_par' dir='ltr' id='par_1_46' title="bbox 274 4424 1868 4498">
     <span class='ocr_line' id='line_1_46' title="bbox 274 4424 1868 4498; baseline -0.001 -15"><span class='ocrx_word' id='word_1_310' title='bbox 274 4440 377 4494; x_wconf 85' lang='lat' dir='ltr'><strong>est,</strong></span> <span class='ocrx_word' id='word_1_311' title='bbox 414 4431 638 4498; x_wconf 79' lang='lat' dir='ltr'><strong>absque</strong></span> <span class='ocrx_word' id='word_1_312' title='bbox 663 4428 1020 4498; x_wconf 81' lang='lat' dir='ltr'><strong>aspiratione.</strong></span> <span class='ocrx_word' id='word_1_313' title='bbox 1059 4424 1376 4495; x_wconf 82' lang='lat' dir='ltr'><strong>Stephanus</strong></span> <span class='ocrx_word' id='word_1_314' title='bbox 1427 4424 1697 4493; x_wconf 79' lang='lat' dir='ltr'><strong>Ungarus,</strong></span> <span class='ocrx_word' id='word_1_315' title='bbox 1735 4441 1868 4482; x_wconf 85' lang='lat' dir='ltr'><strong>sane</strong></span> 
     </span>
    </p>
   </div>
   <div class='ocr_carea' id='block_1_47' title="bbox 1976 566 3563 625">
    <p class='ocr_par' dir='ltr' id='par_1_47' title="bbox 1976 566 3563 625">
     <span class='ocr_line' id='line_1_47' title="bbox 1976 566 3563 625; baseline 0.002 -7"><span class='ocrx_word' id='word_1_316' title='bbox 1976 581 2096 619; x_wconf 91' lang='lat' dir='ltr'><strong>rum</strong></span> <span class='ocrx_word' id='word_1_317' title='bbox 2130 566 2394 623; x_wconf 78' lang='lat' dir='ltr'><strong>referant.</strong></span> <span class='ocrx_word' id='word_1_318' title='bbox 2441 566 2680 623; x_wconf 76' lang='lat' dir='ltr'><strong>Annales</strong></span> <span class='ocrx_word' id='word_1_319' title='bbox 2705 587 2834 625; x_wconf 78' lang='lat' dir='ltr'><strong>vero</strong></span> <span class='ocrx_word' id='word_1_320' title='bbox 2893 569 3111 623; x_wconf 81' lang='lat' dir='ltr'><strong>&#39;l‘ureiei</strong></span> <span class='ocrx_word' id='word_1_321' title='bbox 3167 570 3327 622; x_wconf 83' lang='lat' dir='ltr'><strong>linem</strong></span> <span class='ocrx_word' id='word_1_322' title='bbox 3383 586 3563 622; x_wconf 86' lang='lat' dir='ltr'><strong>rerum</strong></span> 
     </span>
    </p>
   </div>
   <div class='ocr_carea' id='block_1_48' title="bbox 1980 661 3567 730">
    <p class='ocr_par' dir='ltr' id='par_1_48' title="bbox 1980 661 3567 730">
     <span class='ocr_line' id='line_1_48' title="bbox 1980 661 3567 730; baseline 0.003 -21"><span class='ocrx_word' id='word_1_323' title='bbox 1980 668 2260 728; x_wconf 83' lang='lat' dir='ltr'><strong>gestarum</strong></span> <span class='ocrx_word' id='word_1_324' title='bbox 2290 662 2610 729; x_wconf 84' lang='lat' dir='ltr'><strong>respiciunt,</strong></span> <span class='ocrx_word' id='word_1_325' title='bbox 2646 663 2879 730; x_wconf 76' lang='lat' dir='ltr'><strong>ideoque</strong></span> <span class='ocrx_word' id='word_1_326' title='bbox 2939 663 3051 715; x_wconf 74' lang='lat' dir='ltr'><strong>fere</strong></span> <span class='ocrx_word' id='word_1_327' title='bbox 3097 661 3209 730; x_wconf 86' lang='lat' dir='ltr'><strong>jam</strong></span> <span class='ocrx_word' id='word_1_328' title='bbox 3240 662 3405 714; x_wconf 85' lang='lat' dir='ltr'><strong>rebus</strong></span> <span class='ocrx_word' id='word_1_329' title='bbox 3437 662 3567 730; x_wconf 69' lang='lat' dir='ltr'><strong>ip~is</strong></span> 
     </span>
    </p>
   </div>
   <div class='ocr_carea' id='block_1_49' title="bbox 1977 753 3567 821">
    <p class='ocr_par' dir='ltr' id='par_1_49' title="bbox 1977 753 3567 821">
     <span class='ocr_line' id='line_1_49' title="bbox 1977 753 3567 821; baseline 0.001 -16"><span class='ocrx_word' id='word_1_330' title='bbox 1977 754 2244 819; x_wconf 77' lang='lat' dir='ltr'><strong>expositis</strong></span> <span class='ocrx_word' id='word_1_331' title='bbox 2302 768 2569 807; x_wconf 87' lang='lat' dir='ltr'><strong>annorum</strong></span> <span class='ocrx_word' id='word_1_332' title='bbox 2629 772 2889 809; x_wconf 86' lang='lat' dir='ltr'><strong>numeros</strong></span> <span class='ocrx_word' id='word_1_333' title='bbox 2948 756 3238 821; x_wconf 84' lang='lat' dir='ltr'><strong>adjiciunt.</strong></span> <span class='ocrx_word' id='word_1_334' title='bbox 3290 753 3404 809; x_wconf 80' lang='lat' dir='ltr'><strong>Hoc</strong></span> <span class='ocrx_word' id='word_1_335' title='bbox 3443 755 3567 808; x_wconf 84' lang='lat' dir='ltr'><strong>dili-</strong></span> 
     </span>
    </p>
   </div>
   <div class='ocr_carea' id='block_1_50' title="bbox 1982 847 3567 916">
    <p class='ocr_par' dir='ltr' id='par_1_50' title="bbox 1982 847 3567 916">
     <span class='ocr_line' id='line_1_50' title="bbox 1982 847 3567 916; baseline 0.001 -20"><span class='ocrx_word' id='word_1_336' title='bbox 1982 848 2173 912; x_wconf 75' lang='lat' dir='ltr'><strong>genter</strong></span> <span class='ocrx_word' id='word_1_337' title='bbox 2236 849 2532 901; x_wconf 79' lang='lat' dir='ltr'><strong>obscrvare</strong></span> <span class='ocrx_word' id='word_1_338' title='bbox 2602 847 2857 901; x_wconf 83' lang='lat' dir='ltr'><strong>lectorem</strong></span> <span class='ocrx_word' id='word_1_339' title='bbox 2926 849 3111 912; x_wconf 81' lang='lat' dir='ltr'><strong>velim,</strong></span> <span class='ocrx_word' id='word_1_340' title='bbox 3166 863 3235 902; x_wconf 90' lang='lat' dir='ltr'><strong>ne</strong></span> <span class='ocrx_word' id='word_1_341' title='bbox 3291 863 3374 900; x_wconf 89' lang='lat' dir='ltr'><strong>me</strong></span> <span class='ocrx_word' id='word_1_342' title='bbox 3413 856 3567 916; x_wconf 79' lang='lat' dir='ltr'><strong>putet</strong></span> 
     </span>
    </p>
   </div>
   <div class='ocr_carea' id='block_1_51' title="bbox 1982 937 3562 1008">
    <p class='ocr_par' dir='ltr' id='par_1_51' title="bbox 1982 937 3562 1008">
     <span class='ocr_line' id='line_1_51' title="bbox 1982 937 3562 1008; baseline 0.004 -19"><span class='ocrx_word' id='word_1_343' title='bbox 1982 937 2182 991; x_wconf 81' lang='lat' dir='ltr'><strong>alicubi</strong></span> <span class='ocrx_word' id='word_1_344' title='bbox 2214 947 2415 993; x_wconf 88' lang='lat' dir='ltr'><strong>temere</strong></span> <span class='ocrx_word' id='word_1_345' title='bbox 2447 951 2687 994; x_wconf 85' lang='lat' dir='ltr'><strong>mutasse</strong></span> <span class='ocrx_word' id='word_1_346' title='bbox 2742 957 3002 994; x_wconf 79' lang='lat' dir='ltr'><strong>numeros</strong></span> <span class='ocrx_word' id='word_1_347' title='bbox 3038 940 3105 994; x_wconf 90' lang='lat' dir='ltr'><strong>ab</strong></span> <span class='ocrx_word' id='word_1_348' title='bbox 3163 942 3285 994; x_wconf 89' lang='lat' dir='ltr'><strong>aliis</strong></span> <span class='ocrx_word' id='word_1_349' title='bbox 3333 942 3562 1008; x_wconf 87' lang='lat' dir='ltr'><strong>positos.</strong></span> 
     </span>
    </p>
   </div>
   <div class='ocr_carea' id='block_1_52' title="bbox 1987 1030 3563 1103">
    <p class='ocr_par' dir='ltr' id='par_1_52' title="bbox 1987 1030 3563 1103">
     <span class='ocr_line' id='line_1_52' title="bbox 1987 1030 3563 1103; baseline 0.003 -19"><span class='ocrx_word' id='word_1_350' title='bbox 1987 1030 2393 1101; x_wconf 68' lang='lat' dir='ltr'><strong>Ilertzegovinm</strong></span> <span class='ocrx_word' id='word_1_351' title='bbox 2429 1034 2533 1087; x_wconf 90' lang='lat' dir='ltr'><strong>sub</strong></span> <span class='ocrx_word' id='word_1_352' title='bbox 2591 1035 2778 1103; x_wconf 83' lang='lat' dir='ltr'><strong>jngum</strong></span> <span class='ocrx_word' id='word_1_353' title='bbox 2844 1036 3024 1088; x_wconf 73' lang='lat' dir='ltr'><strong>missa:</strong></span> <span class='ocrx_word' id='word_1_354' title='bbox 3060 1034 3281 1088; x_wconf 87' lang='lat' dir='ltr'><strong>nomine</strong></span> <span class='ocrx_word' id='word_1_355' title='bbox 3330 1034 3563 1089; x_wconf 83' lang='lat' dir='ltr'><strong>ducatus</strong></span> 
     </span>
    </p>
   </div>
   <div class='ocr_carea' id='block_1_53' title="bbox 1985 1124 3605 1197">
    <p class='ocr_par' dir='ltr' id='par_1_53' title="bbox 1985 1124 3605 1197">
     <span class='ocr_line' id='line_1_53' title="bbox 1985 1124 3605 1197; baseline 0.001 -21"><span class='ocrx_word' id='word_1_356' title='bbox 1985 1124 2303 1179; x_wconf 77' lang='lat' dir='ltr'><strong>Bozinensis</strong></span> <span class='ocrx_word' id='word_1_357' title='bbox 2326 1126 2668 1197; x_wconf 76' lang='lat' dir='ltr'><strong>intelligitur,</strong></span> <span class='ocrx_word' id='word_1_358' title='bbox 2702 1127 2843 1181; x_wconf 83' lang='lat' dir='ltr'><strong>alius</strong></span> <span class='ocrx_word' id='word_1_359' title='bbox 2875 1144 2900 1178; x_wconf 89' lang='lat' dir='ltr'><strong>a</strong></span> <span class='ocrx_word' id='word_1_360' title='bbox 2937 1142 3140 1195; x_wconf 81' lang='lat' dir='ltr'><strong>regno:</strong></span> <span class='ocrx_word' id='word_1_361' title='bbox 3179 1128 3336 1195; x_wconf 80' lang='lat' dir='ltr'><strong>cujus</strong></span> <span class='ocrx_word' id='word_1_362' title='bbox 3377 1125 3565 1179; x_wconf 86' lang='lat' dir='ltr'><strong>interi-</strong></span> <span class='ocrx_word' id='word_1_363' title='bbox 3594 1152 3605 1157; x_wconf 90' lang='lat'><strong>-</strong></span> 
     </span>
    </p>
   </div>
   <div class='ocr_carea' id='block_1_54' title="bbox 1985 1218 3558 1288">
    <p class='ocr_par' dir='ltr' id='par_1_54' title="bbox 1985 1218 3558 1288">
     <span class='ocr_line' id='line_1_54' title="bbox 1985 1218 3558 1288; baseline 0.002 -18"><span class='ocrx_word' id='word_1_364' title='bbox 1985 1227 2099 1270; x_wconf 90' lang='lat' dir='ltr'><strong>tttm</strong></span> <span class='ocrx_word' id='word_1_365' title='bbox 2150 1218 2407 1288; x_wconf 82' lang='lat' dir='ltr'><strong>deinceps</strong></span> <span class='ocrx_word' id='word_1_366' title='bbox 2454 1236 2683 1272; x_wconf 86' lang='lat' dir='ltr'><strong>numero</strong></span> <span class='ocrx_word' id='word_1_367' title='bbox 2733 1229 2978 1273; x_wconf 89' lang='lat' dir='ltr'><strong>notarum</strong></span> <span class='ocrx_word' id='word_1_368' title='bbox 3041 1219 3139 1273; x_wconf 73' lang='lat'><strong>162</strong></span> <span class='ocrx_word' id='word_1_369' title='bbox 3200 1234 3558 1288; x_wconf 70' lang='lat' dir='ltr'><strong>exponemus.</strong></span> 
     </span>
    </p>
   </div>
   <div class='ocr_carea' id='block_1_55' title="bbox 1986 1309 3555 1382">
    <p class='ocr_par' dir='ltr' id='par_1_55' title="bbox 1986 1309 3555 1382">
     <span class='ocr_line' id='line_1_55' title="bbox 1986 1309 3555 1382; baseline 0.008 -26"><span class='ocrx_word' id='word_1_370' title='bbox 1986 1309 2141 1376; x_wconf 79' lang='lat' dir='ltr'><strong>Quod</strong></span> <span class='ocrx_word' id='word_1_371' title='bbox 2165 1322 2346 1364; x_wconf 79' lang='lat' dir='ltr'><strong>autem</strong></span> <span class='ocrx_word' id='word_1_372' title='bbox 2397 1313 2621 1375; x_wconf 83' lang='lat' dir='ltr'><strong>dicitur,</strong></span> <span class='ocrx_word' id='word_1_373' title='bbox 2663 1312 3055 1367; x_wconf 75' lang='lat' dir='ltr'><strong>Mncbemetcm</strong></span> <span class='ocrx_word' id='word_1_374' title='bbox 3113 1314 3327 1368; x_wconf 68' lang='lat' dir='ltr'><strong>Bozinaa</strong></span> <span class='ocrx_word' id='word_1_375' title='bbox 3378 1329 3555 1382; x_wconf 66' lang='lat' dir='ltr'><strong>regem</strong></span> 
     </span>
    </p>
   </div>
   <div class='ocr_carea' id='block_1_56' title="bbox 1983 1402 3563 1475">
    <p class='ocr_par' dir='ltr' id='par_1_56' title="bbox 1983 1402 3563 1475">
     <span class='ocr_line' id='line_1_56' title="bbox 1983 1402 3563 1475; baseline 0.001 -17"><span class='ocrx_word' id='word_1_376' title='bbox 1983 1417 2201 1470; x_wconf 78' lang='lat' dir='ltr'><strong>Captum</strong></span> <span class='ocrx_word' id='word_1_377' title='bbox 2245 1402 2536 1470; x_wconf 78' lang='lat' dir='ltr'><strong>occidisse,</strong></span> <span class='ocrx_word' id='word_1_378' title='bbox 2603 1407 2767 1475; x_wconf 84' lang='lat' dir='ltr'><strong>paulo</strong></span> <span class='ocrx_word' id='word_1_379' title='bbox 2822 1405 3206 1473; x_wconf 69' lang='lat' dir='ltr'><strong>explicandum</strong></span> <span class='ocrx_word' id='word_1_380' title='bbox 3257 1406 3439 1469; x_wconf 88' lang='lat' dir='ltr'><strong>latius.</strong></span> <span class='ocrx_word' id='word_1_381' title='bbox 3505 1416 3563 1459; x_wconf 85' lang='lat' dir='ltr'><strong>nt</strong></span> 
     </span>
    </p>
   </div>
   <div class='ocr_carea' id='block_1_57' title="bbox 1983 1497 3554 1568">
    <p class='ocr_par' dir='ltr' id='par_1_57' title="bbox 1983 1497 3554 1568">
     <span class='ocr_line' id='line_1_57' title="bbox 1983 1497 3554 1568; baseline 0.003 -21"><span class='ocrx_word' id='word_1_382' title='bbox 1983 1498 2201 1563; x_wconf 78' lang='lat' dir='ltr'><strong>plcnnm</strong></span> <span class='ocrx_word' id='word_1_383' title='bbox 2249 1507 2354 1550; x_wconf 89' lang='lat' dir='ltr'><strong>tam</strong></span> <span class='ocrx_word' id='word_1_384' title='bbox 2390 1498 2633 1552; x_wconf 70' lang='lat' dir='ltr'><strong>barbarae</strong></span> <span class='ocrx_word' id='word_1_385' title='bbox 2675 1498 2912 1568; x_wconf 68' lang='lat' dir='ltr'><strong>perfidia:</strong></span> <span class='ocrx_word' id='word_1_386' title='bbox 2966 1497 3346 1562; x_wconf 77' lang='lat' dir='ltr'><strong>Mucltemctis,</strong></span> <span class='ocrx_word' id='word_1_387' title='bbox 3392 1514 3554 1566; x_wconf 88' lang='lat' dir='ltr'><strong>quam</strong></span> 
     </span>
    </p>
   </div>
   <div class='ocr_carea' id='block_1_58' title="bbox 1983 1588 3558 1660">
    <p class='ocr_par' dir='ltr' id='par_1_58' title="bbox 1983 1588 3558 1660">
     <span class='ocr_line' id='line_1_58' title="bbox 1983 1588 3558 1660; baseline 0.001 -19"><span class='ocrx_word' id='word_1_388' title='bbox 1983 1588 2342 1642; x_wconf 81' lang='lat' dir='ltr'><strong>immanitatis</strong></span> <span class='ocrx_word' id='word_1_389' title='bbox 2377 1590 2662 1644; x_wconf 66' lang='lat' dir='ltr'><strong>horrenda:</strong></span> <span class='ocrx_word' id='word_1_390' title='bbox 2724 1589 2938 1645; x_wconf 77' lang='lat' dir='ltr'><strong>facinus</strong></span> <span class='ocrx_word' id='word_1_391' title='bbox 2994 1599 3380 1660; x_wconf 87' lang='lat' dir='ltr'><strong>cognoscatur.</strong></span> <span class='ocrx_word' id='word_1_392' title='bbox 3434 1590 3558 1644; x_wconf 84' lang='lat' dir='ltr'><strong>Ste-</strong></span> 
     </span>
    </p>
   </div>
   <div class='ocr_carea' id='block_1_59' title="bbox 1982 1681 3556 1751">
    <p class='ocr_par' dir='ltr' id='par_1_59' title="bbox 1982 1681 3556 1751">
     <span class='ocr_line' id='line_1_59' title="bbox 1982 1681 3556 1751; baseline 0.002 -20"><span class='ocrx_word' id='word_1_393' title='bbox 1982 1681 2199 1745; x_wconf 87' lang='lat' dir='ltr'><strong>pbanus</strong></span> <span class='ocrx_word' id='word_1_394' title='bbox 2228 1696 2360 1749; x_wconf 76' lang='lat' dir='ltr'><strong>ergo</strong></span> <span class='ocrx_word' id='word_1_395' title='bbox 2397 1697 2489 1735; x_wconf 78' lang='lat' dir='ltr'><strong>rex</strong></span> <span class='ocrx_word' id='word_1_396' title='bbox 2525 1681 2864 1742; x_wconf 82' lang='lat' dir='ltr'><strong>Bozinensis.</strong></span> <span class='ocrx_word' id='word_1_397' title='bbox 2917 1689 2971 1735; x_wconf 86' lang='lat' dir='ltr'><strong>et</strong></span> <span class='ocrx_word' id='word_1_398' title='bbox 3019 1682 3209 1735; x_wconf 80' lang='lat' dir='ltr'><strong>uxorio</strong></span> <span class='ocrx_word' id='word_1_399' title='bbox 3262 1681 3385 1751; x_wconf 85' lang='lat' dir='ltr'><strong>jure</strong></span> <span class='ocrx_word' id='word_1_400' title='bbox 3433 1682 3556 1751; x_wconf 88' lang='lat' dir='ltr'><strong>(cett</strong></span> 
     </span>
    </p>
   </div>
   <div class='ocr_carea' id='block_1_60' title="bbox 1979 1771 3559 1844">
    <p class='ocr_par' dir='ltr' id='par_1_60' title="bbox 1979 1771 3559 1844">
     <span class='ocr_line' id='line_1_60' title="bbox 1979 1771 3559 1844; baseline 0 -19"><span class='ocrx_word' id='word_1_401' title='bbox 1979 1771 2188 1826; x_wconf 86' lang='lat' dir='ltr'><strong>dictum</strong></span> <span class='ocrx_word' id='word_1_402' title='bbox 2218 1774 2379 1842; x_wconf 87' lang='lat' dir='ltr'><strong>paulo</strong></span> <span class='ocrx_word' id='word_1_403' title='bbox 2409 1774 2558 1840; x_wconf 89' lang='lat' dir='ltr'><strong>ante)</strong></span> <span class='ocrx_word' id='word_1_404' title='bbox 2597 1773 2801 1829; x_wconf 57' lang='lat' dir='ltr'><strong>Serviat</strong></span> <span class='ocrx_word' id='word_1_405' title='bbox 2832 1773 3110 1828; x_wconf 71' lang='lat' dir='ltr'><strong>Rasciteve</strong></span> <span class='ocrx_word' id='word_1_406' title='bbox 3134 1774 3386 1844; x_wconf 82' lang='lat' dir='ltr'><strong>despnta.</strong></span> <span class='ocrx_word' id='word_1_407' title='bbox 3414 1773 3559 1828; x_wconf 90' lang='lat' dir='ltr'><strong>bello</strong></span> 
     </span>
    </p>
   </div>
   <div class='ocr_carea' id='block_1_61' title="bbox 1979 1866 3562 1934">
    <p class='ocr_par' dir='ltr' id='par_1_61' title="bbox 1979 1866 3562 1934">
     <span class='ocr_line' id='line_1_61' title="bbox 1979 1866 3562 1934; baseline -0.001 -14"><span class='ocrx_word' id='word_1_408' title='bbox 1979 1866 2181 1934; x_wconf 90' lang='lat' dir='ltr'><strong>petitus</strong></span> <span class='ocrx_word' id='word_1_409' title='bbox 2216 1881 2244 1919; x_wconf 90' lang='lat' dir='ltr'><strong>a</strong></span> <span class='ocrx_word' id='word_1_410' title='bbox 2275 1866 2495 1920; x_wconf 78' lang='lat' dir='ltr'><strong>sultano</strong></span> <span class='ocrx_word' id='word_1_411' title='bbox 2522 1866 2866 1922; x_wconf 74' lang='lat' dir='ltr'><strong>Mucltemete</strong></span> <span class='ocrx_word' id='word_1_412' title='bbox 2908 1867 2973 1930; x_wconf 87' lang='lat' dir='ltr'><strong>ll,</strong></span> <span class='ocrx_word' id='word_1_413' title='bbox 3001 1876 3058 1923; x_wconf 85' lang='lat' dir='ltr'><strong>et</strong></span> <span class='ocrx_word' id='word_1_414' title='bbox 3108 1868 3368 1922; x_wconf 82' lang='lat' dir='ltr'><strong>obsessus</strong></span> <span class='ocrx_word' id='word_1_415' title='bbox 3420 1866 3562 1920; x_wconf 82' lang='lat' dir='ltr'><strong>Jait-</strong></span> 
     </span>
    </p>
   </div>
   <div class='ocr_carea' id='block_1_62' title="bbox 1978 1958 3567 2029">
    <p class='ocr_par' dir='ltr' id='par_1_62' title="bbox 1978 1958 3567 2029">
     <span class='ocr_line' id='line_1_62' title="bbox 1978 1958 3567 2029; baseline 0.003 -19"><span class='ocrx_word' id='word_1_416' title='bbox 1978 1973 2078 2018; x_wconf 61' lang='grc' dir='ltr'><strong>ιω.</strong></span> <span class='ocrx_word' id='word_1_417' title='bbox 2117 1958 2401 2013; x_wconf 66' lang='lat' dir='ltr'><strong>blanditiis</strong></span> <span class='ocrx_word' id='word_1_418' title='bbox 2437 1960 2654 2029; x_wconf 76' lang='lat' dir='ltr'><strong>tyranni</strong></span> <span class='ocrx_word' id='word_1_419' title='bbox 2694 1975 2789 2027; x_wconf 89' lang='lat' dir='ltr'><strong>per</strong></span> <span class='ocrx_word' id='word_1_420' title='bbox 2842 1960 3107 2029; x_wconf 83' lang='lat' dir='ltr'><strong>quosdam</strong></span> <span class='ocrx_word' id='word_1_421' title='bbox 3167 1961 3234 2015; x_wconf 84' lang='lat' dir='ltr'><strong>tle</strong></span> <span class='ocrx_word' id='word_1_422' title='bbox 3284 1960 3567 2015; x_wconf 73' lang='lat' dir='ltr'><strong>industria</strong></span> 
     </span>
    </p>
   </div>
   <div class='ocr_carea' id='block_1_63' title="bbox 1976 2050 3559 2114">
    <p class='ocr_par' dir='ltr' id='par_1_63' title="bbox 1976 2050 3559 2114">
     <span class='ocr_line' id='line_1_63' title="bbox 1976 2050 3559 2114; baseline -0.001 -9"><span class='ocrx_word' id='word_1_423' title='bbox 1976 2050 2310 2105; x_wconf 87' lang='lat' dir='ltr'><strong>subornatos</strong></span> <span class='ocrx_word' id='word_1_424' title='bbox 2336 2066 2366 2103; x_wconf 88' lang='lat' dir='ltr'><strong>e</strong></span> <span class='ocrx_word' id='word_1_425' title='bbox 2392 2051 2620 2104; x_wconf 82' lang='lat' dir='ltr'><strong>castello</strong></span> <span class='ocrx_word' id='word_1_426' title='bbox 2651 2050 2904 2105; x_wconf 78' lang='lat' dir='ltr'><strong>Jaitzano</strong></span> <span class='ocrx_word' id='word_1_427' title='bbox 2943 2062 3226 2114; x_wconf 81' lang='lat' dir='ltr'><strong>evocatur,</strong></span> <span class='ocrx_word' id='word_1_428' title='bbox 3252 2063 3306 2105; x_wconf 82' lang='lat' dir='ltr'><strong>et</strong></span> <span class='ocrx_word' id='word_1_429' title='bbox 3343 2053 3411 2105; x_wconf 90' lang='lat' dir='ltr'><strong>ad</strong></span> <span class='ocrx_word' id='word_1_430' title='bbox 3444 2051 3559 2106; x_wconf 76' lang='lat' dir='ltr'><strong>cnl-</strong></span> 
     </span>
    </p>
   </div>
   <div class='ocr_carea' id='block_1_64' title="bbox 1978 2139 3556 2210">
    <p class='ocr_par' dir='ltr' id='par_1_64' title="bbox 1978 2139 3556 2210">
     <span class='ocr_line' id='line_1_64' title="bbox 1978 2139 3556 2210; baseline 0.006 -20"><span class='ocrx_word' id='word_1_431' title='bbox 1978 2139 2224 2210; x_wconf 89' lang='lat' dir='ltr'><strong>loquium</strong></span> <span class='ocrx_word' id='word_1_432' title='bbox 2276 2143 2597 2196; x_wconf 79' lang='lat' dir='ltr'><strong>arcessitur.</strong></span> <span class='ocrx_word' id='word_1_433' title='bbox 2655 2141 2794 2197; x_wconf 85' lang='lat' dir='ltr'><strong>Cum</strong></span> <span class='ocrx_word' id='word_1_434' title='bbox 2856 2143 3097 2198; x_wconf 89' lang='lat' dir='ltr'><strong>barbaro</strong></span> <span class='ocrx_word' id='word_1_435' title='bbox 3132 2155 3337 2199; x_wconf 85' lang='lat' dir='ltr'><strong>temere</strong></span> <span class='ocrx_word' id='word_1_436' title='bbox 3397 2145 3556 2199; x_wconf 84' lang='lat' dir='ltr'><strong>tidem</strong></span> 
     </span>
    </p>
   </div>
   <div class='ocr_carea' id='block_1_65' title="bbox 1976 2232 3561 2304">
    <p class='ocr_par' dir='ltr' id='par_1_65' title="bbox 1976 2232 3561 2304">
     <span class='ocr_line' id='line_1_65' title="bbox 1976 2232 3561 2304; baseline 0.003 -20"><span class='ocrx_word' id='word_1_437' title='bbox 1976 2232 2273 2294; x_wconf 82' lang='lat' dir='ltr'><strong>habuisset,</strong></span> <span class='ocrx_word' id='word_1_438' title='bbox 2308 2248 2582 2301; x_wconf 83' lang='lat' dir='ltr'><strong>manuque</strong></span> <span class='ocrx_word' id='word_1_439' title='bbox 2604 2235 2781 2298; x_wconf 81' lang='lat' dir='ltr'><strong>capita</strong></span> <span class='ocrx_word' id='word_1_440' title='bbox 2811 2238 2959 2304; x_wconf 86' lang='lat' dir='ltr'><strong>pacis</strong></span> <span class='ocrx_word' id='word_1_441' title='bbox 2993 2236 3137 2289; x_wconf 89' lang='lat' dir='ltr'><strong>inter</strong></span> <span class='ocrx_word' id='word_1_442' title='bbox 3160 2254 3215 2292; x_wconf 90' lang='lat' dir='ltr'><strong>se</strong></span> <span class='ocrx_word' id='word_1_443' title='bbox 3240 2252 3303 2291; x_wconf 88' lang='lat' dir='ltr'><strong>ac</strong></span> <span class='ocrx_word' id='word_1_444' title='bbox 3338 2236 3561 2291; x_wconf 82' lang='lat' dir='ltr'><strong>Mncbe-</strong></span> 
     </span>
    </p>
   </div>
   <div class='ocr_carea' id='block_1_66' title="bbox 1976 2323 3554 2395">
    <p class='ocr_par' dir='ltr' id='par_1_66' title="bbox 1976 2323 3554 2395">
     <span class='ocr_line' id='line_1_66' title="bbox 1976 2323 3554 2395; baseline 0.005 -19"><span class='ocrx_word' id='word_1_445' title='bbox 1976 2335 2171 2378; x_wconf 89' lang='lat' dir='ltr'><strong>metem</strong></span> <span class='ocrx_word' id='word_1_446' title='bbox 2208 2323 2358 2378; x_wconf 68' lang='lat' dir='ltr'><strong>initae</strong></span> <span class='ocrx_word' id='word_1_447' title='bbox 2385 2335 2629 2394; x_wconf 86' lang='lat' dir='ltr'><strong>gestans.</strong></span> <span class='ocrx_word' id='word_1_448' title='bbox 2663 2326 2717 2379; x_wconf 91' lang='lat' dir='ltr'><strong>in</strong></span> <span class='ocrx_word' id='word_1_449' title='bbox 2782 2338 2961 2381; x_wconf 82' lang='lat' dir='ltr'><strong>castra</strong></span> <span class='ocrx_word' id='word_1_450' title='bbox 3000 2330 3265 2389; x_wconf 79' lang='lat' dir='ltr'><strong>venisset.</strong></span> <span class='ocrx_word' id='word_1_451' title='bbox 3302 2330 3554 2395; x_wconf 81' lang='lat' dir='ltr'><strong>capitur:</strong></span> 
     </span>
    </p>
   </div>
   <div class='ocr_carea' id='block_1_67' title="bbox 1972 2417 3559 2489">
    <p class='ocr_par' dir='ltr' id='par_1_67' title="bbox 1972 2417 3559 2489">
     <span class='ocr_line' id='line_1_67' title="bbox 1972 2417 3559 2489; baseline 0.003 -18"><span class='ocrx_word' id='word_1_452' title='bbox 1972 2428 2118 2480; x_wconf 86' lang='lat' dir='ltr'><strong>cute,</strong></span> <span class='ocrx_word' id='word_1_453' title='bbox 2150 2421 2306 2483; x_wconf 81' lang='lat' dir='ltr'><strong>jussu</strong></span> <span class='ocrx_word' id='word_1_454' title='bbox 2333 2417 2710 2484; x_wconf 83' lang='lat' dir='ltr'><strong>Mucbemetis,</strong></span> <span class='ocrx_word' id='word_1_455' title='bbox 2746 2421 2904 2474; x_wconf 83' lang='lat' dir='ltr'><strong>vivus</strong></span> <span class='ocrx_word' id='word_1_456' title='bbox 2939 2420 3198 2475; x_wconf 78' lang='lat' dir='ltr'><strong>exuitur:</strong></span> <span class='ocrx_word' id='word_1_457' title='bbox 3229 2421 3378 2489; x_wconf 81' lang='lat' dir='ltr'><strong>justo</strong></span> <span class='ocrx_word' id='word_1_458' title='bbox 3405 2423 3559 2476; x_wconf 75' lang='lat' dir='ltr'><strong>deni-</strong></span> 
     </span>
    </p>
   </div>
   <div class='ocr_carea' id='block_1_68' title="bbox 1971 2506 3556 2578">
    <p class='ocr_par' dir='ltr' id='par_1_68' title="bbox 1971 2506 3556 2578">
     <span class='ocr_line' id='line_1_68' title="bbox 1971 2506 3556 2578; baseline 0 -17"><span class='ocrx_word' id='word_1_459' title='bbox 1971 2523 2078 2576; x_wconf 86' lang='lat' dir='ltr'><strong>que</strong></span> <span class='ocrx_word' id='word_1_460' title='bbox 2110 2506 2200 2560; x_wconf 87' lang='lat' dir='ltr'><strong>Dei</strong></span> <span class='ocrx_word' id='word_1_461' title='bbox 2234 2507 2441 2576; x_wconf 90' lang='lat' dir='ltr'><strong>judicio</strong></span> <span class='ocrx_word' id='word_1_462' title='bbox 2473 2522 2596 2560; x_wconf 91' lang='lat' dir='ltr'><strong>cum</strong></span> <span class='ocrx_word' id='word_1_463' title='bbox 2635 2508 2743 2562; x_wconf 76' lang='lat' dir='ltr'><strong>vita</strong></span> <span class='ocrx_word' id='word_1_464' title='bbox 2794 2524 3044 2578; x_wconf 88' lang='lat' dir='ltr'><strong>regnum,</strong></span> <span class='ocrx_word' id='word_1_465' title='bbox 3080 2525 3191 2577; x_wconf 89' lang='lat' dir='ltr'><strong>quo</strong></span> <span class='ocrx_word' id='word_1_466' title='bbox 3226 2508 3414 2562; x_wconf 82' lang='lat' dir='ltr'><strong>fraude</strong></span> <span class='ocrx_word' id='word_1_467' title='bbox 3462 2525 3556 2578; x_wconf 88' lang='lat' dir='ltr'><strong>pa-</strong></span> 
     </span>
    </p>
   </div>
   <div class='ocr_carea' id='block_1_69' title="bbox 1970 2599 3558 2665">
    <p class='ocr_par' dir='ltr' id='par_1_69' title="bbox 1970 2599 3558 2665">
     <span class='ocr_line' id='line_1_69' title="bbox 1970 2599 3558 2665; baseline 0.001 -12"><span class='ocrx_word' id='word_1_468' title='bbox 1970 2609 2108 2653; x_wconf 89' lang='lat' dir='ltr'><strong>trem</strong></span> <span class='ocrx_word' id='word_1_469' title='bbox 2133 2599 2276 2653; x_wconf 87' lang='lat' dir='ltr'><strong>tilius</strong></span> <span class='ocrx_word' id='word_1_470' title='bbox 2310 2600 2611 2653; x_wconf 81' lang='lat' dir='ltr'><strong>sceleratus</strong></span> <span class='ocrx_word' id='word_1_471' title='bbox 2632 2610 2974 2665; x_wconf 67' lang='lat' dir='ltr'><strong>excusserat,</strong></span> <span class='ocrx_word' id='word_1_472' title='bbox 3014 2602 3240 2656; x_wconf 87' lang='lat' dir='ltr'><strong>amittit.</strong></span> <span class='ocrx_word' id='word_1_473' title='bbox 3291 2599 3409 2654; x_wconf 83' lang='lat' dir='ltr'><strong>Hoc</strong></span> <span class='ocrx_word' id='word_1_474' title='bbox 3438 2616 3558 2654; x_wconf 87' lang='lat' dir='ltr'><strong>mo-</strong></span> 
     </span>
    </p>
   </div>
   <div class='ocr_carea' id='block_1_70' title="bbox 1970 2677 3555 2765">
    <p class='ocr_par' dir='ltr' id='par_1_70' title="bbox 1970 2677 3555 2765">
     <span class='ocr_line' id='line_1_70' title="bbox 1970 2677 3555 2765; baseline 0 -18"><span class='ocrx_word' id='word_1_475' title='bbox 1970 2692 2041 2747; x_wconf 93' lang='lat' dir='ltr'><strong>do</strong></span> <span class='ocrx_word' id='word_1_476' title='bbox 2071 2703 2181 2746; x_wconf 90' lang='lat' dir='ltr'><strong>tum</strong></span> <span class='ocrx_word' id='word_1_477' title='bbox 2216 2691 2416 2746; x_wconf 83' lang='lat' dir='ltr'><strong>Bozins</strong></span> <span class='ocrx_word' id='word_1_478' title='bbox 2444 2691 2665 2756; x_wconf 78' lang='lat' dir='ltr'><strong>Rascia,</strong></span> <span class='ocrx_word' id='word_1_479' title='bbox 2692 2694 2896 2749; x_wconf 59' lang='lat' dir='ltr'><strong>Servi:</strong></span> <span class='ocrx_word' id='word_1_480' title='bbox 2929 2677 3123 2765; x_wconf 84' lang='lat' dir='ltr'><strong>magna</strong></span> <span class='ocrx_word' id='word_1_481' title='bbox 3162 2708 3309 2763; x_wconf 82' lang='lat' dir='ltr'><strong>pars.</strong></span> <span class='ocrx_word' id='word_1_482' title='bbox 3344 2692 3555 2747; x_wconf 89' lang='lat' dir='ltr'><strong>Turco-</strong></span> 
     </span>
    </p>
   </div>
   <div class='ocr_carea' id='block_1_71' title="bbox 1970 2784 3553 2855">
    <p class='ocr_par' dir='ltr' id='par_1_71' title="bbox 1970 2784 3553 2855">
     <span class='ocr_line' id='line_1_71' title="bbox 1970 2784 3553 2855; baseline 0.001 -16"><span class='ocrx_word' id='word_1_483' title='bbox 1970 2800 2090 2839; x_wconf 91' lang='lat' dir='ltr'><strong>rum</strong></span> <span class='ocrx_word' id='word_1_484' title='bbox 2151 2785 2205 2839; x_wconf 92' lang='lat' dir='ltr'><strong>in</strong></span> <span class='ocrx_word' id='word_1_485' title='bbox 2261 2793 2588 2855; x_wconf 87' lang='lat' dir='ltr'><strong>potestatem</strong></span> <span class='ocrx_word' id='word_1_486' title='bbox 2638 2786 2809 2841; x_wconf 84' lang='lat' dir='ltr'><strong>venit.</strong></span> <span class='ocrx_word' id='word_1_487' title='bbox 2876 2784 3132 2840; x_wconf 79' lang='lat' dir='ltr'><strong>Mattliias</strong></span> <span class='ocrx_word' id='word_1_488' title='bbox 3196 2797 3378 2840; x_wconf 83' lang='lat' dir='ltr'><strong>tamen</strong></span> <span class='ocrx_word' id='word_1_489' title='bbox 3460 2801 3553 2841; x_wconf 74' lang='lat' dir='ltr'><strong>rex</strong></span> 
     </span>
    </p>
   </div>
   <div class='ocr_carea' id='block_1_72' title="bbox 1971 2875 3554 2949">
    <p class='ocr_par' dir='ltr' id='par_1_72' title="bbox 1971 2875 3554 2949">
     <span class='ocr_line' id='line_1_72' title="bbox 1971 2875 3554 2949; baseline 0.001 -18"><span class='ocrx_word' id='word_1_490' title='bbox 1971 2876 2228 2945; x_wconf 84' lang='lat' dir='ltr'><strong>Ungarus</strong></span> <span class='ocrx_word' id='word_1_491' title='bbox 2274 2875 2502 2931; x_wconf 78' lang='lat' dir='ltr'><strong>Jaitzatn</strong></span> <span class='ocrx_word' id='word_1_492' title='bbox 2535 2894 2661 2931; x_wconf 90' lang='lat' dir='ltr'><strong>cum</strong></span> <span class='ocrx_word' id='word_1_493' title='bbox 2691 2878 2763 2933; x_wconf 73' lang='grc'><strong>27</strong></span> <span class='ocrx_word' id='word_1_494' title='bbox 2810 2876 3025 2935; x_wconf 69' lang='lat' dir='ltr'><strong>Boiinaa</strong></span> <span class='ocrx_word' id='word_1_495' title='bbox 3048 2880 3263 2949; x_wconf 81' lang='lat' dir='ltr'><strong>oppidis</strong></span> <span class='ocrx_word' id='word_1_496' title='bbox 3316 2878 3554 2947; x_wconf 85' lang='lat' dir='ltr'><strong>recepit:</strong></span> 
     </span>
    </p>
   </div>
   <div class='ocr_carea' id='block_1_73' title="bbox 1967 2973 3557 3041">
    <p class='ocr_par' dir='ltr' id='par_1_73' title="bbox 1967 2973 3557 3041">
     <span class='ocr_line' id='line_1_73' title="bbox 1967 2973 3557 3041; baseline 0.003 -19"><span class='ocrx_word' id='word_1_497' title='bbox 1967 2988 2131 3041; x_wconf 84' lang='lat' dir='ltr'><strong>quam</strong></span> <span class='ocrx_word' id='word_1_498' title='bbox 2158 2973 2392 3027; x_wconf 90' lang='lat' dir='ltr'><strong>militum</strong></span> <span class='ocrx_word' id='word_1_499' title='bbox 2431 2988 2631 3027; x_wconf 90' lang='lat' dir='ltr'><strong>corona</strong></span> <span class='ocrx_word' id='word_1_500' title='bbox 2665 2973 2863 3028; x_wconf 85' lang='lat' dir='ltr'><strong>deinde</strong></span> <span class='ocrx_word' id='word_1_501' title='bbox 2896 2990 3117 3029; x_wconf 91' lang='lat' dir='ltr'><strong>rursum</strong></span> <span class='ocrx_word' id='word_1_502' title='bbox 3179 2973 3557 3027; x_wconf 79' lang='lat' dir='ltr'><strong>Mucbcmetes</strong></span> 
     </span>
    </p>
   </div>
   <div class='ocr_carea' id='block_1_74' title="bbox 1968 3064 3556 3136">
    <p class='ocr_par' dir='ltr' id='par_1_74' title="bbox 1968 3064 3556 3136">
     <span class='ocr_line' id='line_1_74' title="bbox 1968 3064 3556 3136; baseline -0.002 -15"><span class='ocrx_word' id='word_1_503' title='bbox 1968 3066 2356 3133; x_wconf 74' lang='lat' dir='ltr'><strong>circumdedit,</strong></span> <span class='ocrx_word' id='word_1_504' title='bbox 2397 3076 2451 3120; x_wconf 92' lang='lat' dir='ltr'><strong>et</strong></span> <span class='ocrx_word' id='word_1_505' title='bbox 2477 3068 2851 3136; x_wconf 75' lang='lat' dir='ltr'><strong>oppugnavit:</strong></span> <span class='ocrx_word' id='word_1_506' title='bbox 2878 3067 3142 3136; x_wconf 83' lang='lat' dir='ltr'><strong>irritoque</strong></span> <span class='ocrx_word' id='word_1_507' title='bbox 3158 3076 3380 3126; x_wconf 88' lang='lat' dir='ltr'><strong>conatu,</strong></span> <span class='ocrx_word' id='word_1_508' title='bbox 3412 3064 3556 3118; x_wconf 88' lang='lat' dir='ltr'><strong>fama</strong></span> 
     </span>
    </p>
   </div>
   <div class='ocr_carea' id='block_1_75' title="bbox 1895 3155 3554 3248">
    <p class='ocr_par' dir='ltr' id='par_1_75' title="bbox 1895 3155 3554 3248">
     <span class='ocr_line' id='line_1_75' title="bbox 1895 3155 3554 3248; baseline 0 -38"><span class='ocrx_word' id='word_1_509' title='bbox 1895 3158 2613 3248; x_wconf 75' lang='lat' dir='ltr'><strong>c.duntaxatadventantis</strong></span> <span class='ocrx_word' id='word_1_510' title='bbox 2642 3159 2883 3214; x_wconf 67' lang='lat' dir='ltr'><strong>Matthiae</strong></span> <span class='ocrx_word' id='word_1_511' title='bbox 2916 3159 3138 3214; x_wconf 86' lang='lat' dir='ltr'><strong>territus</strong></span> <span class='ocrx_word' id='word_1_512' title='bbox 3192 3157 3260 3212; x_wconf 87' lang='lat' dir='ltr'><strong>ab</strong></span> <span class='ocrx_word' id='word_1_513' title='bbox 3314 3155 3554 3211; x_wconf 81' lang='lat' dir='ltr'><strong>obsidio-</strong></span> 
     </span>
    </p>
   </div>
   <div class='ocr_carea' id='block_1_76' title="bbox 1976 3247 3560 3321">
    <p class='ocr_par' dir='ltr' id='par_1_76' title="bbox 1976 3247 3560 3321">
     <span class='ocr_line' id='line_1_76' title="bbox 1976 3247 3560 3321; baseline 0.001 -17"><span class='ocrx_word' id='word_1_514' title='bbox 1976 3270 2060 3305; x_wconf 80' lang='lat' dir='ltr'><strong>ne.</strong></span> <span class='ocrx_word' id='word_1_515' title='bbox 2094 3251 2421 3320; x_wconf 69' lang='lat' dir='ltr'><strong>Boziuueque</strong></span> <span class='ocrx_word' id='word_1_516' title='bbox 2451 3250 2674 3316; x_wconf 87' lang='lat' dir='ltr'><strong>finibus,</strong></span> <span class='ocrx_word' id='word_1_517' title='bbox 2707 3252 2987 3307; x_wconf 89' lang='lat' dir='ltr'><strong>discessit.</strong></span> <span class='ocrx_word' id='word_1_518' title='bbox 3044 3250 3120 3306; x_wconf 88' lang='lat' dir='ltr'><strong>De</strong></span> <span class='ocrx_word' id='word_1_519' title='bbox 3154 3251 3355 3321; x_wconf 87' lang='lat' dir='ltr'><strong>oppido</strong></span> <span class='ocrx_word' id='word_1_520' title='bbox 3402 3247 3560 3305; x_wconf 83' lang='lat' dir='ltr'><strong>Hert-</strong></span> 
     </span>
    </p>
   </div>
   <div class='ocr_carea' id='block_1_77' title="bbox 1972 3342 3556 3413">
    <p class='ocr_par' dir='ltr' id='par_1_77' title="bbox 1972 3342 3556 3413">
     <span class='ocr_line' id='line_1_77' title="bbox 1972 3342 3556 3413; baseline -0.001 -16"><span class='ocrx_word' id='word_1_521' title='bbox 1972 3344 2230 3411; x_wconf 74' lang='lat' dir='ltr'><strong>lt&#39;govitta</strong></span> <span class='ocrx_word' id='word_1_522' title='bbox 2290 3343 2495 3397; x_wconf 88' lang='lat' dir='ltr'><strong>dictum</strong></span> <span class='ocrx_word' id='word_1_523' title='bbox 2532 3343 2809 3412; x_wconf 79' lang='lat' dir='ltr'><strong>superius,</strong></span> <span class='ocrx_word' id='word_1_524' title='bbox 2872 3343 3049 3413; x_wconf 87' lang='lat' dir='ltr'><strong>capite</strong></span> <span class='ocrx_word' id='word_1_525' title='bbox 3106 3342 3195 3399; x_wconf 84' lang='lat'><strong>95.</strong></span> <span class='ocrx_word' id='word_1_526' title='bbox 3247 3342 3556 3398; x_wconf 77' lang='lat' dir='ltr'><strong>Covadzam</strong></span> 
     </span>
    </p>
   </div>
   <div class='ocr_carea' id='block_1_78' title="bbox 1971 3432 3560 3505">
    <p class='ocr_par' dir='ltr' id='par_1_78' title="bbox 1971 3432 3560 3505">
     <span class='ocr_line' id='line_1_78' title="bbox 1971 3432 3560 3505; baseline 0.001 -16"><span class='ocrx_word' id='word_1_527' title='bbox 1971 3435 2134 3489; x_wconf 77' lang='lat' dir='ltr'><strong>Turci</strong></span> <span class='ocrx_word' id='word_1_528' title='bbox 2181 3450 2305 3489; x_wconf 89' lang='lat' dir='ltr'><strong>cum</strong></span> <span class='ocrx_word' id='word_1_529' title='bbox 2344 3432 2652 3489; x_wconf 58' lang='lat' dir='ltr'><strong>&#39;Bozinacis</strong></span> <span class='ocrx_word' id='word_1_530' title='bbox 2715 3444 2773 3489; x_wconf 87' lang='lat' dir='ltr'><strong>et</strong></span> <span class='ocrx_word' id='word_1_531' title='bbox 2829 3435 3046 3489; x_wconf 84' lang='lat' dir='ltr'><strong>Creatis</strong></span> <span class='ocrx_word' id='word_1_532' title='bbox 3097 3436 3383 3505; x_wconf 86' lang='lat' dir='ltr'><strong>appellant</strong></span> <span class='ocrx_word' id='word_1_533' title='bbox 3435 3452 3560 3505; x_wconf 69' lang='lat' dir='ltr'><strong>qum</strong></span> 
     </span>
    </p>
   </div>
   <div class='ocr_carea' id='block_1_79' title="bbox 1970 3526 3559 3598">
    <p class='ocr_par' dir='ltr' id='par_1_79' title="bbox 1970 3526 3559 3598">
     <span class='ocr_line' id='line_1_79' title="bbox 1970 3526 3559 3598; baseline -0.001 -14"><span class='ocrx_word' id='word_1_534' title='bbox 1970 3529 2141 3584; x_wconf 84' lang='lat' dir='ltr'><strong>Jaitza</strong></span> <span class='ocrx_word' id='word_1_535' title='bbox 2174 3528 2467 3588; x_wconf 86' lang='lat' dir='ltr'><strong>Bonillnio.</strong></span> <span class='ocrx_word' id='word_1_536' title='bbox 2538 3526 2961 3598; x_wconf 81' lang='lat' dir='ltr'><strong>Cltalcocondyli</strong></span> <span class='ocrx_word' id='word_1_537' title='bbox 3018 3526 3220 3590; x_wconf 89' lang='lat' dir='ltr'><strong>Gaitia,</strong></span> <span class='ocrx_word' id='word_1_538' title='bbox 3281 3529 3559 3598; x_wconf 82' lang='lat' dir='ltr'><strong>pauloque</strong></span> 
     </span>
    </p>
   </div>
   <div class='ocr_carea' id='block_1_80' title="bbox 1972 3618 3317 3677">
    <p class='ocr_par' dir='ltr' id='par_1_80' title="bbox 1972 3618 3317 3677">
     <span class='ocr_line' id='line_1_80' title="bbox 1972 3618 3317 3677; baseline -0.004 0"><span class='ocrx_word' id='word_1_539' title='bbox 1972 3622 2175 3677; x_wconf 77' lang='lat' dir='ltr'><strong>rectius</strong></span> <span class='ocrx_word' id='word_1_540' title='bbox 2199 3620 2387 3675; x_wconf 83' lang='lat' dir='ltr'><strong>Gaitza</strong></span> <span class='ocrx_word' id='word_1_541' title='bbox 2423 3619 2761 3675; x_wconf 86' lang='lat' dir='ltr'><strong>nominatur.</strong></span> <span class='ocrx_word' id='word_1_542' title='bbox 3312 3618 3317 3623; x_wconf 77' lang='grc'><em>’</em></span> 
     </span>
    </p>
   </div>
   <div class='ocr_carea' id='block_1_81' title="bbox 1972 3729 3553 3855">
    <p class='ocr_par' dir='ltr' id='par_1_81' title="bbox 1972 3729 3553 3855">
     <span class='ocr_line' id='line_1_81' title="bbox 1972 3729 3553 3855; baseline -0.002 -68"><span class='ocrx_word' id='word_1_543' title='bbox 1972 3734 2094 3788; x_wconf 70' lang='grc'><strong>142.</strong></span> <span class='ocrx_word' id='word_1_544' title='bbox 2118 3732 2305 3789; x_wconf 80' lang='lat' dir='ltr'><strong>Plures</strong></span> <span class='ocrx_word' id='word_1_545' title='bbox 2324 3733 2377 3786; x_wconf 80' lang='lat' dir='ltr'><strong>in</strong></span> <span class='ocrx_word' id='word_1_546' title='bbox 2392 3730 2617 3786; x_wconf 81' lang='lat' dir='ltr'><strong>Albania</strong></span> <span class='ocrx_word' id='word_1_547' title='bbox 2634 3733 2927 3855; x_wconf 56' lang='grc' dir='ltr'><strong>ιῗςὶηςὶριιηι</strong></span> <span class='ocrx_word' id='word_1_548' title='bbox 2946 3731 3170 3786; x_wconf 83' lang='lat' dir='ltr'><strong>ditiones</strong></span> <span class='ocrx_word' id='word_1_549' title='bbox 3187 3748 3206 3786; x_wconf 89' lang='lat'><strong><em>:</em></strong></span> <span class='ocrx_word' id='word_1_550' title='bbox 3232 3729 3553 3799; x_wconf 79' lang='lat' dir='ltr'><strong>Giolchisar,</strong></span> 
     </span>
     <span class='ocr_line' id='line_1_82' title="bbox 2008 3816 2885 3855; baseline 0 0"><span class='ocrx_word' id='word_1_551' title='bbox 2008 3828 2015 3831; x_wconf 31' lang='grc' dir='ltr'><em>Α</em></span> <span class='ocrx_word' id='word_1_552' title='bbox 2468 3818 2475 3823; x_wconf 90' lang='grc'><strong>·</strong></span> <span class='ocrx_word' id='word_1_553' title='bbox 2668 3816 2885 3855; x_wconf 74' lang='lat' dir='ltr'><strong>.armos.</strong></span> 
     </span>
    </p>
   </div>
   <div class='ocr_carea' id='block_1_82' title="bbox 2008 3816 2885 3870">
    <p class='ocr_par' dir='ltr' id='par_1_82' title="bbox 2008 3816 2885 3870">
     <span class='ocr_line' id='line_1_83' title="bbox 2008 3816 2885 3870; baseline 0 -14"><span class='ocrx_word' id='word_1_554' title='bbox 2008 3828 2015 3831; x_wconf 31' lang='grc' dir='ltr'><em>Α</em></span> <span class='ocrx_word' id='word_1_555' title='bbox 2468 3818 2475 3823; x_wconf 83' lang='grc'><em>’</em></span> <span class='ocrx_word' id='word_1_556' title='bbox 2644 3816 2885 3870; x_wconf 72' lang='lat' dir='ltr'><strong>Lgnpos.</strong></span> 
     </span>
    </p>
   </div>
   <div class='ocr_carea' id='block_1_83' title="bbox 1938 3893 3554 3964">
    <p class='ocr_par' dir='ltr' id='par_1_83' title="bbox 1938 3893 3554 3964">
     <span class='ocr_line' id='line_1_84' title="bbox 1938 3893 3554 3964; baseline -0.003 -11"><span class='ocrx_word' id='word_1_557' title='bbox 1938 3958 1950 3962; x_wconf 18' lang='grc' dir='ltr'><strong>ἢ</strong></span> <span class='ocrx_word' id='word_1_558' title='bbox 2010 3895 2211 3952; x_wconf 52' lang='lat' dir='ltr'><strong>‘Erant</strong></span> <span class='ocrx_word' id='word_1_559' title='bbox 2246 3896 2299 3951; x_wconf 92' lang='lat' dir='ltr'><strong>iu</strong></span> <span class='ocrx_word' id='word_1_560' title='bbox 2334 3894 2566 3949; x_wconf 77' lang='lat' dir='ltr'><strong>Albania</strong></span> <span class='ocrx_word' id='word_1_561' title='bbox 2596 3894 2780 3964; x_wconf 83' lang='lat' dir='ltr'><strong>plures</strong></span> <span class='ocrx_word' id='word_1_562' title='bbox 2804 3894 3001 3963; x_wconf 86' lang='lat' dir='ltr'><strong>reguli,</strong></span> <span class='ocrx_word' id='word_1_563' title='bbox 3029 3894 3122 3964; x_wconf 87' lang='lat' dir='ltr'><strong>qui</strong></span> <span class='ocrx_word' id='word_1_564' title='bbox 3190 3909 3320 3950; x_wconf 90' lang='lat' dir='ltr'><strong>suas</strong></span> <span class='ocrx_word' id='word_1_565' title='bbox 3356 3893 3554 3964; x_wconf 89' lang='lat' dir='ltr'><strong>singuli</strong></span> 
     </span>
    </p>
   </div>
   <div class='ocr_carea' id='block_1_84' title="bbox 1972 3984 3556 4049">
    <p class='ocr_par' dir='ltr' id='par_1_84' title="bbox 1972 3984 3556 4049">
     <span class='ocr_line' id='line_1_85' title="bbox 1972 3984 3556 4049; baseline -0.002 -8"><span class='ocrx_word' id='word_1_566' title='bbox 1972 3985 2210 4043; x_wconf 81' lang='lat' dir='ltr'><strong>ditiones</strong></span> <span class='ocrx_word' id='word_1_567' title='bbox 2276 3989 2572 4041; x_wconf 81' lang='lat' dir='ltr'><strong>habebant.</strong></span> <span class='ocrx_word' id='word_1_568' title='bbox 2622 3986 2797 4041; x_wconf 83' lang='lat' dir='ltr'><strong>lnter&#39;</strong></span> <span class='ocrx_word' id='word_1_569' title='bbox 2830 3986 2927 4040; x_wconf 87' lang='lat' dir='ltr'><strong>Itas</strong></span> <span class='ocrx_word' id='word_1_570' title='bbox 2985 3995 3103 4039; x_wconf 83' lang='lat' dir='ltr'><strong>erat</strong></span> <span class='ocrx_word' id='word_1_571' title='bbox 3159 3984 3367 4049; x_wconf 82' lang='lat' dir='ltr'><strong>lbanis,</strong></span> <span class='ocrx_word' id='word_1_572' title='bbox 3439 3987 3556 4039; x_wconf 81' lang='lat' dir='ltr'><strong>sive</strong></span> 
     </span>
    </p>
   </div>
   <div class='ocr_carea' id='block_1_85' title="bbox 1970 4078 3553 4159">
    <p class='ocr_par' dir='ltr' id='par_1_85' title="bbox 1970 4078 3553 4159">
     <span class='ocr_line' id='line_1_86' title="bbox 1970 4078 3553 4159; baseline -0.001 -25"><span class='ocrx_word' id='word_1_573' title='bbox 1970 4078 2198 4134; x_wconf 82' lang='lat' dir='ltr'><strong>Joannis</strong></span> <span class='ocrx_word' id='word_1_574' title='bbox 2223 4097 2238 4144; x_wconf 89' lang='lat'><strong>;</strong></span> <span class='ocrx_word' id='word_1_575' title='bbox 2261 4079 2549 4135; x_wconf 70' lang='lat' dir='ltr'><strong>Castriotaa</strong></span> <span class='ocrx_word' id='word_1_576' title='bbox 2580 4080 2752 4149; x_wconf 85' lang='lat' dir='ltr'><strong>regio,</strong></span> <span class='ocrx_word' id='word_1_577' title='bbox 2785 4080 2853 4134; x_wconf 89' lang='lat' dir='ltr'><strong>de</strong></span> <span class='ocrx_word' id='word_1_578' title='bbox 2902 4095 3009 4149; x_wconf 86' lang='lat' dir='ltr'><strong>qua</strong></span> <span class='ocrx_word' id='word_1_579' title='bbox 3040 4080 3294 4150; x_wconf 86' lang='lat' dir='ltr'><strong>superius</strong></span> <span class='ocrx_word' id='word_1_580' title='bbox 3346 4079 3553 4159; x_wconf 84' lang='lat' dir='ltr'><strong>dictum</strong></span> 
     </span>
    </p>
   </div>
   <div class='ocr_carea' id='block_1_86' title="bbox 1971 4173 3557 4245">
    <p class='ocr_par' dir='ltr' id='par_1_86' title="bbox 1971 4173 3557 4245">
     <span class='ocr_line' id='line_1_87' title="bbox 1971 4173 3557 4245; baseline 0 -15"><span class='ocrx_word' id='word_1_581' title='bbox 1971 4177 2149 4245; x_wconf 74' lang='lat' dir='ltr'><strong>Capite</strong></span> <span class='ocrx_word' id='word_1_582' title='bbox 2172 4176 2293 4230; x_wconf 73' lang='grc'><strong>121.</strong></span> <span class='ocrx_word' id='word_1_583' title='bbox 2328 4174 2478 4229; x_wconf 85' lang='lat' dir='ltr'><strong>Hanc</strong></span> <span class='ocrx_word' id='word_1_584' title='bbox 2511 4175 2681 4228; x_wconf 90' lang='lat' dir='ltr'><strong>armis</strong></span> <span class='ocrx_word' id='word_1_585' title='bbox 2712 4190 2856 4229; x_wconf 91' lang='lat' dir='ltr'><strong>nunc</strong></span> <span class='ocrx_word' id='word_1_586' title='bbox 2907 4175 3139 4244; x_wconf 86' lang='lat' dir='ltr'><strong>imperio</strong></span> <span class='ocrx_word' id='word_1_587' title='bbox 3197 4173 3557 4230; x_wconf 85' lang='lat' dir='ltr'><strong>Muchctnctis</strong></span> 
     </span>
    </p>
   </div>
   <div class='ocr_carea' id='block_1_87' title="bbox 1972 4266 3560 4336">
    <p class='ocr_par' dir='ltr' id='par_1_87' title="bbox 1972 4266 3560 4336">
     <span class='ocr_line' id='line_1_88' title="bbox 1972 4266 3560 4336; baseline -0.002 -13"><span class='ocrx_word' id='word_1_588' title='bbox 1972 4270 2206 4325; x_wconf 81' lang='lat' dir='ltr'><strong>cessisse</strong></span> <span class='ocrx_word' id='word_1_589' title='bbox 2232 4268 2476 4322; x_wconf 85' lang='lat' dir='ltr'><strong>referunt</strong></span> <span class='ocrx_word' id='word_1_590' title='bbox 2510 4267 2773 4332; x_wconf 80' lang='lat' dir='ltr'><strong>Annales,</strong></span> <span class='ocrx_word' id='word_1_591' title='bbox 2802 4267 2947 4336; x_wconf 91' lang='lat' dir='ltr'><strong>quod</strong></span> <span class='ocrx_word' id='word_1_592' title='bbox 2997 4268 3088 4321; x_wconf 85' lang='lat' dir='ltr'><strong>alii</strong></span> <span class='ocrx_word' id='word_1_593' title='bbox 3134 4266 3339 4321; x_wconf 75' lang='lat' dir='ltr'><strong>factum</strong></span> <span class='ocrx_word' id='word_1_594' title='bbox 3401 4267 3560 4322; x_wconf 85' lang='lat' dir='ltr'><strong>dedi-</strong></span> 
     </span>
    </p>
   </div>
   <div class='ocr_carea' id='block_1_88' title="bbox 1972 4358 3558 4417">
    <p class='ocr_par' dir='ltr' id='par_1_88' title="bbox 1972 4358 3558 4417">
     <span class='ocr_line' id='line_1_89' title="bbox 1972 4358 3558 4417; baseline -0.002 0"><span class='ocrx_word' id='word_1_595' title='bbox 1972 4363 2121 4417; x_wconf 90' lang='lat' dir='ltr'><strong>tione</strong></span> <span class='ocrx_word' id='word_1_596' title='bbox 2155 4368 2405 4415; x_wconf 87' lang='lat' dir='ltr'><strong>narrant.</strong></span> <span class='ocrx_word' id='word_1_597' title='bbox 2436 4358 2709 4412; x_wconf 86' lang='lat' dir='ltr'><strong>Laonicns</strong></span> <span class='ocrx_word' id='word_1_598' title='bbox 2743 4360 2844 4412; x_wconf 88' lang='lat' dir='ltr'><strong>bac</strong></span> <span class='ocrx_word' id='word_1_599' title='bbox 2877 4360 3018 4413; x_wconf 85' lang='lat' dir='ltr'><strong>serie</strong></span> <span class='ocrx_word' id='word_1_600' title='bbox 3067 4359 3306 4413; x_wconf 69' lang='lat' dir='ltr'><strong>ditioncs</strong></span> <span class='ocrx_word' id='word_1_601' title='bbox 3334 4376 3558 4414; x_wconf 88' lang='lat' dir='ltr'><strong>enume-</strong></span> 
     </span>
    </p>
   </div>
   <div class='ocr_carea' id='block_1_89' title="bbox 1972 4448 3554 4518">
    <p class='ocr_par' dir='ltr' id='par_1_89' title="bbox 1972 4448 3554 4518">
     <span class='ocr_line' id='line_1_90' title="bbox 1972 4448 3554 4518; baseline -0.003 -10"><span class='ocrx_word' id='word_1_602' title='bbox 1972 4464 2075 4509; x_wconf 84' lang='lat' dir='ltr'><strong>rat.</strong></span> <span class='ocrx_word' id='word_1_603' title='bbox 2133 4449 2378 4504; x_wconf 84' lang='lat' dir='ltr'><strong>Primum</strong></span> <span class='ocrx_word' id='word_1_604' title='bbox 2444 4450 2520 4503; x_wconf 86' lang='lat' dir='ltr'><strong>ait</strong></span> <span class='ocrx_word' id='word_1_605' title='bbox 2567 4448 2820 4503; x_wconf 85' lang='lat' dir='ltr'><strong>Sandalis</strong></span> <span class='ocrx_word' id='word_1_606' title='bbox 2871 4448 2923 4501; x_wconf 92' lang='lat' dir='ltr'><strong>in</strong></span> <span class='ocrx_word' id='word_1_607' title='bbox 2957 4449 3102 4518; x_wconf 81' lang='lat' dir='ltr'><strong>Epiri</strong></span> <span class='ocrx_word' id='word_1_608' title='bbox 3138 4451 3335 4503; x_wconf 82' lang='lat' dir='ltr'><strong>vicinia</strong></span> <span class='ocrx_word' id='word_1_609' title='bbox 3396 4451 3554 4505; x_wconf 89' lang='lat' dir='ltr'><strong>sitam</strong></span> 
     </span>
    </p>
   </div>
   <div class='ocr_carea' id='block_1_90' title="bbox 269 4518 1869 4612">
    <p class='ocr_par' dir='ltr' id='par_1_90' title="bbox 269 4518 1864 4594">
     <span class='ocr_line' id='line_1_91' title="bbox 269 4518 1864 4594; baseline -0.003 -17"><span class='ocrx_word' id='word_1_610' title='bbox 269 4523 485 4594; x_wconf 82' lang='lat' dir='ltr'><strong>peritus</strong></span> <span class='ocrx_word' id='word_1_611' title='bbox 556 4523 834 4590; x_wconf 85' lang='lat' dir='ltr'><strong>interpres</strong></span> <span class='ocrx_word' id='word_1_612' title='bbox 896 4520 1205 4589; x_wconf 71' lang='lat' dir='ltr'><strong>linguarum</strong></span> <span class='ocrx_word' id='word_1_613' title='bbox 1271 4519 1535 4587; x_wconf 86' lang='lat' dir='ltr'><strong>plurium,</strong></span> <span class='ocrx_word' id='word_1_614' title='bbox 1597 4518 1864 4584; x_wconf 64' lang='lat' dir='ltr'><strong>Turcica,</strong></span> 
     </span>
    </p>
   </div>
   <div class='ocr_carea' id='block_1_91' title="bbox 1972 4518 3557 4612">
    <p class='ocr_par' dir='ltr' id='par_1_91' title="bbox 1972 4540 3557 4612">
     <span class='ocr_line' id='line_1_92' title="bbox 1972 4540 3557 4612; baseline 0 -15"><span class='ocrx_word' id='word_1_615' title='bbox 1972 4558 2094 4598; x_wconf 74' lang='lat' dir='ltr'><strong>esse</strong></span> <span class='ocrx_word' id='word_1_616' title='bbox 2116 4545 2415 4612; x_wconf 85' lang='lat' dir='ltr'><strong>regionem,</strong></span> <span class='ocrx_word' id='word_1_617' title='bbox 2474 4540 2564 4595; x_wconf 86' lang='lat' dir='ltr'><strong>cui</strong></span> <span class='ocrx_word' id='word_1_618' title='bbox 2636 4542 2878 4595; x_wconf 66' lang='lat' dir='ltr'><strong>finitima:</strong></span> <span class='ocrx_word' id='word_1_619' title='bbox 2939 4542 3050 4595; x_wconf 90' lang='lat' dir='ltr'><strong>sint</strong></span> <span class='ocrx_word' id='word_1_620' title='bbox 3078 4540 3403 4595; x_wconf 80' lang='lat' dir='ltr'><strong>Venetorum</strong></span> <span class='ocrx_word' id='word_1_621' title='bbox 3452 4543 3557 4597; x_wconf 85' lang='lat' dir='ltr'><strong>ali-</strong></span> 
     </span>
    </p>
   </div>
   <div class='ocr_carea' id='block_1_92' title="bbox 266 4610 1867 4684">
    <p class='ocr_par' dir='ltr' id='par_1_92' title="bbox 266 4610 1867 4684">
     <span class='ocr_line' id='line_1_93' title="bbox 266 4610 1867 4684; baseline -0.005 -13"><span class='ocrx_word' id='word_1_622' title='bbox 266 4618 551 4680; x_wconf 66' lang='lat' dir='ltr'><strong>Arabica.</strong></span> <span class='ocrx_word' id='word_1_623' title='bbox 586 4613 850 4677; x_wconf 53' lang='lat' dir='ltr'><strong>Persicae.</strong></span> <span class='ocrx_word' id='word_1_624' title='bbox 888 4611 1245 4684; x_wconf 82' lang='lat' dir='ltr'><strong>quem&#39;nobis</strong></span> <span class='ocrx_word' id='word_1_625' title='bbox 1292 4611 1621 4680; x_wconf 86' lang='lat' dir='ltr'><strong>impetrante</strong></span> <span class='ocrx_word' id='word_1_626' title='bbox 1654 4610 1867 4681; x_wconf 80' lang='lat' dir='ltr'><strong>magni-</strong></span> 
     </span>
    </p>
   </div>
   <div class='ocr_carea' id='block_1_93' title="bbox 269 4700 1866 4777">
    <p class='ocr_par' dir='ltr' id='par_1_93' title="bbox 269 4700 1866 4777">
     <span class='ocr_line' id='line_1_94' title="bbox 269 4700 1866 4777; baseline -0.004 -16"><span class='ocrx_word' id='word_1_627' title='bbox 269 4713 373 4764; x_wconf 88' lang='lat' dir='ltr'><strong>lico</strong></span> <span class='ocrx_word' id='word_1_628' title='bbox 404 4710 646 4777; x_wconf 82' lang='lat' dir='ltr'><strong>domino</strong></span> <span class='ocrx_word' id='word_1_629' title='bbox 680 4703 1017 4775; x_wconf 80' lang='lat' dir='ltr'><strong>Hieronymo</strong></span> <span class='ocrx_word' id='word_1_630' title='bbox 1047 4702 1187 4757; x_wconf 80' lang='lat' dir='ltr'><strong>Beck</strong></span> <span class='ocrx_word' id='word_1_631' title='bbox 1218 4719 1249 4757; x_wconf 88' lang='lat' dir='ltr'><strong>a</strong></span> <span class='ocrx_word' id='word_1_632' title='bbox 1274 4700 1676 4772; x_wconf 85' lang='lat' dir='ltr'><strong>Leopoldstorf,</strong></span> <span class='ocrx_word' id='word_1_633' title='bbox 1734 4715 1866 4757; x_wconf 85' lang='lat' dir='ltr'><strong>eon-</strong></span> 
     </span>
    </p>
   </div>
   <div class='ocr_carea' id='block_1_94' title="bbox 265 4792 1867 4862">
    <p class='ocr_par' dir='ltr' id='par_1_94' title="bbox 265 4792 1867 4862">
     <span class='ocr_line' id='line_1_95' title="bbox 265 4792 1867 4862; baseline -0.004 -9"><span class='ocrx_word' id='word_1_634' title='bbox 265 4803 455 4856; x_wconf 81' lang='lat' dir='ltr'><strong>snlere</strong></span> <span class='ocrx_word' id='word_1_635' title='bbox 494 4800 570 4854; x_wconf 87' lang='lat' dir='ltr'><strong>de</strong></span> <span class='ocrx_word' id='word_1_636' title='bbox 600 4797 789 4851; x_wconf 88' lang='lat' dir='ltr'><strong>multis</strong></span> <span class='ocrx_word' id='word_1_637' title='bbox 844 4795 1016 4858; x_wconf 91' lang='lat' dir='ltr'><strong>licuit,</strong></span> <span class='ocrx_word' id='word_1_638' title='bbox 1074 4801 1222 4849; x_wconf 86' lang='lat' dir='ltr'><strong>recte</strong></span> <span class='ocrx_word' id='word_1_639' title='bbox 1286 4793 1514 4861; x_wconf 78' lang='lat' dir='ltr'><strong>putabat</strong></span> <span class='ocrx_word' id='word_1_640' title='bbox 1579 4792 1632 4845; x_wconf 94' lang='lat' dir='ltr'><strong>in</strong></span> <span class='ocrx_word' id='word_1_641' title='bbox 1668 4806 1867 4862; x_wconf 86' lang='lat' dir='ltr'><strong>genere</strong></span> 
     </span>
    </p>
   </div>
   <div class='ocr_carea' id='block_1_95' title="bbox 264 4885 1499 4951">
    <p class='ocr_par' dir='ltr' id='par_1_95' title="bbox 264 4885 1499 4951">
     <span class='ocr_line' id='line_1_96' title="bbox 264 4885 1499 4951; baseline -0.006 -6"><span class='ocrx_word' id='word_1_642' title='bbox 264 4903 382 4947; x_wconf 85' lang='lat' dir='ltr'><strong>tum</strong></span> <span class='ocrx_word' id='word_1_643' title='bbox 412 4888 618 4951; x_wconf 87' lang='lat' dir='ltr'><strong>scribi.</strong></span> <span class='ocrx_word' id='word_1_644' title='bbox 654 4899 770 4944; x_wconf 78' lang='lat' dir='ltr'><strong>tum</strong></span> <span class='ocrx_word' id='word_1_645' title='bbox 795 4886 1095 4949; x_wconf 84' lang='lat' dir='ltr'><strong>enuntiari.</strong></span> <span class='ocrx_word' id='word_1_646' title='bbox 1145 4885 1499 4939; x_wconf 68' lang='lat' dir='ltr'><strong>Mobammet.</strong></span> 
     </span>
    </p>
   </div>
   <div class='ocr_carea' id='block_1_96' title="bbox 266 5016 1868 5091">
    <p class='ocr_par' dir='ltr' id='par_1_96' title="bbox 266 5016 1868 5091">
     <span class='ocr_line' id='line_1_97' title="bbox 266 5016 1868 5091; baseline -0.008 -5"><span class='ocrx_word' id='word_1_647' title='bbox 266 5031 394 5085; x_wconf 72' lang='lat' dir='ltr'><strong>Hi.</strong></span> <span class='ocrx_word' id='word_1_648' title='bbox 435 5026 601 5081; x_wconf 81' lang='lat' dir='ltr'><strong>Finis</strong></span> <span class='ocrx_word' id='word_1_649' title='bbox 630 5025 777 5091; x_wconf 78' lang='lat' dir='ltr'><strong>regni</strong></span> <span class='ocrx_word' id='word_1_650' title='bbox 809 5021 1113 5076; x_wconf 68' lang='lat' dir='ltr'><strong>Boainensis</strong></span> <span class='ocrx_word' id='word_1_651' title='bbox 1135 5035 1154 5072; x_wconf 90' lang='lat'><strong><em>:</em></strong></span> <span class='ocrx_word' id='word_1_652' title='bbox 1194 5016 1868 5091; x_wconf 61' lang='lat' dir='ltr'><strong>observandadiversitatis</strong></span> 
     </span>
    </p>
   </div>
   <div class='ocr_carea' id='block_1_97' title="bbox 338 5088 1868 5160">
    <p class='ocr_par' dir='ltr' id='par_1_97' title="bbox 338 5088 1868 5160">
     <span class='ocr_line' id='line_1_98' title="bbox 338 5088 1868 5160; baseline -0.007 -6"><span class='ocrx_word' id='word_1_653' title='bbox 338 5112 618 5154; x_wconf 84' lang='lat' dir='ltr'><strong>annorum</strong></span> <span class='ocrx_word' id='word_1_654' title='bbox 642 5088 779 5148; x_wconf 77' lang='lat' dir='ltr'><strong>ratio</strong></span> <span class='ocrx_word' id='word_1_655' title='bbox 797 5110 818 5148; x_wconf 90' lang='lat'><strong><em>:</em></strong></span> <span class='ocrx_word' id='word_1_656' title='bbox 841 5093 1094 5157; x_wconf 77' lang='lat' dir='ltr'><strong>Stephani</strong></span> <span class='ocrx_word' id='word_1_657' title='bbox 1117 5094 1249 5160; x_wconf 80' lang='lat' dir='ltr'><strong>regis</strong></span> <span class='ocrx_word' id='word_1_658' title='bbox 1272 5088 1531 5160; x_wconf 75' lang='lat' dir='ltr'><strong>excoriati</strong></span> <span class='ocrx_word' id='word_1_659' title='bbox 1552 5090 1833 5142; x_wconf 76' lang='lat' dir='ltr'><strong>calamitas</strong></span> <span class='ocrx_word' id='word_1_660' title='bbox 1848 5106 1868 5144; x_wconf 89' lang='lat'><strong><em>:</em></strong></span> 
     </span>
    </p>
   </div>
   <div class='ocr_carea' id='block_1_98' title="bbox 334 5158 1867 5235">
    <p class='ocr_par' dir='ltr' id='par_1_98' title="bbox 334 5158 1867 5235">
     <span class='ocr_line' id='line_1_99' title="bbox 334 5158 1867 5235; baseline -0.007 -10"><span class='ocrx_word' id='word_1_661' title='bbox 334 5169 617 5225; x_wconf 69' lang='lat' dir='ltr'><strong>Matthiae</strong></span> <span class='ocrx_word' id='word_1_662' title='bbox 649 5164 911 5235; x_wconf 51' lang='lat' dir='ltr'><strong>(Iugario;</strong></span> <span class='ocrx_word' id='word_1_663' title='bbox 932 5178 1023 5217; x_wconf 70' lang='lat' dir='ltr'><strong>rex</strong></span> <span class='ocrx_word' id='word_1_664' title='bbox 1046 5158 1304 5235; x_wconf 64' lang='lat' dir='ltr'><strong>Resinam</strong></span> <span class='ocrx_word' id='word_1_665' title='bbox 1331 5158 1509 5226; x_wconf 75' lang='lat' dir='ltr'><strong>recipit</strong></span> <span class='ocrx_word' id='word_1_666' title='bbox 1531 5167 1554 5211; x_wconf 84' lang='lat'><strong>.&#39;</strong></span> <span class='ocrx_word' id='word_1_667' title='bbox 1577 5170 1627 5213; x_wconf 83' lang='lat' dir='ltr'><strong>et</strong></span> <span class='ocrx_word' id='word_1_668' title='bbox 1655 5161 1867 5214; x_wconf 73' lang='lat' dir='ltr'><strong>Muclu-</strong></span> 
     </span>
    </p>
   </div>
   <div class='ocr_carea' id='block_1_99' title="bbox 335 5233 1359 5310">
    <p class='ocr_par' dir='ltr' id='par_1_99' title="bbox 335 5233 1359 5310">
     <span class='ocr_line' id='line_1_100' title="bbox 335 5233 1359 5310; baseline -0.011 -13"><span class='ocrx_word' id='word_1_669' title='bbox 335 5253 538 5299; x_wconf 78' lang='lat' dir='ltr'><strong>metem</strong></span> <span class='ocrx_word' id='word_1_670' title='bbox 567 5238 712 5310; x_wconf 73' lang='lat' dir='ltr'><strong>fama</strong></span> <span class='ocrx_word' id='word_1_671' title='bbox 735 5233 854 5291; x_wconf 58' lang='lat' dir='ltr'><strong>Sola</strong></span> <span class='ocrx_word' id='word_1_672' title='bbox 887 5234 1057 5304; x_wconf 80' lang='lat' dir='ltr'><strong>fugat.</strong></span> <span class='ocrx_word' id='word_1_673' title='bbox 1090 5233 1359 5289; x_wconf 79' lang='lat' dir='ltr'><strong>Cavadza.</strong></span> 
     </span>
    </p>
   </div>
   <div class='ocr_carea' id='block_1_100' title="bbox 331 5366 1860 5441">
    <p class='ocr_par' dir='ltr' id='par_1_100' title="bbox 331 5366 1860 5441">
     <span class='ocr_line' id='line_1_101' title="bbox 331 5366 1860 5441; baseline -0.008 -8"><span class='ocrx_word' id='word_1_674' title='bbox 331 5378 563 5434; x_wconf 83' lang='lat' dir='ltr'><strong>Bellum</strong></span> <span class='ocrx_word' id='word_1_675' title='bbox 592 5374 722 5438; x_wconf 86' lang='lat' dir='ltr'><strong>hoc,</strong></span> <span class='ocrx_word' id='word_1_676' title='bbox 758 5369 901 5441; x_wconf 87' lang='lat' dir='ltr'><strong>quod</strong></span> <span class='ocrx_word' id='word_1_677' title='bbox 949 5366 1239 5422; x_wconf 83' lang='lat' dir='ltr'><strong>Bozincnsi</strong></span> <span class='ocrx_word' id='word_1_678' title='bbox 1303 5374 1412 5421; x_wconf 91' lang='lat' dir='ltr'><strong>tam</strong></span> <span class='ocrx_word' id='word_1_679' title='bbox 1469 5382 1660 5433; x_wconf 80' lang='lat' dir='ltr'><strong>regno.</strong></span> <span class='ocrx_word' id='word_1_680' title='bbox 1686 5382 1860 5437; x_wconf 86' lang='lat' dir='ltr'><strong>quam</strong></span> 
     </span>
    </p>
   </div>
   <div class='ocr_carea' id='block_1_101' title="bbox 260 5457 1860 5522">
    <p class='ocr_par' dir='ltr' id='par_1_101' title="bbox 260 5457 1860 5522">
     <span class='ocr_line' id='line_1_102' title="bbox 260 5457 1860 5522; baseline -0.004 0"><span class='ocrx_word' id='word_1_681' title='bbox 260 5464 503 5522; x_wconf 85' lang='lat' dir='ltr'><strong>ducatui</strong></span> <span class='ocrx_word' id='word_1_682' title='bbox 534 5461 693 5517; x_wconf 80' lang='lat' dir='ltr'><strong>ﬁnem</strong></span> <span class='ocrx_word' id='word_1_683' title='bbox 748 5460 950 5522; x_wconf 86' lang='lat' dir='ltr'><strong>attulit,</strong></span> <span class='ocrx_word' id='word_1_684' title='bbox 1000 5457 1285 5512; x_wconf 82' lang='lat' dir='ltr'><strong>Bonlinius</strong></span> <span class='ocrx_word' id='word_1_685' title='bbox 1315 5458 1481 5512; x_wconf 84' lang='lat' dir='ltr'><strong>refert</strong></span> <span class='ocrx_word' id='word_1_686' title='bbox 1535 5459 1601 5513; x_wconf 87' lang='lat' dir='ltr'><strong>ad</strong></span> <span class='ocrx_word' id='word_1_687' title='bbox 1657 5475 1860 5515; x_wconf 84' lang='lat' dir='ltr'><strong>annum</strong></span> 
     </span>
    </p>
   </div>
   <div class='ocr_carea' id='block_1_102' title="bbox 259 5550 1863 5615">
    <p class='ocr_par' dir='ltr' id='par_1_102' title="bbox 259 5550 1863 5615">
     <span class='ocr_line' id='line_1_103' title="bbox 259 5550 1863 5615; baseline -0.004 0"><span class='ocrx_word' id='word_1_688' title='bbox 259 5558 659 5615; x_wconf 81' lang='lat' dir='ltr'><strong>Christianum</strong></span> <span class='ocrx_word' id='word_1_689' title='bbox 693 5552 852 5609; x_wconf 72' lang='lat'><strong>“63.</strong></span> <span class='ocrx_word' id='word_1_690' title='bbox 882 5551 1044 5605; x_wconf 85' lang='lat' dir='ltr'><strong>Turei</strong></span> <span class='ocrx_word' id='word_1_691' title='bbox 1080 5564 1206 5603; x_wconf 84' lang='lat' dir='ltr'><strong>vero</strong></span> <span class='ocrx_word' id='word_1_692' title='bbox 1247 5550 1489 5612; x_wconf 89' lang='lat' dir='ltr'><strong>tradunt.</strong></span> <span class='ocrx_word' id='word_1_693' title='bbox 1529 5550 1634 5605; x_wconf 88' lang='lat' dir='ltr'><strong>hoc</strong></span> <span class='ocrx_word' id='word_1_694' title='bbox 1700 5552 1863 5608; x_wconf 89' lang='lat' dir='ltr'><strong>annis</strong></span> 
     </span>
    </p>
   </div>
   <div class='ocr_carea' id='block_1_103' title="bbox 260 5641 1858 5721">
    <p class='ocr_par' dir='ltr' id='par_1_103' title="bbox 260 5641 1858 5721">
     <span class='ocr_line' id='line_1_104' title="bbox 260 5641 1858 5721; baseline -0.004 -17"><span class='ocrx_word' id='word_1_695' title='bbox 260 5659 480 5721; x_wconf 71' lang='lat' dir='ltr'><strong>sipost</strong></span> <span class='ocrx_word' id='word_1_696' title='bbox 511 5657 736 5716; x_wconf 86' lang='lat' dir='ltr'><strong>captam</strong></span> <span class='ocrx_word' id='word_1_697' title='bbox 792 5641 1329 5711; x_wconf 82' lang='lat' dir='ltr'><strong>Constantinopolim</strong></span> <span class='ocrx_word' id='word_1_698' title='bbox 1396 5642 1569 5699; x_wconf 90' lang='lat' dir='ltr'><strong>fuisse</strong></span> <span class='ocrx_word' id='word_1_699' title='bbox 1620 5655 1858 5714; x_wconf 76' lang='lat' dir='ltr'><strong>gestum.</strong></span> 
     </span>
    </p>
   </div>
   <div class='ocr_carea' id='block_1_104' title="bbox 262 5735 1857 5812">
    <p class='ocr_par' dir='ltr' id='par_1_104' title="bbox 262 5735 1857 5812">
     <span class='ocr_line' id='line_1_105' title="bbox 262 5735 1857 5812; baseline 0.001 -20"><span class='ocrx_word' id='word_1_700' title='bbox 262 5743 339 5796; x_wconf 81' lang='lat' dir='ltr'><strong>De</strong></span> <span class='ocrx_word' id='word_1_701' title='bbox 412 5757 534 5812; x_wconf 90' lang='lat' dir='ltr'><strong>quo</strong></span> <span class='ocrx_word' id='word_1_702' title='bbox 595 5740 845 5811; x_wconf 83' lang='lat' dir='ltr'><strong>sequitur</strong></span> <span class='ocrx_word' id='word_1_703' title='bbox 902 5738 967 5792; x_wconf 83' lang='lat' dir='ltr'><strong>ad</strong></span> <span class='ocrx_word' id='word_1_704' title='bbox 1013 5752 1217 5792; x_wconf 89' lang='lat' dir='ltr'><strong>annum</strong></span> <span class='ocrx_word' id='word_1_705' title='bbox 1273 5735 1645 5792; x_wconf 87' lang='lat' dir='ltr'><strong>Christianum</strong></span> <span class='ocrx_word' id='word_1_706' title='bbox 1717 5736 1857 5794; x_wconf 63' lang='grc'><strong>1464</strong></span> 
     </span>
    </p>
   </div>
   <div class='ocr_carea' id='block_1_105' title="bbox 162 5831 1850 5897">
    <p class='ocr_par' dir='ltr' id='par_1_105' title="bbox 162 5831 1850 5897">
     <span class='ocr_line' id='line_1_106' title="bbox 162 5831 1850 5897; baseline -0.002 -7"><span class='ocrx_word' id='word_1_707' title='bbox 162 5841 171 5849; x_wconf 91' lang='grc'><strong>’</strong></span> <span class='ocrx_word' id='word_1_708' title='bbox 261 5832 628 5891; x_wconf 78' lang='lat' dir='ltr'><strong>referendum</strong></span> <span class='ocrx_word' id='word_1_709' title='bbox 678 5848 822 5889; x_wconf 84' lang='lat' dir='ltr'><strong>esse.</strong></span> <span class='ocrx_word' id='word_1_710' title='bbox 878 5831 1030 5887; x_wconf 79' lang='lat' dir='ltr'><strong>Solet</strong></span> <span class='ocrx_word' id='word_1_711' title='bbox 1069 5831 1236 5886; x_wconf 84' lang='lat' dir='ltr'><strong>etiam</strong></span> <span class='ocrx_word' id='word_1_712' title='bbox 1271 5831 1568 5888; x_wconf 81' lang='lat' dir='ltr'><strong>usuvenire</strong></span> <span class='ocrx_word' id='word_1_713' title='bbox 1608 5832 1850 5897; x_wconf 81' lang='lat' dir='ltr'><strong>plerum-</strong></span> 
     </span>
    </p>
   </div>
   <div class='ocr_carea' id='block_1_106' title="bbox 1972 4632 3555 4707">
    <p class='ocr_par' dir='ltr' id='par_1_106' title="bbox 1972 4632 3555 4707">
     <span class='ocr_line' id='line_1_107' title="bbox 1972 4632 3555 4707; baseline -0.002 -14"><span class='ocrx_word' id='word_1_714' title='bbox 1972 4648 2106 4707; x_wconf 88' lang='lat' dir='ltr'><strong>quot</strong></span> <span class='ocrx_word' id='word_1_715' title='bbox 2142 4638 2329 4701; x_wconf 89' lang='lat' dir='ltr'><strong>urbes,</strong></span> <span class='ocrx_word' id='word_1_716' title='bbox 2359 4636 2603 4690; x_wconf 59' lang='lat' dir='ltr'><strong>Albaniae</strong></span> <span class='ocrx_word' id='word_1_717' title='bbox 2635 4632 2917 4704; x_wconf 68' lang='lat' dir='ltr'><strong>proximae.</strong></span> <span class='ocrx_word' id='word_1_718' title='bbox 2969 4632 3201 4688; x_wconf 86' lang='lat' dir='ltr'><strong>Joannis</strong></span> <span class='ocrx_word' id='word_1_719' title='bbox 3236 4635 3361 4688; x_wconf 88' lang='lat' dir='ltr'><strong>inde</strong></span> <span class='ocrx_word' id='word_1_720' title='bbox 3415 4634 3555 4691; x_wconf 86' lang='lat' dir='ltr'><strong>Cas-</strong></span> 
     </span>
    </p>
   </div>
   <div class='ocr_carea' id='block_1_107' title="bbox 1972 4725 3556 4798">
    <p class='ocr_par' dir='ltr' id='par_1_107' title="bbox 1972 4725 3556 4798">
     <span class='ocr_line' id='line_1_108' title="bbox 1972 4725 3556 4798; baseline -0.003 -12"><span class='ocrx_word' id='word_1_721' title='bbox 1972 4732 2156 4786; x_wconf 89' lang='lat' dir='ltr'><strong>triotis</strong></span> <span class='ocrx_word' id='word_1_722' title='bbox 2186 4745 2376 4798; x_wconf 80' lang='lat' dir='ltr'><strong>agrum</strong></span> <span class='ocrx_word' id='word_1_723' title='bbox 2411 4727 2726 4793; x_wconf 80' lang='lat' dir='ltr'><strong>succedere,</strong></span> <span class='ocrx_word' id='word_1_724' title='bbox 2761 4726 2845 4780; x_wconf 89' lang='lat' dir='ltr'><strong>cui</strong></span> <span class='ocrx_word' id='word_1_725' title='bbox 2874 4725 2944 4779; x_wconf 90' lang='lat' dir='ltr'><strong>sit</strong></span> <span class='ocrx_word' id='word_1_726' title='bbox 2965 4725 3174 4779; x_wconf 77' lang='lat' dir='ltr'><strong>adnexa</strong></span> <span class='ocrx_word' id='word_1_727' title='bbox 3207 4727 3355 4795; x_wconf 82' lang='lat' dir='ltr'><strong>regio</strong></span> <span class='ocrx_word' id='word_1_728' title='bbox 3388 4727 3556 4781; x_wconf 91' lang='lat' dir='ltr'><strong>Com-</strong></span> 
     </span>
    </p>
   </div>
   <div class='ocr_carea' id='block_1_108' title="bbox 1973 4815 3557 4879">
    <p class='ocr_par' dir='ltr' id='par_1_108' title="bbox 1973 4815 3557 4879">
     <span class='ocr_line' id='line_1_109' title="bbox 1973 4815 3557 4879; baseline -0.001 -8"><span class='ocrx_word' id='word_1_729' title='bbox 1973 4818 2361 4872; x_wconf 85' lang='lat' dir='ltr'><strong>ncniadarum.</strong></span> <span class='ocrx_word' id='word_1_730' title='bbox 2401 4815 2540 4869; x_wconf 38' lang='lat' dir='ltr'><strong>l‘linc</strong></span> <span class='ocrx_word' id='word_1_731' title='bbox 2579 4815 2740 4869; x_wconf 88' lang='lat' dir='ltr'><strong>sitam</strong></span> <span class='ocrx_word' id='word_1_732' title='bbox 2789 4815 3021 4868; x_wconf 88' lang='lat' dir='ltr'><strong>ttlterius</strong></span> <span class='ocrx_word' id='word_1_733' title='bbox 3058 4815 3337 4879; x_wconf 72' lang='lat' dir='ltr'><strong>Arianitaz,</strong></span> <span class='ocrx_word' id='word_1_734' title='bbox 3391 4816 3557 4871; x_wconf 88' lang='lat' dir='ltr'><strong>Com-</strong></span> 
     </span>
    </p>
   </div>
   <div class='ocr_carea' id='block_1_109' title="bbox 1977 4907 3557 4979">
    <p class='ocr_par' dir='ltr' id='par_1_109' title="bbox 1977 4907 3557 4979">
     <span class='ocr_line' id='line_1_110' title="bbox 1977 4907 3557 4979; baseline 0 -16"><span class='ocrx_word' id='word_1_735' title='bbox 1977 4910 2101 4964; x_wconf 67' lang='grc' dir='ltr'>ιιοιιί</span> <span class='ocrx_word' id='word_1_736' title='bbox 2133 4909 2250 4971; x_wconf 79' lang='lat' dir='ltr'><strong>filii,</strong></span> <span class='ocrx_word' id='word_1_737' title='bbox 2287 4907 2548 4962; x_wconf 87' lang='lat' dir='ltr'><strong>ditionem</strong></span> <span class='ocrx_word' id='word_1_738' title='bbox 2574 4921 2823 4975; x_wconf 86' lang='lat' dir='ltr'><strong>asperam</strong></span> <span class='ocrx_word' id='word_1_739' title='bbox 2872 4913 2926 4959; x_wconf 84' lang='lat' dir='ltr'><strong>et</strong></span> <span class='ocrx_word' id='word_1_740' title='bbox 2989 4914 3361 4963; x_wconf 85' lang='lat' dir='ltr'><strong>tnontnosam.</strong></span> <span class='ocrx_word' id='word_1_741' title='bbox 3423 4908 3557 4979; x_wconf 67' lang='lat' dir='ltr'><strong>bjus</strong></span> 
     </span>
    </p>
   </div>
   <div class='ocr_carea' id='block_1_110' title="bbox 1975 4996 3556 5070">
    <p class='ocr_par' dir='ltr' id='par_1_110' title="bbox 1975 4996 3556 5070">
     <span class='ocr_line' id='line_1_111' title="bbox 1975 4996 3556 5070; baseline 0 -15"><span class='ocrx_word' id='word_1_742' title='bbox 1975 5002 2180 5070; x_wconf 76' lang='lat' dir='ltr'><strong>regiam</strong></span> <span class='ocrx_word' id='word_1_743' title='bbox 2208 4999 2476 5053; x_wconf 72' lang='lat' dir='ltr'><strong>vocabulo</strong></span> <span class='ocrx_word' id='word_1_744' title='bbox 2509 5013 2654 5051; x_wconf 91' lang='lat' dir='ltr'><strong>nunc</strong></span> <span class='ocrx_word' id='word_1_745' title='bbox 2700 5000 2862 5051; x_wconf 82' lang='lat' dir='ltr'><strong>etiam</strong></span> <span class='ocrx_word' id='word_1_746' title='bbox 2897 5006 3048 5059; x_wconf 88' lang='lat' dir='ltr'><strong>noto.</strong></span> <span class='ocrx_word' id='word_1_747' title='bbox 3104 4996 3352 5053; x_wconf 82' lang='lat' dir='ltr'><strong>Cmnina</strong></span> <span class='ocrx_word' id='word_1_748' title='bbox 3403 5000 3556 5056; x_wconf 86' lang='lat' dir='ltr'><strong>dice-</strong></span> 
     </span>
    </p>
   </div>
   <div class='ocr_carea' id='block_1_111' title="bbox 1975 5090 3552 5159">
    <p class='ocr_par' dir='ltr' id='par_1_111' title="bbox 1975 5090 3552 5159">
     <span class='ocr_line' id='line_1_112' title="bbox 1975 5090 3552 5159; baseline -0.001 -11"><span class='ocrx_word' id='word_1_749' title='bbox 1975 5091 2129 5153; x_wconf 83' lang='lat' dir='ltr'><strong>bant,</strong></span> <span class='ocrx_word' id='word_1_750' title='bbox 2163 5106 2390 5146; x_wconf 91' lang='lat' dir='ltr'><strong>numero</strong></span> <span class='ocrx_word' id='word_1_751' title='bbox 2423 5090 2820 5144; x_wconf 88' lang='lat' dir='ltr'><strong>multitudinis:</strong></span> <span class='ocrx_word' id='word_1_752' title='bbox 2876 5104 2999 5158; x_wconf 63' lang='lat' dir='ltr'><strong>qua</strong></span> <span class='ocrx_word' id='word_1_753' title='bbox 3065 5106 3230 5159; x_wconf 87' lang='lat' dir='ltr'><strong>supra</strong></span> <span class='ocrx_word' id='word_1_754' title='bbox 3289 5090 3552 5147; x_wconf 83' lang='lat' dir='ltr'><strong>Valonam</strong></span> 
     </span>
    </p>
   </div>
   <div class='ocr_carea' id='block_1_112' title="bbox 1973 5181 3551 5252">
    <p class='ocr_par' dir='ltr' id='par_1_112' title="bbox 1973 5181 3551 5252">
     <span class='ocr_line' id='line_1_113' title="bbox 1973 5181 3551 5252; baseline -0.001 -12"><span class='ocrx_word' id='word_1_755' title='bbox 1973 5185 2058 5240; x_wconf 88' lang='lat' dir='ltr'><strong>vel</strong></span> <span class='ocrx_word' id='word_1_756' title='bbox 2097 5183 2393 5237; x_wconf 80' lang='lat' dir='ltr'><strong>Auloniam</strong></span> <span class='ocrx_word' id='word_1_757' title='bbox 2456 5184 2509 5236; x_wconf 91' lang='lat' dir='ltr'><strong>in</strong></span> <span class='ocrx_word' id='word_1_758' title='bbox 2546 5182 2764 5235; x_wconf 90' lang='lat' dir='ltr'><strong>sublimi</strong></span> <span class='ocrx_word' id='word_1_759' title='bbox 2817 5181 2994 5250; x_wconf 84' lang='lat' dir='ltr'><strong>posita</strong></span> <span class='ocrx_word' id='word_1_760' title='bbox 3050 5183 3407 5252; x_wconf 89' lang='lat' dir='ltr'><strong>conspicitur.</strong></span> <span class='ocrx_word' id='word_1_761' title='bbox 3444 5184 3551 5238; x_wconf 81' lang='lat' dir='ltr'><strong>Arx</strong></span> 
     </span>
    </p>
   </div>
   <div class='ocr_carea' id='block_1_113' title="bbox 1972 5275 3548 5345">
    <p class='ocr_par' dir='ltr' id='par_1_113' title="bbox 1972 5275 3548 5345">
     <span class='ocr_line' id='line_1_114' title="bbox 1972 5275 3548 5345; baseline -0.004 -11"><span class='ocrx_word' id='word_1_762' title='bbox 1972 5278 2311 5334; x_wconf 69' lang='lat' dir='ltr'><strong>Caramaniae</strong></span> <span class='ocrx_word' id='word_1_763' title='bbox 2343 5276 2672 5337; x_wconf 71' lang='lat' dir='ltr'><strong>Giolcbisar,</strong></span> <span class='ocrx_word' id='word_1_764' title='bbox 2701 5275 2860 5345; x_wconf 89' lang='lat' dir='ltr'><strong>cujus</strong></span> <span class='ocrx_word' id='word_1_765' title='bbox 2893 5277 3055 5345; x_wconf 89' lang='lat' dir='ltr'><strong>paulo</strong></span> <span class='ocrx_word' id='word_1_766' title='bbox 3084 5289 3210 5345; x_wconf 87' lang='lat' dir='ltr'><strong>post</strong></span> <span class='ocrx_word' id='word_1_767' title='bbox 3236 5278 3442 5331; x_wconf 87' lang='lat' dir='ltr'><strong>mentio</strong></span> <span class='ocrx_word' id='word_1_768' title='bbox 3467 5279 3548 5333; x_wconf 86' lang='lat' dir='ltr'><strong>lit.</strong></span> 
     </span>
    </p>
   </div>
   <div class='ocr_carea' id='block_1_114' title="bbox 1971 5364 3556 5435">
    <p class='ocr_par' dir='ltr' id='par_1_114' title="bbox 1971 5364 3556 5435">
     <span class='ocr_line' id='line_1_115' title="bbox 1971 5364 3556 5435; baseline -0.004 -11"><span class='ocrx_word' id='word_1_769' title='bbox 1971 5370 2026 5424; x_wconf 90' lang='lat' dir='ltr'><strong>in</strong></span> <span class='ocrx_word' id='word_1_770' title='bbox 2050 5367 2310 5423; x_wconf 76' lang='lat' dir='ltr'><strong>Anatoliae</strong></span> <span class='ocrx_word' id='word_1_771' title='bbox 2328 5366 2509 5420; x_wconf 80' lang='lat' dir='ltr'><strong>tabula</strong></span> <span class='ocrx_word' id='word_1_772' title='bbox 2535 5366 3004 5435; x_wconf 85' lang='lat' dir='ltr'><strong>cbronograpltica</strong></span> <span class='ocrx_word' id='word_1_773' title='bbox 3039 5364 3303 5421; x_wconf 89' lang='lat' dir='ltr'><strong>scribitur</strong></span> <span class='ocrx_word' id='word_1_774' title='bbox 3337 5365 3556 5419; x_wconf 83' lang='lat' dir='ltr'><strong>Culcbi-</strong></span> 
     </span>
    </p>
   </div>
   <div class='ocr_carea' id='block_1_115' title="bbox 1968 5456 3545 5529">
    <p class='ocr_par' dir='ltr' id='par_1_115' title="bbox 1968 5456 3545 5529">
     <span class='ocr_line' id='line_1_116' title="bbox 1968 5456 3545 5529; baseline -0.002 -14"><span class='ocrx_word' id='word_1_775' title='bbox 1968 5475 2080 5515; x_wconf 87' lang='lat' dir='ltr'><strong>sar.</strong></span> <span class='ocrx_word' id='word_1_776' title='bbox 2112 5458 2343 5529; x_wconf 86' lang='lat' dir='ltr'><strong>Egripos</strong></span> <span class='ocrx_word' id='word_1_777' title='bbox 2370 5459 2543 5512; x_wconf 87' lang='lat' dir='ltr'><strong>insula</strong></span> <span class='ocrx_word' id='word_1_778' title='bbox 2576 5456 2770 5513; x_wconf 87' lang='lat' dir='ltr'><strong>Turcis</strong></span> <span class='ocrx_word' id='word_1_779' title='bbox 2794 5458 3012 5523; x_wconf 91' lang='lat' dir='ltr'><strong>dicitur,</strong></span> <span class='ocrx_word' id='word_1_780' title='bbox 3047 5473 3211 5529; x_wconf 87' lang='lat' dir='ltr'><strong>quam</strong></span> <span class='ocrx_word' id='word_1_781' title='bbox 3245 5458 3406 5528; x_wconf 80' lang='lat' dir='ltr'><strong>vulgo</strong></span> <span class='ocrx_word' id='word_1_782' title='bbox 3432 5457 3545 5526; x_wconf 84' lang='lat' dir='ltr'><strong>jam</strong></span> 
     </span>
    </p>
   </div>
   <div class='ocr_carea' id='block_1_116' title="bbox 1967 5546 3549 5623">
    <p class='ocr_par' dir='ltr' id='par_1_116' title="bbox 1967 5546 3549 5623">
     <span class='ocr_line' id='line_1_117' title="bbox 1967 5546 3549 5623; baseline -0.001 -17"><span class='ocrx_word' id='word_1_783' title='bbox 1967 5551 2374 5623; x_wconf 79' lang='lat' dir='ltr'><strong>Negropontum</strong></span> <span class='ocrx_word' id='word_1_784' title='bbox 2408 5551 2705 5621; x_wconf 86' lang='lat' dir='ltr'><strong>appellant,</strong></span> <span class='ocrx_word' id='word_1_785' title='bbox 2739 5555 2879 5607; x_wconf 90' lang='lat' dir='ltr'><strong>sicut</strong></span> <span class='ocrx_word' id='word_1_786' title='bbox 2906 5564 2958 5607; x_wconf 90' lang='lat' dir='ltr'><strong>et</strong></span> <span class='ocrx_word' id='word_1_787' title='bbox 2987 5552 3301 5621; x_wconf 85' lang='lat' dir='ltr'><strong>primariam</strong></span> <span class='ocrx_word' id='word_1_788' title='bbox 3355 5546 3549 5606; x_wconf 72' lang='lat' dir='ltr'><strong>insulae</strong></span> 
     </span>
    </p>
   </div>
   <div class='ocr_carea' id='block_1_117' title="bbox 1966 5641 3547 5712">
    <p class='ocr_par' dir='ltr' id='par_1_117' title="bbox 1966 5641 3547 5712">
     <span class='ocr_line' id='line_1_118' title="bbox 1966 5641 3547 5712; baseline -0.003 -13"><span class='ocrx_word' id='word_1_789' title='bbox 1966 5645 2283 5700; x_wconf 86' lang='lat' dir='ltr'><strong>civitatem:</strong></span> <span class='ocrx_word' id='word_1_790' title='bbox 2336 5657 2456 5712; x_wconf 67' lang='lat' dir='ltr'><strong>quzc</strong></span> <span class='ocrx_word' id='word_1_791' title='bbox 2511 5652 2699 5710; x_wconf 87' lang='lat' dir='ltr'><strong>ponte,</strong></span> <span class='ocrx_word' id='word_1_792' title='bbox 2743 5645 2829 5696; x_wconf 90' lang='lat' dir='ltr'><strong>cui</strong></span> <span class='ocrx_word' id='word_1_793' title='bbox 2887 5642 3172 5696; x_wconf 82' lang='lat' dir='ltr'><strong>castellum</strong></span> <span class='ocrx_word' id='word_1_794' title='bbox 3230 5641 3547 5710; x_wconf 84' lang='lat' dir='ltr'><strong>adjunctum</strong></span> 
     </span>
    </p>
   </div>
   <div class='ocr_carea' id='block_1_118' title="bbox 1964 5730 3544 5801">
    <p class='ocr_par' dir='ltr' id='par_1_118' title="bbox 1964 5730 3544 5801">
     <span class='ocr_line' id='line_1_119' title="bbox 1964 5730 3544 5801; baseline -0.003 -12"><span class='ocrx_word' id='word_1_795' title='bbox 1964 5745 2069 5801; x_wconf 74' lang='lat' dir='ltr'><strong>est,</strong></span> <span class='ocrx_word' id='word_1_796' title='bbox 2106 5750 2229 5791; x_wconf 90' lang='lat' dir='ltr'><strong>cum</strong></span> <span class='ocrx_word' id='word_1_797' title='bbox 2264 5734 2480 5788; x_wconf 76' lang='lat' dir='ltr'><strong>Achaia:</strong></span> <span class='ocrx_word' id='word_1_798' title='bbox 2507 5735 2808 5789; x_wconf 83' lang='lat' dir='ltr'><strong>continenti</strong></span> <span class='ocrx_word' id='word_1_799' title='bbox 2860 5734 3117 5789; x_wconf 75' lang='lat' dir='ltr'><strong>colum-ct.</strong></span> <span class='ocrx_word' id='word_1_800' title='bbox 3152 5730 3286 5788; x_wconf 84' lang='lat' dir='ltr'><strong>Urbi</strong></span> <span class='ocrx_word' id='word_1_801' title='bbox 3344 5748 3544 5787; x_wconf 72' lang='lat' dir='ltr'><strong>nomcn</strong></span> 
     </span>
    </p>
   </div>
   <div class='ocr_carea' id='block_1_119' title="bbox 1965 5826 3540 5895">
    <p class='ocr_par' dir='ltr' id='par_1_119' title="bbox 1965 5826 3540 5895">
     <span class='ocr_line' id='line_1_120' title="bbox 1965 5826 3540 5895; baseline -0.002 -10"><span class='ocrx_word' id='word_1_802' title='bbox 1965 5829 2106 5894; x_wconf 84' lang='lat' dir='ltr'><strong>apud</strong></span> <span class='ocrx_word' id='word_1_803' title='bbox 2143 5827 2353 5894; x_wconf 83' lang='lat' dir='ltr'><strong>priscos</strong></span> <span class='ocrx_word' id='word_1_804' title='bbox 2396 5836 2515 5885; x_wconf 83' lang='lat' dir='ltr'><strong>erat</strong></span> <span class='ocrx_word' id='word_1_805' title='bbox 2561 5826 2806 5895; x_wconf 81' lang='lat' dir='ltr'><strong>Chalcis,</strong></span> <span class='ocrx_word' id='word_1_806' title='bbox 2860 5828 3055 5884; x_wconf 75' lang='lat' dir='ltr'><strong>insulae</strong></span> <span class='ocrx_word' id='word_1_807' title='bbox 3087 5843 3237 5893; x_wconf 78' lang='lat' dir='ltr'><strong>vero,</strong></span> <span class='ocrx_word' id='word_1_808' title='bbox 3296 5826 3540 5883; x_wconf 54' lang='lat' dir='ltr'><strong>Eulttra.</strong></span> 
     </span>
    </p>
   </div>
  </div>
