2009 3217
154 170 210 200 829

735 173 934 206 PANDECTE
956 174 1056 205 ll-IST.
1072 174 1226 204 TURCl-C.

1726 171 1783 202 8'30

154 229 227 262 apud
257 228 393 255 sultanum
419 228 619 261 Muchemetem
647 231 801 261 Secundum
828 237 944 267 patrem,
961 239 985 262 Α
997 240 1057 267 qua:
1075 232 1198 266 profecto
1216 231 1415 266 limpidissimae
1429 235 1510 261 sunt.
1529 230 1579 265 sed
1592 238 1606 257 a
1621 229 1719 257 subitis
1735 229 1784 256 ἴω-

152 283 236 310 qnant
268 274 338 309 apud
369 274 514 309 Bajasitem
546 277 651 306 ﬁlium:
678 279 711 305 de
734 279 812 313 cujus
837 279 941 313 origine

153 320 296 348 Geufrmus
315 325 399 352 errat,
415 329 476 359 cum
493 323 585 355 tradit,
607 332 668 350 cum
683 324 767 352 fuisse
783 325 866 351 lilium
883 325 942 351 Ste-

155 367 249 405 phani,
280 375 333 394 non
366 368 445 404 regis,
471 370 516 395 scil
536 369 654 405 despotre
677 370 847 398 Bozinensis.
874 370 940 397 Nam

160 414 264 443 Fusium:
295 413 374 440 ducis
405 414 479 446 (ilius
505 414 556 441 l‘uit
585 416 654 443 alius
668 417 701 442 ab
717 418 769 444 hoc
783 417 943 444 Achemetes

166 460 248 492 lusus,
266 460 309 492 cui
327 467 478 493 cognomen
506 467 567 497 erat
595 470 649 488 non
676 461 779 495 chuc,
801 464 846 490 sed
863 462 943 491 Cher-

158 508 272 537 sl'ogles,
291 511 319 532 ut
343 513 406 533 eum
435 507 521 539 nostri
552 513 659 541 vocant,
683 509 716 535 de
731 517 785 543 quo
800 509 943 539 infra.suo

158 552 219 577 loco
260 552 378 578 dicetur.
419 552 468 580 llic
498 558 587 580 autem
613 553 757 581 Achmetes
783 555 943 582 Albancnsis

155 601 215 635 erat
227 597 343 632 origine,
362 598 404 624 vel
423 597 545 633 Epirota.
564 598 888 634 Sigismuudillialatestze
900 608 943 628 se-

156 644 294 671 cretarius
316 644 438 679 scripsit,
460 652 520 672 eum
540 646 626 674 fuisse
641 647 742 674 virtute
768 648 877 674 militari
897 655 943 681 pa-

156 698 215 717 rem
245 690 368 725 antiquis
397 691 515 723 ducibus
529 701 536 721 ;
552 693 620 720 adeo
633 693 753 728 quidem,
775 699 804 720 ut
824 694 880 720 sola
895 702 944 721 no-

158 737 242 763 minis
264 737 306 763 sui
329 738 410 770 fama,
429 746 592 774 quocunque
610 747 638 766 se
656 740 803 773 conferret,
817 741 949 774 omnibus

158 782 332 822 formidinem
347 791 379 810 ac
394 784 601 819 trepidationem
621 785 758 819 injiceret.
782 786 874 816 Ani-lit,
899 793 944 813 co-

158 829 345 864 gnominatum
363 831 444 864 vulgo
458 830 578 858 Gemlich
593 836 747 866 propterea,
757 833 827 866 quod
840 832 863 858 ei
877 832 943 859 deus

993 280 1089 313 disque
1118 278 1324 312 tempestatibtts
1338 299 1345 311 ,
1371 285 1431 312 qua:
1448 277 1523 312 prius
1539 277 1673 310 plut-illum
1693 284 1723 303 ac
1744 284 1787 303 sc-

994 333 1102 358 rcnum,
1118 326 1197 360 paulo
1212 329 1349 352 momento
1367 324 1451 359 nigris
1468 324 1585 351 tenebris
1599 323 1749 350 involvunt.
1766 322 1786 348 Ε

993 373 1101 399 diverso
1131 372 1360 405 mediterraneum
1400 379 1484 403 mare,
1514 379 1567 397 non
1596 370 1682 397 tantis
1698 370 1785 397 obno-

994 420 1066 445 xium
1085 419 1294 450 mutationibus,
1309 418 1355 444 sed
1377 418 1455 453 longe
1473 417 1610 449 serenins,
1629 417 1682 444 illis
1697 417 1786 443 Aede-

994 465 1047 491 nizi
1066 465 1185 496 dicitur,
1213 464 1254 491 his
1283 466 1368 497 Aspra
1397 463 1533 494 tbalassa,
1561 463 1585 489 id
1614 466 1656 489 est
1688 461 1785 488 Album

995 519 1078 538 mare.
1115 510 1172 537 Itali
1201 510 1368 536 dissentiunt
1398 509 1432 536 ab
1462 509 1596 542 utrisque.
1622 516 1654 535 ac
1677 507 1787 534 anobis

994 558 1077 584 etiam
1092 556 1235 585 Germanis
1247 577 1253 587 ,
1268 557 1312 591 qui
1334 557 1383 582 hos
1400 560 1545 589 sequentes
1560 560 1586 581 et
1602 555 1652 586 ipsi
1671 553 1785 588 Nigrum

995 612 1069 630 mare
1099 604 1285 630 nominamus.
1306 603 1411 629 Etenim
1431 603 1567 636 appellare
1593 601 1683 628 solent
1714 608 1787 627 inore

994 648 1171 682 majus,an
1186 648 1254 674 idem
1270 652 1311 674 est
1325 655 1387 674 cum
1402 647 1469 673 mari
1483 654 1591 681 magno.
1605 646 1630 673 Id
1643 646 1668 673 ei
1687 653 1785 672 nomen

995 695 1040 720 dat
1057 693 1216 720 Vincentius
1234 693 1424 724 Belvacensis,
1441 693 1480 719 uti
1496 700 1578 727 supra
1598 696 1721 718 notatum
1736 700 1784 718 ca—

994 741 1049 775 pite
1067 740 1126 767 1.9.8.
1144 739 1209 767 Coie
1225 740 1323 767 Turcis
1337 740 1479 770 scribitur.
1500 747 1561 773 qua:
1578 738 1668 772 Capha
1682 738 1783 779 nostris

995 791 1047 815 cst.
1067 787 1092 813 in
1114 785 1229 812 Taurica
1257 786 1430 812 Chersoneso
1458 790 1533 812 trans
1565 793 1640 813 mare
1674 785 1785 821 Nigrum

995 833 1057 862 sita,
1084 831 1270 858 Hennensium
1297 832 1434 865 quondam
1462 831 1581 858 colonia.
1608 830 1707 857 Notum
1733 836 1787 857 estv

159 883 232 902 unus
245 875 359 903 deesset.
374 875 460 909 Quam
473 884 537 903 vero
553 884 566 903 a
581 878 654 904 tenui
673 877 780 904 fortuna
799 878 942 905 maximam
960 886 979 912 η
994 877 1057 903 olim
1075 877 1179 905 dictum,
1193 876 1275 903 fuisse
1303 876 1495 912 Theodosiam.
1525 876 1561 906 De
1587 876 1716 908 Klerituis,
1729 876 1788 902 Cri-

162 921 196 947 ad
212 921 368 954 dignitatem
396 922 487 948 subito
509 923 675 956 pervenerit,
691 923 883 958 Spanduginus
900 924 941 950 his

163 966 353 1001 propemodum
365 968 454 994 verbis
469 969 593 1001 exposuit
607 979 613 996 :
630 969 702 1001 Erat,
721 970 819 1003 inquit,
834 970 942 997 sultano

161 1012 319 1045 Mucliemeti
331 1013 439 1045 satelles
456 1014 574 1048 (solacos
588 1014 669 1041 Turci
683 1016 792 1049 vorant)
807 1016 852 1049 qui
868 1015 943 1042 Bidic

158 1058 255 1085 Aemat
275 1067 307 1091 es
329 1067 370 1092 eo,
389 1060 581 1087 nominabatur
598 1082 604 1093 ,
632 1062 704 1097 quod
721 1062 746 1087 in
773 1062 828 1097 oris
854 1062 941 1088 antica

159 1105 279 1132 dentium
308 1107 378 1134 serie
407 1106 516 1136 dentem
543 1116 633 1135 unum,
648 1109 798 1139 amisisset.
816 1107 864 1135 llic
878 1116 938 1135 cum

162 1152 381 1186 aliquando'cum
397 1153 520 1189 principe
538 1162 588 1181 suo
604 1155 821 1190 colloqueretur,
837 1160 865 1181 ut
883 1155 940 1181 ﬁeri

161 1206 357 1233 nonnunquam
369 1199 448 1231 solet,
462 1200 602 1227 asserebat
617 1200 689 1227 inter
701 1201 752 1227 alia
766 1210 773 1230 ;
790 1209 843 1227 non
861 1209 941 1233 posse

159 1245 308 1280 principem
324 1253 418 1273 revera
433 1253 462 1272 se
479 1254 608 1281 magnum
627 1248 783 1281 praedicare,
801 1248 823 1274 si
840 1256 892 1274 non
903 1243 939 1274 ex

158 1298 241 1325 parvo
251 1298 379 1324 magnum
395 1296 422 1318 et.
435 1292 556 1320 vicissim
567 1301 599 1320 ex
610 1301 708 1326 magno
726 1301 838 1326 parvum
854 1294 943 1320 facere

159 1335 260 1372 posset.
272 1337 334 1364 Περ
347 1338 407 1372 ejus
418 1338 499 1366 verba
507 1343 610 1365 tantum
622 1339 648 1365 in
662 1339 753 1365 animo
766 1338 942 1371 Mttcltumelis

159 1384 314 1411 habuerunt
336 1384 473 1414 eﬂicaciaa.
487 1389 516 1412 ut
528 1384 937 1424 Achmeleshactenussatelles

159 1431 191 1456 ab
202 1431 262 1464 ipso
276 1437 437 1464 supremum
448 1431 480 1458 ad
490 1431 613 1465 primarii
627 1432 711 1458 hassae
723 1432 836 1468 gradum
849 1439 944 1465 prove-

162 1476 279 1502 heretnr.
305 1475 374 1507 Quid
400 1475 424 1501 ci
449 1479 511 1509 post
539 1476 595 1502 haec
622 1477 754 1509 evenerit,
776 1485 838 1503 cum
854 1476 941 1510 ipsius

161 1522 236 1547 uxori
261 1529 275 1547 a
297 1520 451 1555 Mustapha,
477 1521 654 1555 Muchemelis
670 1522 736 1552 lilio.
759 1527 882 1556 stuprum
901 1524 942 1548 lu-

998 924 1069 954 nriis,
1089 922 1196 950 Kt-raiis
1211 923 1262 951 (sic
1278 923 1507 956 divprsisiisrlem
1524 922 1683 949 nominibus
1698 922 1789 957 appel-

995 969 1096 1001 lantur)
1120 969 1347 1003 ltestensibusque
1370 969 1486 1001 Tataris,
1516 968 1618 996 dictqu
1650 968 1789 1002 superius,

997 1022 1112 1046 numero
1130 1020 1256 1041 notarum
1272 1015 1316 1041 45.

1031 1057 1279 1093 H9._Muclzcmeles
1294 1058 1406 1088 06.56:th
1416 1059 1579 1087 Semendriw
1592 1060 1735 1091 succurrit,

1026 1105 1240 1133 Obscuriuscule
1254 1107 1378 1140 quaedam
1401 1107 1444 1133 hic
1463 1107 1602 1138 dicuntur,
1617 1115 1679 1140 quite
1691 1108 1731 1135 sic
1746 1108 1790 1134 in-

995 1150 1148 1187 telligenda.
1174 1151 1358 1178 Muchemetes
1377 1152 1409 1178 ad
1426 1151 1562 1178 Moravam
1589 1152 1697 1181 [luvium
1727 1159 1790 1187 pro'

994 1186 1079 1224 fectus
1101 1202 1150 1229 est,
1175 1198 1225 1224 hoc
1240 1203 1292 1228 est.
1322 1198 1346 1225 in
1376 1198 1498 1226 Servium
1514 1200 1570 1226 sive
1585 1199 1729 1230 Rascium,
1755 1199 1788 1225 ad

995 1243 1163 1277 metropolim
1181 1243 1242 1277 ejus
1260 1244 1378 1278 regionis
1399 1244 1586 1272 Scmeudriam
1600 1265 1608 1277 .
1625 1245 1666 1272 vel
1683 1245 1789 1272 Sentie-

995 1295 1108 1319 rovtam.
1138 1289 1281 1317 obsidione
1314 1290 1497 1318 liberandam.
1518 1292 1626 1326 Quippe
1662 1291 1798 1324 Matthins,

994 1334 1117 1369 Ungariae
1130 1343 1188 1367 rex,
1203 1336 1240 1363 uti
1258 1336 1400 1365 Bonlinius
1411 1337 1504 1369 refert,
1522 1338 1613 1364 hieme
1628 1338 1691 1364 anni
1708 1338 1788 1368 N76,

993 1381 1025 1408 ad
1046 1381 1245 1413 Semeudriam.
1260 1383 1378 1417 ttudique
1393 1384 1524 1411 militibus
1534 1384 1672 1416 cinclatn',
1686 1384 1788 1411 exstrui

994 1427 1103 1455 castella
1129 1428 1178 1455 tria
1209 1435 1373 1456 curaverat:
1391 1434 1421 1456 ut
1448 1430 1603 1458 arctissime
1627 1430 1746 1457 clausam
1764 1431 1790 1457 in

997 1479 1159 1507 potestatem
1174 1475 1315 1511 redigeret.
1329 1475 1412 1512 454
1427 1476 1461 1503 lis
1477 1485 1541 1503 vero
1557 1478 1676 1504 castellis
1690 1477 1791 1511 potitus

994 1519 1191 1555 lincltemetes,
1209 1521 1382 1548 obsidionem
1409 1521 1508 1547 solvit.
1533 1521 1626 1548 Obiter
1647 1521 1690 1548 hic
1706 1522 1791 1548 lector

158 1566 287 1600 ferretur,
319 1567 402 1602 paulo
416 1572 478 1594 ante
494 1572 644 1600 narraturo,
658 1568 747 1602 capite
764 1568 825 1594 MS.
843 1567 937 1595 Mortis
950 1572 972 1603 ρ
989 1566 1135 1598 observet,
1152 1574 1166 1593 a
1188 1566 1285 1593 Turcis
1302 1568 1382 1593 etiam
1398 1566 1513 1594 Moravze
1545 1576 1643 1597 nomen
1668 1562 1789 1594 retineri:

160 1622 255 1648 genus,
272 1618 487 1641 consentaneum
509 1613 626 1640 fortuna:
647 1614 754 1647 subitze,
768 1614 937 1648 nimiumque

160 1660 320 1692 blandienti,
345 1667 397 1687 suo
426 1659 486 1686 loco
515 1659 644 1694 deinceps
664 1660 935 1692 commemorabitur,

162 1714 276 1732 numero
303 1711 426 1732 notarum
452 1706 512 1733 156.
538 1706 616 1733 Nunc
638 1707 780 1734 diversitas
795 1706 938 1734 indicanda

165 1752 342 1785 cognominis,
365 1758 392 1779 et
417 1760 512 1779 verum
545 1761 696 1787 cognonwu
731 1754 938 1783 ostendendum,

170 1797 289 1824 Diximus
304 1806 359 1824 eum
380 1807 394 1825 ξι
420 1800 595 1833 Spantlngino
623 1801 712 1826 vocari
733 1800 818 1831 Bidic,
832 1805 858 1827 et
876 1801 938 1827 alibi

167 1842 269 1875 Vitlich,
286 1852 299 1870 a
315 1846 461 1872 svcretario
490 1846 635 1872 .‘lulatcslm
664 1846 824 1874 Chendit'h:
856 1855 938 1881 quam

161 1889 321 1922 scripturam
349 1890 492 1916 Geufm-tts
526 1891 633 1917 retinet.
660 1891 782 1917 Nominis
801 1892 940 1919 notionem

159 1936 263 1969 priores
275 1935 330 1962 duo
343 1943 410 1969 pene
426 1941 527 1963 rectam
544 1938 689 1971 attingunt,
705 1946 766 1963 cum
788 1938 825 1964 ita
850 1937 936 1965 fuisse

160 1985 283 2007 vocatum
302 1981 347 2015 ab,
360 1982 463 2009 amisso
484 1983 563 2009 dente
588 1983 708 2010 referunt
724 1993 730 2010 :
756 1984 900 2011 Geul'ra-ns
917 1984 942 2010 iu

160 2026 328 2062 expositione
340 2027 414 2061 vocis
427 2026 540 2059 fallitur,
565 2035 627 2054 cum
641 2028 680 2055 sic
693 2029 737 2063 ait,
759 2029 846 2063 ipsum
858 2036 872 2055 a
886 2037 944 2055 ma-

159 2080 212 2106 gno
223 2073 308 2099 dente
333 2073 516 2100 nominatum.
541 2072 682 2112 Scriptura
707 2073 760 2101 hoc
783 2076 865 2102 modo
882 2084 944 2101 ιιιιι-

159 2121 246 2152 lauda,
275 2125 305 2147 ut
329 2120 400 2154 apud
417 2119 620 2155 Spanduginmn
637 2129 685 2155 pro
700 2121 774 2149 Bidic
789 2125 817 2149 et.
848 2121 945 2148 Vidich

157 2163 261 2202 legatur
285 2163 366 2193 Gidic'
395 2174 401 2193 :
432 2166 502 2200 apud
527 2166 646 2201 reliquos
679 2167 747 2194 duos
783 2175 832 2201 pro
858 2167 947 2194 (ibeo-

156 2211 218 2237 dicb
249 2211 354 2239 Gedic:
382 2213 453 2246 quod
487 2212 556 2239 idem
583 2205 626 2240 est
644 2220 706 2240 cum
733 2213 842 2241 Geduc.
872 2212 947 2240 Peri-

988 1619 1042 1638 non
1058 1611 1226 1645 Sehitnizam
1246 1621 1306 1640 cum
1332 1613 1440 1641 Morava
1461 1613 1605 1647 confundi,
1618 1614 1650 1642 de
1675 1622 1728 1648 quo
1746 1622 1791 1640 stt-

990 1657 1081 1691 perius
1097 1662 1199 1688 actum,
1216 1659 1304 1693 capite
1323 1658 1384 1685 l‘24.
1398 1659 1465 1685 Cum
1483 1658 1581 1686 deinde
1597 1666 1675 1687 muro
1693 1666 1789 1685 ueram

989 1710 1078 1730 arcem
1094 1703 1212 1730 cinxisse
1238 1704 1338 1731 dicitur
1354 1724 1361 1736 ,
1385 1704 1592 1739 intelligendum
1621 1704 1683 1731 illud
1708 1704 1792 1732 chi-

990 1751 1120 1782 saraium,
1139 1751 1165 1777 in
1186 1750 1261 1777 urbis
1276 1752 1398 1778 orientali
1415 1752 1514 1786 angulo
1526 1751 1719 1783 conditum.de
1737 1756 1792 1786 quo

990 1796 1071 1831 paulo
1085 1800 1157 1826 ante.
1180 1804 1294 1823 numero
1320 1796 1381 1823 159.
1409 1796 1545 1824 Ρικυιθτεθ
1576 1805 1675 1832 nomen
1703 1798 1791 1824 Sulci-

993 1842 1079 1868 manis
1096 1841 1234 1868 Romaniae
1251 1842 1414 1876 beglerbegi,
1431 1843 1504 1876 quod
1519 1843 1611 1869 statim
1628 1843 1788 1876 subjiciturv

993 1887 1134 1914 Bonliuius
1153 1880 1299 1921 ignoravit,
1316 1887 1444 1914 Basseum
1465 1887 1545 1914 modo
1564 1895 1676 1914 voeans.

1048 1934 1111 1961 150.
1132 1934 1248 1968 Insignis
1268 1933 1414 1960 Turcorum
1435 1934 1524 1960 clades
1540 1934 1568 1960 in
1587 1933 1717 1968 Ungnria.

1031 1981 1172 2007 Bonlinius
1198 1989 1281 2007 ιιιιιιιιι
1308 1981 1358 2007 hac
1383 1980 1555 2014 expeditione
1571 1980 1787 2012 'l‘urcorumdn-

996 2035 1054 2054 cent
1072 2016 1220 2053 nominavit
1236 2026 1414 2052 Halibechunt
1431 2046 1437 2056 ,
1453 2026 1498 2059 qui
1516 2025 1662 2061 annalibus
1680 2031 1721 2052 est
1747 2026 1787 2053 Ali

997 2074 1047 2108 beg
1065 2072 1218 2107 Michalogli
1232 2080 1239 2099 :
1256 2073 1289 2100 de
1305 2073 1416 2107 reliquis
1432 2072 1540 2104 duobus
1551 2092 1558 2104 ,
1576 2071 1615 2098 lsa
1632 2071 1699 2106 bego
1715 2071 1788 2098 Chu-

998 2118 1111 2153 seinogli
1125 2140 1132 2150 ,
1146 2123 1173 2145 et
1188 2117 1245 2144 Bali
1263 2119 1330 2153 hego
1344 2117 1514 2153 Malcozogli,
1532 2117 1600 2145 nihil
1616 2123 1787 2151 compertqu

999 2165 1103 2193 habuit.
1119 2165 1272 2192 Turcorum
1288 2164 1437 2192 exercitum
1459 2165 1600 2199 sexaginta
1618 2164 1702 2191 millia
1717 2164 1790 2190 resti-

999 2216 1066 2239 mat.
1086 2212 1254 2246 Ungarorum
1272 2212 1355 2238 duces
1377 2213 1452 2238 luere
1478 2210 1634 2246 Stephanus
1651 2211 1788 2247 Batorius,

156 2258 240 2284 tiores
273 2257 398 2284 Arabiae
428 2258 525 2292 lingu:e
551 2257 641 2285 thtue
675 2259 821 2285 enuntinnt
850 2268 897 2293 per
914 2259 933 2284 V
954 2256 974 2283 D
990 2258 1107 2285 Vaivoda
1126 2258 1402 2289 Transsilvaniensis,
1424 2263 1450 2284 et
1474 2257 1575 2288 Paulus
1591 2257 1724 2291 Kinisius,
1743 2265 1790 2283 ρο-

155 2303 301 2336 Gallienum,
316 2304 387 2338 quod
402 2311 498 2342 parum
516 2304 592 2331 abest
611 2312 625 2331 a
642 2304 720 2332 Giilic
733 2306 789 2332 sive
803 2306 880 2332 Gitic.
897 2305 940 2331 Si—

154 2349 265 2382 gniﬁcat
281 2354 370 2376 autem
396 2350 557 2376 vocabulum
589 2350 640 2377 hoc
674 2354 799 2377 truncum
825 2350 941 2385 alicujus

153 2396 192 2430 rei
210 2396 312 2434 fractae,
339 2395 372 2423 de
391 2404 446 2430 quo
470 2396 707 2427 animadvertitur.
724 2397 775 2423 hoc
798 2397 822 2423 ei
849 2397 940 2423 datum

153 2442 240 2469 fuisse
253 2450 401 2477 cognomen
419 2450 432 2469 τι
452 2447 550 2469 trunco
568 2443 669 2475 dentis,
684 2444 729 2478 qui
750 2444 840 2471 adhuc
855 2444 881 2470 in
896 2452 943 2471 ore

151 2487 260 2515 scilicet
279 2488 402 2521 reliquus
418 2488 542 2514 hmreret.
706 2486 709 2488 ’

237 2533 298 2561 148.
322 2533 397 2561 Marc
413 2534 538 2569 Nigrum,
555 2540 579 2562 et
595 2535 669 2562 Mare
685 2535 771 2570 majus
790 2535 864 2570 Core.

186 2578 290 2606 Pontus
306 2579 369 2605 olim
387 2579 490 2606 dictum
512 2580 637 2607 Euxinus
655 2581 695 2607 vel
722 2581 881 2615 hospitalis,
898 2590 945 2616 per

151 2625 320 2652 contrarium
350 2633 472 2656 senstnu,
496 2626 570 2652 velut
586 2626 695 2654 Axenus
710 2631 737 2653 et
757 2626 944 2661 inhospitalis,

152 2678 250 2697 nunca
262 2670 361 2707 Turcis
381 2671 542 2699 Caradeuizi
560 2678 686 2705 vocatur,
705 2681 718 2699 a
736 2672 838 2700 Cra-cis
853 2673 956 2710 Maura;

152 2717 281 2755 thalassa.
300 2716 372 2744 idem
385 2721 500 2750 utroque
518 2719 627 2745 nomine
645 2719 832 2753 signiﬁcante.
851 2720 946 2747 videli-

154 2767 195 2788 cet
211 2756 292 2788 mare
313 2760 437 2796 Nigrum.
452 2761 524 2789 Usus
557 2768 600 2789 est
631 2763 680 2790 hac
697 2764 880 2797 appellatione
894 2764 945 2791 Da-

155 2813 300 2834 mascenus
322 2805 444 2834 Studites
457 2808 483 2834 in
500 2808 630 2835 thesauro
645 2810 808 2836 concionum
823 2818 946 2845 suarum,

154 2852 253 2885 scripto
276 2852 368 2887 lingua
393 2853 486 2880 Grmca
507 2855 623 2889 vulgari.
645 2854 750 2882 Nomen
776 2855 827 2883 hoc
842 2857 867 2883 ei
897 2857 946 2884 da-

154 2904 212 2929 ιιιιιι
230 2897 384 2932 perhibent,
414 2906 466 2926 non
485 2899 557 2934 quod
589 2908 675 2935 aquas
708 2901 807 2930 habeat
838 2902 943 2936 nigras,

995 2313 1053 2332 mes
1067 2304 1308 2338 Temesvarensis.
1324 2304 1476 2332 Numerum
1495 2311 1628 2332 caesorum
1646 2304 1787 2330 Boniinius

995 2352 1064 2377 idem
1084 2351 1110 2377 in
1130 2351 1232 2378 litteras
1248 2351 1339 2377 retulit
1356 2370 1373 2387 ,ν
1391 2349 1545 2382 TUI'COI'Ul“
1577 2350 1687 2385 triginta
1706 2349 1790 2381 millia

995 2396 1138 2422 duntaxat.
1155 2396 1264 2428 Annum
1281 2403 1390 2430 quoque
1405 2396 1496 2430 posuit
1514 2395 1591 2423 1180.
1609 2395 1686 2423 Unde
1704 2396 1790 2423 eorri‘

996 2441 1074 2476 gelidi
1101 2445 1186 2475 captae
1203 2440 1337 2474 superiori
1358 2449 1431 2467 anno
1469 2441 1579 2468 Scodra:
1596 2442 1701 2468 numeri
1717 2442 1788 2475 apud

996 2488 1173 2515 secretarium
1204 2487 1362 2519 lllalatestar,
1391 2494 1494 2522 proque
1524 2488 1605 2519 M77.
1638 2478 1789 2523 reponendi

998 2533 1074 2560 1479.
1614 2525 1617 2527 ’

1012 2591 1072 2618 151.
1089 2589 1194 2617 Rhodus
1214 2600 1228 2616 τι
1245 2591 1463 2625 Τιιιτίδ,ρνίηιιιιιι
1485 2592 1628 2624 obsidetur.
1639 2593 1784 2624 Antadeus

1115 2631 1284 2661 cognomenta
1309 2625 1423 2660 Viridis,
1438 2635 1522 2653 comes
1538 2627 1691 2656 Sabaudia’.

1037 2670 1228 2706 Srepenumero
1244 2671 1354 2706 quidem
1373 2670 1581 2703 tentataluerat
1597 2673 1740 2705 hactenus,
1759 2676 1788 2698 et

1000 2719 1110 2745 obsessa
1126 2717 1238 2744 Rhodus
1252 2725 1266 2744 ιι
1283 2717 1440 2748 Saracenis,
1454 2716 1535 2743 etiam
1553 2717 1587 2744 ab
1604 2717 1649 2744 illo
1666 2722 1790 2751 tempore

1001 2773 1055 2799 quo
1071 2765 1105 2792 ab
1129 2764 1268 2799 equitibus
1297 2763 1552 2798 llierosolymitanis
1567 2764 1659 2790 Sancti
1673 2763 1790 2791 Jo:mnis

1002 2811 1129 2845 Baptista:
1154 2810 1274 2842 (Frerios
1295 2810 1385 2836 vocari
1412 2809 1508 2837 scribit
1534 2808 1666 2848 Nicetes,
1684 2810 1789 2837 Gallica

1001 2858 1129 2885 nimirum
1145 2864 1214 2885 soce
1244 2857 1414 2892 signiﬁcante
1434 2857 1531 2883 fratres
1546 2855 1555 2892 >
1573 2857 1764 2891 possidebatur
1778 2866 1787 2883 :

1001 2909 1028 2932 et
1060 2909 1123 2932 ante
1150 2904 1220 2932 hanc
1247 2904 1389 2932 obsidione
1405 2904 1527 2937 proxima
1544 2903 1704 2930 liberaverat
1724 2911 1788 2931 eam
