4018 6424
289 402 396 469 833

1437 396 1829 457 nasonem
1870 395 2072 455 HlS’l‘.
2100 356 2415 453 TURCIC.

3419 385 3524 447 834

288 521 653 586 imperatores
683 526 712 566 e
762 509 1064 581 Nympham
1106 509 1714 577 digressi,comntorari
1766 524 1857 562 so-
1887 508 2137 570 Aaiunt.
2171 506 2326 575 quasi
2391 505 2498 560 toti
2560 520 2707 568 reus,
2751 502 2961 559 Meltien
3014 518 3074 558 se
3133 500 3386 559 contulit.
3451 503 3522 556 Ea

284 608 431 667 leut,
482 603 851 672 majoremque
894 602 1037 652 veris
1069 609 1274 667 partem
1306 599 1620 667 transigere.
1654 598 1862 667 Quippe

285 706 433 753 totus
462 695 553 747 ille
601 694 755 746 lorus
790 706 936 744 mera
987 690 1236 758 planities
1282 699 1388 753 est,
1434 706 1553 758 qua:
1604 691 1865 762 graminis

286 788 525 857 copiam,
558 783 933 854 compluribus
960 784 1115 852 equis
1149 782 1502 836 sullicientem
1527 782 1861 852 "producit.

300 880 459 949 Aquis
491 877 655 931 etiam
693 874 974 944 irrigatur,
1006 890 1067 928 ac
1094 873 1147 927 in
1184 874 1488 943 propinquo
1522 874 1721 928 mullos
1766 890 1864 943 pa-

289 985 380 1041 gos
415 979 474 1023 et
521 967 776 1022 civitates
819 964 1015 1030 habet,
1050 979 1077 1016 a
1111 965 1309 1033 quibus
1343 966 1409 1018 ad
1440 966 1640 1019 victum
1676 978 1865 1017 neces-

286 1062 442 1117 saria:
467 1073 557 1113 res
579 1059 798 1125 cepiose
820 1057 1325 1112 subministrantur.
1351 1055 1622 1109 Hactenus
1645 1066 1863 1124 praetor,

284 1154 373 1222 qui
408 1152 593 1205 Nicaea
623 1148 929 1217 profectum
989 1147 1055 1201 ad
1084 1150 1221 1202 hanc
1262 1147 1623 1218 Clyzotncnen
1672 1149 1866 1201 scribit

285 1244 701 1313 imperatorem.
753 1240 827 1294 Ea
861 1254 986 1293 vero
1016 1239 1060 1293 si
1094 1256 1201 1292 non
1250 1252 1332 1293 est
1367 1240 1496 1292 illttd
1532 1238 1859 1307 Teggiurum

288 1337 367 1389 vel
398 1335 790 1401 imperatorum
831 1342 1078 1398 pratum,
1111 1331 1165 1382 in
1207 1345 1313 1399 quo
1343 1338 1589 1384 mortuus
1612 1370 1628 1394 ,
1660 1332 1725 1383 de
1758 1332 1864 1383 Au-

289 1427 495 1481 nalium
525 1422 820 1485 sententia,
856 1421 958 1475 fuit
984 1421 1364 1476 Muclteuuetes:
1391 1423 1636 1489 equidem
1671 1424 1862 1488 alium,

288 1535 453 1589 quem
476 1518 729 1572 'indiccm
752 1556 766 1581 ,
797 1514 879 1571 sic
911 1514 1241 1584 appellatum
1274 1515 1450 1570 locutu
1474 1555 1492 1583 ,
1542 1515 1746 1570 nullum
1783 1516 1865 1569 in-

292 1626 472 1665 VCIHO.

297 1743 425 1797 154.
446 1741 650 1797 Sullani
669 1742 865 1811 lentis,
883 1747 1102 1801 alterius
1123 1747 1225 1817 ﬁlii
1244 1747 1604 1812 Muchemetis,
1621 1747 1861 1803 historia.

1965 602 2167 654 nostris
2217 599 2399 652 Mceha
2460 611 2583 659 est.
2656 599 2907 653 Acltmeti
2955 598 3271 653 onirocrita:
3319 596 3525 661 Mecca,

1965 690 2249 749 Saracenis
2277 691 2486 745 Mediua
2521 691 2738 754 Aluabi,
2774 691 2879 747 hoc
2910 700 3013 756 est,
3064 691 3256 745 civitas
3290 690 3527 760 pr0plte-

1967 793 2050 838 tae.
2086 784 2296 852 lleapse
2321 799 2449 836 vero
2478 782 2545 837 ad
2597 783 2971 840 Alcairensem
3005 784 3281 841 sultanum
3327 782 3527 837 confu—

1962 874 2061 944 git.
2090 891 2116 925 a
2137 889 2245 941 quo
2277 873 2564 927 Ccufrznus
2587 889 2710 927 eum
2759 876 2934 945 copiis
2961 887 3015 930 et
3066 876 3313 945 pecuniis
3356 874 3532 943 adju-

1967 974 2078 1018 tum
2112 966 2299 1019 scribit
2335 984 2349 1020 :
2387 968 2478 1019 sed
2522 978 2684 1037 negat
2717 968 2817 1021 hoc
2850 965 3148 1033 Malatestte
3176 966 3529 1025 sccretarius.

1968 1058 2351 1111 tantummodo
2405 1058 2648 1113 referens
2707 1057 2904 1113 Zemen
2954 1059 3157 1115 sultani
3198 1056 3530 1111 Alcairensis

1967 1149 2086 1201 fidei
2145 1164 2366 1202 uxorein
2426 1167 2547 1203 cum
2600 1151 2714 1206 filio
2762 1152 3207 1207 commendasse.
3284 1150 3358 1205 De
3427 1151 3532 1203 hoc

1965 1241 2085 1309 ejus
2117 1242 2225 1295 tilio
2252 1242 2381 1311 quid
2415 1243 2615 1297 factum
2667 1243 2852 1306 fuerit.
2905 1245 3092 1312 paucis
3145 1243 3532 1312 Spanduginus

1964 1334 2233 1401 exposuit.
2283 1334 2493 1403 Quippe
2542 1346 2729 1389 narrat
2780 1352 2929 1398 eum,
2991 1351 3117 1390 cum
3161 1337 3215 1390 itt
3275 1335 3528 1391 Rhodum

1968 1428 2194 1480 insulam
2230 1428 2586 1494 pervenisset,
2650 1432 2961 1496 amplexum
3028 1429 3343 1497 religionem
3376 1427 3532 1483 Cltri-

1967 1520 2220 1579 stianunt,
2249 1530 2305 1572 et
2326 1521 2683 1589 baptizatum.
2738 1519 2969 1584 Ibidem,
3004 1521 3275 1588 susceptis
3308 1536 3372 1572 ex
3401 1536 3536 1574 con-

1961 1612 2089 1680 juge
2116 1624 2351 1680 quatuor
2388 1614 2594 1677 liberis,
2635 1614 2850 1668 duobus
2890 1613 3533 1681 masculis.tolidetttque

1969 1702 2218 1768 fetnellis,
2262 1705 2405 1759 velut
2432 1705 2512 1757 .in
2538 1706 2774 1761 latebris
2830 1706 3080 1761 risisse:
3128 1706 3300 1761 dottee
3340 1704 3535 1759 Rhodo

1974 1806 2152 1865 capta,
2182 1798 2560 1864 percunctanti
2594 1796 2661 1851 de
2702 1812 2768 1850 eu
2810 1797 3043 1851 sollicite
3071 1796 3365 1852 Solcitnani
3407 1813 3535 1863 pro-

368 1859 637 1928 Ρτίηθίνίθ
691 1863 995 1958 ἠομεηάξεε
1044 1863 1235 1931 ¹θ⁰ί⁰¹ἰ
1285 1864 1411 1921 huic
1464 1863 1604 1935 apud
1657 1864 1866 1918 Tum“
1902 1853 1944 1911 Β
1971 1890 2136 1952 ditus,
2172 1904 2297 1943 cum
2336 1888 2649 1958 religionem
2680 1887 3049 1945 Christianam
3080 1890 3424 1943 deserturum
3475 1903 3535 1940 se

308 1968 500 2007 nomen
534 1969 645 2010 esse
709 1956 887 2011 snitan
921 1956 1094 2022 Zemi,
1124 1959 1203 2013 vel
1228 1959 1401 2025 Genti,
1428 1960 1868 2029 pronuntiatione

303 2041 505 2098 halica.
531 2043 831 2111 Geufraaus,
862 2058 915 2102 et
943 2050 1068 2114 alii,
1100 2067 1205 2105 non
1231 2061 1376 2105 recte
1402 2051 1664 2104 Zizitnunt
1695 2063 1748 2106 et
1781 2050 1867 2103 Zi-

296 2135 472 2189 zimen
506 2137 797 2206 appellant:
834 2140 988 2210 pejus
1018 2144 1179 2195 etiant
1210 2141 1491 2197 Bonlinius
1526 2143 1725 2197 Czalial
1750 2124 1864 2207 unt,

297 2227 441 2296 quod
461 2244 525 2281 ex
562 2227 739 2285 Zelcbi
772 2245 1087 2304 corruptum
1123 2234 1380 2299 arbitror,
1404 2233 1471 2287 de
1497 2250 1605 2303 quo
1630 2236 1863 2289 vocabu-

300 2319 343 2373 lo
371 2318 588 2374 dictum
624 2321 779 2377 initio
809 2323 1192 2380 declarationis
1223 2326 1405 2395 hujus.
1440 2325 1735 2397 Utriusque
1771 2344 1868 2387 ttu-

300 2426 415 2479 gnte
445 2414 713 2479 narratio,
734 2430 837 2483 qua
870 2417 951 2472 bis
981 2419 1256 2473 Aclttnetis
1281 2417 1514 2474 Geducis
1539 2419 1713 2473 hassa:
1738 2419 1868 2472 dnc-

299 2510 350 2554 tu
381 2511 678 2570 superatus
704 2518 733 2557 a
769 2503 931 2559 fratre
979 2505 1102 2568 fuit,
1131 2506 1217 2561 hic
1245 2505 1298 2559 in
1328 2507 1631 2560 Annalibus
1666 2517 1865 2561 exstat.

302 2587 543 2660 Reliquae
567 2603 686 2662 post
714 2593 894 2663 fugam
926 2595 1048 2649 vitae
1084 2595 1298 2650 fortuna
1337 2596 1573 2650 breviter
1600 2611 1630 2649 e
1667 2597 1869 2649 uestris

301 2682 607 2752 exponitor,
637 2686 855 2755 quando
877 2685 1041 2742 Turci
1070 2701 1209 2749 eam,
1239 2692 1298 2740 ut
1325 2701 1515 2756 parum
1548 2686 1648 2739 sibi
1683 2686 1870 2755 cogni-

305 2786 437 2842 tam,
469 2778 525 2831 in
548 2776 757 2834 litteras
780 2778 984 2834 referre
1006 2794 1113 2833 non
1147 2788 1459 2848 potuerunt.
1498 2778 1665 2850 Igitur
1701 2779 1869 2832 altt-ro

306 2870 490 2939 praelia
516 2869 715 2934 victus,
762 2870 1059 2940 desperatis
1100 2872 1262 2925 rebus
1310 2871 1444 2935 suis,
1508 2871 1558 2923 in
1620 2867 1868 2922 Rhodum

308 2961 563 3032 profugit:
589 2948 757 3031 seque
782 2952 979 3032 magno
996 2961 1235 3031 equitatu
1262 2960 1591 3016 Rhodiorum
1620 2961 1871 3031 Magistro

312 3056 394 3122 qui
429 3062 561 3109 tunc
586 3064 704 3107 erat
747 3053 934 3108 Petrus
980 3054 1339 3109 Albussonius
1386 3052 1589 3118 Gallus,
1625 3052 1872 3107 tradidit.

315 3145 509 3214 Agebat
543 3153 675 3198 tunc
743 3148 917 3198 aetatis
956 3160 1159 3198 annum
1226 3143 1542 3198 vicesimum
1592 3156 1870 3199 octavum.

318 3236 370 3291 Id
395 3239 485 3292 ubi
530 3237 795 3305 Bajasites
848 3232 1168 3306 accepisset.
1222 3235 1573 3306 amplissimis
1620 3250 1871 3304 magnum

320 3326 644 3395 Magistrum,
695 3329 924 3397 ejusque
991 3328 1353 3391 consiliarios,
1421 3327 1737 3379 muneribus
1786 3325 1877 3379 de-

331 3422 581 3481 mulcens.
613 3421 690 3474 uti
739 3420 1029 3489 diligenter
1055 3430 1449 3481 asservaretur,
1486 3418 1658 3488 petiit:
1713 3418 1875 3472 simul

338 3508 403 3561 ad
433 3511 543 3578 ejus
563 3511 809 3566 alimenta
844 3525 905 3565 se
927 3513 1284 3582 quadraginta
1326 3511 1493 3564 millia
1550 3511 1873 3565 ducatorum

256 3670 264 3679 ι
344 3596 559 3666 singulis
610 3604 781 3668 annis,
837 3617 998 3671 quam
1028 3603 1245 3671 quidem
1278 3603 1368 3657 diu
1403 3602 1567 3657 frater
1595 3610 1875 3671 superstes

340 3691 540 3749 futurus
567 3709 724 3763 esset,
754 3709 1163 3752 numeraturum
1205 3698 1485 3766 promisit:
1509 3712 1698 3768 pacem
1725 3697 1878 3751 deni-

329 3800 430 3855 que
448 3802 563 3842 cum
592 3787 919 3844 Christianis
982 3799 1296 3860 perpetuam
1331 3791 1603 3845 cultorum
1635 3804 1876 3859 spepon-

323 3878 415 3932 dit.
441 3881 665 3950 Accepit
730 3896 826 3937 eas
896 3882 1245 3957 conditiones
1308 3898 1539 3953 magnus
1601 3880 1876 3948 Magister,

319 3985 455 4040 quas
503 3973 723 4043 quidem
757 3976 898 4027 bona
931 3974 1035 4028 fide
1063 3974 1329 4043 Bajasites
1363 3974 1625 4045 implevit.
1682 3972 1878 4030 Zemes

294 4079 462 4130 ’νει-ο,
487 4074 601 4120 tum
634 4065 892 4136 plenioris
926 4062 1233 4123 securitatis
1256 4084 1441 4134 causa,
1480 4076 1593 4122 tum
1621 4068 1696 4123 uti
1726 4067 1881 4137 Baja-

313 4157 442 4211 sites
468 4165 623 4211 tanto
656 4158 829 4225 magis
857 4159 910 4211 in
969 4166 1115 4212 metu
1168 4171 1433 4229 perpetuo
1482 4162 1879 4221 contineretur,

311 4250 363 4305 “In
393 4249 626 4303 Galliam
672 4249 773 4304 fuit
823 4250 1091 4306 abductus
1132 4268 1147 4307 :
1198 4252 1287 4327 ubi
1308 4248 1408 4306 diu
1445 4253 1578 4307 vixit
1644 4252 1695 4305 in
1750 4268 1885 4322 qua-

309 4344 432 4397 tlatn
471 4342 811 4398 Rhodiorum
852 4347 1094 4414 equitnm
1141 4360 1287 4406 arce,
1327 4347 1412 4399 cui
1446 4361 1642 4399 nomen
1679 4339 1881 4415 Burgo-

306 4452 471 4491 novo.
504 4434 781 4491 Deductus
812 4438 937 4491 inde
968 4435 1194 4490 Romam
1247 4434 1363 4490 fttit'
1391 4438 1456 4491 ad
1509 4439 1881 4492 innocentium

1969 1993 2283 2037 constanter
2306 1991 2579 2049 ncgasset,
2606 1980 2820 2035 duobus
2840 1996 2965 2036 eum
2998 1981 3124 2036 filiis
3151 1981 3491 2035 occideretur
3517 1998 3530 2033 :

1964 2074 2189 2141 juheute
2214 2073 2548 2137 Soleitnane,
2584 2083 2643 2126 ut
2694 2073 2815 2128 lilia:
2840 2072 3372 2144 ConstantinOpolitn
3411 2091 3537 2130 ave-

1971 2167 2252 2220 hcrcntttr.

2220 2257 2337 2310 liiti.
2366 2255 2508 2309 Mors
2533 2255 2756 2311 Caducis
2791 2256 3049 2310 Acltmetis
3081 2257 3270 2311 bassis.

2041 2347 2204 2412 Quia
2259 2348 2577 2402 conditione
2645 2348 2950 2401 humillima
2990 2349 3171 2402 subito
3221 2363 3532 2417 supremam

1973 2436 2040 2490 ad
2076 2438 2395 2505 dignitatem
2427 2448 2480 2490 et
2529 2452 2661 2505 opt-s
2722 2448 3040 2501 emerserat,
3085 2449 3138 2492 et
3173 2441 3537 2505 imperatoriis

1973 2538 2151 2581 tamen
2185 2529 2394 2581 artibus
2436 2539 2718 2597 praestans,
2761 2545 2983 2598 magnas
3018 2544 3115 2598 pro
3143 2530 3375 2586 sultanis
3399 2534 3536 2596 suis,

1973 2623 2313 2679 Mueltetnete
2346 2623 2712 2694 Bajasithue,
2742 2642 2829 2680 res
2875 2638 3141 2694 gesserat.
3191 2627 3393 2696 insigni
3436 2642 3537 2682 sua

1974 2730 2095 2768 cunt
2131 2714 2301 2782 gloria
2343 2733 2356 2765 :
2403 2731 2564 2783 quam
2616 2715 2835 2786 indigna
2883 2716 3100 2771 tandem
3138 2731 3311 2771 morte
3369 2717 3536 2772 vitam

1974 2803 2115 2859 hanc
2137 2802 2419 2867 clauserit,
2451 2806 2686 2860 Annales
2710 2807 2812 2860 hoc
2845 2806 2965 2860 loco
2988 2810 3171 2874 paucis
3203 2823 3541 2863 commento.

1975 2903 2116 2947 rant.
2150 2895 2360 2948 Causas
2384 2903 2568 2948 tamen
2602 2898 2775 2951 nullas
2806 2898 3090 2967 adjiciunt.
3123 2915 3222 2954 cur
3253 2902 3325 2954 ita
3356 2902 3540 2955 subito

1973 2999 2285 3056 peremptus
2336 2987 2519 3052 fuerit,
2577 2989 2733 3057 jussu
2793 2990 3065 3056 Bajasitis,
3127 3003 3182 3046 nt
3229 2993 3541 3060 Genii-ants;

1979 3079 2151 3147 ipsius
2208 3097 2369 3133 manu
2420 3081 2690 3149 Bajasitis,
2758 3096 2815 3136 ut
2857 3082 3154 3141 Malatestte
3209 3086 3540 3141 sectetarins

1900 3203 1945 3264 ο
1979 3171 2216 3239 scripsit.
2243 3169 2525 3227 Geufrteus
2558 3175 2652 3237 ait,
2710 3183 2962 3228 testatum
3010 3174 3182 3228 fuisse
3219 3174 3534 3242 llajasitem.

1980 3263 2206 3316 nimiam
2239 3264 2379 3318 servi
2428 3265 2857 3332 magnitudinem
2914 3281 2979 3321 ac
3027 3265 3279 3320 virtutem
3320 3268 3547 3322 domino

1981 3354 2329 3410 formidinem
2376 3356 2643 3411 incutere.
2696 3356 2993 3411 Malatesta:
3046 3373 3173 3410 vrro
3216 3360 3545 3412 secretarins

1986 3449 2299 3519 bujusmOdi
2371 3450 2621 3517 quaedam
2685 3454 2846 3515 paulo
2899 3451 3137 3517 prodidit
3195 3452 3546 3520 captiosttins.

1979 3554 2100 3609 qua:
2129 3540 2479 3595 commutatis
2511 3541 2689 3595 verbis
2717 3541 2883 3607 ipsius
2920 3541 3119 3595 Italicis
3150 3557 3273 3595 eum
3336 3542 3545 3597 Latinis

1981 3632 2073 3685 hic
2096 3625 2426 3686 inseremus.
2475 3630 2662 3695 Erant,
2690 3630 2889 3700 inquit,
2930 3633 3237 3699 pertinaces
3260 3634 3424 3687 animi
3451 3651 3548 3703 ge-

1980 3725 2316 3796 nizarorum.
2348 3740 2486 3793 quos
2517 3739 2647 3778 sane
2690 3739 3085 3793 nonnunquam
3120 3726 3300 3779 dicere
3327 3741 3434 3779 nou
3465 3737 3549 3780 est

1981 3816 2239 3879 veritum,
2303 3814 2525 3884 quando
2586 3812 2820 3881 Bajasite
2864 3813 3089 3867 domino
3142 3826 3335 3881 parum
3366 3814 3549 3882 νωιιὶ-

1983 3910 2393 3971 tiouterentur,
2434 3908 2815 3969 arcessitur-os
2881 3923 2942 3971 se
2973 3908 3246 3963 sultauum
3288 3907 3543 3974 Zetnetu,

1982 4004 2074 4072 qui
2105 4004 2186 4057 eis
2236 4004 2550 4071 imperaret.
2597 4001 2734 4068 Quin
2764 4000 2928 4056 etiam
2988 4003 3181 4055 armati
3231 4000 3546 4070 aliquando.

1986 4109 2182 4164 magna
2220 4110 2345 4148 cunt
2404 4094 2551 4155 rabie
2575 4093 2641 4148 ad
2668 4094 2815 4163 ipsas
2854 4096 3119 4151 sultanini
3151 4095 3335 4164 palatii
3367 4105 3552 4164 portas

1983 4197 2362 4249 accurrcrttnt.
2393 4187 2531 4242 Tum
2560 4203 2688 4243 vero
2712 4188 2977 4258 Bajasites
3010 4189 3220 4244 leuibus
3248 4203 3344 4244 eos
3375 4188 3554 4242 verbis

1986 4281 2255 4345 mitigare,
2294 4281 2614 4350 cunctisque
2636 4281 2925 4349 postulatis
2947 4285 3195 4350 ipsorum
3221 4297 3354 4336 sane
3391 4297 3553 4351 quam

1987 4376 2326 4444 indulgenter
2355 4391 2620 4431 annttere.
2660 4375 2862 4445 Sopitis
2888 4386 3071 4431 autem
3103 4376 3399 4430 furentium
3438 4376 3554 4436 iris.

1988 4478 2241 4522 auctores
2275 4467 2563 4523 seditionis
2592 4484 2623 4521 e
2678 4469 2859 4524 utedio
2884 4469 3132 4543 sustulit.
3182 4466 3247 4520 Et
3277 4468 3403 4536 quia
3451 4483 3557 4521 sa:-

301 4530 422 4595 ejos
470 4531 717 4585 nominis
751 4541 1029 4592 octavum,
1093 4531 1425 4600 pontiﬁcem.
1477 4528 1575 4594 ibi,
1641 4534 1872 4600 quantha

1993 4576 2298 4630 pennmero
2327 4560 2567 4628 genizari
2596 4560 2666 4612 ad
2715 4560 2995 4614 Acltmetis
3040 4558 3336 4613 Chendicis
3363 4559 3562 4611 veziris

286 4623 445 4676 -vixit
503 4622 1034 4689 lunnocentius,‘-ac
1091 4633 1212 4691 post
1264 4630 1491 4676 mortem
1554 4622 1720 4687 illius,
1779 4626 1883 4679 sub

284 4712 602 4765 .Alexandri
635 4706 1069 4779 Vllpontificatu.
1102 4700 1308 4766 mansit
1340 4728 1354 4767 :
1386 4712 1883 4783 donec'oct'upatn-

302 4819 400 4859 rus
428 4817 664 4871 regnum
698 4803 1115 4872 Neapolitanum
1147 4804 1384 4860 Karulus
1412 4803 1520 4858 Vili
1548 4805 1736 4859 Gallizr
1788 4822 1882 4859 rex

305 4898 544 4950 Romam
600 4898 858 4951 venisset.
913 4897 1045 4950 Nam
1104 4896 1149 4951 is
1195 4895 1392 4952 Zemen
1445 4900 1512 4951 ab
1574 4898 1883 4953 Alexandro

287 4988 654 5059 impetravit,
722 5002 927 5044 usurus
1003 5005 1091 5051 eo,
1150 4992 1604 5060 quemadmodum
1666 4995 1881 5063 quidem

303 5084 519 5146 aiebat,
552 5081 621 5135 ad
671 5082 1107 5152 recuperandum
1168 5083 1457 5151 imperium
1492 5082 1884 5139 C0ttstantitt0'~

304 5175 642 5244 politauunt.
675 5174 920 5229 Pontifex
947 5178 1157 5229 amenti
1195 5172 1344 5230 Zetni
1399 5176 1665 5229 veneninn
1701 5177 1886 5245 propi-

306 5280 481 5327 nasse
507 5265 713 5320 lentum
746 5269 1001 5333 traditur,
1038 5284 1177 5338 quO'
1212 5279 1421 5322 certum
1486 5269 1551 5321 ad
1589 5267 1882 5321 tt-rtninnm

306 5357 581 5429 paulatim
604 5358 889 5415 confectus
919 5361 1240 5430 exspiraret.
1288 5358 1475 5429 Itaque
1525 5369 1646 5428 post
1675 5362 1887 5429 aliquot

309 5452 434 5506 dies
455 5449 813 5506 Terracinam
862 5453 1177 5521 perductus,
1223 5452 1424 5509 ibidem
1482 5457 1646 5507 rebus
1690 5457 1884 5506 huma-

310 5544 404 5597 nis
442 5547 705 5598 excessit.
913 5560 917 5566 '
1610 5560 1613 5561 ν

313 5656 485 5731 456
518 5652 641 5715 155.
684 5646 1128 5753 Mekie,qﬁ!etlitt‘a
1166 5660 1377 5744 Alttabi,
1414 5660 1515 5729 ﬁlii
1549 5672 1890 5731 nepotemque

872 5728 1046 5785 Zemis
1077 5734 1319 5786 historia.

396 5845 585 5903 Victus
628 5848 791 5917 priori
845 5849 1027 5919 praelia
1064 5846 1278 5914 Zetnes,
1322 5848 1455 5904 dicis
1508 5864 1695 5916 causa,
1746 5849 1890 5919 quod

1984 4656 2164 4708 lassat
2228 4653 2452 4707 domum
2511 4653 2755 4716 itabattt,
2818 4650 3090 4718 Bajasites
3164 4650 3556 4720 llatlrianopoti

1988 4748 2230 4807 tandem,
2276 4747 2481 4813 quain
2514 4747 2649 4801 urbe
2699 4756 2829 4800 tunc
2880 4746 3099 4813 agebat.
3128 4745 3195 4799 ad
3243 4744 3558 4799 convivium

1970 4840 2197 4896 .tezires
2232 4852 2365 4892 suos
2417 4854 2609 4892 omnes
2667 4838 2940 4897 invitavit,
2991 4837 3175 4906 ibique
3237 4837 3556 4893 Aclttnetett‘.

1987 4931 2205 4987 hassatu
2238 4947 2412 4984 manu
2464 4930 2682 4999 propria
2734 4930 2992 4985 confecit.
3058 4928 3184 4985 Haec
3213 4930 3327 4995 ille,
3362 4933 3559 4999 quibus

1988 5028 2248 5080 Aratettm
2284 5024 2385 5077 hoc
2415 5024 2780 5092 epiphonema
2840 5022 3149 5076 rectissime
3191 5029 3317 5092 quis
3345 5023 3561 5092 adjece-

1990 5116 2096 5167 rit:
2129 5116 2396 5185 ejusmodi
2428 5115 2643 5169 scilicet
2669 5114 2873 5170 amoris
2929 5130 2994 5169 ac
3049 5115 3444 5172 benevolentia:
3472 5127 3556 5186 ty-

1990 5220 2291 5260 rannorum
2324 5220 2448 5260 esse
2474 5205 2716 5274 prstitia.

1991 5320 2118 5375 157.
2150 5318 2387 5373 Familia
2409 5318 2740 5374 Caramaniaz
2773 5319 3065 5388 principem
3087 5323 3367 5374 exstincta.
3398 5320 3558 5374 Pira-

2060 5401 2247 5452 melus,
2285 5406 2380 5459 pro
2418 5389 2706 5444 Ibi-ultime.
2749 5392 3078 5445 Carantattia
3108 5409 3160 5445 tn
3194 5392 3422 5461 formam
3466 5393 3557 5446 be-

2056 5461 2378 5528 glrrbegatus
2413 5462 2646 5513 redacta.

2061 5572 2301 5630 Ultimus
2349 5585 2431 5630 est
2456 5576 2717 5643 Casancs,
2749 5578 2906 5648 cujus
2938 5578 3026 5633 hic
3079 5593 3275 5633 nomen
3309 5583 3562 5650 prodide-

1992 5676 2121 5720 runt
2148 5666 2405 5734 Annales,
2438 5668 2530 5737 qui
2554 5668 2619 5721 de
2658 5668 3082 5725 Carantanorum
3130 5671 3331 5726 familia
3360 5675 3564 5745 princi-

1994 5772 2121 5829 pum
2165 5760 2217 5811 itt
2254 5759 2496 5812 historiis
2523 5761 2818 5829 reprritur.
2869 5762 3000 5814 Nam
3039 5761 3345 5817 Ccuiranun
3380 5781 3563 5821 errare

1997 5850 2268 5919 videmus,
2298 5852 2387 5923 qui
2416 5853 2578 5908 tradit
2603 5854 2928 5910 exstinctam
2952 5855 3002 5908 ιι.
3028 5871 3140 5909 ιηιιιι
3165 5852 3424 5911 familiam
3454 5862 3557 5914 sub
