4018 6450
418 402 529 463 8¹ξ9

1530 417 1537 425 '
1621 394 1952 456 JOANNIS
1986 395 2461 457 LEU‘NCLAVII

3569 398 3697 462 £4)

413 524 720 573 clientelam
759 490 1280 569 llderruvissecum
1317 511 1499 566 animo
1517 527 1641 580 suo,
1684 513 1999 582 subjugum
2028 520 2083 577 Α
2109 524 2236 569 tuus
2289 514 2411 568 fuit.
2472 512 2529 567 ld
2561 511 2880 587 oppidulum
2941 521 3024 569 est
3071 513 3267 568 insula:
3310 516 3705 583 cognominis,

415 610 896 664 mitterrducatum
921 607 1296 668 Buzinensem,
1313 606 1473 673 eujus
1496 605 1746 675 princeps
1767 606 2003 672 Stepha-

412 721 519 759 nus
548 704 604 757 S.
623 703 777 756 Sabar.
798 701 927 762 dux,
952 709 1007 755 ct
1036 697 1348 752 llenzerhus
1380 696 1787 767 (animadvertit
1838 699 2005 752 lector

413 795 791 851 Germanicam
815 806 1004 847 vocem
1047 788 1308 860 lleitzog)
1345 789 1508 859 vulgo
1557 788 1725 843 fuerit
1767 788 2006 858 appella-

418 898 530 940 tus.
603 883 779 952 lpsam
858 880 1137 952 regionem
1194 879 1474 949 Ragusaeis
1518 894 1640 933 esse
1690 880 2002 944 ﬁnitimam,

417 981 564 1031 inter
604 991 743 1043 quos
794 985 850 1030 et
918 974 1219 1043 principem
1294 973 1633 1042 Stephanum
1692 975 2005 1029 simultatvs

416 1070 851 1133 intercesserint,
878 1084 944 1121 ex
982 1083 1154 1122 causa
1218 1069 1448 1136 quadam
1494 1068 1830 1134 ltujusmodi.
1875 1067 2005 1127 Erat

416 1167 542 1219 duci
565 1164 803 1231 legitima
830 1160 1114 1229 coujux,_e
1144 1176 1250 1228 qua
1280 1159 1626 1221 tresliberos
1674 1175 1854 1216 mares
1880 1175 2005 1216 sus-

418 1266 639 1326 e.-perat
663 1276 676 1309 :
714 1255 1023 1310 Ladislaum
1046 1262 1170 1306 natu
1195 1254 1514 1319 maximum,
1535 1253 1623 1307 cui
1647 1255 1830 1322 nupsit
1849 1254 2005 1306 Anna

414 1351 581 1422 459
601 1350 985 1405 Cantacuzeua
1018 1365 1032 1400 :
1059 1345 1416 1415 Stephanum,
1443 1346 1942 1413 secundogeuitum
1988 1362 2004 1400 :

418 1458 473 1494 rt
495 1443 768 1503 uilltlllllll,
803 1438 1074 1494 Vaticum.
1107 1437 1322 1493 Accidit
1344 1447 1553 1500 autem,
1589 1448 1645 1491 ut
1683 1436 2002 1492 Florentina

419 1534 675 1601 qua-dam
743 1533 966 1596 mulier,
995 1534 1317 1591 excellentia
1367 1533 1578 1598 formae,
1616 1531 1713 1586 sed
1771 1530 2004 1584 nimium

422 1630 673 1696 corporis
704 1627 787 1681 sui
831 1627 1081 1696 prodiga,
1142 1642 1263 1681 sese
1296 1627 1351 1687 in
1380 1628 1524 1687 hanc
1557 1626 1794 1680 ducatus
1850 1621 2008 1675 Bozi-

2108 606 2163 663 in
2196 605 2512 660 Hadriatico
2567 606 2691 660 sinu
2742 614 2961 676 propter
2997 606 3366 661 Dalmatinum
3389 608 3558 663 'Iittus
3592 624 3710 664 se-

2096 698 2302 759 _cundte
2343 708 2466 767 post
2514 697 2797 766 Veghiam,
2864 713 3028 766 quam
3073 696 3312 752 Ortelius
3387 714 3493 752 non
3538 710 3713 753 recte

2109 788 2370 846 Vechiam
2413 792 2658 862 scripsit,
2686 801 2739 847 et
2795 793 2954 862 pejus
2993 793 3385 862 interpretatus
3441 805 3531 847 est
3597 792 3712 846 τε-

2110 884 2304 948 tulam,
2330 899 2455 938 cum
2493 883 2655 954 Vegla
2693 900 2790 940 seu
2822 884 2978 957 Vigla
3026 887 3254 941 dicenda
3283 888 3374 943 sit.
3397 897 3451 959 et
3479 904 3509 941 a
3537 888 3709 941 Bon-

2109 977 2238 1030 ftuio
2265 977 2490 1047 Corycia
2517 979 2790 1033 veteribus
2814 990 3004 1032 vocata
3029 988 3272 1049 putetur.
3298 977 3424 1034 Hme
3454 979 3524 1033 de
3583 980 3701 1035 ﬁne

2109 1071 2345 1122 ducatus
2411 1069 2751 1132 Bozinensis,
2800 1079 2855 1122 ct
2903 1070 3146 1139 ipsorum
3195 1072 3397 1125 ducum
3442 1071 3688 1136 familia,

2111 1161 2501 1236 Spaudugiuus
2529 1163 2810 1216 memor-ite
2845 1163 3103 1231 prolidit.
3149 1160 3342 1223 Jovius
3379 1173 3563 1217 autem
3604 1179 3697 1217 rc-

2112 1254 2217 1305 fert
2266 1269 2331 1306 ex
2381 1250 2503 1305 Jaui
2551 1252 2801 1307 Lasearis
2853 1254 3204 1308 sermonibus
3245 1255 3487 1308 hominis
3545 1258 3698 1323 apud

2109 1342 2334 1398 Graseos
2357 1344 2556 1398 illustri
2582 1343 2789 1399 lautitia
2817 1346 2956 1409 uati,
2984 1348 3071 1400 eui
3106 1347 3427 1400 notissimus
3455 1348 3701 1402 Achate-

2113 1447 2193 1491 tes
2232 1437 2398 1493 bassa
2423 1438 2608 1502 fuerit,
2648 1437 3016 1510 Cherscoglim
3055 1448 3266 1499 matura
3293 1440 3406 1508 jam
3459 1452 3514 1494 et
3544 1442 3698 1496 virili

2118 1540 2277 1584 aetate
2332 1530 2659 1600 religionem
2699 1530 3041 1585 Chistianam
3096 1532 3452 1588 deseruisse:
3493 1534 3575 1588 sic
3610 1546 3693 1588 ta-

2114 1641 2261 1686 men,
2286 1633 2348 1678 ut.
2388 1623 2442 1677 in
2485 1624 2723 1693 pectoris
2751 1624 2876 1677 sinu
2898 1638 3041 1678 vera:
3077 1625 3199 1679 lidei
3251 1640 3362 1679 non
3390 1627 3696 1682 oblivisce-

426 1720 616 1781 ueusis
664 1719 968 1788 regionem.
1026 1719 1217 1774 relicta
1270 1722 1470 1789 patria,
1524 1719 1825 1774 conferret.
1891 1720 2004 1772 Dux
2069 1728 2286 1772 iretur.
2316 1716 2516 1772 Fuisse
2571 1734 2705 1773 vero
2730 1718 2900 1775 tilium
2929 1718 3308 1783 Chersecchii,
3352 1719 3499 1789 Nigri
3534 1735 3692 1773 mon-

429 1815 765 1882 Stephauus,
803 1814 896 1878 qui
931 1815 1133 1883 saepius
1160 1815 1473 1883 accepisset
1506 1829 1574 1868 ex
1617 1813 1855 1869 aliorum
1888 1828 2006 1867 ser-

2114 1812 2185 1863 tis
2227 1811 2281 1863 in
2333 1810 2591 1865 Slavonia
2616 1812 2800 1879 reguli
2828 1827 2844 1863 :
2876 1810 2965 1865 cui
3000 1826 3129 1867 cum
3150 1810 3276 1864 data
3307 1825 3451 1866 esset
3478 1813 3534 1866 in
3571 1826 3689 1867 ma-

431 1904 708 1967 mouibus,
741 1904 1002 1961 mulieres
1044 1901 1394 1958 Florentium
1423 1904 1495 1956 ob
1520 1903 1715 1957 forma:
1753 1913 2005 1957 venusta-
2039 1897 2081 1957 Β
2112 1902 2430 1957 trimouium
2452 1940 2468 1967 ,
2505 1902 2733 1972 jamque
2765 1905 2986 1957 domum
3048 1906 3117 1958 ad
3157 1902 3506 1959 celebrandas
3547 1921 3687 1975 nup-

431 2006 563 2056 tem,
598 1995 1188 2064 aniiniqueaindolem,
1247 2006 1304 2050 et
1372 2010 1584 2049 morum
1646 1995 2002 2064 elegantiam,

430 2088 593 2143 facile
649 2089 857 2157 primas
907 2089 1053 2144 inter.
1113 2089 1250 2142 alias
1304 2102 1502 2143 omnes
1556 2088 1725 2144 Italiae
1772 2088 2008 2142 feminas

429 2179 575 2233 ferre
610 2195 626 2229 :
661 2194 787 2233 cum
832 2177 1069 2247 primum
1110 2178 1179 2233 de
1218 2178 1380 2248 hujus
1418 2187 1653 2232 adventu
1702 2177 2006 2234 intellexis-

428 2284 535 2335 set,
567 2271 687 2341 ejus
715 2271 964 2325 videndae
988 2271 1247 2340 cupidus,
1302 2272 1459 2325 misit
1491 2273 1583 2340 qui
1613 2270 1683 2325 ad
1726 2286 1785 2326 se
1814 2272 2009 2329 mulie-

433 2380 546 2417 umt
579 2374 944 2420 arcesserent.
964 2363 1332 2434 Conspectam
1361 2379 1484 2419 mox
1532 2365 1792 2419 adamare
1820 2367 2008 2434 cmpit,

432 2457 570 2512 adeo
607 2458 852 2526 quidem.
882 2457 1039 2511 nihili
1073 2472 1231 2512 suam
1262 2455 1340 2510 uti
1383 2455 1683 2525 legitimam
1718 2456 2009 2524 conjugem

432 2550 664 2614 faceret,
727 2553 891 2618 cujus
916 2567 1041 2605 eum
1098 2560 1317 2618 ceperat
1366 2551 1618 2604 satietas.
1671 2547 1827 2603 Uxor
1880 2563 2012 2602 vero

434 2640 723 2711 principis,
750 2655 870 2694 eam
893 2655 1019 2693 eum
1050 2638 1195 2693 ferre
1227 2639 1437 2693 diutius
1482 2654 1589 2693 non
1642 2650 1827 2709 posset
1873 2638 2014 2709 inju-

434 2733 598 2799 riam,
660 2732 939 2802 Ragusam
998 2746 1124 2785 eum
1164 2730 1274 2785 filio
1302 2741 1437 2785 natu
1469 2732 1712 2785 maximo
1764 2731 1891 2798 fuga
1921 2747 2014 2785 seo

434 2838 587 2882 creta
608 2842 668 2882 se
690 2826 959 2881 contulit.
998 2825 1231 2880 Maritus
1277 2825 1469 2879 missis
1493 2825 1559 2880 ad
1589 2838 1711 2880 eam
1740 2824 1907 2879 certis
1932 2824 2015 2877 in-

437 2918 755 2982 ternuntiis,
799 2920 879 2972 uti
909 2921 1133 2972 domum
1176 2916 1401 2980 rediret,
1457 2917 1654 2971 orabat
1693 2932 1709 2973 :
1741 2931 1878 2969 neve
1905 2915 2018 2968 dis.

435 3027 599 3067 eessu
635 3022 689 3065 et
717 3012 964 3067 absentia
1001 3026 1103 3066 sua
1131 3025 1356 3066 causam
1392 3012 1677 3080 praeberet,
1736 3011 1881 3064 unde
1916 3025 2016 3064 sua

438 3105 816 3169 divulgarctur
839 3102 1087 3157 infamia.
1120 3100 1375 3157 Vicissim
1411 3102 1501 3156 illa
1534 3102 1927 3171 respondebat,
1959 3116 2019 3156 se

2114 1999 2221 2050 tias
2249 1997 2645 2058 deduceretur,
2694 1994 2873 2064 puella
2925 2004 3053 2050 nata
3092 1996 3161 2050 de
3193 1998 3359 2066 stirpe
3399 1998 3675 2065 despotiea

2113 2088 2401 2152 Servia‘na,
2457 2089 2784 2143 sceleratum
2826 2097 3075 2157 patrem,
3125 2099 3329 2142 motum
3371 2087 3672 2141 admirabili

2112 2194 2285 2235 nurus
2331 2182 2624 2250 elegantia,
2671 2180 2934 2246 conjectis
2976 2180 3032 2234 in
3082 2195 3202 2235 eam
3262 2180 3450 2242 oculis,
3492 2195 3681 2236 amore

2113 2282 2426 2341 correptum
2468 2272 2641 2328 fuisse
2676 2287 2955 2342 :cumque
2997 2273 3219 2328 luxuria
3268 2274 3530 2343 pudorem
3570 2289 3689 2328 om-

2115 2382 2238 2420 nem
2270 2368 2533 2430 viueeret,
2569 2367 2671 2420 sibi
2714 2381 2835 2420 eam
2859 2366 3140 2436 accepisse
3195 2382 3451 2428 uxorem,
3497 2375 3693 2420 contra

2113 2459 2457 2513 voluntatem
2487 2468 2870 2527 cognatorum,
2928 2460 3523 2529 qui'reprehenderettt
3559 2458 3701 2514 faci-

2118 2572 2242 2620 uus,
2280 2558 2389 2613 lilio
2440 2556 2928 2619 contumeliosum,
2965 2554 3172 2610 infame
3227 2555 3397 2624 patri.
3433 2554 3703 2609 Commo-

2118 2661 2233 2704 tum
2268 2651 2535 2705 dedecore
2564 2656 2726 2702 tantae
2765 2649 3018 2718 juvenem
3049 2648 3285 2716 injuriae,
3318 2645 3709 2717 praecipitique

2120 2745 2282 2799 nimis
2315 2737 2609 2813 impulsum
2637 2741 3043 2810 desperatione,
3072 2737 3614 2807 Constantinopolim
3647 2752 3711 2791 se

2118 2836 2417 2890 contulisse
2453 2846 2729 2904 :cumque
2762 2831 2984 2888 sultano
3014 2832 3240 2903 Bajaziti
3296 2833 3497 2886 foedum
3525 2833 3712 2901 patris

2121 2927 2339 2983 facinus
2367 2927 2617 2980 dolenter
2638 2926 3014 2994 exposuisset,
3047 2926 3166 3003 ejus
3218 2940 3277 2979 se
3318 2926 3439 2979 fidei
3496 2936 3709 2983 totum.

2119 3029 2176 3074 ct
2202 3019 2469 3072 clientela:
2495 3017 2814 3072 tradidisse.
2847 3016 3173 3084 Bajazitem,
3210 3017 3409 3070 auditis
3435 3015 3707 3083 Stephani

2123 3102 2387 3181 querelis,
2419 3110 2565 3165 bono
2600 3119 2661 3163 ut
2692 3118 2839 3164 esset
2871 3111 3080 3176 animo,
3121 3108 3357 3179 jussisse
3385 3125 3400 3173 ;
3440 3109 3708 3162 virtutem

439 3197 761 3259 redituram,
807 3194 853 3248 si
910 3194 1281 3248 Florentiuam
1330 3195 1400 3247 ab
1427 3210 1487 3248 se
1520 3194 1847 3249 dimisisset.
1894 3196 2014 3250 Dux
2042 3241 2093 3296 ο,
2124 3206 2297 3273 ipsius
2334 3201 2542 3271 majora
2598 3202 2836 3256 fortunis
2870 3202 3115 3270 paternis
3163 3200 3503 3271 promereri;
3548 3200 3712 3254 ham-

442 3290 759 3361 Stephanus
811 3288 863 3344 id
916 3292 997 3345 uti
1042 3289 1274 3353 faceret,
1339 3290 1621 3360 imperare
1647 3306 1757 3346 non
1802 3299 2017 3362 poterat

440 3383 629 3439 animo
660 3399 784 3438 suo.
823 3379 1192 3436 Nihilominus
1253 3384 1370 3437 suis
1398 3384 1466 3436 ad
1493 3381 1794 3452 Ragusteos
1829 3383 2016 3436 homi-

443 3476 609 3529 nibus
635 3474 900 3545 ablegatis
921 3515 937 3539 ,
969 3488 1194 3528 uxorem
1233 3488 1359 3527 cum
1403 3474 1521 3528 ﬁlio
1562 3475 1866 3545 repetebat.
1900 3474 2019 3530 Illis

444 3567 716 3621 voluntati
762 3560 1027 3637 principis
1070 3571 1178 3621 non
1226 3567 1762 3637 obtemperantibus,
1814 3569 2016 3622 bellum

452 3659 705 3717 infertur.
736 3655 985 3727 Βηρυεωὶ
1017 3657 1257 3719 vicissim
1283 3675 1342 3728 se
1371 3658 1679 3723 defensuri,
1709 3659 1883 3728 copiis
1899 3660 2021 3721 suis

447 3750 715 3820 Stephani
748 3751 916 3805 filium
953 3749 1268 3805 Ladislaum
1292 3766 1416 3805 cum
1441 3750 2016 3822 imperiopraefielnnt,

448 3859 688 3913 eumque
710 3845 873 3899 rebus
897 3845 1156 3898 omnibus
1185 3844 1468 3912 adjuvant.
1490 3837 1665 3900 Filius
1687 3846 1875 3913 praelii)
1890 3858 2018 3898 cum

449 3950 603 4008 patre
641 3952 997 4006 congressus,
1049 3937 1283 3990 victoria
1330 3937 1537 4005 potitus
1561 3946 1669 4015 est,
1702 3951 1767 3989 ac
1805 3945 2014 4004 patrem

439 4034 571 4103 iuga
590 4032 697 4088 sibi
731 4032 1024 4086 consulere
1048 4030 1234 4098 coegit
1261 4047 1275 4083 :
1309 4043 1508 4099 magno
1531 4038 1887 4098 paternorum
1918 4026 2019 4080 mi-

441 4125 601 4180 litum
656 4139 889 4177 numero
912 4120 1255 4183 interfecto“
1279 4119 1419 4175 Tum
1454 4135 1585 4175 vero
1613 4119 1876 4189 fugitivus
1909 4121 2020 4195 dux

446 4215 765 4284 Stephanus
802 4214 869 4267 ad
903 4214 1181 4267 sultanum
1232 4211 1636 4269 Muchemetem
1684 4212 1883 4276 mittit,
1926 4211 2019 4277 qui

447 4306 568 4377 ejus
598 4321 753 4374 opem
782 4316 838 4361 et
859 4304 1157 4359 auxiliares
1182 4302 1370 4372 ecpias
1384 4303 1656 4361 adversus
1689 4302 1862 4361 ﬁlium
1892 4319 2023 4371 sup-

448 4403 665 4473 pliciter
724 4401 1106 4470 implorarent.
1161 4398 1339 4454 Simul
1385 4397 1636 4453 obsidem
1685 4396 2019 4453 Muchemeti

453 4498 621 4552 lilium
656 4494 1145 4564 secundogenitum
1193 4492 1374 4547 offert.
1411 4491 1464 4548 Is
1521 4501 1640 4546 erat
1684 4492 2017 4561 Stephanus,

2128 3308 2307 3352 turum
2341 3298 2461 3350 loco
2499 3302 2701 3362 ereptae
2733 3306 2969 3362 sponsae,
3002 3305 3127 3360 quae
3157 3301 3390 3359 cognata
3433 3288 3506 3343 sit
3535 3303 3717 3344 exsu-

2128 3389 2193 3443 lis
2225 3386 2421 3456 reguli,
2444 3385 2626 3439 ~filiam
2676 3381 2906 3437 maximi
2946 3380 3173 3443 sultani,
3204 3395 3327 3434 rara
3380 3379 3571 3433 foratae
3617 3393 3718 3432 ve-

2126 3491 2345 3536 nustate
2376 3478 2682 3550 praeditam.
2730 3472 3044 3530 Secundum
3117 3474 3236 3531 liter.
3287 3489 3433 3536 eum,
3488 3470 3714 3527 deserta

2128 3573 2392 3641 religione
2416 3569 2756 3634 Christiana,
2791 3567 3169 3637 Stephanique
3229 3566 3455 3620 nomine
3497 3555 3712 3633 posito,

2127 3673 2403 3719 vocalum‘
2440 3662 2609 3717 fuisse
2649 3661 2969 3719 Achmetem
3014 3670 3070 3714 et
3113 3657 3511 3728 Cherseoglim,
3565 3670 3716 3727 nup-

2129 3758 2345 3825 tiasque
2390 3755 2513 3809 filiae
2568 3754 2830 3821 Bajazitis
2876 3752 3247 3822 impetrasse:
3281 3751 3369 3804 cui
3389 3750 3531 3803 ﬁdus
3580 3764 3705 3814 per-

2128 3851 2290 3921 petuo
2328 3848 2614 3913 manserit,
2661 3847 2800 3901 adeo
2851 3845 3073 3914 quidem
3111 3852 3173 3898 ut
3217 3843 3513 3899 insidianti
3551 3845 3699 3901 dein-

2129 3957 2257 4012 ceps
2282 3939 2514 4007 imperio
2574 3948 2803 4007 paterno
2850 3935 3042 3989 Selimi
3103 3949 3457 4004 summopere
3488 3936 3564 3991 sit
3610 3938 3701 3988 ad-

2129 4045 2402 4090 versatus.
2431 4031 2556 4086 Bmc
2581 4029 2812 4084 Joviana
2847 4027 2914 4083 de
2940 4026 3272 4098 Cherseogle
3300 4028 3550 4082 narratio
3574 4043 3709 4081 num

2129 4128 2469 4200 praferenda'
2493 4124 2895 4195 Spanduginete
2922 4122 3139 4189 veniat,
3161 4123 3414 4194 equidem
3467 4123 3595 4177 aliis
3625 4125 3717 4179 di~

2114 4220 2479 4291 'judlcandum
2521 4219 2793 4286 relinquo.
2841 4214 3027 4269 Solum
3060 4217 3189 4279 hoc,
3234 4216 3379 4286 quod
3419 4218 3487 4269 de
3523 4225 3710 4269 morte

2133 4313 2396 4383 Stephani
2444 4292 2617 4381 patris
2649 4310 3035 4380 Spanduginus
3060 4309 3245 4372 tradit,
3273 4309 3376 4363 sub
3406 4310 3709 4362 adventum

2131 4404 2598 4477 MuchemetisOit
2650 4403 2750 4470 ait)
2802 4401 3460 4470 exstincti,‘scrupulum
3512 4417 3717 4470 quem-

2112 4501 2253 4557 dam
2298 4499 2457 4554 nobis
2491 4497 2689 4567 injicit.
2727 4495 2995 4550 Referunt
3033 4495 3261 4549 annales
3295 4491 3538 4559 Turcici,
3592 4493 3719 4548 bitt-

444 4592 542 4662 qui
588 4592 857 4661 deinceps
895 4587 1427 4643 musnlmanissavit-
1482 4586 1860 4642 Muchemeles
1909 4601 2019 4641 non
2047 4598 2101 4660 ι)
2131 4596 2436 4649 chemetem
2496 4590 2950 4658 Herzegovinam,
2980 4589 3096 4641 sive
3127 4587 3484 4643 Bozinensem
3535 4585 3716 4650 duca-

447 4682 736 4752 postulatis
763 4683 1031 4736 duntaxat
1083 4680 1299 4743 annuit,
1333 4693 1521 4732 verum
1552 4678 1745 4731 .etiam
1785 4678 2023 4747 propriis
2046 4678 2067 4689 ”

446 4774 712 4844 auspiciis
745 4776 797 4829 id
850 4774 1051 4828 bellum
1082 4788 1141 4837 se
1165 4782 1448 4842 gesturum
1484 4772 1760 4841 promisit.
1796 4770 2024 4825 Adven-

449 4878 600 4922 tante
636 4884 768 4922 vero
818 4883 944 4922 eum
977 4867 1222 4922 exercitu
1256 4865 1624 4928 Muchemete,
1674 4866 1908 4919 moritur
1929 4879 2024 4932 pa-

454 4972 537 5013 ter
577 4978 591 5015 :
633 4960 921 5015 Ladislaus
952 5000 968 5023 ,
1021 4960 1167 5015 filius
1217 4960 1542 5030 primigenii,
1594 4957 2022 5014 Venetiascum

455 5068 624 5107 uxore
675 5068 740 5106 ae
786 5052 1061 5107 liberisse
1089 5052 1356 5106 confert:
1408 5051 1650 5119 indeque
1697 5050 2024 5121 profugiens

456 5147 510 5198 in
544 5144 866 5212 Ungariam,
906 5144 1074 5198 rebus
1103 5142 1305 5198 ibidem
1341 5143 1558 5197 excedit
1599 5144 1876 5198 humanis.
1906 5141 2028 5195 Mu-

456 5240 732 5294 chemctes
776 5248 1039 5307 occupata
1095 5237 1342 5306 regione,
1389 5235 1662 5305 quoddam
1713 5237 1877 5290 tertio
1915 5235 2025 5288 lilio

454 5336 613 5391 ducis
642 5334 909 5404 Stephani
949 5332 1136 5391 Vatico
1189 5333 1410 5403 reliquit
1459 5333 1744 5402 oppidum,
1785 5333 1875 5386 cui
1928 5346 2027 5385 no-

457 5445 580 5485 men
644 5428 896 5495 Valacca,
947 5443 1073 5483 cum
1138 5429 1368 5483 castello
1404 5426 1688 5482 Dalmatiae
1742 5425 1917 5491 Novo,
1971 5433 2026 5480 et

455 5526 578 5579 aliis
618 5525 775 5592 locis,
828 5521 975 5578 unde
1013 5522 1292 5578 victitaret
1336 5540 1350 5576 :
1394 5522 1749 5591 vicissimque
1806 5521 2025 5575 Vaticus

451 5632 552 5686 pro
575 5618 802 5672 domino
841 5621 956 5674 sive
1003 5624 1263 5686 patrono,
1324 5614 1726 5669 Muchemetem
1765 5622 2027 5683 agnosce-

450 5711 563 5763 bat.
591 5707 805 5762 Mcrtuo
840 5722 968 5764 vero
993 5707 1357 5771 Mucbemete,
1413 5704 1683 5775 Bajazitcs
1726 5704 1889 5774 hujus
1919 5703 2026 5760 Va-

452 5804 564 5868 tiei,
593 5802 852 5870 Stephani
883 5803 942 5858 S.
984 5802 1143 5856 Saliae
1195 5800 1349 5855 ducis
1388 5797 1509 5865 filii,
1538 5799 1816 5865 regionem
1849 5799 1904 5851 iu
1931 5812 2027 5866 po-

451 5905 703 5954 testatem
739 5897 944 5965 redegit
985 5894 1121 5964 :qui
1146 5907 1259 5949 non
1309 5892 1485 5950 multo
1533 5899 1658 5963 post
1679 5891 1838 5948 Arbte
1871 5906 2022 5947 mor-

2132 4699 2268 4750 tum,
2294 4682 2609 4755 occupasse
2638 4698 2782 4737 anno
2805 4682 3123 4745 Christiano
3171 4680 3328 4744 “65,
3365 4692 3534 4747 a‘quo
3568 4691 3715 4733 timi-

2128 4794 2261 4850 pore
2281 4777 2419 4832 vixit
2467 4779 2580 4846 ipsc
2610 4774 3023 4845 quatuordecim
3073 4772 3458 4836 adh’uc‘annis,
3492 4780 3561 4826 et-
3594 4772 3713 4825 for-

2128 4879 2278 4923 tasse
2310 4877 2592 4937 superstes
2624 4865 2786 4918 etiam
2817 4868 2925 4917 dux
2971 4862 3282 4930 Stephanus
3321 4861 3546 4915 mansit.
3581 4859 3709 4916 Non

2128 4962 2274 5016 enim
2327 4960 2522 5027 legitur
2571 4958 2628 5010 in
2671 4957 2999 5018 Annalibus,
3054 4954 3203 5009 hunc
3250 4953 3613 5022 id‘temporis
3666 4968 3700 5007 a

2128 5052 2469 5107 Muchemcte
2501 5038 2627 5103 cum
2677 5047 2804 5099 ﬁliis
2833 5061 2864 5099 e
2896 5046 3075 5099 medio
3099 5045 3400 5109 sublatum,
3457 5045 3539 5096 vel
3585 5058 3711 5095 om-

2130 5145 2263 5199 niuo
2301 5143 2508 5196 ditione
2531 5156 2626 5193 sua
2655 5125 3462 5208 spoliatum,quemadmodum
3500 5139 3568 5189 de
3604 5135 3711 5190 Βιν-

2130 5235 2337 5289 zinensi
2368 5248 2498 5300 rege
2517 5234 2664 5286 dicto
2684 5232 2806 5285 loco
2833 5231 3105 5298 proditum
3128 5228 3391 5283 videmus
3414 5241 3705 5297 expresse,

2129 5330 2222 5383 sed
2245 5337 2455 5382 tantum
2484 5341 2513 5377 a
2540 5324 2883 5379 Huchemete
2907 5324 3010 5376 sub
3031 5324 3221 5391 jugum
3250 5322 3439 5376 fuisse
3468 5322 3704 5374 missam

2127 5419 2584 5487 Herzegovinam,
2629 5430 2752 5484 quae
2805 5415 3008 5467 Bozina
3062 5412 3313 5481 superior
3373 5419 3479 5473 est,
3540 5420 3600 5463 .et
3641 5409 3702 5464 ὃ.

2129 5512 2284 5567 Savae
2337 5511 2520 5581 (sicuti
2573 5508 2966 5561 Malatestanus
3033 5505 3321 5559 actuarius
3377 5505 3471 5559 ille
3516 5503 3707 5560 Graeca

2127 5603 2579 5675 pronuntiatione
2627 5599 2995 5668 scripsit).vel
3048 5599 3207 5653 Saba:
3245 5598 3529 5653 .ducatus.
3588 5596 3709 5651 lluc

2128 5699 2294 5752 modo
2348 5696 2392 5750 si
2439 5694 2650 5748 diutius
2692 5703 2979 5762 superstes
3011 5693 3121 5745 dux
3163 5691 3480 5759 Stephanus
3528 5703 3703 5759 pater,

2128 5801 2183 5846 et
2207 5789 2403 5844 Turcis
2426 5788 2704 5853 subditus,
2736 5785 2900 5857 ﬁco
2921 5788 3110 5853 eisque
3143 5785 3408 5837 tributum
3436 5788 3699 5853 pendens,

2129 5900 2239 5943 non
2265 5883 2425 5941 modo
2457 5880 2791 5939 Florentinae
2816 5881 3061 5936 mulieris
3101 5878 3371 5934 adulterio
3399 5894 3457 5934 sc
3486 5880 3699 5945 puduit.
