4018 6422
275 361 385 426 811

1413 353 1810 415 PANDECTE
1850 349 2048 415 IIlST.
2095 351 2394 413 TURCIC.

3427 355 3538 419 842

276 491 469 535 verum
497 474 667 530 etiam
707 472 969 543 deinceps
995 472 1098 529 sub
1130 471 1384 540 Bajazitis
1412 475 1646 543 imperio
1686 490 1848 542 spun-
1883 475 1924 527 Α
1955 470 2183 526 minime
2221 470 2681 526 dissimulantem
2728 469 3012 525 duximus.
3067 470 3348 543 Nusquam
3400 492 3534 532 sane

275 585 401 627 sam
434 566 720 636 Stephano
749 565 862 620 tilio
905 566 1336 634 secundogenito
1383 581 1480 635 per
1531 567 1712 621 scelus
1757 569 1867 621 eri-

278 662 406 736 puit
441 679 454 713 :
488 674 599 714 non
629 660 828 712 mirum
858 668 964 721 est,
1010 658 1245 712 adaucto
1275 658 1491 727 plenatn
1528 660 1594 712 ad
1641 677 1866 715 mensu-

279 772 401 811 ram
449 752 782 822 ﬂagitiorum
816 752 1059 815 cumulo,
1105 751 1266 805 tinem
1318 751 1606 806 Br.zincttsi
1639 753 1864 807 ducatui

293 863 495 903 numen
575 846 774 898 iratum
834 845 1185 913 imposuisse.
1249 842 1438 897 Solent
1490 844 1636 896 enim
1693 847 1774 898 vel
1810 848 1862 899 in

290 941 481 1009 primis
514 939 788 1003 ejusmodi
819 936 1129 1006 principum
1173 950 1321 1005 vaga:
1364 935 1620 990 libidines
1647 937 1859 990 excidia

285 1033 470 1100 regnis
501 1046 692 1082 eorum
714 1044 1015 1081 arcessere.

283 1123 478 1179 162—5.
514 1117 778 1190 Dulgadir
797 1127 844 1172 et
870 1120 1149 1203 Aladeuie.
1219 1121 1374 1174 Daud
1427 1121 1618 1187 bassa,
1665 1121 1866 1192 Turgut

997 1209 1158 1262 regio.

363 1286 680 1348 Provincia,
707 1286 820 1339 sive
853 1285 1002 1354 regio
1035 1285 1317 1354 Dttlgarlir,
1367 1297 1461 1340 aut
1526 1285 1803 1349 Dulcadir,
1834 1302 1864 1340 a

281 1383 496 1436 nostris
522 1380 720 1446 partim
753 1377 1058 1441 Anadoule,
1095 1387 1147 1430 et
1182 1377 1431 1442 Alalrrlie,
1469 1393 1573 1432 u0n
1606 1390 1754 1436 recte
1780 1379 1869 1431 rli-

285 1479 453 1533 titur.
492 1475 691 1542 partim
730 1470 1014 1526 Aladoule.
1050 1471 1268 1524 Turcici
1304 1486 1434 1524 vero
1487 1471 1708 1523 annales
1741 1471 1868 1523 Dul-

285 1568 515 1636 g.nlur-is
542 1579 742 1617 nomen
776 1561 986 1630 regioni
1031 1562 1297 1623 tribuunt,
1334 1562 1490 1628 cujus
1513 1562 1767 1629 princeps
1801 1559 1868 1613 ab

286 1676 372 1713 crs
432 1658 631 1710 dicitur
687 1653 970 1717 Ala-.leule,
1032 1653 1300 1706 vocabulo
1350 1652 1724 1719 tetrasyllabo.
1783 1650 1872 1703 Li-

291 1754 458 1804 tnites
526 1749 775 1808 ditionis,
837 1745 1191 1814 Cappadocia:
1251 1745 1530 1798 montibus
1621 1744 1867 1807 inclusae,

294 1858 442 1913 quos
474 1840 711 1894 irinnzari
745 1853 878 1892 voce
912 1837 1176 1892 Cetiritrus
1218 1837 1272 1890 in
1305 1836 1742 1905 Paralipomenis
1777 1853 1872 1890 no-
1898 1819 1945 1876 Β

301 1937 438 1991 stris
471 1933 864 2002 complectitur,
894 1939 1021 1984 tunc
1045 1931 1308 2000 temporis
1339 1942 1495 1984 erant
1524 1929 1576 1982 hi
1611 1945 1626 1984 :
1675 1942 1864 1984 versus

305 2028 518 2086 Syriam
550 2024 766 2079 sultano
801 2022 1045 2077 Cairensi
1083 2029 1383 2090 parentem,
1412 2021 1692 2083 Berrbma,
1730 2035 1875 2075 nunc

289 2121 502 2188 Chalep
532 2119 613 2173 vel
652 2117 819 2186 ilalep
842 2114 1059 2180 Turcis,
1096 2114 1303 2169 nostris
1356 2114 1563 2185 llalepo
1599 2132 1613 2169 :
1677 2129 1876 2170 versus

293 2215 588 2280 imperium
625 2210 830 2266 Persici
875 2209 958 2262 vel
1007 2209 1237 2277 Soplrini
1271 2208 1437 2276 regis,
1473 2207 1731 2260 Armenia
1776 2207 1876 2260 nri-

299 2324 457 2361 nor:
525 2320 720 2360 versus
802 2304 1088 2370 imperium
1169 2301 1479 2356 Osmanidze
1568 2300 1874 2370 principis,

292 2401 516 2454 Amasia
555 2415 569 2451 ε
628 2412 819 2451 versus
881 2395 1286 2459 Cararnaniam,
1315 2393 1502 2447 Adana
1552 2402 1604 2446 et
1649 2393 1872 2446 Tarsus.

293 2492 588 2547 Aladeules
606 2491 720 2558 ipse
738 2489 1118 2542 Turcomanus
1146 2498 1260 2540 erat
1282 2486 1557 2555 princeps,
1581 2499 1686 2539 non
1720 2485 1878 2539 Cirri-

295 2587 534 2648 stianus,
579 2595 642 2637 ut
701 2583 864 2636 etiam
923 2580 1314 2634 Malatestanus
1377 2580 1657 2633 actuarius
1711 2587 1878 2634 testa-

298 2688 410 2728 tum
456 2673 700 2742 reliquit.
731 2673 929 2726 Daudis
959 2685 1156 2724 nomen
1183 2669 1382 2724 Turcis
1408 2670 1551 2724 idem
1587 2677 1692 2732 est,
1731 2668 1874 2737 quod

299 2767 546 2819 llehrzris
579 2764 770 2818 David.
817 2761 1121 2817 Nicolairlcs
1169 2762 1462 2830 ticpravatc
1503 2761 1696 2814 scribit
1723 2761 1873 2812 Daat.

299 2859 524 2927 Magnus
547 2865 600 2909 et
631 2855 862 2908 celebris
895 2853 1033 2920 apud
1098 2867 1228 2905 suos
1297 2851 1420 2914 fuit,
1473 2853 1564 2920 qui
1601 2851 1876 2904 Constan-

300 2950 526 3016 tinopoli
555 2948 856 3008 rncssitam,
884 2945 1151 3013 hodieque
1186 2955 1388 2998 sartarn
1439 2953 1657 3005 tectam,
1681 2942 1881 2996 struxit

299 3056 350 3099 et
392 3046 505 3098 lilio
546 3057 648 3098 suo
707 3039 905 3094 srrltarri
967 3037 1225 3103 Bajazitis
1304 3037 1428 3090 tilia:
1475 3036 1696 3104 nuptias
1754 3050 1882 3104 pro-

303 3137 521 3191 meruit.
605 3131 678 3186 De
749 3128 986 3185 Varsaco
1045 3129 1385 3183 Car-amanire
1438 3127 1644 3182 dictum
1701 3127 1881 3196 capite

306 3239 551 3284 notarum
574 3227 664 3282 '17.
694 3224 824 3278 Erat
852 3222 942 3278 illa
961 3235 1090 3276 tunc
1114 3220 1354 3288 quidem,
1377 3228 1499 3289 post
1521 3220 1728 3274 obitum
1759 3218 1878 3274 Ca-

311 3324 450 3378 sanis
489 3320 633 3389 begi,
660 3333 823 3388 quem
852 3333 1016 3385 supra
1053 3315 1227 3384 capite
1253 3312 1381 3376 l59,
1414 3312 1654 3366 diximus
1699 3327 1730 3366 e
1769 3310 1876 3366 Ca-

317 3415 708 3468 ramanirlarurn
744 3410 947 3464 familia
981 3406 1147 3461 luisse
1174 3414 1532 3475 postremum,
1558 3404 1612 3456 in
1642 3402 1875 3457 formam

323 3479 531 3556 redacta
567 3500 858 3570 provinciae
899 3497 980 3551 vel
1002 3495 1435 3569 beglerbegatus,
1471 3503 1529 3546 ut
1574 3491 1742 3547 Tur'ci
1777 3505 1878 3545 vo-

333 3603 471 3657 cant,
505 3595 592 3660 qui
636 3595 867 3662 primum
901 3588 1244 3643 Cararnaniar.
1291 3586 1671 3654 beglerbegum
1710 3584 1880 3639 Cara-

330 3702 502 3756 gosarn
549 3688 646 3741 hoc
707 3690 827 3756 ipso
889 3684 1029 3738 bello
1079 3681 1364 3736 norninant
1420 3696 1434 3732 :
1487 3677 1583 3733 sed
1644 3676 1879 3729 habebat

319 3783 573 3852 quosdam
615 3783 792 3834 adhuc
825 3779 1100 3832 minorum
1143 3775 1386 3844 gentium
1435 3784 1709 3841 proceres,
1755 3767 1878 3837 qui-

314 3873 578 3930 bushaud
639 3873 804 3927 dubie
868 3869 1102 3924 necdum
1149 3866 1572 3922 Osrnanidarum
1630 3860 1879 3931 placebat

309 3963 619 4034 imperium,
657 3965 784 4018 licet
809 3961 1052 4029 ejusdem
1095 3957 1334 4012 nationis
1360 3961 1545 4008 essent
1604 3951 1879 4020 ejusdem-

305 4075 412 4128 que
437 4067 620 4111 sectae.
658 4055 1057 4125 Turgutcnsem
1102 4052 1378 4120 regionem
1420 4064 1449 4101 a
1473 4045 1668 4100 Turcis
1700 4044 1880 4098 nomi-

302 4151 423 4204 nari
452 4148 744 4218 Phrygiam
788 4145 1072 4213 majorem,
1097 4157 1200 4218 qua
1228 4156 1422 4195 versus
1475 4137 1721 4192 Ciliciam
1759 4149 1880 4204 per-

302 4247 460 4308 tinet,
495 4258 560 4296 ex
600 4242 838 4295 Lannico
866 4247 1058 4307 paret:
1092 4236 1183 4304 qui
1211 4233 1368 4300 primi
1426 4229 1686 4299 liajazitis
1713 4227 1878 4281 vitam

295 4336 648 4396 describens,
679 4329 974 4397 Turgetum
1004 4326 1256 4396 Phrygiae
1289 4325 1484 4378 ducem
1523 4320 1791 4381 nominat,
1829 4325 1885 4371 et

298 4441 494 4496 posrca
529 4422 840 4490 Turgatnrii
881 4421 947 4472 de
981 4427 1140 4488 gente
1168 4417 1488 4486 principem.
1541 4413 1752 4469 ltursus
1786 4425 1884 4463 au-

295 4533 410 4573 tem
445 4519 498 4569 in
537 4516 748 4568 Murate
782 4513 1037 4567 Secundo
1072 4528 1085 4563 :
1122 4508 1486 4569 Cararnanus,
1523 4503 1721 4574 inquit,
1749 4502 1881 4556 vici-

294 4628 409 4668 nus
457 4620 542 4664 est
575 4609 855 4677 Turgutm.
909 4604 1183 4674 Turgutcs
1214 4609 1394 4656 autem
1430 4597 1676 4667 Phrygia:
1707 4597 1874 4665 impe-

291 4718 408 4770 rat,
445 4713 494 4757 et
516 4699 914 4771 Cappadociam
937 4696 1363 4763 Armeniamque
1384 4692 1536 4761 regio
1566 4691 1685 4758 ejus
1715 4687 1885 4742 attin-

290 4800 399 4869 git.
439 4795 651 4860 Quibus
689 4792 742 4846 in
772 4789 976 4852 verbis,
1023 4788 1126 4842 nisi
1157 4785 1369 4854 Turgut
1402 4798 1434 4838 a
1481 4781 1761 4851 Dulgadir,
1816 4783 1885 4836 ab

290 4889 448 4961 ipsis
497 4889 661 4940 etiarn
713 4882 911 4937 Turcis
951 4879 1423 4949 distingueretur,
1490 4874 1883 4944 pr0pemodum

289 4982 438 5050 quis
463 4979 723 5046 cjuraret,
765 4973 977 5028 nullum
1015 4986 1137 5026 esse
1167 4970 1464 5024 discrimen
1515 4969 1659 5022 inter
1679 4966 1890 5036 Turga-

291 5071 438 5128 turii
477 5084 702 5134 nomen,
725 5077 779 5122 et
810 5066 1086 5134 Dulgadir.
1119 5063 1224 5118 Sed
1264 5061 1645 5131 suspendenda
1680 5059 1890 5115 scilicet

292 5161 607 5224 sententia,
641 5160 814 5214 donec
844 5158 1146 5213 correctior
1177 5171 1237 5210 se
1264 5156 1421 5209 nobis
1455 5152 1683 5207 Laonici
1715 5150 1890 5206 codex

294 5255 529 5311 oﬂ'erat.
561 5251 695 5305 Nota
723 5250 942 5320 quidem
997 5258 1080 5304 est
1116 5247 1442 5315 permutatio
1483 5246 1788 5298 litterarum
1818 5240 1886 5296 Β.

293 5362 350 5402 et
385 5345 432 5398 Ι.
461 5342 740 5412 frequens,
767 5341 852 5395 uti
890 5354 1014 5395 cum
1043 5338 1324 5409 phulkiziu
1360 5337 1534 5391 (ἔτωοὶ
1579 5352 1678 5408 pro
1717 5336 1891 5404 phur-

295 5440 460 5496 kizin
498 5436 708 5499 dicunt,
751 5433 802 5488 id
836 5442 918 5488 est
948 5433 1000 5487 in
1024 5431 1236 5486 furcam
1280 5445 1482 5509 agere:

658 5549 780 5601 161.
830 5545 1241 5609 Iachosclricius,
1286 5542 1572 5614 Iachso’gli.

383 5642 562 5707 Quem
599 5655 720 5705 nos,
747 5640 1098 5706 interpretem
1132 5637 1362 5693 Caisaris
1399 5629 1734 5689 Ferdinandi
1769 5631 1891 5700 Spi-

304 5739 488 5809 gliurn
545 5735 740 5796 secuti,
803 5730 1258 5785 lachosclritzium
1322 5730 1580 5792 diximus,
1649 5739 1774 5779 etrru
1837 5724 1892 5777 in

307 5835 442 5902 ipso
497 5826 786 5882 Annalium
839 5823 1134 5892 archetypo
1193 5820 1520 5890 lachsoglim
1593 5815 1888 5873 nominari.

645 5925 919 5982 Parnoe.
966 5921 1079 5981 Gn.
1129 5914 1331 5977 CLlX.

1964 577 2158 616 nomen
2191 564 2315 625 hoc.
2353 580 2452 618 nec
2509 564 2683 632 ipsum
2730 564 2856 618 licet
2884 568 3243 624 memorabile
3299 568 3532 638 facinus,

1964 657 2106 724 apud
2144 653 2485 723 Ungarorum
2521 658 2839 710 historicum
2880 658 3186 714 Bonfinium
3235 665 3529 731 reperitur,

1967 765 2070 804 nec
2099 749 2388 819 legationis
2419 753 2578 819 hujus
2605 768 2632 804 a
2669 752 2891 807 Mattlria
2925 773 3072 824 rege.
3131 761 3222 826 qui
3265 769 3396 814 tunc
3431 761 3542 814 Un-

1964 841 2108 910 garis
2136 843 2254 896 suis
2285 843 2606 912 imperabat,
2641 848 2706 900 ad
2741 851 3014 905 sultannm
3053 853 3341 919 Bajazitem
3397 857 3535 909 mis-

1968 950 2043 987 sae
2096 935 2154 988 [it
2212 938 2444 988 mentio.
2482 937 2768 1006 Significat
2799 952 2977 994 autem
3023 945 3314 1016 lachsogli,
3367 949 3537 1000 tiliutrr

1968 1025 2167 1094 lachsi,
2196 1027 2277 1080 vel
2313 1025 2633 1082 lachsidem.
2672 1032 2736 1083 Et
2769 1030 2922 1085 lachs
2945 1032 3183 1089 Turcica
3240 1037 3422 1106 lingua
3455 1039 3532 1092 si-

1965 1116 2188 1184 gniﬁcat
2223 1117 2499 1171 hominem
2533 1119 2698 1173 rebus
2737 1120 2994 1174 omnibus
3023 1125 3322 1190 elegantem
3355 1134 3409 1178 et
3439 1141 3541 1177 att-

1966 1209 2160 1271 licum.
2193 1210 2339 1280 quod
2373 1226 2401 1264 a
2447 1209 2641 1266 Turcis
2666 1212 2715 1266 ei
2762 1212 2993 1268 fortasse
3033 1230 3334 1284 c0gnomen
3389 1229 3542 1280 tunc,

1970 1301 2115 1355 obita
2137 1315 2260 1356 cum
2287 1303 2448 1356 laude
2484 1304 2773 1372 legatione,
2815 1305 2917 1358 fuit
2960 1308 3214 1362 itttlilttttt.
3251 1307 3398 1362 Fieri
3459 1316 3543 1361 ta-

1973 1407 2095 1446 men
2118 1394 2282 1446 etiam
2331 1403 2528 1462 potest,
2558 1404 2617 1448 ut
2655 1399 2834 1464 potius
2870 1399 2973 1453 hoc
3024 1400 3335 1456 lachschitz
3377 1402 3546 1470 erigi-

1975 1481 2059 1536 nis
2083 1483 2154 1537 sit
2179 1482 2482 1554 Ungaricae.

1975 1618 2521 1700 16$..ArebLArabia
2548 1641 2696 1700 ._pro
2751 1627 2969 1700 imperio
3011 1630 3210 1683 διιᾶσιιὶ
3254 1631 3546 1700 Cairemr's,

2049 1689 2236 1770 lsingr}
2265 1692 2512 1770 Cingam}
2544 1689 2791 1765 Ziugani.
2824 1689 3066 1752 auitam"
3106 1701 3419 1770 Ellriopum
3442 1689 3551 1758 Pa;

2045 1760 2330 1829 chymerio.

2048 1871 2182 1927 Cum
2215 1873 2450 1929 Annales
2475 1878 2773 1931 exercitum
2793 1895 2820 1932 a
2859 1880 3102 1948 Bajazite
3142 1885 3371 1940 missum
3399 1889 3554 1945 aiunt

1980 1979 2169 2018 versus
2193 1963 2473 2027 Arabiam,
2507 1968 2840 2038 intelligendi
2869 1984 2998 2028 srnrt
3045 1975 3180 2033 lines
3212 1989 3308 2033 aut
3350 1981 3552 2038 limites

1979 2055 2190 2124 irrrperii
2214 2057 2492 2120 sultanici,
2527 2060 2675 2126 quod
2722 2062 2933 2131 Syriam
2966 2065 3306 2124 Caramanire
3334 2084 3551 2128 conter-

1981 2148 2204 2211 minam,
2242 2164 2362 2216 qute
2395 2161 2522 2204 tunc
2554 2150 2605 2204 in
2647 2151 3069 2210 Osmanidarutn
3100 2169 3422 2228 potestatem
3457 2181 3547 2220 vo-

1980 2253 2153 2302 nerat,
2194 2251 2248 2295 et
2272 2241 2565 2310 Egyptum
2595 2247 2963 2318 Arabiamque
3007 2253 3428 2322 complectatur.
3457 2257 3548 2314 Sic
3587 2245 3599 2257 ’

1979 2332 2030 2384 in
2061 2333 2126 2386 iis
2154 2348 2274 2402 qua:
2301 2345 2629 2403 sequuntur,
2668 2339 2822 2392 initio
2855 2343 3005 2410 regni
3051 2343 3270 2400 Selimis
3291 2350 3547 2406 snltanus

1980 2423 2292 2486 Achmetes,
2321 2424 2439 2490 ejus
2470 2424 2660 2489 frater,
2686 2430 2750 2481 ait
2779 2431 2913 2486 lines
2946 2435 3210 2490 Arabicos
3240 2441 3551 2510 profugisse

1982 2529 2259 2579 narratur,
2315 2519 2417 2572 hoc
2465 2530 2569 2584 est,
2606 2521 2673 2575 ad
2719 2523 2925 2579 limites
2993 2526 3206 2594 imperii
3265 2535 3550 2602 sultanini,

1981 2608 2293 2681 Egyptiaci
2343 2613 2685 2684 Syriacique.
2749 2615 2962 2674 llursus
3021 2621 3076 2676 in
3121 2625 3312 2679 eodem
3351 2628 3553 2684 Selirne

1983 2701 2284 2756 traduntur
2332 2704 2561 2766 Arabes,
2621 2705 2711 2774 qui
2741 2716 2796 2760 et
2851 2708 3141 2779 Ethiopes
3190 2714 3322 2778 sint,
3363 2717 3555 2774 itinera

1985 2792 2208 2860 fugienti
2230 2795 2447 2848 sultano
2471 2795 2848 2853 Tommambai
2877 2803 3241 2870 prmclusisse.
3275 2806 3395 2869 Quo
3423 2808 3558 2863 Ara-

1983 2884 2111 2937 butn
2149 2881 2582 2955 Ethiopumquc
2612 2888 2728 2944 sive
2756 2888 3094 2958 Maurorum,
3125 2895 3228 2949 hoc
3255 2907 3336 2950 est
3373 2901 3554 2965 nigro-

1986 2992 2106 3029 rum
2141 2977 2360 3032 sultano
2413 2979 2659 3035 Caircusi
2710 2985 3018 3051 parentium
3083 2989 3324 3058 nomine,
3390 2993 3560 3048 lector

1986 3070 2122 3125 alios
2154 3085 2263 3126 non
2287 3072 2542 3142 accipiat.
2566 3088 2728 3142 quam
2757 3077 2903 3144 ipsos
2929 3075 3214 3148 £gyptios
3232 3083 3322 3150 qui
3351 3093 3405 3138 et
3423 3085 3558 3140 Ara-

1907 3167 1952 3229 C
1989 3165 2106 3230 bes,
2137 3175 2194 3222 et
2214 3181 2361 3222 nunc
2389 3168 2556 3222 etiam
2581 3167 2871 3239 Ethiopes
2909 3186 2939 3226 a
2964 3175 3150 3229 colore
3189 3188 3476 3244 vocantur,
3503 3192 3558 3237 et

1987 3257 2182 3328 lssingi
2216 3256 2432 3323 Turcis,
2473 3259 2680 3315 nostris
2731 3261 2956 3331 Singani
2991 3265 3074 3320 vel
3115 3265 3365 3338 Zingani,
3395 3287 3563 3328 voca-

1987 3349 2115 3404 bulo
2139 3359 2246 3404 tam
2278 3349 2577 3418 Arabibus,
2609 3367 2772 3421 quam
2803 3353 3076 3425 Egyptiis
3101 3362 3401 3416 communi.
3440 3363 3558 3420 Non

1987 3442 2133 3496 enim
2175 3441 2228 3494 lrl
2278 3439 2506 3511 Zigeuni
2552 3444 2790 3508 dicendi,
2843 3461 2941 3502 nec
2988 3447 3296 3521 Ciarriganii
3350 3455 3558 3521 Tatari,

1987 3530 2134 3602 quod
2157 3528 2478 3588 Reineccius
2541 3535 2770 3602 putavit.
2802 3536 2946 3592 Idem
2989 3538 3406 3612 Pachyrnerium
3484 3559 3561 3603 te-

1989 3637 2138 3678 mere
2173 3624 2606 3694 arguiterroris,
2655 3628 2800 3695 quod
2855 3629 2908 3683 in
2978 3633 3138 3687 tertio
3184 3635 3554 3693 Berrdecarcm

1984 3712 2301 3769 Cairensem
2358 3717 2564 3770 vocarit
2632 3715 2952 3790 IEthiopurn
3010 3724 3326 3780 soldanurn.
3384 3729 3555 3785 Addit

1988 3805 2159 3872 enim,
2218 3806 2322 3861 hoc
2375 3807 2444 3861 ab
2482 3820 2548 3861 eo
2613 3808 2816 3863 factum
2868 3825 3174 3881 perperam.
3246 3815 3360 3870 lrno
3414 3833 3562 3876 recte

1989 3897 2204 3953 locutus
2245 3909 2330 3953 est
2358 3896 2792 3969 Paclrymerius,
2853 3917 2977 3958 cum
3034 3903 3325 3977 Egyptios
3400 3921 3560 3967 vocat

1989 3989 2302 4061 Ethiopas,
2347 3990 2439 4061 qui
2479 4005 2672 4048 revera
2706 3989 2846 4067 facie
2894 3995 3142 4052 colorata
3205 4008 3354 4056 sunt.
3398 4001 3555 4071 Cepit

1989 4083 2135 4138 enim
2157 4098 2356 4138 nomen
2410 4081 2732 4155 Ethiopum
2769 4087 2969 4142 veteris
3007 4088 3202 4157 lingua:
3227 4089 3555 4148 Graecaelata

1991 4174 2406 4244 significatione.
2431 4177 2574 4231 sicut
2597 4178 2758 4233 hodie
2777 4176 2953 4234 Graeci
2974 4180 3217 4248 Mauros,
3240 4185 3385 4240 unde
3417 4186 3552 4242 Mori

1993 4269 2188 4331 nostri,
2249 4270 2434 4339 nigros
2479 4270 2530 4323 in
2563 4277 2764 4340 genere
2804 4272 2993 4327 dicunt
3038 4275 3154 4330 sive
3186 4276 3298 4331 sint
3327 4277 3561 4344 Arabes,

1993 4359 2080 4412 vel
2119 4359 2379 4430 Aigyptii,
2415 4363 2497 4414 vel
2549 4363 2693 4427 Afri,
2746 4362 2833 4418 vel
2865 4361 3155 4435 Ethiopes
3216 4366 3292 4420 illi
3347 4372 3567 4438 proprie

1995 4453 2072 4507 sic
2101 4455 2375 4523 appellati.
2399 4453 2557 4524 461
2589 4455 2828 4525 Denique
2843 4455 3199 4513 doctissimus
3222 4459 3561 4526 Eustathius,

1917 4540 1959 4595 D
1988 4553 2041 4598 et
2061 4547 2338 4616 antiquior
2372 4549 2475 4602 hoc
2503 4550 2834 4617 Stephanus,
2866 4550 3084 4603 urbium
3139 4551 3566 4608 nomenclator-is

1991 4648 2204 4699 auctor,
2237 4636 2532 4707 Egyptum
2590 4639 2882 4708 perhibent
2921 4639 3257 4709 Ethiopian)
3290 4654 3564 4709 vocatam,

1991 4740 2212 4800 propter
2245 4732 2552 4787 habitantes
2612 4734 2666 4785 in
2694 4745 2760 4786 ea
2794 4732 2983 4800 nigros
3014 4732 3289 4787 homines.

2206 4865 2324 4920 166.
2353 4862 2541 4919 Generi
2567 4863 2833 4934 Bajazitt's
2878 4865 3172 4920 tres’simu!
3199 4868 3348 4938 facti.

2067 4981 2313 5034 Diximus
2345 4981 2527 5051 capite
2557 4990 2810 5034 notarum
2851 4981 2949 5036 161
2993 4981 3060 5036 de
3090 4981 3309 5039 duobus
3339 4986 3562 5056 generis

1995 5073 2201 5128 sultani
2233 5072 2510 5143 Bajazitis,
2548 5073 2615 5127 de
2651 5071 2884 5128 Ferhate
2909 5088 2938 5126 a
2970 5072 3288 5132 Mamelucis
3348 5077 3562 5142 occiso,

1993 5173 2048 5220 ct
2083 5164 2404 5233 Herzecogli
2433 5165 2500 5219 ab
2531 5165 2720 5217 iisdem
2762 5172 2943 5234 capto.
2973 5162 3129 5221 Nunc
3160 5173 3270 5221 tres
3305 5165 3397 5220 alii
3419 5180 3568 5221 com-

1994 5267 2413 5322 memorantur,
2447 5256 2650 5310 eisdem
2693 5257 2928 5312 ﬁliarum
2983 5261 3206 5328 nuptias
3257 5260 3564 5315 cousecuti.

1992 5351 2211 5406 Primus
2238 5350 2448 5430 horna;
2475 5350 2619 5404 ﬁlius
2667 5349 3099 5406 Usumchasanis
3133 5350 3458 5420 appellatur,
3509 5363 3567 5406 et

1997 5442 2158 5512 paulo
2190 5453 2334 5512 post,
2383 5440 2616 5510 Jacupes
2673 5442 2844 5512 bcgus
2881 5463 2896 5498 :
2930 5443 3023 5513 qui
3048 5441 3394 5514 eXpeditione
3439 5445 3570 5498 anni

1996 5534 2230 5604 proximi
2263 5541 2456 5590 contra
2484 5534 2709 5589 eosdem
2759 5535 3096 5592 Mamulecos
3154 5533 3343 5606 periit.
3391 5533 3569 5598 Alter.

1999 5629 2247 5700 Usgurlis
2277 5617 2341 5686 ex
2379 5632 2487 5686 filio
2520 5645 2715 5700 nepos.
2773 5631 3051 5688 Fortassis
3078 5643 3258 5686 autem
3313 5629 3574 5703 Usgurlcs

1997 5724 2088 5778 hic
2124 5722 2264 5778 idem
2301 5731 2387 5778 est
2422 5737 2544 5778 cum
2566 5722 2780 5794 Usgure
2807 5725 2963 5792 bego,
3000 5724 3156 5794 cujus
3179 5740 3344 5794 supra
3371 5727 3574 5779 mentio

2000 5819 2081 5883 tit,
2116 5823 2241 5871 ante
2269 5816 2518 5885 praelium
2588 5814 2934 5874 Cosovanum
2972 5817 3298 5880 secundum,
3336 5819 3439 5873 sub
3473 5833 3574 5872 an-

3177 5907 3250 5968 27
