4018 6426
448 346 505 405 ‘8
517 340 578 406 i3

1674 336 2005 400 JOANNIS
2044 335 2479 399 LEUNCLAVI
2495 334 2519 394 ιγ

3633 328 3746 391 814

473 475 603 517 num
637 457 1015 513 Christianum
1053 455 1208 511 1448.
1244 455 1484 521 Tertius,
1506 454 1713 511 Daudis
1741 454 1845 510 fuit
1868 456 2046 512 bassm
2077 462 2119 520 Α
2150 455 2409 519 Wolﬁus,
2470 453 2672 510 alicubi
2706 468 2807 521 pro
2853 452 3151 508 eversione
3210 448 3573 519 Scepiorum.
3606 448 3753 503 dixit

476 551 648 615 ﬁlius,
679 550 749 606 de
764 566 875 621 quo
903 550 1093 605 Daude
1122 549 1283 618 paulo
1314 556 1444 604 ante
1459 549 1693 615 dictum,
1716 549 1901 616 capite
1925 548 2051 603 l65.

482 644 752 698 lecrum
787 640 966 696 obiter
995 640 1101 695 hoc
1123 654 1345 710 quoque
1380 638 1708 704 notandum,
1735 637 2056 694 necessario

443 734 647 788 ‘fnisse
671 734 812 788 duos
845 732 1248 788 Usumcltasani
1274 731 1420 787 tilios
1475 730 1720 801 Jacupcs
1753 748 1768 787 ε
1811 744 2052 800 quorum

472 828 608 882 alter
645 826 902 897 Bajazitis
961 841 1207 895 uenena
1264 824 1584 880 Matnelucis
1642 839 1821 879 czesus
1881 822 2055 879 fuisse

452 930 774 983 narratur;
806 919 949 972 alter
973 919 1027 972 in
1060 933 1227 989 regno
1286 918 1425 985 patri
1456 917 1753 982 successit,
1787 926 1847 971 ut
1876 930 2047 987 appa-

471 1011 607 1066 rebit
630 1028 695 1066 ex
738 1012 803 1064 iis
830 1028 950 1080 qua:
990 1012 1169 1080 capite
1196 1010 1297 1067 188
1324 1022 1651 1082 sequentur.

611 1123 734 1178 167.
785 1123 1028 1177 Larende
1057 1122 1419 1190 Caramaniw,
1451 1124 1559 1179 sive
1603 1123 1873 1179 Larentia.

538 1239 672 1305 Quae
698 1248 855 1308 capta
885 1237 987 1293 fuit
1017 1255 1046 1292 a
1072 1238 1393 1296 Mamelucis
1417 1239 1686 1306 Larcude,
1711 1241 2055 1297 Chalcocon-

469 1333 579 1406 dyli
610 1329 860 1386 Laranda
895 1332 1176 1398 scribitur,
1216 1348 1341 1387 cum
1398 1333 1495 1395 ait.
1538 1333 1802 1389 Muratem
1853 1350 2053 1390 secun-

470 1429 598 1483 dum
636 1426 781 1483 bello
807 1427 1034 1499 petiisse
1089 1426 1458 1482 Caramanum
1499 1425 1824 1491 Aliderium,
1878 1427 2055 1483 Caria:

470 1525 686 1583 ducem,
719 1519 882 1590 cujus
922 1520 1045 1576 duae
1078 1529 1211 1575 sunt
1237 1521 1428 1585 urbes,
1479 1519 1731 1575 Laranda
1780 1529 1836 1575 et
1879 1520 2054 1574 'l‘oco-

467 1616 677 1673 neium.
717 1628 816 1683 pro
843 1628 956 1684 quo
994 1612 1244 1668 Iconium
1299 1613 1679 1683 reponendum
1733 1614 2052 1669 docuimus.

470 1705 580 1760 Leo
612 1706 841 1778 Sapiens
867 1707 1151 1778 Augustus
1179 1709 1234 1762 in
1257 1705 1480 1764 Novella
1523 1708 1592 1763 de
1617 1708 1882 1773 'l'hronis,
1950 1706 2054 1764 La-

2153 565 2380 606 eversas
2409 547 2687 619 speculas.
2728 545 3161 602 Reeentioribus
3196 543 3529 615 geographia
3579 541 3755 611 Seapi

2156 639 2443 696 scribitur.
2478 636 2768 693 Manastiri
2818 637 3052 692 nomine
3101 649 3213 690 non
3259 635 3352 689 hic
3414 632 3760 702 intelligitur

2158 734 2317 789 locus
2347 732 2462 795 ille.
2494 732 2563 786 de
2587 744 2700 801 quo
2736 745 2901 799 supra
2939 729 3156 785 dictum
3191 727 3372 799 capite
3387 726 3480 792 Η,
3512 726 3658 783 situs
3698 726 3759 779 in

2158 826 2418 883 c0niiniis
2472 824 2746 889 Thraciae,
2808 822 3236 892 Thessaliaeque,
3306 819 3405 877 sed
3467 826 3764 873 monaste-

2160 921 2304 975 rium
2359 919 2652 987 pcnitioris
2696 916 3056 980 Macedoniae,
3110 928 3309 969 versus
3367 911 3598 982 Epirum
3662 910 3759 965 vel

2159 1012 2479 1075 Albaniatn,
2510 1013 2656 1082 quod
2700 1009 2970 1065 mouestir
3003 1023 3032 1061 a
3089 1005 3350 1061 Castaldo
3407 1004 3745 1073 appellatur.

2158 1106 2338 1172 Huius
2356 1104 2411 1159 in
2437 1102 2725 1158 Albaniatn
2743 1100 3113 1170 expeditionis
3157 1097 3467 1169 Bajaziticaz
3494 1097 3741 1154 meminit

2156 1204 2215 1251 et
2248 1194 2557 1259 Bonlinius,
2590 1194 2683 1263 qui
2709 1191 2847 1247 dicit
2868 1207 2993 1246 eum
3026 1188 3331 1261 proiectum
3363 1198 3561 1243 contra
3593 1205 3747 1242 tuon-

2158 1296 2320 1342 tanos
2350 1287 2882 1354 Albauenses,quos
2949 1281 3348 1351 Spandnginus
3407 1278 3751 1334 Cimariotas

2157 1380 2322 1445 dixit,
2359 1382 2426 1433 ab
2453 1379 2656 1449 oppido
2690 1388 2985 1448 menteque
3017 1377 3300 1442 Chimara,
3339 1376 3404 1430 de
3437 1389 3551 1444 quo
3587 1373 3751 1429 dein-

2158 1484 2288 1540 ceps
2323 1469 2493 1525 latius
2522 1471 2575 1523 in
2604 1470 2712 1522 vita
2742 1467 2951 1523 sultani
2990 1464 3353 1521 Soleimanis.

2159 1587 2282 1642 170.
2315 1586 2633 1641 Baiazttesa
2665 1585 2920 1639 monac/to
2969 1582 3190 1637 Turcico
3219 1598 3364 1650 pcene
3385 1580 3488 1651 fuit
3515 1583 3745 1638 occisus.

2228 1702 2383 1771 Quod
2423 1704 2512 1759 hic
2542 1703 2609 1759 de
2637 1704 2881 1772 periculo
2905 1702 3166 1771 Bajazitis
3191 1742 3206 1766 ,
3260 1701 3658 1772 propemodum
3715 1715 3748 1754 a

470 1795 768 1850 randorum
801 1799 904 1865 (sic
934 1797 1077 1851 enim
1143 1810 1302 1853 vocat
1365 1813 1598 1853 numero
1658 1798 2052 1869 multitudinis)
2087 1838 2130 1897 Β
2160 1794 2404 1850 tlervisio
2440 1795 2677 1865 qundam
2702 1795 2818 1849 sive
2868 1795 3140 1849 monacho
3170 1791 3405 1847 Turcico
3441 1789 3740 1867 interfecti,

468 1889 848 1960 episcopatum
880 1905 987 1945 non
1030 1890 1083 1945 in
1132 1889 1293 1947 Caria
1334 1894 1592 1957 collocat,
1615 1893 1708 1947 sed
1742 1893 1795 1946 in
1842 1891 2054 1964 Lycao-

472 1982 712 2049 nia,sub
754 1984 1175 2055 metropolitano
1220 1985 1521 2050 lconiensi,
1586 1985 1731 2055 quod
1793 1986 2049 2056 equidem

469 2076 650 2145 magis
678 2077 874 2146 probo.
906 2077 1060 2132 Nunc
1117 2089 1336 2148 quoque
1394 2078 1651 2134 Laranda
1709 2079 2050 2146 nominatur,

466 2173 521 2220 et
546 2166 599 2220 in
619 2165 843 2222 Natolia)
868 2168 1050 2222 tabula
1073 2183 1182 2223 non
1209 2169 1397 2238 procul
1428 2182 1458 2223 a
1481 2168 1663 2240 Cogita
1689 2171 2049 2240 conspicitur,

469 2259 522 2313 in
541 2258 881 2315 Garamante
918 2261 1038 2316 sive
1095 2261 1300 2318 Cilicitc
1335 2262 1775 2319 mediterraneis.
1802 2263 1876 2318 De
1938 2263 2051 2319 Gu-

469 2351 729 2419 mulzina,
754 2367 874 2423 cap.
900 2352 994 2418 43,
1031 2352 1099 2408 tle
1129 2352 1330 2425 Ypsala
1361 2357 1452 2423 3i,
1481 2355 1710 2412 dictum.

468 2465 590 2522 168.
626 2465 745 2522 Pax
791 2469 934 2522 inter
981 2467 1279 2538 sultaninos
1343 2478 1393 2524 et
1432 2468 1776 2538 Osmanidas,
1805 2471 2052 2530 Matt/tia:

969 2540 1110 2608 regis
1149 2537 1355 2612 Ungari
1387 2556 1550 2595 mors.

536 2649 691 2717 Quod
713 2650 963 2707 sultanus
982 2651 1317 2707 Alcaircnsis
1346 2650 1401 2706 in
1431 2654 1810 2711 transactione
1834 2656 2050 2724 Bajazi-

466 2745 507 2799 ti
552 2742 784 2799 Tarsum
818 2752 870 2798 et
901 2744 1090 2799 Adana
1119 2742 1432 2800 restituisse
1460 2746 1683 2813 dicitur,
1705 2724 1898 2805 verius
1923 2764 2050 2808 esse

468 2848 620 2906 puto,
663 2852 826 2907 quam
856 2836 1004 2909 quod
1046 2834 1346 2894 Malatcstze
1407 2840 1739 2896 sccrctarius
1759 2841 1858 2909 ait,
1890 2841 2052 2912 Baja-

467 2931 630 2985 zitem
662 2930 890 2985 soldano
927 2929 1116 2985 Adana
1146 2929 1490 3002 Tarsumqun
1555 2932 1879 2991 reddidisse.
1914 2935 2049 2991 Nam

468 3023 582 3077 haec
606 3022 806 3091 oppida
839 3020 1054 3078 Cilicia:
1100 3031 1252 3088 sunt,
1287 3022 1403 3080 sive
1457 3024 1817 3091 Garamantice,
1884 3042 2047 3099 quam

465 3114 961 3169 Caramanidarum
1030 3117 1306 3170 exstincta
1372 3114 1580 3173 familia
1618 3118 1921 3189 Bajazites,
1992 3131 2052 3177 ut

2161 1897 2438 1952 narratur,
2474 1889 2591 1944 fere
2638 1889 2867 1944 totidem
2918 1887 3101 1944 verbis
3127 1902 3156 1942 a
3186 1887 3542 1958 Spandugino
3599 1901 3735 1957 quo-

2161 1997 2269 2054 que
2296 1982 2577 2039 memoria:
2611 1982 2885 2053 proditum
2937 1982 3159 2053 legitur,
3210 1996 3339 2051 qua:
3385 1984 3732 2050 interpretari

2162 2074 2336 2140 lubet,
2365 2082 2426 2129 ut
2454 2074 2820 2146 expositionis
2874 2087 3188 2130 consensus
3224 2079 3495 2144 appareat.
3530 2070 3726 2127 Torta-

2137 2175 2276 2233 ‘ces,
2307 2168 2405 2235 ait,
2436 2167 2657 2239 quidam
2686 2166 3055 2237 inlhjazitem
3083 2165 3264 2229 irruit,
3307 2165 3564 2222 simulans
3584 2163 3725 2219 elee-

2160 2274 2448 2332 mosynam
2480 2262 2549 2317 ab
2588 2276 2654 2316 eo
2681 2276 2742 2317 se
2773 2273 2980 2331 petere.
3016 2255 3201 2314 Solent
3236 2267 3422 2312 autem
3472 2257 3614 2312 hanc
3636 2257 3732 2311 Dei

2160 2355 2383 2411 nomine
2410 2360 2679 2424 petentes,
2707 2350 3035 2407 Allahitschi
3066 2349 3269 2405 dicere.
3295 2348 3429 2405 Cum
3462 2350 3739 2405 acinacem

2159 2446 2498 2511 Strinxisset,
2551 2459 2714 2515 quem
2773 2442 2876 2497 sub
2945 2439 3090 2494 liltro
3146 2437 3418 2511 gestabat,
3477 2434 3752 2493 exterruit

2148 2552 2387 2608 equum,
2417 2536 2506 2591 cui
2540 2533 2808 2604 Bajazites
2864 2532 3165 2589 insidebat.
3224 2529 3464 2601 Ideoque
3518 2528 3753 2584 cedente

2159 2638 2306 2685 retro
2337 2628 2590 2699 Bajazitis
2635 2643 2800 2697 equo,
2857 2626 3109 2682 nonnihil
3172 2624 3411 2683 cvitatus
3449 2623 3551 2678 fuit
3607 2623 3755 2677 ictus

2160 2722 2399 2780 hominis
2427 2722 2591 2795 462
2623 2738 2637 2777 :
2666 2737 2732 2776 ac
2783 2722 2959 2777 nihilo
2996 2732 3179 2777 tamen
3233 2720 3413 2775 minus
3472 2717 3756 2788 Bajazites

2158 2815 2358 2871 vulnus
2386 2815 2615 2885 accepit.
2653 2814 2792 2870 Tum
2817 2829 2949 2870 vero
3003 2815 3165 2870 bassa
3207 2814 3454 2887 quidam,
3489 2816 3581 2869 cui
3649 2828 3758 2869 no.

2157 2924 2282 2965 men
2306 2916 2425 2966 erat
2450 2907 2753 2979 Schender,
2787 2923 3027 2967 massam
3074 2910 3332 2974 ferream,
3386 2925 3553 2980 quam
3616 2909 3758 2965 bus-

2157 3000 2432 3071 doganum
2469 3010 2690 3066 vocant,
2738 3017 2805 3057 eo
2832 3018 2955 3067 eum
3019 3001 3223 3072 impetu
3273 3003 3441 3073 capiti
3500 3003 3754 3059 hominis

2157 3093 2403 3163 impegit,
2432 3102 2490 3148 ut
2507 3093 2707 3177 pranio
2742 3093 3041 3164 perfracto,
3091 3096 3382 3151 cerebrum
3435 3106 3752 3152 emanaret.

468 3216 628 3263 antea
656 3208 889 3274 dictum,
917 3208 1019 3263 sibi
1054 3207 1463 3266 vindicaverat.
1501 3184 1825 3268 Postreinos
1878 3213 2046 3289 etiam
2074 3212 2118 3272 ο
2154 3184 2657 3289 Ῑηδίῧθξίωθξηξη
2683 3184 2946 3289 ίθθῖηθῖίθ
2976 3201 3144 3247 causa
3214 3185 3487 3289 Βθίξηίξω
3511 3226 3528 3253 ’
3559 3189 3753 3245 edicm

467 3300 776 3356 suitaninos
802 3298 992 3355 Adaua
1023 3302 1262 3371 cepisse,
1290 3303 1453 3374 paulo
1486 3314 1615 3360 ante
1645 3305 1900 3379 legimus.
1933 3307 2046 3362 lta—

454 3408 574 3464 .quc
604 3389 818 3448 reddita
855 3392 1043 3464 potius
1082 3393 1151 3449 ab
1186 3395 1270 3451 his
1308 3395 1504 3452 civitas
1543 3395 1766 3467 Bajaziti
1797 3398 1922 3467 fuit,
1951 3399 2048 3471 qui

452 3500 589 3541 eam
616 3500 740 3540 cum
791 3481 986 3553 Tarso,
1036 3502 1135 3542 ceu
1167 3485 1512 3545 Caramania:
1546 3491 1812 3554 membra.
1844 3503 2052 3562 repete-

463 3580 576 3636 bat.
602 3579 835 3637 Nomine
853 3581 1047 3638 deinde
1074 3583 1270 3641 mortui
1300 3584 1443 3653 regis
1477 3580 1748 3656 Ungariae,
1778 3584 2048 3643 Matthiae

466 3674 817 3744 intelligitur,
844 3672 1076 3730 Joannis
1140 3675 1414 3732 Huniadis
1446 3677 1647 3734 ﬁlius:
1708 3680 2048 3741 successoris

465 3776 668 3834 autem,
709 3765 1019 3825 Vladisiaus
1044 3768 1313 3837 Polonus,
1375 3768 1635 3828 Casimiri
1690 3769 2067 3843 lagellonida.

462 3860 792 3916 Polonorum
834 3862 978 3932 regis
1012 3861 1177 3927 lilius,
1203 3872 1358 3931 pater
1392 3863 1513 3933 ejus
1551 3863 1822 3921 Ludovici
1876 3866 2045 3936 regis,

461 3953 556 4023 qui
589 3952 656 4008 ad
683 3951 1011 4008 Mohatzinm
1042 3968 1219 4011 caesus
1251 3969 1282 4010 a
1306 3955 1535 4012 sultano
1584 3957 1930 4021 Soleimane.
1946 3958 2043 4030 ju-

463 4047 618 4102 venis
644 4045 941 4102 admodum
975 4049 1163 4117 periit.

468 4157 588 4214 169.
614 4156 887 4225 Bajasites
908 4157 1206 4234 ungat-iant
1229 4177 1335 4234 non
1363 4163 1525 4217 audet
1542 4163 1770 4233 ingredi,
1794 4161 2048 4234 θεωρία,

942 4227 1235 4295 Manastt'r,
1281 4230 1549 4289 Monastir.

533 4341 665 4398 llaec
691 4341 760 4398 de
786 4357 927 4398 vano
940 4342 1199 4412 Bajazitis
1225 4356 1423 4400 conatu
1454 4345 1775 4403 invadendae
1799 4348 2051 4420 Ungarie

466 4445 653 4493 narrat
674 4436 841 4492 etiam
864 4435 1172 4505 Bonimius,
1220 4448 1275 4494 et
1314 4439 1586 4496 accidisse
1615 4440 1782 4498 refert
1811 4461 1840 4498 a
1878 4455 2052 4499 morte

2149 3278 2456 3347 proposito,
2484 3275 2747 3333 Torlaces
2795 3278 3085 3335 universos
3118 3280 3467 3351 proscripsit,
3489 3288 3543 3337 et
3580 3292 3751 3339 extra

2153 3366 2692 3438 Constantinopolim
2708 3375 2763 3422 et
2789 3368 3008 3439 imperii
3034 3370 3277 3427 suilines
3312 3372 3495 3443 ejecit.
3543 3377 3744 3431 Anim-

2155 3457 2396 3514 advertit
2431 3459 2601 3514 lector
2628 3459 2821 3515 eadem
2846 3462 3085 3530 narrari,
3140 3465 3249 3520 nisi
3299 3467 3444 3537 quod
3495 3468 3748 3529 Annales

2150 3552 2329 3617 aiunt,
2358 3553 2657 3610 dervisium
2676 3556 2845 3620 bunc,
2869 3561 2924 3612 et
2946 3556 3310 3618 Calenderem
3335 3562 3531 3631 fuisse,
3564 3565 3747 3637 Spaa—

2151 3644 2415 3716 duginus,
2454 3646 2741 3704 Torlacem
2760 3688 2777 3715 ,
2798 3648 3074 3720 dequibus
3093 3652 3210 3723 jam
3234 3656 3526 3714 vocabulis
3552 3659 3737 3717 homi-

2147 3754 2305 3803 num,
2340 3741 2751 3809 superstitiosos
2782 3743 3053 3812 quosdam
3081 3745 3306 3807 ordines
3348 3749 3434 3808 vel
3484 3751 3729 3811 instituta

2151 3835 2480 3891 sectantium
2528 3837 2673 3906 apud
2732 3834 2968 3906 Turcos,
3010 3855 3178 3912 quam
3248 3841 3369 3902 ﬁeri
3394 3844 3727 3907 brevissime

2148 3928 2373 3996 poterit,
2407 3928 2818 3999 explicandum.

2150 4013 2275 4095 fil.
2312 4039 2541 4124 ordines
2593 4043 2976 4124 mpngchorum
3031 4065 3125 4124 seu
3164 4052 3560 4124 religiosorum
3607 4072 3741 4124 quo-

2221 4109 2467 4189 rumdam
2524 4115 2664 4189 apud
2705 4113 2757 4189 1'
2761 4132 2969 4189 uncos;
3017 4109 3324 4184 Dertistar",
3362 4109 3743 4189 σηιεὴάξῆᾇῇ

2224 4177 2632 4254 ηαςθὶεηιαιιαν
2702 4177 3021 4254 Τονιαειιίη
3063 4177 3748 4254 Μωεὴεηιὲιέεὺᾶἇξιψῆἶ

2223 4250 2515 4339 grammar
2539 4270 2571 4306 a
2601 4255 2902 4312 Dervt'sluro
2950 4250 3161 4332 publica
3216 4265 3520 4333 confoditur
3608 4250 3743 4339 quid

2227 4318 2412 4376 Turcis
2445 4322 2728 4380 Divanum.

2225 4437 2432 4494 Nomen
2475 4441 2874 4512 Dervisiorum,
2931 4464 3076 4519 quos
3131 4450 3235 4522 ipsi
3266 4469 3498 4511 numero
3549 4456 3742 4512 multi-

466 4528 702 4586 Matthiz
719 4530 883 4601 regis,
907 4529 1215 4589 Turcorum
1230 4534 1482 4599 terroris,
1511 4534 1848 4591 subiuitium
1891 4537 2042 4606 regni
2082 4558 2130 4620 ι)
2160 4534 2365 4590 tudinis
2394 4535 2670 4593 Dervislar
2698 4540 2995 4611 appellant,
3026 4558 3093 4599 ex
3125 4545 3231 4599 hac
3266 4545 3383 4614 ipsa
3418 4551 3746 4607 narratione

468 4623 749 4690 Vladislai,
788 4640 937 4681 autne
991 4624 1311 4683 Christiano
1371 4629 1532 4687 M93.
1590 4631 1665 4685 De
1719 4630 2046 4702 Scopiorum

467 4718 599 4771 urbe
628 4718 880 4773 nonnihil
932 4719 1217 4805 attigimus
1270 4735 1464 4790 supra,
1533 4732 1789 4778 notarum
1862 4725 2044 4794 capite

469 4808 588 4864 lM.
618 4808 781 4865 Videt
804 4819 984 4869 autem
1022 4813 1192 4868 lector
1210 4827 1274 4868 ex
1308 4812 1412 4871 hoc
1438 4814 1559 4885 ipso
1584 4816 1876 4872 Annalium
1903 4817 2045 4885 loco,

466 4911 613 4957 recte
644 4917 728 4956 me
757 4904 1057 4970 monuisse,
1085 4907 1329 4962 diversas
1360 4920 1482 4964 esse
1512 4923 1671 4964 voces
1694 4910 2048 4980 Oppidorum,

467 4994 728 5065 Suphiam
746 5004 798 5050 et
821 4994 1037 5067 Sc0pia.
1062 4998 1196 5053 Nam
1218 5000 1365 5070 prior
1380 5000 1470 5056 hic
1487 4998 1688 5071 Sophia
1705 5005 2045 5070 nominatur,

466 5087 635 5142 altera
669 5096 823 5142 more
851 5086 1155 5145 Turcorum
1183 5090 1446 5159 Uscopia.
1507 5094 1699 5148 Solent
1731 5097 1879 5151 enim
1943 5112 2043 5152 vo-

467 5174 679 5230 cabulis
712 5179 978 5244 agemina
1019 5192 1364 5236 consonante
1408 5183 1805 5254 incipientibus
1835 5203 2050 5258 praepo-

469 5284 599 5324 nere
640 5271 723 5324 vel
757 5267 776 5320 l
813 5271 894 5324 vel
932 5268 976 5324 Υ
1008 5268 1299 5339 Gallicum,
1369 5284 1428 5330 ιιι
1461 5277 1593 5334 alibi
1619 5294 1844 5351 quoque
1892 5292 2048 5336 nota-

466 5364 665 5418 vimus.
694 5362 967 5419 Laonicus
997 5364 1192 5436 Scopia
1226 5368 1460 5423 collocat
1490 5370 1543 5423 in
1578 5369 1918 5434 Macedonia,
1951 5372 2037 5426 fa-

469 5455 656 5526 citque
686 5457 889 5525 regiam
909 5458 1073 5527 prisci
1095 5458 1561 5530 regniBulgarici,
1596 5463 1748 5532 quod
1781 5464 1833 5517 itt
1868 5463 2046 5535 ipsam

464 5549 777 5613 pertinebat
804 5548 911 5603 late
933 5548 1306 5605 Macedoniam
1344 5559 1399 5606 et
1464 5552 1690 5625 Epirum
1732 5572 1748 5610 :
1813 5555 2050 5628 ideoque

467 5638 739 5694 Cedrinus
768 5643 932 5696 etiam
966 5640 1166 5712 Scupia
1230 5642 1631 5715 (reponendum
1672 5646 1894 5718 Βρομία)
1930 5664 2049 5703 me-

471 5731 725 5800 tropolim
758 5730 1026 5801 Bulgaria:
1056 5736 1324 5793 nominat.
1360 5739 1613 5793 Discrtus
1643 5740 1919 5810 interpres
1953 5742 2051 5797 ali-

468 5832 602 5896 quot
625 5824 1013 5880 historicorum
1040 5826 1263 5884 Graecia
1311 5833 1636 5897 recentium,
1666 5832 2040 5905 Hieronymus

2155 4635 2473 4684 nostrorum
2502 4631 2787 4686 annalium
2849 4635 3186 4705 perspicitur
3221 4653 3346 4694 esse
3383 4640 3540 4708 quasi
3567 4656 3743 4712 gene-

2157 4722 2313 4776 rale:
2353 4722 2501 4794 quod
2532 4723 2750 4780 scilicet
2795 4726 3023 4782 ordines
3051 4738 3104 4783 et
3138 4740 3305 4786 sectae
3344 4732 3738 4801 religiosorum

2155 4824 2370 4869 caeteras
2394 4818 2959 4888 comprehendantur,
2991 4822 3135 4877 sicut
3169 4825 3311 4893 apud
3343 4841 3444 4882 nos
3484 4827 3539 4883 in
3565 4844 3743 4900 geneo

2154 4920 2214 4959 re
2250 4908 2502 4963 monachi
2530 4908 2811 4975 dicuntur,
2849 4914 2941 4982 qui
2974 4922 3155 4969 tamen
3193 4916 3333 4971 inter
3361 4934 3423 4974 se
3490 4918 3735 4978 diversis

2153 5000 2402 5056 instincti
2433 5011 2565 5058 sunt
2613 5005 2922 5063 ordinibus.
2993 5008 3201 5063 Vocant
3257 5023 3439 5067 autem
3489 5012 3735 5070 Annales

2152 5093 2299 5147 hunc
2332 5093 2492 5149 initio
2521 5094 2858 5166 Dervisium,
2894 5097 3189 5172 statimque
3251 5103 3577 5173 subjiciunt,
3607 5121 3736 5160 eum

2155 5185 2325 5243 fuisse
2360 5197 2690 5243 sectatorem
2731 5191 2965 5246 instituti
2989 5193 3300 5251 velortlinis
3337 5195 3737 5263 Calenderum,

2154 5289 2208 5333 et
2232 5278 2486 5344 auribus,
2525 5281 2688 5347 collo,
2713 5281 2954 5339 brachiis
2986 5299 3258 5355 appensos
3324 5298 3574 5357 gestasse
3627 5289 3737 5344 fer-

2156 5374 2285 5426 reos’
2311 5373 2565 5427 annulus.
2603 5372 2655 5427 ltl
2688 5373 2741 5427 in
2789 5390 2940 5430 more
2972 5375 3337 5434 Calenderum
3371 5378 3551 5435 ordini
3608 5395 3735 5435 esse

2152 5479 2277 5517 mox
2309 5464 2613 5533 apparebit.
2641 5464 2743 5531 Qui
2778 5481 2906 5519 vero
2930 5470 3268 5539 ceteroquin
3332 5473 3475 5541 apud
3519 5471 3737 5531 ancos

2152 5556 2434 5612 Dervislar
2457 5557 2827 5627 appellantur,
2866 5561 3048 5616 nullos
3093 5563 3150 5618 in
3183 5564 3369 5634 sapite
3397 5567 3561 5635 pilos,
3607 5569 3736 5621 nul-

2154 5652 2234 5707 las
2254 5666 2441 5707 comas
2472 5652 2697 5719 habent,
2733 5654 2937 5726 ubique
2984 5656 3149 5715 tont-i.
3184 5659 3622 5730 Conspit-inutnr
3679 5663 3732 5716 in

2149 5758 2339 5798 eorum
2402 5742 2681 5800 frontibus
2737 5754 2790 5799 ct
2888 5758 3229 5819 tempor'ms
3290 5754 3585 5818 causeris,
3646 5753 3728 5807 vel

2150 5837 2322 5908 ignito
2349 5836 2515 5903 ferro,
2549 5838 2635 5892 vel
2666 5853 2895 5896 accensa
2923 5843 3099 5915 spong
3125 5857 3169 5915 2.,
3202 5843 3289 5902 rei
3352 5847 3498 5904 L'nea
3551 5846 3721 5902 (ascia
