4018 6426
442 370 549 434 ἵιῖ
1643 365 1970 426 JOANNIS
2018 366 2050 424 1.

2154 359 2490 424 JNCLM’II
3597 350 3708 412 858

440 487 700 549 vetulum,
731 498 945 552 magna,
971 482 1063 538 sed
1098 481 1352 537 simulata
1409 482 1716 540 humilitate
1764 485 2001 539 (‘il‘CllJl-
2040 490 2081 541 Λ
2115 483 2235 537 172.
2270 480 2732 552 Scaramaugt'um,
2789 473 3217 552 Giatuurlikion“
3244 471 3492 552 Cipe-ure.
3543 469 3712 537 Seife,

418 587 656 634 stantes
683 575 846 648 464
874 575 1185 630 observant.
1217 574 1263 629 Is
1299 574 1483 629 nescio
1521 591 1660 645 quos
1711 577 2020 631 cntltusias~

449 687 567 723 tuos
601 685 711 739 prae
741 684 799 723 sc
844 667 968 733 [ιη-1,
1006 681 1068 720 ac
1099 667 1334 721 subinde
1363 667 1609 736 quaedam
1637 668 1800 721 veluti
1823 668 2025 722 dit-ini-

449 774 536 814 tus
576 761 677 815 sibi
704 759 964 823 revelata,
986 757 1130 813 serio
1163 758 1402 812 maxime
1426 757 1575 811 vultu
1603 758 1806 828 pl‘OlCl‘l
1833 776 1847 811 :
1882 773 2025 813 nunc

452 856 623 907 instar
661 851 857 905 mortui
920 852 1083 918 jacet,
1138 866 1287 905 nunc
1317 850 1503 906 oculos
1554 851 1796 906 vicissim
1849 852 2026 919 aperit

452 956 504 998 t-t
535 946 597 1005 ad
631 960 690 998 se
708 945 893 998 redire
918 944 1173 998 simulat.
1220 944 1351 998 Inde
1409 957 1710 998 conversus
1767 944 1833 998 ad
1890 943 2025 999 ﬁcti-

464 1038 641 1091 tioset
678 1036 1007 1089 subornatos
1055 1034 1399 1104 disoipulos:
1439 1035 1714 1104 Corripite
1766 1050 1875 1099 me,
1940 1036 2025 1089 iu-

453 1132 592 1199 qttil,
629 1130 719 1184 lilii
754 1128 1089 1195 charissimi,
1122 1138 1175 1183 et
1213 1137 1368 1183 extra
1424 1128 1610 1183 locum
1662 1127 1809 1183 hunc
1838 1128 2030 1199 depor-

453 1230 585 1275 tate.
616 1218 762 1272 'Nam
800 1217 1098 1273 revelatum
1136 1216 1267 1271 mihi
1291 1218 1553 1274 divinitus
1582 1227 1686 1283 est,
1718 1234 1836 1289 qua:
1856 1233 2031 1289 pmnte

454 1315 539 1367 Itis
581 1312 899 1366 hominibus
926 1310 1279 1364 immineant.
1330 1309 1543 1376 Quibus
1604 1311 1806 1366 auditis
1864 1312 2031 1367 obse-

454 1414 614 1462 crant
648 1406 1004 1473 impostorem
1062 1402 1382 1469 nebulones,
1439 1403 1608 1457 Deum
1670 1403 1820 1458 velut
1872 1417 2032 1456 aver-

454 1498 741 1554 runcando
773 1497 1117 1566 deprecetur,
1156 1509 1223 1551 ne
1267 1510 1460 1564 pmnas
1516 1496 1637 1552 illas
1685 1497 1885 1566 exigat.
1940 1495 2034 1551 llle

454 1607 515 1645 se
551 1588 769 1646 simulat
797 1586 1073 1651 assentiri,
1102 1601 1290 1656 preces
1319 1586 1385 1641 ad
1420 1585 1587 1641 Deum
1643 1586 1917 1657 concipit,
1974 1597 2033 1641 ttt

455 1683 593 1738 iram
626 1696 780 1737 suam
799 1678 1226 1750 espiari,seque
1272 1678 1478 1748 placari
1521 1678 1791 1749 propitius
1856 1678 2031 1748 patia-

460 1787 569 1840 tur,
598 1785 740 1830 orat.
770 1772 881 1827 llac
927 1773 1022 1827 irae
1079 1771 1280 1826 divinae
1340 1772 1769 1827 comminatione
1819 1771 2030 1827 misella

464 1867 745 1936 plebecula
777 1866 971 1920 mirum
1002 1865 1054 1919 in
1089 1863 1312 1920 modum
1345 1864 1718 1933 expavcfacta,
1775 1863 2029 1933 trepidat.

462 1961 657 2016 Postea
688 1975 815 2014 vero
839 1956 1234 2015 consolationis
1292 1957 1496 2027 aliquid
1528 1973 1595 2013 cx
1646 1955 1808 2026 hujus
1862 1955 2033 2011 inter-

459 2054 708 2107 cessione
731 2050 974 2106 vicissim
1006 2048 1266 2104 hauriens
1303 2049 1583 2104 turmatim
1639 2048 1707 2102 ad
1760 2048 2031 2117 imposta-

462 2162 575 2200 rem
621 2144 1014 2213 ncquissimum
1045 2142 1307 2196 accurrit.
1338 2140 1544 2197 Omnes
1588 2156 1707 2196 eam
1748 2155 1864 2196 rem
1911 2155 2035 2208 pro-

462 2239 592 2307 digii
626 2240 741 2291 loco
771 2236 998 2295 ducunt.
1035 2250 1207 2304 seque
1262 2233 1526 2292 divinitus
1561 2234 1769 2288 moneri
1819 2240 2035 2303 putant.

465 2330 862 2385 Suunlanimis
918 2328 1152 2388 devotis,
1213 2334 1271 2381 et
1334 2325 1540 2395 accepti
1574 2324 1824 2380 benelicii
1870 2336 2038 2380 causa

464 2424 656 2493 gratis,
684 2428 760 2475 tot
791 2420 1169 2490 elecmosynas
1202 2417 1269 2472 ad
1304 2416 1497 2486 planos
1524 2417 1693 2472 hosce
1740 2416 2038 2472 delerunt:

465 2524 524 2568 ut
552 2515 631 2570 eis
661 2511 846 2568 onusti
906 2525 1036 2564 snas
1070 2509 1139 2563 ad
1189 2508 1481 2578 speluncas
1541 2516 1905 2570 revertantur,
1937 2506 2040 2561 ho-

470 2606 757 2671 tuinesque
787 2600 1209 2671 superstitiosos
1240 2613 1304 2654 ac
1332 2599 1531 2655 stolide
1584 2597 1864 2668 simplices
1919 2595 2044 2651 irri-

472 2695 779 2764 tloattt,qui
841 2706 947 2749 tam
978 2692 1123 2748 [cede
1175 2693 1279 2748 sibi
1338 2692 1615 2763 patiantur
1674 2693 1900 2761 imponi.
1945 2690 2046 2744 Ve-

466 2799 702 2845 scuntur
748 2796 802 2842 et
835 2788 886 2842 bi
946 2787 1205 2852 maslaco,
1263 2786 1344 2840 vel
1385 2785 1547 2855 oppio
1583 2801 1597 2851 ;
1632 2792 1685 2838 ct
1739 2786 1887 2840 bttnti
1953 2802 2046 2843 cu-

472 2883 689 2944 battlesr
720 2878 1036 2936 libidinibus
1072 2878 1453 2933 abominandis
1474 2887 1661 2931 mutuo
1684 2891 1743 2932 se
1773 2877 2044 2947 pollttunt.

472 2973 689 3029 "accde
714 2970 961 3033 nefandis
994 2970 1187 3024 borum
1225 2967 1370 3040 apud
1403 2967 1613 3024 Turcos
1650 2968 1838 3037 specie
1886 2981 2044 3025 tenus

473 3067 857 3133 religiosorum
897 3062 1169 3118 institutis
1226 3062 1471 3117 breviter
1530 3061 1849 3131 exponenda
1883 3062 2047 3118 duxi-

474 3253 820 3310 lustraudam
867 3249 1149 3305 annalium
1210 3249 1517 3313 historiam,
1571 3260 1680 3304 tum
1727 3249 1808 3304 uti
1857 3263 2044 3305 secum

470 3346 649 3403 lector
668 3344 785 3413 ipse
815 3343 1115 3413 perpendat
1136 3348 1345 3412 quanto
1393 3356 1541 3396 nunc
1566 3340 1690 3398 illos
1721 3318 1946 3398 necesse
1977 3343 2051 3398 sit

476 3454 601 3494 esse
632 3436 809 3499 [actos
842 3436 1167 3500 deteriores,
1206 3448 1332 3490 cum
1357 3441 1483 3489 ante
1512 3443 1733 3490 centum
1781 3434 1907 3504 plus
1946 3435 2049 3488 tui.

479 3539 786 3585 nusanuos
820 3541 962 3583 unus
992 3542 1057 3582 ex
1093 3526 1174 3582 eis
1203 3540 1391 3582 necem
1424 3526 1646 3582 sultano
1702 3540 1823 3593 suo,
1881 3525 2054 3580 totius

476 3622 536 3677 in
569 3620 744 3675 oculis
766 3619 1064 3682 exercitus.
1102 3618 1372 3674 intentare
1426 3616 1596 3672 fuerit
1628 3632 1820 3673 ausus.
1853 3616 2054 3672 Nostro

481 3712 699 3782 quidem
724 3704 991 3779 témpore,
1026 3708 1284 3763 nimirum
1320 3721 1465 3762 anno
1525 3705 1838 3762 Christiano
1893 3705 2053 3772 1579,

481 3803 767 3860 consimile
788 3801 1061 3872 quoddam
1095 3798 1226 3855 huic
1270 3798 1490 3856 facinus
1532 3798 1760 3865 accidit,
1815 3811 2059 3866 saneque

478 3896 859 3955 memorabile.
890 3892 1023 3948 Nam
1054 3890 1299 3947 dervisio
1326 3889 1547 3945 cuidam
1584 3897 1850 3957 concepta
1882 3888 2060 3942 caedes

482 3992 689 4055 animo,
723 3986 838 4056 pari
872 3999 1010 4041 ausu
1063 3989 1293 4047 tentata,
1333 3994 1595 4035 successu
1651 3979 1897 4034 feliciore
1931 3992 2060 4046 per-

486 4089 695 4151 petrata
730 4078 852 4131 luit.
880 4074 1046 4128 Multa
1075 4082 1207 4128 sunt
1241 4087 1270 4126 a
1306 4070 1467 4126 nobis
1495 4070 1548 4122 iu
1600 4068 1884 4123 annalium
1920 4067 2063 4136 Sup-

486 4175 761 4244 pletucnto
789 4173 1217 4223 commemorata
1279 4166 1345 4218 de
1376 4162 1709 4218 Mecbemete
1754 4162 1916 4216 bassa
1975 4176 2066 4213 ve-

491 4267 786 4328 zirazctne,
841 4257 1059 4313 Selitnis
1118 4255 1160 4309 11
1198 4270 1421 4324 genero,
1480 4267 1709 4308 summa:
1764 4251 2063 4307 secundum

492 4358 781 4411 Sullanum
836 4349 977 4419 apud
1026 4346 1241 4402 Turcos
1299 4343 1640 4399 auctoritatis
1672 4345 1807 4398 viro.
1864 4340 1914 4396 ls
1944 4355 2066 4396 cum

489 4464 592 4518 pro
634 4460 783 4498 more
813 4442 957 4497 tlomi
993 4438 1212 4507 sumius
1248 4435 1516 4498 dicturus,
1568 4433 1805 4489 adeundi
1861 4449 1920 4489 se
1978 4445 2070 4487 co-

2066 1830 2105 1883 Β

2272 551 2495 607 Kilitsclt
2519 590 2534 615 ,
2567 541 2779 614 ieiunat,
2826 548 2987 613 copis.
3028 543 3236 611 Znusij,
3275 541 3567 609 Pusdt’gau.
3629 598 3638 604 _

2203 665 2359 731 Quod
2393 665 2780 736 Spanduginus
2817 663 3022 716 llltrnm
3070 660 3230 726 dixit,
3287 654 3580 712 annalibus
3627 669 3723 711 est

2132 772 2490 826 gepenecutn.
2520 755 2612 811 Sic
2644 764 2698 810 et
2742 752 2945 824 Ungari
3008 762 3213 808 vestem
3267 752 3558 805 militarem
3618 766 3724 820 ap-

2134 850 2363 920 pellant,
2388 863 2512 919 qua‘.
2541 848 2769 915 tunicis,
2797 847 3048 917 paenulis.
3078 846 3311 916 a'iisque
3342 844 3590 897 vestibus
3625 860 3730 899 su-

2135 943 2406 1015 perinjici,
2451 941 2634 1012 pluvio
2693 944 2995 1011 praesertim
3060 940 3221 1006 uelo,
3292 940 3448 994 solet.
3504 935 3727 1009 Vulgus

2136 1039 2276 1093 hanc
2306 1035 2694 1106 gestateliltro
2734 1035 2960 1099 factam,
3020 1034 3255 1103 ideoque
3311 1032 3558 1086 tnaterim
3616 1047 3713 1087 no-

2136 1145 2260 1187 men
2284 1131 2331 1185 ei
2367 1128 2753 1200 Spantluginus
2783 1129 2954 1193 dedit,
2979 1142 3140 1197 quam
3164 1127 3415 1198 equidem
3468 1141 3583 1196 quo
3613 1123 3712 1179 La-

2134 1224 2251 1277 tino
2317 1220 2583 1277 vocabulo
2648 1222 2871 1280 debeam
2935 1221 3266 1291 exprimere,
3359 1236 3468 1274 non
3530 1219 3718 1274 video.

2136 1315 2355 1370 Slavina
2381 1314 2489 1369 dici
2524 1322 2720 1384 potest,
2760 1313 3222 1385 minus‘gausapc,
3248 1329 3370 1369 cum
3394 1311 3715 1369 Reineccio:

2133 1418 2354 1477 propter
2384 1405 2758 1461 diversitatem
2822 1415 2934 1461 tum
2999 1407 3261 1471 materiae,
3329 1415 3443 1459 tum
3499 1406 3718 1461 formae.

2136 1496 2424 1567 Reperitur
2477 1497 2621 1569 apud
2670 1497 2995 1564 Cedrinum,
3052 1509 3103 1554 et
3173 1499 3499 1570 Symeonem
3550 1499 3722 1569 magi-

2134 1600 2305 1644 strum
2329 1589 2651 1655 olficiorum,
2686 1600 2737 1645 et
2776 1592 3123 1646 Aehmetem'
3166 1592 3525 1657 ouirocriten,
3583 1591 3722 1647 Sca-

2135 1682 2403 1753 ramangii
2430 1699 2567 1738 vox:
2601 1683 2669 1737 de
2703 1683 2865 1755 cujus
2888 1683 3196 1752 signiﬁcato
3238 1684 3528 1739 consultus
3559 1699 3590 1738 a
3626 1701 3723 1742 me

2136 1775 2478 1831 Theodosius
2518 1775 2841 1847 Zygomalas
2862 1774 3212 1848 Naupliensis
3245 1793 3274 1833 ο
3306 1775 3717 1849 Peloponneso,

2136 1866 2518 1938 patriarchalis
2545 1868 2984 1937 protonotarius,
3013 1868 3196 1922 aiebat
3228 1869 3283 1923 in
3344 1885 3444 1924 usu
3506 1871 3715 1926 Grmcis

2136 1974 2258 2016 esse
2290 1974 2437 2015 nunc
2479 1959 2837 2029 Agarenlcam
2888 1974 3077 2016 vocem
3131 1960 3553 2028 Giamurlikion,
3605 1978 3713 2034 qua

2136 2049 2307 2105 vestis
2325 2066 2387 2104 ea
2424 2051 2784 2121 signiﬁcetur,
2823 2064 2985 2121 quam
3022 2051 3121 2106 viri
3180 2051 3442 2109 militares
3469 2063 3707 2124 ,gestent

2138 2160 2303 2215 supra
2332 2154 2511 2202 vestes
2541 2146 2679 2201 alias
2701 2145 3017 2210 interiores,
3050 2146 3117 2201 ad
3159 2147 3425 2202 arcendas
3472 2145 3705 2216 pluvias,

2153 2237 2335 2302 nives,
2399 2237 2550 2306 gelu,
2612 2245 2803 2292 caetera
2859 2236 3096 2306 denique
3158 2239 3304 2295 aeris
3350 2238 3715 2295 incommoda.

2139 2328 2335 2385 Persas
2367 2337 2549 2384 autem
2570 2328 2906 2395 inventores,
2940 2329 2990 2384 ei
3021 2344 3217 2385 nomen
3272 2329 3488 2387 dedisse
3533 2347 3724 2386 δοκι-ει-

2143 2420 2367 2492 mangii,
2400 2421 2547 2492 quod
2589 2423 2657 2477 ab
2708 2421 2789 2477 eis
2826 2421 2888 2473 atl
2941 2421 3374 2478 Gracosdeinde
3427 2439 3554 2479 cum
3605 2424 3728 2493 ipso

2142 2512 2309 2569 vestis
2346 2529 2450 2568 usu
2507 2512 2832 2569 manaverit.
2873 2511 2987 2568 Hoc
3033 2513 3201 2583 igitur
3238 2523 3323 2569 est
3371 2513 3447 2578 id,
3496 2515 3564 2570 de
3614 2531 3731 2583 quo

2144 2620 2290 2661 nunc
2317 2603 2615 2674 loquimur,
2674 2618 3030 2673 gcpenecum.
3071 2605 3145 2659 De
3191 2604 3586 2673 Scaramangio
3648 2606 3733 2662 lo-

2145 2712 2269 2753 cum
2299 2696 2458 2752 etiam
2507 2696 2700 2765 capitis
2747 2696 2851 2753 199
2901 2695 3148 2761 consule,
3208 2696 3480 2753 Arabibus
3554 2696 3730 2753 Seit'e.

2146 2789 2376 2845 Kilitscb
2413 2788 2605 2843 Turcis
2635 2787 2838 2843 dicitur
2887 2789 2934 2844 is
2958 2788 3192 2860 gladius,
3221 2804 3380 2860 quem
3414 2806 3514 2844 nos
3536 2790 3733 2844 acina-

2149 2901 2265 2940 cem
2298 2882 2656 2975 reddidim.us.
2690 2882 2910 2938 Leviter
2930 2882 3322 2946 estincurvus,
3361 2893 3415 2938 et
3443 2883 3572 2953 quia
3616 2899 3733 2939 non

2152 2975 2363 3052 pungit,
2430 2974 2785 3030 sed’caesim
2849 2974 2996 3039 ferit,
3076 2975 3217 3047 apud
3285 2974 3736 3044 Xenophontem,

2153 3067 2481 3138 Gmcosque
2559 3075 2810 3131 caeteros,
2861 3066 3078 3122 Persica
3150 3076 3473 3131 tractantes,
3530 3083 3737 3122 nomen

378 3210 395 3233 κ
473 3175 635 3225 tuus,
666 3159 792 3214 licet
841 3157 910 3211 ab
957 3155 1078 3211 aliis
1132 3170 1349 3225 quoque
1406 3155 1617 3224 prodita
1643 3193 1659 3221 ,
1691 3163 1803 3209 tum
1863 3158 1929 3210 ad
1982 3155 2048 3210 il-
2074 3184 2119 3248 ο
2152 3158 2375 3229 Copidis
2410 3159 2640 3214 invenit.
2675 3160 2742 3214 Et
2774 3169 2990 3215 constat
3039 3175 3104 3214 ex
3142 3158 3330 3215 eodem
3366 3158 3739 3227 Xenophonte

2154 3260 2369 3319 nostro,
2406 3266 2581 3322 genus
2614 3251 2718 3307 hoc
2742 3249 3053 3322 gladiorum
3088 3266 3119 3305 a
3149 3249 3334 3306 Persis
3364 3249 3501 3305 alias
3541 3249 3737 3304 itidem

2156 3345 2434 3411 nationes,
2472 3343 2777 3414 praesertim
2817 3341 3113 3409 Asiaticos,
3164 3342 3468 3411 accepisse.
3519 3339 3738 3407 Zausii,

2156 3439 2301 3495 sicut
2331 3449 2490 3494 antea
2519 3450 2740 3509 quoque
2766 3436 3005 3493 diximus
3024 3435 3203 3491 obiter
3246 3433 3303 3490 in
3350 3432 3743 3505 supplemento

2160 3531 2473 3596 Annalium,
2503 3530 2858 3602 comparandi
2888 3529 3116 3586 veniunt
3147 3543 3271 3585 cum
3323 3527 3527 3585 nostris
3579 3527 3745 3583 nobi-

2157 3625 2303 3681 libus
2362 3624 2587 3690 aulicis,
2649 3625 2830 3694 ilsque
2880 3622 3205 3693 praesertim.
3273 3634 3506 3692 quorum
3569 3634 3743 3690 opera

2158 3718 2432 3790 principes
2464 3725 2697 3774 utuntur
2747 3718 2800 3772 in
2830 3714 3194 3787 expediendis
3247 3714 3415 3769 variis
3478 3712 3735 3783 negotiis.

2162 3821 2300 3877 quas
2342 3808 2760 3864 commissiones
2798 3819 2995 3861 vocare
3053 3802 3467 3861 consuevimus.
3525 3802 3731 3858 Habent

2163 3900 2219 3955 hi
2251 3898 2592 3969 pra-fectum,
2619 3913 2778 3967 quem
2807 3896 3132 3954 Zausiorum
3155 3895 3371 3953 bassam
3438 3896 3734 3967 appellant.

2164 3992 2246 4047 Ab
2277 4007 2341 4047 eo
2377 4005 2479 4045 nos
2538 3988 2992 4058 excipiebantur,
3053 3986 3271 4043 obviam
3321 3986 3480 4044 nobis
3512 3988 3579 4042 ad
3634 3988 3745 4058 pri-

2166 4096 2317 4136 mum
2350 4080 2582 4150 lapidem
2609 4088 2761 4134 extra
2787 4077 3349 4148 Constantinopolim,
3379 4077 3586 4147 insigni
3619 4093 3747 4133 cum

2170 4169 2816 4228 comitatu‘Zausiorum
2900 4183 3230 4239 progresso,
3311 4178 3366 4224 et
3420 4168 3751 4238 longissimo

2171 4272 2348 4318 tractu
2376 4276 2473 4332 per
2497 4262 2698 4316 'urbeat
2728 4260 2793 4314 ad
2849 4260 3358 4325 caravansaraium,
3399 4258 3593 4329 legatis
3634 4260 3755 4314 Cae-

2172 4354 2334 4409 sariis
2361 4354 2721 4423 assignatum,
2758 4353 3182 4408 deducebantur.
3242 4349 3388 4406 Inter
3443 4350 3754 4419 dignitates

2176 4446 2699 4518 palatiiGrarcorum
2745 4447 3138 4513 imperatorum
3182 4444 3539 4509 recentiores,
3602 4444 3757 4500 inve—

491 4547 638 4611 pt‘am
662 4537 865 4592 laceret
895 4532 1189 4596 universis,
1226 4528 1278 4582 iu
1317 4527 1637 4598 synhedrio,
1673 4526 1758 4582 vel
1789 4539 2063 4581 concessu
2099 4519 2145 4576 D
2178 4539 2325 4596 ηίιιη.
2379 4540 2545 4594 etiam
2598 4539 2781 4609 Μυκη
2808 4539 2922 4592 sive
2970 4552 3199 4606 "mgnus
3247 4536 3545 4597 Tzausiug.
3603 4539 3755 4607 qum]

496 4633 577 4685 vel
604 4625 968 4688 consilio,vel
995 4619 1277 4675 audientis
1310 4617 1526 4688 publica
1571 4617 1847 4685 (divanutu
1906 4614 2069 4670 'Iorci

495 4726 703 4784 dicunt,
733 4733 895 4790 quant
942 4729 1128 4771 vocent
1161 4711 1509 4765 Bclvacensis
1564 4709 1701 4763 libro
1755 4725 1902 4771 xm,
1948 4723 2070 4776 cap.

494 4812 622 4874 Hii,
654 4810 928 4862 Davanam
971 4810 1232 4872 corrupte
1263 4798 1511 4869 scripsit,
1558 4797 1961 4853 borridiuscule
1995 4807 2076 4864 ty-

496 4905 734 4972 pbanum
767 4894 1014 4966 Porsius)
1044 4892 1436 4964 ingredientem
1482 4889 1551 4945 ad
1595 4904 1655 4943 se
1698 4904 1893 4959 magno
1952 4892 2073 4943 nisu

496 5012 592 5068 per
617 4993 852 5048 mediam
886 4990 1165 5046 hominum
1201 4985 1441 5049 turbam,
1507 4990 1698 5037 uotum
1736 4982 1839 5038 sibi
1897 4981 2081 5037 dervi-

496 5094 638 5148 siunt
690 5086 981 5159 quemdam
1044 5080 1420 5150 conspicatus,
1476 5089 1697 5131 manum
1753 5075 2079 5143 exporrigit,

494 5186 895 5250 eleemosyuam
942 5175 1149 5230 scilicet
1196 5171 1407 5227 homini
1457 5169 1707 5224 daturus.
1766 5166 1957 5234 itaque
2009 5167 2078 5221 ab

492 5276 618 5333 aliis
647 5274 694 5329 ei
721 5270 955 5332 ceditur,
981 5276 1041 5322 ut
1073 5265 1231 5321 adire
1277 5263 1492 5317 bassam
1530 5268 1751 5329 posset:
1787 5259 1854 5312 ad
1914 5271 2075 5325 quem

498 5366 590 5422 ubi
609 5362 834 5435 propius
860 5356 1213 5419 accessisset,
1264 5354 1431 5408 sicam
1472 5366 1502 5406 c
1556 5352 1680 5405 sinu
1745 5349 1975 5418 profert,
2024 5356 2079 5402 et

498 5474 562 5512 ea
591 5458 643 5511 vi
671 5451 1023 5511 Mechentetis
1052 5453 1107 5504 in
1133 5458 1322 5518 pectus
1377 5442 1564 5514 adigit,
1602 5453 1658 5495 ut
1689 5441 1838 5495 illico
1881 5440 2079 5494 thale

499 5550 700 5605 vulnus
723 5549 1018 5618 acciperet,
1048 5557 1157 5612 quo
1174 5537 1516 5608 exspiravit:
1578 5536 1694 5602 ipso
1747 5549 1868 5589 mox
1910 5535 2077 5587 etiam

501 5641 745 5696 dcrvisio
791 5640 860 5693 ab
936 5635 1248 5691 astantibus
1312 5647 1366 5687 tn
1422 5638 1594 5684 trusta
1659 5627 1903 5682 conciso.
1948 5623 2084 5679 Vide

500 5746 664 5803 quam
694 5745 723 5783 a
751 5727 1136 5783 decessoribus
1155 5724 1272 5783 suis
1303 5720 1555 5780 homines
1619 5715 1873 5774 scelerati
1941 5730 2082 5772 nec-

501 5828 636 5883 dum
669 5819 1077 5890 dt‘gcnerarint.

2175 4630 2419 4686 cilicium
2452 4629 2536 4685 vel
2565 4628 2801 4684 mutuati
2833 4638 2959 4683 sunt
2989 4629 3056 4681 ab
3098 4627 3366 4697 Agarcnis
3416 4627 3618 4688 Gratci,
3667 4628 3754 4680 vel

2178 4741 2205 4779 a
2236 4723 2441 4781 Grecis
2497 4722 2733 4791 Agareni
2797 4727 3151 4790 acceperunt,
3191 4727 3243 4775 et
3280 4720 3418 4775 idem
3455 4728 3540 4774 est
3605 4720 3758 4776 haud

2176 4816 2343 4871 dubie
2364 4829 2486 4869 cum
2520 4812 2850 4868 Zattsiorum
2880 4810 3062 4866 bassa.
3105 4810 3377 4865 Numerus
3427 4809 3755 4865 Zansiorutn

2178 4906 2293 4962 lere
2321 4920 2466 4960 nunc
2496 4905 2637 4975 apud
2659 4902 2990 4959 Osmanidas
3010 4903 3076 4957 ad
3132 4903 3508 4972 septingentos
3566 4918 3759 4958 excrc-

2181 4999 2279 5053 vit.
2303 4994 2599 5064 Pusdigani
2626 4995 2864 5064 denique
2893 5009 3094 5049 nomen
3122 4992 3484 5062 Agareuicum
3524 4994 3753 5058 retinui,

2183 5091 2324 5147 sicut
2348 5100 2401 5146 et
2429 5088 2687 5160 superius
2720 5087 2775 5142 in
2812 5086 3127 5142 narratione
3158 5086 3224 5141 de
3247 5094 3404 5156 capts
3433 5084 3756 5141 Constanti-

2184 5181 2693 5253 nopoli,quoclava
2751 5194 3001 5235 massave
3063 5178 3266 5245 ferrea,
3308 5178 3504 5233 Turcis
3556 5178 3757 5232 usitata

2185 5272 2745 5346 signiﬁcatumcrasci
2773 5270 3263 5326 recentiorcsltauc
3312 5283 3496 5326 vocem
3560 5284 3759 5324 usucc-

2186 5377 2401 5436 perunt,
2462 5380 2527 5420 ac
2579 5378 2733 5419 suam
2798 5361 3122 5418 reddidere:
3162 5377 3286 5417 cum
3329 5360 3459 5415 olim
3518 5358 3763 5431 κορύνην

2187 5459 2371 5513 dicere
2395 5456 2540 5513 soliti
2569 5454 2793 5511 fuerint.
