4018 6430
245 427 352 491 849

1387 431 1786 493 PANDECTE
1821 431 2022 493 lllS'l‘.
2056 431 2368 492 TURCIC.

3424 433 3538 497 850'

245 550 370 626 112:):
415 546 604 601 Clades
648 550 1030 626 {Jugarorumi
1061 554 1124 606 ab
1158 553 1362 626 Jucupe
1400 556 1512 626 Aga
1563 572 1838 619 caesorum,
1870 559 1916 616 Α
1944 568 2107 622 quam
2143 552 2294 606 illum
2327 551 2607 621 signorum
2668 551 3012 622 militumque
3063 562 3375 613 numerum,
3433 547 3524 614 qui

315 619 680 688 Frangcpani,
709 619 968 690 Agalarii,
989 623 1146 678 Τιαδὲ
1168 619 1379 682 Graecos
1413 619 1469 680 ni
1501 627 1679 680 multis
1718 627 1837 679 imi-

314 692 453 765 tati;
488 703 696 765 sceptra
753 695 870 765 sive
900 695 1077 748 baculi
1135 697 1460 762 Cunarum,
1524 697 1836 765 Druncarii,

314 761 542 827 Dranci,
589 761 804 832 Banda,
840 762 1196 836 Bnndophori.

313 903 550 973 Iacupis
584 902 712 974 Agze
737 918 940 960 nomen
965 905 1020 960 in
1065 905 1292 961 historia
1344 907 1576 964 Bonﬁnii
1624 909 1839 966 deside-

256 1007 430 1050 ratur.
468 995 632 1050 Jovio
659 995 870 1050 Cadum
930 996 1089 1052 bassa
1139 997 1364 1052 dicitur.
1430 1000 1572 1054 idem
1641 1017 1838 1056 nomen

254 1091 418 1144 habet
444 1089 806 1162 Wulfgangus
842 1091 1152 1147 Dreslerus.
1197 1089 1396 1145 Verum
1462 1093 1564 1148 hoc
1615 1094 1663 1148 ei
1727 1108 1837 1147 non

250 1196 372 1238 erat
408 1185 714 1253 proprium,
744 1183 839 1240 sed
875 1187 944 1238 ab
992 1186 1278 1240 accidente
1322 1188 1578 1252 inditum,
1640 1189 1842 1257 quippe

250 1277 506 1331 Chadum
541 1279 622 1331 vel
653 1276 861 1332 lladum
887 1278 1161 1348 signiﬁcat
1186 1281 1481 1343 eviratum,
1528 1281 1616 1336 cui
1672 1291 1842 1338 testes

249 1372 462 1424 scilicet
519 1370 748 1424 exsecti.
810 1371 948 1425 lluic
1027 1369 1371 1440 Ungarorum
1423 1373 1562 1428 cladi
1619 1390 1842 1429 causam

251 1463 486 1532 praebuit
511 1461 752 1518 Joannes
782 1462 1191 1532 Frangepanus,
1227 1481 1291 1519 ex
1331 1466 1537 1522 illustri
1561 1476 1614 1522 et
1659 1467 1845 1522 [inmte

255 1555 541 1623 quondam
620 1555 768 1607 clara
841 1553 1331 1624 Fraugepanorum
1389 1557 1596 1612 familia
1660 1567 1844 1621 natus,

256 1646 461 1712 quibus
497 1647 551 1699 in
609 1645 889 1700 Croatiam
947 1646 1380 1716 Dalmatiamque
1437 1651 1846 1719 commigranti-

258 1737 364 1792 bus
396 1738 583 1791 datum
613 1737 720 1792 hoc
775 1746 896 1792 erat
926 1738 995 1793 ab
1056 1739 1252 1794 incolis
1299 1755 1521 1805 nomen,
1580 1752 1638 1796 ut
1671 1742 1847 1799 Frauc

260 1829 400 1884 Pani
425 1831 765 1897 dicerentur,
795 1831 900 1886 hoc
933 1841 1040 1894 est,
1075 1832 1281 1887 domini
1309 1833 1532 1890 Franci.
1565 1832 1848 1890 Defecerat

1945 645 2010 699 ad
2038 646 2486 700 constituendum
2558 645 2923 716 regimcntum
2989 643 3316 712 requiritur.
3377 640 3529 693 Ideo-

1941 754 2047 808 que
2081 738 2330 793 Druncus
2366 749 2450 792 est
2484 737 2844 806 regimeututn
2880 737 3138 800 militum,
3176 733 3340 802 cujus
3363 739 3532 799 caput

1940 834 2024 886 est
2063 830 2423 896 Druncarius,
2480 830 2616 885 olim
2675 830 2976 894 Tribunus,
3021 841 3170 882 nunc
3218 824 3533 881 Colonellus

1941 935 2034 978 aut
2075 924 2361 994 regimenti
2396 923 2713 994 praefectus.
2765 921 3117 975 Conveniunt
3173 929 3226 973 et
3276 918 3380 972 alia
3432 916 3534 968 mi-

1945 1015 2071 1068 litiae
2101 1025 2304 1068 nostra:
2334 1030 2457 1068 cum
2515 1013 2622 1068 illis
2677 1029 2799 1083 qum
2841 1012 2948 1065 Leo
2989 1009 3158 1064 tradit
3209 1008 3532 1078 imperator.

1947 1105 2172 1160 Vaudon
2198 1105 2438 1173 appellat
2473 1106 2692 1172 signum
2727 1106 2974 1174 equitum
3028 1103 3110 1156 vel
3170 1101 3442 1170 peditum,
3475 1111 3535 1155 ut

1946 1197 2121 1252 nostri
2167 1197 2352 1251 Vanen
2400 1205 2454 1249 et
2513 1195 2778 1259 Vandlin,
2858 1203 2949 1247 aut
2987 1192 3234 1245 Vzendlin
3268 1205 3281 1241 :
3317 1187 3538 1241 Vando-

1947 1288 2182 1356 phoron,
2211 1287 2304 1356 qui
2334 1287 2600 1340 vexillum
2659 1284 2834 1339 Vandi
2869 1292 3073 1355 gvstat,
3113 1291 3166 1338 et
3206 1281 3409 1336 nostris
3452 1287 3540 1334 est

1950 1379 2248 1435 Vandricb.
2276 1381 2460 1446 Addit,
2487 1379 2740 1433 Vandttm
2786 1387 3042 1434 constare
3075 1375 3358 1445 ,militibus
3406 1373 3535 1434 500,

1948 1481 2040 1524 aut
2071 1472 2252 1526 saltim
2313 1489 2419 1525 non
2457 1472 2846 1540 paucioribus,
2901 1485 3065 1538 quant
3119 1468 3245 1533 200,
3278 1483 3376 1521 nec
3423 1467 3539 1535 pln-

1950 1564 2124 1629 ribus,
2157 1579 2320 1632 quam
2347 1564 2474 1618 400.
2509 1565 2599 1618 Sic
2630 1572 2683 1617 et
2716 1563 3000 1616 Druncum
3031 1561 3144 1615 sive
3166 1559 3530 1630 regitnentum

1952 1658 2159 1711 habere
2193 1659 2304 1710 vult
2327 1675 2433 1709 non
2489 1657 2788 1724 pauciores
2816 1653 2986 1719 mille,
3020 1667 3128 1706 non
3150 1652 3334 1721 plures
3362 1648 3540 1703 tribus

1951 1748 2217 1804 millibus.
2260 1746 2596 1803 Caeterorum
2633 1747 2779 1817 apud
2819 1745 3070 1800 Leonem
3136 1742 3358 1797 collatio
3415 1754 3540 1795 cum

1955 1839 2183 1903 nostris,
2209 1840 2441 1894 alterius
2472 1837 2578 1893 loci
2601 1835 2788 1903 fuerit,
2828 1851 2893 1890 ac
2929 1833 3257 1889 fortassisin
3299 1833 3406 1886 hoc
3451 1845 3545 1900 ge-

263 1932 448 1976 autem
477 1922 859 1993 Frangepanus
897 1933 1023 1994 post
1050 1925 1293 1980 Matthiae
1353 1927 1500 1996 regis
1526 1928 1762 1990 obitum.
1814 1943 1843 1984 a
1877 1934 1920 1989 Β
1949 1949 2080 1989 nere
2105 1933 2358 1989 nonnihil
2398 1932 2692 2002 aliquando
2747 1929 3042 1985 molientur
3070 1967 3085 1992 ,
3117 1941 3243 1982 cum
3300 1923 3540 1994 aliquam

262 2030 390 2082 rege
416 2013 684 2070 Vlad'rslao
716 2024 770 2070 et
797 2016 937 2070 duce
997 2015 1210 2074 Joanne
1287 2019 1549 2088 Corvino,
1602 2021 1844 2076 Matthiae

256 2107 404 2176 regis
438 2107 551 2163 ﬁlio
581 2108 883 2179 notlto,qui
917 2111 985 2165 ad
1014 2110 1247 2166 Jaitzam
1287 2113 1469 2170 Banus
1509 2129 1698 2169 earum
1759 2130 1846 2170 re-

254 2201 484 2265 gionum
520 2209 660 2256 erat.
695 2202 937 2273 Cumque
974 2204 1028 2260 in
1061 2220 1188 2261 arce
1239 2206 1434 2262 Brevia
1463 2224 1561 2265 ceu
1625 2209 1845 2265 rebellis

257 2290 635 2357 obsideretur,
664 2295 901 2361 proximi
935 2295 1112 2353 bassae
1129 2300 1402 2355 auxilium
1430 2301 1840 2371 imploraverat.

260 2380 549 2452 Ingressus
567 2395 654 2440 est
677 2383 932 2456 Ungariat
969 2388 1104 2444 lines
1127 2387 1360 2460 Jacupes
1385 2407 1483 2462 aga
1543 2407 1667 2448 cum
1716 2403 1844 2449 octo

259 2477 337 2530 vel
375 2491 581 2531 novem
611 2479 852 2535 millibus
882 2482 1150 2550 equitum,
1186 2485 1261 2536 uti
1283 2482 1562 2538 Bonlinius
1596 2485 1838 2556 scripsit.

257 2566 496 2634 Agarum
531 2571 616 2622 vel
655 2569 1040 2638 Agalariorum
1107 2590 1304 2627 nomen
1357 2577 1498 2643 apud
1550 2575 1760 2632 TIH'CUS
1813 2593 1840 2630 a

260 2658 460 2712 baculo
493 2660 792 2716 deductum
836 2673 937 2728 est,
1000 2665 1329 2733 quiscilicet
1374 2670 1728 2738 magistratus
1765 2680 1846 2725 est

259 2756 610 2824 symbolum,
647 2759 791 2812 sicut
857 2759 1021 2812 etiam
1085 2770 1211 2815 ante
1268 2760 1478 2815 Tureos
1529 2763 1842 2819 Grmcorum

262 2852 661 2916 imperatorum
745 2851 1008 2906 oﬁleiales
1077 2868 1174 2907 sua
1244 2853 1493 2922 quasdam
1557 2855 1844 2925 gestabant

259 2950 494 3009 sceptra,
521 2957 644 3011 quas
677 2943 806 2996 niltil
857 2954 1016 2999 erant
1066 2947 1214 3000 aliud
1277 2965 1442 3017 quam
1506 2949 1706 3022 baculi.
1778 2951 1844 3004 Et

265 3034 483 3099 quidem
523 3035 578 3088 in
630 3051 782 3090 more
831 3038 1040 3094 Graecis
1088 3050 1227 3102 erat,
1284 3050 1341 3094 ut
1400 3043 1614 3109 quoties
1671 3058 1844 3100 novus

269 3126 414 3179 ﬁeret
443 3127 770 3196 imperator,
801 3145 996 3186 omnes
1030 3132 1295 3186 ofﬁciales
1328 3143 1540 3202 sceptra
1595 3150 1692 3190 seu
1750 3137 1842 3191 ba-

269 3219 420 3274 culos
445 3235 579 3275 suos
598 3219 957 3289 deponerent,
995 3239 1095 3278 nec
1131 3226 1234 3280 ntsi
1281 3224 1507 3294 jubente
1540 3245 1678 3282 novo
1742 3230 1842 3282 im-

272 3318 518 3374 peratore
550 3319 898 3365 resumerent
935 3312 986 3366 in
1045 3329 1274 3369 manus:
1313 3333 1424 3385 quo
1480 3319 1583 3370 ritu
1634 3318 1842 3386 signifl-
1871 3284 1916 3346 c

277 3399 518 3464 cabatur,
564 3418 660 3456 eos
701 3404 756 3457 in
805 3404 1006 3460 ofﬁciis
1040 3406 1158 3462 suis
1200 3408 1268 3462 ab
1328 3408 1451 3478 ipso
1505 3410 1841 3466 conﬁrmari.

286 3487 530 3546 “emittit
573 3493 697 3560 ejus
747 3496 919 3550 moris
971 3499 1205 3566 antiqui,
1261 3499 1550 3570 Symeonis
1597 3504 1844 3572 magistri

295 3575 582 3636 ofﬁciorum
598 3584 838 3639 Historia
865 3589 1262 3659 manuscripta,
1285 3592 1442 3661 cujus
1474 3592 1640 3648 verba
1686 3611 1848 3665 repe-

296 3667 396 3722 ries
418 3670 581 3740 capite
614 3675 738 3737 l99,
765 3675 1138 3732 meminerunt
1161 3687 1213 3733 et
1249 3681 1342 3735 alii
1371 3681 1593 3750 quidam
1623 3701 1637 3736 :
1689 3684 1847 3753 isque

284 3776 423 3816 nunc
439 3766 600 3820 etiam
624 3768 888 3822 retinetur
909 3784 937 3824 a
957 3768 1176 3835 Turcis,
1207 3788 1346 3842 quos
1373 3774 1682 3831 imitatores
1713 3793 1842 3834 esse

275 3849 606 3922 Graecorum,
637 3863 942 3926 presertim
984 3862 1038 3916 in
1075 3864 1242 3919 rebus
1265 3865 1332 3918 ad
1365 3865 1580 3935 imperii
1607 3867 1843 3925 formam

270 3944 518 4016 ritusque
553 3950 798 4018 publicos
862 3958 1260 4026 Specta-nribus,
1306 3959 1417 4030 jam
1468 3979 1847 4033 strpenumero

267 4038 528 4095 diximus.
562 4040 890 4113 Quanquam
919 4047 1012 4102 alii
1046 4061 1260 4118 putant,
1299 4052 1367 4105 ab
1418 4053 1551 4124 ipsis
1585 4058 1847 4126 pleraque

264 4130 510 4198 profecta
552 4132 885 4190 Saracenis:
941 4140 1032 4207 qui
1061 4151 1185 4209 post
1234 4141 1600 4198 defectionem
1657 4162 1685 4200 a
1740 4147 1846 4202 Ro-

263 4225 465 4290 manis,
536 4241 729 4281 eorum
788 4230 1146 4287 nihilominus
1216 4246 1323 4289 tam
1385 4239 1627 4306 civilem,
1683 4258 1845 4310 quam

261 4315 563 4371 militarem
596 4318 814 4388 imperii
843 4325 1298 4392 gubernationem
1347 4329 1554 4386 fuerint
1583 4336 1846 4392 annulati.

257 4405 347 4461 Sic
391 4409 564 4477 igitur
588 4418 642 4464 et
673 4411 914 4482 Agalarii
964 4417 1097 4473 dicti
1132 4429 1261 4475 sunt
1287 4424 1358 4477 ab
1385 4439 1506 4493 aga.
1540 4427 1684 4496 quod
1750 4430 1848 4484 ba-

255 4502 446 4554 cu'um
490 4501 784 4569 signiﬁcat.
861 4508 1123 4580 Adeoque
1189 4515 1414 4583 prepius
1451 4527 1512 4571 ut
1561 4522 1847 4576 ostendant

1951 2040 2059 2080 non
2109 2023 2351 2094 antiquae
2426 2023 2701 2078 duntaxat
2747 2022 2961 2076 militias
3015 2021 3296 2080 notitiam.
3349 2034 3541 2073 verum

1947 2115 2115 2170 etiam
2145 2114 2432 2184 praesentis
2469 2127 2628 2168 usum
2691 2112 2937 2169 assecuti
2987 2111 3297 2164 videamur.
3343 2108 3550 2164 Itidem

1947 2209 2015 2264 de
2048 2207 2210 2278 Viglze
2235 2208 2486 2277 Stoliquc
2513 2204 2727 2277 magnis
2779 2203 3100 2259 Druncariis
3151 2202 3310 2256 alibi.
3362 2199 3541 2255 Pluri-

1951 2315 2099 2354 mum
2127 2309 2276 2355 certe
2303 2297 2512 2353 faciunt
2539 2297 2655 2352 haec
2684 2296 2751 2350 ad
2797 2294 3160 2351 illustrandas
3221 2293 3538 2348 Graecorum

1947 2393 2285 2448 recentiores
2311 2390 2592 2446 historias.
2635 2388 2716 2442 Ad
2781 2386 3216 2442 Drttncariorum
3275 2400 3405 2454 ergo
3465 2385 3542 2440 si-

1948 2485 2308 2539 militudinem
2342 2482 2536 2538 Turcis
2586 2489 2716 2536 sunt
2766 2478 3006 2548 Agalari,
3069 2478 3219 2532 velut
3279 2475 3534 2543 Tribuni,

1951 2587 2078 2644 puta
2108 2576 2341 2630 Crulzar
2369 2591 2492 2645 aga,
2531 2573 2806 2644 Cupizilar
2870 2585 2996 2641 agn,
3055 2568 3367 2638 Spaboglan
3415 2582 3536 2637 aga,

1951 2668 2214 2720 Silicbtar
2278 2682 2377 2737 aga
2408 2683 2423 2721 :
2460 2666 2528 2721 de
2587 2664 2792 2735 quibus
2860 2660 3137 2718 omnibus
3185 2660 3539 2716 convenienti

1951 2757 2072 2811 loco
2100 2759 2446 2813 tractabitur.

1952 2874 2072 2928 ΓΗ.
2103 2872 2239 2928 Bani
2284 2889 2562 2943 regnorum
2592 2873 2733 2942 apud
2779 2869 3366 2942 Ungaros,Chrobatw,
3402 2867 3541 2924 Cito-

2379 2955 2567 3010 ruata',
2603 2943 2838 2998 Diremit
2867 2943 3001 2996 Ban.

2020 3035 2383 3091 Promisimus
2414 3051 2602 3106 supra
2633 3038 2814 3105 capite
2877 3034 3285 3106 septuagesimo
3335 3030 3538 3102 primo,

1948 3144 2053 3184 nos
2075 3129 2142 3183 de
2173 3128 2340 3184 Banis
2374 3139 2429 3183 et
2453 3127 2756 3183 [latratibus
2798 3130 2850 3182 in
2883 3128 3068 3198 regnis
3116 3125 3370 3196 Ungariae
3437 3124 3538 3178 ad-

1941 3221 2150 3290 junctis
2177 3221 2385 3291 aliquid
2405 3222 2650 3275 dicturos
2671 3221 2908 3290 plenius.
2963 3219 3018 3274 Id
3091 3218 3262 3290 igitur
3319 3225 3379 3272 ut
3433 3218 3542 3272 hoc

1948 3324 2195 3383 praestem
2234 3315 2372 3379 loco,
2412 3329 2522 3384 quo
2554 3313 2685 3367 Baui
2723 3311 2980 3384 Ungarici
3025 3312 3230 3366 mentio
3291 3310 3371 3377 fit,
3408 3309 3536 3364 dico

1949 3407 2158 3460 Bauum
2193 3407 2336 3477 apud
2382 3405 2634 3476 Ungaros
2656 3405 2863 3466 vocari,
2920 3420 3026 3458 non
3085 3403 3538 3473 gubernatorem,

1948 3499 2028 3552 vel
2063 3500 2524 3552 locumtenente-n
2593 3495 2998 3567 (τοποτηρητὴν
3031 3493 3260 3557 Grmcis,
3292 3504 3344 3548 et
3370 3494 3536 3564 ἔξαρ-

1947 3608 2062 3662 χον,
2093 3589 2238 3644 unde
2259 3605 2460 3645 nomen
2495 3589 2860 3645 exarcltorum
2897 3589 3067 3642 ltali:e
3101 3587 3538 3654 Ravennatium)

1947 3683 2063 3739 sive
2099 3682 2355 3736 vicarium
2397 3682 2542 3750 regis
2587 3681 2641 3734 in
2677 3681 2795 3749 ipsa
2856 3679 3115 3749 Ungaria,
3157 3679 3251 3733 sed
3307 3677 3540 3745 alicujus

1950 3774 2014 3827 ad
2055 3771 2304 3840 Ungariaz
2337 3771 2481 3840 juris
2513 3769 2812 3840 spectantis
2843 3769 2992 3838 regni
3053 3765 3364 3837 praesidem.
3396 3766 3531 3819 Per-

1951 3866 2130 3919 tinent
2159 3879 2288 3918 vero
2315 3846 2510 3933 partim
2545 3860 2871 3928 antiquitus,
2905 3862 3101 3930 partim
3174 3858 3338 3912 etiam
3371 3873 3541 3922 nunc,

1951 3958 2065 4010 huc
2094 3956 2160 4010 ad
2197 3954 2490 4025 Ungui-iam
2525 3966 2737 4023 regna:
2773 3951 3064 4016 Dalmatia,
3085 3948 3328 4013 Croatia,
3352 3947 3534 4002 Slavo-

1952 4048 2122 4115 nia(id
2156 4055 2260 4109 est,
2288 4041 2825 4116 lllyricnm),'[iatnia
2848 4041 2931 4097 vel
2958 4040 3129 4095 Ratna
3161 4040 3290 4110 (quo
3314 4039 3539 4092 nomine

1953 4141 2006 4194 in
2066 4138 2410 4210 Ungarorttnt
2471 4151 2657 4205 regum
2700 4135 2875 4190 titulis
2933 4134 3258 4205 intelligitur
3317 4131 3542 4198 Bozitta)

1957 4229 2167 4294 Set-via,
2212 4229 2433 4284 Callicia
2487 4228 2604 4283 sive
2648 4225 3297 4292 Valacltia,Lodomeria,
3343 4223 3546 4278 Conta-

1954 4325 2066 4387 nia,
2101 4321 2594 4392 BulgariaJ’raeter
2626 4321 2727 4376 bos
2747 4319 2948 4390 Banos,
2970 4319 3177 4374 mentio
3213 4317 3272 4371 ﬁt
3301 4317 3352 4370 in
3379 4316 3552 4370 histo-

1957 4416 2052 4472 riis
2081 4415 2405 4476 Banaluum,
2431 4413 2852 4476 Macltoviensis,
2874 4421 2928 4465 et
2960 4409 3370 4475 Zeverinensis,
3389 4409 3549 4478 (Suv-

1957 4511 2134 4566 t‘inum
2188 4511 2300 4580 jam
2357 4509 2520 4576 vulgo
2556 4515 2751 4561 vocant
2784 4505 2839 4560 in
2875 4503 3239 4573 Transalpina
3283 4498 3545 4555 Valachia

255 4592 692 4649 similitudinem
757 4598 1061 4656 ofﬁciorum
1143 4605 1327 4668 palatii
1385 4620 1550 4678 atque
1635 4613 1848 4679 imperii
1881 4611 2183 4681 Dproplcr
2223 4601 2554 4665 Danubium.
2591 4599 2854 4654 aseVeTO
2910 4596 3161 4664 Α¹¹8¹¹8ί⁰
3213 4593 3542 4646 ἱθίίίίίθδίυηι

253 4684 466 4747 Graeci,
497 4701 621 4740 cum
657 4688 852 4746 omciis
907 4708 1079 4762 portae
1140 4695 1660 4765 Osrnanicae,dico,
1719 4703 1859 4757 Tur-

251 4780 335 4831 cis
358 4777 660 4847 Agalarios
709 4797 832 4837 esse
881 4801 978 4839 sua
1014 4786 1229 4857 lingua,
1293 4791 1385 4860 qui
1447 4791 1650 4847 Graecis
1699 4807 1857 4849 erant

250 4869 333 4922 vel
364 4869 795 4939 Druugarii,vel
833 4875 1122 4932 Druuearii
1179 4884 1390 4949 potius.
1435 4885 1542 4939 Eos
1590 4885 1699 4942 Leo
1759 4890 1858 4942 Sa-
1888 4881 1901 4893 ’

249 4960 416 5023 piens
442 4959 731 5027 Augustus
772 4964 826 5018 in
857 4966 998 5020 libro
1049 4985 1151 5023 suo
1185 4971 1348 5044 465
1387 4975 1460 5028 De
1511 4978 1856 5044 apparatibus

247 5047 473 5103 bellicis
509 5050 638 5104 olim
672 5052 853 5110 dictos
881 5056 1050 5114 fuisse
1091 5062 1258 5116 tradit
1292 5063 1678 5130 Chiliarchos.
1709 5069 1857 5138 quod

248 5143 538 5205 militibus
590 5147 738 5203 mille
769 5163 1112 5220 praaessent;
1147 5165 1201 5210 ct
1258 5155 1562 5226 Druncum,
1617 5160 1858 5216 Chiliar-

247 5246 449 5297 cham.
519 5239 700 5295 Latini
772 5242 1120 5301 Chiliarchos
1166 5257 1366 5303 vocant
1433 5252 1703 5317 tribunos,
1762 5255 1854 5324 qui

248 5353 411 5391 nunc
448 5335 718 5391 Colonelli
751 5346 900 5392 sunt.
933 5337 1212 5394 Druncum
1257 5343 1357 5411 (sic
1397 5346 1543 5400 enim
1612 5362 1858 5417 pronun-

247 5431 437 5486 tiabat
463 5431 792 5500 Zygomalas
833 5440 888 5485 et
945 5430 1313 5489 Druncarium
1346 5477 1360 5499 ,
1390 5454 1496 5492 non
1550 5441 1854 5511 Drungum,

247 5525 339 5577 vel
377 5523 784 5593 Drungarium,
807 5525 952 5592 quod
984 5526 1147 5596 vulgo
1192 5527 1314 5582 ﬁeri
1343 5529 1506 5591 solet)
1560 5531 1641 5586 sic
1671 5533 1858 5603 appel-

249 5615 441 5668 latum
472 5614 711 5669 arbitror
737 5629 762 5667 a
791 5623 1014 5680 trunco,
1046 5618 1162 5672 sive
1191 5619 1412 5686 baculo,
1451 5623 1566 5678 sive
1592 5634 1850 5694 sceptro;

251 5705 738 5772 quemadmodum
807 5708 1082 5777 hodieque
1143 5712 1504 5782 regimentum
1590 5731 1853 5774 vocamus

252 5806 372 5850 tam
428 5797 597 5860 ipsius
643 5799 874 5853 Tribuni
933 5800 1188 5856 baculum
1243 5806 1428 5873 (vitem
1489 5807 1675 5859 dixere
1725 5815 1853 5875 puto

255 5887 552 5960 Romani),
593 5907 756 5975 quem
827 5908 926 5948 ceu
966 5895 1321 5964 magiSIratus
1389 5899 1600 5968 insigne
1649 5908 1846 5969 gestat,

1961 4695 2249 4767 oppidum)
2275 4706 2328 4748 et
2359 4693 2582 4758 Erdelii,
2638 4691 2888 4746 Turcicis
2959 4690 3014 4742 in
3071 4686 3359 4751 historiis;
3421 4701 3547 4754 qua:

1959 4787 2222 4843 Joannem
2250 4788 2316 4842 de
2357 4785 2600 4857 Zapolia,
2668 4783 2924 4841 comitem
2964 4779 3362 4849 Cepisiensem,
3389 4779 3545 4848 regni

1964 4888 2369 4948 usurpatorcm.
2407 4887 2460 4932 et
2493 4875 2680 4944 patrue
2717 4884 2954 4944 pestem,
2989 4870 3136 4925 Ertel
3193 4868 3305 4922 Ban
3363 4871 3550 4938 appel-

1964 4974 2077 5025 lant
2105 4989 2118 5025 :
2142 4972 2267 5025 licet
2297 4987 2325 5022 a
2352 4969 2553 5024 nostris
2573 4965 2773 5019 Erdelii
2804 4965 2920 5018 sive
2951 4961 3399 5038 Transsylvanim
3422 4959 3547 5011 Vaio

1964 5063 2099 5118 Voda
2151 5059 2533 5116 tantummodo
2593 5056 2999 5110 nominaretur.
3054 5052 3277 5122 lpsimet
3344 5048 3546 5118 Ungari

1962 5157 2170 5211 Banum
2202 5170 2296 5210 seu
2358 5151 2598 5207 Wanum
2661 5163 2859 5203 vocare
2908 5163 2968 5201 se
3013 5146 3205 5200 dicunt
3255 5159 3402 5205 eum,
3453 5140 3545 5207 qui

1964 5251 2162 5306 vexillo
2186 5249 2312 5304 aliis
2366 5246 2546 5319 praeit.
2577 5243 2735 5299 Unde
2766 5250 2941 5313 paret,
2966 5239 3265 5295 discrimen
3281 5237 3385 5290 hoc
3406 5235 3548 5286 inter

1960 5339 2390 5410 gubernatorem
2420 5346 2480 5391 et
2503 5335 2713 5389 [ianum
2749 5349 2895 5397 esse,
2927 5331 3079 5402 quod
3110 5330 3182 5383 illi
3211 5337 3320 5380 tam
3384 5339 3541 5394 pace.

1958 5449 2124 5504 quam
2149 5433 2308 5498 bello,
2343 5445 2471 5486 cura
2503 5429 2651 5500 regni
2673 5423 3193 5488 omnisincutnbat;
3222 5420 3312 5475 hic
3329 5416 3545 5474 bellicis

1961 5536 2172 5581 tantum
2208 5525 2442 5596 negotiis
2463 5520 2861 5593 praesithsum
2893 5521 3055 5573 etiam
3088 5529 3283 5570 nomen
3303 5529 3332 5565 a
3356 5510 3544 5564 Bando

1962 5620 2170 5675 factum
2209 5618 2566 5688 perspicitur,
2609 5614 2756 5683 quod
2790 5611 2955 5681 regiis
2981 5610 3225 5680 ipsorum
3259 5607 3537 5659 COIInlllll-

1956 5711 2203 5765 tionibus
2228 5710 2432 5764 dicitur
2461 5708 2790 5762 Banderium
2829 5724 2842 5759 :
2875 5713 3070 5773 estque
3127 5700 3308 5754 Bautis
3336 5697 3546 5753 Graecis

1957 5805 2307 5866 Flautularis,
2341 5801 2756 5872 φλαμουλὰρης,
2793 5797 3114 5866 Sanzacbeg
3139 5811 3233 5849 seu
3281 5793 3544 5848 Flamhu-

1959 5899 2060 5963 lar,
2097 5893 2496 5952 Turcis.Nunc
2521 5895 2586 5950 ad
2626 5891 2848 5948 annales
2895 5904 2962 5950 ut.
3005 5891 3314 5948 redeamus,
3374 5901 3536 5955 quem
