4018 6418
440 407 543 474 851

1653 403 1986 468 JOANNIS
2019 404 2452 470 LEUNCLAVI
2463 406 2491 466 Ι

3623 404 3740 468 852

441 519 533 574 hic
565 516 901 589 Ungaricum
941 513 1152 570 Banum
1177 513 1503 585 generaliter
1539 516 1839 586 appellant,
1893 514 2026 568 Bou-
2057 523 2104 580 Α
2135 516 2368 588 Agareni
2404 526 2458 572 ct
2482 513 2817 581 Osmauidac,
2877 521 2938 569 ut
2980 513 3034 568 in
3091 511 3258 569 rebus
3310 512 3376 567 ad
3437 489 3733 582 imperium

447 610 618 664 liuius
643 607 884 662 Croatia:
925 605 1310 660 tantummodo
1336 603 1548 660 Battum
1609 605 1779 660 fuisse
1837 605 2029 672 tradit,

445 700 600 771 regni
628 697 884 753 videlicet
913 694 1170 766 ngariaz
1193 711 1366 765 regno
1393 696 1667 766 adjuncti.
1697 697 2030 752 Croatarum

445 807 579 848 vero
607 806 806 846 nomen
842 789 1119 858 hodieque
1151 789 1530 844 notissimum.
1565 788 1715 846 Gens
1743 799 1825 846 est
1861 789 2038 860 perti-

445 901 552 939 nax
577 885 632 938 in
663 883 947 938 retinenda
983 882 1244 949 religione
1261 897 1359 937 sua
1382 881 1715 938 Christiana.
1738 881 2038 953 Propterea

451 975 649 1030 Turcis
677 989 800 1030 esse
823 973 1039 1030 subdita
1059 989 1184 1030 cum
1208 973 1328 1043 ejus
1356 972 1668 1029 amittendae
1687 974 1934 1042 periculo
1957 989 2041 1029 re

450 1081 674 1132 cusans,
696 1065 764 1120 ad
785 1064 1001 1120 vicinos
1021 1065 1243 1134 migrat,
1261 1079 1622 1136 magnamque
1643 1081 1789 1121 nunc
1804 1065 2039 1122 Austris:

443 1157 806 1226 Moraviaaque
841 1167 1072 1224 partem,
1103 1156 1249 1226 agris
1289 1155 1534 1210 colendis
1562 1154 1745 1210 dedita
1780 1157 2038 1226 complet-

445 1247 722 1304 Cedrinus
750 1247 804 1302 in
839 1245 1042 1302 Basilio
1075 1247 1824 1316 Bulgaroetono,Chorvatas
1859 1247 2038 1317 appel-

445 1340 566 1394 lans
603 1357 616 1394 :
653 1338 900 1394 Finitimi
948 1351 1098 1405 sunt,
1129 1338 1330 1408 inquit,
1363 1337 1618 1409 Bulgaris
1640 1337 2038 1392 Cliorvatarum

447 1429 655 1500 populi,
683 1429 828 1499 quod
885 1444 1084 1482 nomen
1137 1427 1404 1493 Cborvat,
1432 1427 1518 1482 vel
1573 1427 1798 1491 llorvat,
1831 1426 2042 1495 aspira-

449 1522 602 1577 tione
634 1522 784 1589 forti,
813 1536 960 1575 nunc
979 1522 1058 1576 eis
1085 1529 1170 1575 est
1204 1520 1369 1575 etiam
1395 1521 1451 1575 in
1477 1535 1604 1574 usu.
1633 1517 1830 1574 Caeteri
1867 1518 2041 1572 Graeci

449 1613 758 1668 Chrobatas
793 1614 910 1668 sive
936 1613 1242 1668 Chrovatas
1263 1613 1572 1666 nominant.
1597 1611 1662 1665 Et
1683 1610 1885 1665 alicubi
1912 1611 2014 1663 seri

450 1809 538 1854 tas
569 1799 795 1855 eosdem
830 1814 953 1855 esse
987 1807 1238 1868 respectu
1271 1797 1527 1850 nimirum
1582 1795 1830 1864 ejusdem
1880 1794 2044 1863 origi-

450 1890 607 1946 niset
636 1888 835 1958 lingute
868 1887 1102 1944 Veuedae
1129 1925 1145 1951 ,
1179 1899 1340 1956 quam
1374 1884 1428 1938 in
1459 1882 1664 1938 Serviis
1693 1881 2039 1935 demonstra-
2073 1873 2113 1928 Β

449 1983 632 2038 vimus
659 1982 836 2052 capite
864 1979 1142 2036 tricesimo
1171 1980 1388 2050 quinto.
1408 1978 1622 2031 llursus
1647 1975 1713 2030 ab
1732 1973 2035 2030 Annalibus

453 2075 540 2130 his
566 2074 750 2131 Banus
792 2073 1104 2143 Ungaricus
1133 2074 1300 2128 etiam
1333 2069 1576 2126 Direnzil
1625 2068 1735 2123 Ban
1773 2067 2034 2123 nomina-

451 2177 562 2233 tur,
583 2167 749 2224 veluti
787 2166 966 2222 Dreuz
989 2165 1090 2220 Cili
1123 2164 1258 2231 Ban,
1298 2163 1404 2218 hoc
1451 2170 1559 2228 est,
1618 2161 1862 2217 Drenzus
1883 2160 2038 2216 Ciliae

450 2259 660 2330 Banus.
689 2259 903 2330 Quippe
955 2257 1351 2314 celeberrimus
1410 2255 1562 2311 Ciliae
1616 2254 1915 2310 comitatus
1967 2251 2034 2307 ad

449 2351 684 2409 Croatiae
715 2351 980 2408 Banatum
1020 2351 1326 2420 antiquitus
1382 2347 1710 2418 pertinebat,
1739 2355 1796 2403 et
1851 2345 2030 2400 Bouil-

448 2443 579 2499 nius
601 2460 864 2514 expresse
895 2443 1064 2500 tradit
1091 2443 1314 2499 hassam
1348 2442 1480 2512 (quo
1514 2440 1740 2494 nomine
1769 2436 2033 2506 Jacupem

450 2551 608 2608 agam
638 2534 916 2606 intelligit)
950 2535 1187 2605 primum
1239 2532 1491 2587 omnimn
1533 2531 1637 2586 hoc
1674 2529 1816 2586 bello
1870 2527 2038 2583 Cilia-

451 2643 584 2684 num
615 2643 807 2696 agrum
827 2626 1184 2698 populatione
1203 2623 1566 2679 deformasse.
1591 2621 1725 2678 Bani
1749 2621 2033 2691 proprium

451 2736 653 2778 nomen
680 2720 820 2790 apud
852 2735 975 2776 eum
997 2719 1217 2789 legitur.
1242 2717 1528 2772 Emericus
1560 2715 1903 2778 Drenzenus,
1927 2714 2038 2765 vir-

453 2813 539 2884 (ut
567 2813 686 2884 ipse
716 2811 942 2880 fatetur)
973 2825 1200 2867 summa:
1230 2818 1339 2863 tam
1368 2793 1677 2872 industriae,
1711 2821 1877 2875 quam
1904 2820 2036 2858 con-

455 2905 565 2962 silii
600 2905 732 2969 :qui
765 2902 1028 2960 suffectus
1059 2903 1311 2958 inlocqu
1342 2900 1572 2956 Joannis
1601 2898 1830 2954 Corvini
1877 2897 2034 2952 ducis

456 3012 488 3050 a
521 2995 796 3052 Vladislao
831 3010 960 3066 rege
987 2995 1188 3050 fuerat.
1217 2993 1442 3060 Habuit,
1482 3003 1709 3047 auctore
1759 2989 2031 3054 Bonﬁuio,

451 3105 637 3146 secum
675 3089 858 3144 Battus
879 3098 1090 3159 septem
1125 3089 1355 3142 militum
1389 3085 1767 3140 tantummodo
1816 3083 1982 3137 millia
2019 3099 2032 3136 :

450 3183 649 3250 reliqui
683 3184 905 3238 rusticae
925 3181 1099 3250 plebis
1125 3180 1440 3241 incondita,
1470 3193 1571 3233 nec
1604 3177 1772 3230 armis
1802 3183 2036 3230 assuetae

453 3275 774 3331 cohortibus
802 3274 1152 3331 constabant.
1196 3270 1412 3326 Accidit
1451 3269 1598 3324 aliud
1622 3269 1787 3322 etiam
1831 3267 2034 3321 malum

453 3367 601 3436 quod
627 3367 943 3422 Drenzenus
972 3377 1163 3419 contra
1190 3364 1522 3419 seuteutiam
1555 3361 1722 3415 animi
1783 3360 1868 3414 sui
1909 3373 2038 3414 coa-

454 3466 579 3514 ctus
608 3474 636 3511 a
667 3457 1007 3513 Bernardino
1024 3454 1405 3525 Frangepano,
1425 3453 1684 3525 pugnavit
1705 3472 1720 3510 :
1746 3453 1841 3524 qui
1859 3463 2039 3506 tamen

455 3569 487 3606 e
517 3551 708 3622 praelio
733 3551 861 3622 fuga
894 3567 951 3606 se
990 3551 1276 3606 subduxit.
1310 3548 1436 3604 Haec
1458 3548 1626 3621 466
1659 3547 1870 3604 scilicet
1919 3555 2040 3602 erat

455 3643 548 3700 illa
575 3654 688 3699 tum
717 3643 1016 3712 discordia,
1050 3651 1164 3698 tum
1204 3643 1350 3714 fuga,
1377 3657 1540 3714 quam
1588 3643 1818 3698 innuere
1846 3641 2040 3696 volunt

454 3738 718 3804 Annales,
743 3753 868 3793 cum
907 3738 1087 3802 aiunt,
1149 3735 1575 3809 ngarosipsos
1628 3737 1770 3792 inter
1837 3752 1896 3792 se
1925 3736 2044 3791 dis-

454 3829 781 3894 sentientes,
807 3830 1426 3900 fugisse.Bernarditms
1457 3840 1611 3901 pater
1657 3837 1778 3886 erat
1801 3827 2036 3884 Joannis
2083 3887 2088 3890 _

454 3919 602 3975 illius
629 3918 1000 3990 Frangepani,
1043 3937 1208 3991 quem
1246 3922 1534 3978 obsessum
1603 3919 1779 3977 fuisse
1839 3917 2034 3972 Brevia

453 4011 719 4067 diximus.
755 4012 954 4078 Filius,
980 4014 1062 4068 vir
1089 4012 1274 4078 fertis,
1299 4013 1472 4068 hostis
1497 4020 1678 4078 antea,
1701 4013 1785 4067 vel
1819 4009 2042 4067 rebellis

455 4103 664 4171 potius,
693 4103 796 4156 hac
821 4117 1005 4173 pugna
1049 4117 1226 4160 caesus
1253 4102 1533 4158 occubuit.

459 4245 584 4300 175.
627 4241 849 4298 Occasio
882 4250 932 4296 et
973 4257 1136 4296 causa
1188 4239 1313 4294 belli
1343 4237 1608 4308 Bajazitis
1660 4242 1909 4294 adversus
1939 4238 2042 4292 Ve-

532 4325 678 4369 netos
705 4315 759 4366 in
792 4312 1151 4374 Peloponneso
1171 4326 1190 4364 :
1217 4309 1510 4366 Ludovicus
1533 4308 1762 4363 Maurus
1792 4310 1902 4362 dua:
1927 4308 2040 4361 Me-

533 4384 858 4440 diolanensis
893 4385 1120 4438 Turcum
1148 4384 1202 4436 in
1242 4379 1463 4438 Venetos
1488 4381 1750 4436 concitat:
1771 4379 2042 4434 Inebechti

531 4476 562 4510 η
607 4456 796 4510 Turcis
835 4459 1070 4510 obsessa.

2139 610 2543 679 spectantibus,
2574 617 2630 665 et
2657 623 2761 666 usu
2783 621 2886 664 suo
2921 607 3081 662 tidem
3115 608 3298 661 datam
3323 604 3475 660 ﬂocci
3501 605 3735 671 faciam,

2139 715 2243 757 nec
2273 701 2444 756 ullum
2473 701 2879 772 promissorum
2931 697 3265 756 Christianis
3315 697 3584 754 factorum
3649 715 3712 754 ra

2143 800 2348 850 tionem
2387 795 2646 850 habeant.
2671 793 2883 850 Bellum
2914 793 3081 864 igitur
3108 792 3162 848 in
3219 807 3316 847 eos
3370 792 3617 856 molitur,
3686 805 3745 848 et

2142 897 2442 960 praetentus
2497 899 2667 943 causa
2721 871 2924 957 cupide
2992 885 3440 941 occasiunculam
3514 884 3742 954 arripit,

2141 980 2288 1050 quod
2343 977 2536 1035 Veneti
2599 979 2990 1050 protegendum
3054 977 3428 1047 suscepissent
3473 978 3738 1034 comitem

2142 1073 2409 1130 Joannem
2444 1072 2868 1128 Cernovichium
2897 1071 3298 1141 (Cernovitzios
3327 1069 3595 1126 dicendos
3641 1085 3727 1126 os-

2147 1165 2427 1220 tendimus
2450 1178 2639 1234 supra,
2672 1164 2855 1234 capite
2887 1165 2982 1242 46,
3009 1171 3066 1219 et
3102 1164 3249 1218 hunc.
3300 1163 3394 1217 alii
3435 1161 3728 1232 Georgium

2146 1258 2393 1322 vocant),
2429 1256 2625 1312 vicinae
2652 1255 2856 1312 Cstaro
2885 1256 3114 1313 ditionis
3137 1255 3402 1327 regulum,
3432 1255 3521 1310 cui
3563 1255 3740 1322 plera-

2146 1363 2253 1418 que
2280 1348 2556 1417 Bajazites
2587 1349 2889 1404 ademerat.
2923 1347 3029 1402 Sed
3088 1347 3194 1402 alia
3255 1360 3452 1414 reapse
3509 1345 3744 1400 suberat

2146 1456 2477 1512 causa,qu:e
2514 1456 2652 1510 pene
2677 1449 2886 1496 certam
2918 1440 2968 1496 ei
3001 1454 3154 1508 spem
3189 1438 3433 1494 faciebat
3477 1436 3742 1507 ejiciendi

2149 1533 2390 1590 Venetos
2420 1549 2452 1588 e
2484 1531 2667 1588 ﬂorea
2704 1533 2820 1588 sive
2848 1531 3251 1601 Peloponneso,
3280 1531 3336 1584 in
3395 1544 3505 1600 qua
3536 1529 3744 1584 multas

2062 1673 2064 1696 ί
2150 1637 2284 1677 sane
2311 1637 2538 1692 magnas
2561 1632 2618 1677 et
2651 1621 2893 1676 munitas
2927 1619 3092 1675 urbes
3155 1633 3421 1688 arcesque
3483 1619 3746 1687 posside—

452 1715 604 1775 ptum
638 1704 786 1776 apud
827 1706 977 1776 ipsos
999 1705 1179 1774 legere
1207 1704 1454 1769 memini,
1481 1703 1776 1758 Servioset
1798 1701 2011 1755 CitrOVa
2063 1701 2068 1733 ῖ

2151 1713 2304 1768 haut.
2333 1714 2545 1768 Etenim
2614 1713 2806 1771 Gallias
2849 1729 2942 1770 rex
3004 1713 3321 1770 Ludovicus
3371 1715 3744 1772 duodecimae

2151 1805 2488 1862 Ludovicum
2545 1806 2886 1876 Spliortiam,
2975 1816 3345 1877 cognomento
3406 1805 3744 1871 Maurum,a

2141 1898 2431 1967 nigredine
2476 1897 2681 1962 vultus,
2714 1898 2918 1954 ducatu
2950 1899 3345 1956 Mediolanensi
3370 1899 3741 1969 spoliaturus,

2143 2005 2304 2062 quem
2332 1989 2418 2045 sui
2444 1989 2586 2060 juris
2611 1989 2915 2055 asserebat,
2952 1989 3135 2048 foedus
3159 2000 3352 2046 contra
3413 1989 3733 2058 Spbortiam

2143 2098 2269 2138 cum
2302 2083 2582 2152 republica
2621 2080 2826 2138 Veneta
2894 2089 3246 2153 percusserat
3325 2081 3399 2136 Ea
3453 2081 3727 2138 Gallorum

2142 2191 2265 2231 cum
2305 2173 2524 2231 Venetis
2551 2173 2943 2243 conjunctione
2973 2173 3198 2230 territus
3253 2172 3540 2243 Spbortia,
3586 2175 3730 2244 lega-

2144 2275 2258 2320 tum
2290 2265 2359 2320 ad
2391 2264 2689 2335 Bajazitem
2741 2264 2934 2326 mittit.
2988 2265 3081 2334 qui
3138 2273 3256 2318 tum
3289 2263 3612 2320 muneribus
3661 2267 3738 2328 ei,

2143 2372 2256 2416 tum
2287 2363 2454 2416 variis
2476 2361 2790 2418 rationibus
2832 2359 3224 2430 persuaderet,
3284 2368 3344 2414 ut
3377 2358 3578 2414 bellum
3628 2357 3740 2414 Ve-

2141 2455 2285 2508 netis
2308 2453 2560 2509 inferret.
2600 2454 2817 2522 Quippe
2859 2452 3107 2508 futurum
3142 2452 3344 2519 aiebat,
3371 2453 3746 2522 utoccupatis

2140 2544 2331 2600 Italico
2359 2545 2505 2601 bello
2545 2544 2787 2608 Venetis,
2848 2544 2964 2614 ipse
3018 2544 3172 2599 nullo
3239 2545 3466 2614 negotio
3523 2545 3742 2601 Graecis

2143 2637 2373 2692 urbibus
2406 2647 2460 2690 et
2492 2637 2714 2699 castris,
2741 2642 2796 2693 et
2820 2635 3018 2692 insulis
3046 2650 3144 2691 eos
3193 2644 3444 2691 exueret.
3475 2635 3588 2691 Hac
3617 2636 3746 2690 ille-

2141 2737 2262 2784 ctus
2307 2743 2404 2797 spe
2435 2728 2725 2796 Bajazites,
2760 2743 2790 2782 a
2818 2742 2950 2797 pace
2985 2741 3108 2782 cum
3140 2725 3362 2782 Venetis
3393 2727 3604 2782 sancita
3623 2725 3747 2781 dis-

2141 2822 2329 2878 cessit.
2364 2821 2439 2875 Ac
2470 2819 2572 2874 fuit
2606 2820 2856 2890 profecto
2885 2819 3109 2874 noxium
3165 2817 3390 2874 Venetis
3449 2817 3503 2873 id
3557 2815 3741 2872 Mauri

2145 2915 2379 2977 facinus,
2411 2913 2503 2968 sed
2529 2914 2750 2969 tandem
2783 2913 2903 2967 haec
2937 2913 2991 2968 in
3025 2909 3399 2982 ipsum,quod
3421 2911 3529 2965 dici
3563 2910 3739 2974 solet,

2141 3019 2271 3059 eusa
2306 3002 2599 3072 fabajusto
2631 3001 2724 3057 Dei
2750 3003 2963 3070 judicio
2985 3003 3108 3058 fuit.
3141 3001 3278 3056 Nam
3305 3012 3359 3058 et
3385 3001 3734 3066 ambitionis,

2142 3105 2195 3149 et
2227 3094 2551 3164 iujuriarnm
2576 3095 2962 3164 multiplicium
2985 3111 3112 3166 erga
3125 3095 3392 3150 Joannem
3413 3094 3735 3151 Galeacium

2144 3185 2332 3244 fratris
2363 3187 2557 3252 tilium.
2592 3198 2648 3244 et
2691 3187 3036 3244 funestorum
3101 3189 3288 3260 patrire
3343 3188 3738 3252 consiliorum,

2145 3281 2346 3352 quibus
2367 3279 2553 3337 Gallos
2588 3281 2852 3337 adversus
2881 3280 3273 3350 Neapolitanos
3304 3295 3482 3350 reges,
3516 3280 3740 3335 Turcos

2145 3373 2414 3429 adversus
2450 3372 2690 3429 Venetos
2711 3375 3034 3438 commovit,
3065 3374 3295 3430 acerbas
3351 3373 3592 3443 denique
3614 3388 3738 3443 po:—

2149 3481 2249 3521 nas
2280 3465 2402 3520 luit.
2435 3465 2590 3532 Quod
2623 3465 2844 3534 quidem
2878 3465 2927 3519 ei
2957 3464 3178 3520 subtilis
3201 3473 3258 3518 et
3288 3462 3467 3532 arguti
3497 3463 3583 3517 vir
3649 3462 3740 3516 in-

2147 3558 2316 3628 genii,
2344 3557 2555 3628 legatus
2593 3555 2926 3612 Floreutinze
2955 3555 3297 3626 reipublicae,
3362 3553 3608 3610 futurum
3635 3555 3744 3608 ali-

2145 3646 2366 3716 quando
2392 3646 2736 3716 praedixerat.
2768 3644 2981 3716 Quippe
3015 3660 3140 3701 cum
3169 3645 3300 3701 huic
3327 3645 3394 3699 ad
3432 3659 3493 3700 se
3561 3645 3740 3700 misso

2145 3753 2279 3794 suos
2309 3747 2627 3809 arroganter
2651 3747 2985 3804 ostentaret,
3017 3739 3100 3793 uti
3132 3739 3460 3808 plerumque
3521 3736 3733 3793 solebas

2147 3837 2200 3884 et
2227 3844 2382 3900 opes,
2415 3840 2467 3884 ct
2519 3831 2722 3900 ingenii
2777 3832 2964 3888 vires:
3015 3831 3160 3886 inter
3225 3829 3327 3885 alia
3389 3832 3625 3900 quodam
3668 3829 3721 3881 in

2145 3922 2388 3976 conclavi
2412 3921 2688 3991 depictum
2713 3925 2759 3978 ei
2793 3933 3066 3978 monstrat
3092 3923 3455 3980 simulacrum
3481 3922 3730 3977 inulieris

2148 4014 2350 4068 amictu
2383 4014 2752 4084 pulcherrimo
2785 4017 3018 4092 vestitas,
3055 4016 3110 4070 in
3164 4031 3277 4086 quo
3327 4031 3591 4086 expressa
3633 4014 3734 4069 mi-

2147 4106 2304 4161 rilico
2329 4105 2566 4160 artilicio
2623 4116 2736 4160 tota
2781 4105 3229 4175 conspiciebatur
3282 4107 3458 4161 Italia.
3501 4105 3739 4176 Propter

2149 4197 2290 4252 hanc
2318 4196 2600 4251 mulierem
2635 4197 2851 4252 astabat
2877 4195 3134 4267 Ethiops
3166 4213 3292 4254 cum
3326 4199 3599 4268 peniculo,
3626 4213 3742 4267 quo

2150 4305 2210 4344 se
2245 4291 2417 4357 ipsum
2438 4289 2671 4344 innuere
2705 4291 2948 4356 volebat,
2980 4291 3075 4360 qui
3105 4300 3164 4366 et
3212 4290 3435 4346 Maurus
3457 4293 3622 4362 vulgo
3647 4297 3734 4348 vel

2151 4381 2404 4451 Ethiops
2430 4382 2664 4448 audiret,
2695 4392 2748 4438 ct
2796 4383 3184 4439 emblematum
3235 4384 3354 4438 loco
3415 4385 3620 4438 soleret
3657 4388 3736 4440 uti

2150 4475 2233 4528 Vel
2273 4474 2548 4542 peniculo,
2571 4490 2695 4529 cum
2737 4476 3102 4545 inscriptione
3151 4475 3368 4540 Latina,
3397 4485 3445 4530 et
3479 4479 3665 4532 merito
3681 4491 3735 4532 et

527 4573 845 4643 Naupactus
873 4570 1094 4627 Achaiae
1122 4571 1396 4626 maritima
1417 4571 1614 4626 civitas
1644 4575 1749 4632 est,
1777 4567 2040 4636 Opinione
2074 4555 2118 4611 Ι)
2152 4577 2407 4638 tempore,
2436 4569 2520 4623 vel
2559 4572 2875 4624 ramusculo
2902 4579 3009 4623 tres
3068 4570 3541 4639 complexorosas,
3599 4585 3729 4625 eum

455 4666 848 4734 quorumdam,
901 4663 1121 4719 Aitolire
1180 4663 1347 4717 Leoni
1399 4663 1660 4730 Augusw.
1729 4660 1798 4714 ad
1853 4661 2036 4714 sinum

456 4759 734 4826 quondam
753 4756 1174 4813 Corinthiacum
1209 4765 1462 4809 vocatum
1490 4756 1614 4808 sita.
1643 4751 1840 4809 Nautis
1872 4751 2039 4821 vulgo

451 4848 566 4914 jam
631 4847 878 4915 Lepanto
938 4847 1162 4912 dicitur,
1205 4844 1483 4900 Iuebecbti
1541 4842 1757 4907 Turcis,
1809 4842 1950 4911 quod
2009 4855 2039 4894 a

453 4935 708 5004 Nepauto
735 4937 891 4992 Marii
920 4937 1070 5008 Nigri
1099 4953 1209 4993 non
1237 4937 1452 5008 procul
1505 4937 1712 4992 recedit
1743 4951 1756 4989 :
1807 4934 2036 4999 Achaia,

455 5025 682 5082 Livadia
717 5029 977 5100 :Aﬁtglia,
1009 5033 1338 5101 Despotatus
1374 5050 1387 5086 :
1425 5030 1582 5086 sinus
1629 5027 2040 5094 Corinthiacus,

455 5122 650 5190 Colpo,
681 5123 795 5179 sive
831 5125 989 5181 Golfo
1030 5127 1083 5180 di
1110 5125 1374 5195 Lepanto.
1425 5126 1562 5180 Erat
1615 5124 1724 5179 hoc
1768 5131 2038 5192 tempore,

456 5217 722 5272 nimirqu
759 5234 909 5274 anno
935 5219 1259 5274 Christiano
1302 5219 1464 5294 1498,
1515 5216 1832 5287 Naupactus
1859 5215 1912 5269 in
1945 5229 2040 5284 po-

455 5317 655 5363 testate
679 5309 1007 5366 Venetorum
1035 5326 1066 5364 a
1088 5311 1178 5372 70,
1203 5311 1326 5380 plus
1345 5312 1550 5388 minus,
1572 5309 1734 5364 annis
1752 5325 1768 5364 ι
1787 5307 1878 5376 qui
1905 5305 2040 5360 mis-

453 5417 518 5458 so
546 5401 612 5454 ad
641 5403 937 5472 Bajazitem
980 5401 1200 5456 Andrea
1241 5401 1510 5466 Zantano,
1557 5401 1736 5471 legato
1788 5414 1911 5462 suo,
1946 5413 2038 5466 pa-

455 5507 576 5547 cem
607 5494 658 5546 iu
689 5509 874 5550 anuos
898 5494 970 5548 25
1009 5509 1133 5550 eum
1185 5508 1251 5548 eo
1315 5493 1579 5555 fecerant,
1632 5491 1796 5561 cujus
1853 5490 2037 5544 tabula

455 5579 725 5646 Bajazites
755 5583 1032 5652 scriptura
1071 5599 1266 5638 manus
1287 5599 1426 5646 suae,
1484 5599 1581 5651 pro
1624 5597 1776 5637 more
1836 5581 2039 5636 contir-

461 5679 656 5725 marat.
690 5671 1061 5728 Nihilominus
1087 5675 1172 5726 vix
1203 5673 1477 5741 appellere
1537 5671 1798 5727 Venetias
1824 5670 2036 5739 legatus

463 5767 659 5826 potuit,
694 5778 817 5815 cum
844 5764 1029 5818 datam
1066 5765 1288 5817 Venetis
1317 5765 1475 5816 tidem
1523 5764 1792 5832 Bajazites
1835 5764 2022 5818 violat.

461 5853 675 5922 Quippe
697 5852 803 5907 sibi
827 5854 942 5923 lege
973 5870 1067 5908 sua
1129 5853 1515 5910 Mahumctana
1578 5855 1820 5922 permitti
1845 5858 2034 5911 volunt

2149 4662 2506 4729 inscriptione
2533 4661 2856 4717 Germanica
2871 4663 2962 4714 mit
2981 4661 3113 4726 Zelt,
3133 4663 3182 4716 id
3202 4673 3304 4727 est,
3334 4679 3449 4716 cum
3477 4672 3737 4728 tempore.

2150 4753 2281 4821 Qum
2321 4754 2540 4822 quidem
2584 4755 2760 4822 ipsius
2779 4754 3106 4809 emblemata
3137 4755 3729 4830 symbolaquepassim

2151 4849 2204 4902 in
2237 4849 2538 4917 parietibus
2562 4857 2618 4903 et
2658 4849 2846 4902 aulmis
2872 4848 3188 4914 Mediolani,
3225 4847 3426 4911 Ticini,
3471 4848 3733 4914 Taurini,

2151 4941 2288 5010 apud
2322 4939 2703 4994 doctissimum
2743 4951 2795 4994 et
2824 4941 3096 4995 illustrem
3119 4941 3239 5010 ejus
3270 4943 3422 4996 urbis
3456 4942 3733 5012 archiepi-

2150 5046 2398 5102 scopum,
2434 5031 2827 5102 Hieronymum
2865 5034 3194 5092 llovereum.
3219 5043 3276 5089 et
3309 5035 3434 5088 aliis
3475 5035 3528 5089 in
3589 5036 3730 5090 locis

2151 5127 2334 5182 videre
2361 5126 2605 5181 memini.
2638 5127 2768 5186 Erat
2823 5127 2910 5181 hic
2965 5125 3220 5196 Aithiops
3280 5125 3360 5180 ira
3417 5128 3616 5196 pii-tus.
3671 5141 3728 5182 ut

2149 5213 2405 5284 peniculo
2433 5214 2726 5270 mulierisc
2760 5227 2910 5270 veste
2965 5216 3243 5283 pulverem
3286 5229 3412 5268 cum
3464 5217 3731 5270 sordibus

2150 5309 2272 5363 aliis
2303 5316 2629 5378 extergeret.
2659 5308 2732 5361 Ea
2755 5308 2968 5377 pictura
3007 5309 3188 5377 legato
3214 5320 3545 5368 monstrata.
3586 5310 3724 5378 quid

2150 5401 2252 5470 ipsi
2285 5401 2351 5456 de
2381 5400 2481 5454 hac
2509 5400 2812 5464 videretur,
2847 5400 3172 5460 interrogat.
3212 5399 3352 5466 Tum
3379 5402 3422 5455 is
3458 5419 3470 5454 :
3498 5401 3558 5457 Ut
3589 5403 3726 5456 mihi

2147 5493 2370 5563 quidem
2404 5493 2640 5555 videtur,
2673 5491 2870 5560 inquit,
2899 5491 2989 5545 hic
3015 5489 3272 5559 .‘Ellsitlps
3311 5493 3730 5556 pulveri-mom-

2149 5602 2272 5640 nem
2300 5585 2431 5642 inse
2461 5585 2642 5654 ipsum
2678 5585 2981 5638 converrit.
3019 5583 3174 5650 Quod
3210 5585 3446 5638 Immiuis
3485 5587 3633 5639 acuti
3659 5587 3729 5640 de

2149 5677 2428 5732 Ludovico
2454 5675 2644 5730 Mauro
2690 5676 3010 5732 Vaticinium
3053 5676 3312 5745 deinceps
3361 5687 3560 5730 eventu
3583 5693 3724 5731 com-

2149 5770 2432 5840 probatum
2470 5768 2590 5823 fuit.
