4018 6434
266 404 374 470 853

1408 414 1811 479 PANDECTE
1844 418 2043 483 HIST.
2089 421 2398 486 TURCIC.

3425 432 3550 496 854³

267 527 384 583 176.
431 526 813 618 ίζξςιιξςψςὲιεξςγ
853 533 1053 614 frustra
1115 533 1313 618 ‘Veneti
1339 555 1670 618 ἐπες-κτητο
1728 547 1924 607 currth
1951 544 2154 616 Tangri
2188 546 2402 602 Vereris
2422 559 2520 616 per
2544 546 2803 602 virtutem
2834 547 3058 606 Sinanis
3090 550 3290 618 basste,
3313 551 3531 609 bebler-

429 596 602 652 Gallis
642 609 691 652 et
724 596 976 669 Hispanis
1004 605 1374 674 coufmderatis
1415 612 1679 665 nituntur.

331 713 463 780 ρυω
489 715 559 771 de
583 717 794 774 infelici
853 731 1058 778 conatu
1102 725 1420 780 removendi
1472 726 1729 796 Bajazitis
1777 729 1845 783 ab

263 808 554 864 obsidione
585 809 852 883 Naupacti
879 826 1106 872 narrant
1139 819 1397 886 Annales,
1431 822 1596 891 paulo
1648 821 1848 877 diluci-

275 902 384 956 dius
419 902 510 958 his
545 901 657 959 fere
693 907 879 964 verbis
914 909 1308 980 Spanduginus
1342 918 1599 985 exposuit
1686 919 1845 973 Anno

269 993 465 1062 inquit,
522 996 822 1053 millesimo
883 1001 1434 1072 quadringentesimo
1488 1008 1847 1078 nonagesimo

265 1101 432 1153 nono,
469 1087 852 1149 Ferdinandux
890 1110 983 1149 rex
1006 1095 1284 1167 Hispanus
1309 1104 1593 1170 occupatis
1627 1101 1844 1170 Naupa‘

263 1186 369 1238 rtio
397 1185 546 1238 bello
572 1185 814 1254 Venetis,
844 1203 907 1242 ex
935 1189 1050 1262 lege
1077 1190 1298 1248 foederis
1360 1196 1601 1262 subsidia
1655 1199 1841 1265 misit;

202 1278 221 1299 '
264 1278 531 1347 auspiciis
553 1279 810 1336 Consalvi
844 1284 952 1348 sui,
983 1301 1148 1354 quem
1206 1286 1459 1355 Magnum
1489 1291 1841 1357 capitaneum

265 1371 556 1424 vocabant.
588 1370 638 1427 Is
655 1373 954 1444 adiuuetus
976 1379 1140 1432 classi
1167 1378 1410 1441 Venetae,
1429 1381 1841 1451 Cephalleniam

264 1462 502 1517 insulam
520 1462 714 1521 Turcis
741 1477 980 1535 ereptam
1016 1475 1380 1540 recuperavit,
1413 1488 1535 1528 cum
1558 1475 1614 1528 S.
1659 1475 1843 1530 Maura

265 1556 408 1625 quod
446 1559 707 1627 oppidum
749 1559 802 1614 in
834 1561 1012 1616 insula
1050 1567 1398 1632 cognomine,
1456 1567 1641 1637 (prisci
1701 1568 1845 1622 Leu-

266 1652 453 1723 cadem
493 1654 783 1724 vocarunt)
815 1670 924 1709 non
969 1659 1160 1726 procul
1193 1657 1523 1729 aNaupacto
1555 1662 1848 1725 Patrisque

265 1742 428 1813 567
448 1744 638 1808 situm,
672 1746 740 1800 ab
760 1750 1003 1818 Augusto
1036 1760 1158 1818 post
1188 1752 1469 1806 Actiacam
1537 1754 1843 1822 victoriam,

268 1835 542 1904 Nicopolis
564 1840 772 1895 dictum
796 1840 916 1895 fuit.
949 1844 1194 1899 Adaucta
1219 1861 1440 1916 quoque
1466 1855 1595 1902 tunc
1639 1847 1841 1903 Veneta

1952 637 2069 706 begi
2101 637 2227 700 mei,
2265 639 2669 710 violentamque
2701 641 3087 710 genizarornm
3144 655 3391 699 meorum
3431 660 3527 699 ex-

1949 733 2359 803 pugnationem,
2393 735 2686 789 concessit.
2713 733 2928 800 Quibus
2957 735 3010 791 in
3045 738 3230 792 verbis
3272 737 3363 791 illa
3383 738 3529 792 Tur-

1949 827 2087 891 cica,
2109 826 2309 898 Tangri
2336 827 2574 892 Vereris,
2604 837 2700 883 aut
2725 827 2944 886 V‘erersi
2974 831 3177 900 potius,
3202 829 3369 886 Deum
3397 846 3528 902 pro-

1951 919 2143 991 pitium
2193 921 2522 991 significant.
2567 920 2736 976 Sinan
2793 935 2923 978 vero
2975 923 3157 990 bassa,
3216 923 3375 992 cujus
3437 925 3528 980 bic

1949 1012 2153 1066 mentio
2184 1013 2263 1076 lit,
2308 1013 2469 1069 initio
2519 1015 2816 1084 expugnati
2869 1013 3018 1069 Gairi
3052 1015 3223 1069 ductu
3277 1015 3525 1080 Selimis‘,

1949 1103 2201 1176 Bajazitis
2236 1105 2353 1170 lilii,
2385 1121 2560 1161 caesus
2586 1120 2614 1160 a
2666 1105 2988 1162 Mamelucis
3037 1107 3331 1172 occubuit,
3389 1116 3446 1162 ut
3473 1109 3528 1162 in

1947 1197 2251 1252 Annalibus
2289 1212 2390 1252 suo
2422 1199 2544 1253 loco
2573 1205 2855 1269 sequetur.

1951 1311 2070 1365 {78.
2094 1308 2403 1385 Milylitrsn
2417 1312 2641 1385 Venetis,
2660 1323 2706 1366 et
2729 1313 3118 1385 confit-demtis,
3141 1315 3292 1368 irrito
3310 1324 3527 1385 conatu,

2023 1391 2244 1436 tentata.
2282 1381 2516 1452 Philippi
2552 1382 2840 1437 Raveitnm'
2877 1384 3045 1454 regali
3093 1386 3454 1456 naufragium.

2020 1473 2259 1528 Annales
2292 1475 2510 1529 Turcici
2545 1477 2811 1530 duntaxat
2840 1475 3260 1546 llispanicorum
3290 1479 3526 1534 auxilio-

1948 1582 2070 1622 rum
2107 1567 2425 1630 meminere,
2455 1581 2578 1635 utne
2613 1567 2826 1622 scilicet
2870 1581 2899 1620 a
2933 1567 3280 1624 Fcrdinando
3316 1571 3526 1642 Arago-

1951 1677 2078 1714 num
2109 1669 2164 1713 ct
2193 1659 2445 1715 Castellm
2487 1675 2635 1728 rege,
2673 1660 2860 1714 Karuli
2894 1659 2932 1713 V
2987 1660 3226 1718 Caesaris
3261 1678 3364 1717 avo
3415 1679 3531 1717 ma-

1950 1763 2126 1815 terno,
2182 1754 2526 1823 suppeditata
2565 1753 2718 1808 fuere
2749 1752 2994 1820 Venetis,
3048 1755 3186 1810 duce
3218 1757 3527 1821 Consalvo,

1950 1847 2017 1901 dc
2042 1862 2152 1915 quo
2176 1846 2432 1900 diximus.
2460 1845 2568 1901 Sed
2601 1855 2823 1902 constat
2854 1848 2957 1903 hoc
3013 1849 3176 1903 etiam
3213 1849 3357 1904 bello
3395 1850 3526 1904 Gal-

273 1929 466 1983 classis
490 1929 580 1984 fuit
607 1931 968 1989 auxiliaribus
995 1937 1684 2006 navigiisaconfmderato
1714 1957 1841 2010 rege
1879 1923 1917 1976 Β
1951 1941 2052 1994 lica
2111 1938 2332 1993 Venetis
2382 1955 2411 1993 a
2474 1955 2598 2009 rege
2648 1941 2931 1996 Ludovico
2977 1943 3193 1999 venisse
3259 1944 3529 2009 subsidia,

273 2019 599 2076 Francorum
631 2023 909 2080 Ludovico
941 2025 1037 2082 ΧΠ
1067 2029 1236 2085 ductu
1290 2033 1462 2102 reguli
1522 2031 1842 2096 Ravestani,

266 2115 497 2184 Philippi
527 2117 820 2184 Clivensis,
854 2123 946 2188 qui
972 2119 1215 2176 Genuam
1251 2139 1350 2192 pro
1390 2139 1517 2196 rege
1550 2135 1683 2180 tunc
1743 2128 1842 2181 ad-

264 2209 632 2264 ministrabat.
678 2212 726 2266 Is
761 2213 949 2282 pra:lio
976 2229 1100 2267 cum
1127 2213 1321 2270 Turcis
1344 2231 1840 2285 congressus,cum

265 2299 599 2356 Venetorum
621 2304 875 2360 triremes
906 2305 1114 2359 nullum
1147 2308 1380 2378 navigiis
1399 2309 1517 2364 suis
1537 2310 1680 2366 ferre
1713 2312 1841 2366 sub-

267 2394 458 2448 sidium
518 2395 791 2478 vidisset:
858 2399 1195 2468 indignatus,
1227 2403 1340 2454 vela
1376 2403 1550 2458 ventis
1601 2403 1843 2468 dedit,et

264 2488 383 2543 inde
419 2488 739 2556 discedens,
760 2489 1060 2548 Massiliam
1092 2511 1345 2550 reversus
1369 2510 1471 2550 eSt.
1505 2497 1632 2551 Erat
1657 2511 1838 2551 autent

263 2575 477 2633 Venetae
508 2581 704 2636 classis
737 2583 1037 2652 imperator
1067 2588 1341 2642 Antonius
1364 2587 1682 2651 Grimanus,
1747 2589 1840 2658 qui

264 2681 572 2742 propterea,
605 2674 750 2742 quod
786 2678 1393 2746 pugnantiRavestano
1435 2697 1547 2735 non
1619 2697 1844 2737 succur-

263 2773 426 2827 rerat,
462 2775 513 2816 et
535 2765 777 2834 alioquin
806 2768 970 2823 etiam
1003 2785 1062 2824 se
1093 2785 1334 2840 gesserat
1359 2774 1621 2839 segniter,
1650 2772 1843 2829 ferreis

261 2857 310 2908 in
341 2857 704 2925 compedibus
735 2856 992 2916 Venetias
1020 2863 1226 2917 missus
1263 2864 1385 2919 fuit.
1415 2865 1601 2919 Nihilo
1659 2875 1838 2922 tamen

261 2948 437 3000 minus
470 2946 612 3002 idem
649 2962 834 3018 p05tea
863 2950 1021 3008 ducis
1048 2955 1370 3025 dignitatem
1394 2957 1659 3012 obtinuit.

262 3062 379 3117 l77.
424 3064 668 3119 Methone
728 3065 1349 3191 Coroueque‘Bajnzitis
1413 3074 1466 3126 in
1524 3082 1838 3141 potestatem

947 3155 1039 3191 ven
1069 3149 1181 3191 unt.

947 3149 1181 3193 veniunt.

327 3224 547 3284 Nobiles
569 3228 624 3283 in
652 3228 842 3298 primis
870 3229 1228 3301 Peloponnesi
1261 3243 1389 3289 sunt
1422 3237 1585 3291 urbes
1623 3237 1678 3290 in
1701 3237 1836 3292 Mes-
1871 3259 1912 3317 ε

263 3321 406 3375 senia
452 3323 760 3388 maritimae,
816 3322 1068 3380 Mothone
1125 3335 1179 3380 et
1223 3327 1459 3393 Corone,
1508 3344 1630 3399 quae
1679 3331 1840 3399 vulgo

268 3429 408 3469 nunc
441 3415 634 3470 Modon
667 3426 721 3470 et
753 3416 934 3472 Coron
984 3420 1356 3488 appellantur.
1392 3421 1694 3491 Utramque
1726 3437 1836 3476 non

278 3499 392 3552 sine
435 3503 674 3568 periculo
711 3505 972 3562 vidimus.
1029 3508 1337 3563 Methonem
1391 3511 1704 3566 Nicolaides
1742 3528 1840 3582 per

284 3603 510 3646 errorem
558 3597 779 3664 scripsit
816 3599 946 3652 olim
1006 3600 1210 3655 dictam
1271 3601 1442 3658 fuisse
1480 3603 1836 3660 Mantineam.

281 3678 479 3750 Quippe
501 3697 644 3744 vetus
681 3689 943 3746 Methonae
978 3708 1178 3748 nomen
1209 3704 1314 3758 est,
1349 3705 1403 3750 ct
1433 3697 1552 3766 ipsa
1584 3698 1782 3754 civitas
1806 3714 1835 3752 a

268 3772 462 3844 duplici
500 3777 792 3843 Mantinea,
825 3791 934 3835 tam
974 3785 1132 3840 sinus
1181 3784 1444 3857 Argolici,
1480 3789 1650 3857 (nunc
1683 3789 1838 3844 Man-

260 3865 437 3933 digna)
461 3885 627 3936 quam
676 3871 923 3927 Arcadia
956 3876 1122 3943 (nunc
1165 3874 1369 3947 Mandi)
1404 3879 1561 3948 longe
1595 3881 1834 3939 diversa.

254 3957 449 4014 Leonis
484 3962 711 4029 Augusti
753 3964 974 4020 Novella
1015 3967 1084 4023 de
1138 3967 1399 4033 Thronis,
1438 3971 1727 4029 Mothonen
1783 3986 1838 4030 et

249 4052 501 4108 COronmt
543 4057 672 4110 facit
699 4058 1066 4127 episcopatus,
1101 4076 1305 4131 eosque
1340 4062 1588 4120 Patrensi
1634 4076 1838 4121 metro-

247 4147 495 4214 politano
543 4149 597 4202 in
633 4147 1013 4218 Peloponneso
1067 4154 1312 4224 subjicit.
1345 4155 1616 4212 Castorum
1671 4162 1836 4229 paulo

243 4237 402 4293 aliter
429 4256 457 4292 a
483 4238 648 4296 Jovio
672 4254 925 4297 narratur
948 4260 976 4298 a
1013 4245 1212 4301 Turcis
1244 4261 1511 4318 occupata
1547 4251 1828 4318 Methone,

241 4349 404 4402 quam
437 4335 531 4387 hic
558 4337 612 4387 in
643 4337 974 4392 Annalibus.
1022 4339 1236 4409 Quippe
1271 4345 1438 4397 tradit
1473 4360 1592 4399 cam
1622 4348 1834 4403 incuria

240 4427 718 4494 pra'sidiariorum
750 4431 801 4482 in
855 4431 1032 4486 hostis
1066 4441 1393 4502 potestatem
1439 4437 1676 4502 venisse,
1740 4441 1833 4509 qui

235 4533 468 4573 rumore
502 4521 568 4574 de
596 4521 864 4578 subsidiis
884 4531 1125 4592 quatuor
1148 4535 1244 4579 aut
1275 4542 1366 4581 sex
1391 4529 1712 4588 triremibus
1740 4535 1834 4586 ad-

235 4613 414 4667 vectis
452 4627 554 4681 per
597 4612 790 4667 urbem
828 4613 1024 4676 didito.
1081 4617 1293 4673 relictis
1326 4621 1665 4677 stationibus
1720 4625 1837 4678 suis
1875 4601 1916 4656 θ

230 4705 296 4757 ad
320 4714 558 4774 portum
587 4707 992 4761 concurrerint.
1018 4708 1075 4761 ld
1096 4723 1226 4762 vero
1251 4712 1605 4778 conspicatos
1628 4714 1837 4781 hostes,

228 4811 326 4865 spe
368 4796 581 4866 praedae
611 4809 943 4864 commotos,
997 4802 1294 4858 accedente
1342 4801 1598 4873 Bajazitis
1632 4807 1834 4862 incita-

227 4895 412 4957 tione,
449 4905 578 4944 cum
616 4891 781 4946 variis
823 4893 1172 4962 praemiorum
1213 4898 1526 4964 promissis,
1563 4897 1616 4952 in
1648 4901 1839 4954 urbem

230 4988 616 5051 desertasque
673 4985 938 5040 stationes
982 4986 1274 5056 irrupisse,
1335 4998 1665 5060 captamque
1700 4992 1838 5046 diri-

230 5080 457 5149 puisse.
507 5076 662 5142 Quod
718 5077 919 5132 deinde
975 5079 1295 5149 subjicitur,
1347 5097 1373 5134 a
1417 5082 1612 5138 Turris
1651 5101 1840 5150 preces

230 5175 285 5228 in
344 5173 499 5228 urbe
529 5181 686 5239 capta
720 5170 893 5225 fuisse
934 5182 1253 5244 conceptas,
1303 5190 1424 5242 qua:
1466 5176 1549 5229 die
1611 5174 1839 5232 Veneris

229 5263 436 5320 haberi
486 5262 700 5316 soleant
733 5305 747 5329 ,
809 5260 897 5317 his
935 5276 962 5314 a
1014 5261 1374 5332 Spandugino
1418 5265 1601 5318 verbis
1647 5265 1836 5320 itidem

229 5362 534 5416 narratur,
584 5368 704 5422 qua:
739 5351 950 5407 reddita
1007 5352 1182 5407 lubuit
1243 5352 1508 5406 inserere.
1563 5350 1839 5407 Memoria:

233 5447 535 5517 proditum
572 5453 676 5508 est,
713 5445 915 5514 inquit,
944 5443 1216 5514 postridie
1249 5458 1414 5512 quam
1461 5453 1617 5512 capta
1643 5443 1840 5499 fuisset

232 5538 530 5599 Methone,
554 5535 844 5606 Bajazitem
879 5538 1106 5589 omnino
1126 5534 1363 5590 voluisse
1405 5535 1594 5588 urbem
1629 5535 1836 5604 ingredi

231 5633 303 5686 ad
331 5630 590 5700 agendas
632 5629 745 5682 Deo
779 5629 985 5700 gratias
1010 5629 1064 5682 in
1096 5630 1217 5698 ipso
1234 5627 1672 5682 Christianorum
1701 5637 1840 5682 tem-

232 5723 352 5792 plo.
383 5719 770 5789 Cumquejam
799 5720 1140 5788 pervenisset
1169 5721 1222 5772 iu
1249 5729 1493 5789 pontem,
1519 5733 1628 5789 quo
1657 5727 1838 5774 trans-

233 5815 452 5870 eunda:
497 5814 650 5869 urbis
685 5821 839 5868 erant
912 5798 1519 5881 fossae,‘conspicatum
1563 5811 1834 5864 fossarum

235 5908 626 5973 altitudinem,
657 5907 864 5962 dixisse
899 5925 912 5962 ;
938 5904 1071 5960 Tam
1099 5904 1365 5960 munitam
1396 5904 1671 5960 civitatem
1701 5905 1834 5959 mihi

1947 2031 2088 2086 duce
2126 2029 2382 2100 Philippo
2445 2032 2636 2101 regulo
2693 2032 3032 2096 Ravestano,
3069 2033 3411 2089 Clivcnsium
3475 2035 3543 2090 iu-

1945 2120 2242 2174 Gcrmania
2279 2121 2590 2190 principum
2626 2121 2836 2175 familia
2879 2132 3026 2188 nato,
3052 2125 3144 2192 qui
3176 2124 3277 2180 hac
3301 2124 3530 2194 expedio

1949 2212 2100 2265 tione
2155 2227 2345 2266 secum
2394 2213 2704 2267 adduxerat
2756 2213 3000 2270 Albaniae
3044 2216 3237 2271 ducem
3283 2217 3530 2283 Scotum,

1945 2319 2104 2372 quem
2161 2303 2474 2372 Albignium
2514 2304 2596 2359 vel
2628 2304 2918 2376 Obignium
2949 2307 3192 2362 historia:
3218 2317 3440 2372 vocant,
3473 2317 3530 2364 et.

1946 2394 2213 2450 Infantem
2247 2393 2624 2452 Navarreuum
2661 2397 2764 2468 (sic
2799 2397 3045 2468 Hispano
3075 2414 3234 2474 more
3260 2401 3533 2454 secundo-

1945 2489 2109 2559 geniti
2129 2504 2315 2557 regum
2349 2489 2446 2544 lilii
2474 2493 2875 2560 nominantur),
2908 2507 3034 2547 cum
3070 2507 3268 2561 magno
3297 2493 3528 2546 aliorum

1945 2581 2214 2635 nobilium
2261 2598 2293 2636 e
2333 2582 2508 2638 Gallia
2549 2600 2800 2640 numero.
2844 2585 2980 2641 Tota
3019 2586 3215 2641 classis
3247 2587 3529 2641 hominum

1946 2674 2086 2728 bello
2120 2675 2440 2730 idoneorum
2481 2678 2547 2730 ad
2610 2677 2785 2734 lOOOO
2840 2680 3187 2743 continebat,
3239 2691 3296 2733 ut
3351 2678 3532 2748 Span-

1943 2766 2183 2836 duginus
2216 2768 2404 2824 refert.
2433 2769 2513 2822 Ab
2570 2770 2656 2825 his
2690 2772 2915 2826 obsessa
2945 2771 3049 2826 fuit
3080 2774 3212 2828 urbs
3242 2770 3401 2826 Lesbi
3427 2770 3531 2825 Mi-

1944 2860 2136 2928 tyline,
2175 2862 2465 2931 captisque
2496 2864 2779 2919 suburbiis
2803 2851 3102 2934 oppugnati
3148 2865 3450 2920 terribilem
3474 2865 3528 2917 in

1945 2949 2165 3004 modum
2237 2953 2402 3015 muri,
2453 2953 2547 3008 sed
2601 2953 2826 3009 frustra.
2866 2956 3108 3024 Regulus
3161 2957 3527 3020 Ravestanus,

1943 3053 2232 3113 postquam
2272 3045 2563 3100 obsidione
2620 3047 2798 3102 soluta
2857 3047 3160 3102 discessum
3195 3063 3259 3102 ex
3322 3049 3526 3114 insula,

1942 3133 2197 3202 Magnum
2227 3135 2400 3190 llhodi
2442 3136 2762 3207 Magistrum
2797 3154 2921 3193 cum
2952 3141 3023 3195 ‘29
3057 3142 3288 3211 navigiis
3327 3157 3528 3213 exspe-

1944 3239 2099 3282 ctare
2131 3230 2349 3293 nolens,
2370 3230 2716 3300 naufragium
2745 3243 2967 3302 propter
2993 3235 3229 3288 insulam
3248 3235 3531 3305 Cerignm,

1943 3335 2106 3389 quam
2171 3331 2384 3376 veteres
2436 3323 2728 3392 Cytheram
2785 3325 2994 3391 dixere,
3053 3327 3219 3381 fecit:
3283 3331 3533 3399 adeoque

1942 3411 2100 3479 pauci
2158 3429 2222 3465 ex
2285 3413 2353 3466 iis
2393 3414 2486 3481 qui
2520 3415 2753 3470 navibus
2785 3416 2940 3472 hisce
2976 3417 3339 3483 vehebantur,
3377 3420 3530 3475 inco-

1945 3505 2121 3558 luntcs
2161 3516 2479 3560 evaserunt.
2530 3507 2610 3560 Ad
2651 3523 2711 3562 ea
2740 3524 2860 3577 quae
2917 3510 3140 3564 tradunt
3191 3512 3430 3568 Annales
3462 3513 3530 3566 de

1940 3596 2202 3667 placatoa
2238 3595 2484 3657 Venetis,
2525 3598 2886 3668 impetranda:
2920 3601 3071 3668 pacis
3109 3616 3300 3666 causa,
3336 3619 3528 3659 mune.

1941 3689 2093 3744 ribus
2111 3686 2367 3756 Bajazitis
2389 3690 2595 3756 animo,
2650 3690 2983 3756 addendum,
3008 3707 3104 3747 eos
3135 3709 3232 3761 per
3255 3695 3526 3750 Andream

1939 3783 2205 3847 Grittum,
2225 3792 2347 3853 post
2372 3784 2482 3837 haec
2512 3783 2756 3852 ipsorum
2780 3783 3000 3848 ducem,
3024 3785 3253 3852 Bajaziti
3280 3787 3336 3840 S.
3376 3786 3495 3840 Mau
3514 3817 3527 3827 -

1943 3891 2056 3930 ram
2083 3891 2301 3946 quoque
2333 3875 2662 3942 restituisse,
2698 3875 2878 3930 locum
2913 3877 3186 3948 hodieque
3207 3878 3520 3934 Turcornm

1943 3967 1997 4021 in
2035 3977 2314 4036 potestate
2331 3966 2722 4033 constitutum,
2758 3967 3029 4038 longeque
3061 3970 3523 4025 munitissimum.

1945 4059 2258 4116 Leucadem
2295 4059 2383 4114 alii
2419 4061 2617 4131 priscis
2646 4061 2848 4116 dictam
2880 4061 3097 4129 volunt,
3129 4061 3219 4117 alii
3253 4061 3522 4118 Net-itum.

1941 4155 2282 4210 Sententiam
2312 4154 2557 4222 priorum
2585 4170 2650 4208 ex
2679 4163 2916 4226 praetore
2941 4152 3165 4212 Graeciae
3196 4166 3387 4212 nostro
3405 4173 3530 4228 pro--

1943 4247 2075 4302 bare
2107 4247 2320 4317 liquido
2357 4246 2508 4300 licet.
3157 4253 3163 4256 ·

1948 4362 2068 4416 179.
2096 4362 2369 4415 Serundus
2395 4359 2822 4427 Sophilariorum
2850 4373 3018 4416 motus
3047 4366 3295 4417 adversus
3331 4363 3526 4418 Osma-

2045 4435 2207 4496 nicos,
2248 4433 2435 4494 Scnch,
2468 4433 2611 4493 (Iuli,
2644 4434 2830 4486 Sciunt
2866 4433 3006 4497 Citii,
3053 4433 3200 4487 Kisel
3243 4435 3421 4488 basta.

2015 4527 2088 4581 De
2154 4527 2377 4595 regione
2428 4525 2597 4581 Tekie
2652 4527 2768 4580 sive
2799 4524 2944 4579 Teke
2989 4527 3197 4580 dictum
3253 4529 3525 4595 superius,

1947 4632 2070 4686 cap.
2107 4617 2198 4671 57.
2232 4618 2416 4669 Altera
2455 4615 2558 4671 fuit
2609 4617 2722 4669 haec
2776 4615 3044 4671 adversus
3079 4615 3430 4683 Osmanidas,
3475 4627 3531 4672 et

1948 4717 2152 4761 sectam
2183 4707 2606 4762 Usmanicorum
2641 4707 2862 4771 seditio,
2890 4707 2958 4761 ab
2999 4707 3071 4761 iis
3099 4707 3355 4774 excitata,
3388 4724 3530 4778 quos

1947 4801 2289 4868 Sophilarios
2313 4809 2366 4854 et
2403 4801 2622 4854 Kiseles
2652 4801 2846 4856 bassas
2879 4801 3162 4855 dixerunt.
3209 4800 3422 4871 Quippe
3461 4804 3528 4857 de

1948 4893 2121 4959 prima
2149 4891 2407 4959 superius
2439 4891 2742 4945 indicatum
2766 4906 2887 4961 cap.
2916 4891 3005 4946 8i.
3031 4891 3220 4948 .lovins
3242 4904 3524 4949 auctorem

1947 4980 2236 5034 seditionis
2267 4981 2502 5048 appellat
2532 4981 2863 5046 Tcehellem,
2891 4997 2921 5036 a
2944 4984 3138 5050 patria,
3169 4995 3304 5054 puto
3329 5003 3342 5039 :
3364 4985 3529 5042 Dres-

1949 5073 2098 5128 lcrus
2160 5088 2283 5127 cum
2328 5073 2452 5129 aliis
2481 5072 2677 5137 Etiam,
2738 5074 2882 5128 nulla
2917 5075 3171 5130 ratione:
3214 5077 3519 5133 'l‘urcorum

1947 5165 2256 5220 Annalibus
2313 5165 2633 5220 ScacltCuli
2687 5167 3002 5220 nominatus
3057 5167 3229 5224 fuisse
3269 5169 3524 5235 refertur,

1947 5275 2078 5314 voce
2104 5259 2448 5329 significante
2475 5259 2670 5315 Scaehi
2705 5272 2949 5313 servum.
2983 5257 3046 5311 Et
3097 5258 3290 5314 Scachi
3331 5263 3522 5330 appel-

1947 5349 2150 5404 latione
2176 5348 2506 5418 intelligitur
2547 5347 2723 5402 Scach
2774 5349 3192 5414 lsmail,reccns
3225 5350 3520 5405 Persarum

1949 5457 2117 5510 regno
2150 5440 2378 5510 potitus,
2407 5440 2476 5495 de
2510 5455 2621 5510 quo
2657 5440 2820 5510 paulo
2853 5440 3020 5512 468
3051 5451 3176 5510 post
3223 5443 3526 5511 exposituri

1947 5535 2157 5605 prolixe
2187 5547 2401 5589 sumus.
2435 5534 2525 5587 Ait
2554 5531 2774 5608 Jovius,
2814 5549 2940 5588 eum
2977 5534 3154 5589 fuisse
3186 5535 3523 5604 discipulum

1944 5626 2220 5690 Arduclis,
2248 5625 2316 5679 de
2347 5641 2458 5691 quo
2495 5625 2681 5680 itidem
2715 5641 2838 5680 mox
2885 5625 3180 5679 dicendum
3219 5643 3234 5680 :
3270 5637 3396 5696 post
3430 5645 3530 5682 cu-

1940 5717 2032 5788 jus
2069 5718 2296 5783 ctedent,
2337 5717 2617 5788 Euphrate
2674 5717 3024 5780 transmisso,
3067 5719 3280 5772 venerit
3332 5719 3386 5774 in
3422 5721 3530 5776 Ar-

1945 5813 2182 5866 meniam
2218 5811 2507 5876 minorem,
2541 5820 2589 5864 cl
2622 5809 2676 5864 in
2721 5810 2982 5880 spelunca
3016 5811 3251 5878 quadam
3291 5813 3355 5866 ad
3380 5815 3531 5868 radi-

1945 5923 2036 5963 ces
2090 5905 2367 5960 Autitauri
2409 5903 2612 5960 montis
2667 5903 3016 5960 habitaverit.
3053 5901 3127 5957 Ea
3163 5919 3355 5973 parum
3389 5921 3522 5960 vero
