4018 6464
521 440 628 503 855
1272 489 1276 494 -
1684 445 2008 508 ΙΟΑΝΝΙΒ
2045 449 2066 508 l

2171 449 2512 511 JNCLAVII
3669 451 3770 515 856
3853 399 3859 403 Ι

525 556 780 611 videntur
805 564 1190 618 consentanea,
1216 565 1327 612 tum
1353 557 1498 625 quod
1523 557 1664 614 'l'clte
1682 561 1830 630 regio
1879 563 2103 617 minime
2131 569 2177 625 Α
2209 579 2324 618 sam
2353 565 2631 620 civitatem
2663 564 2860 619 habeat
2892 563 3053 631 Coni,
3084 563 3190 618 hoc
3228 569 3333 626 est,
3367 560 3635 619 lt-Onium.
3673 568 3774 620 lic-

525 648 599 708 sit
622 647 879 703 Armenia
911 649 1113 713 minor,
1147 648 1244 703 sed
1280 646 1513 720 Phrygia
1545 651 1742 719 major,
1778 661 1834 705 ut
1884 662 2074 722 aperte
2198 657 2348 712 ctius
2380 656 2523 712 hanc
2578 658 2812 712 collocat
2843 659 2896 712 in
2944 654 3247 727 Lycaonia,
3291 671 3456 725 quam
3498 656 3774 715 Laonicus

521 742 697 796 lector
725 755 790 794 ex
823 739 955 809 ipsis
982 740 1279 796 Annalium
1304 741 1488 796 verbis
1523 757 1755 797 numero
1793 745 1863 799 57
1892 748 2096 802 notatis
2195 749 2250 803 in
2279 749 2439 803 Caria
2467 765 2482 815 ;
2518 753 2584 805 de
2612 765 2720 820 quo
2745 765 2912 820 supra
2949 765 3178 805 numero
3202 750 3290 814 12,
3317 751 3546 804 dictum.
3586 727 3792 818 Addit,-

523 830 824 900 perapicit;
867 838 983 884 tum
1014 830 1201 898 etiam,
1255 832 1399 901 quod
1425 847 1455 887 e
1498 831 1682 889 Persia
1715 837 1955 891 venienti
1991 841 2094 893 mi-
2195 845 2337 898 hanc
2365 857 2487 898 esse
2513 845 2776 913 majorem
2813 843 2982 898 totius
3031 843 3287 913 Turquiae
3331 843 3511 912 regni.
3549 843 3655 898 hoc
3688 856 3771 900 est

523 924 670 978 nime
695 922 968 993 Bajazites
1000 937 1230 980 munera
1263 926 1566 994 quotannis
1603 927 1875 985 missurus
1903 930 2090 989 fuerit.

520 1012 653 1070 Utut
679 1029 802 1071 sese
826 1029 914 1070 res
940 1015 1160 1082 habeat,
1180 1015 1377 1072 Scachi
1401 1017 1620 1088 quidem
1644 1021 1874 1079 lsmailis
1908 1035 2090 1092 partes

517 1106 804 1176 amplexus
834 1105 957 1182 fuit,
989 1107 1222 1178 ideoque
1263 1106 1435 1163 Scacb
1470 1108 1592 1165 Culi
1621 1112 1934 1168 nominatus
1963 1131 1978 1168 :
2019 1131 2087 1171 ex

515 1211 626 1267 quo
689 1197 880 1266 Turci,
946 1199 1196 1269 partibus
1242 1197 1663 1257 Osmanidarum
1723 1204 2088 1271 adhaerentes,

513 1287 696 1344 fecere
749 1287 941 1345 Scitan
986 1289 1130 1356 Culi,
1166 1306 1300 1348 voce
1328 1293 1672 1363 signiﬁcante
1724 1295 1940 1354 Sataua:
2004 1299 2088 1354 vel

512 1381 714 1436 diaboli
741 1398 958 1438 servum
987 1385 1412 1454 mancipiumve.
1451 1387 1734 1444 Geuiraaus
1763 1391 1959 1446 alicubi
1989 1407 2086 1460 pro

513 1475 636 1530 Culi
693 1475 916 1546 scripsit
945 1475 1181 1534 Coullet.
1221 1479 1607 1550 Spauduginus
1639 1483 1688 1536 ei
1743 1484 2084 1552 suppeditata

511 1566 683 1621 fuisse
726 1568 894 1621 tradit
927 1568 997 1623 ab
1046 1568 1264 1625 lsmaile
1296 1569 1511 1627 Scacho
1553 1572 1733 1628 20000
1767 1574 2083 1640 hominum,

510 1659 658 1727 quod
693 1659 945 1724 equidem
977 1676 1166 1715 verum
1205 1678 1312 1716 non
1348 1664 1609 1732 arbitror,
1639 1681 1702 1719 ex
1746 1665 1816 1721 iis
1844 1683 1966 1736 quae
1996 1669 2086 1724 hic

509 1749 566 1804 in
597 1752 908 1809 Annalibus
945 1766 1274 1823 sequuntur.
1307 1755 1478 1825 Magis
1505 1765 1590 1812 est
1635 1773 1765 1813 vero
1792 1769 2084 1816 c0nsenta-

511 1857 696 1905 neum,
729 1843 875 1913 quod
901 1841 1091 1900 Jovius
1121 1845 1219 1912 ait,
1253 1861 1350 1917 per
1379 1845 1752 1905 internuntios
1780 1850 1849 1905 ab
1871 1848 2082 1908 lsmaile

508 1933 895 1988 conﬁrmatum
942 1936 998 1990 in
1062 1937 1347 2007 proposito
1389 1937 1578 1995 fuisse.
1612 1939 1761 1996 Kisel
1789 1940 1950 1998 bassa
2002 1944 2079 2000 si-

504 2023 725 2092 gniﬁcat
757 2027 982 2080 rubrum
1005 2037 1187 2096 caput.
1209 2025 1262 2081 Id
1293 2043 1492 2083 nomen
1512 2029 1788 2085 Osmanici
1809 2031 2080 2090 dederunt

507 2115 611 2169 hoc
638 2116 758 2184 ipso
789 2125 1032 2183 tempore
1061 2119 1427 2174 sectatoribus
1457 2116 1690 2174 lsmailis
1716 2119 1908 2176 Scachi
1950 2122 2078 2179 Pcr-

503 2223 713 2271 sarum,
740 2223 770 2262 a
803 2211 968 2264 rubro
1004 2210 1198 2279 capitis
1230 2221 1542 2280 tegumenta
1569 2227 1585 2266 :
1625 2227 1736 2282 quo
1766 2214 1832 2269 de
1864 2214 2075 2285 plenius

501 2303 771 2372 agendum
813 2302 975 2372 paulo
1018 2312 1164 2373 post.

507 2438 605 2496 180
663 2439 868 2496 Antali.
901 2438 1087 2492 civitas
1150 2437 1415 2491 Anatolio:
1447 2453 1466 2492 :
1497 2437 1804 2493 Gra’corum
1855 2440 1984 2492 anni
2043 2455 2077 2494 a

572 2513 768 2564 mundo
789 2511 1022 2572 condito,
1049 2523 1281 2576 quonam
1317 2509 1473 2562 modo
1497 2525 1616 2562 cum
1650 2509 1846 2564 nostris
1891 2525 2074 2564 conve-

570 2584 742 2640 m'aat.
791 2579 1028 2634 Nomina
1069 2579 1308 2646 qua’dam
1339 2587 1543 2632 vetusta
1562 2595 1680 2632 cum
1697 2581 2074 2634 recentioribus

571 2653 793 2707 collata.
2003 2675 2097 2686 μ..-

576 2770 711 2836 Qua:
745 2771 939 2829 Turcis
967 2773 1056 2828 hic
1099 2774 1284 2830 Antali
1326 2785 1568 2842 vocatur,
1595 2779 1796 2849 priscis
1835 2791 1953 2837 erat
1981 2785 2074 2838 At-

502 2862 652 2927 talia,
685 2865 958 2932 quondam
985 2865 1055 2921 ab
1105 2865 1288 2919 Attalo
1317 2882 1466 2937 rege,
1499 2884 1609 2923 uno
1644 2871 1711 2924 de
1737 2874 2074 2927 successori-

501 2955 600 3010 bus
629 2956 928 3010 Alexandri
965 2956 1172 3025 Magni,
1201 2957 1446 3012 condita.
1482 2958 1681 3016 Leonis
1721 2962 2071 3031 imperatoris

495 3047 720 3104 Novella
747 3048 815 3103 de
839 3049 1052 3104 throuis
1087 3063 1208 3103 eam
1239 3050 1472 3103 collocat
1523 3050 1577 3104 in
1630 3052 1928 3121 Pamphilia
1983 3069 2072 3108 se-

497 3141 700 3203 cunda,
730 3141 834 3195 sub
864 3140 1149 3208 metropoli
1182 3140 1358 3210 Sylan
1395 3140 1508 3194 sive
1539 3142 1731 3212 Perga.
1763 3143 1936 3199 Graeci
1970 3161 2070 3212 po-

2193 935 2563 1006 metropolim.
2641 936 2917 1006 Briquiam
2994 935 3324 991 Reineccius
3378 936 3772 1006 interpretatur

2190 1025 2439 1098 Lyciam,
2461 1043 2584 1082 cum
2621 1027 2844 1098 Briquia
2871 1043 2968 1083 seu
3005 1026 3242 1099 Bryquia
3273 1027 3345 1082 sit
3375 1026 3637 1097 Phrygia.
3668 1029 3765 1083 Fa-

2190 1119 2265 1173 cit
2304 1127 2484 1173 autem
2508 1118 2762 1190 Bryquite
2793 1119 3140 1188 metropolim
3188 1118 3478 1189 Aythonus
3515 1117 3752 1172 Zichiam

2189 1207 2433 1267 Grteciaa.
2465 1210 2558 1266 Sic
2583 1212 2729 1294 enim
2762 1209 3014 1281 seripsit,
3053 1211 3280 1278 nomine
3320 1211 3546 1266 Graecia:
3571 1211 3757 1266 Roma-

2188 1300 2338 1354 niam
2402 1300 2711 1370 intelligens
2768 1301 3093 1368 Asiaticam,
3132 1301 3201 1356 de
3233 1315 3341 1370 qua
3367 1299 3590 1365 dictum,
3629 1313 3680 1354 c.
3709 1297 3760 1355 6.
3799 1314 3816 1332 ε

2188 1391 2437 1448 Zicltiam
2502 1393 2644 1447 hanc
2686 1393 3013 1448 Reineccius
3061 1392 3466 1462 interpretatur
3497 1391 3763 1462 Cydnam.

2185 1486 2350 1556 Atqui
2384 1484 2623 1540 Zicchize
2670 1485 2947 1540 Cedrinus
2979 1500 3204 1556 quoque
3257 1482 3594 1540 mentionem
3647 1483 3769 1536 fecit

2186 1579 2336 1634 velut
2359 1579 2600 1634 civitatis
2625 1579 2678 1632 in
2707 1579 2834 1634 Asia
2877 1579 3074 1634 minori
3107 1579 3226 1634 sita:
3259 1593 3275 1631 :
3312 1593 3436 1630 cum
3484 1577 3538 1629 in
3563 1576 3761 1644 Copro-

2184 1685 2353 1740 nymo
2387 1671 2559 1742 frigus
2589 1669 2894 1725 inauditum
2927 1669 3210 1724 memoriae
3249 1665 3450 1736 prodit,
3477 1679 3589 1734 quo
3637 1680 3768 1718 con-

2184 1761 2380 1831 gelatis
2408 1760 2664 1815 amnibus
2717 1767 2773 1814 et
2799 1758 2920 1828 ipso
2957 1757 3118 1820 mari,
3147 1757 3398 1826 potuisse
3438 1765 3634 1808 narrat
3676 1755 3762 1808 iti-

2186 1867 2318 1909 nere
2376 1853 2620 1924 pedestri
2655 1852 2938 1908 aZiccbia
2989 1850 3216 1906 transiri
3276 1864 3429 1904 mare
3479 1847 3547 1902 ad
3579 1850 3758 1918 ipsum

2184 1958 2357 2014 usque
2383 1943 2712 2006 Danubium,
2736 1941 2790 1998 id
2829 1950 2916 1998 est
2979 1941 3045 1996 ad
3093 1940 3234 1994 ostia
3265 1939 3523 2002 Danubii,
3559 1953 3682 2007 qua:
3709 1939 3759 1990 in

2182 2034 2416 2090 Thracia
2449 2046 2599 2090 sunt.
2628 2033 2898 2105 Bithynia:
2928 2032 3252 2101 metropolis
3271 2031 3411 2101 apud
3445 2031 3754 2100 Aythonum

2181 2125 2445 2180 scribitur
2489 2139 2612 2180 esse
2643 2121 2868 2187 Niclmr,
2894 2137 3058 2192 quam
3091 2120 3330 2176 Nicaeam
3376 2132 3528 2190 puto,
3563 2119 3750 2175 Turcis

2180 2217 2325 2275 lsnic
2354 2235 2370 2283 ;
2397 2233 2508 2272 non
2557 2217 2958 2279 Nicomediam,
3007 2232 3130 2286 qua:
3183 2214 3380 2269 Turcis
3415 2223 3502 2269 est
3549 2212 3702 2265 lsmid
3730 2231 3748 2266 ι

2179 2326 2302 2366 cum
2330 2311 2656 2366 Reineccius
2686 2325 2751 2365 ex
2776 2308 2982 2363 Nichor
3010 2307 3177 2362 iaciat
3216 2305 3614 2361 Nicomediam.
3649 2303 3754 2358 Nec

2178 2403 2320 2472 apud
2369 2402 2603 2458 Leonem
2645 2404 2953 2472 Augustum
2991 2401 3174 2453 minus
3205 2407 3291 2454 est
3315 2396 3637 2466 metropolis
3668 2394 3756 2450 Bi-

2178 2497 2383 2568 thynia!
2423 2495 2611 2552 Nicaea
2671 2509 2834 2563 quam
2868 2491 3212 2548 Nicomedia.
3250 2489 3467 2545 Genecb
3522 2488 3758 2558 Aythoni

2179 2587 2503 2643 Re-ineccius
2535 2589 2928 2655 interpretatur
2960 2586 3220 2650 Pontum,
3255 2597 3383 2636 cum
3423 2581 3599 2652 magis
3635 2596 3763 2650 pro-

2178 2682 2294 2752 prie
2316 2681 2396 2737 sic
2425 2681 2667 2746 dicatur,
2702 2695 2824 2748 quae
2847 2677 2976 2734 olim
3005 2677 3226 2733 Colchis
3257 2684 3396 2738 erat.
3431 2682 3622 2743 postea
3661 2671 3760 2726 La-

2177 2790 2366 2830 zorum
2401 2774 2668 2844 appellata
2719 2773 2890 2842 regio,
2922 2771 3037 2826 sive
3087 2769 3302 2832 Lazice,
3335 2767 3493 2836 cujus
3555 2777 3760 2820 metro-

2175 2869 2316 2935 polis
2337 2875 2422 2923 est
2459 2865 2628 2921 Leoni
2661 2865 2910 2934 Augusto
2931 2861 3232 2929 Trapezus,
3258 2875 3419 2929 quam
3446 2858 3501 2912 in
3527 2856 3750 2910 Genech

2175 2959 2328 3029 ponit
2345 2959 2652 3029 Aythonus.
2673 2956 3060 3026 Paphlagonia:
3078 2955 3352 3010 civitatem
3373 2961 3527 3006 vocat
3550 2951 3760 3021 Aytho-

2175 3067 2280 3106 nus
2306 3049 2638 3119 Ginapolim,
2690 3065 2758 3105 ex
2793 3064 2896 3117 qua
2927 3047 3254 3101 Reineceius
3285 3044 3411 3099 fecit
3441 3043 3752 3097 Germano-

2176 3144 2547 3214 polim.Atqui
2587 3141 2870 3210 Ginapolis
2903 3139 3158 3210 Aythoni,
3200 3137 3281 3192 vel
3321 3135 3609 3202 Gin0pnlis
3645 3152 3745 3203 po-

495 3233 756 3287 steriores
784 3231 1301 3306 adnotantyl‘actam
1337 3233 1678 3302 metropolim
1708 3249 1854 3290 anno
1883 3238 2067 3292 mundi
2100 3237 2138 3290 C
2174 3236 2302 3298 tius,
2325 3234 2392 3288 ad
2439 3232 2674 3289 Pontum
2721 3232 2992 3286 Euxinum
3029 3231 3157 3288 sita.
3201 3229 3470 3295 hodieque
3492 3227 3758 3296 Ginopoli

495 3324 656 3390 0592,
687 3324 790 3378 sub
821 3322 1096 3377 Eustratio
1135 3323 1483 3378 sanctissmo
1512 3324 1841 3394 patriarcha,
1890 3326 2066 3395 impe-

503 3417 699 3473 ratoris
735 3416 910 3471 Alexii
947 3415 1215 3471 Comneni
1263 3417 1606 3471 auctoritate.
1654 3416 1811 3482 Quod
1845 3417 2064 3486 quidem

493 3508 768 3566 accidisse
819 3508 1099 3564 constabit
1155 3523 1304 3564 anno
1337 3509 1656 3564 Christiano
1712 3510 1872 3575 i084,
1917 3511 2067 3566 side

493 3602 761 3657 sententia
813 3597 1128 3656 Graecorum
1175 3601 1304 3655 anni
1341 3615 1370 3654 a
1407 3601 1627 3656 condito
1676 3603 1876 3655 mundo
1923 3601 2065 3658 5508

491 3703 805 3750 statuantur
831 3708 1002 3764 usque
1027 3692 1091 3747 ad
1119 3693 1400 3749 Christum
1427 3704 1612 3749 natum
1642 3694 1836 3764 elapsi,
1864 3708 2064 3748 secun-

487 3790 617 3844 dum
668 3790 965 3844 editionem
1022 3787 1090 3841 72
1148 3786 1534 3857 lnterpretum.
1573 3787 1859 3860 Aythonus
1895 3792 2057 3850 Natav

489 3883 639 3946 liam,
673 3863 1021 3952 transpositis
1053 3895 1084 3934 a
1112 3879 1341 3934 librario
1363 3880 1556 3950 primis
1578 3879 1778 3938 litteris
1799 3883 2060 3952 appellat,

487 3989 587 4044 pro
614 3974 830 4028 Antalia
862 3988 875 4026 :
917 3987 1033 4042 quo
1083 3970 1203 4024 loco
1237 3970 1564 4026 Reineccius
1597 3981 1767 4038 notat,
1811 3975 2061 4030 scriben-

485 4072 614 4123 dum
656 4083 752 4134 pro
793 4064 1002 4118 Natalia
1047 4061 1355 4118 Nacoliam.
1402 4063 1569 4132 Atqui
1620 4063 1844 4120 Nacolia
1899 4067 2058 4138 longe

485 4163 658 4216 distat
678 4161 747 4214 ab
773 4159 1010 4223 Antalia,
1050 4155 1298 4228 Phrygia:
1337 4157 1596 4211 nimirum
1621 4159 1847 4227 majoris
1885 4161 2057 4214 medi-

483 4264 736 4304 terranea
792 4250 1005 4316 civitas,
1045 4248 1112 4303 ad
1141 4247 1466 4317 Sangarium
1507 4247 1708 4303 ﬂumen
1737 4249 1844 4304 sita
1878 4267 1892 4304 :
1930 4266 2052 4305 cum

479 4345 548 4400 de
585 4342 802 4399 Antalia
830 4355 930 4398 sua
955 4340 1141 4397 statim
1172 4341 1429 4410 subjiciat
1455 4341 1762 4410 Aythonus,
1789 4357 1908 4396 eam
1957 4359 2052 4397 su-

482 4452 581 4508 pra
623 4451 775 4492 mare
798 4435 1021 4492 Graeciaa
1047 4435 1277 4504 (Gallice
1304 4434 1566 4504 loquitur,
1618 4450 1736 4502 pro,
1781 4436 1845 4490 ad
1878 4436 2048 4502 mare)

480 4531 666 4587 sitam.
721 4529 787 4587 Et
859 4530 1026 4585 maris
1089 4529 1314 4584 Graecia:
1389 4528 1660 4582 vocabulo
1729 4529 2055 4599 intelligitur

2174 3327 2505 3382 nominatur.
2542 3325 2701 3396 Apud
2729 3325 2961 3380 Leonem
2993 3325 3298 3392 Augustum
3336 3319 3622 3388 lnnopulis
3658 3319 3751 3372 di-

2169 3420 2335 3487 citur,
2359 3430 2413 3475 et
2435 3420 2784 3490 episcopatus
2811 3419 2932 3488 ejus
2961 3416 3028 3472 ad
3061 3415 3335 3487 Gangram
3360 3413 3749 3483 Paphlagoniae

2166 3511 2424 3582 refertur.
2460 3511 2566 3567 Sed
2603 3512 2795 3566 desino
2823 3511 3000 3580 plura.

2171 3625 2294 3681 i8i.
2345 3623 2580 3694 Garagos
2635 3623 2826 3685 (mssa,
2889 3621 3218 3694 beglerbegus
3277 3620 3546 3675 Analolia:
3602 3622 3749 3686 uinus

2249 3722 2254 3726 -
2493 3693 2502 3694 ί
2684 3693 2808 3762 palo
2860 3693 3213 3761 trans/igitur.

2237 3785 2414 3842 Habes
2453 3787 2544 3843 hic
2576 3788 2786 3858 insigne
2805 3784 3152 3842 crudelitatis
3189 3784 3498 3852 exemplum
3533 3783 3589 3837 in
3619 3783 3740 3836 reli-

2163 3874 2333 3942 giosis
2379 3871 2707 3936 Turcorum.
2744 3873 2904 3940 cujus
2960 3872 3141 3927 obiter
3195 3872 3535 3925 mentionem
3573 3883 3728 3938 supra

2164 3967 2416 4032 fecimus,
2487 3983 2609 4036 cap.
2643 3967 2732 4022 64.
2797 3966 3123 4021 Translixus
3155 3980 3184 4018 a
3225 3963 3552 4019 Scachoculi
3613 3962 3735 4031 palo

2163 4058 2269 4113 fuit
2310 4060 2574 4114 Anatolizn
2602 4060 2981 4128 beglerbegus.
3022 4068 3080 4113 ut
3104 4057 3346 4112 Annales
3376 4056 3650 4111 referunt.
3683 4055 3742 4109 Ei

2164 4167 2364 4208 nomen
2399 4155 2532 4207 dant
2555 4152 2722 4224 469
2743 4151 2908 4206 Turci
2935 4153 3196 4221 Caragos,
3229 4159 3288 4206 ut
3309 4162 3497 4205 nostro
3523 4164 3747 4220 quoque

2163 4252 2411 4313 tempore
2441 4245 2675 4300 celebris
2709 4244 2812 4298 fuit
2837 4243 3079 4313 Caragos
3112 4241 3264 4308 Bais,
3293 4259 3455 4312 quem
3489 4242 3546 4296 in
3590 4240 3742 4311 Sup-

2158 4337 2415 4406 pleutenti
2452 4337 2765 4392 narratione
2798 4337 2867 4392 de
2902 4336 3046 4391 bello
3077 4335 3281 4406 Cyprio
3332 4347 3742 4388 commemora-

2155 4428 2377 4494 vimus;
2424 4429 2587 4498 vulgo
2632 4428 2804 4482 nostri
2877 4427 3238 4483 Caracossam
3301 4425 3509 4480 dixere.
3573 4422 3740 4477 Jovio

2157 4521 2388 4591 (largius
2421 4521 2586 4578 bassa
2622 4523 2963 4586 nominatur,
3015 4529 3070 4576 et
3111 4502 3285 4575 eidem
3338 4519 3465 4572 alibi
3498 4517 3741 4572 Caraius

476 4623 724 4695 ngacum
752 4637 922 4699 mare,
950 4622 1036 4678 vel
1061 4621 1476 4692 Archipelagus.
1508 4620 1672 4675 Addit
1704 4621 1876 4684 enim,
1903 4619 2050 4691 quod
2085 4623 2130 4680 ι)
2160 4623 2263 4670 est.
2295 4615 2560 4672 Dissentit
2587 4616 2752 4670 etiam
2774 4615 2829 4670 in
2849 4612 3195 4684 expositione
3215 4611 3460 4666 historiae
3485 4608 3744 4665 nonnihil

478 4717 592 4771 haec
607 4716 806 4771 civitas
834 4715 1096 4786 respiciat
1149 4729 1379 4785 regnum
1411 4713 1596 4783 Cypri.
1631 4713 1843 4783 Quippe
1869 4728 2052 4767 verttm

479 4807 584 4860 hoc
635 4813 742 4871 est,
773 4815 828 4862 et
858 4805 928 4860 ab
961 4805 1186 4870 Attalia,
1215 4818 1383 4874 quam
1424 4803 1704 4858 Setteliam
1763 4803 1925 4858 modo
1956 4819 2053 4857 vo-

477 4905 631 4961 cant,
664 4905 813 4953 totus
845 4897 936 4953 ille
986 4899 1143 4952 sinus
1177 4895 1426 4965 obiectus
1457 4894 1660 4965 Cypro,
1714 4910 1860 4950 nunc
1889 4893 2054 4949 Golfo

476 4989 531 5044 di
566 4989 792 5044 Scttclia
819 4990 1157 5044 nominatur.
1175 4988 1524 5043 Belvacensis
1556 4986 1840 5041 Satteliam
1879 4988 2051 5054 scrip-

477 5083 572 5148 sit,
625 5080 910 5151 eidemque
968 5082 1128 5136 sinus
1169 5081 1259 5136 ille
1291 5082 1460 5135 maris
1501 5080 1807 5149 appellatur
1846 5080 2051 5133 Gaulra

479 5173 746 5237 Satteliae,
805 5173 1078 5229 vocabulo
1140 5173 1348 5230 Gallico
1394 5171 1614 5240 Goufre,
1683 5172 1829 5240 quod
1891 5170 2054 5224 hodie

475 5269 681 5324 Griecis
731 5274 818 5323 est
854 5266 1094 5336 Corpbo,
1139 5265 1339 5335 priscis
1396 5265 1636 5327 Κὸλπος,
1677 5262 1826 5319 italis
1868 5263 2052 5328 Goll‘o,

473 5361 687 5416 Latinis
711 5360 888 5416 sinus.
919 5358 1056 5425 Quia
1080 5373 1214 5414 vero
1236 5358 1290 5414 in
1323 5359 1470 5412 hunc
1491 5356 1726 5426 Aythoni
1751 5356 1932 5410 locum
1967 5357 2054 5409 iu-

473 5455 731 5519 cidimus,
765 5452 1104 5523 explicemus
1140 5449 1319 5506 obiter
1343 5459 1400 5505 et
1431 5449 1534 5504 alia
1559 5451 1811 5518 quaedam
1843 5447 2046 5503 ibidem

475 5547 649 5614 posita
673 5548 950 5616 regionem
983 5553 1038 5600 et
1068 5544 1356 5600 civitatum
1381 5544 1629 5599 nomina.
1651 5542 1891 5597 Primam
1911 5543 2050 5596 Tur-

474 5641 618 5706 quia’.
645 5638 991 5693 sultanorum
1026 5637 1197 5692 iconii
1248 5651 1499 5705 regnum,
1539 5637 1622 5692 vel
1651 5637 1836 5691 Asiam
1874 5637 2053 5691 mino-

477 5745 592 5786 rem
625 5732 901 5803 iutelligit)
928 5729 1272 5801 provinciam
1325 5729 1484 5784 initio
1531 5738 1694 5784 vocat
1726 5726 2048 5800 Lygoniam,

475 5824 673 5878 deinde
727 5827 929 5879 rectius
970 5823 1308 5892 Lyquoniam
1366 5821 1840 5890 (pronuntiatione
1867 5823 2051 5879 Gallu-

474 5933 600 5976 mm
635 5915 862 5973 effertur
889 5915 1148 5986 Lyconis,
1178 5916 1229 5970 id
1262 5925 1346 5971 est
1407 5915 1838 5988 Lycaoniajqua:
1877 5918 2047 5973 fatuo-

2160 4708 2229 4763 ab
2259 4709 2584 4774 Annalibus,
2615 4708 2707 4778 qui
2762 4707 3095 4777 Caragosam
3129 4714 3347 4774 captum
3386 4702 3560 4756 luisse
3609 4717 3748 4756 nar-

2160 4810 2306 4865 rant,
2338 4810 2389 4855 et
2415 4799 2680 4870 Cutaigen
2705 4798 2810 4853 adu
2830 4807 3033 4862 ictum,
3053 4795 3243 4852 etsuis
3271 4795 3324 4849 in
3353 4792 3556 4862 Oppido
3586 4807 3748 4846 eom-

2158 4900 2566 4946 monstratum:
2597 4905 2832 4960 cumque
2857 4889 3190 4945 deditionem
3233 4886 3493 4958 oppidani
3555 4883 3747 4938 facere

2158 4982 2389 5046 nollent,
2431 4983 2485 5037 in
2528 4997 2720 5036 eorum
2757 4989 3054 5051 conspectu
3097 4979 3222 5050 palo
3254 4977 3609 5032 transﬁxum.
3643 4975 3746 5029 Jo-

2157 5071 2276 5124 vius
2311 5079 2492 5125 autem
2517 5085 2682 5141 prope
2709 5068 2840 5124 dicit
2863 5068 3132 5131 abfuisse,
3159 5073 3220 5120 ut
3251 5073 3549 5131 caperetur
3589 5083 3604 5119 :
3634 5064 3741 5119 sed

2157 5161 2530 5217 substractum
2556 5175 2586 5214 a
2633 5160 2770 5226 suis,
2813 5157 3059 5227 Cutejam
3087 5157 3377 5212 evasisse:
3410 5172 3516 5226 qua
3578 5157 3747 5210 dein-

2155 5268 2289 5322 ccps
2311 5268 2339 5306 a
2371 5252 2646 5315 seditiosis
2675 5260 3006 5321 expugnata,
3036 5248 3198 5303 etiam
3232 5248 3349 5318 ipse
3392 5248 3634 5303 hostium
3677 5247 3742 5302 in

2159 5359 2353 5400 manus
2376 5344 2604 5399 venerit.
2640 5345 2835 5398 Postea
2856 5356 2984 5396 vero
3018 5343 3084 5394 ad
3109 5339 3428 5403 Caraéssar,
3451 5339 3749 5409 (Carachi-

2157 5452 2248 5492 sar
2273 5437 2519 5492 scribere
2565 5434 2777 5504 debuit)
2825 5434 2878 5488 in
2934 5432 3109 5488 media
3146 5433 3255 5498 via,
3287 5448 3392 5502 qua
3436 5441 3746 5485 transeun-

2155 5529 2283 5584 dum
2317 5535 2432 5583 erat
2465 5528 2546 5582 Ali
2597 5527 2790 5592 bassze,
2826 5542 2949 5580 cum
2987 5527 3229 5581 exercitu
3267 5525 3498 5581 rebelles
3540 5541 3744 5595 perse-

2155 5621 2368 5692 quenti,
2412 5619 2598 5674 vivum
2640 5619 2709 5674 ab
2745 5618 2827 5674 eis
2854 5617 2978 5688 palo
3009 5617 3332 5672 transﬁxum
3367 5635 3381 5672 :
3421 5626 3478 5670 ut
3508 5635 3536 5671 a
3574 5629 3744 5687 tergo

2154 5714 2514 5784 sequentibus
2550 5723 2657 5768 tam
2693 5711 2838 5768 [ωᾱο
2870 5711 3004 5766 tanti
3036 5711 3136 5766 viri
3174 5710 3446 5779 supplicio
3477 5708 3744 5764 formidi-

2157 5822 2278 5860 nem
2341 5813 2396 5860 ct
2430 5807 2716 5859 herrorem
2780 5805 3113 5861 incuterent.
3151 5803 3221 5858 De
3255 5803 3522 5874 Cutahige
3557 5817 3741 5873 supra

2155 5898 2360 5954 dictum
2391 5938 2404 5962 ,
2441 5899 2614 5968 capite
2649 5899 2734 5953 .50.
