4018 6444
333 415 443 480 857

1467 418 1872 482 PANDECTE
1913 423 2113 488 HIST.
2157 426 2470 490 TURCIC.

3480 432 3587 493 858

337 532 466 586 182.
498 527 696 585 Corrut
729 547 763 584 α
795 531 1060 616 seditiosis
1081 532 1325 585 vincitur.
1362 533 1593 615 Diversa:
1629 536 1920 593 Turcorum
1947 549 1993 602 Α
2027 545 2332 612 provincia.
2369 544 2770 616 complectente
2818 542 3285 614 Paphlagoniam,
3321 543 3590 599 Galatiam

827 603 1157 657 narrationes
1191 621 1222 656 a
1259 606 1472 658 nostris.

406 693 704 748 Corcutem
743 693 797 748 in
840 693 1264 749 Osmauidarum
1301 699 1621 767 genealogia
1664 700 1915 767 quintum

331 790 532 844 ordine
561 787 821 856 Bajazitis
861 790 1029 844 tilium
1074 790 1325 853 iecimus,
1360 798 1416 845 et
1466 807 1785 860 germanum
1814 793 1914 847 Se-

335 882 486 938 limis
526 883 783 949 fratrem,
839 885 931 952 qui
994 885 1258 955 deinceps
1334 885 1648 955 imperavit.
1697 884 1912 939 Etenim

333 975 592 1030 eamdem
629 992 754 1030 cum
801 975 1008 1032 Selime
1043 988 1270 1033 matrem
1323 977 1538 1032 habuit.
1572 977 1726 1034 Hunc
1772 980 1913 1034 refe-

307 1083 465 1123 -runt
495 1069 739 1125 Annales
770 1084 800 1124 a
841 1069 1134 1126 rebellibus
1169 1070 1225 1125 in
1253 1086 1432 1141 pugna
1465 1069 1633 1126 fuisse
1681 1086 1914 1140 supera-

331 1169 476 1214 tum.
507 1159 702 1216 Jovius
765 1177 892 1215 vero
957 1173 1256 1230 pugnatum
1307 1163 1382 1216 ait
1413 1165 1465 1216 in
1524 1164 1625 1217 hos
1683 1165 1914 1219 adverso

334 1250 527 1319 praelia
569 1251 785 1305 duobus
845 1265 874 1303 a
932 1253 1227 1320 nepotibus
1257 1250 1532 1318 Bajazitis,
1576 1241 1913 1306 lluchemele

333 1341 667 1398 Sciemsciai
695 1341 890 1409 (Sinan
947 1344 1162 1398 Schach
1207 1346 1411 1399 rectius
1438 1323 1824 1416 .appellalur),
1859 1355 1913 1398 et

333 1432 552 1487 Orcaue
602 1432 938 1502 Alempsaci,
971 1434 1098 1488 liliis
1153 1437 1332 1502 (pater
1391 1436 1542 1490 Alcm
1581 1436 1662 1490 vel
1698 1438 1909 1490 Allama

333 1525 576 1587 Schach,
612 1525 759 1580 [ilius
793 1523 1017 1579 Urchan
1075 1527 1234 1581 nobis
1298 1536 1382 1582 est
1435 1531 1486 1580 in
1523 1529 1862 1600 genealogis)
1896 1549 1909 1583 :

335 1616 632 1670 Corcutem
659 1631 926 1685 expresse
949 1618 1146 1684 tradit,
1180 1633 1289 1673 non
1329 1635 1523 1673 ausum
1584 1619 1757 1675 fuisse
1786 1636 1909 1675 cum

335 1708 593 1764 Techelle
625 1709 912 1777 congredi.
967 1709 1097 1775 Quae
1128 1726 1260 1764 sane
1289 1726 1415 1764 vera
1479 1711 1615 1777 sint,
1661 1727 1759 1766 nec
1823 1730 1910 1775 ne.

308 1803 474 1855 ’mihi
499 1801 717 1871 quidem
753 1801 1067 1870 disceptare
1115 1818 1222 1856 non
1275 1803 1468 1856 lubet:
1503 1803 1795 1856 indicanda
1834 1813 1912 1856 ta-

344 1909 470 1949 men
503 1893 702 1960 putavi,
739 1910 838 1948 ceu
890 1906 1146 1963 suspecta
1200 1906 1424 1965 propter
1483 1904 1694 1950 aetatem
1748 1913 1911 1966 nepo-
1947 1883 1989 1941 Β

345 1999 478 2041 tum.
512 1986 639 2053 Quae
697 1988 836 2043 ditio
872 1989 944 2042 sit
972 1990 1309 2052 Aidineusis,
1362 1997 1646 2045 ostensum
1681 2005 1912 2045 numero

338 2080 426 2134 15.
464 2079 628 2134 Ducis
664 2080 806 2134 ﬁlius
838 2091 924 2134 est
958 2079 1276 2152 ilerzecogli
1311 2083 1503 2146 bassa.
1543 2081 1612 2136 de
1641 2097 1751 2152 quo
1786 2082 1910 2138 dic-

331 2179 448 2224 tum
487 2173 664 2238 rapite
695 2171 784 2225 l6!
824 2181 876 2226 et
909 2173 1031 2228 l6'2.

465 2284 592 2339 185.
633 2284 749 2338 Alis
798 2285 967 2339 besse:
1015 2297 1201 2341 contra
1264 2286 1477 2342 rebelles
1517 2292 1776 2359 expeditio

405 2375 758 2446 Quantopere
806 2376 1075 2430 creverint
1110 2379 1466 2444 perduellium
1529 2379 1695 2440 vires,
1727 2380 1810 2434 vel
1842 2396 1907 2435 ex

331 2485 406 2526 eo
426 2471 608 2538 colligi
667 2477 866 2538 potest,
903 2471 1048 2537 quod
1083 2469 1134 2522 iu
1173 2471 1270 2524 hos
1299 2470 1734 2538 proﬁciscentem
1769 2472 1908 2526 Alim

332 2564 557 2616 bassam
617 2563 840 2616 duxisse
869 2562 1254 2632 Fpanduginus
1285 2565 1359 2615 ait
1381 2563 1624 2634 equitum
1659 2579 1720 2618 ex
1752 2566 1910 2619 Ana-

329 2657 466 2712 tolia
501 2654 865 2725 quadraginta
903 2656 1096 2720 millia,
1125 2657 1325 2725 quibus
1359 2657 1740 2725 genizarorum
1770 2673 1908 2727 qua-

330 2757 464 2802 tuor
493 2749 665 2802 millia
713 2748 983 2816 Bajaz‘tes
1017 2749 1353 2817 adjuuxerit.
1405 2748 1692 2818 Nihiloque
1725 2751 1908 2806 minus

329 2841 654 2896 Achmetem
684 2855 903 2909 quoque
953 2840 1216 2909 Bajazitis
1258 2841 1454 2906 lilium,
1504 2857 1568 2896 ex
1613 2843 1908 2896 Amasiana

330 2948 431 2987 sua
460 2931 746 3002 provincia
779 2931 1030 2988 collectis
1061 2933 1258 3002 copiis,
1291 2934 1339 2986 ei
1375 2933 1626 2989 subsidio
1666 2935 1904 2990 venisse.

332 3046 459 3102 184.
489 3046 712 3103 Gheider
752 3048 906 3100 bassa
939 3064 1055 3100 cum
1079 3047 1238 3102 Zindi
1275 3047 1488 3102 Kemale
1525 3045 1904 3116 Snugiacbego,

400 3121 572 3202 victus
616 3127 666 3170 et
726 3119 928 3172 occisus
983 3136 1016 3172 (ι
1053 3120 1344 3184 seditiosis,
1379 3116 1690 3184 Zonchium,
1729 3118 1908 3174 Natta-

404 3206 605 3242 rmum.

404 3279 644 3334 Gheider
675 3277 867 3345 Bassa,
899 3279 1237 3335 Caramaniae
1272 3281 1652 3354 beglerbegus,
1673 3299 1700 3338 a
1732 3283 1909 3354 Span-

339 3371 540 3441 dugino
572 3370 764 3426 Caidir
816 3373 1144 3441 appellatur,
1195 3387 1248 3428 et
1306 3375 1644 3443 domicilium
1683 3375 1736 3430 in
1779 3377 1912 3430 urbe

346 3461 543 3532 Cogno,
576 3463 660 3517 vel
713 3464 885 3518 lconii
945 3464 1204 3522 habuisse
1238 3467 1461 3521 dicitur.
1504 3466 1660 3522 Zindi
1719 3469 1910 3524 Kemal

357 3556 453 3622 beg
481 3555 646 3630 eidem
689 3556 894 3611 Camali
956 3557 1311 3623 nominatur,
1372 3567 1425 3612 et
1476 3562 1558 3614 vir
1615 3559 1912 3614 admodum

359 3645 598 3702 militaris
631 3649 803 3704 luisse
842 3650 1190 3718 pra'dicatur.
1230 3651 1424 3706 Tradit
1456 3652 1602 3704 enim
1655 3651 1912 3722 Spandu-

347 3740 523 3806 ginus,
558 3740 704 3794 hunc
751 3742 892 3794 bello
923 3739 1184 3810 Bajaxitis
1211 3752 1403 3797 contra
1429 3741 1665 3798 Venetos
1700 3744 1916 3814 cepisse

341 3832 628 3887 castellum
663 3833 856 3887 Morem
878 3833 990 3887 sive
1039 3833 1397 3904 Peloponnesi
1428 3837 1788 3902 maritimum,
1823 3836 1917 3889 ho-

337 3922 538 3991 dieque
593 3923 1053 3986 munitissimum,
1087 3939 1187 3978 nec
1221 3925 1407 3995 procul
1438 3942 1466 3979 a
1511 3926 1765 3980 Methone
1803 3927 1917 3982 dis-

341 4011 542 4075 situm,
594 4011 908 4080 quindecim
968 4011 1226 4068 videlicet
1305 4014 1633 4070 milliaribus
1687 4015 1916 4082 Grmcis,

333 4103 489 4173 quod
526 4119 555 4156 a
587 4105 768 4158 nautis
800 4105 949 4159 Italis
984 4104 1312 4171 Zonchium,
1349 4106 1702 4176 Spandugino
1747 4109 1919 4163 Giun-

334 4195 549 4257 chium,
585 4194 790 4250 Graecis
832 4198 1007 4250 nostri
1063 4197 1327 4266 temporis
1374 4197 1709 4253 Navarinum
1744 4215 1910 4254 voca-

335 4303 453 4353 tur,
482 4291 683 4362 priscis
719 4291 1119 4362 Coryphasium
1151 4292 1434 4349 Messenia
1459 4294 1634 4349 fuisse
1655 4296 1918 4351 creditur:

331 4383 503 4438 Jovio
553 4392 734 4437 tamen
793 4382 1007 4454 Pylum,
1057 4399 1224 4454 regna
1273 4384 1547 4450 Nestoris,
1588 4388 1918 4456 appellante.

331 4477 535 4546 Neque
563 4475 846 4531 castellum
891 4476 994 4531 hoc
1045 4475 1297 4530 Kemales
1338 4490 1434 4530 seu
1477 4478 1727 4532 Camales
1775 4477 1920 4532 dun-

2011 643 2074 692 .et
2101 633 2558 702 Cappadociam:
2603 632 2696 687 ubi
2759 632 3192 700 sangiacatushi
3252 632 3592 701 coniungun-

2023 735 2132 787 tur,
2167 726 2519 790 Caracbisar,
2546 725 2694 793 (vide
2720 732 2885 792 caput
2920 723 3040 783 144,
3067 733 3120 776 et
3140 721 3332 777 eodem
3362 737 3593 776 numero

2031 828 2244 874 textum
2280 819 2610 881 Annalium,
2671 817 2816 871 hanc
2863 832 2892 868 a
2953 815 3292 869 Muchcmete
3349 814 3591 870 secundo

2017 920 2236 981 captam
2262 911 2644 976 rel'erentinm,
2672 925 2796 964 cum
2831 909 3094 964 adversus
3118 908 3586 963 Usumehasanem

2016 1006 2289 1076 pergeret)
2333 1004 2529 1060 Sasum
2568 1003 2790 1072 (priscis
2846 1003 3082 1066 Sasima,
3129 1002 3197 1056 de
3255 1000 3585 1055 Nazianzeni

2015 1095 2193 1150 nostri
2264 1094 2422 1149 libris
2480 1093 2683 1162 nota),
2730 1091 3049 1156 Tarabosan
3114 1093 3230 1146 sive
3285 1090 3585 1160 Trapezus.

2013 1185 2180 1241 Addit
2231 1184 2422 1240 Jovius
2458 1185 2563 1240 hoc
2611 1184 2734 1239 loco
2769 1185 3105 1238 mentionem
3141 1184 3345 1237 montis
3369 1185 3456 1238 cui
3490 1197 3588 1236 no-

2017 1295 2140 1331 men
2190 1279 2283 1331 dat
2307 1275 2524 1345 Olinua,
2558 1293 2656 1332 nec
2679 1293 2804 1330 cum
2832 1292 3030 1347 magno
3051 1277 3120 1331 ab
3147 1278 3356 1348 Ancyra
3381 1278 3586 1330 distare

2019 1370 2184 1423 tradit
2227 1370 2542 1422 intervallo.

2016 1532 2116 1588 l86
2160 1531 2726 1604 Kihaﬁivi,Pi-otoger_os,
2750 1529 3098 1604 Primikirios.
3135 1526 3390 1604 Vloferlzi,
3425 1527 3582 1597 Vlefe,

2296 1602 2592 1664 Timarion,
2626 1601 2952 1661 Timariotte,
2989 1598 3285 1653 Romamn.

2084 1734 2185 1800 Qui
2223 1733 2513 1802 praefectus
2550 1731 2926 1785 Vlofeziorum
2992 1729 3080 1783 hic
3131 1730 3361 1790 dicitur,
3423 1743 3584 1783 voca—

2017 1827 2146 1882 bqu
2176 1825 2413 1880 Turcieo
2450 1825 2645 1878 Kihaia
2702 1825 3044 1878 nominatur.
3075 1822 3132 1877 ld
3182 1823 3404 1890 pr0prie
3442 1821 3588 1874 vica-

2023 1918 2163 1972 rium
2219 1932 2314 1971 seu
2370 1917 2857 1979 locumtenentem,
2924 1931 3022 1969 seu
3083 1915 3347 1982 legatum,
3420 1921 3588 1980 atque

2019 2011 2183 2064 etiam
2226 2009 2547 2080 praefectum
2581 2009 2720 2062 aulce
2752 2007 3058 2077 signiﬁcat.
3107 2006 3346 2073 Ideoque
3392 2003 3586 2057 Kihaia

2001 2102 2390 2158 .Vloleziorum
2425 2109 2509 2154 est
2563 2101 2807 2152 vlcarius
2843 2113 2940 2152 seu
2980 2098 3191 2166 legatus
3232 2096 3400 2157 illius,
3426 2108 3585 2160 quem

2018 2195 2384 2249 Vlol‘eziorum
2419 2193 2635 2246 bassam
2668 2191 2968 2260 appellant.
3007 2187 3179 2241 Grmci
3239 2187 3584 2252 Protogeron

2018 2301 2166 2341 nunc
2205 2285 2416 2350 dicunt,
2447 2283 2542 2353 qui
2579 2283 2832 2349 catalogo
2887 2279 3214 2346 dignitatum
3249 2277 3330 2330 vel
3370 2274 3585 2327 ofﬁcio-

2017 2395 2139 2435 rum
2174 2379 2364 2449 palatii
2390 2377 2758 2446 πριμικήριος
2790 2375 2922 2443 ipsis
2958 2383 3063 2434 est,
3101 2369 3307 2423 nostris
3332 2369 3586 2435 primice-

2017 2473 2134 2527 rius
2196 2469 2561 2540 appellatione
2587 2475 2824 2521 vetnsta.
2868 2464 2940 2517 Ex
2971 2463 3269 2528 Protogero
3301 2458 3583 2512 Genii-aena

2018 2566 2272 2620 Protortz
2303 2574 2626 2631 corruptum
2689 2560 2867 2628 ponit,
2925 2564 2979 2610 et
3041 2552 3583 2624 superinten'lentetn

2020 2659 2440 2727 interpretatur.
2482 2654 2694 2708 Nomen
2753 2650 3126 2704 Vloleziorum
3190 2642 3586 2713 signiﬁcatsti-

2018 2749 2356 2820 pendiarios,
2378 2745 2541 2818 4⁵10
2565 2745 2762 2814 quibus
2787 2741 2941 2795 Vlofe
2959 2748 3039 2792 vet
3067 2735 3214 2790 Vlele
3241 2745 3585 2788 numeratur.

2019 2843 2159 2898 Sunt
2186 2841 2329 2895 enim
2359 2840 2466 2891 duo
2496 2835 2894 2903 stipendiorum
2924 2830 3064 2898 apud
3107 2826 3317 2879 Turcos
3349 2837 3546 2894 genera
3569 2860 3584 2884 ,

2016 2948 2247 3003 quorum
2293 2945 2458 2982 unum
2492 2937 2721 2981 vocatur
2754 2921 2922 2985 Vlefe,
2953 2921 3142 2974 Timar
3182 2916 3436 2968 alterum.
3463 2911 3587 2964 Vle-

2017 3027 2087 3088 le,
2109 3021 2436 3092 stipendium
2457 3030 2557 3082 est,
2575 3016 2718 3087 quod
2745 3029 2890 3068 more
2908 3021 3095 3066 nostro
3113 3006 3374 3062 militibus
3394 3004 3472 3056 vel
3491 3019 3590 3055 au-

2017 3121 2136 3175 licis
2170 3116 2398 3173 solvitur
2433 3129 2461 3166 a
2493 3111 2852 3168 rationalibus
2893 3101 3361 3172 velqua‘storibus
3395 3115 3407 3149 :
3443 3095 3586 3164 apud

1934 3234 1979 3292 ρ
2018 3226 2117 3266 nos
2140 3216 2476 3264 menstruum
2498 3205 2580 3259 vel
2602 3215 2865 3264 annuum,
2883 3203 3024 3266 apud
3044 3194 3254 3248 Turcos
3272 3193 3322 3245 in
3343 3187 3588 3292 singulos

2013 3305 2152 3359 dies.
2188 3301 2302 3354 Hoc
2335 3300 2422 3369 qui
2461 3297 2741 3356 fruuntur,
2796 3289 3202 3344 Vlel'etlziorum
3239 3296 3433 3336 nomen
3489 3278 3587 3330 ha-

2013 3396 2163 3449 bent.
2192 3391 2444 3446 Geuirzeo
2473 3397 2526 3442 et
2551 3385 2861 3441 Sansovino
2900 3388 3030 3434 sunt
3059 3373 3352 3444 Olophagi.
3396 3369 3588 3422 Timar

2012 3493 2097 3540 est
2129 3483 2342 3553 pensio,
2365 3480 2450 3534 vel
2486 3478 2841 3548 stipendium,
2881 3474 2964 3524 vel
3028 3466 3241 3522 reditus
3275 3463 3588 3530 assignatus

2014 3576 2067 3630 in
2105 3573 2364 3645 praediis,
2412 3579 2466 3623 et
2497 3562 2942 3638 possessionibus
2999 3565 3308 3620 castrorum
3359 3553 3590 3621 oppido-

2015 3683 2156 3730 rum,
2199 3677 2488 3734 pagorum,
2547 3670 2804 3728 agrorum
2830 3692 2846 3717 ,
2884 3652 2968 3705 vel
3016 3650 3070 3704 in
3109 3647 3470 3718 percipiendis
3493 3645 3588 3697 de-

2015 3759 2216 3818 cumis,
2243 3755 2437 3806 aliisve
2461 3749 2754 3809 fructibus,
2783 3743 2960 3799 Graeci
2991 3739 3247 3795 titnarion
3288 3736 3584 3805 appellant,

2017 3866 2046 3904 a
2075 3847 2276 3918 quibus
2307 3845 2370 3899 ad
2400 3841 2616 3896 Tureos
2650 3850 2904 3892 manasse
2933 3848 3123 3888 vocem
3147 3830 3287 3883 hanc
3323 3829 3581 3880 arbitror.

2016 3941 2308 4011 Reperitur
2356 3935 2500 4006 apud
2542 3934 2940 3988 Damascenum
2977 3925 3252 3982 Studitam
3291 3923 3343 3974 in
3385 3927 3586 3988 marty-

2018 4038 2100 4090 rio
2125 4029 2399 4087 Theodori
2444 4025 2652 4082 tribuni
2711 4023 2975 4084 militum,
3031 4019 3120 4073 cui
3165 4015 3386 4070 virtutis
3415 4021 3466 4066 et
3501 4028 3586 4064 re-

2021 4144 2139 4183 rum
2182 4125 2398 4180 fortiter
2445 4130 2726 4192 gestarum
2776 4115 3000 4171 nomine
3051 4118 3239 4166 narrat
3289 4123 3316 4160 a
3373 4105 3586 4160 Licinio

2019 4221 2265 4288 Augusto
2295 4215 2485 4267 datum
2539 4211 2712 4265 fuisse
2744 4223 2841 4278 pro
2878 4205 3101 4260 timario
3136 4212 3374 4255 castrum
3423 4196 3586 4248 lli-ra-

2021 4312 2172 4366 clem.
2220 4307 2564 4375 Videturque
2593 4320 2695 4357 vox
2726 4319 2754 4355 a
2817 4299 2976 4356 (ἔωσε
3005 4297 3162 4365 τιμὴ,
3189 4312 3291 4362 qua
3319 4292 3589 4359 signiﬁca-

2024 4411 2110 4456 tur
2141 4403 2336 4458 honor.
2375 4397 2623 4452 derivata
2651 4412 2664 4447 :
2693 4393 2839 4461 quod
2877 4386 3194 4461 huiusmodi
3223 4386 3458 4443 timaria,
3495 4397 3585 4433 ve-

2023 4491 2102 4544 lut
2139 4488 2461 4550 honoraria,
2509 4487 2624 4540 sive
2669 4482 2978 4544 beneﬁcia,,
3033 4477 3146 4530 sive
3200 4473 3429 4533 reditus,
3477 4472 3590 4523 sive

333 4578 498 4624 taxat
525 4571 880 4656 expugnavit,
914 4583 1102 4622 verum
1126 4567 1291 4621 etiam
1325 4583 1616 4638 oppressas
1637 4570 1916 4639 inopinato

2028 4581 2344 4652 pensiones,
2377 4577 2665 4631 honoratis
2706 4575 2950 4641 beneque
2983 4571 3049 4622 de
3097 4567 3374 4634 republica
3431 4563 3592 4614 meri-

332 4671 586 4732 quatnor
628 4663 881 4715 triremes
918 4660 1178 4722 Venetas,
1203 4675 1327 4713 cum
1376 4659 1508 4729 ipsis
1557 4661 1826 4716 militibus
1864 4671 1919 4716 et

333 4755 520 4813 sociis
554 4753 865 4818 navalibus,
898 4753 1099 4808 ibidem
1140 4752 1194 4807 in
1223 4763 1548 4820 potestatem
1581 4755 1834 4826 redegit.-

551 4868 677 4924 185.
713 4865 973 4922 Planities
1009 4864 1198 4932 Zibuc,
1229 4877 1280 4921 et
1303 4866 1477 4927 Sivac.
1504 4869 1708 4926 eadem.

410 4959 596 5029 Quam
661 4959 752 5014 hic
803 4959 1044 5013 Annales
1090 4959 1376 5029 planitiem
1459 4959 1634 5015 Zibnc
1701 4968 1922 5024 vocant,

335 5052 745 5125 Spanduginus
771 5051 1014 5121 appellat
1039 5067 1289 5120 campum
1325 5051 1508 5114 Sivac,
1553 5053 1774 5107 tametsi
1805 5068 1926 5107 eor-

335 5153 512 5216 rupte
557 5144 768 5215 legatur
821 5144 878 5197 in
959 5142 1128 5204 edito,
1181 5143 1493 5213 Campagna
1541 5143 1692 5197 detta
1741 5143 1923 5200 Sivas.

335 5239 564 5308 Quippe
596 5235 798 5291 civitas
831 5234 1057 5305 quidem
1089 5242 1176 5289 est
1213 5233 1396 5298 Sivas.
1454 5235 1520 5290 de
1571 5250 1679 5302 qua
1715 5235 1921 5290 dictum

341 5328 543 5397 capite
577 5327 610 5382 5
654 5345 668 5382 :
741 5327 836 5382 sed
882 5326 987 5380 hoc
1018 5327 1242 5382 nomine
1292 5341 1517 5396 campus
1548 5336 1641 5381 aut
1672 5327 1926 5397 planities

343 5420 558 5476 nobilis
602 5420 658 5473 in
707 5418 962 5473 Anatolia
1023 5418 1170 5488 quod
1225 5418 1480 5487 equidem
1509 5419 1702 5484 sciam,
1740 5420 1922 5474 nulla.

340 5513 704 5583 Quaproptee
731 5527 797 5566 ex
827 5510 1140 5573 Annalibus
1159 5509 1318 5565 Sivac
1345 5510 1741 5579 reponendum,
1779 5511 1925 5581 quod

346 5607 502 5661 idem
537 5614 621 5658 est
653 5603 768 5658 lere
795 5618 917 5657 cum
954 5601 1148 5657 Zibue.
1209 5601 1402 5658 Jovius
1459 5602 1576 5657 haec
1603 5603 1668 5656 ad
1700 5601 1927 5659 Galatiae

345 5712 581 5766 campos
641 5695 856 5761 retulit,
884 5695 974 5748 ubi
1009 5694 1170 5748 sitam
1229 5694 1306 5746 ait
1334 5693 1647 5748 Caraessar.
1684 5694 1759 5747 Ea
1791 5693 1930 5747 Tur-

349 5787 443 5842 cis
476 5794 562 5842 est
591 5785 979 5849 Carachissar,
1019 5784 1123 5838 hoc
1177 5791 1260 5838 est
1315 5800 1412 5838 arx
1476 5785 1657 5852 nigra,
1720 5801 1840 5852 qua:
1873 5785 1927 5838 in

354 5879 840 5949 bcglerbcgatibus
887 5877 1201 5934 collocatur
1233 5876 1286 5931 in
1337 5876 1574 5936 Amasis;
1627 5875 1927 5947 Toeatique

2027 4675 2095 4727 tis
2129 4673 2591 4726 cuticederentur.
2651 4666 2914 4720 Timariis
2961 4662 3150 4716 donati
3197 4667 3455 4709 vorantur
3502 4653 3593 4706 Ti—

2022 4765 2290 4824 tnariotze,
2319 4762 2405 4815 vel
2443 4758 2734 4820 Timarati,
2773 4757 2936 4809 etiam
2977 4754 3115 4821 apud
3173 4747 3590 4814 Chalcocmidy-

2025 4857 2155 4912 lem.
2188 4857 2523 4911 Garamuses
2561 4850 2833 4919 signiﬁcat
2883 4849 3097 4915 nigrum
3132 4844 3353 4896 .‘llosem.
3384 4838 3588 4891 Rapia—

2023 4950 2175 5005 sanis
2207 4965 2408 5004 nomen
2440 4947 2585 5001 idem
2623 4953 2708 4999 est
2739 4959 2863 4998 eum
2924 4940 3238 4993 Rziinadane
3282 4953 3294 4988 :
3324 4935 3468 4988 sicut
3500 4931 3593 4983 0t—

2025 5057 2174 5107 man,
2205 5041 2292 5096 vel
2318 5039 2528 5094 Odmau
2563 5037 2706 5091 idem
2736 5051 2858 5088 cum
2894 5033 3154 5086 Osmane.

2261 5133 2384 5188 187.
2425 5129 2741 5191 Tebrisium,
2773 5126 3087 5188 Tuurisium,
3113 5124 3418 5180 Caravana.

2094 5212 2430 5290 Tebrisium,
2488 5240 2635 5279 nunc
2692 5223 2912 5286 Tauris,
2970 5221 3262 5274 admodum
3319 5217 3404 5271 his
3435 5225 3594 5270 annis

2027 5320 2293 5394 innotuit,
2323 5318 2490 5373 etiam
2533 5317 2714 5385 vulgo,
2743 5313 3052 5368 Turcorum
3081 5311 3355 5378 stragibus
3389 5311 3598 5376 aliquot

2029 5415 2375 5469 nobilitatum
2413 5413 2542 5467 inde
2585 5426 2762 5489 usque
2802 5426 2830 5463 a
2872 5407 3078 5464 sultani
3134 5404 3469 5460 Soleimanis
3514 5418 3598 5456 sc-

2029 5506 2195 5561 cundi
2229 5504 2591 5573 temporibus.
2641 5500 2745 5567 Qui
2801 5501 3078 5554 Ecbatana
3138 5495 3324 5550 Medite
3376 5501 3597 5556 vocant,

2030 5614 2220 5655 errare
2285 5606 2440 5665 puto,
2484 5611 2605 5649 cum
2649 5593 2922 5648 Gedrinus
2981 5605 3100 5644 eam
3137 5587 3463 5641 Taun-zium
3499 5601 3596 5656 ap-

2031 5691 2266 5762 pellans,
2299 5685 2350 5742 in
2379 5687 2759 5742 Pcrsarmenia
2792 5684 3048 5746 collocet,
3105 5697 3268 5752 quam
3329 5680 3599 5747 hodieque

2031 5783 2295 5853 majorem
2339 5779 2532 5836 dicunt
2584 5779 2923 5834 Armeniam.
2976 5775 3035 5830 In
3079 5776 3246 5846 hujus
3288 5774 3599 5829 meditullio

2031 5875 2338 5932 chiiaium
2375 5882 2519 5928 recte
2544 5871 2736 5928 Jovitts
2766 5870 2942 5942 ponit,
2976 5879 3035 5924 nt
3088 5869 3226 5924 male
3261 5868 3596 5922 Chalcocon—
