4018 6470
413 429 520 494 85⁸1

1621 423 1952 488 JOANNIS
1976 421 2449 488 LEUNCLAVII

3595 419 3716 484 860

416 550 571 620 dyles
609 545 801 601 urbem
855 542 986 598 fecit
1023 542 1376 616 Assyriorum
1411 561 1424 598 :
1481 517 1650 614 cujus
1715 545 1992 614 interpres
2021 543 2069 605 Α
2098 541 2233 598 lent.
2275 539 2521 596 Docebat
2551 547 2739 594 autem
2775 536 2912 600 haec,
2955 542 3008 592 et
3038 534 3170 601 alia,
3213 533 3452 605 quodam
3517 535 3575 590 in
3603 549 3723 606 op-

417 643 720 704 Tabrezen,
773 645 830 693 ut
882 637 1249 693 Cedrinianus
1335 637 1689 701 Tabresium.
1745 637 1994 707 scripsit.

417 732 559 786 Jovii
600 731 932 786 sententiam
991 729 1106 784 haec
1163 729 1402 802 Aythoni
1452 729 1617 784 verba
1637 729 1993 784 conﬁrmant.

418 823 476 877 In
518 821 777 876 Armenia
813 821 1022 888 majore
1061 819 1260 875 civitas
1303 818 1546 875 Taurisii
1584 820 1855 874 {antosior
1883 826 1995 885 eat,

414 925 472 966 et
501 913 627 983 plus
655 912 781 967 aliis
817 912 1107 980 epulenta.
1169 910 1310 966 Vide
1343 912 1594 981 quedam
1656 911 1764 966 alia
1793 910 1862 965 de
1894 909 1997 964 hac

417 1003 588 1067 infra,
622 1004 803 1074 capite
833 1003 940 1060 204
974 1011 1184 1058 notata.
1225 1002 1526 1058 Caravanae
1559 1003 1760 1059 Turcis
1781 1012 1842 1058 et
1873 1003 1998 1062 alita

417 1096 798 1153 orientalibus
823 1096 1042 1166 populis
1089 1105 1223 1152 sunt
1278 1097 1564 1152 hominum
1603 1098 1825 1165 agmina
1861 1112 2002 1153 non-

421 1203 707 1258 nunquam
763 1191 1026 1253 maxima,
1079 1198 1307 1262 propter
1339 1189 1601 1246 itinerum
1674 1191 2000 1246 discrimina

418 1297 483 1337 se
526 1282 1004 1352 conjungentium.
1065 1281 1260 1352 Neque
1313 1291 1526 1336 tantum
1561 1284 1672 1339 hoc
1706 1283 1821 1339 ﬁeri
1865 1284 2004 1338 solet

422 1375 492 1429 ab
526 1375 595 1428 iis
621 1375 714 1444 qui
747 1374 1016 1429 mercium
1054 1377 1134 1429 vel
1180 1375 1665 1432 distrahendarum
1697 1391 1890 1442 causa,
1915 1377 2002 1433 vel

423 1469 950 1538 comparandarum",
979 1469 1087 1523 alio
1111 1468 1578 1537 proﬁciscuntur;
1617 1487 1806 1525 verum
1831 1471 1997 1526 etiam

426 1561 496 1616 ab
532 1561 661 1626 illis,
693 1560 787 1631 qui
808 1576 904 1630 per
922 1561 1252 1618 solitudines
1275 1563 1546 1630 Arabum,
1573 1563 1638 1617 ad
1669 1563 1997 1619 visitandam

425 1652 537 1706 voti
588 1652 672 1707 vel
715 1653 994 1723 religionis
1037 1669 1166 1723 ergo
1217 1652 1504 1710 Meccham
1557 1657 2002 1725 peregrinantur.

424 1744 766 1800 Excrescunt
795 1747 908 1801 haec
939 1747 1179 1818 agmina,
1205 1762 1320 1817 pra:
1341 1747 1719 1818 magnitudine
1752 1737 2006 1818 pet'lculi,

429 1851 828 1906 nonnunquam
881 1837 948 1892 ad
1036 1839 1228 1908 viginti
1299 1840 1384 1894 vel
1431 1839 1660 1909 triginta
1719 1839 2004 1894 hominum

377 1949 386 1959 κ
430 1930 625 1996 millia;
651 1930 834 1999 justus
880 1942 938 1987 ut
973 1933 1249 1989 exercitus
1285 1947 1432 1995 esse,
1471 1931 1774 2002 praesertim
1811 1931 1884 1986 ob
1916 1944 2012 1986 ca-
2044 1905 2088 1963 Β

431 2023 700 2078 tnelorum
745 2025 1181 2093 multitudinem,
1219 2034 1275 2081 et
1321 2026 1558 2081 aliorum
1601 2026 2012 2095 jumentorum,

430 2126 553 2179 quae
612 2115 886 2183 sagn‘iaria
935 2115 1384 2187 saginatariaquc
1442 2115 1620 2171 (ἐτωςί
1672 2125 1895 2180 vocant,
1929 2114 2014 2170 vl—

428 2207 690 2262 deantur.

433 2319 554 2375 188.
579 2319 745 2375 Scaclt
769 2322 873 2375 sive
895 2338 984 2376 rex
1013 2321 1174 2393 Persa
1185 2340 1299 2377 rum
1325 2322 1538 2386 lsmail,
1560 2334 1900 2393 cognomento
1917 2319 2014 2376 So-

502 2393 718 2459 phinus,
741 2393 1014 2458 Sophilar,
1041 2392 1385 2457 Enasserlar,
1418 2393 1570 2447 Kesil
1607 2392 1784 2448 Darsa.
1807 2394 1888 2445 An
1921 2393 2016 2446 hoc

499 2463 731 2530 primunt
785 2473 1020 2531 tempore
1070 2474 1214 2516 secta
1262 2463 1696 2532 Sophilariorum
1726 2463 2014 2518 exstiterit.

522 2575 677 2632 Licet
733 2577 787 2631 in
829 2577 1126 2633 Annalium
1160 2579 1478 2648 Appendice
1506 2587 1716 2645 nostta,
1763 2579 1830 2635 de
1851 2578 2018 2634 disci-

434 2670 543 2724 diis
589 2671 1427 2736 scctarumMahumetanarum,
1458 2672 1767 2728 Osmanicm
1820 2671 2018 2742 Sophi-

438 2776 652 2830 naeque,
689 2762 1010 2818 decennalis
1042 2764 1204 2817 initio
1244 2764 1397 2830 belli,
1431 2766 1579 2834 quod
1613 2764 1761 2819 inter
1793 2779 1889 2820 eos
1926 2781 2017 2833 ge-

437 2852 599 2915 ritur,
632 2853 880 2921 quaedam
925 2869 1073 2921 rara,
1114 2871 1212 2910 nec
1245 2856 1313 2910 ab
1351 2856 1474 2911 aliis
1515 2865 1642 2911 ante
1673 2871 1776 2912 nos
1809 2871 2019 2913 memo-

440 2945 535 3000 riae
560 2947 774 3014 prodita
822 2947 1093 3016 complexi
1163 2964 1358 3003 sumus
1414 2965 1430 3004 :
1474 2951 1578 3005 hoc
1632 2959 1814 3005 tamen
1872 2950 2018 3016 loco,

439 3057 548 3111 quo
578 3043 808 3111 primam
858 3040 1094 3097 lsmailis
1131 3042 1361 3112 Sophini
1403 3044 1737 3098 mentionem
1774 3043 2020 3098 Annales

438 3136 675 3200 faciunt,
706 3137 899 3206 paucis
941 3152 1003 3190 ea
1039 3137 1373 3204 consignare
1405 3137 1560 3202 libet,
1587 3153 1710 3206 qua:
1743 3136 1810 3190 ad
1841 3135 2017 3206 ipsius

2119 631 2251 701 pido
2280 629 2604 694 Pcharum,
2636 629 2727 685 cui
2768 643 2967 682 nomen
3017 625 3185 682 Reza.
3234 624 3400 682 Fama
3435 626 3568 680 novi
3611 624 3724 680 do-

2114 727 2308 793 ctoris,
2351 740 2617 794 novaeque
2663 725 2998 791 disciplinae,
3035 723 3196 792 longe
3254 723 3473 792 lateque
3509 724 3723 790 didita,

2113 820 2383 876 cenﬂuxit
2435 819 2502 875 ad
2567 819 2897 875 Scheichent
2947 818 3028 873 vel
3090 817 3356 872 lmamutn
3408 818 3720 874 Haidarent

2122 913 2318 984 ingens
2369 929 2399 968 e
2453 912 2641 968 Persia
2699 913 3009 982 vicinisqne
3044 909 3363 980 regionibus
3417 910 3711 966 hominum

2115 1005 2434 1062 multitudo.
2465 1005 2688 1060 Primus
2721 1013 2902 1060 autem
2942 1020 3006 1058 ex
3035 1003 3386 1075 magnatibus
3419 1009 3477 1057 et
3501 1003 3696 1074 regulis

2115 1095 2333 1154 Erdebil
2392 1113 2499 1152 non
2547 1097 2689 1151 hanc
2730 1096 3004 1151 duntaxat
3055 1094 3315 1150 Haidar'rs
3372 1095 3690 1150 sententiam

2115 1191 2538 1260 doctrinamque
2574 1189 2851 1260 probavit,
2903 1204 3094 1244 verum
3125 1189 3290 1243 etiam
3319 1202 3384 1242 ex
3432 1186 3550 1257 cjus
3573 1201 3705 1256 pra?-

2114 1282 2320 1351 scripto
2339 1297 2398 1335 se
2427 1296 2648 1353 gerens,
2679 1279 3051 1350 patrocinium
3077 1294 3261 1334 causas
3306 1279 3579 1348 suscepit,
3614 1292 3711 1330 ea-

2119 1392 2226 1448 que
2257 1375 2419 1448 471,
2457 1391 2514 1428 re
2554 1373 2929 1428 multitudinis
2965 1371 3183 1427 animos
3218 1371 3324 1426 sibi
3354 1371 3591 1425 miriﬁce
3621 1370 3718 1422 de-

2116 1470 2315 1524 vinxit.
2349 1467 2427 1522 lta
2469 1467 2727 1521 nimirum
2783 1465 2920 1520 alias
2952 1480 3171 1536 quoque
3207 1471 3422 1518 constat
3454 1461 3719 1517 homines

2115 1564 2454 1633 ingeniosos,
2479 1575 2630 1616 nova:
2661 1559 3094 1630 religionisttsos
3125 1565 3412 1629 praetextu,
3436 1554 3720 1623 insignem

2118 1655 2187 1711 ad
2221 1655 2519 1725 potentiam
2557 1654 2899 1723 pervenisse.
2934 1648 3244 1720 Tantopere
3279 1649 3498 1720 quidem
3540 1643 3724 1700 Erde-

2119 1749 2217 1818 bil,
2240 1749 2537 1820 cmteroqui
2568 1763 2678 1803 non
2714 1745 2896 1816 magni
2930 1743 3171 1800 nominis
3199 1755 3436 1812 opumve
3464 1736 3722 1807 regulus,

2121 1845 2227 1901 hac
2263 1845 2388 1898 novi
2439 1841 2718 1915 dogmatis
2761 1839 3102 1911 professione
3127 1835 3343 1891 crevit:
3380 1843 3438 1887 ut
3462 1833 3511 1886 ci
3543 1829 3723 1884 ﬁliam

2119 1951 2276 1990 suam
2315 1951 2409 1989 rex
2451 1933 2745 1989 Persarum
2779 1929 3086 1995 Cltasanes,
3119 1944 3283 1998 quem
3319 1941 3351 1980 a
3379 1922 3722 1996 proceritate

2119 2039 2347 2086 statura:
2391 2027 2731 2084 neminatum
2787 2023 2939 2084 Usun
2996 2023 3218 2080 Chasan
3258 2020 3518 2091 superius
3566 2017 3718 2071 iudi-

2119 2123 2396 2183 cavintns,
2437 2100 2794 2176 matrimonio
2846 2118 3092 2188 legitimo
3136 2116 3419 2186 copularet
3446 2153 3459 2168 .
3495 2111 3707 2182 Quippe

2122 2216 2286 2270 ﬁliam
2318 2213 2584 2270 Martinam
2605 2229 2668 2267 ex
2693 2210 3015 2267 Ecaterina
3041 2207 3344 2265 Comuenia
3367 2209 3716 2274 susceperat,

2122 2323 2286 2378 quam
2312 2307 2574 2361 Camitde
2608 2305 2760 2362 Cami
2792 2304 2965 2360 fuisse
2993 2303 3219 2365 dictam,
3257 2313 3365 2353 non
3399 2305 3546 2352 recte
3579 2295 3722 2351 scri—

2121 2410 2274 2472 ptum
2307 2401 2450 2468 apud
2481 2397 2908 2468 Spanduginum
2943 2395 3169 2465 legitur.
3199 2392 3415 2448 Etenim
3453 2391 3723 2462 gentibus

2123 2493 2190 2547 iis
2217 2493 2420 2547 Carum
2461 2490 2528 2546 de
2570 2490 2826 2544 Comnini
2879 2488 3184 2544 vocabatur
3213 2531 3229 2556 ,
3263 2485 3451 2556 priore
3484 2485 3721 2540 nomine

2119 2596 2385 2652 corrupto
2440 2584 2510 2640 de
2562 2583 2755 2640 Graeco
2797 2582 3143 2648 Ecaterine,
3169 2581 3345 2637 altero
3377 2594 3511 2635 vero
3547 2575 3718 2632 fami-

2115 2678 2228 2733 liar.
2285 2675 2424 2731 Nam
2477 2676 2838 2746 Calojoannis
2897 2673 3192 2736 Comueni.
3229 2671 3518 2744 penultimi
3575 2669 3720 2724 Tra-

2119 2769 2506 2839 pezuntiorum
2539 2769 2913 2839 imperatoris,
2958 2775 3077 2822 erat
3123 2768 3235 2822 lilia
3266 2810 3281 2834 ,
3331 2779 3498 2836 quam
3538 2763 3721 2818 Calo-

2117 2865 2325 2936 joannc
2361 2874 2601 2930 mortuo,
2636 2865 2805 2918 frater
2851 2862 3210 2930 Calojoannis
3244 2859 3444 2924 David,
3477 2859 3721 2914 ultimus

2123 2959 2424 3026 imperator
2457 2953 2882 3024 Trapezuntius,
2928 2951 3334 3009 Usumcbasani
3379 2949 3529 3005 dedit
3563 2965 3715 3004 uxo-

2123 3061 2264 3112 rem,
2302 3055 2362 3102 ut
2390 3047 2511 3116 ejus
2564 3047 2821 3117 praesidio
2861 3054 3056 3100 contra
3102 3043 3338 3098 nimium
3389 3042 3607 3096 vicinas
3658 3049 3721 3095 et

2119 3141 2356 3196 infestas
2388 3139 2491 3195 sibi
2542 3140 2686 3195 vires
2760 3138 2964 3192 sultani
3008 3135 3374 3192 Mnchcmetis
3421 3134 3587 3205 paulo
3623 3144 3716 3186 tu-

440 3227 676 3283 lsmailis
726 3229 1024 3296 originem,
1059 3228 1403 3298 principatus
1442 3229 1620 3292 initia,
1666 3235 2231 3304 progressus,ctior
2287 3243 2454 3289 esset.
2525 3232 2601 3286 Ex
2662 3232 2764 3286 hac
2822 3229 3253 3286 Usutncltasauis
3311 3228 3421 3284 ﬁlia
3494 3227 3716 3282 Martha

443 3337 531 3374 res
558 3329 740 3389 gestas
775 3322 1132 3376 illustrandas
1172 3322 1448 3390 pertinere
1488 3321 1830 3391 putabimus.
1861 3319 2025 3375 Pater

444 3409 679 3466 lsmailis
708 3412 932 3481 Sopltini
967 3412 1068 3466 fuit
1123 3399 1370 3476 Erdebil,
1424 3430 1586 3481 quem
1623 3411 1813 3469 Jovius
1841 3423 1895 3470 et
1930 3414 2022 3468 alii

448 3515 644 3559 vorant
681 3506 718 3557 Α
734 3506 974 3559 rduelem
1003 3505 1088 3560 vel
1138 3506 1509 3561 Harduellent.
1544 3506 1658 3562 lloc
1703 3508 1779 3561 illi
1812 3522 2024 3575 cogno-

445 3612 570 3649 men
631 3595 842 3650 faciunt
875 3611 904 3650 a
933 3596 1052 3650 loco
1088 3598 1327 3665 quodam
1368 3596 1593 3662 P’crsim,
1631 3597 1793 3665 cujus
1845 3596 2025 3652 domi-

446 3705 552 3743 nus
579 3697 671 3741 aut
715 3689 934 3756 regulus
994 3688 1200 3744 fuerit:
1238 3689 1417 3755 ipsum
1461 3705 1593 3745 vero
1650 3706 1848 3746 nomen
1905 3689 2026 3758 ejus

443 3782 668 3835 tradunt
705 3780 873 3835 fuisse
915 3780 1190 3838 Secaider.
1239 3782 1404 3836 Aiunt
1441 3792 1702 3851 prseterca
1753 3790 2025 3837 sectatum

448 3877 614 3928 vitam
649 3875 985 3943 religiosam,
1019 3874 1194 3928 instar
1218 3876 1570 3929 eremitarutn
1604 3875 1691 3930 vel
1717 3877 2026 3930 monacho-

446 3986 565 4022 rum
603 3978 940 4023 nostrorum.
999 3952 1235 4037 Ideoque
1263 3966 1368 4023 Sec
1408 3969 1809 4036 interpretatur
1847 3966 2028 4037 Span-

448 4063 690 4132 dngmus
723 4078 867 4116 nunc
889 4063 1165 4123 abbatem,
1202 4079 1350 4116 nunc
1384 4062 1681 4131 plebanutn
1718 4063 1831 4117 sive
1863 4075 2029 4117 enra-

451 4162 590 4216 tutn,
618 4163 674 4205 ttt
709 4153 868 4220 vulgo
923 4151 1248 4218 loquuntur,
1288 4153 1392 4205 hoc
1420 4159 1524 4216 est,
1559 4147 1869 4206 animarum
1931 4167 2030 4206 cu-

450 4263 568 4302 ram
602 4257 908 4315 gerentem.
936 4243 1050 4312 Ego
1079 4260 1203 4298 vero
1237 4247 1289 4297 in
1328 4245 1592 4314 opinione
1623 4258 1741 4296 mea
1767 4243 2027 4312 persisto,

453 4355 619 4410 quam
657 4338 814 4392 initio
844 4334 973 4392 belli
1007 4335 1214 4392 Persici
1250 4336 1511 4406 superius
1544 4335 1599 4388 in
1633 4334 2029 4403 Supplemento

453 4431 745 4485 Annalium
770 4429 1023 4498 exposui,
1057 4435 1110 4481 et
1140 4427 1306 4495 cujus
1336 4434 1619 4480 auctorem
1665 4425 1843 4480 habeo
1892 4423 2030 4479 Mat-

452 4525 621 4578 thiam
673 4524 738 4576 de
796 4520 956 4585 Faro,
1032 4522 1346 4577 Caesareum
1417 4516 1896 4586 Constantinopoli
1958 4519 2027 4572 ad

454 4615 675 4669 Portam
707 4613 1060 4668 Osmanicau:
1101 4609 1507 4679 Dragontauum
1540 4608 1621 4663 vel
1658 4609 2030 4678 interpretem:
2067 4591 2110 4647 ί)

449 4709 664 4764 diversa
698 4710 906 4764 scilicet
942 4707 1059 4760 haec
1089 4721 1212 4761 esse
1265 4706 1488 4758 nomina
1521 4703 1868 4758 diversarum
1905 4717 2034 4772 pcr-

453 4819 735 4867 sonarum,
771 4818 1006 4872 quorum
1038 4817 1180 4855 lllltls
1209 4799 1370 4852 fuerit
1403 4797 1622 4854 Erdebil
1659 4807 1814 4868 pater
1841 4799 2034 4852 lsmai-

456 4899 545 4960 lis,
589 4897 792 4950 familia
822 4906 984 4951 natus
1019 4892 1162 4962 apud
1200 4892 1400 4948 Persas
1433 4891 1658 4967 illustri,
1691 4893 2036 4962 ditionisque

454 4991 744 5058 cujusdam
777 4989 1021 5058 regulus:
1049 4989 1190 5041 alter
1220 4987 1454 5042 Scheich
1493 4986 1718 5050 llaidar,
1750 5002 1857 5039 tton
1887 4987 2036 5055 prin-

456 5100 588 5154 ccps
622 5091 714 5136 aut
750 5082 993 5151 regulus,
1029 5081 1123 5136 sed
1171 5097 1363 5136 revera
1420 5081 1492 5146 id,
1557 5080 1706 5150 quod
1738 5079 2034 5146 audiebat;

455 5179 715 5234 nimirum
759 5175 1048 5237 Selieiche,
1084 5175 1168 5228 vel
1204 5175 1378 5239 lman,
1411 5188 1648 5244 quorum
1693 5170 1828 5226 illud
1862 5171 2038 5226 homi-

457 5290 577 5326 nem
609 5270 925 5339 rcligiosum
959 5268 1215 5338 gentibus
1245 5269 1356 5324 illis
1414 5266 1712 5336 signiﬁcat,
1756 5265 1825 5320 ab
1880 5265 2041 5319 inno-

456 5364 634 5418 centia
674 5362 1158 5430 sanctimoniaque
1205 5363 1330 5416 vita:
1386 5378 1401 5415 :
1443 5362 1549 5416 hoc
1573 5376 1700 5416 vero
1731 5360 2035 5415 doctorem.

455 5455 670 5509 Etenim
705 5473 766 5508 ex
795 5457 1055 5523 Opinione
1082 5455 1204 5509 vitae
1235 5455 1495 5524 religiose
1543 5469 1607 5509 ac
1639 5454 1852 5508 duriter
1880 5459 2034 5516 actm,

461 5560 797 5602 consecutus
829 5547 1031 5618 aliquid
1067 5547 1208 5616 apud
1254 5549 1474 5616 vulgum
1513 5546 1900 5610 auctoritatis;
1940 5546 2038 5598 tri-

461 5641 568 5693 bus
591 5640 914 5696 Mahumetis
943 5643 1220 5711 prophetat
1243 5642 1443 5703 sociis,
1463 5639 1792 5704 Ebubeltire,
1815 5637 2036 5701 Omere,

463 5732 815 5801 Osmancque
867 5735 1107 5803 rejectis,
1171 5732 1315 5788 Alim
1342 5741 1600 5802 quartum
1641 5731 1920 5802 prophetae
1953 5745 2041 5785 so-

463 5829 634 5888 cium,
677 5825 1036 5892 ejusdi-nnjue
1069 5827 1540 5896 consanguineum
1570 5832 1624 5879 et
1656 5840 1918 5895 generum
1957 5840 2039 5879 sc—

466 5919 747 5990 qucndum
782 5921 835 5974 in
861 5920 1122 5975 omnbus
1153 5917 1486 5983 afﬁrmabat,
1519 5917 1563 5971 si
1589 5917 1724 5972 salvi
1759 5933 1881 5973 esse
1931 5919 2039 5973 vcl-

2131 3333 2297 3379 natus
2335 3325 2439 3378 fuit
2470 3322 2712 3377 Erdcbili
2751 3322 2898 3376 ﬁlius
2935 3321 3142 3388 lsmail,
3173 3321 3242 3376 de
3273 3335 3384 3392 quo
3413 3334 3560 3374 nunc
3596 3318 3720 3389 agi-

2129 3432 2274 3473 mus.
2298 3415 2498 3470 llabuit
2528 3416 2582 3468 in
2615 3429 2780 3483 regno
2804 3429 3188 3468 successorem
3225 3423 3477 3467 mortuus
3507 3410 3720 3466 Usutn-

2129 3512 2398 3566 chasanes
2452 3508 2714 3578 Jacupem
2753 3505 2926 3562 ﬁlium
2956 3550 2969 3570 ,
3003 3508 3096 3578 qui
3134 3508 3298 3578 vulgo
3332 3510 3400 3559 al)
3431 3506 3722 3560 historicis

2127 3602 2403 3672 Jacobbeg
2430 3643 2445 3667 ,
2480 3602 2550 3656 ab
2581 3601 2888 3656 Annalibus
2940 3601 3094 3654 hisce
3135 3600 3317 3653 sultan
3348 3598 3521 3670 Jacup
3561 3601 3721 3655 dein-

2131 3713 2262 3768 ceps
2313 3697 2368 3751 in
2424 3696 2547 3752 Vita
2611 3694 2815 3750 sultani
2875 3693 3209 3748 Soleimanis
3265 3691 3608 3747 nominatur.
3667 3693 3716 3748 is

2134 3797 2500 3861 protectorem
2525 3802 2680 3842 nova:
2705 3797 2868 3842 secta:
2890 3787 3162 3840 sororium
3193 3801 3354 3840 suum
3376 3784 3705 3851 Erdebilem,

2134 3881 2365 3935 miriﬁce
2402 3879 2513 3933 sibi
2545 3887 2890 3948 suspectum,
2925 3878 3073 3948 quod
3102 3886 3391 3932 vereretur
3425 3893 3494 3932 ne
3531 3879 3711 3948 regius

2131 3973 2335 4036 aliinis,
2365 3980 2422 4027 et
2463 3979 2631 4026 tanta:
2676 3971 3054 4026 multitudinis
3086 3970 3384 4026 devotione
3414 3969 3613 4037 fretus,
3644 3971 3720 4024 si-

2130 4065 2183 4118 bi
2233 4079 2462 4132 regnum
2505 4063 2770 4133 eriperel,
2815 4061 3050 4118 interﬁci
3087 4063 3330 4117 curavit.
3370 4062 3560 4117 Evasit
3591 4078 3724 4118 cru-

2132 4155 2271 4212 delis
2307 4156 2567 4211 avunculi
2599 4171 2798 4210 manus
2830 4155 3019 4210 lsmail
3045 4157 3342 4210 admodum
3369 4156 3721 4222 adolescens,

2131 4249 2440 4305 octodecim
2479 4247 2562 4320 (ut
2602 4247 2854 4317 plerique
2899 4248 3144 4315 tradunt)
3174 4250 3224 4303 id
3255 4251 3522 4318 temporis
3556 4261 3722 4304 natus

2138 4360 2334 4409 annos,
2375 4358 2564 4412 seque,
2603 4343 2820 4397 Mattlia
2876 4354 3050 4398 matre
3095 4344 3328 4408 comite,
3362 4345 3601 4397 contulit
3654 4346 3720 4398 ad

2133 4437 2370 4492 amicum
2430 4446 2720 4506 paternum
2778 4436 3082 4501 Pircaletn,
3118 4441 3367 4506 regulum
3400 4437 3634 4493 ditionis
3668 4448 3722 4493 et

2135 4529 2487 4584 castellorum
2539 4529 2917 4598 quorumdam
2949 4529 3014 4582 ad
3053 4545 3203 4584 mare
3257 4529 3541 4600 Caspium,
3573 4547 3725 4586 nune

2135 4620 2369 4674 Culzutn
2417 4617 2610 4672 Denizi
2668 4613 2895 4697 T‘trcis,
2951 4616 3127 4672 Belter
3175 4617 3406 4671 Culzum
3442 4617 3723 4672 Arabibus

2137 4713 2497 4782 appellatum,
2550 4725 2658 4781 quo
2708 4710 2964 4765 clausum
3004 4725 3157 4764 mare
3192 4710 3562 4779 signiﬁcatur.
3589 4709 3724 4765 istic

2136 4807 2406 4860 educatus
2455 4803 2641 4858 lsmail
2679 4817 2743 4858 ex
2793 4803 3118 4874 prtescripto
3149 4802 3429 4872 religionis
3454 4810 3720 4871 paternae,

2138 4897 2358 4952 tandem
2407 4899 2679 4953 exsdncto
2738 4912 2831 4965 per
2873 4911 3152 4950 venenum
3201 4912 3228 4950 a
3264 4893 3500 4965 conjuge
3533 4896 3722 4949 datum

2139 4987 2357 5044 sultano
2400 4987 2605 5058 Jaeupc
2656 4990 2970 5056 avunculo,
3005 4989 3230 5043 domum
3274 4987 3502 5052 reverti,
3537 4999 3726 5059 pater-

2140 5097 2331 5151 meque
2358 5081 2580 5136 ditionis
2615 5083 3020 5149 luereditatcm,
3038 5097 3163 5136 cum
3192 5081 3411 5152 oppidis
3427 5091 3480 5135 et
3501 5079 3725 5151 praediis

2142 5184 2406 5227 maternae
2463 5173 2608 5228 dotis
2655 5173 2878 5229 nomine
2927 5174 3031 5230 sibi
3069 5173 3292 5251 deditis,
3323 5173 3478 5228 adire
3505 5174 3724 5229 statuit.

2143 5265 2400 5320 Dominio
2440 5275 2690 5337 paterno
2744 5269 2974 5337 potitus,
3028 5283 3152 5321 mox
3213 5268 3444 5322 ulterius
3494 5281 3724 5338 progre-

2143 5358 2334 5413 ditur:
2369 5368 2423 5414 ct
2457 5361 2719 5415 trecentis
2758 5362 3141 5415 tantununmlo
3165 5363 3400 5430 stipatus
3426 5361 3722 5424 militibus,

2143 5449 2455 5506 Somakiam
2502 5470 2642 5524 pene
2679 5454 3062 5524 prodigiosum
3104 5455 3158 5507 in
3203 5453 3423 5507 modum
3464 5465 3720 5524 occupat.

2147 5543 2218 5597 Ea
2249 5544 2447 5600 civitas
2499 5554 2585 5600 est
2642 5545 2852 5608 Mediae,
2891 5562 3056 5616 quam
3105 5549 3271 5601 modo
3301 5545 3595 5600 Sirvanum
3631 5563 3726 5599 vo-

2143 5646 2272 5690 cant
2298 5675 2313 5699 ,
2353 5653 2415 5692 ac
2448 5653 2642 5692 versus
2671 5639 2945 5693 Armeniae
2975 5640 3202 5708 majoris
3229 5638 3366 5694 ﬁnes
3399 5654 3521 5695 sese
3547 5639 3729 5709 porri-

2143 5736 2248 5808 git.
2275 5744 2329 5786 et
2363 5733 2602 5786 Laonico
2633 5729 2950 5796 Samacltia,
2982 5728 3336 5799 Spanduglno
3371 5730 3722 5791 Snmacliies,

2144 5829 2452 5900 appellatur
2482 5842 2493 5877 :
2529 5824 2664 5878 tanti
2697 5822 2918 5894 quidem
2979 5822 3265 5884 momenti,
3296 5831 3354 5875 ιιι
3386 5838 3532 5874 anno
3564 5821 3724 5874 Clu-i-

2145 5926 2329 5977 stiano
2390 5915 2521 5972 1583
2563 5917 2610 5971 ci
2659 5925 2832 5986 capta:
2899 5915 3282 5984 lnglt‘t““‘."t!m
3327 5913 3528 5966 (bonan
3561 5914 3720 5966 bade
