4018 6424
279 411 382 477 861

1427 405 1841 471 PANDECTE
1896 406 2114 470 HIST.
2181 406 2496 470 'IUiiClC.

3440 395 3559 461 862

282 526 618 604 praefecerit.
676 526 815 581 iiine
862 525 1040 596 copiis
1107 538 1218 580 non
1276 538 1472 595 parum
1540 522 1792 579 adsuctis
1821 527 1878 576 et
1906 522 1956 583 Δ
1984 540 2154 595 supra
2190 533 2449 579 notatum
2484 486 2664 591 capite
2705 520 2762 575 9.
2794 519 3044 576 Seaehus
3066 518 3236 589 igitur
3268 514 3449 572 lsmail
3485 516 3558 572 ab

279 618 1236 685 instructis,Tebrisium,extimam
1293 617 1584 673 Persarum
1639 615 1874 683 regiam,

279 731 407 771 sese
448 710 704 777 confert,
730 726 989 779 eamque,
1012 721 1274 777 superato
1296 724 1435 783 ‘rcge
1466 709 1698 765 Alvante
1718 747 1741 772 ,_
1763 705 1878 762 sui-

282 808 402 867 tani
444 805 676 876 lacttpis
715 804 828 861 lilio
850 814 904 858 et
931 804 1494 869 successore,victor
1536 802 1591 856 in
1640 808 1876 870 potesta-

290 912 389 958 tem
423 899 644 969 redigit.
680 897 888 952 iterum
920 911 1045 951 cum
1082 895 1317 951 Aivaute
1346 908 1708 962 congressus,
1763 905 1870 944 non

283 994 448 1049 modo
475 990 732 1060 superior
766 988 994 1053 evadit,
1051 1002 1243 1041 verum
1282 988 1453 1042 etiam
1492 986 1695 1054 ipsum,
1745 998 1871 1039 cum

282 1086 564 1143 exercitus
623 1081 817 1149 majori
859 1091 1053 1151 parte.
1113 1080 1372 1135 trucidat.
1427 1079 1558 1135 inde
1606 1078 1870 1132 iiuratem

281 1174 558 1237 Cbanem,
590 1171 795 1244 (Horat
821 1170 1000 1234 Chan.
1033 1182 1088 1226 et
1125 1170 1302 1226 Iterat
1331 1170 1596 1238 beg,aiiis
1618 1168 1874 1225 nomina-

281 1276 416 1334 tur,
470 1266 788 1336 Augustino
831 1263 1061 1321 Curioni
1108 1274 1299 1318 nostro
1356 1261 1665 1333 Maraberg,
1724 1262 1869 1330 quod

283 1360 506 1431 longius
536 1357 607 1413 ab
632 1357 847 1427 origine
874 1354 1104 1426 recedit)
1152 1355 1406 1410 Aiuantis
1435 1353 1606 1409 occisi
1646 1352 1869 1408 fratrem

284 1461 615 1525 persecutus
637 1489 655 1515 .
690 1451 806 1521 pari
840 1448 1209 1519 prosperitate
1239 1456 1487 1517 superat.
1508 1446 1560 1502 is
1593 1446 1776 1502 vietus
1801 1445 1872 1502 ab

285 1547 530 1611 lsntaile,
564 1544 887 1615 Bagadatim
921 1556 1118 1597 versus
1147 1539 1386 1609 aufugit,
1407 1539 1729 1593 hodiernam
1760 1537 1870 1593 sci-

288 1643 418 1695 licet
449 1636 811 1713 Babylonem,
860 1644 1089 1704 propter
1118 1632 1313 1688 ruinas
1344 1632 1542 1702 priscae
1572 1629 1870 1701 Babylonis

286 1734 471 1792 sitam.
508 1727 699 1785 Victor
731 1726 924 1783 urbem
972 1725 1160 1781 Sciras
1181 1766 1198 1791 ,
1234 1737 1522 1778 armorum
1557 1722 1742 1777 omnis
1771 1736 1870 1792 ge-

290 1826 447 1881 neris
468 1821 759 1884 omcinam,
819 1833 849 1872 a
908 1817 1164 1874 Tebrisio
1209 1816 1402 1885 viginti
1425 1816 1639 1871 dierum
1672 1814 1869 1870 itinere

297 1917 588 1970 distantem
608 1952 625 1980 ,
651 1926 780 1969 eum
814 1908 1138 1965 victricibus
1170 1906 1349 1978 copiis
1387 1907 1502 1971 adit
1523 1915 1578 1960 et
1607 1913 1865 1976 occupat.

296 2008 374 2062 ibi
409 2008 622 2061 demum
689 2002 984 2074 insigniter
1043 2015 1207 2057 suum
1270 2002 1505 2053 armavit
1534 1999 1864 2055 exercitum.

284 2100 479 2157 Postea
510 2097 790 2169 negotium
810 2098 859 2152 ei
886 2095 986 2150 fuit
1029 2111 1155 2150 eum
1203 2092 1304 2148 Ulu
1326 2094 1514 2147 Chane
1538 2091 1866 2149 Tatarorum

283 2193 546 2260 Sieheco,
584 2205 748 2261 quem
791 2189 1128 2246 instruetqu
1187 2184 1436 2242 exercitu
1488 2193 1865 2239 trecentorum

282 2285 517 2339 millium
567 2282 817 2352 equitum
840 2320 855 2345 ,
892 2277 1115 2352 aggredi
1151 2277 1342 2348 pra'lio
1379 2292 1487 2331 non
1538 2275 1814 2331 dubitavit
1845 2292 1862 2332 :

281 2395 392 2451 quo
444 2378 719 2450 singulari
784 2376 993 2433 virtute
1048 2375 1385 2443 fortunaque
1436 2371 1613 2426 vit-tor
1665 2371 1863 2434 evasit,

280 2472 438 2529 hoste
473 2485 644 2534 caeso,
673 2468 757 2523 vel
792 2468 846 2522 in
879 2468 1039 2523 turba
1075 2464 1240 2535 (quod
1273 2464 1364 2518 alii
1389 2463 1654 2533 tradunt)
1684 2478 1712 2516 a
1746 2462 1865 2517 suis

278 2578 572 2636 oppresso.
638 2560 1042 2630 suffocatoque.
1114 2556 1357 2614 Tandem
1396 2555 1462 2610 ad
1508 2564 1586 2609 tot
1617 2554 1863 2611 illustres

277 2658 340 2713 de
374 2656 632 2729 pluribus
662 2664 853 2726 partas
879 2650 1164 2715 victorias,
1226 2648 1276 2704 is
1336 2646 1618 2703 felicitatis
1648 2646 1865 2701 exuuiae

277 2750 539 2807 cumulus
591 2745 846 2811 accessit,
896 2755 957 2800 ut
1002 2744 1276 2798 moriente
1315 2742 1369 2795 in
1416 2739 1612 2795 exsilio
1651 2737 1863 2793 Murate

276 2842 495 2909 Chane,
524 2840 753 2911 Jacupis
785 2838 919 2905 lilio,
946 2848 1002 2893 et
1037 2837 1233 2892 ultimo
1274 2833 1516 2901 herede,
1553 2848 1665 2888 non
1695 2830 1862 2887 modo

276 2932 489 2992 Persici
523 2933 677 3004 regni
710 2931 1103 3003 possessione,
1133 2928 1364 2983 sublatis
1396 2927 1633 2994 aemulis,
1674 2927 1861 2998 quieta

275 3029 578 3102 potiretur,
610 3040 811 3082 verum
846 3024 1014 3079 etiam
1048 3023 1266 3077 vicinos
1300 3024 1569 3092 quosdam
1602 3021 1858 3092 populos,

276 3134 338 3178 ac
368 3118 679 3191 prasertim
698 3115 1098 3188 Bagadatinos,
1116 3115 1171 3169 in
1196 3114 1532 3170 deditionem
1554 3112 1853 3184 acciperet.

1980 617 2572 682 aemulisﬂsmanicis,
2615 615 2861 685 aliisque
2916 614 3367 678 Mahumetanis,
3409 612 3562 665 velut

1980 718 2177 772 horum
2211 714 2628 784 antesignanus,
2647 721 2758 765 tam
2788 709 3168 779 Sophi,quam
3204 707 3361 762 Kisel
3397 708 3557 761 bassa

1983 818 2216 865 vocatus
2250 808 2358 862 fuit
2387 823 2403 873 ;
2434 821 2501 861 ae
2521 804 2729 861 mansit
2757 804 2924 860 etiam
2948 802 3091 873 apud
3122 817 3223 855 nos
3248 800 3303 853 in
3332 799 3561 854 hodier-

1978 916 2113 957 nam
2168 915 2347 969 usque
2409 899 2550 954 diem
2584 911 2787 953 nomen
2836 897 2940 951 hoc
2985 894 3223 965 posteris
3256 894 3456 962 ipsius,
3497 901 3558 946 ttt

1979 994 2215 1064 δορῆἰηί
2248 991 2618 1063 appeilentur.
2643 988 2752 1045 Nec
2776 995 2961 1043 tamen
2994 988 3052 1043 in
3082 1000 3146 1039 ea
3188 998 3309 1039 sum
3340 985 3557 1051 opinio-

1975 1102 2046 1142 ne
2078 1101 2203 1141 eum
2236 1085 2386 1150 aliis,
2423 1094 2484 1139 ut
2536 1091 2670 1138 tunc
2703 1082 2946 1152 primum
2988 1087 3179 1133 natum
3222 1078 3327 1132 hoc
3357 1076 3558 1146 Sophi-

1977 1179 2246 1233 lariorum
2277 1175 2610 1232 vocabulum
2642 1182 2856 1243 putem.
2884 1171 3103 1241 Quippe
3127 1170 3403 1225 vetustius
3432 1183 3557 1224 esse

1974 1270 2319 1339 temporibus
2349 1266 2620 1332 ismailis,
2647 1282 2712 1321 ex
2739 1264 3044 1319 Annalibus
3079 1263 3328 1318 Tureicis
3361 1270 3513 1331 paret
3539 1278 3554 1326 ;

1973 1363 2066 1433 qui
2100 1369 2364 1432 regnante
2386 1357 2732 1416 lluchemete
2765 1358 2951 1429 primo
2973 1398 2988 1423 ,
3032 1356 3290 1425 Bajazitis
3326 1368 3553 1424 proavo,

1973 1453 2274 1525 nonaginta
2326 1451 2540 1508 scilicet
2594 1450 2756 1505 anuis
2832 1455 2964 1503 ante
3021 1445 3380 1502 Scachocuiis
3412 1445 3555 1500 sedi-

1974 1550 2207 1612 tionem,
2255 1553 2312 1601 et
2339 1543 2578 1599 lsmailis
2616 1540 2933 1611 imperium,
2991 1539 3336 1610 Sophiiarios
3366 1537 3553 1592 itidem

1973 1640 2340 1694 tumultuatos
2364 1644 2824 1692 commemorant.
2844 1634 3038 1704 itaque
3068 1647 3201 1688 vero
3238 1641 3321 1686 est
3355 1631 3555 1690 simile.

1971 1736 2301 1793 Scheicltem
2330 1735 2633 1791 Haidarem
2660 1750 2771 1790 non
2807 1734 2935 1790 novi
2967 1732 3554 1812 dogmatisauctorem

1895 1827 2172 1931 Bfuisse,
2240 1826 2336 1882 sed
2396 1826 2642 1896 reliquas
2700 1820 2887 1896 potiits
2949 1839 3013 1878 ex
3076 1819 3333 1876 inccndio
3362 1816 3556 1877 veteri,

1974 1923 2246 1992 quasique
2296 1921 2511 1988 sopitas
2556 1920 2825 1975 hactenus
2887 1915 3184 1975 scintillas,
3215 1913 3401 1967 denuo
3434 1925 3558 1964 sus-

1968 2017 2173 2069 citasse
2195 2058 2210 2080 ,
2242 2026 2587 2084 prorsusque
2620 2009 2787 2066 simili
2820 2009 3035 2063 ratione
3065 2005 3338 2060 Scachum
3366 2001 3559 2055 lsmai-

1970 2107 2074 2161 lem
2135 2104 2305 2174 Sophi
2378 2116 2584 2159 nomen
2626 2103 2696 2156 ab
2730 2101 2975 2157 inimicis
3028 2100 3247 2164 tulisse,
3287 2099 3556 2166 frequens

1966 2209 2128 2253 antea
2161 2196 2415 2265 plebeiis,
2463 2195 2559 2251 sed
2593 2202 2720 2249 aute
2754 2194 2933 2263 ipsum
2964 2193 3101 2246 nuili
3124 2191 3310 2247 datum
3344 2192 3483 2259 regi.

1970 2313 2091 2369 189.
2119 2311 2223 2377 Qui
2257 2309 2470 2367 ϐυτ-ἱλιί
2508 2309 2585 2362 vel
2618 2305 2928 2377 Coridschi,
2955 2307 3044 2377 qui
3072 2303 3389 2363 ται-ωηιαηῖ
3418 2305 3547 2361 Pero

2339 2381 2457 2435 sici.
2496 2378 2825 2448 Supplicium
2856 2376 3224 2432 Scacltocufis.

2036 2474 2168 2530 Tria
2227 2482 2361 2529 sunt
2416 2464 2565 2544 apud
2621 2472 2819 2527 Persas
2888 2483 3091 2540 genera
3157 2468 3542 2523 militantium.

1968 2566 2134 2624 Primi
2162 2574 2437 2622 vocantur
2465 2566 2536 2620 ab
2569 2564 2650 2620 eis
2675 2563 3034 2628 Turcomaui,
3067 2577 3304 2631 quorttm
3330 2576 3393 2615 ea
3421 2575 3553 2616 con-

1963 2662 2105 2717 ditio
2170 2668 2279 2724 est,
2328 2672 2455 2728 qua:
2480 2657 2817 2712 vasallorum
2852 2656 2993 2726 apud
3028 2670 3152 2720 nos,
3182 2669 3323 2724 quos
3361 2652 3552 2709 feuda-

1967 2753 2143 2808 tarios
2193 2749 2555 2821 appellamus.
2591 2745 2655 2801 Et
2706 2758 2834 2801 sunt
2869 2746 3013 2817 apud
3046 2761 3143 2801 eos
3171 2746 3330 2801 feuda
3366 2760 3554 2816 perpe-

1965 2855 2077 2911 tua,
2116 2859 2241 2915 quae
2273 2856 2300 2896 a
2329 2842 2655 2912 parentibus
2685 2839 2750 2893 ad
2777 2838 2982 2894 liberos
3005 2847 3059 2894 et
3085 2848 3337 2908 posteros
3364 2839 3554 2892 devol-

1963 2942 2190 3002 Vuntur,
2226 2934 2455 3004 sequius
2512 2948 2574 2987 ac
2643 2929 2840 2987 Turris
2882 2940 2969 2985 cst
3014 2930 3071 2984 in
3103 2946 3261 3000 ,usu.
3319 2930 3551 2995 Quoties

1964 3032 2131 3100 igitur
2152 3028 2377 3098 hijussu
2397 3026 2541 3096 regis
2561 3036 2884 3089 evocantur,
2908 3036 2974 3079 eo
3006 3038 3127 3077 cum
3160 3023 3409 3094 equitum
3447 3037 3552 3077 nu-

1963 3141 2118 3182 mero
2179 3138 2236 3177 se
2292 3121 2404 3190 regi
2445 3121 2670 3184 sistunt,
2730 3133 2892 3189 quem
2956 3117 3225 3171 rationem
3260 3117 3549 3171 feminrum

279 3216 402 3272 Haec
435 3215 506 3270 de
537 3211 779 3269 lsmaiiis
810 3208 1044 3280 Sophini
1082 3208 1319 3277 origine,
1360 3219 1739 3275 prospereque
1767 3218 1860 3261 re-

1969 3218 2239 3275 adducere
2295 3222 2569 3268 tenentur.
2628 3211 2794 3266 Alteri
2863 3211 3117 3265 dicuntur
3180 3210 3394 3264 Cnt'izzi
3458 3208 3543 3264 vei

280 3327 399 3368 rum
429 3321 725 3373 successu,
759 3319 871 3375 quo
899 3303 1004 3359 sibi
1035 3304 1267 3371 suisque
1302 3315 1531 3369 regnum
1567 3298 1850 3356 Persicum

282 3393 1019 3472 Madeonstabiiivit,
1066 3392 1335 3448 hactenus
1384 3391 1476 3447 hic
1525 3393 1853 3461 exponenda

293 3493 559 3565 Ini-us;
606 3490 745 3545 Nam
799 3488 941 3543 bella
984 3486 1247 3555 deinceps
1274 3500 1397 3539 cum
1431 3483 1762 3551 Ormanidis,
1786 3496 1852 3539 ac

300 3570 838 3653 Seha'ﬁprasertim
893 3584 1070 3649 gesta,
1124 3590 1228 3632 suo
1274 3574 1401 3631 loco
1429 3574 1587 3631 nobis
1611 3573 1856 3630 Annales

294 3675 397 3748 ipsi
420 3674 640 3731 dabunt.
669 3673 752 3726 Ab
772 3669 1093 3727 Osmanidis
1127 3668 1176 3723 ei
1204 3665 1375 3737 Sophl
1395 3672 1853 3736 cognomentum,

284 3772 559 3830 aliae-lia
616 3771 815 3835 bassat,
876 3783 975 3837 per
1032 3763 1393 3835 ignominiam
1457 3762 1559 3818 fuit
1589 3762 1852 3817 inditum.

275 3866 486 3923 Prioris
534 3864 820 3919 notionem
872 3858 1159 3930 attigimus
1189 3870 1383 3927 supra,
1413 3857 1590 3927 capite
1616 3855 1708 3908 8i.
1734 3854 1853 3909 Non

271 3977 302 4017 a
333 3960 537 4018 Graec
560 3956 782 4026 Sophos
816 3950 1113 4007 deductum
1140 3958 1247 4015 est,
1270 3951 1417 4020 quod
1450 3957 1637 4003 tamen
1663 3947 1861 4004 existi-

268 4070 425 4110 mare
457 4049 734 4123 quosdam
760 4046 947 4112 video,
973 4043 1066 4115 qui
1096 4059 1125 4097 a
1153 4044 1445 4099 Persarum
1479 4040 1649 4112 Magis
1679 4051 1732 4096 et
1758 4035 1859 4096 So:

267 4150 391 4221 pnis
427 4141 848 4214 antiquissimis
888 4145 1169 4208 sumptum
1199 4150 1399 4190 nomen
1425 4148 1727 4205 usurpasse
1757 4133 1860 4187 So-

262 4243 476 4313 pbinos
514 4238 707 4292 volunt
739 4251 756 4302 ;
808 4232 907 4290 sed
956 4246 987 4286 a
1044 4228 1240 4300 Sophi,
1277 4228 1515 4284 Arabica
1544 4243 1702 4292 voce,
1736 4241 1859 4296 qum

264 4339 453 4391 lanam
513 4327 810 4400 signiﬁcat.
870 4325 1090 4394 Quippe
1142 4339 1273 4379 eum
1322 4320 1742 4381 Mahumetani,
1800 4328 1859 4375 et

262 4426 587 4499 praesertim
621 4420 929 4485 Osmanici,
970 4433 1124 4473 more
1162 4415 1361 4481 veteri,
1397 4415 1679 4485 tuiipanto
1710 4415 1861 4468 lineo

260 4517 628 4578 subtilissimi
661 4516 849 4585 operis
872 4520 1037 4583 caput
1058 4512 1370 4572 involvunt,
1397 4522 1534 4561 nova
1568 4507 1721 4561 istaec
1753 4504 1862 4560 So-

1959 3308 2276 3375 Coridsclti,
2313 3307 2423 3376 1111i
2470 3305 2765 3375 stipendiis
2796 3304 3056 3358 militant.
3103 3301 3168 3355 Et
3200 3303 3307 3355 alia
3339 3303 3546 3369 stipen-

1961 3404 2050 3460 dia
2082 3408 2276 3469 reapse
2299 3413 2408 3452 non
2441 3407 2570 3452 sunt
2594 3397 2736 3464 apud
2758 3396 2977 3461 Persas,
3004 3410 3167 3464 quant
3196 3409 3319 3460 qua!
3344 3394 3553 3449 Cra-cis

1961 3492 2272 3564 σιτηρέσια,
2314 3488 2578 3544 Romanis
2617 3503 2850 3542 annona:
2901 3487 3165 3541 militares
3190 3485 3552 3541 nominaban-

1962 3595 2095 3640 tur:
2134 3596 2222 3638 res
2275 3582 2539 3636 nimirum
2585 3580 2652 3635 ad
2707 3580 2969 3635 alimenta
3016 3579 3389 3648 pertinentes,
3422 3595 3553 3631 cum

1961 3677 2142 3746 equis,
2175 3673 2420 3731 vestibus
2452 3710 2469 3735 ,
2502 3672 2674 3726 armis
2696 3711 2710 3735 ,
2747 3671 3001 3724 tentoriis
3029 3713 3042 3737 ,
3087 3671 3328 3725 caeteris.
3363 3669 3546 3723 Tertii

1962 3776 2223 3825 constant
2277 3780 2308 3820 e
2368 3765 2543 3835 copiis
2604 3764 2972 3819 auxiliaribus
3032 3762 3541 3819 cenfmdcratorum

1965 3865 2433 3933 finitimarumque
2458 3861 2729 3932 gentium,
2760 3862 3144 3914 Armeniorum
3180 3859 3451 3918 videlicet,
3480 3874 3544 3912 ac

1963 3956 2405 4037 (icorgianorum
2446 3974 2460 4011 :
2501 3954 2593 4023 qui
2630 3952 2950 4025 religionem
3006 3952 3378 4008 Christianam
3417 3966 3545 4020 pto-

1967 4048 2213 4115 fitentur,
2247 4046 2300 4102 in
2329 4044 2525 4101 Persas
2544 4045 2827 4115 propensi,
2865 4041 3065 4098 Turcis
3095 4042 3306 4098 ittft'Sli.
3334 4040 3544 4109 Vulgus

1966 4139 2132 4209 igitur
2157 4138 2413 4202 istorum,
2446 4139 2538 4208 qui
2564 4135 2948 4192 Seachocuiim
2980 4137 3154 4192 secuti
3184 4136 3400 4202 ducem,
3434 4146 3542 4189 tatu

1967 4231 2267 4287 crudeliter
2307 4231 2581 4285 hactenus
2630 4233 2863 4300 grassati
2899 4231 3106 4297 passim
3140 4229 3375 4292 fuerant,
3421 4246 3542 4283 sca-

1965 4326 2107 4377 ehus
2143 4322 2324 4377 lsmail
2354 4337 2453 4376 ceu
2481 4322 2755 4390 mancipia
2788 4318 3074 4374 distribuit
3095 4322 3239 4372 inter
3289 4334 3546 4388 proceres

1967 4430 2120 4481 suos,
2170 4431 2279 4485 quo
2328 4414 2554 4469 nomine
2627 4413 2852 4478 sultaui,
2922 4412 3159 4473 Cbanes,
3212 4412 3543 4465 Turcomaui

1970 4504 2156 4563 Persis
2226 4507 2460 4561 veniunt
2493 4524 2506 4561 :
2559 4509 2740 4577 capite
2781 4522 2913 4561 vero
2941 4505 3337 4559 seditiosorum
3375 4507 3546 4559 truri-

258 4615 641 4687 philariorum
708 4608 899 4679 religio
958 4604 1214 4676 praecipit
1245 4604 1392 4661 inter
1423 4602 1552 4666 alia,
1586 4615 1655 4654 ne
1693 4604 1858 4668 caput
1894 4613 1938 4668 υ
1967 4601 2150 4658 danda
2226 4601 2496 4666 Corizzis,
2552 4603 2656 4655 hoc
2709 4606 2817 4661 est,
2870 4597 3245 4666 stipendiariis
3278 4596 3544 4651 militibus

257 4710 414 4766 fastu
456 4704 702 4776 qundam
735 4700 896 4755 lineis
924 4697 1199 4768 ejusmodi
1262 4695 1433 4765 spiris
1477 4703 1728 4760 ornetur,
1760 4691 1860 4748 sed

257 4810 320 4855 nt
370 4803 701 4869 tegumenta
757 4792 1003 4861 capitum
1035 4803 1067 4842 e
1095 4789 1242 4850 lana,
1269 4802 1378 4840 non
1410 4800 1607 4856 magna
1648 4800 1707 4839 re
1742 4798 1867 4852 pre-

254 4892 346 4955 tii,
385 4885 788 4946 conficiantur.
827 4882 897 4937 Et
924 4880 1054 4950 quia
1088 4880 1305 4933 laneum
1338 4878 1442 4932 hoc
1483 4884 1862 4948 tegumentum

253 4981 495 5053 capitis,
531 4992 643 5044 quo
676 4984 874 5045 praeter
904 4973 1140 5027 aliorum
1199 4969 1710 5024 Mahumetanorutu
1749 4984 1864 5023 mo-

254 5091 379 5130 rem
419 5072 483 5126 hi
524 5084 671 5124 nunc
712 5075 949 5123 utuntur
979 5106 994 5131 ,
1030 5065 1205 5135 pliraa
1251 5064 1415 5116 habet
1454 5064 1769 5128 duodecim,
1807 5069 1862 5116 et

256 5168 517 5221 Arabica
555 5178 657 5215 vos
720 5160 987 5224 Enasser,
1015 5159 1307 5212 duodecim
1339 5155 1613 5225 SIgnificat
1648 5156 1858 5222 ;etiam

253 5260 423 5315 aliud
461 5270 664 5311 nomen
715 5250 1231 5308 Enasserlariorum
1276 5250 1556 5303 consecuti
1612 5257 1764 5314 sunt,
1796 5262 1861 5304 ac

253 5355 303 5408 si
341 5353 549 5408 Graeco
587 5346 860 5401 vocabulo
891 5343 1043 5400 dicas
1078 5340 1551 5411 Dodecaptychos,
1585 5352 1681 5395 aut
1714 5338 1861 5397 Lati-

255 5464 335 5502 no
397 5439 903 5508 Duodecimplices.
952 5435 1093 5491 Cum
1145 5434 1391 5504 denique
1450 5443 1668 5503 tegmen
1710 5433 1860 5504 ejus-

255 5539 420 5594 modi
493 5534 663 5589 rubro
719 5534 989 5586 duntaxat
1042 5529 1226 5584 colore
1259 5529 1489 5581 tim-tum
1520 5537 1733 5598 gestare
1768 5540 1858 5582 so-

257 5632 448 5693 leant,
480 5622 920 5681 Kiselbassilarii
944 5636 1166 5691 quoque
1199 5619 1331 5674 dicti
1366 5631 1492 5675 Sttttl
1520 5660 1535 5684 ,
1568 5619 1735 5675 veluti
1767 5636 1859 5675 ca-

260 5723 383 5792 pita
424 5721 614 5773 rubra.
652 5715 912 5769 Solebant
949 5722 1130 5768 autem
1168 5725 1294 5766 ante
1331 5713 1446 5767 haec
1488 5711 1670 5765 \‘ocziri
1723 5721 1858 5765 tent-

258 5829 407 5884 pora
448 5810 628 5866 Persa:
655 5808 856 5863 Turcis
888 5806 1121 5861 Aiemini
1169 5805 1254 5859 vel
1296 5804 1541 5858 Azemini
1577 5802 1740 5875 472
1783 5804 1854 5858 εἰς

259 5915 365 5961 cut
403 5912 457 5959 ct
482 5907 600 5976 ipsa
630 5903 781 5975 regio
811 5901 1107 5957 Persarum
1150 5898 1346 5954 iisdem
1382 5908 1465 5955 cst
1494 5899 1671 5963 Aictn,
1702 5900 1847 5969 quod

1969 4695 2108 4758 suis,
2134 4693 2360 4761 obiecit.
2393 4694 2511 4751 iioc
2540 4691 2916 4753 memorabile,
2940 4689 3085 4758 quod
3120 4689 3258 4759 apud
3293 4688 3544 4758 Spandu-

1965 4788 2156 4856 ginqu
2197 4784 2417 4854 legitur,
2456 4796 2744 4840 auctorem
2778 4792 2887 4838 tam
2921 4781 3080 4836 foedae
3113 4781 3414 4851 lrztgtntliae,
3450 4782 3540 4850 qui

1966 4890 2027 4931 se
2075 4874 2488 4942 Scachoculim,
2535 4873 2689 4928 velut
2714 4873 2896 4927 scachi
2930 4869 3263 4938 mancipium
3298 4870 3542 4939 appella-

1966 4976 2141 5028 verat.
2198 4967 2266 5021 al)
2323 4967 2448 5021 aliis
2496 4980 2628 5022 vero
2681 4965 2995 5019 nominatus
3041 4963 3112 5017 ob
3144 4962 3542 5016 immanitatem

1967 5060 2150 5115 fuerat
2209 5059 2395 5116 Scitau
2454 5059 2571 5115 Culi
2596 5100 2610 5123 ,
2645 5057 2761 5113 sive
2793 5055 3011 5112 Satanae
3046 5058 3399 5125 mancipium,
3429 5058 3541 5108 lau-

1964 5153 2135 5207 dabili
2167 5153 2478 5207 severitatis
2518 5150 2779 5220 exemplo
2808 5150 3013 5213 vivum,
3045 5149 3113 5202 de
3149 5152 3423 5203 sententia
3458 5165 3542 5200 re~

1964 5248 2050 5319 gis
2100 5246 2363 5313 lsmailis,
2421 5244 2477 5301 in
2546 5242 2795 5299 flammas
2850 5245 3161 5312 coniectum
3198 5253 3251 5295 et
3286 5242 3583 5295 exustum‘

1964 5339 2162 5397 fuisse.

1964 5476 2085 5532 190.
2113 5475 2291 5530 Holus
2309 5473 2524 5531 Seiimis
2545 5475 2799 5530 adversus
2831 5484 3033 5541 patrem
3070 5473 3390 5541 Bajazitem.
3413 5476 3540 5527 Pre-

2032 5549 2170 5616 copii
2222 5544 2430 5610 Tatari,
2471 5544 2618 5601 Clum
2651 5545 3292 5616 Precopiorun_t_Polouia:
3325 5562 3427 5613 reg»
3453 5562 3541 5600 unt

2031 5613 2218 5740 gnibit,
2281 5615 2537 5687 Beligrud
2598 5615 2666 5668 ad
2722 5631 2932 5669 amnem
2989 5613 3292 5682 Nesterem,
3326 5617 3538 5687 Segurm

2066 5704 2207 5743 assa.

2034 5801 2358 5873 Drjt'cturus
2416 5800 2644 5869 imperio
2702 5807 2909 5867 patrem
2961 5797 2999 5854 S
3038 5800 3215 5864 limes,
3248 5816 3354 5853 non
3405 5800 3537 5853 'i‘ta-

1959 5905 2190 5969 pczuute
2227 5912 2325 5967 pter
2378 5896 2560 5952 Asiam
2611 5893 2873 5950 minorem
2919 5894 3193 5965 profectus
3226 5893 3359 5958 fu.t,
3391 5892 3535 5961 quod
