4018 6476
419 423 528 488 853

1626 425 1952 488 JOANNIS
1990 425 2463 487 LEUNCLAVII

3575 421 3687 490 864

425 544 674 598 futurum
733 541 964 607 videret,
1001 551 1062 598 ut
1096 559 1124 597 a
1161 543 1454 608 fratribus,
1487 543 1758 600 Achmete
1793 543 2002 600 Corcu-
2029 544 2074 604 Δ
2105 541 2281 598 diare.
2319 543 2522 598 Contra
2569 539 2920 597 Christianos
2978 552 3224 610 pugnare
3281 537 3413 592 vis?
3458 536 3535 592 Do
3583 539 3690 594 tibi

426 644 614 704 teque,
643 637 742 692 hoc
775 639 826 689 in
855 637 1051 690 itinere
1082 636 1444 705 impediretur
1469 653 1485 702 ;
1512 635 1607 692 sed
1643 635 1816 691 Cofen
1838 675 1855 702 ,
1882 650 2004 704 qua!

426 729 635 782 nostris
678 738 766 782 est
817 727 1042 797 Capha,
1073 743 1174 782 ceu
1213 729 1419 782 dictum
1461 728 1641 796 capite
1672 725 1812 790 148,
1855 734 2006 780 trans

427 835 577 873 mare
616 817 840 887 Nigrum
901 821 1218 889 navigavit;
1259 835 1368 888 quo
1427 819 1548 873 loco
1606 829 1736 873 tunc
1789 816 2008 872 Heche-

431 912 589 966 metis
637 909 965 965 Tatarorum
1003 911 1210 967 Chanis
1238 912 1403 966 tiliam
1437 927 1545 966 non
1574 911 1730 965 duxit
1755 925 2005 977 uxorem,

430 1001 509 1053 ttti
531 999 819 1055 Geufrteus
842 1001 1089 1070 scripsit,
1115 1017 1239 1058 cum
1264 1019 1328 1057 ex
1357 1018 1420 1058 ea
1443 1002 1612 1056 ﬁlium
1636 1001 2005 1057 Soleimanem

432 1095 538 1147 hoc
586 1092 709 1161 ipso
765 1102 1011 1161 tempore
1054 1095 1434 1150 novemdeeim
1468 1097 1591 1165 plus
1623 1095 1807 1150 minus
1835 1108 2010 1161 annos

432 1192 643 1246 natum,
693 1184 920 1238 haberet
956 1203 970 1249 ;
1013 1185 1107 1239 sed
1167 1187 1463 1241 auxiliares
1517 1203 1546 1239 a
1596 1201 1789 1242 socero
1821 1186 2009 1256 copias

434 1275 774 1342 impetravit,
829 1274 1032 1343 quibus
1086 1275 1391 1332 Mecbcntet
1444 1276 1616 1332 Tatar
1649 1277 1822 1340 Chan,
1856 1287 2010 1347 pater

431 1366 604 1419 tilium
664 1366 936 1434 prtefecit,
982 1367 1308 1437 Chanoglim
1344 1369 1412 1423 ab
1451 1369 1733 1425 historicis
1774 1368 2010 1439 appella-

434 1469 570 1520 tum,
625 1458 730 1510 hoc
783 1467 864 1512 est
907 1459 1114 1514 Chanis
1161 1463 1280 1517 sive
1311 1463 1458 1530 regis
1481 1462 1670 1516 Tatari
1702 1463 1898 1516 ﬁlium.
1941 1462 2008 1516 Hi

437 1565 568 1602 νιτο
601 1550 785 1602 Tatari
821 1554 1085 1619 peculiari
1143 1555 1510 1623 appellatione
1560 1554 1808 1625 Precopii
1838 1556 2012 1609 nomi-

438 1651 665 1704 nantur,
692 1659 720 1695 a
747 1660 881 1698 voce
911 1643 1144 1715 Precop,
1172 1647 1517 1714 signiﬁcante
1551 1647 1779 1702 fossam.
1801 1648 2012 1717 Quippe

441 1735 626 1788 ductis
675 1733 727 1786 in
789 1735 996 1788 Isthmo
1028 1752 1054 1786 a
1093 1737 1229 1789 ntari
1265 1737 1332 1790 ad
1361 1752 1510 1792 mare
1551 1737 1740 1800 fossis,
1770 1753 1797 1790 a
1837 1740 2012 1793 conti-

444 1825 594 1878 nenti
628 1823 921 1878 Tauricam
948 1825 1354 1881 Chersonesum
1393 1827 1538 1881 velut
1565 1826 1888 1881 abscindere
1913 1841 2008 1880 co-

2116 635 2350 690 vicinam
2403 634 2638 706 Ungaris
2688 631 3093 688 Semendriam.
3153 630 3254 684 llic
3307 629 3697 696 Rhodus,hic

2114 727 2280 782 salta.
2329 725 2543 780 Dictum
2574 739 2706 778 vero
2742 723 2998 793 superius
3025 723 3092 777 de
3124 721 3476 785 Semendria,
3510 723 3699 789 capite

2115 817 2477 886 nonagesimo
2499 831 2665 870 nono.
2691 813 2942 870 Perrexit
2974 813 3098 868 inde
3129 811 3398 882 Zagoram
3430 810 3693 877 Selimes,

2114 925 2279 980 quam
2336 911 2522 981 capite
2570 909 2850 964 tricesimo
2881 909 3042 962 tertio
3071 908 3312 962 diximus
3345 907 3691 976 sexagesimo

2115 1006 2183 1058 ab
2240 1002 2636 1072 Hadrianopoli
2667 1001 2876 1056 distare
2903 999 3163 1054 trilliario
3193 997 3405 1054 Graeco.
3435 997 3535 1051 Hic
3560 1013 3680 1051 eum

2117 1097 2482 1166 Malcozoglis
2504 1136 2518 1160 ,
2554 1105 2614 1150 ct
2655 1096 2743 1151 alii
2774 1094 2996 1164 quidam
3028 1092 3304 1154 adierunt,
3336 1090 3553 1144 excitati
3588 1105 3674 1142 ru-

2121 1207 2274 1246 more
2304 1207 2403 1263 per
2433 1192 2613 1260 ipsum
2641 1205 2836 1260 sparso
2859 1231 2874 1254 ,
2909 1189 2976 1243 de
3010 1187 3151 1242 bello
3180 1183 3512 1241 Christianis
3544 1183 3679 1237 inle-

2117 1285 2315 1344 rendo.
2340 1297 2608 1351 suamque
2627 1281 2818 1335 Selimi
2840 1294 3062 1351 Operam
3099 1278 3437 1332 obtulerunt.
3473 1273 3525 1329 Is
3556 1289 3689 1329 vero

2121 1382 2361 1430 secretas
2423 1379 2482 1426 ut
2530 1371 2701 1424 animi
2762 1371 2844 1424 sui
2902 1368 3270 1437 cogitationes
3325 1365 3582 1421 nonnihil
3614 1365 3699 1418 eis

2121 1466 2382 1534 aperiret,
2416 1472 2571 1532 grata
2598 1464 2700 1518 sibi
2725 1460 3011 1532 respondit
3044 1461 3291 1529 ipsorum
3318 1471 3443 1513 esse
3487 1458 3698 1510 studia.

2121 1557 2407 1626 Siquidem
2437 1558 2503 1610 ad
2533 1555 2823 1625 imperium
2854 1552 3216 1623 pervenisset,
3243 1565 3352 1603 non
3381 1549 3542 1603 modo
3563 1547 3705 1602 ﬁnes

2119 1647 2392 1702 Osmanici
2430 1645 2579 1715 regni
2637 1645 3030 1714 prolataturutn
3056 1679 3071 1705 ,
3112 1656 3299 1696 verum
3346 1639 3493 1708 ipsos
3536 1638 3706 1691 etiam

2120 1741 2408 1796 universos
2441 1738 2690 1791 maximis
2707 1737 2994 1791 beatnrum
3023 1733 3376 1803 dignitatibus
3405 1743 3457 1784 et
3482 1733 3708 1800 opibus.

2125 1832 2241 1887 Hac
2285 1830 2500 1885 vafritie
2555 1827 2660 1884 sibi
2727 1829 2943 1883 animos
2980 1841 3173 1879 eorum
3211 1823 3570 1890 conciliabat,
3611 1823 3709 1892 qui

443 1917 556 1969 nati
583 1924 734 1969 sunt.
767 1914 878 1981 Qui
913 1932 1059 1969 nunc
1087 1915 1624 1987 Precopiisimperat
1645 1919 1822 1984 Chan,
1849 1933 2022 1987 nuper
2058 1903 2096 1955 Β
2129 1923 2428 1992 caeteroqui
2483 1935 2637 1974 more
2696 1919 2984 1974 hominum
3016 1917 3238 1971 mallent
3272 1915 3544 1972 orientem
3577 1917 3712 1970 ado-

447 2007 516 2062 ad
557 2007 789 2062 Comitia
838 2009 1226 2063 Polonicorum
1281 2009 1563 2073 ordinum,
1625 2009 1866 2064 creando
1897 2024 2023 2080 rege

447 2107 570 2167 post
609 2100 815 2152 obitum
849 2098 1132 2173 Stephani.
1167 2099 1310 2170 regis
1376 2101 1579 2156 indicta
1607 2141 1624 2168 ,
1653 2116 1782 2154 suos
1813 2113 1867 2156 et
1895 2103 2014 2170 ipse

448 2190 657 2257 legatos
709 2190 1019 2258 tnisit,~qui
1075 2205 1298 2259 regnum
1333 2205 1434 2245 suo
1483 2192 1706 2248 nomine
1734 2191 2022 2245 ambirent.

453 2279 548 2334 llis
586 2282 638 2333 in
677 2282 949 2335 mandatis
1009 2281 1276 2346 dederat,
1327 2284 1563 2351 primum
1617 2285 1693 2337 uti
1729 2283 2023 2353 potentiam

451 2389 606 2427 suatn
651 2373 868 2428 Polouis
911 2375 1310 2440 ostenderent,
1352 2376 1445 2445 qui
1499 2375 1774 2444 myriades
1817 2377 2028 2446 aliquot

452 2466 700 2532 equitum
751 2465 867 2518 suis
915 2474 970 2518 et
1020 2465 1182 2519 terris
1230 2475 1422 2534 posset
1457 2467 1523 2519 ad
1555 2465 1803 2520 Polouiae
1837 2464 2029 2519 defeno

457 2557 670 2608 sionem
737 2555 994 2609 educere.
1038 2555 1244 2610 Deinde
1279 2556 1510 2624 proponi
1535 2555 1725 2625 jussit,
1756 2554 2024 2624 irugalem

461 2646 745 2699 habituros
779 2661 987 2712 regem,
1019 2648 1112 2713 qui
1150 2648 1350 2714 spretis
1377 2647 1505 2700 aliis
1539 2647 1876 2716 snmptuosis
1898 2661 2032 2716 epu-

459 2739 552 2803 lis,
590 2737 656 2791 ad
719 2753 776 2791 se
800 2737 1034 2791 dandam
1069 2738 1267 2793 famem
1299 2739 1570 2794 duntaxat
1600 2739 1858 2809 equinam
1888 2739 2030 2808 aequi

462 2830 705 2899 bonique
765 2829 945 2885 faciat.
1003 2829 1160 2897 Quod
1205 2831 1442 2898 denique
1479 2831 1798 2902 religionem
1835 2832 2034 2886 attine-

463 2917 584 2986 ret;
617 2920 870 2974 Pontifex
901 2921 1124 2991 (inquit)
1150 2929 1302 2986 tuus,
1326 2921 1578 2977 Pontifex
1605 2938 1790 2990 meus;
1828 2922 2034 2978 Lutbe-

464 3029 560 3067 rus
593 3022 745 3076 tuus,
771 3014 1050 3067 Lutherus
1085 3030 1238 3069 meus
1269 3021 1412 3068 esto.
1437 3013 1572 3080 Quae
1604 3014 1802 3084 legatio
1834 3030 2035 3084 magno

463 3121 589 3160 cum
633 3106 745 3158 risu
783 3105 882 3158 fuit
908 3115 1162 3174 excepta.
1199 3103 1306 3160 Sed
1341 3107 1404 3159 ad
1447 3104 1704 3160 Selimem
1747 3114 1806 3161 ut
1844 3107 2036 3162 redea-

2129 2030 2252 2070 rare
2281 2015 2478 2081 solem,
2512 2027 2674 2082 quam
2710 2009 3073 2064 occidentem.

2204 2127 2326 2183 192.
2349 2126 2458 2182 Cur
2492 2123 2758 2194 Bajazites
2783 2117 3298 2188 Constantinopolim
3328 2117 3642 2188 properarit.

2199 2220 2360 2275 Putat
2415 2234 2478 2272 ea
2539 2219 2606 2271 de
2680 2231 2842 2271 causa
2915 2213 3305 2284 Spanduginus
3369 2209 3715 2278 Bajazitem,

2130 2311 2413 2366 intellecto
2484 2308 2704 2364 Selimis
2737 2307 2992 2369 adventu,
3039 2299 3432 2370 Hadrianopoli
3492 2299 3718 2360 relicta.

2129 2400 2658 2469 Constantinopolim
2706 2411 3035 2469 properasse
3069 2437 3083 2463 ,
3121 2410 3189 2449 ne
3252 2393 3391 2448 ﬁlius
3441 2391 3727 2460 perceptis

2133 2495 2294 2564 regiis
2331 2492 2627 2556 thesauris,
2674 2505 2814 2560 quos
2849 2490 3026 2556 capite
3079 2486 3182 2541 159
3231 2483 3726 2551 Constantinopoli

2133 2586 2398 2642 custodiri
2433 2585 2672 2641 diximus
2707 2584 2760 2637 in
2791 2597 2917 2638 arce
2943 2580 3188 2637 Jedicula
3214 2579 3296 2635 vel
3324 2577 3728 2648 Heptapyrgio,

2133 2679 2319 2734 nervis
2351 2677 2564 2731 scilicet
2593 2674 2726 2730 belli
2763 2675 3234 2745 gerendarumque
3283 2684 3462 2725 rerum
3507 2668 3732 2736 potitus

2137 2783 2304 2838 regno
2335 2780 2542 2838 patrem
2583 2774 2828 2821 exueret.
2861 2765 2938 2818 Ad
2991 2764 3132 2818 hanc
3159 2775 3377 2816 causam
3427 2757 3640 2814 accedit
3672 2764 3734 2813 et

2137 2863 2254 2926 illa,
2311 2862 2456 2928 quod
2509 2858 2712 2912 amissa
2775 2855 2990 2925 imperii
3047 2855 3192 2920 sede,
3256 2853 3325 2908 de
3375 2852 3495 2907 suis
3549 2850 3736 2908 rebus

2138 2963 2318 3009 actum
2361 2951 2634 3020 Bajazites
2666 2965 2792 3005 esse
2825 2949 3066 3005 videbat.

2142 3070 2244 3123 195
2314 3065 2484 3120 Locus
2541 3063 2630 3133 ubi
2684 3063 2866 3133 praelia
2902 3075 3222 3133 congressus
3268 3066 3510 3133 est__c_um
3539 3064 3736 3133 Δῃςιειτ

2211 3137 2426 3192 Selimes
2457 3174 2471 3196 ,
2513 3124 2693 3196 Zorli;
2734 3135 2970 3188 Saranta
3002 3124 3300 3196 'Ecctisies,
3357 3126 3489 3181 Kirc
3529 3124 3736 3191 Clisse,

471 3213 616 3263 mus,
641 3199 685 3252 is
735 3198 919 3266 Capha
977 3198 1288 3262 discedens,
1343 3196 1543 3252 Chilitn
1604 3198 1759 3265 adiit,
1801 3199 1870 3254 de
1927 3213 2108 3294 quac
2211 3204 2759 3276 curabutyc,Setimis
2797 3219 2979 3273 equus.

471 3289 676 3342 dictum
727 3289 903 3356 capite
964 3287 1067 3342 159
1096 3305 1109 3353 ;
1168 3288 1298 3342 hinc
1332 3289 1682 3360 Beligradum
1709 3293 1882 3349 venit.
1913 3290 2040 3346 Haec

472 3397 605 3436 vero
659 3397 765 3436 non
818 3390 900 3436 est
947 3381 1220 3450 Ungarica
1246 3381 1473 3438 Nandor
1512 3383 1657 3451 alba,
1686 3384 1772 3439 vel
1798 3382 2043 3455 Bcligra-

472 3473 630 3537 dum,
666 3487 785 3540 quae
838 3473 1071 3525 necdum
1107 3473 1207 3524 hoc
1245 3482 1491 3542 tempore
1522 3471 1832 3529 Turcorum
1860 3476 1915 3529 in
1949 3490 2042 3544 po-

473 3571 729 3617 testatem
765 3572 1027 3630 venerat,
1054 3564 1122 3619 ab
1175 3561 1488 3619 Soleimane
1539 3564 1801 3634 primum,
1821 3564 2042 3621 Selimis

474 3659 604 3721 tilio,
650 3673 841 3710 novent
904 3657 1166 3712 decemve
1228 3665 1354 3727 post
1411 3657 1570 3710 annis
1615 3666 1912 3727 occupata;
1947 3657 2042 3712 sed

473 3749 565 3802 illa
617 3747 963 3814 Nestorallta,
1015 3765 1180 3817 quam
1246 3748 1489 3804 Nestoris
1535 3748 1602 3802 ad
1644 3750 1820 3803 amnis
1843 3751 2044 3804 ostium

475 3843 638 3894 sitam
673 3826 974 3896 Goreceius
1019 3841 1280 3897 Polonice
1311 3841 1600 3912 Bialogrod
1633 3840 1909 3910 indigitat,
1965 3841 2045 3894 uti

482 3937 750 4003 prolixius
803 3935 1115 4005 expositum
1172 3935 1413 3990 indicato
1457 3935 1639 4003 capite
1666 3933 1802 3988 159.
1831 3933 2048 4002 Seguau

479 4029 642 4082 bassa
681 4028 876 4082 Turcis
921 4036 1006 4082 est
1071 4026 1364 4096 praefectus
1405 4027 1786 4094 iumentorum
1835 4039 2051 4094 sagma-

483 4123 751 4172 tariorum
786 4121 839 4172 in
871 4120 1118 4172 exercitu
1155 4120 1426 4173 maximus
1447 4160 1460 4184 ,
1491 4135 1726 4188 quorum
1757 4120 2052 4190 aliquoties

483 4209 626 4262 facta
653 4211 765 4278 jaut
803 4212 1028 4262 mentio.
2055 4223 2093 4232 "

495 4325 614 4379 l‘Jl.
647 4323 757 4378 Cur
791 4322 1110 4395 Semendrire
1168 4323 1546 4394 Sangiaratum
1577 4325 1766 4381 Selimi
1804 4325 1919 4395 [ilio
1946 4323 2059 4378 Ba-

1036 4394 1235 4462 jazites
1268 4396 1532 4451 obtulerit.

555 4487 758 4550 Causa,
793 4502 889 4540 cur
917 4496 1068 4554 pater
1102 4487 1436 4542 Semendrire
1465 4486 1843 4555 sangiacatum
1893 4485 2055 4558 473

487 4580 824 4636 concesserit
861 4581 992 4647 filio,
1051 4597 1157 4634 non
1213 4591 1297 4635 est
1343 4583 1397 4636 in
1436 4582 1739 4635 Annalibus
1778 4596 2035 4651 expressa

2167 4591 2389 4649 Graeciae
2459 4589 2786 4660 beglerbego
2869 4586 3098 4642 subditi.

497 4675 763 4728 Nimirum
802 4673 1066 4742 impedire
1116 4674 1369 4730 Selimem
1404 4675 1651 4737 volebat.
1682 4690 1746 4728 ne
1773 4675 2064 4745 progrede-

490 4773 638 4819 retur
671 4765 924 4827 ulterius,
957 4773 1012 4818 et
1049 4765 1115 4818 ad
1143 4763 1358 4820 Portam
1394 4767 1641 4841 veniens,
1673 4767 2058 4837 genizarorum

490 4857 705 4910 animos
741 4856 1071 4910 fluctuantes
1125 4865 1178 4910 et
1228 4857 1438 4912 alienos
1467 4873 1496 4910 a
1526 4868 1698 4925 patre,
1744 4873 1868 4911 mox
1896 4857 1962 4911 ad
2000 4872 2061 4913 se

495 4948 839 5002 transferret.
887 4948 1030 5002 Usus
1061 4949 1205 5001 enim
1239 4950 1419 5003 fuerat
1459 4958 1640 5005 astute
1684 4959 1901 5019 captato
1926 4965 2062 5019 pra:-

494 5049 650 5093 tcxtu
709 5039 854 5092 ﬁlius
913 5041 978 5094 ad
1033 5041 1368 5109 palliandum
1418 5042 1523 5096 hoc
1571 5042 1673 5095 iter
1704 5057 1888 5104 suum,
1917 5041 2060 5110 quod

496 5127 626 5181 hinc
675 5127 802 5180 inde
830 5128 1161 5196 publicarat.
1198 5129 1348 5182 adire
1383 5145 1441 5185 se
1473 5138 1704 5200 patrem,
1735 5131 1854 5200 ejus
1893 5131 2062 5184 hono-

494 5218 651 5270 randi
707 5232 898 5284 causa,
941 5219 1087 5286 quod
1131 5217 1299 5273 Turci
1335 5235 1554 5290 quoque
1587 5230 1786 5276 vocant
1823 5218 2065 5275 osculari

500 5327 774 5377 manum;
841 5312 1074 5382 indeque
1141 5329 1266 5369 mox
1342 5330 1494 5369 artua
1551 5330 1948 5372 conversurum
2010 5316 2063 5370 in

493 5400 868 5468 Christianos,
915 5403 1213 5472 praesertim
1254 5403 1528 5473 Ungaros.
1588 5403 1644 5458 Id
1695 5419 1824 5459 vero
1857 5404 2066 5473 plausi-

500 5491 608 5543 bile
653 5493 897 5547 futurum
945 5501 1066 5548 erat
1100 5493 1239 5563 apud
1277 5498 1586 5564 genizaros,
1622 5505 1678 5551 et
1713 5497 1847 5550 alios
1883 5495 2064 5551 Portte

505 5582 728 5648 milites,
762 5585 856 5652 qui
888 5601 1014 5638 mox
1051 5585 1264 5651 Solimi,
1295 5602 1390 5641 ceu
1422 5589 1754 5658 propagandi
1796 5588 1944 5658 regni
1973 5606 2066 5641 cn-

505 5672 652 5740 pido,
707 5687 767 5728 se
796 5683 942 5730 totos
978 5677 1117 5729 haud
1144 5677 1310 5732 dubie
1339 5678 1516 5732 daturi
1549 5689 1728 5734 erant.
1758 5680 1945 5748 Itaque
1969 5680 2069 5736 Se-

509 5762 813 5815 tuendi-iam
849 5766 899 5818 ei
937 5774 1090 5833 pater
1114 5767 1295 5833 offert,
1330 5767 1559 5840 Ungaris
1585 5772 1911 5840 proximam,
1940 5788 2076 5840 qua-

514 5853 558 5908 si
600 5852 646 5907 si
679 5851 886 5908 diceret
921 5875 933 5916 ;
969 5855 1082 5911 Non
1141 5870 1223 5914 est
1252 5899 1267 5925 ,
1309 5860 1454 5931 quod
1496 5862 1563 5917 ad
1599 5873 1812 5932 portam
1845 5879 2069 5934 progre-

2211 3301 2452 3358 Narrant
2509 3299 2750 3354 Annales
2801 3306 2857 3351 et
2906 3296 3023 3358 alii,
3075 3310 3188 3350 non
3234 3293 3422 3363 procul
3470 3307 3502 3345 a
3557 3291 3739 3345 Zorlo

2144 3393 2497 3449 concurrisse
2546 3391 2741 3461 patris,
2801 3390 2895 3458 qui
2951 3387 3187 3458 podagra
3256 3385 3514 3439 laborans
3557 3398 3738 3438 curru

2146 3486 2470 3550 vehebatur,
2517 3491 2574 3538 et
2610 3481 2706 3536 ﬁlii
2745 3482 2958 3552 copias.
3009 3479 3154 3533 Zorli
3210 3493 3340 3532 vero
3391 3476 3593 3532 Turcis
3645 3483 3740 3531 est

2145 3577 2406 3648 oppidum
2463 3582 2620 3630 vetus
2659 3572 2954 3627 Tzuroll‘oe
3004 3570 3087 3624 vel
3125 3567 3424 3632 Tzurulus,
3487 3566 3558 3622 de
3620 3580 3740 3635 quo

2149 3674 2351 3727 dictum
2409 3683 2532 3739 cap.
2596 3666 2689 3721 26.
2745 3665 2934 3721 Jovius
2986 3664 3084 3729 ait,
3113 3664 3184 3718 ab
3228 3662 3333 3716 hac
3384 3660 3730 3714 memorabili

2150 3778 2328 3835 pugna
2361 3776 2557 3832 pagum
2587 3759 2757 3824 ltunc,
2801 3759 2956 3826 prius
2991 3757 3288 3810 obscurum
3316 3761 3372 3807 et
3403 3751 3719 3822 ignobilem,

2151 3858 2230 3928 (ιιι
2283 3871 2450 3927 supra
2517 3853 2662 3908 dicto
2726 3850 2909 3919 rapite
2956 3841 3338 3913 refutavimus)
3374 3857 3571 3899 nomen
3621 3839 3719 3892 ali-

2151 3949 2319 4018 quod,
2372 3955 2428 4002 et
2476 3945 2821 4014 splendorem
2887 3941 3068 3995 fuisse
3110 3944 3492 3994 consecutum.
3555 3931 3728 4002 Span-

2152 4042 2388 4110 duginus
2443 4038 2618 4102 addit,
2658 4035 2907 4091 eumdem
2959 4033 3138 4086 locum
3213 4030 3489 4098 pertinere
3537 4036 3736 4082 versus

2153 4130 2519 4201 Quadraginta
2584 4127 2866 4184 ecclesias.
2945 4125 3001 4178 id
3056 4124 3218 4178 etiam
3297 4121 3557 4190 Oppidum
3648 4131 3738 4174 est

2155 4221 2442 4285 Thraciae,
2489 4233 2638 4274 nunc
2690 4217 2893 4272 Graecis
2957 4217 3190 4269 Saranta
3244 4213 3492 4269 ecclisies
3545 4213 3740 4281 appel-

2155 4319 2325 4373 latum
2358 4313 2545 4384 (prisci
2601 4311 3012 4380 τεσσαράκοντα
3066 4307 3358 4376 ἐκκλησίας
3412 4303 3743 4373 dixissent),

2155 4409 2284 4463 Kirc
2313 4407 2489 4463 Clisse
2533 4405 2752 4466 Turcis.
2808 4397 2998 4458 eodem
3049 4399 3398 4470 signiﬁcato:
3460 4395 3552 4450 ubi
3609 4411 3742 4450 san-

2161 4498 2300 4569 giaci
2350 4495 2710 4552 Kirccliensis
2745 4495 2905 4549 hodie
2957 4493 3118 4548 sedes
3167 4500 3272 4558 est,
3305 4490 3567 4544 Rumclia:
3620 4489 3742 4544 sive

3189 4583 3418 4638 Selitnes
3501 4582 3745 4649 denique

2168 4686 2352 4756 praelio
2401 4684 2598 4747 victus,
2635 4681 2760 4751 equi
2810 4678 3074 4735 beneﬁcio
3105 4676 3287 4732 salvus
3325 4674 3500 4730 evasit
3534 4692 3549 4729 :
3581 4673 3748 4742 cujus

2167 4783 2212 4834 si
2265 4793 2463 4832 nomen
2515 4766 2681 4831 etiam
2727 4774 2870 4829 scire
2916 4770 3104 4835 refert,
3155 4777 3216 4826 ut
3262 4769 3409 4824 illius
3445 4766 3746 4822 Alexandri

2168 4870 2488 4938 Bneephali,
2522 4866 2824 4922 notandum
2867 4880 2898 4918 e
2953 4861 3282 4932 Busbequio,
3310 4860 3519 4914 dictum
3570 4858 3750 4913 fuisse

2167 4963 2496 5034 Carahnlyc,
2536 4976 2670 5016 voce
2700 4960 2898 5014 nubem
2929 4957 3135 5027 nigram
3161 4939 3529 5024 significante.

2165 5056 2288 5111 194.
2335 5054 2553 5110 Selium
2610 5056 2775 5108 victust
2831 5051 2990 5120 Cofen
3038 5050 3270 5118 aufugit,
3329 5046 3502 5115 dlithe
3556 5062 3748 5117 pagus,

2704 5120 2994 5175 Niso/tanzi
3025 5121 3202 5175 bassa.

2237 5213 2366 5283 Pagi
2397 5212 2585 5285 Migdte
2615 5226 2815 5267 nomen
2839 5211 3064 5265 annales
3096 5211 3197 5266 soli
3232 5209 3498 5286 referunt,
3535 5207 3750 5262 trieteris

2168 5305 2233 5360 ad
2266 5305 2489 5374 Nigrum
2543 5320 2690 5360 mare
2721 5303 2977 5359 Selimem
3009 5289 3320 5373 profugisse
3368 5300 3749 5355 narrantibus.

2167 5395 2360 5466 Midgae
2390 5413 2520 5451 vero
2553 5398 2690 5453 situs
2721 5411 2784 5450 ex
2819 5411 2885 5450 eo
2919 5395 3226 5465 colligitur,
3259 5393 3381 5463 pagi
3412 5391 3753 5458 caeteroqnin

2164 5489 2358 5557 ignoti,
2396 5499 2448 5543 et
2477 5504 2746 5558 nusquam
2783 5488 3006 5557 proditi,
3039 5487 3182 5556 quod
3215 5483 3629 5554 Spandugintts,
3679 5482 3754 5538 ait

2167 5580 2424 5635 Selimem
2489 5596 2584 5649 per
2647 5579 2937 5634 Thraciam
3015 5579 3276 5648 fugiendo
3321 5574 3560 5628 Varnam
3631 5589 3754 5626 ver-

2173 5689 2292 5738 sus,
2347 5672 2614 5727 Euxinum
2681 5674 2926 5743 pn'tiisse.
2985 5672 3326 5741 Quapropter
3394 5670 3571 5737 Mitlge
3643 5682 3750 5725 notl

2176 5767 2366 5838 procul
2404 5768 2579 5822 aberit
2623 5784 2651 5820 a
2701 5769 2900 5830 V'arna,
2957 5767 3023 5820 dc
3071 5781 3174 5832 qua
3234 5765 3484 5832 superius
3522 5765 3748 5822 dictum,

2178 5860 2356 5930 Capite
2405 5862 2519 5916 115.
2559 5861 2710 5926 Quod
2746 5863 2905 5930 paulo
2940 5868 3055 5930 post
3101 5856 3352 5926 sequitur
3383 5851 3745 5912 Cadilt‘scbcri
