2009 3234
144 202 199 233 865

146 266 257 289 nomen,
271 257 438 285 declaratum
454 265 548 292 supra,
561 265 619 292 cap.
636 258 681 284 9.9.
693 257 840 285 Nisehanzi
855 259 934 285 bassa

143 306 246 332 dicitur
282 305 354 338 apud
381 305 486 332 Turcos
514 305 537 332 is
561 306 607 339 qui
636 306 744 332 litteras
775 313 882 334 omnes.
912 309 938 331 ct

143 352 328 379 instrumenta
348 357 484 386 quotquot
513 352 584 386 apud
604 352 715 378 Portam
740 351 934 385 expediuntur.

146 397 297 431 obsignat:
321 390 444 431 adeoque
468 397 537 431 gerit
568 398 700 428 oliicium.
727 397 847 431 supremi
870 404 937 423 can-

143 441 251 468 cellarii
269 442 370 468 nostris
385 443 411 469 in
427 442 497 469 aulis
511 442 606 469 ofﬁcio
619 442 719 468 simile.

144 497 204 525 i95.
224 499 355 524 Achmetit
369 498 507 525 ambientis
522 504 546 525 et
560 500 707 525 incedentis
730 500 865 533 imperium
883 501 934 525 (lu-

179 534 253 559 rities
268 541 331 572 arua
356 535 505 567 gcuizuros,
519 534 666 561 crudelitas
693 536 717 560 in
739 536 848 569 Icyltlus.
871 536 935 561 Cor-

177 578 187 594 ι
194 575 250 594 ules
279 572 395 601 [rutrum
415 572 581 602 competitor.

176 624 357 652 Ostendimus
378 626 406 652 in
423 625 635 653 Osmanidarum
663 627 830 661 genealogia.
856 627 936 654 Sina-

142 680 203 698 nem
227 671 368 702 scachlnn.
385 676 412 698 et
427 672 561 699 Allamam
579 673 717 704 Icaclnnn,
738 673 936 707 primogenitos

142 717 271 749 Bajaz'tis
303 718 385 750 ﬁlios,
417 723 481 745 ante
517 723 619 752 patrem
650 719 802 747 exstinctos
831 719 934 747 fuisse:

141 771 258 797 quorum
300 764 393 795 unius,
433 765 545 798 majoris
579 766 687 793 scilicet
717 772 794 797 nulli,
821 766 935 793 Sinanis

142 810 246 835 obituni
267 811 414 844 peracorbe
439 817 516 844 pater
544 819 574 838 ac
607 812 655 838 diu
684 812 762 838 luxit.
783 811 894 838 Tertius
921 819 936 839 e

143 855 204 881 liliis
220 861 278 881 erat
303 855 462 886 Aelii-tetes,
490 858 606 884 Amasia:
623 857 791 891 praefectus:
816 857 863 892 qui
890 865 936 884 ac-

143 905 218 933 cepta
235 906 323 926 motus
352 901 496 927 Sl-limiani
526 901 596 927 fama
625 909 688 929 cum
708 901 798 929 20000
826 907 931 929 amato-

146 954 204 970 rum
222 954 268 979 ψη·
294 947 385 972 Asia-n
414 949 546 973 minorem
581 949 751 980 scutarium,
777 957 792 976 e
820 950 934 984 regione

146 990 399 1026 Constantinopolis
411 994 506 1022 situm.
520 995 676 1027 contendit,
710 1000 737 1022 et
751 996 844 1023 audita
856 997 935 1031 geni-

146 1046 271 1064 zarorum
284 1039 430 1072 legatione,
453 1040 499 1074 qui
518 1049 546 1067 sc
560 1046 724 1076 accepturos
741 1041 830 1077 ipsius
847 1041 935 1076 impe-

143 1084 212 1110 rium
223 1085 397 1115 nuntiabant,
409 1085 429 1111 si
445 1086 557 1119 majores
570 1094 692 1113 annonas
703 1087 826 1121 polliceri
838 1088 932 1120 vellet,

141 1130 239 1156 durius
255 1131 407 1164 respondit,
421 1132 493 1157 nolle
507 1141 547 1161 se.
561 1133 615 1165 jam
630 1132 803 1167 designatum
819 1141 833 1159 ει
853 1137 933 1168 patre

143 1183 345 1209 successorem,
362 1178 394 1203 ab
414 1178 479 1211 ipsis
496 1178 640 1211 imperium
669 1179 757 1213 pretio
786 1179 933 1213 redimere,

142 1223 243 1257 quibus
262 1223 302 1250 vel
321 1224 413 1250 invitis
428 1232 459 1249 co
475 1225 508 1250 sit
523 1225 673 1258 potiturus.
688 1224 736 1252 liis
753 1226 845 1253 verbis
873 1227 933 1254 ani-

143 1278 201 1297 mos
216 1269 415 1297 Genizarornm
434 1273 466 1298 ab
485 1281 512 1299 se
532 1281 647 1306 prorsus
677 1274 820 1306 alienavit,
833 1279 863 1301 et
881 1275 934 1301 im-

142 1316 262 1350 prudens
278 1318 376 1343 aenlulo
389 1318 483 1343 Solimi
514 1319 651 1353 adjnnxit.
670 1318 746 1352 Quod
778 1320 824 1346 ubi
855 1326 933 1355 pater

142 1363 386 1394 animadverteret,
407 1365 503 1390 iiulexn
543 1366 685 1393 .ii-hemeti
717 1366 934 1394 reconciliandis

143 1408 231 1436 50000
251 1410 524 1439 sttltaninorom,lilii
555 1412 673 1443 nomine,
706 1413 843 1445 promisit.
872 1412 933 1438 llmc

142 1455 248 1481 St'ilit'et
267 1456 310 1481 illa
421 1465 434 1488 ιι
447 1464 536 1481 ruma
557 1457 620 1489 fuit,
637 1464 718 1490 quant
734 1458 847 1485 annales
861 1458 931 1484 Ach-

143 1505 244 1527 metem
259 1502 327 1534 potri
342 1502 450 1527 IIIisis‘s‘s
470 1504 604 1529 ruit-runt.
622 1502 690 1531 llinc
712 1503 804 1530 Asiam
819 1504 843 1530 vi
854 1505 936 1530 suba-

144 1551 241 1574 cturus
255 1548 411 1577 Aclnnetes.
429 1550 526 1573 niol'tlli
558 1549 650 1575 fratris
679 1550 723 1576 sui
754 1550 934 1583 primogeniti

145 1592 255 1619 Sinanis
271 1594 340 1619 filios
354 1594 547 1620 lilnchvnlctrm
563 1601 588 1621 et
616 1595 771 1625 Aladinem,
791 1595 935 1629 Larenda',

146 1638 315 1665 Caramaaia:
329 1642 437 1673 oppido,
457 1641 557 1674 dequo
577 1641 665 1674 capite
685 1641 734 1667 167
753 1642 868 1673 dictum,
885 1642 937 1668 ob-

149 1686 218 1712 sedit
231 1689 258 1712 ct
273 1686 355 1719 cepit.
376 1686 438 1717 Ejus
457 1694 494 1711 rei
513 1693 671 1713 musaeum
689 1686 811 1721 graviter
828 1693 842 1712 a
859 1692 936 1721 patre

151 1739 199 1765 per
209 1733 311 1766 legatos
330 1733 536 1766 objurgarl-lur.
556 1733 700 1766 legationis
717 1733 868 1767 principem
886 1740 936 1759 ca-

154 1778 212 1811 pite
223 1779 341 1804 truncari
358 1779 451 1811 jussit,
470 1779 575 1805 celeris
590 1786 670 1805 nares
694 1784 721 1805 et
740 1786 821 1806 aures
838 1779 935 1813 praeci-

159 1823 207 1848 dit.
223 1821 247 1849 Id
266 1823 367 1851 facinus
384 1825 507 1850 (nnninm
524 1825 583 1850 ulla
597 1825 709 1851 mirifice
725 1826 752 1851 in
770 1825 933 1851 Achmetem

155 1869 286 1896 accendit.
304 1870 342 1896 Ac
375 1870 515 1895 videmnus
546 1870 673 1902 obsecro,
698 1877 760 1904 quae
788 1878 881 1897 rerum
912 1871 937 1897 id

151 1915 280 1949 temporis
307 1915 435 1942 confusio
466 1917 548 1941 l'ucrit
579 1917 605 1942 in
634 1916 783 1943 Osmanico
810 1916 937 1951 imperio.

146 1963 266 1994 Quintus
283 1963 380 1988 ordine
405 1964 533 1989 nasi-cudi
554 1965 625 1989 titius
656 1964 796 1996 Bajazilis,
822 1971 886 1990 raro
911 1965 937 1990 in

144 2010 360 2036 Usmanidarum
380 2010 482 2035 familia
505 2010 631 2043 cxi-uiplo
646 2009 756 2037 Selimis
769 2018 799 2036 ex
822 2017 939 2044 nu-oquc

141 2062 261 2091 parente
278 2056 373 2088 frater,
390 2057 522 2083 Corcntcs
536 2061 605 2082 erat.
632 2056 753 2087 Quartus
774 2055 847 2081 enim
881 2055 937 2081 Mu-

140 2104 298 2134 chemctes,
316 2109 379 2128 ante
396 2103 447 2128 hoc
466 2108 571 2135 tempus
588 2110 601 2127 a
618 2101 754 2135 suspicaci
785 2107 860 2135 patre
875 2109 937 2127 cum

140 2148 309 2182 incognitus
332 2154 358 2174 ct
377 2152 491 2182 patrem,
509 2153 533 2172 et
549 2148 648 2174 fratres
659 2154 724 2174 suos
743 2147 866 2178 adiisset,
883 2155 940 2173 me-

139 2200 168 2221 tu
190 2199 287 2221 motus
308 2195 423 2228 alicujus
440 2195 548 2223 SCL‘I'Cll,
565 2201 668 2221 veneno
681 2194 806 2220 sublatus
821 2201 835 2219 e
850 2194 941 2220 medio

136 2242 249 2269 fuerat.
268 2241 292 2267 Is
312 2239 456 2270 Corcutl's,
473 2241 609 2267 moriente
622 2248 672 2267 avo
689 2240 863 2267 Muchemcte
898 2248 942 2266 sc-

136 2290 250 2320 cundo,
270 2289 303 2314 ab
320 2287 415 2314 amicis
437 2288 567 2321 paternis,
594 2287 706 2313 absente
719 2291 806 2321 patre,
823 2287 942 2313 colloca-

136 2341 184 2362 tus
206 2336 236 2362 in
258 2335 360 2368 regium
389 2334 589 2360 l‘ueratsullnm
609 2342 615 2359 :
633 2342 665 2359 ne
698 2333 782 2359 frater
811 2332 942 2367 Bajazilis

135 2382 259 2412 lentes.
279 2381 354 2414 prior
370 2381 562 2414 inauguratus,
576 2379 689 2412 Bajaziti
720 2387 832 2413 regnum
848 2379 942 2412 prteri-

133 2437 235 2464 paret.
253 2427 418 2454 Advenieuti
446 2428 545 2453 deinde
568 2426 842 2459 Constmltinopolim
868 2425 940 2459 patri

131 2484 161 2503 et
180 2475 321 2501 abdican
336 2473 402 2505 lilio,
420 2474 564 2507 imperium
582 2473 609 2499 in
623 2480 653 2499 se
667 2471 860 2503 transferenti,
879 2479 941 2499 ces-

130 2529 219 2551 serat
250 2527 345 2547 tenero
376 2521 493 2554 quodam
536 2527 630 2546 amore
668 2520 823 2553 pietateque
852 2523 943 2545 motus

129 2574 284 2599 (Jul'cules
302 2577 308 2594 :
327 2575 389 2594 cum
407 2568 458 2593 hoc
475 2567 585 2593 nomine
598 2565 718 2592 viciSsim
731 2568 807 2598 pater
822 2564 861 2591 illi
878 2571 943 2598 pro-

129 2618 286 2646 misisset,
299 2622 328 2641 se
346 2614 479 2640 rationem
505 2614 601 2646 ipsius,
620 2611 646 2638 in
661 2610 858 2638 constituendo
882 2617 944 2637 suc-

129 2670 274 2692 cessore,
291 2668 371 2693 supra
403 2660 474 2687 ﬁlios
505 2666 621 2686 αξιοι-οε
648 2657 821 2684 habiturum.
849 2656 943 2683 Eidem

128 2712 346 2738 Uastamunam
361 2710 422 2739 post
438 2705 584 2735 obtinenti,
600 2704 633 2731 de
656 2710 710 2737 qua
734 2702 837 2728 dictum
854 2701 945 2735 capite

128 2757 182 2788 ϋϋ,
205 2763 224 2781 a
242 2757 329 2779 morte
346 2752 439 2778 fratris
452 2750 631 2777 Muchcmctis
645 2748 815 2783 provinciam
835 2747 946 2781 Magne-

129 2804 213 2831 siam
250 2799 425 2831 attribuerat,
465 2805 519 2824 non
550 2797 649 2831 exigua
683 2795 774 2830 Lycia:
800 2794 945 2828 Catinaun

130 2853 228 2884 parte
264 2845 421 2872 adauctam.
455 2843 504 2870 llic
527 2850 600 2877 ergo.
618 2842 765 2873 Corcutcs,
793 2842 945 2874 ctelet'oqui

132 2892 255 2924 studiis
278 2891 536 2918 Mahumetnnorum
567 2888 778 2924 philosophicis,
807 2893 834 2914 et
858 2887 944 2921 quieti

127 2937 438 2971 deditus,seditioncs
451 2936 590 2977 fraternas
614 2934 803 2969 conspicatus.
836 2937 862 2961 et
886 2933 946 2967 ipse

715 200 913 231 PANDECTE
935 201 1032 231 IIIST.
1049 198 1202 230 TURCIC.

1721 197 1775 227 866

950 264 973 288 Α
988 257 1113 284 stimulos
1129 256 1300 288 ambitionis,
1315 255 1421 283 alienos
1434 262 1449 282 a
1466 253 1640 288 professione
1656 252 1777 287 philoso-

990 304 1047 337 phi.
1064 305 1151 331 sensit
1167 304 1259 337 :quod
1273 303 1336 338 jure
1346 303 1397 330 sibi
1426 306 1536 336 putaret
1547 301 1694 335 imperium
1730 301 1778 327 ἀρ-

990 349 1117 382 beri,qui
1148 349 1323 376 l'nissetante
1350 352 1457 382 patrem
1487 346 1681 379 inauguratus.
1706 344 1777 376 Quid

989 401 1078 422 autem
1092 395 1224 427 effecerit,
1238 395 1272 422 ab
1292 394 1358 428 ipsis
1387 393 1543 428 expositum
1564 391 1665 425 legitur
1685 391 1778 416 Anna-

990 442 1071 468 libus.

990 498 1049 525 I96.
1061 497 1153 525 chme
1182 499 1278 529 minor,
1295 497 1418 531 Rhegium
1435 496 1489 523 sive
1514 493 1777 531 'Pﬁywv,mnju§“e1

1025 534 1121 570 minus,
1136 528 1314 570 Melantiuset
1327 528 1584 570 M'clitiur,_Atltyrus
1598 530 1702 570 ﬂuvius,
1714 528 1777 562 Gly-

1023 568 1130 603 Ii'ynero.
1143 574 1231 595 votum
1244 567 1414 597 Sulcimanis,
1427 567 1586 600 Atltyrorum
1599 567 1775 598 episcopalus.

1023 625 1126 652 Nomen
1143 625 1240 653 Zecme
1256 624 1485 659 signiﬁcationem
1504 623 1532 650 in
1550 623 1643 657 lingua
1657 621 1777 649 Turcica

987 673 1092 699 nullam
1105 673 1196 699 habet.
1230 673 1433 707 Quaproptera
1469 670 1573 698 Graecis
1606 669 1639 696 ad
1669 668 1777 695 Turcos

989 719 1062 745 velut
1074 719 1259 752 ususcapione
1275 718 1392 752 qua-lam
1424 717 1584 752 pervertisse
1611 715 1744 747 arbitror,
1759 721 1774 741 a

989 764 1108 799 Zeugma
1127 765 1167 791 vel
1180 765 1311 799 Zeugmin
1325 765 1479 792 derivatum
1494 773 1500 791 :
1523 764 1548 791 id
1563 767 1617 795 est,
1634 770 1648 789 a
1662 762 1777 796 junctu-

989 810 1026 836 ris
1040 811 1174 843 pontium,
1194 809 1293 843 quibus
1307 811 1448 844 elegantes
1462 809 1518 836 duo
1544 808 1723 843 Propoatidis
1736 807 1777 834 si-

989 863 1041 882 nus
1057 855 1113 881 illic
1127 859 1298 886 sternuntur,
1325 856 1351 881 in
1365 863 1481 889 quorum
1493 855 1611 881 alterunt
1644 855 1681 881 ad
1711 854 1778 880 Ζευ-

990 908 1050 927 men
1064 901 1198 927 minorem
1212 908 1241 926 se
1255 899 1353 927 ﬂuvius
1365 900 1481 935 Athyras
1492 899 1619 927 effundit.
1638 899 1688 925 Est
1700 899 1775 925 enim

986 945 1084 973 Zecme
1104 946 1205 976 minor.
1223 945 1264 972 vel
1292 945 1542 980 comepolichnion,
1558 945 1600 971 vel
1612 944 1773 979 oppidulum

987 992 1064 1024 illud,
1081 992 1175 1019 multis
1193 992 1315 1019 cinctum
1342 992 1478 1019 mceuibus
1491 1000 1499 1024 ;
1513 991 1557 1019 cui
1580 998 1655 1018 nunc
1686 990 1774 1017 Ponto

986 1038 1093 1074 piccolo
1106 1045 1206 1065 no:i:en
1217 1043 1258 1066 est
1271 1038 1406 1071 Italicum,
1420 1046 1434 1065 a
1453 1038 1553 1065 minori
1579 1042 1673 1073 ponte.
1693 1037 1776 1064 Facta

986 1084 1038 1112 fuit
1056 1085 1116 1119 ejus
1134 1085 1238 1112 mentio
1267 1092 1363 1120 supra,
1405 1085 1497 1119 capite
1526 1085 1658 1112 vicesimo
1686 1089 1775 1110 sexto.

986 1131 1076 1159 Minor
1096 1136 1188 1159 autem
1206 1131 1318 1164 Zu-cme,
1348 1132 1422 1159 sicut
1449 1136 1476 1159 et.
1513 1139 1583 1166 pons
1612 1131 1713 1161 minor,
1740 1130 1774 1156 ad

985 1179 1134 1206 discrimen
1148 1178 1260 1211 majoris
1274 1178 1388 1210 dicitur.
1412 1177 1519 1213 longius
1531 1178 1565 1205 ab
1583 1178 1650 1204 urbe
1678 1183 1776 1203 versus

986 1223 1127 1251 Siliuriam
1142 1225 1282 1252 distantis.
1295 1224 1467 1251 Theodosius
1482 1223 1645 1259 Zygomalas
1663 1223 1778 1258 putabat

986 1271 1107 1305 antiquis
1120 1271 1291 1305 temporibus
1323 1271 1426 1298 dictant
1459 1271 1543 1298 fuisse
1567 1270 1689 1305 Ῥήγιον,
1718 1271 1778 1297 sive

987 1317 1132 1350 Rhegium,
1150 1317 1238 1350 majus
1253 1321 1281 1343 et
1307 1318 1411 1348 minus,
1427 1321 1453 1344 et
1477 1322 1626 1352 utrumque
1643 1317 1779 1344 Constan-

986 1362 1036 1388 tini
1055 1361 1144 1396 Magni
1165 1370 1234 1396 opus
1252 1362 1350 1390 fuisse.
1379 1363 1460 1395 Quod
1489 1365 1519 1391 si
1541 1371 1634 1391 verum
1665 1367 1718 1395 est,
1750 1367 1779 1390 ut

986 1409 1111 1443 equidem
1131 1417 1184 1436 non
1202 1410 1307 1441 dubito,
1330 1410 1497 1445 intelligetur
1526 1410 1622 1444 Rhegii
1664 1411 1777 1438 nomine

987 1453 1066 1481 Parvi
1082 1454 1174 1482 Pontis
1190 1455 1367 1489 oppidulum.
1387 1456 1445 1483 sive
1472 1456 1578 1483 lectum
1590 1456 1721 1489 minoris,
1749 1457 1777 1484 in

988 1501 1103 1528 historia
1115 1501 1210 1528 Graeca
1228 1503 1427 1537 manuscripts,
1443 1504 1523 1530 titulo
1540 1508 1663 1535 carente,
1696 1504 1777 1539 cujus

987 1548 1076 1575 obiter
1109 1549 1284 1575 meminimus
1309 1550 1398 1584 capite
1422 1550 1539 1582 decimo,
1567 1558 1629 1578 cum
1660 1556 1776 1584 narrat,

948 1601 972 1634 ρ
989 1594 1142 1629 imperante
1158 1594 1315 1622 Justiniano
1327 1595 1426 1630 primo,
1443 1596 1519 1631 gravi
1539 1601 1619 1624 terra:
1635 1602 1710 1625 motu
1724 1605 1778 1624 non

989 1642 1084 1668 urbem
1098 1642 1178 1668 modo
1192 1642 1385 1674 deformatam,
1410 1643 1457 1670 sed
1476 1643 1534 1677 ipsa
1549 1651 1659 1678 quoque
1678 1645 1779 1672 subur-

989 1686 1032 1714 bia
1046 1695 1108 1714 cum
1133 1687 1239 1722 lihegio
1265 1689 1397 1716 subversa
1413 1694 1449 1716 et’
1469 1689 1571 1716 abolita
1600 1689 1695 1719 fuisse.
1720 1690 1779 1718 Non

988 1733 1061 1760 enim
1078 1734 1131 1759 alia
1150 1734 1283 1760 suburbia
1310 1734 1570 1770 Constantinopolis
1602 1736 1707 1768 habuit,
1733 1743 1781 1763 aut

990 1777 1089 1804 habere
1114 1779 1212 1812 potuit,
1233 1785 1314 1812 quam
1337 1787 1397 1812 qua:
1411 1787 1507 1806 versus
1526 1781 1623 1813 duplex
1642 1782 1692 1808 hoc
1709 1781 1781 1808 lihe-

989 1824 1075 1857 gium,
1087 1828 1196 1858 pontem
1218 1825 1351 1851 minorem
1379 1829 1406 1852 et
1422 1826 1553 1860 majorem
1572 1827 1779 1861 pertinuerunt,

990 1872 1019 1895 ut
1038 1869 1174 1904 hodieque
1190 1874 1324 1897 testantur
1353 1871 1536 1898 aedificiorum
1554 1874 1776 1901 Suburbauorum

991 1915 1118 1943 maxima:
1134 1916 1176 1943 vel
1200 1916 1295 1947 ruinte.
1313 1917 1354 1943 vr-l
1370 1917 1479 1945 rudera.
1491 1918 1603 1946 Graecus
1615 1920 1696 1946 etiam
1710 1921 1779 1947 scii-

991 1962 1187 1997 ptorhistorite
1204 1962 1332 1996 Agathias
1356 1966 1459 1995 noster,
1481 1963 1551 1991 libro
1579 1965 1677 1999 quinto
1700 1973 1778 1992 men-

991 2009 1093 2036 tionem
1109 2009 1202 2042 Rhegii
1219 2009 1283 2035 facit
1297 2028 1304 2039 ,
1318 2009 1347 2036 in
1373 2009 1559 2044 descriptione
1587 2016 1666 2039 ιρι-ηιξ
1690 2018 1780 2040 ιιιοιιιδ

991 2055 1124 2089 ejusdem.
1144 2056 1188 2081 ubi
1207 2054 1342 2090 Rhegium
1366 2056 1442 2083 addit
1469 2057 1587 2084 ἐπίνειον
1613 2060 1687 2086 urbis
1704 2067 1781 2093 esse.

991 2100 1018 2127 id
1033 2106 1075 2127 est
1091 2100 1220 2135 oppidum
1240 2102 1441 2134 suburbanum,
1468 2103 1540 2137 quod
1561 2106 1708 2133 stationem
1729 2115 1779 2141 pro

992 2146 1109 2173 navibus
1127 2147 1216 2174 habet.
1237 2148 1313 2181 Apud
1327 2148 1597 2184 Cosmographorum
1629 2153 1780 2188 principem

993 2193 1127 2220 Ortclium
1140 2201 1173 2219 ex
1193 2193 1327 2228 Procopio
1337 2193 1478 2229 Suldaque
1492 2197 1625 2230 reperitur
1638 2198 1782 2226 Melantias

994 2242 1021 2265 et
1036 2238 1148 2271 Melitia,
1164 2240 1223 2273 pagi
1239 2247 1338 2267 nomen
1356 2242 1382 2266 in
1405 2239 1534 2273 Thracia,
1551 2247 1659 2269 centum
1675 2244 1782 2272 duobus

956 2282 1094 2311 Dstadiis
1121 2283 1286 2320 aByzantio
1314 2287 1415 2315 dissiti.
1443 2295 1523 2321 quem
1546 2289 1663 2323 Athyras
1692 2292 1781 2319 amnis

995 2329 1092 2360 alluat,
1109 2337 1222 2363 prorsus
1241 2330 1294 2356 hoc
1308 2330 1340 2357 de
1369 2330 1466 2357 Zecme
1495 2332 1536 2358 vel
1562 2332 1649 2360 Ponte
1679 2334 1779 2362 minori

993 2374 1195 2408 accipiendum.
1213 2383 1226 2401 ιι
1242 2375 1481 2410 Constantinopoli
1503 2378 1660 2412 quindecim
1681 2379 1781 2407 millia-

999 2421 1078 2448 ribus
1095 2421 1198 2449 Graecis
1211 2422 1373 2455 disjuncto;
1408 2431 1469 2458 qua:
1497 2432 1510 2450 ιι
1543 2428 1652 2451 centum
1674 2426 1782 2454 duobus

995 2468 1093 2495 stadiis
1104 2468 1183 2501 nihil,
1200 2474 1246 2494 aut
1262 2476 1358 2502 parum
1392 2468 1502 2497 absunt.
1521 2471 1630 2506 Athyra:
1644 2471 1717 2499 fluvii
1732 2481 1782 2500 no-

996 2522 1055 2549 men
1073 2514 1116 2541 hic
1129 2514 1154 2541 in
1182 2515 1256 2548 Aqua
1273 2515 1349 2541 dulce
1376 2523 1449 2542 nunc
1465 2515 1539 2543 Italis
1572 2523 1612 2544 cst
1638 2522 1784 2552 mutatum,

995 2559 1098 2587 Graecis
1117 2560 1144 2587 in
1163 2560 1320 2595 Glykynero.
1338 2561 1437 2589 Pontes
1451 2563 1558 2595 ambos,
1578 2568 1628 2590 tam
1640 2564 1785 2598 majorem,

996 2614 1078 2640 quam
1096 2607 1241 2637 minorem,
1261 2607 1427 2634 milliaribus
1445 2608 1539 2635 decem
1565 2608 1599 2635 ab
1614 2617 1644 2636 sc
1668 2609 1784 2637 invicem

996 2652 1120 2683 dissitos.
1143 2653 1270 2679 sultanus
1288 2653 1470 2685 Sulcimaucs,
1491 2661 1557 2681 avus
1578 2654 1785 2687 hujnsMuratis

997 2698 1082 2730 tertii,
1094 2698 1215 2724 maximo
1229 2702 1341 2731 sumptu
1369 2698 1465 2725 refecit
1483 2708 1489 2725 :
1509 2700 1587 2732 Cujus
1603 2700 1712 2734 quidem
1730 2709 1772 2727 me

997 2744 1131 2770 tnorahilc
1144 2749 1236 2770 votum
1253 2745 1315 2777 fuit,
1330 2753 1385 2779 quo
1403 2745 1453 2771 tria
1470 2746 1522 2773 sibi
1536 2746 1651 2773 concedi
1684 2746 1771 2773 divini

998 2795 1041 2816 tus
1055 2791 1179 2824 optabat,
1196 2795 1223 2815 ut
1243 2796 1306 2822 ante
1330 2795 1444 2817 mortem
1479 2792 1632 2826 perﬁceret.
1649 2791 1784 2825 Primum,

998 2837 1224 2864 instaurationem
1240 2839 1419 2871 aquantur-tus
1435 2838 1558 2871 maximi,
1586 2846 1666 2873 quem
1687 2840 1721 2866 ab
1738 2848 1787 2866 au-

998 2890 1074 2911 ctore
1090 2882 1243 2917 Valentem,
1265 2890 1313 2911 aut
1336 2883 1537 2916 Valcnlimtum,
1556 2883 1788 2912 nonValenlinia-

999 2939 1075 2964 num,
1094 2935 1124 2958 ut
1140 2932 1220 2965 vulgo
1238 2931 1379 2967 corruptis
1395 2931 1423 2958 in
1442 2931 1519 2959 libris
1533 2931 1643 2966 legitur,
1663 2932 1788 2959 itiSlOl‘lCl
