4018 6430
473 373 580 440 867

1681 371 2014 433 JUANNIS
2058 371 2532 437 LEUNCIAVH

3631 370 3739 432 868

472 491 734 544 dixerunt
765 503 780 541 :
821 485 1023 542 deinde
1048 485 1245 542 borum
1267 487 1518 555 pantinm
1543 485 1597 539 in
1629 497 1868 554 utroque
1922 486 2048 539 sinu
2082 492 2126 546 Α
2155 502 2298 556 quos
2337 488 2544 550 insilire
2581 485 2712 539 feles
2750 483 2950 543 solent.
2996 483 3212 555 quoties
3263 482 3528 536 alimenta
3584 473 3746 538 statis

475 583 674 643 maris,
713 595 846 636 sane
871 595 1035 650 quam
1068 580 1200 647 lato,
1236 578 1588 634 refectionem
1625 594 1640 631 :
1670 579 1823 633 urbis
1885 577 2051 632 deni.

473 690 580 744 que.
608 672 936 728 Viennensis
985 670 1294 726 Austriacas
1351 670 1802 738 occupationem,
1884 683 2048 738 quam

477 767 730 820 maximis
755 763 971 820 duabus
1010 764 1455 834 expeditionibus
1479 765 1546 817 ab
1592 777 1651 817 se
1695 763 1897 817 frustra
1932 771 2040 815 teu-

476 872 664 924 tatam,
689 872 904 913 summa
933 873 1056 912 cum
1085 857 1463 926 indignatione
1499 857 1776 910 recordari
1817 857 2048 912 solebat.

477 953 683 1008 Prioris
712 953 1002 1022 utriusque
1044 951 1156 1007 voti
1223 949 1406 1004 factus
1449 957 1535 1003 est
1594 963 1844 1017 compos,
1902 949 2052 1016 regio

472 1064 698 1117 prorsus
737 1061 903 1116 opere
938 1060 1035 1115 per
1067 1042 1267 1114 viginti
1297 1042 1421 1111 plus
1457 1041 1637 1093 minus
1665 1040 1921 1094 milliaria
1953 1042 2051 1093 de-

466 1143 648 1197 ductis
688 1143 742 1196 in
787 1140 978 1195 urbem
1007 1154 1072 1192 ex
1099 1138 1221 1206 ipso
1291 1135 1538 1190 Danubio
1573 1133 1816 1202 copiosis
1871 1135 2052 1202 aquis,

466 1248 522 1288 et
571 1235 840 1288 ambobus
903 1234 1202 1286 exstructis
1262 1228 1523 1298 pontibus
1563 1227 1775 1282 :tertio
1823 1224 2050 1281 Numen

467 1326 805 1382 Christianis
840 1325 1159 1394 propitium,
1193 1337 1263 1376 ne
1311 1321 1567 1391 tyrannis
1593 1321 1648 1373 in
1694 1321 1886 1374 intima
1912 1319 2050 1373 Ger-

469 1418 666 1471 maniae
716 1416 928 1470 viscera
969 1423 1300 1483 penetraret,
1345 1412 1528 1466 favere
1555 1411 1753 1466 noluit.
1809 1412 2050 1481 Athyro.

467 1525 586 1562 rum
612 1523 834 1580 quoque
869 1507 1119 1560 meminit
1169 1505 1416 1575 episcopi
1449 1503 1563 1559 Leo
1597 1504 1830 1572 Sapiens
1883 1501 2047 1574 6.75

467 1606 767 1668 imperator
800 1601 852 1654 in
890 1597 1117 1652 Novella
1179 1597 1246 1652 de
1282 1598 1524 1662 tbronis,
1563 1611 1798 1664 eumque
1828 1595 2052 1664 subjicit

465 1690 807 1746 l‘leraclicnsi
841 1688 1267 1759 metropolitano
1288 1689 1342 1741 in
1371 1687 1628 1741 Thracia.
1655 1684 1788 1751 Quae
1819 1687 2045 1754 quidem

462 1782 670 1852 Atbyra
704 1781 922 1835 diversa
958 1794 1068 1833 non
1105 1785 1236 1834 sunt
1291 1776 1359 1830 ab
1386 1776 1536 1830 hisce
1566 1774 1783 1829 duobus
1807 1775 2047 1844 oppidis,

2156 580 2308 634 horis
2343 595 2370 632 a
2412 579 2872 649 pnete'reuntibns
2909 577 3105 631 Turcis
3145 583 3494 642 exspectant.
3526 576 3751 645 Quippe

2155 675 2260 732 sibi
2301 673 2642 745 persuadent
2677 675 2930 728 homines
2982 669 3357 740 superstitiosi
3393 682 3457 722 ac
3497 667 3750 731 barbari,

2157 784 2216 823 se
2250 769 2437 824 nescio
2489 767 2619 837 quid
2679 766 2820 837 apud
2879 764 3046 820 Deum
3079 759 3384 833 promereri
3430 759 3648 828 gratiae,
3706 761 3750 813 si

2156 860 2348 916 brutas
2405 861 2568 914 etiam
2623 859 2677 913 in
2711 859 3046 920 animantes,
3083 855 3238 924 feles,
3298 867 3489 914 canes,
3541 851 3747 921 pisces,

2155 954 2424 1018 aviculas,
2458 953 2861 1022 elecmosynam
2902 951 3211 1006 conferant.
3250 947 3442 1016 Itaque
3485 946 3737 998 volucres

2156 1047 2236 1102 eis
2268 1061 2468 1101 necare
2521 1053 2712 1114 captas
2765 1045 2830 1096 ad
2885 1043 3090 1098 victum
3133 1039 3323 1103 religio
3378 1046 3486 1102 est,
3533 1052 3727 1103 easque

2158 1138 2335 1207 pretio
2405 1135 2590 1204 potius
2667 1148 2768 1188 suo
2824 1132 3136 1199 redemptas
3204 1127 3445 1182 libertati
3507 1123 3724 1177 naturali

2157 1231 2460 1283 restituunt
2518 1243 2533 1280 :
2590 1224 2844 1295 piscibus
2905 1217 3522 1277 devoranda'frustula
3588 1217 3736 1282 panis

2155 1321 2470 1389 objiciunt:
2504 1332 2674 1373 canes
2721 1324 2776 1372 et
2828 1314 2962 1370 feles
3011 1314 3070 1368 in
3121 1311 3316 1382 plateis
3370 1307 3626 1377 ptlhliris,
3677 1307 3740 1359 ad

2155 1421 2302 1464 certa
2327 1410 2445 1464 loca
2467 1409 2737 1480 quotidie,
2766 1408 2926 1464 statis
2943 1409 3092 1460 boris
3121 1403 3386 1474 gregatim
3412 1400 3745 1455 οοηνρηὶυη-

2156 1513 2260 1569 tes,
2285 1519 2449 1573 pane,
2480 1502 2757 1560 carnibus.
2779 1502 2918 1556 cibis
2940 1490 3156 1556 caeteris
3186 1509 3436 1567 pascunt.
3463 1495 3529 1548 Et
3551 1494 3747 1547 ubst-r-

2155 1595 2270 1648 vari
2303 1609 2333 1647 a
2365 1592 2565 1648 felibus
2597 1595 2650 1645 iu
2677 1593 2759 1644 bis
2789 1592 2922 1658 ipsis
2957 1592 3132 1646 inuris
3161 1591 3443 1641 hortorum
3471 1625 3484 1648 ,
3527 1587 3597 1639 de
3629 1585 3752 1654 qui-

2156 1687 2257 1743 bus
2291 1687 2592 1758 loquimur,
2626 1688 2790 1740 horas
2821 1693 2992 1740 statas
3023 1692 3133 1737 tam
3167 1679 3411 1746 Cusluci,
3462 1679 3608 1749 quod
3638 1691 3751 1729 me-

2156 1783 2306 1839 dium
2335 1789 2420 1837 est
2446 1781 2592 1835 inter
2618 1787 2873 1833 exortum
2931 1776 3064 1830 solis
3087 1783 3143 1830 et
3164 1772 3446 1827 meridiem
3477 1768 3753 1840 temporis

462 1847 589 1941 qtae
620 1872 883 1926 diximus.
916 1870 979 1925 Et
1027 1869 1354 1941 Zygomalas
1412 1867 1596 1938 ἄθυρα
1656 1867 1826 1929 dicta,
1901 1847 2536 1937 velutBintenaItum,
2604 1887 2769 1943 quam
2837 1868 3036 1928 lkindi,
3098 1866 3245 1938 quod
3307 1863 3596 1919 meridiem
3682 1863 3752 1915 ab

463 1963 674 2032 ἢπυλα,
703 1963 922 2016 volebat
951 1977 1016 2016 ex
1054 1975 1120 2015 eo
1145 1961 1294 2030 quod
1349 1961 1425 2014 uti
1459 1971 1613 2026 tunc,
1642 1960 1716 2014 ita
1746 1959 2049 2029 superiori-

467 2055 572 2108 bus
599 2052 761 2107 etiam
815 2051 1058 2114 saaculis,
1113 2051 1312 2120 oppida
1374 2049 1586 2105 fuerint
1647 2050 1818 2106 nullis
1879 2051 2054 2120 portis

465 2146 680 2210 clausa,
711 2161 812 2200 nec
845 2145 1121 2200 moenibus
1151 2145 1351 2200 cincta.
1396 2145 1570 2215 Vulgo
1624 2145 1862 2213 denique
1889 2144 2045 2201 Gra—

465 2253 656 2292 corum
691 2237 845 2301 illud,
882 2238 1078 2299 πόντος
1114 2238 1315 2306 μέγας,
1375 2237 1502 2301 hoc,
1568 2236 1768 2297 πόντος
1829 2236 2050 2306 μικρὸς.

466 2333 788 2400 appellatur,
827 2343 886 2386 ut
919 2334 1081 2400 paulo
1132 2330 1490 2402 peritioribus
1523 2333 1748 2401 γέφυρα
1808 2331 2047 2403 μεγάλη,

463 2434 519 2480 et
544 2425 764 2495 γέφυρα.
793 2425 988 2496 μικρά.

466 2557 592 2612 197.
624 2558 844 2610 Pratum
875 2558 1254 2617 Gcnibaxeum,
1281 2559 1655 2626 genizarorum
1697 2559 2052 2626 domicilium,

534 2631 804 2698 excttbito,
832 2628 1106 2680 excubitor
1133 2645 1184 2678 ιι.
1221 2627 1360 2680 Loca
1407 2639 1548 2698 certa
1599 2630 1879 2697 pascendis
1925 2633 2052 2698 feli-

540 2697 656 2760 bus,
675 2714 738 2750 ea:
765 2697 1053 2750 Turcorum
1084 2700 1329 2750 instituto
1355 2737 1370 2762 ,
1395 2697 1590 2752 Cusluc
1612 2709 1660 2752 et
1685 2697 2056 2766 Iltindi,stata:

539 2769 816 2835 pascendis
844 2768 1028 2820 iisdem
1063 2767 1228 2821 hunc.

546 2883 850 2940 Divertissu
882 2882 1120 2938 traditur
1155 2881 1408 2943 Seliums,
1454 2878 1596 2934 haud
1646 2881 1811 2936 dubie
1857 2897 2055 2952 magno

467 2989 592 3029 cum
623 2974 912 3038 comitatu,
945 2975 998 3028 in
1035 2973 1215 3026 locum
1253 2971 1427 3035 urbis,
1453 2973 1522 3027 ab
1553 2973 1860 3027 Annalibus
1883 2975 2056 3028 Geni-

468 3068 610 3123 baxe
641 3067 722 3121 vel
753 3066 1065 3124 Genibacze
1105 3066 1468 3131 nominatum,
1512 3065 1565 3120 id
1595 3073 1681 3120 est
1715 3066 1768 3118 in
1832 3066 2052 3122 hortum

470 3173 708 3221 novatn;
736 3158 896 3227 cujus
921 3158 974 3212 in
989 3169 1174 3226 prato,
1209 3157 1509 3212 multorum
1547 3156 1910 3212 tentoriorum
1955 3173 2052 3210 ca-

470 3251 617 3318 paci,
657 3249 893 3304 'l‘urcico
953 3264 1106 3302 more
1146 3247 1478 3302 commorari
1532 3249 1638 3303 sub
1668 3248 1758 3303 dio
1813 3258 2050 3317 poterat.

473 3338 622 3393 [dent
662 3355 858 3392 nomen
913 3349 969 3392 et
1029 3337 1419 3408 Spandugiuus
1466 3339 1747 3394 memoriae
1791 3340 2052 3410 prodidit.

471 3431 730 3486 Selimem
781 3429 1025 3484 referens
1086 3432 1382 3501 hospitium
1438 3433 1652 3498 cepisse
1700 3431 1930 3495 inloco,
1966 3432 2054 3486 cui

472 3537 672 3576 nomen
716 3523 788 3575 sit
822 3518 1138 3585 Janibacza,
1191 3538 1297 3574 non
1355 3523 1542 3591 procul
1603 3536 1632 3574 a
1671 3523 2054 3592 genizarorum

470 3613 776 3667 domicilio.
813 3611 1031 3667 Dictum
1087 3613 1248 3683 paulo
1282 3621 1432 3678 ante,
1498 3612 1797 3670 Corcutem
1835 3631 2056 3684 quoque

465 3705 1003 3775 Censtantinopolim
1039 3707 1372 3776 ingressum,
1407 3707 1552 3762 haud
1593 3709 1783 3776 procul
1819 3723 1850 3762 a
1877 3708 2056 3761 domi-

466 3799 598 3851 t-ilio
657 3799 1041 3866 genizarorum
1099 3801 1372 3869 delegisse
1402 3801 1506 3854 sibi
1550 3800 1730 3853 locum
1769 3801 1993 3869 hospitii
2035 3818 2050 3855 :

465 3890 614 3962 quod
657 3907 790 3948 sane
826 3907 935 3962 quo
973 3891 1180 3946 factum
1211 3893 1444 3948 consilio
1483 3892 1670 3957 fuerit,
1726 3908 1890 3966 nejno
1919 3910 2051 3948 ~non

469 3985 878 4040 animadvertit.
919 3983 1034 4040 Hoc
1071 3985 1455 4054 genizarorum
1505 3985 1848 4040 domicilium
1907 4000 2053 4039 mes-

471 4075 588 4127 sitae
621 4075 934 4142 proximum
963 4082 1070 4140 est,
1093 4089 1256 4142 quam
1291 4074 1572 4128 memoria:
1601 4076 1916 4132 cbarissimi
1949 4075 2054 4132 sibi

472 4164 566 4216 filii
600 4163 958 4218 Mucbemetis
987 4161 1329 4219 Soleimaues
1359 4166 1641 4222 secundus
1663 4168 1961 4224 exstruxit.
2003 4167 2056 4223 Is

472 4267 636 4314 natus
668 4273 734 4312 ex
778 4257 952 4312 Rossa
991 4257 1249 4328 conjuge,
1281 4274 1381 4313 ceu
1427 4260 1633 4314 dictum
1674 4262 1728 4314 in
1759 4262 2053 4316 Annalium

469 4351 890 4423 Supplementa,
921 4348 1145 4404 Selimis
1199 4350 1238 4404 ll
1272 4349 1444 4404 frater
1500 4361 1626 4405 natn
1677 4351 1874 4420 major,
1911 4353 2054 4406 haud

467 4444 635 4498 dubie
659 4443 802 4513 patri
829 4457 1190 4498 successurus
1213 4453 1354 4507 crat,
1377 4443 1423 4497 si
1450 4454 1731 4514 superstes
1758 4444 1806 4498 ei
1839 4445 2052 4500 fuisset.
2101 4464 2106 4468 ·

470 4536 582 4590 Nec
613 4537 740 4591 item
785 4535 979 4606 procul
1014 4537 1171 4590 abest
1203 4552 1234 4589 a
1279 4535 1501 4589 messita
1533 4535 1838 4590 Turcorum
1880 4540 2052 4606 prima
2085 4541 2135 4602 ο

467 4627 966 4697 Cutistantinpoli,
1001 4643 1168 4698 quam
1219 4631 1272 4683 iu
1327 4631 1510 4684 locum
1549 4629 1680 4685 tedis
1731 4639 2048 4687 sanctorum

471 4719 840 4787 apostolorum
883 4719 1255 4774 Mncbemetes
1292 4719 1355 4784 ll,
1400 4721 1535 4776 urbe
1559 4732 1744 4790 capta,
1783 4723 2049 4779 condidit.

474 4811 654 4877 Ipsum
723 4812 826 4865 hoc
889 4811 1180 4867 aedificium
1247 4829 1344 4882 pro
1411 4814 1685 4879 geuizaris
1715 4825 2051 4869 exstructum

471 4900 716 4954 arbitror
738 4902 804 4954 ad
828 4902 1190 4956 imitationem
1223 4902 1422 4956 veteris
1451 4913 1559 4955 tam
1592 4903 1644 4956 in
1679 4906 1815 4958 urbe
1848 4903 2052 4972 prisca,

473 5003 636 5056 quam
677 5003 838 5055 nova,
865 4991 1319 5058 prmtorianarum
1359 4991 1668 5045 cohortium
1699 4993 2052 5056 excubitorii,

472 5080 618 5150 quod
649 5081 896 5137 historici
929 5081 1104 5136 Graeci
1142 5081 1479 5137 recentiores
1512 5084 1826 5138 excubitum
1863 5093 1914 5137 ct
1957 5098 2053 5136 ex-

471 5173 655 5229 cubita
722 5172 1000 5228 dixerunt.
1055 5175 1230 5229 Erant
1259 5175 1404 5229 enim
1437 5183 1497 5229 ut
1522 5177 1572 5228 in
1599 5177 1732 5230 urbe
1761 5177 1953 5236 veteri,
1979 5174 2058 5227 sic

471 5260 636 5318 etiam
669 5263 724 5316 in
757 5277 897 5317 nova
930 5263 1408 5327 Constantiniana,
1433 5265 1742 5320 cohortium
1771 5264 2056 5334 praetoria—

475 5372 692 5422 narum,
758 5357 962 5426 quibus
1027 5355 1273 5426 genizari
1342 5367 1756 5423 successerunt,
1820 5359 2057 5424 itemque

473 5449 780 5504 cohortium
809 5451 1168 5515 urbanarum,
1205 5459 1261 5504 et
1283 5450 1505 5519 vigilum
1527 5449 1912 5505 excubitoria.
1945 5447 2058 5504 Nec

473 5542 652 5594 locum
685 5541 937 5612 equidem
980 5543 1312 5597 excubitorii
1365 5544 1824 5612 pratorianorum
1855 5551 2058 5596 veteris

476 5641 743 5685 mutatum
779 5634 1040 5698 arbitror,
1065 5633 1138 5688 ob
1192 5635 1642 5689 commoditatem
1675 5637 1818 5689 situs
1845 5651 1860 5701 ;
1895 5649 2056 5703 quem

474 5734 701 5789 norunt,
738 5727 833 5794 qui
873 5725 1407 5797 Constantinopolim
1461 5727 1740 5780 viderunt.
1776 5726 1915 5781 Sunt
1952 5729 2060 5781 ibi-

473 5814 596 5868 dem
633 5813 775 5868 ltorti
812 5816 968 5883 longe
995 5817 1345 5885 amplissimi,
1401 5818 1730 5874 circumdati
1771 5821 1966 5888 muris,
2000 5821 2056 5875 in

2097 2419 2150 2452 Δ

2157 1984 2361 2025 occasu
2395 1967 2535 2024 solis
2561 1979 2721 2035 atquo
2748 1964 2926 2034 spatio
2961 1959 3173 2026 dividit,
3205 1955 3458 2026 equidem
3484 1953 3752 2023 frequen-

2158 2070 2242 2116 ter
2277 2061 2402 2117 illae
2433 2060 2506 2119 ad
2533 2060 2954 2131 patriarchinm,
2998 2055 3257 2110 visitandi
3282 2050 3599 2124 Zygomalaa
3648 2063 3746 2102 no-

2159 2157 2259 2213 stri
2294 2172 2460 2212 causa
2521 2155 2816 2217 transiens,
2852 2151 3219 2207 animadverti
3254 2167 3268 2204 :
3301 2161 3600 2215 coramque
3638 2143 3743 2198 vidi

2159 2249 2517 2304 mulierculas
2548 2247 2859 2302 humilioris
2900 2253 3147 2309 staturas,
3200 2256 3396 2296 carnes
3448 2253 3628 2301 assas,
3681 2252 3749 2290 ex

2159 2341 2463 2410 opsopoiiis
2491 2338 2762 2410 proximis
2818 2345 3056 2406 emptas,
3110 2343 3164 2388 et
3219 2331 3448 2402 perticis
3493 2327 3756 2395 oblongis

2151 2434 2371 2497 afﬁxas,
2395 2433 2594 2488 felibus
2627 2433 2796 2486 hosce
2821 2444 3007 2484 muros
3037 2427 3404 2484 insidentibus
3437 2424 3752 2493 porrigere,

2160 2543 2285 2581 cum
2317 2527 2504 2582 nescio
2559 2525 2692 2595 quid
2729 2525 3080 2594 precularum
3131 2521 3644 2574 admurmurarcnt.
3686 2512 3754 2567 In

2163 2620 2264 2672 hos
2295 2620 2461 2688 igitur
2494 2619 2707 2681 hortos,
2741 2617 3084 2671 excubitorio
3121 2614 3520 2669 Genizarorum
3555 2607 3755 2680 proxi-

2162 2728 2308 2778 mos,
2342 2713 2599 2766 sultanus
2629 2709 2865 2764 Selimcs
2889 2709 3132 2763 divertit.

2162 2805 2264 2860 198
2330 2803 2402 2856 De
2437 2803 2718 2869 Mustapha
2754 2803 2928 2863 bassa,
2965 2800 3226 2870 anazitis
3275 2800 3598 2852 vezirazeme
3633 2794 3750 2848 Du-

2377 2877 2562 2944 cugino
2601 2875 2675 2943 glt'
2704 2873 2959 2941 Bostangi
2995 2875 3176 2933 bassa,
3208 2871 3366 2936 digna
3394 2886 3517 2937 oga.
3641 2883 3650 2890 '

2231 2966 2363 3020 Erat
2395 2967 2484 3020 hic
2511 2965 2828 3034 iluStapbas
2861 2974 3026 3018 natus
3057 2964 3110 3016 in
3169 2963 3305 3015 urbe
3335 2958 3580 3021 Serensi,
3615 2971 3754 3026 pro-

2157 3067 2279 3127 pter
2305 3056 2677 3124 Amphipolim
2711 3057 2839 3121 sita,
2876 3055 2945 3109 de
2976 3053 3174 3123 quibus
3211 3051 3477 3106 ambabus
3529 3050 3752 3104 dictum

2161 3151 2342 3220 capite
2364 3150 2434 3203 43
2464 3158 2516 3204 et
2560 3150 2649 3204 55.
2687 3148 2904 3203 Patrem
2945 3147 3136 3200 habuit
3177 3147 3520 3199 sacerdotem
3569 3140 3757 3195 Chri-

2160 3243 2326 3300 stiani
2359 3245 2496 3299 ritus
2527 3242 2802 3297 Graecum.
2823 3243 2886 3294 Et
2920 3240 3142 3294 Graecos
3173 3235 3486 3290 sacerdotes
3515 3234 3569 3286 in
3611 3247 3754 3287 con-

2156 3336 2310 3408 jugio
2346 3337 2530 3391 virere
2561 3351 2722 3389 nemo
2750 3349 2859 3388 non
2909 3333 3082 3386 novit.
3118 3328 3240 3382 Fuit
3269 3329 3357 3383 hic
3413 3327 3754 3396 Mnstapbas

2161 3432 2246 3485 vir
2265 3438 2506 3489 astutus.
2540 3427 2877 3490 malitiosos,
2899 3425 3156 3479 vindicta
3180 3434 3366 3479 tenax.
3392 3421 3588 3477 Statim
3621 3433 3754 3491 post

2162 3530 2392 3577 mortem
2427 3521 2684 3590 Bajazitis
2715 3534 2744 3572 a
2777 3520 2996 3572 sultauo
3026 3516 3226 3570 Selime
3255 3519 3357 3569 fuit
3383 3495 3784 3594 interiectus,’

2160 3615 2239 3668 uti
2275 3630 2384 3670 non
2419 3616 2594 3668 multo
2626 3620 2750 3682 post
2784 3611 2838 3664 in
2877 3609 3184 3664 Annalibus
3233 3607 3505 3678 sequitur.
3553 3604 3749 3661 invius

2161 3708 2422 3762 Selimem
2461 3723 2568 3760 non
2607 3706 2774 3774 hujus
2805 3708 3074 3758 duntaxat
3135 3716 3295 3755 usum
3347 3713 3513 3768 opera
3551 3699 3745 3752 scribit

2160 3803 2213 3857 in
2245 3801 2608 3869 opprimendo
2668 3807 2842 3868 patre,
2873 3797 2969 3852 sed
3015 3795 3182 3850 etiam
3215 3792 3603 3864 Ducagiuoglis
3631 3791 3734 3872 βο·

2159 3897 2371 3966 stangis
2437 3894 2781 3956 bassaa,sive
2839 3891 3262 3944 bortulanorum
3328 3887 3594 3959 praefecti,
3650 3886 3740 3940 cui

2159 3997 2372 4043 secreto
2404 3987 2636 4041 Sclimes
2693 4001 2794 4054 pro
2831 3983 3072 4054 perﬁdiae
3124 3983 3348 4053 praemio
3377 3981 3544 4036 tiliam
3585 3981 3749 4034 nubi-

2161 4082 2266 4136 lem
2298 4082 2552 4149 promisit
2583 4088 2634 4133 et
2656 4078 2842 4144 dedit;
2879 4089 2932 4132 et
2955 4077 3141 4146 Aiacis
3171 4077 3559 4146 genizarorum
3595 4076 3749 4144 Αεπι,

2159 4175 2306 4243 quod
2335 4172 2500 4226 Turci
2535 4187 2730 4226 nomen
2765 4187 2872 4225 non
2907 4174 3069 4242 Ajax,
3103 4171 3198 4226 sed
3241 4169 3402 4237 Aigas
3430 4169 3753 4223 enuntiarit.

2160 4265 2236 4317 De
2266 4261 2622 4334 Ducagiuogli
2652 4263 2814 4332 paulo
2843 4271 2966 4333 post
2989 4263 3227 4329 dicetur,
3261 4263 3443 4331 capite
3473 4259 3603 4315 206.

2164 4353 2282 4410 199.
2325 4355 2435 4409 Cur
2468 4354 2808 4408 Dimotucum
2834 4355 3069 4408 secedere
3102 4353 3396 4423 Bajazt’tcs,
3418 4354 3645 4422 imperio
3673 4357 3758 4407 di—

2232 4427 2389 4479 misso
2443 4427 2683 4479 voluerit.
2736 4424 3107 4494 Inangurandt'
3154 4425 3353 4477 sultani
3408 4429 3749 4494 cierentonia.

2235 4497 2625 4565 Imperatoritm
2685 4493 2920 4565 insignia
2986 4498 3063 4547 vel
3122 4496 3380 4566 symbolo.
3440 4493 3752 4549 Coranaudi

2233 4563 2454 4622 alterius
2517 4563 2853 4635 intrpei'otoris
2917 4567 3054 4616 ritus
3114 4563 3252 4629 apud
3309 4563 3754 4632 Gt'wCas,priori

2227 4640 2522 4706 superstite.
2551 4637 3090 4704 Ιιαρακοιμώμενοι.
3114 4636 3582 4706 quramangium,
3614 4637 3746 4689 Tzo-

2228 4705 2442 4772 haduri,
2477 4707 2701 4775 ἅμϐων,
2745 4709 3132 4774 Δικητήσιον.
3167 4705 3416 4758 Tzankia.

2233 4801 2582 4856 Dimotucum
2617 4816 2646 4854 a
2681 4797 2880 4853 Turcis
2907 4798 3093 4853 vocari
3117 4798 3416 4862 civitatem,
3442 4813 3566 4867 qua
3598 4797 3759 4854 Grae-

2163 4894 2244 4948 cis
2275 4891 2698 4962 Didymotichon
2728 4891 2966 4954 dicatur,
3001 4889 3306 4946 indicatum
3339 4905 3530 4960 supra,
3567 4892 3755 4962 capite

2160 4987 2253 5052 28,
2287 4985 2568 5042 nonnullis
2605 4985 2806 5039 ibidem
2851 4984 3082 5054 adjectis
3113 4982 3182 5038 ad
3227 4985 3368 5039 hanc
3399 4999 3524 5053 quae
3576 4988 3755 5055 perti-

2165 5093 2318 5138 nent.
2351 5079 2538 5136 Voluit
2573 5091 2755 5136 autem
2788 5096 2855 5136 eo
2886 5097 2946 5136 se
2976 5083 3231 5136 conferre
3261 5079 3555 5150 Bajazites,
3587 5081 3750 5135 abdi-

2164 5183 2289 5230 cato
2323 5174 2574 5243 imperio,
2609 5174 2757 5242 quod
2791 5173 2912 5241 ejus
2940 5181 3085 5228 esset
3120 5173 3320 5243 patria.
3342 5173 3555 5243 Quippe
3581 5182 3750 5228 natus

2161 5267 2328 5340 476
2357 5268 2469 5323 illic
2523 5266 2722 5321 fuerat.
2762 5266 2828 5322 Et
2889 5281 3052 5322 nemo
3106 5279 3218 5321 non
3253 5267 3472 5321 occulto
3504 5266 3746 5335 quodam

2164 5361 2429 5416 instinctu
2475 5369 2688 5414 natura
2738 5359 3043 5414 delectatur
3078 5359 3146 5414 iis
3187 5359 3465 5429 praecipue
3496 5359 3662 5425 locis,
3690 5363 3746 5414 in

2165 5456 2362 5522 quibus
2389 5453 2690 5508 exsisteudi
2728 5453 3040 5523 principum
3073 5453 3291 5509 habuit.
3318 5453 3393 5508 Ea
3428 5468 3653 5524 quoque
3679 5455 3748 5509 de

2165 5563 2334 5602 eausa
2392 5545 2685 5615 Bajazites,
2744 5561 2870 5600 cum
2923 5555 3051 5602 ante
3104 5547 3429 5614 triennium,
3497 5548 3748 5602 videlicet

2164 5653 2310 5693 anno
2357 5638 2674 5692 Christiano
2731 5637 2888 5704 l509,
2918 5649 3076 5694 terra:
3109 5647 3292 5695 motus
3342 5640 3650 5704 horribilis,
3682 5640 3748 5694 de

2167 5745 2276 5798 quo
2319 5729 2480 5798 paulo
2529 5740 2656 5786 ante
2705 5731 2960 5801 legimus,
3001 5732 3056 5786 in
3098 5731 3182 5787 bis
3233 5733 3563 5788 Annalibus.
3603 5733 3750 5787 Con-

2168 5823 2580 5890 stantinopolim
2614 5833 2666 5878 et
2705 5823 3148 5892 Didymoticbum
3184 5839 3322 5894 pene
3365 5833 3507 5880 totas
3542 5826 3720 5880 diruis
