2009 3217
131 197 184 228 860

699 193 897 226 l-‘ANDECTE
918 195 1022 227 HIST.
1043 193 1189 229 TURClC,

1712 188 1766 221 870

130 258 172 281 set
190 263 197 279 :
214 260 268 279 non
296 251 565 285 Constantinopolim
592 251 674 277 modo
699 250 806 282 refecit,
824 251 1055 283 verumAsitus,
1091 255 1118 277 et
1151 248 1255 277 tribuni
1290 248 1398 282 plebis,
1430 255 1482 273 una
1511 254 1572 274 cum
1606 246 1763 274 tiilmlibus.

130 300 214 326 r-tiam
233 298 329 325 decem
345 298 521 329 sarchorum,
541 297 567 323 id
593 303 635 324 est
650 297 885 325 mercenariorum
897 300 925 324 et

129 346 259 379 opitieum
280 344 374 376 millia,
393 343 611 379 Didymotichum
642 344 716 370 misit
735 351 742 369 :
759 344 805 378 qui
830 343 925 377 patriae

129 399 189 417 suae
204 390 306 417 tumnia
336 390 469 424 collapsa,
484 397 546 416 cum
571 389 694 416 aediﬁciis
725 389 923 420 instaurarent,

129 437 164 463 uti
198 436 396 470 Spandugiuus
429 436 569 463 memoriae
601 435 732 470 prodidit.
746 435 806 468 Quo
832 440 922 463 autem

129 485 183 510 ritu
205 483 308 510 sultani
325 482 481 520 Osmanidae
497 482 613 509 mortttis
627 483 763 516 patribus,
777 482 922 516 itnperium

128 530 269 563 auspicari
283 529 401 560 soleant,
432 528 586 561 expositum
602 529 627 554 in
654 528 848 563 Supplemento
865 528 922 554 An-

128 576 231 602 nalium
248 579 354 605 nostro,
380 575 413 601 ad
433 583 537 601 annum
561 574 747 602 Christianum
767 575 845 602 1566.
873 574 923 602 Hic

128 623 232 657 quibus
256 622 431 649 caeremoniis
469 625 614 655 superstes
647 626 724 656 pater
754 622 841 648 ﬁliuni
870 622 921 649 sibi

129 669 317 697 substituent.
343 667 492 694 indicatur.
520 667 627 702 Quippe
660 668 716 694 lilio
742 668 814 694 tradi
838 669 922 695 cistas

126 714 217 749 jussit,
238 713 340 747 quibus
358 714 528 747 imperatorii
550 714 674 741 thesauri
695 714 920 741 continebantur.

129 758 229 785 Eorum
249 765 313 785 vero
330 758 442 785 nomine
458 765 512 785 non
527 759 565 786 illi
595 759 719 788 veniunt.
736 767 806 793 quos
823 759 922 786 adver-

130 805 184 832 sari
200 804 324 831 diximus
342 804 369 830 ill
385 804 508 832 Jedicula
528 814 534 832 :
550 805 598 832 sed
612 813 671 840 quae
685 805 771 832 Gratci
788 805 922 833 vocabant

130 850 318 885 imperatoria,
330 851 370 877 vel
380 851 520 885 κειμήλια,
532 851 572 878 rel
590 851 726 886 ἐπίσημα,
735 852 776 878 vel
787 852 920 886 σύμϐολα.

131 896 177 924 Sic
192 896 303 923 Grieciaa
318 903 419 930 praetor
436 898 484 929 ait,
510 898 617 925 venisse
630 903 708 932 capta
729 899 921 926 Constantino-

134 942 186 976 poli
217 942 371 970 Graacorum
409 943 434 970 iu
470 951 567 971 manus
590 944 767 978 imperatoria
794 944 918 972 Balduini

135 990 246 1016 secundi
260 991 392 1025 symbola,
411 998 472 1025 quae
485 992 594 1025 quidem
611 991 669 1018 lucc
685 991 785 1019 l'ucrint
801 1001 808 1018 :
823 992 921 1027 Calyp-

133 1041 183 1067 tra,
197 1035 289 1063 formae
302 1035 409 1063 Latinis
426 1037 538 1064 usitata;
550 1037 674 1071 (Latinos
687 1038 773 1065 (ἓτεεί
786 1038 921 1065 vocabant

130 1081 245 1116 populos
262 1081 294 1107 ad
320 1082 463 1116 imperium
491 1082 583 1109 Roma:
611 1083 712 1110 veteris
739 1084 919 1118 pertinentes,

128 1133 191 1153 cum
209 1126 262 1153 sibi
288 1126 475 1154 Romanorum
494 1128 707 1163 appellationem
734 1130 918 1164 arrogarent),

128 1178 152 1199 et
165 1172 318 1200 unionibns
344 1173 478 1201 distincta
502 1181 565 1201 cum
587 1174 681 1209 lapillo
714 1175 790 1201 rubri
819 1175 920 1203 coloris

129 1217 153 1244 in
173 1218 278 1245 vertice
295 1218 392 1252 capitis
409 1227 415 1245 :
431 1219 627 1252 calceamenta,
641 1215 724 1247 cocco
745 1220 848 1247 tincta:
865 1220 920 1254 gla-

129 1263 191 1291 dius
203 1263 301 1299 vagina
311 1263 344 1291 de
356 1265 478 1292 coccinei
493 1265 595 1293 coloris
608 1265 699 1293 serico
720 1265 804 1297 facta,
834 1266 921 1293 vesti-

130 1314 185 1337 tus.
202 1309 272 1336 Inde
286 1314 390 1344 patrem
409 1310 525 1338 Selimes
541 1311 619 1344 adiit,
647 1312 728 1346 eique
753 1320 876 1344 manum,
893 1316 922 1339 ιιι

129 1354 279 1382 Annalium
295 1355 380 1387 liber;
397 1355 491 1390 pedes,
504 1360 533 1382 ut
546 1355 640 1384 Jovius
657 1361 760 1389 narrat,
775 1357 920 1384 osculatus

129 1401 272 1429 est.ldem
287 1402 363 1429 addit
390 1402 495 1430 hocab
522 1409 555 1429 eo
584 1403 684 1430 factum
716 1404 846 1434 maxima.
874 1404 921 1430 sed

129 1448 258 1477 simulata
274 1455 337 1474 cum
354 1448 538 1476 submissione
551 1457 558 1476 :
573 1456 635 1476 cum
653 1450 816 1477 temeritatis
831 1450 921 1477 obiter

129 1501 186 1521 sua:
203 1494 312 1521 veniam
332 1500 467 1529 posceret.
484 1494 545 1522 Mox
556 1496 578 1522 ei
596 1500 672 1530 pater
698 1504 845 1531 assurgens
862 1498 922 1532 gla-

130 1540 174 1568 dio
189 1540 263 1567 latus
279 1539 374 1572 cinxit,
399 1545 430 1567 ut
450 1540 546 1568 Jovius
571 1546 705 1568 memorat
721 1550 728 1568 :
744 1546 774 1568 ut
789 1543 921 1576 Annales,

977 297 1131 332 Ccpitergo
1152 295 1321 323 secretarius
1337 295 1395 321 hinc
1420 301 1451 320 ex
1470 293 1645 326 imperatoris
1656 293 1768 320 decreto

976 343 1059 370 verba
1074 343 1164 378 legere
1180 351 1187 369 :
1206 341 1311 368 Bardas
1327 341 1418 367 Caesar
1435 341 1582 367 adversum
1599 347 1640 366 me
1657 340 1768 372 conspi-

977 390 1057 420 ravit,
1082 393 1111 414 ut
1141 388 1225 415 vitam
1240 386 1306 413 mihi
1332 386 1464 413 adimeret
1484 392 1595 419 :eaque
1619 385 1653 411 de
1681 392 1766 411 causa

975 439 1053 462 extra
1070 434 1166 462 urbem
1179 440 1221 460 me
1241 432 1365 460 abduxit.
1380 431 1457 464 Quod
1483 431 1535 458 nisi
1555 430 1716 464 Symbatins
1734 438 1765 457 ac

975 482 1093 509 Basilius
1140 480 1272 507 indicium
1331 479 1392 513 ejus
1429 477 1469 505 rei
1515 477 1580 504 mihi
1626 477 1766 507 fecissent,

974 528 1101 563 equidem
1115 535 1169 554 non
1190 527 1309 561 amplius
1328 526 1355 553 in
1373 533 1489 552 numero
1504 527 1627 552 virorum
1648 525 1767 551 exsiste-

974 583 1043 602 rem.
1062 576 1100 602 Ac
1117 574 1197 609 periit
1212 574 1258 600 ille
1273 580 1322 600 sua
1355 580 1422 599 sane
1441 573 1532 606 culpa.
1552 571 1682 599 Basiliutn
1700 572 1775 599 vero'

974 622 1297 654 Parakimomenon,eeu
1323 620 1407 648 fidum
1434 619 1513 651 mihi,
1534 619 1642 654 meique
1669 626 1767 646 serva-

974 673 1060 697 torem
1075 668 1197 703 imperii,
1227 668 1332 703 quique
1357 674 1399 694 me
1418 665 1545 693 liberavit
1560 666 1594 692 ab
1610 665 1699 696 hoste.
1734 672 1766 692 ac

974 716 1107 750 singulari
1137 714 1237 741 afeetu
1267 713 1470 748 complectitur,
1498 719 1560 740 esse
1587 712 1649 739 volo
1666 716 1765 738 custo-

973 762 1034 789 dem
1054 766 1081 789 et
1094 766 1252 789 curatorem
1270 760 1379 795 imperii
1407 759 1460 786 mei
1477 767 1484 791 ;
1505 758 1666 791 faustisque,
1694 758 1767 784 velut

973 809 1179 843 imperatorem,
1193 807 1443 834 acclamationibus
1469 805 1597 832 salutari.
1613 803 1683 831 Tum
1701 810 1768 830 vero

973 853 1092 881 Basilius
1106 853 1214 888 oppleri
1230 853 1368 888 lacrymis.
1382 851 1415 878 Et
1432 851 1582 885 imperator
1595 849 1735 883 demptam
1751 853 1769 876 θ

974 901 1065 936 capite
1091 906 1143 927 suo
1166 907 1297 927 coronam
1323 898 1422 926 I‘hotio
1442 897 1605 933 patriarchae
1623 894 1766 931 porrexit!

974 948 1021 982 qui
1038 955 1069 975 ea
1083 954 1190 975 sacram
1207 946 1239 973 ad
1253 943 1377 973 mensam
1391 945 1545 978 deportata,
1562 949 1659 978 preces
1685 948 1767 976 super

974 995 1049 1022 illam
1066 993 1202 1027 concepit.
1226 992 1293 1019 Inde
1317 991 1542 1026 paludamentum
1564 989 1680 1016 attulere
1698 995 1767 1022 pra!-

974 1041 1066 1075 positi,
1086 1045 1112 1066 et
1124 1039 1302 1066 calceamenti
1327 1038 1458 1065 Basiliam
1475 1036 1638 1064 induerunt.
1662 1035 1698 1066 Is,
1715 1035 1768 1061 ab-

972 1087 1042 1121 iecta
1075 1084 1229 1120 chlamyde,
1247 1083 1280 1110 ad
1315 1083 1492 1118 imperatoris
1525 1082 1608 1116 pedes
1636 1079 1767 1116 procidit.

974 1133 1032 1160 Mox
1056 1138 1145 1159 autem
1162 1138 1291 1166 egressus
1303 1130 1475 1165 patriarcha,
1495 1129 1635 1163 demptam
1658 1128 1734 1162 prius
1751 1135 1771 1154 θ

974 1180 1063 1215 capite
1093 1178 1269 1213 imperatoris
1297 1184 1438 1207 coronam,
1470 1176 1581 1210 ipsimet
1607 1174 1768 1209 imperatori

974 1227 1103 1256 reddidit.
1117 1226 1241 1260 Cumque
1272 1228 1391 1258 sceptra,
1417 1223 1450 1249 de
1470 1229 1556 1253 morti,
1572 1221 1649 1248 humi
1675 1220 1768 1254 ιιι-θρῖα

974 1275 1089 1306 dissent,
1129 1271 1272 1299 coronavit
1306 1269 1436 1297 Basilium
1473 1266 1600 1299 Michael,
1636 1265 1767 1292 ouinibus

975 1321 1063 1347 fausta
1091 1326 1158 1346 voce
1187 1316 1430 1344 acclamantibus:
1451 1312 1577 1341 Micltaeli
1605 1318 1629 1339 at
1663 1311 1767 1338 Basilio

974 1365 1105 1400 angustia,
1122 1363 1200 1390 mulli
1216 1362 1291 1389 anui.
1310 1359 1373 1387 Hzec
1389 1361 1438 1387 abs
1450 1367 1479 1386 re
1507 1358 1666 1394 putavimus
1683 1364 1768 1391 expo-

975 1411 1075 1442 nenda,
1091 1417 1147 1444 quo
1163 1407 1296 1436 studiosis
1314 1407 1491 1441 antiquorum
1510 1406 1614 1432 rituum
1630 1411 1688 1431 retn
1704 1410 1768 1437 gra-

975 1461 1029 1484 tam
1051 1457 1214 1484 faccremus.
1232 1453 1403 1487 Adjiciamus
1415 1456 1442 1480 et
1457 1451 1609 1478 dillicilium
1624 1449 1778 1477 intellectu

975 1503 1156 1539 quorumdam
1187 1500 1412 1535 explicationem.
1438 1496 1675 1530 Searamangium,
1700 1494 1766 1530 quid

975 1550 1022 1580 sit,
1050 1547 1202 1574 indicatum
1220 1544 1311 1579 capite
1334 1543 1394 1569 172.
1424 1540 1675 1576 Παρακοιμώμενοι
1702 1542 1769 1565 sunt

132 1586 199 1613 solio
212 1586 312 1613 sedere
321 1594 370 1613 suo
382 1586 473 1619 jussit.
492 1587 648 1621 Calyptram
667 1588 691 1613 ei
716 1588 818 1615 nullam
834 1589 921 1623 impo-

976 1594 1062 1622 intimi
1077 1591 1250 1622 cubicularii,
1268 1590 1313 1624 qui
1335 1587 1527 1623 augustalibus
1543 1588 1570 1613 in
1591 1585 1727 1613 cubiculis
1741 1588 1769 1610 et

133 1632 282 1665 suit.quod
297 1639 328 1659 ea
344 1632 496 1659 Turcorum
526 1633 643 1660 sultanis
670 1634 696 1659 in
728 1641 779 1660 usu
798 1642 851 1661 non
874 1635 921 1667 sit,

134 1678 270 1711 tulipanto
303 1678 439 1706 duntaxat
462 1682 545 1714 caput
572 1679 776 1707 involventibns
793 1688 801 1707 :
817 1680 855 1707 ttti
888 1688 923 1708 ne

138 1724 247 1751 sultame
261 1724 371 1758 quidem
401 1724 525 1759 ipsorum
543 1725 668 1760 calyptra
688 1733 825 1753 coronave
852 1726 923 1761 regi-

141 1769 189 1796 bus
202 1771 300 1797 nostris
313 1771 520 1805 usitata,eaput
547 1775 657 1805 ornant,
674 1771 721 1799 sed
748 1779 811 1799 vera
829 1772 920 1804 taenia,

144 1814 198 1841 sive
214 1815 303 1849 fascia,
320 1818 377 1844 sive
390 1817 555 1848 diademate,
571 1818 655 1845 variis
670 1822 697 1845 et
711 1818 844 1852 exquisiti
861 1825 922 1853 pre-

140 1861 168 1887 tii
181 1863 292 1896 gemmis
312 1864 454 1894 distincto,
473 1863 545 1897 quod
566 1863 599 1890 ad
628 1864 750 1899 sinciput
766 1864 920 1899 colligatur.

134 1906 273 1942 Ejusmodi
290 1909 414 1936 diadema
429 1909 591 1936 conﬁciebat
607 1909 766 1937 Germanus
781 1910 921 1938 aurifaber

131 1953 156 1980 in
169 1954 270 1988 oppido
283 1953 388 1986 Galata,
408 1955 527 1982 Joannes
542 1955 624 1988 Saxo,
641 1960 724 1984 natus
735 1956 807 1991 apud
824 1956 922 1984 Holsa-

129 2004 182 2032 tos,
200 2000 266 2027 huic
281 2000 406 2033 sultanre,
430 2001 544 2028 Muralis
562 2001 595 2029 lll
617 2002 738 2037 conjugi,
764 2010 826 2030 cum
849 2002 921 2030 {ilius

128 2044 317 2073 Jluchemetes
344 2046 584 2074 circumcidendus
611 2052 695 2076 esset.
723 2048 830 2075 Addere
857 2048 922 2076 libet

128 2091 179 2117 hoc
194 2091 255 2117 loco
267 2091 348 2117 ritum
360 2091 511 2117 coronandi
523 2093 595 2126 apttd
608 2092 719 2120 Cra-cos
733 2093 921 2128 imperatoris,

126 2138 214 2171 priori
230 2137 320 2163 adhuc
342 2138 501 2171 superstite,
525 2146 605 2172 quem
624 2139 657 2166 de
686 2138 783 2166 Graeco
800 2139 922 2167 historia

126 2184 201 2210 libro
223 2190 305 2209 manu
324 2188 438 2210 exarato
453 2184 599 2218 Symeonis
615 2185 738 2219 magistri
763 2185 920 2213 Oiliciornm

123 2229 329 2256 exscribemus.
347 2228 479 2264 Loquitur
492 2234 582 2257 autem
604 2231 721 2265 Symcon
735 2231 769 2259 de
779 2231 919 2264 Micliaele,

122 2274 275 2309 Theophili
311 2274 341 2300 F.
370 2275 504 2310 Augusto.
539 2283 619 2310 quem
652 2278 835 2304 temulentum
864 2278 922 2304 sire.

122 2321 249 2354 μέθυσον
282 2325 381 2347 vocant
414 2321 547 2354 hiSIorizu,
583 2328 643 2356 post
679 2323 772 2351 Bardaa
804 2324 920 2350 Caesaris

120 2366 258 2394 avunculi
275 2366 388 2398 eadem,
405 2368 534 2394 Basilium
563 2368 738 2396 Macedmrem
754 2370 787 2396 ad
814 2371 922 2404 imperii

119 2415 292 2440 societatem
312 2418 469 2448 coeptante.
486 2413 574 2442 Verba
590 2419 654 2442 sunt
669 2416 835 2451 hujusmodi.
851 2417 920 2443 Cum

118 2461 292 2493 imperator,
309 2458 358 2490 ait,
373 2459 400 2486 in
412 2459 592 2493 processione
607 2460 740 2495 prodiret,
755 2464 923 2497 sequebatur

119 2514 131 2530 a
151 2510 238 2539 tergo
249 2503 368 2531 Basilius
379 2510 489 2540 gestans
501 2505 674 2540 imperatoris
688 2510 920 2544 scaramangium,

116 2552 197 2585 quod
216 2559 267 2584 pro
281 2558 354 2578 more
371 2552 616 2586 παρακοιμώμενοι
633 2553 748 2580 faciunt.
763 2554 803 2581 Ad
820 2563 923 2588 augus-

115 2600 212 2626 stalt-s
223 2601 315 2624 autent
334 2597 407 2625 fores
424 2598 469 2624 tibi
487 2598 660 2632 pervenisset
671 2600 828 2634 imperator,
844 2608 923 2628 coro-

116 2654 184 2671 nam
205 2650 258 2678 pro
276 2643 473 2677 imperatorum
490 2644 690 2671 consuetudine
708 2652 759 2672 non
774 2646 920 2680 deposuit,

115 2691 168 2717 sed
186 2691 262 2716 intra
277 2688 377 2723 januas
395 2696 489 2718 sacras
508 2698 570 2718 cum
586 2699 617 2718 ea
641 2691 756 2719 Michael
783 2693 922 2727 ingressus

114 2743 174 2765 est.
206 2736 241 2762 Et
265 2743 380 2770 corpore
406 2744 553 2770 converso,
583 2743 639 2765 tres
667 2740 770 2773 gradus
797 2739 924 2768 umbonis

115 2787 280 2812 coronatus
297 2783 431 2815 ascendit,
447 2787 540 2811 stante
557 2784 673 2812 inferius
690 2784 790 2813 Basilio
808 2785 922 2813 Paraki-

116 2837 270 2858 momeno.
286 2829 358 2856 Infra
377 2829 509 2857 Basiliam
525 2831 615 2857 stabat
638 2830 692 2858 Leo
712 2831 827 2866 Easter,
845 2832 890 2866 qui
907 2839 922 2860 ι

116 2876 247 2904 secretis
264 2880 334 2908 erat,
350 2877 516 2905 sententiam
540 2878 671 2912 scriptam
694 2862 811 2913 (mnum
834 2879 922 2908 Graeci

114 2923 240 2959 vocant)
258 2930 340 2951 manu
357 2928 467 2957 tenens,
481 2929 508 2952 et
530 2924 643 2952 Michael
665 2925 786 2954 Anurius
814 2935 922 2963 prapo-

976 1640 1027 1675 ipsi
1047 1643 1159 1674 propter
1175 1638 1358 1672 imperatores
1375 1634 1561 1666 dormiebant,
1577 1632 1617 1660 uti
1647 1632 1767 1667 Symeon

975 1687 1019 1713 hic
1036 1689 1131 1712 noster
1148 1684 1221 1710 haud
1249 1683 1337 1709 multo
1362 1687 1423 1716 post
1446 1681 1570 1707 declarat
1587 1680 1614 1706 in
1640 1678 1768 1713 descrip-

974 1733 1048 1759 tione
1064 1731 1146 1758 eazdis
1164 1729 1308 1757 Michaelis
1323 1728 1450 1763 Augusti.
1466 1727 1532 1754 Tale
1550 1734 1623 1753 nttnc
1648 1725 1767 1752 oliicium

973 1785 1015 1807 est
1030 1778 1099 1813 apud
1116 1778 1269 1803 'l‘urcorum
1294 1775 1434 1801 sultanum
1446 1773 1506 1808 ejus
1524 1772 1701 1803 cubicularii,
1721 1771 1767 1804 qui

972 1823 1129 1853 Chiohadar
1144 1827 1192 1849 aut
1210 1821 1354 1848 Tzobadar
1388 1819 1552 1854 appellatur.
1585 1818 1610 1844 ls
1640 1817 1712 1845 enim
1739 1822 1767 1844 et

973 1872 1043 1898 intra
1067 1868 1170 1896 sultani
1189 1867 1348 1894 cubiculum
1376 1869 1456 1891 noctu
1485 1864 1616 1891 excubias
1646 1863 1710 1897 agit,
1739 1867 1766 1890 ct

973 1915 1092 1952 pluviam
1106 1913 1208 1942 sultani
1224 1915 1328 1940 vestem
1346 1914 1447 1945 gestat,
1462 1914 1492 1937 ut
1509 1909 1763 1940 Parakimomcnos,

973 1971 1033 1999 qua:
1048 1961 1269 1995 scaramsngium
1289 1959 1334 1986 hic
1348 1961 1473 1985 vocatur.
1494 1957 1533 1984 Ae
1545 1960 1763 1987 uoruntomnes,

973 2011 1019 2047 qni
1038 2010 1148 2037 Portam
1166 2007 1296 2035 viderunt
1322 2004 1510 2036 Osmauicam,
1545 2010 1597 2029 non
1625 2002 1763 2028 sultauum

973 2056 1053 2083 modo
1075 2053 1201 2082 comitari
1230 2050 1445 2081 cubicularium,
1471 2050 1517 2083 qui
1540 2055 1639 2076 sereno
1654 2054 1764 2082 quoque

973 2102 1044 2129 cmlo
1057 2099 1277 2131 scaramangium
1297 2098 1358 2132 ejus
1375 2099 1465 2131 gestat
1481 2105 1487 2122 :
1503 2095 1551 2123 sed
1565 2102 1661 2122 omnes
1682 2095 1768 2120 etiam

973 2146 1096 2182 quotidie
1129 2146 1227 2172 bassas
1258 2151 1290 2171 ac
1322 2144 1423 2178 begos,
1465 2142 1687 2177 quotiescunque
1718 2147 1769 2175 per

973 2192 1070 2219 urbem
1089 2190 1122 2217 ad
1151 2189 1262 2216 Portam
1292 2189 1429 2222 equitant,
1456 2187 1559 2215 habere
1585 2186 1765 2221 pedisequum

974 2247 1072 2270 unum,
1086 2238 1131 2272 qui
1153 2241 1256 2264 vestem
1271 2235 1352 2270 477
1370 2233 1528 2268 hujusmodi
1544 2236 1642 2267 portat,
1657 2232 1768 2258 caeteris

938 2269 1236 2320 usuperinjieiendam
1271 2280 1465 2311 vestimentis,
1500 2279 1522 2306 si
1562 2286 1625 2305 aere
1661 2282 1768 2304 mutato

975 2330 1044 2358 forte
1063 2330 1148 2364 pluat.
1171 2328 1304 2355 Ambonis
1336 2334 1434 2353 nomen
1466 2327 1492 2352 in
1516 2325 1626 2359 templis
1654 2324 1766 2351 Graeco-

975 2384 1033 2403 rum
1053 2376 1086 2402 ab
1103 2373 1277 2402 ascendendo
1292 2374 1393 2400 factum
1409 2376 1461 2405 est,
1479 2371 1552 2406 quod
1570 2371 1672 2405 gradus
1689 2377 1766 2397 eom-

975 2422 1068 2456 plures
1084 2420 1193 2447 habeat.
1213 2418 1245 2445 Et
1260 2423 1336 2446 extra
1352 2422 1488 2445 secretum
1503 2424 1517 2443 a
1536 2417 1643 2451 reliquo
1666 2416 1767 2450 templo

974 2466 1128 2493 sacrarium
1143 2465 1184 2492 vel
1208 2464 1404 2498 θυσιαστήριον
1422 2468 1476 2495 est,
1502 2469 1558 2497 quo
1573 2470 1667 2489 mensa
1688 2468 1767 2488 saera

974 2512 1144 2543 continetur,
1175 2509 1314 2537 sacerdoti
1350 2510 1487 2535 duntaxat
1518 2507 1653 2535 adeunda.
1686 2506 1765 2540 Quod

974 2558 1197 2594 paludamentum
1215 2556 1283 2587 dixi,
1304 2555 1433 2590 Symeoni
1460 2555 1621 2589 δικητήσιον
1643 2554 1764 2588 appella-

976 2610 1030 2632 tur.
1042 2604 1107 2631 Scio
1120 2603 1346 2638 paludamentum
1363 2609 1425 2628 esse
1440 2607 1543 2628 vestem
1566 2601 1764 2635 imperatorum

974 2655 1155 2682 castrensem,
1176 2658 1237 2684 qua:
1253 2648 1431 2684 exprimendo
1451 2648 1577 2676 Dikitisio
1606 2655 1659 2675 non
1684 2647 1766 2674 satis-

975 2697 1058 2725 faciat
1075 2705 1081 2723 ε
1100 2697 1147 2724 sed
1157 2703 1219 2722 cum
1233 2696 1306 2723 aliud
1324 2695 1447 2722 invenire
1463 2702 1562 2722 nomen
1574 2701 1627 2720 non
1642 2700 1764 2727 possem,

975 2745 1027 2771 hoc
1040 2744 1077 2770 uti
1092 2743 1180 2770 libuit.
1195 2743 1359 2777 Δικητήσιον
1377 2749 1442 2769 vero
1451 2743 1491 2769 sic
1515 2741 1581 2767 mihi
1596 2744 1661 2767 sunt
1676 2741 1765 2767 inter-

974 2790 1073 2826 pretati
1086 2789 1184 2821 Grazci,
1199 2794 1229 2815 ut
1241 2797 1273 2816 eo
1286 2789 1436 2824 signiﬁcari
1452 2789 1577 2815 dicerent
1586 2787 1765 2822 ἑπιμάνδυον,

974 2839 1032 2865 sive
1048 2836 1293 2871 supramantcllum
1311 2836 1502 2871 (adhibeamus
1516 2836 1588 2862 enim
1606 2842 1685 2862 voces
1701 2834 1766 2861 bar-

975 2884 1067 2916 baras,
1084 2889 1113 2910 ut
1137 2882 1345 2917 intelligantur),
1366 2883 1445 2917 quale
1463 2881 1625 2916 superinijci
1649 2881 1766 2916 patriar-

974 2930 1035 2958 chis
1060 2931 1087 2957 itt
1116 2929 1214 2958 solium
1247 2929 1403 2964 pontificale
1430 2928 1602 2957 collocandis
1630 2928 1711 2962 solet,
1736 2929 1766 2954 ut
