4018 6424
451 371 556 435 Sil
643 337 646 340 ’

1665 355 1992 417 JO.\NN|S
2027 353 2490 416 LEUNCLAVII

3622 356 3732 419 872

454 485 811 554 i.tlt'lligalur,
876 483 977 536 hoc
1017 479 1259 543 indutos,
1309 473 1420 544 iam
1459 473 1636 528 factos
1690 488 1818 528 esse
1873 475 2048 542 pouti-
2074 476 2129 538 Α
2155 473 2264 527 bat.
2304 472 2624 526 Lconardus
2661 472 2918 528 Citiensis
2949 472 3287 542 intperialem
3318 484 3536 544 portam
3573 487 3740 532 vorat

457 584 608 635 lices.
643 577 913 632 Casiolam
968 571 1249 628 memoriae
1302 566 1542 638 prodidit
1605 565 1872 630 lsidorus,
1916 579 2040 636 quae

461 675 566 726 huc
593 679 725 741 puto
755 670 1007 738 quadrat.
1059 665 1176 718 Tali
1231 661 1544 718 vestimenti
1585 673 1786 728 genere
1819 664 2042 714 nostros

458 765 1002 830 etiamimperatorcs
1038 757 1211 817 indui,
1277 769 1402 810 cum
1472 753 1898 822 inaugurantur,
1956 753 2040 819 ip-

459 856 620 908 simet
664 851 930 921 vidimus.
992 849 1195 915 Estque
1261 843 1520 898 notabilis
1559 843 1703 912 apud
1753 839 2038 894 Zozimum

459 952 708 998 nostrum
737 943 913 1003 locus,
936 939 1025 992 ubi
1053 937 1219 990 tradit
1240 937 1343 989 hoc
1361 944 1653 1004 propterea
1674 930 1875 986 factum
1895 931 2038 1000 apud

456 1039 758 1099 Romanos,
798 1044 858 1088 ut
889 1033 1294 1101 intelligeretur
1329 1027 1689 1096 imperatores
1720 1027 1886 1079 etiam
1918 1039 2042 1079 esse

454 1131 742 1201 pontiﬁces
783 1129 1079 1188 maximos,
1142 1121 1612 1192 quemadmodum
1692 1117 1748 1170 itt
1830 1116 2043 1170 numis-

454 1226 620 1277 matis
648 1235 868 1291 quoque
897 1235 957 1274 se
991 1216 1372 1272 nominabant.
1403 1212 1631 1268 Calceus
1672 1210 1787 1265 sive
1824 1210 2042 1282 calcea-

457 1323 666 1375 menta,
703 1310 945 1365 Tzankia
976 1309 1117 1361 dixit
1141 1306 1404 1376 Symeon,
1439 1302 1642 1372 quibus
1682 1303 2044 1371 imperatores

456 1408 535 1461 uti
571 1405 813 1459 coccinei
858 1402 1065 1456 coloris
1097 1400 1372 1454 solebant.
1433 1394 1716 1465 Praepositi
1774 1393 2042 1462 simplici-

457 1508 542 1553 ter
577 1499 666 1552 hic
693 1503 982 1558 vocantur,
1020 1507 1160 1562 quos
1189 1490 1332 1558 apud
1383 1487 1727 1555 antiquiores
1757 1498 2040 1539 sacrorum

456 1591 540 1645 vel
617 1587 992 1657 augustalium
1073 1582 1454 1637 cubicutorum
1534 1577 1857 1647 praepositos
1935 1575 2044 1630 dici

458 1681 708 1735 videmus
772 1681 826 1734 in
885 1676 1214 1732 Justinianei
1271 1671 1518 1733 Codicis,
1571 1679 1626 1723 ct
1687 1667 2040 1723 historiarum

459 1775 636 1828 libris.
673 1773 898 1842 Sceptra
932 1777 1061 1825 sunt
1120 1766 1322 1831 baculi,
1378 1763 1732 1830 magistratus
1768 1759 2039 1829 symbols.

457 1862 571 1918 Nec
612 1864 991 1930 intelliguntur
1052 1860 1142 1912 hic
1179 1858 1354 1927 ipsius
1391 1853 1743 1923 imperatoris
1801 1859 2041 1919 sceptra,

460 1957 555 2013 sed
587 1955 896 2011 oﬂicialium
940 1969 954 2006 :
995 1967 1118 2022 quae
1150 1949 1293 2020 apud
1335 1947 1558 2003 Graecos
1591 1945 1790 2015 deponi
1858 1944 2043 2010 solita,

459 2067 583 2106 cum
613 2064 791 2105 novus
818 2050 1118 2118 imperator
1148 2047 1592 2114 inauguraretur,
1633 2041 1892 2111 superius
1916 2053 2042 2111 cap.

460 2145 563 2199 173
625 2145 988 2198 monuimus:
1028 2141 1282 2209 idemque
1319 2149 1440 2192 mos
1493 2135 1639 2206 apud
1685 2135 1897 2189 Turcos
1948 2133 2047 2186 bo-

456 2239 545 2293 die
605 2236 893 2298 retinetur,
961 2246 1198 2302 quorum
1266 2228 1532 2299 genizari,
1600 2237 1656 2282 et
1710 2226 1798 2280 alii
1841 2225 2046 2280 cilicia-

455 2330 555 2395 lt-s,
586 2343 710 2383 cum
735 2341 914 2380 novus
945 2325 1204 2379 sultanus
1225 2320 1406 2375 Porta:
1435 2317 1678 2374 saraium
1707 2315 2042 2388 ingrediens,

459 2436 684 2489 regnum
723 2433 883 2473 suum
910 2415 1281 2484 auspicatur;
1319 2409 1550 2466 baculus
1602 2423 1732 2462 suos
1763 2408 2046 2477 deponunt

457 2530 521 2569 ex
555 2527 740 2576 causa,
771 2525 938 2580 quam
975 2507 1220 2562 indicato
1247 2503 1427 2574 capite
1460 2500 1887 2557 declaravimus.

457 2630 586 2686 200.
627 2619 804 2680 Portm
825 2621 1035 2677 XXIII
1070 2621 1216 2676 urbis
1269 2617 1899 2686 Constantinopolitanw,
1927 2630 2044 2669 cum

530 2699 707 2752 "mltis
755 2693 1203 2759 memorabilibus,
1245 2698 1294 2745 et
1341 2688 1409 2742 ad
1445 2689 1700 2744 historias
1747 2685 2046 2756 intelligen-

533 2772 627 2822 dus
680 2764 1011 2821 necessariis.

527 2886 664 2949 Quia
699 2898 805 2936 non
860 2888 1068 2935 tantum
1114 2879 1203 2932 hic
1252 2875 1795 2953 Hadrianopolitanaz
1849 2881 2041 2944 portas,

456 2976 550 3030 sint
590 2975 820 3028 aliarum
874 2987 1092 3043 quoque
1135 2971 1419 3037 deinceps,
1455 2969 1511 3022 in
1549 2969 1654 3021 vita
1712 2965 2044 3022 Soleitnanis

457 3064 524 3139 ll,
563 3066 617 3118 lit
655 3063 886 3126 mentio,
943 3061 1119 3132 placet
1154 3073 1262 3114 uno
1324 3059 1446 3113 ioco
1503 3057 1668 3111 simul
1718 3069 2046 3111 enumerare

2070 1818 2119 1878 Β

2148 561 2203 616 in
2231 562 2536 619 obsidionis
2573 562 2782 618 ultimae
2809 563 3068 630 historia,
3106 565 3253 618 velut
3285 565 3395 618 arci
3455 566 3743 634 Augusta-

2146 652 2180 706 li
2220 655 2546 723 proximam.
2579 654 2743 710 Juxta
2785 667 2994 722 portam
3027 657 3170 711 hanc
3212 666 3290 712 est
3319 657 3466 712 scala
3499 658 3740 728 Syceua,

2147 747 2520 815 traici-Iusque
2560 749 2830 818 Syceuus,
2890 749 2973 804 vel
3030 749 3239 804 Galatae
3279 764 3525 816 perama,
3589 751 3744 806 sicut

2144 839 2318 894 Graeci
2339 851 2556 894 vocant.
2589 839 2644 894 In
2673 850 2788 896 toto
2811 843 2935 896 sinu
2962 843 3129 896 multa
3159 843 3740 899 uavicnlarum‘tnillia

2146 932 2520 1000 reperiuntur,
2562 944 2615 988 et
2668 936 2821 1003 plura
2875 935 3413 1016 quidem.0pinione
3470 951 3734 1004 quorum-

2146 1023 2294 1089 dam,
2326 1040 2486 1092 quaut
2513 1025 2891 1082 Guudularum
2936 1027 3180 1085 Venetiis
3230 1045 3248 1082 :
3279 1031 3485 1100 quibus
3539 1033 3722 1098 ingens

2148 1116 2428 1170 hominum
2460 1119 2752 1175 multitudo
2779 1122 3010 1192 singulis
3043 1127 3340 1178 momentis
3372 1132 3527 1177 trans
3551 1125 3717 1178 sinum

2145 1209 2484 1279 Ceratinum,
2541 1224 2596 1268 et
2622 1224 2774 1270 trans
2833 1213 3171 1283 Bosphorum
3206 1214 3274 1268 ab
3334 1215 3468 1270 urbe
3500 1216 3728 1279 vehitur,

2147 1320 2213 1358 ac
2244 1307 2298 1358 in
2331 1307 2518 1359 urbem
2552 1309 2853 1364 revehitur.
2899 1308 3036 1376 ipsa:
3067 1307 3333 1362 naviculas
3363 1315 3472 1360 tam
3512 1306 3732 1371 Turcis,

2148 1411 2312 1465 quam
2352 1397 2554 1452 Grmcis
2590 1407 2644 1452 et
2673 1399 2817 1474 aliis,
2847 1401 2915 1452 ab
2949 1416 3073 1465 usu,
3100 1415 3262 1470 quem
3301 1401 3353 1453 in
3386 1401 3739 1468 transjicien-

2148 1488 2218 1543 do
2242 1499 2523 1558 praestant,
2561 1491 2804 1547 Pcratna:
2826 1493 2987 1563 vulgo
3015 1493 3394 1548 nominantur.

2223 1581 2474 1636 Secunda
2505 1585 2701 1641 Turcis
2751 1586 3081 1640 Balucbazar
3113 1579 3364 1650 vocatur,
3419 1601 3447 1638 a
3474 1585 3597 1638 foro
3633 1584 3744 1651 pis-

2147 1675 2319 1729 cario.
2350 1676 2547 1742 Graeci,
2575 1679 2703 1732 licet
2736 1680 2907 1732 altera
2939 1679 3182 1734 dictione
3215 1679 3376 1745 vulgo
3409 1693 3559 1732 nunc
3575 1671 3741 1731 utan-

2149 1777 2257 1831 tur.
2283 1777 2336 1824 et
2364 1768 2626 1825 Pazarion
2659 1771 2774 1826 sive
2809 1772 2997 1826 Pazari
3040 1771 3219 1826 forum
3269 1772 3568 1840 appellent,
3605 1785 3742 1826 voce

2149 1863 2487 1918 Damasceno
2517 1865 2749 1920 Studitte
2779 1864 3035 1919 familiari
3062 1883 3076 1919 :
3143 1875 3325 1920 tamen
3363 1866 3589 1919 nomine
3622 1881 3739 1918 ma-

2146 1957 2230 2028 gis
2263 1957 2526 2027 originem
2550 1958 2794 2013 Graecam
2819 1962 3090 2029 sapiente,
3121 1959 3483 2029 ψαροπωλεϊα
3514 1974 3738 2029 quoque

2146 2059 2486 2117 nuncupant,
2513 2066 2540 2104 a
2595 2051 2954 2108 distractione
2995 2052 3250 2122 piscium.
3294 2052 3507 2122 Quippe
3554 2053 3731 2122 ψαρία

2149 2143 2324 2212 pisces
2363 2142 2660 2211 appellant.

2221 2233 2406 2288 Tertia
2437 2235 2708 2290 Gcmiscle
2743 2235 2922 2303 vulgo,
2947 2235 3126 2307 Gyllio
3143 2237 3421 2307 Gemit-api
3472 2239 3731 2292 nornina-

2145 2336 2258 2390 tur,
2293 2343 2398 2381 non
2435 2336 2578 2382 recte
2613 2335 2816 2384 tamen.
2850 2330 2989 2384 Nam
3055 2330 3262 2386 Gemisi
3303 2331 3521 2394 Schele,
3573 2335 3734 2401 quasi

2147 2419 2295 2473 scala
2333 2418 2756 2484 lrnctuum,dici
2790 2422 3048 2477 debebat.
3106 2424 3172 2478 Et
3227 2426 3430 2480 scalam
3490 2426 3736 2481 diximus

2146 2511 2408 2580 appellari
2440 2511 2648 2586 locum,
2682 2513 2776 2567 ubi
2810 2513 2877 2568 de
2911 2516 3145 2584 navigiis
3200 2516 3562 2572 exstenditur.
3621 2517 3737 2586 Ap-

2145 2603 2357 2671 pellunt
2393 2613 2574 2658 autem
2639 2605 2730 2660 hic
2788 2623 2956 2662 naves
3014 2617 3229 2665 onusta:
3281 2609 3461 2664 omnis
3515 2610 3742 2678 generis

2146 2693 2441 2756 fructibus,
2479 2704 2641 2762 prout
2668 2697 2794 2750 anni
2833 2705 3081 2762 tempora
3109 2697 3322 2754 ferunt:
3356 2699 3476 2753 uvis
3501 2699 3741 2767 scilicet.

2147 2787 2350 2856 pontis,
2420 2789 2575 2856 piris,
2613 2791 2749 2852 tit-is,
2783 2791 2954 2854 oriza,
2995 2794 3228 2847 caeteris.
3265 2791 3428 2860 lelii
3481 2792 3740 2852 Gemica-

2149 2881 2198 2948 pi
2233 2891 2502 2933 mutatum
2533 2883 2585 2934 in
2624 2881 2974 2950 Gemisicapi,
3035 2885 3304 2954 signiﬁcat
3338 2896 3548 2954 portam
3581 2886 3740 2940 fruc-

2151 2980 2325 3025 tuum.
2357 2973 2530 3028 Grzrci
2565 2991 2782 3044 quoque
2821 2976 3178 3030 Cara’viorum
3239 2987 3451 3046 portam
3508 2991 3740 3048 vocant,

2149 3066 2350 3133 quibus
2382 3065 2625 3138 καρὰδια
2657 3077 2785 3122 sunt
2817 3084 3003 3136 naves,
3057 3070 3324 3124 vocabulo
3375 3069 3740 3126 Basilicarum

461 3169 652 3229 putas
707 3156 864 3212 urbis
893 3169 1108 3219 omnes,
1147 3167 1212 3208 ac
1242 3151 1491 3221 singulas
1551 3149 1696 3204 velut
1742 3150 1814 3204 ob
1857 3148 2047 3204 oculos
2074 3174 2118 3233 ο
2151 3159 2313 3212 etiam
2343 3159 2598 3228 epitomae
2626 3169 2825 3217 nostras
2862 3162 3085 3228 usitato,
3121 3163 3422 3232 praesertim
3454 3163 3521 3219 ad
3551 3165 3735 3235 legem
3759 3192 3772 3198 -

461 3251 658 3305 ordine
688 3249 998 3302 collocare:
1029 3245 1175 3316 qttod
1199 3259 1379 3314 Opera:
1424 3242 1661 3312 pretium
1694 3257 1794 3296 nos
1816 3241 1902 3296 his
1942 3257 2042 3296 ex-

463 3341 731 3402 ponendis
771 3340 1012 3393 facturos
1062 3337 1470 3398 existimemus,
1511 3333 1606 3403 qui
1669 3348 2046 3402 saepenumero

462 3429 706 3497 legentis
759 3427 1029 3490 historiis,
1071 3426 1143 3480 ob
1187 3427 1379 3478 harum
1441 3432 1548 3477 tam
1599 3423 2042 3493 appellationum,

459 3537 622 3589 quam
659 3522 798 3575 situs
862 3518 1290 3590 ignorationem,
1350 3516 1581 3568 miriﬁce
1643 3531 1739 3569 nos
1801 3517 2044 3584 torqueri

463 3608 982 3665 tut-ininimus.l\'ec
1045 3609 1222 3678 ipsum
1253 3605 1490 3676 Gyllium
1546 3609 1898 3662 recensendis
1962 3607 2048 3662 his

459 3705 737 3769 omnibus,
770 3712 826 3758 et
861 3711 1006 3757 recte
1039 3701 1404 3772 appellandis,
1441 3700 1523 3753 vel
1557 3715 1622 3752 ex
1659 3701 1887 3754 semisse
1941 3702 2048 3756 lec-

459 3798 565 3849 t=n-i
597 3797 793 3851 fecisse
823 3797 994 3862 satis;
1060 3795 1381 3850 latebuntur
1416 3783 1472 3860 ii,
1531 3796 1622 3863 qui
1671 3805 1855 3850 nostra
1921 3810 2044 3848 cum

459 3890 729 3960 Gyllianis
753 3889 1006 3944 conferre
1037 3889 1332 3943 voluerint.
1370 3886 1702 3954 Incipiemus
1759 3896 1942 3940 autem
1981 3888 2048 3940 ab

462 3985 662 4051 angulo
685 3982 839 4036 urbis
873 3980 1150 4046 orientali,
1190 3982 1242 4034 in
1272 3995 1381 4048 quo
1415 3979 1585 4034 situm
1643 3993 1770 4034 esse
1823 3980 2050 4050 genisa-

460 4076 662 4132 raium.
693 4074 806 4126 sive
839 4072 1130 4140 Palatium,
1165 4086 1417 4125 arcemve
1460 4071 1817 4136 sultaninam,
1882 4086 2048 4139 supe-

464 4168 580 4218 rius
611 4162 714 4216 159
743 4177 866 4229 cap.
903 4161 1276 4216 ostendimus:
1308 4170 1360 4216 et
1387 4161 1439 4214 in
1465 4162 1644 4214 littore
1669 4161 1823 4215 sinus
1877 4161 2048 4214 Cera-

467 4257 585 4318 tini,
623 4252 1153 4322 Constantinopolim
1209 4267 1239 4305 a
1282 4251 1466 4307 Galata
1524 4253 1930 4313 intcrsecantis,
1983 4251 2051 4306 de

463 4365 573 4419 quo
606 4348 814 4402 dictum
849 4360 974 4416 cap.
1005 4345 1123 4410 127,
1165 4354 1387 4416 propter
1419 4345 1569 4401 urbis
1623 4347 1891 4400 orientale
1926 4362 2050 4414 par-

465 4443 582 4507 tim,
645 4442 840 4511 partim
897 4439 1327 4510 septentrionale
1406 4439 1549 4493 latus
1609 4439 2045 4508 progredicndo,

2150 3251 2419 3306 Rhodiam
2455 3251 2522 3304 de
2543 3253 2715 3321 jactu.

2221 3344 2424 3409 Quarta
2468 3343 2664 3400 Turcis
2700 3353 2776 3398 est
2816 3345 2900 3400 vel
2955 3345 3140 3402 Ontun
3175 3349 3370 3418 capisi,
3430 3349 3512 3404 vel
3567 3349 3744 3421 478

2151 3436 2352 3491 Ontttnt
2411 3437 2640 3492 scltele:
2702 3453 2936 3506 quorum
2994 3441 3127 3494 illud
3184 3443 3411 3498 denotat
3456 3443 3742 3512 lignorum

2153 3527 2570 3582 Sralam.Grteei
2605 3528 2686 3582 vel
2735 3529 2907 3594 ξύλων
2963 3531 3171 3600 πόρταν
3231 3531 3582 3601 disjuttctive,
3651 3535 3741 3588 vel

2153 3619 2490 3689 ξυλοπὸρταν
2522 3621 2829 3689 composite
2876 3631 3092 3678 vocant.
3136 3621 3291 3678 Dicta
3332 3639 3462 3678 vero
3497 3624 3744 3680 fuithzrc

2151 3711 2421 3778 lignorum
2446 3710 2561 3766 sive
2591 3720 2768 3780 porta,
2817 3713 2933 3767 sive
2963 3714 3132 3779 scala,
3182 3729 3290 3768 non
3320 3716 3465 3784 quod
3494 3717 3607 3786 ipsa
3668 3719 3737 3772 sit

2150 3802 2355 3872 lignea,
2387 3819 2549 3872 quam
2583 3805 2810 3874 reliquis
2841 3805 3075 3859 similem
3110 3821 3202 3874 per
3233 3809 3417 3860 omnia
3475 3811 3726 3872 uidimus,

2153 3894 2206 3949 id
2237 3904 2320 3951 est
2347 3896 2638 3964 lapideam,
2679 3897 2773 3952 sed
2800 3898 2945 3967 quod
2978 3898 3085 3952 huc
3111 3899 3322 3969 navigia
3357 3899 3516 3970 lignis
3540 3911 3729 3954 onusta

2154 3987 2368 4040 soleant
2403 3986 2703 4055 appellere.
2749 3988 2870 4052 Quo
2902 3989 3062 4043 nobis
3114 3989 3348 4058 ineptior
3381 3991 3552 4044 videri
3581 3990 3743 4045 debet

2157 4078 2425 4146 interpres
2457 4078 2680 4134 Laonici
2715 4079 2978 4145 Gallicus,
3013 4082 3106 4152 qui
3139 4097 3246 4135 non
3307 4083 3469 4136 modo
3502 4096 3744 4151 portam,

2155 4169 2248 4222 sed
2283 4170 2447 4223 etiam
2483 4171 2741 4240 palatium
2785 4173 3023 4242 ligneum
3053 4177 3104 4230 in
3139 4177 3227 4231 illa
3262 4178 3538 4246 quondam
3592 4195 3748 4232 mar-

2155 4275 2337 4314 morea
2367 4261 2840 4343 Constantinopoli
2867 4267 3069 4335 tingere
3101 4270 3201 4322 fuit
3225 4286 3409 4324 ausus.
3445 4271 3743 4336 Quodnam

2155 4366 2285 4404 vero
2314 4353 2576 4421 palatium
2627 4357 2757 4411 illud
2788 4359 3101 4429 Xyloportaz
3131 4361 3294 4416 fuerit
3324 4365 3388 4417 de
3441 4379 3552 4434 quo
3599 4365 3744 4421 Lao-

2153 4444 2311 4498 nicus
2344 4446 2586 4516 loquitur
2612 4489 2626 4514 ,
2660 4450 2710 4503 itt
2746 4453 3034 4507 undecima
3067 4463 3222 4523 porta
3249 4457 3677 4514 derlarabimus.

463 4549 754 4604 purgemus
787 4533 856 4586 ad
886 4531 1144 4602 angulum
1175 4531 1548 4601 Pentapyrgii.
1583 4531 1675 4601 qui
1731 4541 1879 4586 recta
1926 4517 2125 4586 verm”
2227 4535 2428 4602 Quinta
2484 4539 2684 4598 Turcis
2766 4545 2966 4599 dicitur
3033 4517 3342 4612 linkahani,
3383 4550 3528 4618 quod
3561 4549 3742 4606 Gr:rei

464 4643 558 4680 sus
589 4626 907 4696 aquilonem
951 4633 1184 4693 spectat,
1237 4633 1294 4678 et
1342 4639 1370 4676 a
1415 4640 1524 4694 quo
1580 4624 1718 4678 muri
1773 4633 2050 4694 portaeque

466 4718 1125 4786 terrestresincipientes,
1166 4716 1230 4769 ad
1265 4719 1526 4785 angulum
1568 4731 1626 4769 se
1665 4717 1884 4770 tertiutn
1924 4733 2048 4786 por-

465 4811 670 4878 rigunt,
713 4810 857 4863 arcis
920 4808 1267 4880 Heptapyrgii
1324 4809 1405 4861 vel
1441 4806 1705 4863 lodicula:
1739 4817 2048 4874 structuras

463 4900 848 4969 (:Olt’tpieltllll:
885 4900 1028 4955 unde
1056 4915 1248 4956 versus
1303 4901 1564 4970 angulum
1611 4903 1848 4970 primum
1880 4902 1930 4954 in
1965 4893 2050 4954 lit-

468 5003 586 5046 tore
617 4991 969 5060 Propontidis
1003 4992 1354 5056 rellecteudo,
1389 4999 1561 5046 totam
1595 4991 1810 5048 scilicet
1859 4992 2044 5047 urbem

414 5107 436 5112 κ
463 5084 904 5146 circumibimus,
931 5083 1218 5152 portisque
1247 5085 1366 5138 suis
1403 5084 1770 5139 includemus.

536 5173 631 5228 Est
652 5175 818 5244 igitur
850 5175 1025 5242 prima
1069 5174 1373 5228 secundum
1435 5175 1648 5228 ra-liccs
1683 5177 2044 5244 promontorii

463 5274 607 5325 arcis
643 5269 930 5324 sultanina:
964 5279 1142 5337 porta,
1169 5284 1290 5337 qua:
1322 5269 1527 5324 Graecis
1559 5280 1826 5341 quotquot
1875 5271 2048 5326 videri

462 5363 754 5430 peritiores
783 5361 994 5425 volunt,
1045 5369 1200 5430 porta
1235 5359 1423 5416 Horaea
1459 5362 1680 5432 (ὡραῖα)
1731 5363 1894 5432 vulgo
1935 5364 2048 5417 Au-

466 5469 571 5506 rsca
602 5452 987 5508 dicitur.lllud
1043 5467 1074 5504 a
1127 5452 1534 5522 pulchritudine
1589 5453 1791 5508 factum
1851 5468 2046 5508 nomen

463 5553 566 5606 cst,
601 5546 704 5598 hoc
735 5562 764 5599 a
792 5546 928 5600 vicis
963 5553 1016 5599 et
1035 5544 1282 5600 aediliciis
1308 5546 1688 5610 Hebraeorum,
1714 5547 1843 5601 huic
1881 5553 2049 5615 porta:

466 5635 751 5700 proximis.
781 5635 1046 5688 Neutrum
1081 5644 1262 5689 tamen
1315 5651 1501 5690 verum
1528 5637 1646 5705 ejus
1679 5645 1764 5690 est
1824 5652 2046 5700 nomen,

464 5739 589 5778 cum
617 5735 771 5794 porta
795 5725 975 5780 Neorti
1008 5727 1078 5780 sit
1106 5725 1423 5794 appellanda
1447 5743 1458 5778 :
1492 5725 1640 5795 quod
1671 5727 1797 5782 istic
1818 5729 2048 5796 νεώριον

468 5817 583 5872 sive
612 5817 802 5873 navale
833 5817 1105 5886 quondam
1139 5816 1326 5883 fuerit,
1361 5818 1437 5872 uti
1467 5817 1676 5888 Gyllius
1719 5819 1883 5874 etiam
1917 5834 2042 5891 pro-

2153 4628 2406 4682 scribunt
2459 4628 2824 4699 Unkampani.
2877 4635 3069 4689 eadem
3129 4645 3309 4690 tamen
3362 4655 3485 4692 cum
3539 4639 3744 4697 Turcis

2154 4722 2620 4787 pronuntiatione.
2669 4724 3131 4792 Ἀλευροπωλεῖον
3160 4744 3376 4798 (μιοισμιθ
3407 4729 3612 4786 Graecis
3638 4750 3744 4787 sua

2154 4809 2336 4878 lingua
2371 4823 2614 4881 vocatur,
2648 4817 2790 4887 quod
2834 4818 2908 4872 ibi
2969 4819 3158 4874 larius:
3189 4823 3516 4878 vendantur.
3553 4824 3744 4895 Gyllio

2153 4905 2411 4958 scribitur
2439 4906 2688 4978 Utncapi.

2227 4995 2390 5052 Sexta
2418 5002 2733 5054 nominatur
2759 5019 2787 5056 a
2823 5003 3019 5062 Turcis
3052 5005 3281 5061 Tzubali
3328 5007 3534 5078 Capisi,
3585 5017 3740 5079 quod

2153 5085 2360 5144 Graecis
2389 5091 2652 5146 scribitur
2685 5092 2968 5162 Tzumpali
3000 5098 3315 5173 capisi,nec
3342 5102 3735 5168 tamenaliter,

2154 5192 2316 5244 quam
2353 5195 2379 5230 a
2410 5180 2606 5234 Turcis
2639 5184 2991 5246 enuntiatur,
3022 5189 3093 5241 ob
3125 5188 3397 5243 d=liicilem
3437 5190 3570 5259 ipsis
3608 5208 3738 5260 pro-

2153 5268 2412 5323 lationem
2443 5272 2638 5326 litterae
2655 5272 2718 5347 Β,
2752 5279 2818 5324 de
2846 5289 2952 5342 qua
2980 5276 3184 5330 dictum
3218 5280 3395 5345 capite
3426 5281 3517 5334 9|.
3555 5281 3740 5352 Gyllio

2154 5362 2460 5431 appellatur
2483 5364 2662 5420 Jubali
2699 5366 2853 5436 Capi,
2891 5370 3276 5426 enuntiatione
3303 5371 3533 5441 Gallica,
3609 5392 3734 5444 qua:

2151 5454 2349 5509 Italica:
2378 5455 2627 5510 (lbiubali
2663 5459 2744 5512 vel
2778 5457 2988 5514 Ziubali
3016 5465 3332 5530 respondet,
3353 5465 3515 5520 modo
3550 5469 3734 5524 tribus

2152 5547 2375 5618 syllabis
2402 5547 2682 5602 eﬁ’cratur.
2709 5550 2825 5618 ipsa
2857 5567 2962 5607 vox
2995 5554 3271 5622 significat
3299 5567 3508 5628 portam
3541 5561 3737 5614 vitria-

2151 5639 2309 5692 riam.
2346 5639 2810 5744 Quippegidimus
2845 5643 2970 5698 istic
2999 5645 3266 5714 ofﬁcinas,
3324 5650 3376 5704 in
3415 5652 3619 5720 quibus
3654 5653 3734 5706 vi-

2150 5737 2231 5833 ιφ
2266 5732 2646 5787 coniiciuntur.
2688 5733 2810 5789 Fuit
2863 5737 2918 5790 in
2956 5738 3088 5793 urbe
3138 5739 3310 5795 Roma
3373 5746 3542 5799 veteri
3577 5749 3728 5801 vicus

2151 5823 2447 5890 vitriarius,
2481 5825 2570 5880 ubi
2601 5825 2811 5882 scilicet
2845 5828 3082 5884 taberna:
3136 5831 3506 5891 vitriariorutn
3549 5849 3725 5903 erant,
