4018 6476
341 406 471 474 ’873

1521 387 1924 453 ΡΛΝῡΕΩΤΕ
1968 384 2163 444 ιιιδτ.
2199 384 2511 446 Τυιυῖῐϐο

3511 371 3621 440 δτι

351 533 430 582 -υι
457 537 526 578 ex
558 518 712 576 urbis
745 516 972 588 antiqua
1004 512 1375 584 descriptione
1411 519 1580 582 parnt.
1612 508 1759 562 Talis
1785 506 1937 558 vicus
1969 511 2012 566 Α
2045 518 2186 556 nunc
2216 501 2969 562 Man-literactChartat-iron.
2998 511 3049 553 ut
3093 498 3150 553 in
3171 498 3393 551 licatum
3416 509 3620 564 supra.

365 615 553 671 adhuc
577 607 1055 678 Constantinopoli
1079 621 1300 678 quoque
1345 613 1616 687 superest,
1669 600 1827 668 cujus
1862 598 1944 650 itt-

363 709 448 763 fra
480 724 548 759 nn
569 712 630 758 nt
651 719 684 757 ο
710 704 767 755 fit
792 701 844 754 in
869 701 962 754 illo
985 715 1181 768 magno
1209 698 1310 752 sub
1339 695 1646 750 Soleimane
1671 688 1945 752 incendio,

257 869 262 872 _
346 798 512 870 ~quod
545 793 740 850 accidit
766 809 911 847 anno
934 791 1253 847 Christiano
1279 789 1436 844 1540.
1465 785 1571 842 Sed
1605 798 1732 838 vero
1766 791 1849 836 est
1871 781 1944 834 si-

369 893 524 953 ntile,
541 887 816 940 vitriarias
846 883 1093 938 ofﬁcinas
1111 876 1598 948 Constantinopoli
1629 874 1798 930 fuisse
1819 887 1950 928 con-

247 1014 261 1026 -
351 987 589 1038 stitutus
637 979 706 1031 ob
752 973 1132 1031 incendiorum
1185 981 1388 1026 metum
1433 977 1587 1024 extra
1650 965 1863 1025 urbem.
1895 971 1958 1017 ct'

369 1075 477 1128 hoc
503 1071 773 1140 praecipue
792 1069 935 1130 loco,
959 1066 1051 1136 qui
1076 1065 1146 1120 ad
1171 1064 1350 1118 sinum
1375 1061 1693 1118 Ceratinum
1716 1056 1949 1128 positus,

371 1165 616 1218 abundat
645 1162 801 1230 aquis
827 1160 894 1212 ad
916 1156 1335 1229 exstinguenda,
1353 1155 1400 1208 si
1425 1167 1546 1224 qua:
1573 1147 1948 1206 forteaoriren‘

370 1263 485 1314 tur,
516 1250 788 1304 incendia.

451 1344 694 1409 Septima
728 1335 1150 1409 vocaturﬂagia
1189 1337 1386 1406 capisi,
1421 1333 1567 1404 quod
1589 1330 1821 1404 hybrida
1850 1345 1955 1384 vo-

369 1450 439 1488 ce
468 1430 868 1486 Tereo-Graeca
929 1428 1202 1498 signiﬁcat
1258 1434 1468 1494 portam
1515 1433 1786 1479 sanctam.
1844 1419 1955 1493 Ego

376 1535 562 1579 tamen
591 1526 642 1575 in
667 1537 728 1575 ea
762 1536 881 1574 sum
920 1521 1202 1589 opinione,
1259 1525 1319 1571 ut
1371 1516 1681 1570 existimem
1748 1513 1956 1568 rectius

379 1617 638 1688 appellari
674 1615 833 1680 ἁγίας
888 1613 1126 1680 καπισή.
1169 1611 1274 1664 hoc
1309 1618 1411 1672 est,
1443 1617 1664 1678 ,portatn
1728 1614 1954 1670 sanctae,

380 1708 634 1759 videlicet
690 1703 1010 1756 Theodosia:
1058 1700 1262 1768 :cujus
1339 1699 1600 1767 templum
1649 1710 1681 1752 e
1737 1695 1957 1766 regione

386 1808 539 1851 trans
597 1797 776 1850 sinum
838 1795 966 1857 vidi,
1024 1803 1181 1849 vetns
1215 1801 1270 1848 et
1319 1791 1584 1862 elegantis
1643 1799 1951 1853 structurae,

2031 597 2226 665 capite
2255 595 2380 658 159,
2404 597 2495 665 qui
2515 596 2734 665 quidem
2765 593 2831 648 ad
2857 594 3118 647 Sanctum
3147 589 3468 643 Mamantem
3489 600 3625 654 pon-

2032 689 2446 759 4ejunguntur.
2484 687 3058 757 Hagiobazariotarnm
3094 701 3194 737 vox
3223 685 3447 736 denotat
3469 680 3624 732 inco-

2049 781 2388 852 lasemporii
2439 781 2626 837 Sancti
2663 781 2970 835 latitantis.
3031 779 3302 832 Caeterum
3359 775 3424 828 ad
3486 775 3626 828 hanc

2048 883 2260 943 portam
2317 871 2675 942 l-lagiobaaari
2713 873 3006 928 secundus
3048 879 3143 925 est
3182 869 3338 922 urbis
3385 868 3628 934 angulus

2049 979 2243 1021 versus
2274 974 2473 1020 terram
2506 964 2903 1028 continentem,
2961 963 3051 1017 ubi
3086 962 3296 1016 scilicet
3350 960 3627 1028 incipiunt

2049 1068 2222 1128 portae
2256 1057 2511 1127 ntnrique
2538 1063 2869 1120 terrestres,
2931 1055 3010 1109 sic
3057 1053 3211 1113 dicti.
3259 1051 3403 1122 quod
3447 1066 3546 1106 nec
3597 1065 3628 1104 a

2051 1149 2176 1204 sinu
2229 1147 2506 1213 Ceratino,
2563 1164 2665 1203 nec
2715 1162 2744 1201 a
2789 1145 3127 1215 Propontide
3181 1144 3478 1206 alluantur,
3525 1141 3622 1196 sed

2052 1257 2245 1298 versus
2272 1241 2561 1296 Thraciam
2594 1239 2828 1310 porrecti
2861 1237 3250 1296 sint.'Vcteres
3283 1238 3373 1293 hic
3401 1237 3629 1291 alteram

2038 1332 2531 1405 posuerunturbis
2559 1331 2883 1402 acropolim,
2925 1330 3076 1386 velut
3125 1330 3179 1384 in
3214 1329 3336 1398 ejus
3364 1327 3630 1383 extremi-

2053 1435 2167 1482 tate
2205 1426 2365 1481 sitam
2392 1423 2656 1490 secunda,
2701 1435 2949 1495 respectu
3001 1425 3372 1495 primaepquae
3426 1421 3634 1491 Byzan-

2054 1518 2127 1573 tis
2147 1530 2334 1570 arcem
2359 1514 2625 1579 continet,
2658 1523 2717 1568 ttt
2751 1522 3056 1570 ostensum.
3082 1528 3201 1584 cap.
3250 1514 3374 1568 159.
3415 1514 3479 1567 Ει
3533 1515 3634 1568 ha-

2055 1607 2216 1664 bebat
2243 1607 2332 1662 hic
2352 1607 2585 1678 angulus
2609 1606 2738 1662 olim
2766 1621 2969 1670 arcem,
2993 1605 3195 1661 dictam
3214 1605 3636 1677 Pentepyrgion,

2057 1714 2088 1754 a
2120 1700 2360 1770 quinque
2391 1699 2656 1766 turribus,
2677 1699 2762 1754 vel
2783 1698 3157 1770 Magnanram,
3186 1701 3272 1755 vel
3324 1701 3424 1770 τῆς
3487 1699 3638 1764 ξυλο-

2059 1791 2282 1862 κέρκου,
2313 1797 2366 1845 et
2396 1789 2655 1859 palatium
2682 1788 2893 1860 Xylinaa
2917 1798 3087 1860 portas
3117 1790 3262 1860 apud
3297 1790 3640 1846 Chalcocon-

390 1905 531 1943 Itnnc
562 1897 962 1942 commutatum
995 1889 1048 1941 in
1079 1887 1388 1950 ntessilam,
1421 1899 1542 1955 quae
1567 1881 1798 1938 Casanis
1834 1880 1956 1936 bas-
1987 1882 2030 1938 B
2057 1883 2260 1954 dylem,
2292 1884 2451 1953 cujus
2474 1883 2798 1952 interpretes
2846 1882 3048 1938 vitiose
3095 1881 3436 1953 scripserunt
3469 1881 3641 1955 Xylla:

394 1997 468 2037 sa:
495 1981 717 2044 dicitur,
762 1988 820 2032 ιιι
858 1995 1021 2049 supra
1054 1977 1364 2048 expositum
1391 1990 1511 2046 cap.
1546 1972 1670 2028 {28.
1697 1973 1800 2029 Per
1820 1972 1960 2028 hanc

394 2075 534 2128 enim
578 2083 789 2143 portam
830 2069 1214 2139 ingrediuntur
1269 2070 1481 2131 urbem,
1534 2064 1630 2136 qui
1683 2077 1714 2117 a
1773 2071 1960 2118 sancta

368 2164 700 2220 Theodosia
733 2165 981 2230 v'eniunt,
1012 2161 1102 2217 ubi
1136 2161 1442 2230 frequentia
1476 2173 1599 2214 cntn
1629 2156 1764 2213 vicis
1791 2155 1960 2212 aedifi-

385 2258 473 2311 cia
509 2265 658 2311 sunt.

461 2347 668 2403 Octava
724 2343 1226 2401 dicitur~Phanarii
1281 2354 1458 2414 porta,
1509 2352 1596 2403 vel
1640 2343 1961 2417 simpliciter

360 2439 699 2494 Titanariun
723 2455 736 2490 :
763 2437 921 2505 cujus
948 2436 1097 2514 vocis
1132 2437 1407 2492 notionem
1444 2451 1634 2509 supra,
1667 2436 1778 2493 .128
1813 2433 1961 2504 capi-

382 2542 462 2594 te,
489 2532 590 2583 sub
617 2531 798 2591 llnetn,
834 2529 1197 2584 ostendimus.

463 2620 614 2673 Nona
651 2619 1112 2690 Diplopbanarion
1137 2619 1462 2690 appellatur,
1493 2626 1549 2674 et
1599 2618 1676 2674 uti
1709 2617 1961 2690 geminas

362 2715 444 2782 '(a
476 2714 677 2782 quibus
711 2729 908 2767 nomen
938 2712 1168 2783 accepit)
1202 2720 1408 2778 turres,
1441 2711 1519 2767 sic
1555 2710 1718 2766 etiam
1777 2715 1962 2778 portas

387 2812 530 2859 duas
565 2807 747 2859 habet.

466 2895 682 2949 Decima
715 2897 876 2966 vulgo
903 2895 1108 2951 Graecis
1131 2905 1292 2966 porta
1313 2892 1568 2965 Κυνηγοῦ
1600 2893 1715 2949 sive
1734 2891 1962 2965 Kynigi,

361 2988 491 3040 ‘sed
521 2987 717 3037 rectius
739 2995 890 3053 porta
925 2985 1200 3054 Κυνηγξου
1232 2992 1455 3037 vocatur
1479 2999 1494 3048 ;
1523 2989 1576 3035 et
1600 2981 1881 3050 κυνήγιον
1906 2977 1964 3032 in

393 3079 640 3131 basilicis
659 3078 774 3130 suis
795 3076 968 3130 Graeci
996 3083 1280 3130 verterunt
1302 3090 1424 3129 enm
1457 3074 1641 3128 locum
1667 3071 1840 3138 urbis,
1869 3069 1964 3141 qui

396 3169 660 3221 Romanis
683 3168 1012 3235 temporibus
1037 3167 1215 3220 Arena
1239 3167 1558 3222 dicebatur:
1587 3164 1678 3220 ubi
1712 3165 1966 3219 videlicet

391 3263 479 3314 vel
494 3260 746 3314 hemines
761 3275 879 3313 cum
900 3258 1048 3321 feris,
1069 3258 1146 3310 vel
1172 3259 1310 3310 inter
1330 3273 1386 3312 se
1405 3255 1531 3311 ferte
1545 3255 1930 3312 committeban
1945 3282 1962 3296 -

397 3365 508 3406 tnr.
543 3351 810 3422 Kynigion
847 3355 912 3404 ad
948 3349 1282 3403 V’lacbernas
1313 3348 1573 3414 refertur,
1623 3349 1776 3402 locus
1816 3347 1968 3402 scili-

379 3458 484 3500 ~cct
522 3448 815 3514 depressus
854 3455 907 3497 et
948 3456 1250 3504 concavus,
1294 3440 1382 3494 ubi
1418 3438 1790 3508 patriarchion
1850 3445 1971 3492 erat

406 3547 533 3584 mea
562 3529 1014 3600 peregrinationis
1041 3539 1313 3596 tempore,
1342 3526 1488 3594 quod
1529 3525 1630 3577 hoc
1655 3537 1800 3576 anno
1833 3521 1969 3576 l587

409 3626 634 3689 pecunia
667 3621 897 3676 redemit
927 3638 954 3673 a
986 3618 1190 3673 Graecis
1259 3619 1516 3670 sultantts
1577 3613 1820 3669 Murates
1882 3611 1969 3676 Ill,

417 3723 472 3765 ut
527 3715 649 3769 istic
707 3713 1010 3775 messitam,
1063 3713 1158 3765 sui
1241 3708 1481 3763 nominis
1535 3715 1972 3771 monumentum,

406 3807 624 3860 condat.
687 3804 740 3857 Id
803 3805 1068 3857 hactenus
1132 3817 1275 3870 saepe
1337 3808 1635 3862 tentatum,
1695 3799 1978 3868 impedivit

404 3896 708 3952 Tureorum
739 3893 998 3961 Muplttis,
1050 3891 1146 3960 .qui
1201 3891 1397 3944 debere
1452 3887 1716 3940 Muratem
1773 3887 1980 3939 diceret

394 3992 560 4059 prius
590 4004 652 4040 ex
686 3987 889 4054 ereptis
950 3985 1148 4037 scacho
1210 3995 1478 4036 terrarum
1532 3979 1695 4034 terris
1766 3993 1981 4035 annuus

401 4083 644 4136 tnessitac
670 4077 944 4133 struendae
971 4077 1180 4129 reditus
1211 4075 1569 4128 constituere.
1629 4072 1832 4128 Graecis
1866 4071 1983 4124 rui-

400 4188 601 4228 nosunt
681 4169 1026 4247 Constantini
1084 4168 1342 4238 palatium
1402 4165 1643 4220 vicissim
1707 4162 1983 4219 concessit

398 4264 789 4322 aedificandum
833 4263 886 4316 in
915 4276 1074 4315 usum
1107 4271 1216 4313 tam
1249 4257 1588 4328 patriarchii,
1618 4272 1784 4327 quam
1817 4257 1986 4326 patri—

403 4358 648 4413 archalis
681 4355 946 4420 ecclesiae,
998 4354 1065 4408 de
1124 4368 1233 4423 quo
1284 4366 1409 4407 mox
1469 4353 1671 4423 aliquid
1727 4352 1991 4406 indicabi-

400 4469 458 4507 ΠΙ
472 4468 556 4504 US.

2061 1975 2350 2046 palatium,
2383 1987 2436 2032 et
2465 1975 2625 2046 pejus
2650 1974 2997 2046 interpretati
3037 1985 3166 2029 sunt
3219 1973 3482 2046 ligneum.
3516 1971 3642 2029 Haec

2059 2078 2243 2124 autem
2268 2068 2492 2122 nomina
2535 2066 2852 2136 frequenter
2883 2067 2940 2122 in
2994 2066 3247 2123 historiis
3299 2067 3639 2144 Graecorum,

2059 2157 2310 2224 lenam,
2347 2157 2593 2223 Cedrini,
2627 2157 2888 2225 aliorum,
2945 2166 3270 2214 occurrunt.
3337 2157 3644 2226 Explicatio

2060 2251 2327 2324 prolixior
2381 2251 2608 2306 alterius
2665 2249 2772 2304 loci
2825 2250 3012 2306 fuerit.
3074 2251 3231 2321 Apud
3287 2251 3642 2308 ‘Leonardum

2055 2344 2533 2415 archiepiscopum
2561 2341 2853 2399 Chiensem
2883 2343 3140 2415 leguntur
3188 2346 3243 2400 in
3269 2346 3525 2417 epistola,
3577 2348 3646 2404 de

2063 2445 2218 2508 capta
2256 2433 2757 2504 Constantinopoli,
2784 2441 2966 2491 turres
3001 2435 3314 2493 Aveniades
3366 2454 3381 2491 :
3417 2437 3486 2495 de
3516 2441 3645 2510 qui-

2062 2527 2555 2596 businterrogatus
2578 2539 2609 2580 a
2641 2539 2726 2580 me
2755 2525 3104 2597 Zygomalas,
3142 2543 3394 2599 quaenam
3426 2531 3647 2588 scilicet

2064 2628 2270 2685 essent,
2299 2617 2690 2690 respondebat,
2723 2617 2895 2691 479
2923 2618 3184 2676 dicendas
3223 2636 3478 2678 esse-non
3510 2621 3652 2679 Ave-

2064 2714 2282 2780 niadas,
2317 2713 2412 2769 sed
2443 2722 2624 2768 turres
2654 2711 2977 2779 Anemanis,
3014 2712 3176 2784 cujus
3200 2720 3283 2770 est
3306 2715 3360 2769 in
3397 2713 3647 2773 historiis

2042 2803 2382 2861 Grecorum
2438 2803 2654 2859 mentio
2712 2804 3030 2874 :planeque
3084 2804 3323 2873 volebat,
3378 2805 3478 2863 has
3530 2806 3653 2863 illas

2065 2911 2187 2952 esse
2212 2897 2458 2966 quinque
2494 2905 2707 2960 turres,
2739 2895 2794 2949 in
2834 2895 3002 2951 altera
3031 2895 3192 2952 urbis
3223 2898 3488 2967 acropoli,
3515 2913 3655 2969 quas

2067 2987 2308 3042 diximus
2331 2987 2673 3060 Pentepyrgii
2737 3001 2936 3043 nomen
2970 2987 3191 3045 habere.
3234 2987 3292 3044 ld
3326 2997 3509 3045 autem
3561 3005 3653 3047 ve-

2067 3096 2192 3140 rum
2229 3095 2374 3146 esse,
2405 3080 2491 3136 vel
2543 3093 2615 3135 ex
2660 3079 2762 3136 hoc
2822 3078 3168 3150 intelligitur,
3209 3081 3354 3152 quod
3391 3081 3657 3141 .Cltiensis

2071 3175 2316 3230 turribus
2345 3173 2596 3246 adjungit
2678 3171 3066 3246 Xyloportam,
3115 3190 3238 3248 quae
3269 3191 3300 3232 a
3354 3177 3654 3249 Xyloporta

2063 3268 2240 3340 priori
2318 3267 2561 3333 diversa,
2623 3267 2900 3322 veteribus
2949 3267 3280 3339 ξυλὸκερκος
3361 3269 3506 3328 dicta
3553 3271 3659 3327 fuit

2076 3366 2361 3427 propterea
2389 3355 2536 3427 quod
2566 3356 2808 3412 artifices
2856 3371 2977 3412 eam
3029 3368 3326 3425 struentes,
3379 3377 3570 3432 magna
3601 3363 3656 3418 in

2075 3445 2433 3500 fundamento
2464 3462 2618 3515 aqua:
2658 3461 2871 3518 reperta
2931 3451 3110 3518 capia,
3171 3451 3342 3522 tignis
3408 3453 3659 3522 plurimis

2077 3550 2141 3591 ac
2171 3536 2307 3603 palis
2352 3536 2404 3590 itt
2433 3551 2574 3604 aqua
2631 3538 2824 3592 deﬁxis
2861 3539 3071 3608 lapides
3124 3541 3438 3612 injeeerint,
3495 3553 3658 3614 atque

2077 3625 2150 3680 ita
2177 3627 2395 3680 demum
2422 3626 2635 3680 aedificii
2672 3625 3085 3683 fundamentum
3113 3631 3326 3685 firmum
3354 3633 3661 3699 effecerint,

2079 3727 2138 3772 ut
2170 3727 2255 3773 cst
2287 3717 2342 3771 in
2379 3717 2518 3772 libro
2544 3718 2621 3772 De
2649 3720 2887 3788 azdificiia
2928 3720 3096 3776 urbis.
3132 3719 3244 3778 Nec
3291 3723 3389 3778 abs
3421 3740 3476 3779 re
3539 3727 3665 3796 quis

2081 3809 2282 3866 dixerit
2305 3811 2478 3864 videri
2514 3813 2773 3878 palatium
2798 3811 3116 3885 Xyloportae
3179 3816 3361 3884 potius
3410 3817 3664 3871 scriben-

2083 3901 2212 3956 dum
2233 3900 2531 3972 ‘Xylokciki
2566 3903 2828 3972 palatium
2859 3924 2871 3958 :
2900 3905 3194 3974 scriptoris
3217 3905 3442 3961 librario
3475 3923 3663 3963 vocem

2047 4011 2056 4014 ·
2083 3995 2459 4049 obscurioretn
2487 3995 2645 4059 hanc,
2671 4011 2795 4050 cum
2833 3998 3034 4052 notiori
3069 3997 3386 4070 Xyloporta:
3415 4015 3666 4056 cominu-

2088 4094 2259 4141 tante.

2161 4176 2494 4233 Duodecimn
2526 4177 2730 4235 Turcis
2765 4179 3004 4251 est~Egri
3029 4181 3182 4254 capi,
3246 4198 3366 4253 quae
3399 4198 3498 4237 vos
3533 4183 3672 4237 obii-

2083 4286 2253 4340 quam
2287 4279 2499 4340 portam
2526 4273 2821 4343 significat.
2868 4274 2931 4328 Et
2960 4292 3151 4345 reapse
3208 4279 3288 4330 sic
3331 4285 3666 4332 exstructam

2089 4365 2354 4432 vidimus,
2404 4376 2461 4420 ut
2503 4365 2557 4420 in
2607 4382 2728 4420 eam
2767 4383 2874 4422 non
2907 4367 3146 4432 dir-ecta,
3192 4370 3285 4424 sed
3342 4385 3408 4423 ex
3445 4370 3672 4439 obliquo

2095 4466 2279 4523 pateat
2317 4456 2524 4510 aditus.
2583 4455 2853 4512 Leonardi
2904 4457 3158 4512 Citiensis
3187 4459 3442 4527 epistola,
3507 4477 3670 4527 «ptann

487 4541 786 4597 Undecima
820 4541 1132 4595 nominatur
1165 4539 1442 4595 veteribus
1480 4537 1837 4610 Xylokerkos.
1859 4553 1993 4592 cau-
2027 4568 2070 4623 ο
2098 4549 2360 4612 ἀίιίιιιυεν
2393 4549 2726 4619 ωηεν-(των,
2781 4559 2962 4614 vocat,
3017 4549 3191 4604 οτίεςί
3225 4547 3667 4617 εαιίεει-ίοι-υημ

399 4654 470 4693 sa
509 4637 669 4705 paulo
699 4644 822 4703 post
845 4633 1191 4703 exponenda,
1221 4646 1365 4686 nunc
1395 4640 1578 4685 autem
1640 4629 1993 4699 Ilagiobazari

399 4737 593 4800 parta,
631 4741 726 4796 per
759 4739 922 4795 qnam
949 4725 1170 4778 scilicet.
1223 4722 1606 4792 ingrediuntur
1655 4723 1844 4776 urbem
1891 4719 1999 4773 lla-

398 4819 818 4894 giobazariotae,
841 4825 999 4871 trans
1048 4816 1229 4870 sinum
1285 4815 1617 4876 habitantes,
1681 4830 1712 4868 e
1778 4816 2000 4885 regione

398 4913 580 4982 hnjns
597 4921 786 4984 portae.
808 4909 1015 4964 Nomen
1034 4907 1388 4978 llagiobazari
1409 4911 1676 4978 significat
1699 4909 1779 4962 vel
1796 4907 1996 4971 sancti,

397 5006 499 5062 vel
528 5017 774 5066 sanctum
797 5003 1191 5072 ernporiumEt
1208 5004 1434 5070 etnporii
1465 5018 1592 5056 voce
1616 5001 1850 5074 Sytneon
1869 5015 2002 5068 quo-

395 5116 524 5173 que
544 5099 798 5169 Magister
823 5113 945 5152 cum
973 5099 1097 5152 aliis
1133 5097 1338 5152 Graecis
1359 5098 1528 5152 utitur
1549 5109 1646 5166 pro
1669 5094 1832 5149 nullis
1852 5093 1999 5147 clau-

2104 4641 2195 4697 Sic
2225 4655 2408 4696 autent
2433 4658 2464 4696 a
2485 4640 2785 4711 Caligariis
2811 4641 2927 4695 sive
2959 4640 3244 4695 sutoribus
3269 4650 3353 4695 cst
3379 4641 3695 4710 appellata,

2101 4735 2194 4804 qtti
2227 4736 2602 4789 calceamenla
2639 4732 2869 4799 faciunt,
2911 4749 2940 4787 a
2984 4731 3179 4788 Turcis
3230 4734 3506 4788 nominata
3541 4733 3672 4789 Pas-

2103 4825 2403 4896 snmaggia.
2439 4824 2586 4879 Inter
2617 4826 2758 4880 banc
2801 4834 2856 4880 et
2889 4825 3140 4897 proxime
3193 4835 3515 4896 sequentem
3551 4842 3674 4895 por-

2103 4927 2214 4973 tam
2243 4918 2407 4974 situm
2440 4926 2525 4974 est
2554 4916 2618 4972 ad
2650 4917 2798 4989 ipsos
2844 4931 3056 4986 muros,
3084 4919 3195 4972 alto
3243 4919 3386 4985 loco,
3407 4920 3665 4989 paiatium

2101 5019 2256 5064 vetus
2284 5008 2768 5077 Blaclternianum,
2797 5010 2944 5079 quod
2984 5008 3332 5064 Constantini
3359 5008 3472 5078 jam
3515 5011 3675 5078 vulgo

2103 5112 2320 5164 vocant,
2363 5101 2452 5155 ubi
2498 5100 2754 5156 solebant
2787 5099 3078 5170 elephanti
3106 5100 3376 5155 hactenus
3409 5098 3505 5154 ali.
3560 5099 3678 5154 lloc

395 5210 479 5250 so
515 5195 704 5261 portis,
728 5201 820 5244 aut
840 5193 1003 5246 nullis
1020 5194 1200 5246 cincto
1222 5189 1684 5259 tnttrisoppidulo.
1707 5184 1890 5240 Sancti
1909 5199 2006 5254 po-
2098 5192 2210 5263 jam
2247 5193 2524 5262 ρτωιετίίο
2566 5208 2712 5247 anno
2747 5192 2990 5249 muratos
3021 5193 3088 5249 ιιι
3115 5193 3326 5249 Graecis
3358 5192 3477 5246 loco
3513 5191 3677 5260 patri-

394 5294 530 5342 tius
563 5285 873 5340 existimem
907 5283 1196 5338 dicendum
1242 5279 2003 5352 emporinm,utintelligatur

395 5379 722 5448 emporium
750 5379 924 5431 sancti
958 5376 1274 5440 Mamantis,
1336 5374 1482 5445 quod
1539 5374 1669 5428 olim
1725 5381 2000 5426 monaste-

402 5476 563 5527 rium
627 5470 863 5538 insigne,
925 5470 1190 5539 palatium
1247 5467 1535 5540 angnstale
1585 5465 1999 5520 celeberrimum

397 5569 469 5620 ist
509 5563 780 5628 historiis,
812 5574 1031 5632 pontem
1060 5563 1296 5632 denique
1347 5576 1459 5616 non
1487 5560 1669 5615 minus
1737 5557 2000 5619 nobilem,

399 5656 606 5708 Sancti
668 5656 960 5710 hlatnantis
1017 5656 1348 5725 appellatum
1415 5653 1624 5708 habuit.
1702 5649 1799 5703 llic
1855 5649 1998 5701 ettim

403 5747 712 5801 .ﬂ'nndnnt
767 5763 889 5802 sese
949 5751 1000 5799 in
1067 5759 1371 5801 extaeututtt
1436 5745 1749 5800 Ceratinnm
1818 5741 1998 5796 sinunt

402 5841 768 5898 celaenzesitti
799 5840 996 5909 priscis
1043 5840 1244 5892 lhvioii
1304 5837 1550 5908 Cydnus
1592 5843 1658 5890 et
1708 5835 1999 5904 Barbyscs,

711 5936 974 5994 Γλτιιιυι.
1012 5935 1095 5994 [ἓξξ
1164 5929 1375 5993 CLIX.
1941 5939 1944 5942 ’

2103 5284 2274 5338 arcltii
2307 5285 2603 5351 concessit,
2650 5293 2710 5339 ut
2743 5287 2909 5356 paulo
2935 5295 3075 5340 ante
3115 5285 3376 5339 diximus.
3403 5283 3674 5339 Caeterum

2093 5377 2375 5446 reperitur
2403 5377 2455 5430 in
2487 5375 2694 5434 Graecis
2717 5378 2961 5435 historiis
2993 5379 3155 5448 hujus
3187 5387 3360 5447 porta:
3379 5375 3676 5447 Caligario.

2096 5482 2438 5522 rttnmomen
2465 5468 2768 5538 antiquius,
2805 5467 2964 5524 Porta
3004 5471 3242 5540 Kapsia,
3275 5473 3390 5524 sive
3413 5470 3678 5540 obliqua:

2106 5562 2252 5633 quod
2279 5563 2627 5632 interpretati
2652 5563 2819 5618 Turci
2848 5561 3106 5618 videntur
3127 5578 3219 5633 per
3247 5562 3370 5632 Egri
3401 5562 3546 5632 capi.
3576 5556 3680 5617 Ur-

2103 5656 2186 5710 bis
2217 5665 2398 5709 tamen
2452 5655 2810 5710 aedificiorum
2835 5655 2976 5710 liber
3002 5654 3244 5710 Cbarsite
3263 5666 3476 5724 portam
3508 5653 3681 5708 voluit

2102 5749 2302 5803 dit-tam
2364 5750 2431 5802 ab
2494 5759 2720 5803 auctore
2779 5749 2862 5804 vel.
2920 5746 3204 5802 conditore
3267 5745 3520 5808 Charsia,
3585 5742 3681 5813 qni

2108 5838 2316 5891 utentis
2353 5837 2536 5891 colore
2575 5837 2779 5892 Veneto
2804 5835 3062 5892 factionis
3091 5836 3276 5890 fuerit.
3315 5835 3450 5889 Nam
3488 5833 3679 5888 factio-

3200 5927 3279 5986 23
