4018 6470
426 364 536 426 875

1631 350 1968 413 JOANNIS
2013 348 2482 413 LEUNCLAVII

3567 339 3692 405 376

432 500 532 540 nes
563 480 694 537 olim
732 485 968 549 quatuor
1010 482 1166 530 erant
1198 471 1252 525 in
1301 467 1666 540 hippodromo
1704 467 1996 522 deccrtan-
2034 474 2081 530 Α
2110 466 2322 532 urbem,
2346 465 2441 536 qui
2479 462 2639 533 juxta
2671 463 2853 516 sinum
2881 458 3198 515 Ceratinun.
3236 473 3266 512 a
3322 455 3694 527 Pentepyrgio

435 581 569 629 tium
603 573 784 643 equis,
804 583 943 640 quos
975 565 1208 629 κέλητας
1234 561 1509 616 Pindarus
1565 560 1725 625 dixit,
1769 558 2005 628 singulis

436 669 598 738 bigis,
632 665 808 734 trigis,
834 659 1148 730 quadrigis;
1176 657 1246 710 ita
1287 654 1565 710 distincta:
1613 650 1915 728 eoloribus,
1949 659 2009 704 ut

439 760 645 826 βένετοι
677 755 755 808 vel
789 752 1031 815 caerulei,
1057 749 1245 801 λευκοὶ
1303 745 1387 800 vel
1433 745 1564 809 albi,
1616 744 1870 812 πρὰςινοι
1911 757 2006 795 seu

440 852 659 910 \irides,
687 845 892 916 ρούσιοι
921 859 1019 898 seu
1061 841 1210 895 rubri
1235 881 1249 905 ,
1281 841 1618 893 dicerentur.

513 944 726 994 Decima
764 937 918 991 tertia
951 943 1034 988 est
1067 935 1180 998 illa,
1208 932 1370 1002 cujus
1425 931 1530 984 hoc
1571 928 1850 982 annalium
1883 926 2006 980 loco

440 1036 497 1089 ﬁt
528 1032 1012 1099 menum-quaeque
1043 1025 1200 1079 nobis
1256 1023 1602 1076 occasionem
1651 1021 1897 1088 .primam
1930 1035 2010 1074 re-

437 1124 918 1192 censendiportas
950 1119 1103 1173 urbis
1134 1115 1389 1187 praebuit.
1422 1112 1658 1168 Vocatur
1692 1111 2010 1166 autemila-

438 1216 906 1285 tlrinttopolitalta,
944 1211 1086 1278 quod
1111 1207 1491 1275 lladrianopoli
1531 1216 1677 1260 recta
1708 1207 2008 1264 venientes,

440 1311 628 1362 urbem
660 1305 868 1374 ingredi
897 1317 996 1371 per
1021 1315 1142 1355 eam
1164 1300 1400 1353 soleant.
1434 1297 1494 1350 in
1532 1297 1632 1350 hac
1663 1305 1819 1366 porta
1849 1297 2013 1366 periit

443 1415 742 1472 \ppressus
777 1395 1056 1450 hominum
1095 1392 1256 1446 turba
1287 1391 1683 1445 Constantinus
1712 1387 2005 1458 Dragases,

441 1497 663 1548 ultimus
709 1489 1020 1543 Gracoruut
1055 1487 1375 1555 imperator.

515 1585 776 1655 Sequitur
810 1582 1019 1636 decima
1054 1589 1272 1649 quarta,
1297 1579 1513 1651 recenti
1569 1576 1837 1632 vocabulo
1872 1575 2012 1629 Tur-

440 1680 558 1732 cico
591 1679 734 1730 dicta
761 1675 878 1744 Top
910 1673 1105 1740 capisi,
1142 1687 1252 1740 quo
1287 1670 1632 1741 significatur
1663 1677 1822 1740 porta
1856 1669 2012 1723 bom-

441 1767 854 1832 bardaria,sive
884 1773 1280 1818 tormentorum
1315 1762 1660 1816 bellicorum.
1688 1759 1864 1816 Graeci
1887 1766 2013 1813 ante

445 1849 658 1930 captam
697 1873 724 1910 a
761 1856 1016 1909 Barbaris
1050 1854 1266 1919 urbem,
1299 1853 1660 1907 nominabant
1685 1851 1742 1906 S.
1779 1850 2015 1905 Romani

444 1966 682 2022 portam,
744 1949 888 2003 sicut
917 1956 971 2000 et
996 1945 1324 2000 Leonardus
1382 1944 1636 2000 Chiensis
1685 1941 2025 1998 etTChalco-

444 2042 708 2112 condyles
750 2049 1062 2094 testantur:
1109 2037 1272 2106 cujus
1307 2045 1490 2090 tamen
1535 2037 1812 2105 interpres
1843 2033 2023 2089 Galli-

444 2149 541 2189 cus
568 2149 632 2186 ex
666 2130 851 2185 Saneti
906 2126 1134 2182 Romani
1167 2135 1320 2196 porta
1375 2125 1552 2180 facere
1588 2135 1796 2195 portam
1827 2121 2026 2177 Roma-

445 2240 567 2276 nam
607 2221 708 2276 fuit
733 2237 921 2276 ausus.
952 2223 990 2273 A
1031 2219 1346 2273 bombardis
1379 2232 1514 2272 eam.
1540 2215 1750 2271 Turcos
1783 2215 2026 2295 arbitror

443 2315 773 2386 appellasse,
802 2314 943 2384 quod
973 2310 1280 2367 obsidionis
1321 2319 1570 2380 tempore
1599 2317 1873 2364 tormenta
1907 2308 2020 2364 bel-

445 2411 546 2464 lica
589 2410 864 2478 prmeipue
901 2405 1106 2460 fuerint
1142 2403 1270 2458 huic
1306 2402 1584 2473 opposita.

471 2499 770 2554 'Proxittta
836 2496 1140 2553 secundum
1207 2495 1350 2549 hanc
1408 2503 1494 2549 est
1544 2495 1756 2550 decima
1809 2495 2024 2565 quinta,

400 2592 408 2600 ’
437 2591 646 2647 ’Τιιι-ρίε
675 2590 810 2644 Geni
849 2588 993 2657 capi,
1045 2585 1253 2641 Gracis
1278 2590 1376 2641 νέα
1399 2585 1596 2658 πόρτα,
1622 2588 1770 2657 quod
1813 2597 2022 2658 portatu

448 2699 642 2738 novam
683 2679 980 2753 signiﬁcat.
1731 2739 1736 2746 ί

503 2774 654 2830 'lnde
685 2775 1004 2844 pervenitur
1035 2775 1100 2830 ad
1129 2774 1401 2831 decimam
1466 2782 1702 2838 sextam,
1741 2807 1748 2813 -
1774 2775 2027 2831 videlicet

410 2875 415 2879 '
450 2864 700 2941 Silyvriac'
725 2871 807 2924 vel
838 2867 1099 2940 Selybrize
1133 2877 1370 2937 portam,
1396 2882 1518 2936 quae
1545 2881 1574 2921 a
1614 2865 1810 2935 priscis
1835 2870 2017 2939 χρυσῆ

427 2963 626 3034 porta,
656 2961 739 3016 vel
775 2977 940 3016 aurea
978 2968 1132 3029 porta
1158 2957 1573 3021 nominabatur,
1629 2965 1683 3010 et
1728 2955 2029 3027 porta-fon-

392 3055 539 3108 "tis.
579 3053 708 3107 Nam
757 3062 911 3108 extra
943 3066 1156 3121 portam
1212 3051 1354 3104 hanc
1411 3059 1496 3104 est
1556 3047 1834 3118 hodieque
1873 3049 2023 3116 lous,

449 3146 575 3216 qui,
615 3143 940 3214 Xpucomn’ﬁ
981 3142 1063 3196 vel
1107 3157 1308 3196 aureus
1341 3139 1464 3194 fons
1497 3154 1526 3193 a
1561 3137 1768 3193 Gra:cis
1796 3141 2026 3211 antiquo
2055 3170 2099 3229 ο
2135 3174 2287 3228 mam
2319 3175 2616 3240 diceretur,

434 3235 670 3289 ‘n’oininc
707 3233 931 3298 dicitur,
963 3232 1201 3286 celebris
1245 3231 1298 3283 in
1343 3243 1534 3284 eorum
1571 3228 1840 3294 historiis,
1906 3246 2027 3301 quae

453 3340 830 3398 sa’penumero
859 3324 1043 3396 palatii
1080 3322 1262 3392 πηγῆς
1317 3321 1433 3375 sive
1467 3320 1635 3376 fontis
1691 3320 2024 3376 mentionem

457 3420 682 3484 faciunt,
721 3426 774 3472 et
811 3416 999 3485 templi
1033 3415 1276 3485 Dcipatze
1315 3414 1538 3485 virginis
1575 3415 1642 3468 ad
1696 3417 1882 3486 πηγήν
1917 3417 2028 3470 sive

454 3511 682 3565 fontem.
743 3507 1287 3578 InterpresCedrini
1328 3509 1672 3578 plerumque
1734 3506 1912 3578 Pegen
1973 3518 2028 3561 et

453 3607 505 3657 in
549 3606 684 3674 Pege
722 3601 984 3656 reddidit.
1024 3600 1280 3654 Aidilicia
1313 3615 1463 3655 nunc
1492 3601 1676 3655 diruta
1706 3612 1854 3666 sunt,
1904 3601 2027 3655 fun-

454 3696 728 3748 damentis
759 3693 936 3748 adhuc
985 3691 1334 3746 exstantibus
1383 3701 1436 3746 et
1471 3691 1618 3762 ipso
1649 3691 1833 3747 fonte:
1865 3708 2026 3763 quem

455 3789 724 3858 hodieque
771 3787 1084 3842 Graecorum
1120 3787 1317 3856 vulgus
1372 3787 1728 3856 χρυσοπηγήν
1769 3789 2027 3856 appellat,

450 3885 504 3932 ct
537 3880 773 3931 invisere
808 3889 1003 3943 magno
1033 3889 1333 3937 concursu,
1391 3885 1543 3928 certo
1572 3875 1703 3928 anui
1759 3883 2028 3945 tempore,

383 3963 387 3967 ’
451 3971 612 4026 veluti
638 3970 683 4024 si
722 3968 966 4038 Deipartc
994 3965 1220 4032 virginis
1254 3966 1516 4032 templum
1544 3965 1725 4018 adhuc
1751 3967 2032 4020 incolume

453 4068 645 4124 staret,
675 4057 985 4112 consuevit.
1022 4055 1205 4108 Aurea
1255 4065 1410 4122 porta
1445 4071 1592 4109 nunc
1619 4056 1786 4108 etiam
1821 4055 2029 4125 reliqua

454 4151 810 4218 conspicitur,
835 4147 928 4200 sed
948 4145 1252 4204 obstructa,
1282 4159 1382 4197 nec
1405 4146 1456 4198 id
1475 4146 1618 4213 quod
1641 4145 1817 4210 audit,
1840 4159 2028 4200 aurea:

454 4242 588 4294 satis
619 4239 841 4305 elegans
877 4242 1078 4294 tamen,
1131 4245 1426 4300 expressos
1461 4248 1492 4287 e
1545 4247 1820 4286 marmore
1853 4234 2033 4288 conti-

453 4347 592 4387 nens
621 4341 823 4399 agones
867 4326 981 4382 sive
1039 4322 1257 4378 labores
1292 4322 1568 4391 Herculis,
1625 4323 1861 4379 artiﬁcio
1921 4338 2030 4377 non

452 4423 682 4494 vulgari.

526 4516 639 4569 Hoc
692 4515 804 4586 jam
871 4512 990 4566 loco
1037 4517 1355 4578 perventum
1376 4515 1495 4577 “est,
1551 4507 1617 4561 ab
1646 4509 1849 4578 angulo
1881 4508 2031 4564 urbis
2063 4527 2109 4586 υ

383 4645 414 4679 ›,
454 4604 719 4672 εθυιιηιεὶ),
748 4613 968 4676 propter
1002 4616 1188 4656 muros
1216 4601 1364 4654 urbis
1394 4609 1690 4655 terrestres
1710 4599 2031 4655 circumam-

457 4701 714 4762 bulando,
734 4699 803 4753 ad
831 4696 1142 4766 oppositum
1165 4691 1291 4746 huic
1316 4691 1571 4761 angulum
1597 4691 1750 4744 urbis
1774 4691 1988 4746 tertium
2017 4707 2030 4743 :

401 4767 571 4864 ‘Vf‘qui,
596 4795 736 4847 sicut
770 4791 1046 4848 secundus
1101 4778 1291 4846 ille'ad
1329 4786 1512 4840 sinum
1569 4785 1886 4840 Ceratinum
1943 4802 2032 4841 ex-

411 4867 694 4949 iitremum
727 4886 868 4939 situs
902 4893 1007 4950 est,
1048 4882 1124 4936 ila
1176 4892 1223 4936 ει
1257 4882 1372 4950 ipse
1415 4880 1650 4950 Ρετίίιιει
1680 4882 1746 4936 θα
1792 4880 2035 4952 Ρτοροιι·

420 4961 622 5040 itidem
647 4993 660 5028 :
695 4984 752 5028 ut
775 4976 1034 5045 deinceps
1060 4972 1206 5028 latus
1228 4972 1381 5026 urbis
1407 4970 1678 5038 reliquum
1714 4973 1849 5025 mari
1876 4972 2036 5024 allui-

417 5045 573 5135 Jtur,
601 5083 773 5137 usque
799 5066 868 5121 ad
903 5063 1350 5136 promontorium
1407 5060 1688 5130 Byzantis,
1745 5062 1830 5116 vel
1886 5061 2037 5115 urbis

460 5163 719 5231 angulum
750 5159 1012 5230 primum.
1043 5156 1125 5210 Ab
1149 5156 1251 5211 hoc
1277 5154 1423 5211 enim
1464 5152 1866 5223 anguloprimo
1893 5152 2035 5206 latus

458 5259 612 5312 urbis
643 5267 833 5319 unum,
867 5249 1124 5304 videlicet
1157 5247 1498 5318 aquilonare,
1545 5260 1574 5298 a
1605 5245 1740 5298 mari
1791 5243 2035 5299 Ccratini

463 5351 617 5404 sinus
653 5346 906 5406 cliicitur,
931 5357 1110 5414 usque
1141 5341 1209 5395 ad
1261 5337 1520 5410 angulum
1553 5337 1854 5392 secundum
1895 5335 2035 5389 Pen-

462 5445 840 5514 tepyrgianum
888 5456 901 5491 :
935 5451 1133 5492 rursus
1173 5435 1244 5488 ab
1291 5434 1462 5486 altera
1499 5439 1654 5502 parte
1686 5445 1838 5485 mare
1897 5430 2037 5484 Pro-

464 5535 706 5603 pontidis
742 5533 1044 5587 secundum
1070 5529 1217 5583 latus
1252 5526 1428 5586 urbis.
1450 5533 1506 5579 et
1536 5523 1896 5578 meridionale
1920 5523 2042 5591 qni-

459 5631 582 5680 dcm
645 5625 846 5689 eilicit,
903 5635 1086 5690 usque
1138 5620 1204 5672 ad
1286 5619 1502 5670 tertium
1559 5615 1711 5669 urbis
1775 5615 2038 5684 angulum

459 5719 993 5789 Hcptapyrgianum:
1034 5712 1372 5767 occidentale
1435 5722 1564 5762 vero
1606 5707 1830 5760 tertium
1895 5709 2035 5762 latus

459 5817 530 5868 ab
560 5811 812 5866 omnibus
837 5807 994 5875 aquis
1033 5805 1297 5864 immune,
1335 5799 1578 5853 terreStri
1636 5813 1794 5851 muro
1828 5799 2032 5855 claudit

2113 559 2406 628 incipiens,
2439 556 2505 611 ad
2534 554 2960 627 Heptapyrgium
2985 553 3144 624 juxta
3173 551 3560 622 Propontidem
3593 551 3696 605 de-

2183 760 2354 832 Igitur
2385 759 2884 832 Heptapyrgianum
2922 758 3036 827 jam
3069 757 3273 826 angulo
3333 754 3558 826 navigio
3583 756 3703 810 cir-

2031 891 2043 902 .
2111 854 2440 918 ctmtvectis,
2472 854 2645 922 prima
2677 861 2900 921 propter
2931 863 3114 904 arcem
3141 849 3194 902 in
3231 849 3404 901 latere
3433 845 3704 902 meridio-

2113 945 2222 999 nali
2278 957 2441 1014 porta
2510 960 2572 1000 se
2637 944 2795 998 nobis
2854 940 3032 1006 oﬂ'ert,
3100 939 3400 1008 casteroqui
3460 952 3696 992 numero

2113 1041 2323 1094 decima
2356 1039 2609 1107 septima,
2634 1052 2802 1106 quam
2829 1036 2904 1090 ab
2939 1049 3064 1089 arce
3089 1034 3268 1088 vicina
3301 1041 3518 1102 portam
3551 1032 3683 1084 ἑπτὰ

2113 1130 2404 1198 γουλάδων,
2425 1131 2475 1184 id
2495 1139 2602 1194 est,
2629 1139 2834 1198 septem
2867 1127 3125 1191 turrium,
3142 1139 3278 1181 voce
3299 1123 3683 1179 mistobarbara

2116 1219 2422 1272 nominant.
2454 1217 2884 1274 Observavimus
2939 1218 2992 1272 in
3057 1215 3159 1270 hac
3179 1213 3437 1270 Graecam
3487 1213 3693 1267 inscri-

2113 1311 2383 1380 ptionem,
2413 1326 2574 1380 quam
2601 1309 2852 1364 dabimus
2870 1308 3020 1362 alibi.

2185 1425 2498 1479 Secundum
2534 1425 2676 1478 hanc
2708 1424 2954 1494 proxima
2992 1423 3244 1492 sequitur
3270 1431 3460 1475 octava
3486 1419 3702 1475 decima

2115 1527 2294 1587 porta,
2332 1516 2569 1571 Turcico
2605 1515 3196 1584 vocabuloNarlieapi
3239 1516 3388 1569 dicta
3419 1531 3433 1567 :
3476 1528 3587 1583 quo
3620 1513 3704 1564 nio

2115 1609 2317 1662 mirum
2343 1609 2636 1678 appellunt
2669 1625 2737 1663 ex
2781 1609 2982 1663 insulis
3018 1607 3236 1678 navigia
3296 1606 3456 1662 malis
3491 1607 3706 1668 aureis,

2116 1710 2212 1750 seu
2248 1696 2493 1765 grauatis
2547 1698 2746 1768 (ροἲδια
2809 1713 2954 1752 nunc
2990 1695 3162 1752 Graeci
3213 1697 3431 1763 vocant)
3476 1706 3705 1752 onusta.

2048 1819 2088 1875 Β
2186 1787 2405 1843 Decima
2436 1802 2581 1843 nona
2626 1797 2851 1844 vocatur
2875 1788 3287 1846 Psomatiorum
3319 1801 3496 1859 porta.
3530 1788 3705 1844 Ltht-r

2119 1888 2308 1935 exstat
2369 1882 2513 1950 apud
2538 1881 2756 1939 Graecos
2798 1884 3232 1954 manuscriptus,
3264 1881 3435 1954 480
3467 1880 3539 1938 de
3573 1883 3706 1937 αιάί-

2128 1974 2266 2029 ﬁciis
2313 1975 2487 2042 urbis,
2527 1991 2690 2046 quem
2732 1975 3022 2032 habemus.
3077 1975 3140 2029 ln
3193 1989 3259 2030 eo
3305 1988 3503 2029 nomen
3538 1982 3707 2042 porta:

2125 2067 2387 2122 Psamatii
2419 2067 2718 2138 reperitur,
2777 2076 2833 2122 et
2863 2067 3125 2137 palatium
3168 2063 3453 2131 Psamatii,
3493 2073 3551 2120 et
3603 2081 3700 2134 τη-

2129 2160 2434 2230 ρωκομεῐον
2484 2157 2773 2227 Psamatii,
2807 2173 2919 2230 quo
2961 2159 3159 2214 domus
3208 2157 3553 2230 signiﬁcatur
3607 2172 3705 2214 ex-

2126 2259 2338 2308 structa
2367 2251 2624 2309 curandis
2658 2259 2714 2308 et
2744 2252 2956 2309 alendis
2995 2251 3240 2309 senibus.
3263 2249 3542 2324 Originem
3576 2265 3708 2306 vero

2128 2342 2368 2398 nominis
2403 2340 2668 2399 Psamatii
2700 2341 2933 2413 legimus
2964 2342 3108 2397 hanc
3165 2341 3222 2396 in
3286 2341 3481 2397 eodem
3537 2340 3706 2402 libro,

2128 2435 2350 2491 stetisse
2374 2434 2588 2491 scilicet
2609 2434 2744 2490 olim
2781 2434 2886 2488 hoc
2919 2434 3001 2510 ing
3039 2433 3160 2489 loco
3210 2430 3471 2488 Psamatii
3526 2433 3709 2503 quod-

2128 2526 2252 2580 dam
2285 2526 2670 2593 simulacrum,
2732 2509 2878 2595 quod
2915 2507 3267 2582 deastrorum
3329 2527 3512 2582 cultor
3558 2526 3710 2598 quis-

2129 2618 2272 2687 piam
2297 2633 2396 2673 ceu
2423 2620 2586 2673 deum
2618 2618 2873 2674 coluerit.
2895 2619 3244 2675 Christianos
3287 2634 3414 2676 vero
3448 2618 3713 2690 frequen-

2130 2719 2212 2765 ter
2236 2710 2509 2766 hominem
2542 2711 2610 2764 ab
2637 2725 2700 2765 eo
2739 2711 2968 2767 colendo
2991 2711 3373 2777 dehortantes,
3399 2711 3715 2782 appellasse

2129 2805 2486 2859 simulacrum
2536 2804 2692 2870 illud,
2729 2805 2877 2871 quod
2942 2805 3060 2875 ipse
3097 2814 3478 2869 veneraretur,
3537 2804 3711 2860 deum

2117 2897 2511 2966 ψευματέῖνον,
2559 2898 2615 2952 id
2651 2907 2755 2965 est,
2805 2897 3002 2953 falsum
3066 2907 3121 2954 et
3172 2897 3442 2962 ﬁctitium,
3505 2898 3715 2970 quique

2130 3005 2332 3046 nomen
2367 2990 2503 3046 illud
2545 2993 2894 3047 mentiretur.
2932 2992 3012 3047 Ab
3063 2991 3168 3046 hoc
3230 2992 3398 3062 igitur
3435 2992 3584 3046 idolo
3622 2993 3713 3047 dei

2121 3081 2317 3136 ‘ﬁctitii
2366 3082 2558 3136 volunt
2597 3082 2703 3152 ipsi
2752 3082 2875 3136 loco
2931 3097 3129 3137 nomen
3165 3082 3423 3144 inditum,
3461 3089 3523 3135 ut
3577 3079 3714 3136 Psa-

2667 3175 2720 3231 id
2771 3183 2876 3239 est,
2925 3175 3100 3229 ﬁctitii
3151 3174 3237 3229 dei
3296 3174 3483 3228 locus:
3542 3172 3712 3242 vulgo
3764 3187 3770 3191 ’

2127 3263 2321 3321 Psama
2357 3267 2591 3332 dicente,
2629 3282 2746 3336 .pro
2783 3266 2999 3336 deripe,
3042 3267 3185 3336 quod
3215 3276 3298 3322 est
3333 3266 3712 3324 mendacium.

2128 3359 2362 3430 Propter
2397 3360 2538 3414 hanc
2587 3374 2717 3414 vero
2769 3369 2978 3427 portam
3035 3358 3296 3414 Psantatii
3346 3357 3625 3426 quondam
3658 3369 3715 3413 et

2130 3452 2390 3522 palatium
2421 3462 2537 3506 erat
2570 3461 2623 3505 et
2673 3453 3076 3520 γηρωκομείον,
3112 3459 3170 3504 ut
3195 3450 3468 3505 diximus:
3497 3462 3716 3504 utrum-

2094 3559 2238 3612 -qne
2280 3543 2534 3598 Psamatii
2589 3559 2783 3598 nomen
2843 3548 2914 3596 ob
2974 3545 3228 3598 viciniam
3268 3544 3500 3607 habens,
3554 3545 3715 3598 etab

2134 3631 2338 3686 iit-lena
2381 3636 2650 3705 Augusta,
2682 3642 2855 3688 matre
2887 3633 3238 3688 Constantini
3297 3633 3500 3705 Magni,
3545 3636 3714 3707 .urbis

2133 3727 2456 3788 conditoris,
2486 3733 2850 3780 exstructum.
2880 3727 3320 3783 Christianorum
3347 3729 3544 3800 vulgus
3569 3729 3708 3784 hanc

2136 3830 2347 3888 portam
2385 3833 2531 3872 nunc
2579 3820 2747 3873 etiam
2803 3817 2912 3872 Sun
2975 3821 3207 3874 Matthia
3266 3831 3450 3889 vocat,
3487 3822 3702 3878 nomine

2135 3920 2394 3979 corrupto
2412 3926 2476 3964 ex
2492 3909 2810 3965 .Psamatia.

2208 4043 2477 4100 Vicesima
2540 4046 2746 4102 Graecis
2787 4048 3114 4105 Contoscalii
3173 4058 3328 4123 porta
3391 4053 3620 4109 dicitur.
3657 4051 3713 4110 in

2120 4136 2280 4190 libro
2318 4135 2386 4192 de
2445 4138 2597 4194 urbis
2632 4139 2880 4204 adiﬁciis
2921 4142 3078 4198 locus
3133 4142 3220 4197 hic
3278 4141 3716 4201 Contoscalinon

2136 4228 2447 4298 appellatur
2477 4239 2529 4284 et
2558 4245 2720 4285 causa
2747 4234 2988 4288 nominis
3020 4234 3300 4304 adjicitur.
3340 4234 3561 4291 Etenim
3595 4237 3717 4308 ipsa

2139 4328 2292 4387 porta
2333 4319 2471 4376 velut
2503 4321 2649 4376 intra
2679 4323 2863 4378 sinum
2904 4326 3193 4393 quemdam
3235 4326 3483 4383 abscedit
3515 4344 3715 4385 versus

2139 4411 2352 4478 urbem,
2380 4413 2526 4470 etab
2552 4414 2721 4469 altera
2752 4422 2918 4484 .parte
2969 4417 3279 4486 proximum
3334 4418 3440 4473 sibi
3491 4427 3711 4489 portum

2139 4500 2305 4556 habet
2327 4517 2430 4572 pro
2455 4502 2808 4570 triremibus,
2829 4504 2893 4559 in
2925 4520 3074 4561 utare
3120 4522 3187 4562 se
3235 4507 3632 4578 porrigentem,
3661 4516 3713 4563 cl

2142 4607 2302 4647 muro
2325 4595 2750 4652 circumdatum.
2783 4597 2831 4650 Is
2863 4605 3055 4666 portus
3086 4596 3214 4651 olim
3249 4613 3374 4652 eum
3397 4607 3712 4669 pararetur,

2135 4685 2452 4755 prtel‘ectum
2477 4687 2660 4744 fuisse
2690 4689 2912 4745 tradunt
2940 4689 3121 4759 operis
3165 4690 3316 4744 velut
3341 4692 3714 4763 £97054th

2135 4779 2484 4851 Agallianum
2514 4779 2920 4836 Turmarchum
2979 4782 3055 4852 (id
3092 4792 3283 4837 turma:
3321 4785 3511 4840 ducem
3539 4789 3711 4852 signi-

2137 4875 2285 4939 ﬁcat,
2322 4875 2429 4928 hoc
2459 4882 2564 4941 est,
2592 4875 2847 4944 legionis,
2882 4889 2979 4930 sex
3010 4875 3294 4931 hominum
3327 4878 3498 4933 millia
3559 4893 3716 4932 com-

2141 4963 2452 5033 plectentis,
2491 4973 2550 5018 ut
2579 4973 2663 5020 est
2699 4965 2840 5036 apud
2861 4964 3099 5021 Leonem
3135 4966 3444 5038 Augustum
3482 4969 3535 5023 in
3575 4968 3716 5024 libro

2139 5057 2214 5110 De
2238 5055 2440 5110 bellicis
2468 5058 2864 5128 apparatibus),
2893 5058 2984 5128 qui
3017 5071 3321 5128 cognomen
3346 5059 3718 5117 Constoscelis

2141 5149 2398 5205 habuerit
2435 5166 2463 5202 a
2504 5149 2768 5204 brevibus
2803 5149 2973 5204 tibiis.
3021 5149 3447 5205 Gambacurtam
3481 5151 3599 5206 Itali
3635 5154 3721 5206 di-

2141 5249 2348 5296 cerent.
2385 5240 2464 5294 Ab
2489 5239 2593 5294 hoc
2621 5240 2950 5309 appellatam
2998 5239 3154 5293 aiunt
3178 5254 3390 5308 portam
3415 5241 3722 5299 Cantost-a.

2143 5333 2339 5398 linam,
2373 5330 2538 5384 veluti
2576 5332 3032 5385 contoscelinam.
3071 5331 3186 5403 Ego
3228 5348 3358 5388 vero
3388 5349 3526 5405 pace
3558 5336 3722 5392 Grat-

2143 5438 2333 5479 corum
2392 5421 2629 5477 dixerim
2691 5422 2875 5490 potius
2905 5421 3357 5478 Contoscalinam
3396 5427 3480 5481 vel
3516 5426 3721 5485 Conto-

2140 5513 2298 5570 scalii
2324 5521 2574 5570 vocatam
2614 5527 2644 5567 a
2692 5521 2852 5568 conta
2882 5513 3053 5571 scala.
3088 5515 3291 5579 Κοντός
3331 5517 3476 5572 enim
3512 5517 3718 5578 Graecis

2146 5623 2291 5663 nttnc
2343 5622 2564 5678 parvus,
2616 5605 2694 5660 uti
2753 5623 2877 5661 cum
2936 5607 3210 5664 Cedrinus
3263 5609 3361 5676 ait,
3423 5613 3716 5682 quemdam

2141 5703 2316 5758 fuisse
2339 5701 2683 5754 nominatum
2713 5700 2779 5754 ab
2809 5701 3110 5773 exiguitate
3142 5711 3367 5757 staturae
3395 5705 3720 5758 Κοντολέονο

2143 5811 2210 5846 τα
2235 5800 2518 5863 praetorem
2555 5789 2908 5859 Cephaliiuae,
2950 5800 3002 5846 ct
3051 5793 3214 5848 alium
3271 5793 3718 5866 Κοντσπέφανω
