4018 6456
345 424 453 489 8η

337 550 446 590 ceu
474 533 711 588 Leonem
745 534 1049 601 parvumet
1083 524 1426 594 Stephanum
1462 534 1712 591 parvum.
1749 517 1921 571 Scala:
1968 534 1995 585 ι

338 624 671 694 tintiienjaut
699 631 825 679 ante
853 619 1218 675 declaratum.

419 715 694 770 Vict-sima
751 712 924 782 prima
981 707 1441 780 Catergolimenis
1489 713 1651 776 porta
1714 718 1926 758 mmet:-

336 821 530 880 putur,
574 825 604 862 a
651 817 813 878 portu
852 802 1184 868 triremium,
1223 818 1344 871 quia:
1376 800 1532 870 vulgo
1564 808 1693 854 sunt
1718 795 1925 851 Graecis

332 904 631 970 Κὶτξργα,
682 901 828 954 sicut
886 906 943 951 et
1004 893 1352 962 Κατεργὰδες
1405 906 1551 944 nunc
1579 888 1931 960 appellantur

338 992 643 1052 classiarii,
678 990 761 1042 νει
792 988 1013 1041 natales
1039 985 1175 1039 διιοιὶ
1210 983 1536 1036 triremium.

422 1080 692 1131 vicesima
720 1079 961 1130 secunda
997 1074 1161 1143 vulgo
1193 1090 1339 1128 nunc
1369 1071 1576 1127 Cnet-is
1609 1079 1692 1125 est
1751 1069 1927 1139 πόρτα

334 1176 459 1233 sui,
493 1171 777 1240 dgito-362;,
806 1169 855 1221 id
883 1179 988 1230 est,
1017 1168 1098 1233 vel
1132 1183 1410 1228 ursorum,
1435 1168 1517 1221 vel
1541 1166 1750 1230 ursina,
1783 1162 1925 1217 Tuto

341 1263 428 1314 cis
461 1260 775 1314 Tscl‘atliti
808 1259 985 1326 capsi.
1024 1273 1054 1312 a
1097 1260 1434 1312 mactatioue
1466 1254 1756 1323 pecudum.
1787 1252 1931 1308 Sunt

341 1371 438 1422 qui
498 1368 690 1404 novam
736 1352 948 1407 littoris
1000 1360 1214 1422 portam
1283 1350 1596 1403 nominant.
1659 1346 1926 1416 Equidem

338 1444 679 1500 crediderim
733 1459 856 1497 esse
905 1443 1211 1514 antiquam.
1276 1439 1588 1495 IEdilicium
1630 1439 1927 1494 rotundum

342 1548 503 1591 extra
541 1552 731 1590 muros
795 1537 851 1590 in
885 1538 1005 1605 ipso
1047 1536 1183 1590 mari
1245 1536 1488 1590 vicinum
1527 1550 1594 1589 ac
1628 1544 1786 1590 vetus
1823 1534 1925 1587 lia-

342 1630 461 1692 licl,
491 1630 733 1696 undique
758 1625 1164 1691 circutnlluum,
1203 1627 1310 1682 nisi
1330 1635 1619 1696 quaterra:
1642 1626 1926 1695 jungitur;

349 1723 402 1773 iu
445 1736 554 1790 quo
624 1730 961 1783 mactantur,
1022 1720 1381 1774 emoriantur
1426 1726 1482 1772 et
1532 1726 1930 1773 exenterantur

351 1812 627 1881 pecudes:
673 1812 916 1879 itemque
956 1810 1229 1866 feriestras
1257 1809 1426 1864 liabet
1453 1811 1568 1864 ιιωο
1596 1818 1751 1878 porta
1785 1822 1933 1862 utar-

1498 406 1650 469 I’AN
1664 404 1907 467 DECTE
1944 406 1992 465 ll
2007 402 2147 465 IST.
2185 402 2285 463 TU
2300 400 2493 463 ltClC.

2102 512 2282 568 Prima
2318 521 2543 567 vocatur
2581 510 2905 581 ξυλὸκερκος
2938 512 3006 564 ob
3036 510 3159 581 ejus
3178 509 3599 566 fundamentum

2028 606 2225 664 dellxis
2255 608 2308 662 in
2335 607 2444 661 imo
2478 606 2615 676 palis
2646 604 2872 661 factum.
2907 603 3062 659 Nunc
3091 603 3449 676 llagiobazari
3477 621 3604 674 por-

2022 714 2139 757 tam
2176 703 2284 757 dici
2318 703 2654 757 notavimus.

2101 795 2290 851 Altera
2315 795 2584 862 Cliarsize,
2604 795 2931 865 quisciliret
2958 797 3006 851 ei
3027 797 3331 854 condendae
3361 799 3603 870 pra-luit.

2028 884 2223 940 Turcis
2253 896 2336 941 est
2370 885 2495 956 εἰςτί
2523 886 2669 956 capi,
2698 888 2814 943 sive
2838 898 2993 956 porta
3039 891 3286 960 obliqua.

2099 978 2285 1030 Tertia
2350 978 2706 1049 πολύανδρος,
2744 980 2813 1033 ab
2887 981 3172 1036 hominum
3238 984 3591 1040 multitudine.

2028 1070 2194 1131 dicta,
2227 1069 2441 1141 Quippe
2480 1071 2739 1127 traditum
2782 1072 2843 1127 'in
2872 1073 3119 1129 historiis
3163 1075 3423 1147 legimus,
3456 1091 3510 1133 et
3550 1082 3602 1133 iu

2026 1160 2135 1217 hoc
2166 1163 2284 1232 ipso
2325 1165 2388 1217 de
2418 1163 2667 1219 azdiliciis
2701 1164 2852 1221 urbis
2872 1164 3042 1229 libro,
3086 1165 3464 1225 Theodosium
3501 1175 3606 1226 ini-

2034 1270 2224 1310 norem
2259 1256 2562 1327 Augustum
2585 1268 2743 1313 terra:
2775 1269 2923 1314 motu
2947 1260 3220 1331 collapsos
3244 1263 3396 1335 urbis
3425 1281 3609 1323 muros

2033 1356 2322 1403 terrestres
2355 1364 2584 1406 curasse
2631 1365 2727 1421 per
2760 1350 2962 1423 Cyrum
2991 1355 3311 1425 prmTectum
3336 1358 3606 1413 urbanum

2024 1439 2333 1496 instaurari
2364 1459 2380 1498 :
2410 1440 2573 1515 481
2612 1444 2771 1515 cujus
2803 1444 3021 1514 quidem
3050 1462 3111 1502 ea
3142 1447 3311 1506 fuerit
3337 1450 3390 1504 in
3447 1467 3612 1523 cpi-re

2034 1535 2361 1590 maturando
2392 1547 2445 1590 et
2478 1538 2721 1606 urgendo
2754 1540 3040 1608 sedulitas,
3074 1551 3132 1596 ut
3158 1542 3299 1597 intra
3335 1547 3613 1616 sexagesi-

2035 1640 2182 1679 mum
2215 1624 2362 1679 diem
2405 1628 2716 1683 absolutum
2748 1629 2934 1686 fuerit.
2960 1629 3081 1688 Hoc
3114 1644 3297 1689 autem
3332 1637 3386 1690 in
3422 1652 3611 1706 Opere,

2033 1728 2158 1770 cum
2185 1730 2291 1771 una
2325 1717 2511 1787 pepuli
2537 1734 2663 1789 pars
2691 1719 2761 1777 ab
2794 1723 2995 1793 angulo
3024 1723 3490 1799 Pentepyrgiano,
3524 1733 3609 1784 al-

2028 1812 2152 1860 tera
2189 1821 2324 1861 vero
2359 1808 2429 1862 ab
2463 1810 2663 1878 angulo
2698 1812 2927 1869 adverso
2950 1813 3392 1888 Heptapyrgiano
3424 1838 3612 1878 muros

359 1918 570 1958 mereas
598 1918 631 1956 a
668 1903 859 1967 latere,
893 1902 1181 1972 cujusdam
1207 1902 1425 1958 aedilicii
1452 1902 1533 1957 vel
1556 1901 1749 1972 palatii
1783 1910 1929 1956 vetc-
1959 1892 2004 1947 Β
2031 1898 2269 1953 condere
2303 1902 2561 1972 coepisset
2594 1922 2607 1958 :
2639 1903 2704 1959 ad
2752 1903 2902 1962 banc
2964 1906 3184 1964 demum
3229 1922 3440 1982 portam
3482 1931 3614 1985 pars

358 1998 459 2060 ris,
492 1997 633 2065 quod
669 1996 804 2065 ipsis
859 1999 1034 2052 muris
1065 1995 1295 2051 urbanis
1357 1993 1644 2049 incumbit.
1699 1993 1802 2049 llic
1833 1994 1932 2048 ali-

352 2089 575 2159 quando
604 2104 743 2158 pene
788 2088 1139 2159 naufragium
1191 2088 1390 2144 fecisse
1459 2087 1741 2153 recordor,
1797 2100 1926 2142 cum
1972 2082 1985 2093 ’

288 2178 295 2189 ’
350 2181 520 2235 animi
543 2183 717 2251 gratia
742 2181 974 2238 Wolﬁus
994 2182 1312 2253 ngnadius
1327 2182 1469 2237 Baro
1488 2178 1928 2244 Sottneccianus,

347 2286 405 2325 et
444 2271 812 2345 Hieronymus
854 2274 1197 2338 Arconatus,
1254 2279 1315 2327 et
1354 2284 1476 2341 ego,
1534 2268 1781 2324 saraium
1818 2269 1932 2323 sul-

336 2365 627 2433 taninum,
668 2382 699 2421 e
736 2368 989 2421 Ceratino
1042 2368 1166 2421 sinu
1211 2363 1463 2434 profecti,
1512 2362 1655 2420 cmlo
1692 2363 1929 2432 primum

342 2473 550 2512 sereno
605 2462 852 2529 titurique
885 2458 1124 2529 placido,
1170 2456 1776 2527 circumnavigaremus
1827 2472 1841 2508 :
1878 2461 1934 2508 et

346 2551 548 2607 oborta
574 2550 762 2608 subito
798 2559 1300 2625 tempestate,-non
1347 2549 1476 2608 sine
1524 2547 1774 2622 periculo
1818 2547 1930 2604 huc

346 2644 731 2716 rejiceremur.

427 2736 702 2792 Vicesima
731 2738 891 2793 tertia
918 2748 971 2794 et
998 2737 1189 2794 ultima
1222 2746 1386 2808 porta
1418 2735 1691 2792 vocabulo
1736 2734 1931 2791 Turci-

330 2847 416 2888 co
447 2831 766 2885 nominatur
802 2831 989 2886 Acbur
1019 2830 1218 2902 capisi,
1250 2829 1399 2902 quod
1441 2829 1673 2885 Achurii
1706 2836 1925 2899 portam

330 2921 645 2992 signiﬁcat.
675 2923 980 2978 Aeburium
1014 2939 1144 2979 vero
1180 2921 1374 2978 Turcis
1400 2930 1485 2977 est
1515 2916 1803 2977 adiﬁcium
1831 2934 1928 2973 ca-

338 3030 483 3085 .pax,
510 3030 693 3069 aream
725 3015 935 3070 habens
961 3015 1016 3069 in
1038 3013 1240 3076 medio,
1271 3014 1580 3083 cujusmodi
1602 3016 1779 3069 solent
1803 3027 1930 3067 esse

2035 2001 2266 2061 utraque
2303 1993 2420 2048 suis
2474 1992 2737 2064 perlectis
2780 2000 2964 2069 aperis
3003 2001 3278 2067 convenit,
3330 2020 3505 2077 eaque
3543 2006 3614 2064 de

2034 2092 2200 2135 causa
2232 2093 2388 2153 porta
2418 2084 2749 2158 πολύανδρος
2791 2089 3063 2159 appellata
3119 2091 3246 2160 fuit,
3304 2095 3373 2151 ab
3431 2098 3631 2154 humi-—

2035 2188 2163 2226 num
2200 2174 2576 2245 multitudine,
2597 2179 2689 2248 qui
2719 2188 2849 2234 tunc
2874 2181 3006 2237 istic
3029 2197 3429 2244 convenerunt.
3455 2187 3613 2247 Nunc

2033 2259 2613 2336 lladrianOpolitanam
2649 2269 2833 2327 vocari
2868 2272 3129 2332 diximus.
3168 2275 3233 2331 Et
3273 2289 3353 2336 est
3394 2280 3539 2341 illius
3569 2284 3614 2337 is

2037 2355 2280 2425 proiecto
2316 2358 2473 2426 situs,
2499 2371 2558 2414 ut
2593 2363 2832 2419 medium
2880 2365 2932 2420 in
2969 2382 3126 2423 muro
3149 2372 3397 2431 terrestri
3432 2374 3607 2431 locum

2040 2456 2296 2520 occupet,
2359 2451 2590 2523 idquod
2624 2456 2879 2526 equidem
2939 2457 3229 2532 diligenter
3298 2465 3608 2522 observavi.

2034 2538 2169 2596 Nam
2196 2558 2325 2599 cum
2354 2544 2424 2600 ab
2446 2548 2701 2617 acropoli
2726 2551 3188 2624 Pentepyrgiana,
3251 2566 3476 2628 propter
3497 2559 3614 2616 l‘os-

2034 2647 2126 2689 sas
2157 2636 2295 2690 muri
2318 2638 2624 2706 terrestris,
2653 2639 2718 2695 ad
2744 2644 3003 2715 angulum
3057 2646 3143 2702 vel
3172 2651 3472 2720 acropolim
3498 2653 3611 2709 Ηθς

2030 2724 2449 2795 ptapyrgianam
2470 2729 2636 2795 ituro,
2666 2746 2894 2789 necesse
2913 2732 2987 2789 sit
3006 2736 3169 2792 unius
3194 2739 3342 2796 hora:
3364 2743 3608 2814 spatium

2037 2815 2390 2909 impendere:
2428 2823 2770 2879 tantumdem
2831 2831 3096 2899 temporis
3128 2830 3492 2909 Pentepyrgio
3526 2856 3611 2894 re-

2035 2908 2274 2979 quiritur
2320 2912 2384 2967 ad
2421 2923 2632 2983 portam
2668 2915 3272 2992 Hadrianopolitanam,
3334 2908 3601 2998 quantum

2035 3001 2103 3094 ab
2120 3004 2310 3059 eadem
2347 3006 2415 3062 ad
2445 3016 2656 3076 portam
2685 3009 3056 3085 Heptapyrgio
3088 3017 3416 3087 proximam.
3449 3024 3605 3094 Apul

349 3106 580 3163 stabula
608 3121 709 3175 pro
738 3106 906 3174 regiis
942 3105 1125 3175 equis.
1154 3104 1225 3159 Et
1247 3104 1496 3159 arbitror
1521 3119 1647 3160 esse
1679 3102 1926 3160 Graecam
2027 3092 2385 3180 Leonardum
2418 3099 2711 3158 Cliiensem
2756 3108 3028 3175 reperitur
3059 3108 3161 3165 hac
3188 3110 3306 3183 ipsa
3361 3113 3411 3166 in
3452 3092 3607 3170 urbis

336 3200 567 3267 ,ογίείυε
621 3211 833 3262 vocem,
862 3204 1182 3267 usucaptam
1216 3210 1245 3248 a
1274 3193 1492 3250 Turcis.
1528 3193 1743 3251 Etenim
1782 3197 1922 3265 ὰχυ-
1953 3234 2000 3294 c
2036 3205 2100 3245 ac
2126 3206 2406 3247 murorum
2464 3204 2619 3265 parte
2647 3196 2803 3254 locus
2834 3199 3041 3260 arduus
3076 3204 3160 3274 (ut
3193 3206 3449 3278 appellat)
3512 3210 3608 3264 Mi-

352 3292 504 3359 ρεῖον
536 3298 740 3342 vocant
800 3287 973 3342 Graeci
1035 3288 1337 3352 stabulum,
1371 3302 1403 3340 a
1451 3287 1782 3357 reponendis
1815 3287 1927 3347 sci.-

355 3381 483 3434 licet
508 3379 705 3449 paleis.
758 3376 854 3432 Sic
888 3378 1029 3431 emit
1056 3376 1484 3432 Aebur'stabuli
1523 3376 1817 3447 praefectus
1842 3386 1929 3435 est

359 3468 417 3521 in
438 3469 563 3522 aula
587 3455 890 3533 sultaniua,
913 3469 1064 3523 velut
1118 3468 1298 3538 capite
1329 3468 1392 3522 Μ
1436 3468 1703 3524 diximus.
1740 3468 1929 3542 Itaque

372 3574 644 3629 propterea
678 3576 880 3615 nomen
910 3560 1014 3616 hoc
1038 3561 1127 3616 isti
1161 3569 1334 3631 porta:
1382 3560 1593 3626 datum,
1624 3561 1772 3633 quod
1833 3579 1929 3633 per

371 3668 486 3706 eam
512 3654 691 3709 saralo
743 3655 1024 3711 sultanino
1050 3658 1386 3725 contiguam,
1423 3656 1753 3710 invehantur
1799 3670 1923 3710 om-

352 3747 450 3802 .uia
488 3748 751 3805 curandis
785 3760 839 3805 et
878 3748 1172 3826 pascendis
1232 3748 1393 3819 equis
1432 3761 1497 3802 ac
1521 3746 1787 3816 jumentis
1807 3746 1922 3800 sul-

354 3844 470 3897 tani
506 3843 846 3911 necessaria,
904 3852 1176 3915 quotquot
1205 3842 1350 3895 intra
1413 3839 1655 3895 saraium
1714 3836 1928 3893 scilicet

296 3939 601 3992 .aluntur.
658 3938 743 3992 Ab
801 3938 906 3992 bac
948 3936 1142 3991 ultima
1196 3942 1383 4003 porta,
1437 3930 1605 3987 sai-aii
1662 3931 1925 3987 sultanini

350 4045 550 4085 murus
578 4031 748 4085 trium
772 4031 825 4085 in
858 4031 1068 4086 ambitu
1095 4028 1417 4083 milliarium
1451 4024 1768 4081 Graecorum
1793 4025 1929 4078 inci-

347 4124 459 4194 pit,
493 4122 650 4191 juxta
704 4136 868 4192 quem
906 4122 975 4175 ab
1029 4120 1205 4175 altero
1231 4119 1398 4175 saraii
1461 4118 1631 4175 latere
1694 4120 1927 4190 primam

344 4229 578 4286 quoque
631 4222 847 4286 portam
902 4212 1056 4269 urbis
1131 4212 1562 4268 collocavimus.
1620 4210 1733 4269 Nec
1784 4211 1928 4267 inter

341 4307 582 4362 Aeliurii
631 4317 845 4377 portam
890 4316 945 4361 et
996 4303 1248 4359 Romam
1304 4303 1453 4358 illam
1512 4302 1743 4373 primam
1810 4303 1928 4358 ulla
1976 4364 1981 4367 _

340 4399 633 4469 reperitur
661 4397 789 4463 alia,
817 4411 979 4467 quam
1017 4411 1124 4465 qua
1162 4404 1377 4449 secreto
1399 4392 1502 4449 soli
1549 4393 1772 4447 sultano
1800 4391 1929 4447 licet

340 4508 375 4548 e
412 4490 773 4560 saraiiseptis
798 4489 867 4546 ad
896 4488 1154 4560 angulum
1186 4484 1374 4542 Sancti
1402 4483 1657 4539 Demetrii
1685 4484 1925 4554 prodire,

2034 3284 2258 3339 liandri.
2297 3283 2418 3340 Non
2470 3288 2602 3344 alibi
2664 3299 2874 3361 quaerat
2920 3293 3065 3351 hunc
3099 3296 3485 3372 lector,quam
3542 3308 3608 3357 ad

2032 3384 2242 3445 portam
2295 3376 2871 3451 Hadrianopolitanam
2902 3385 2985 3442 vel
3032 3387 3389 3462 πολύανδρον,
3424 3408 3611 3450 corre—

2031 3473 2121 3520 cto
2154 3474 2332 3521 tamen
2394 3471 2548 3539 prius
2583 3472 2664 3526 vel
2719 3475 3119 3535 euuntiationis
3181 3480 3265 3536 vel
3318 3484 3609 3553 scripturzn

2033 3557 2187 3612 vitio.
2228 3555 2363 3611 Nam
2388 3575 2486 3629 pro
2505 3559 2795 3617 Miliandro
2835 3566 3086 3632 equidem
3137 3569 3362 3625 minime
3421 3572 3618 3625 dubito

2033 3648 2409 3716 reponendum
2447 3650 2794 3723 μυρίανδρον,
2819 3654 2964 3724 quod
2996 3655 3141 3713 idem
3168 3665 3256 3714 est
3285 3675 3410 3714 cum
3444 3662 3610 3716 πολυ-

2032 3737 2244 3810 άνδριρε
2279 3739 2395 3795 sive
2429 3742 2565 3797 adeo
2610 3759 2712 3813 per
2744 3744 3019 3802 inscitiam
3055 3750 3199 3819 vulgi
3229 3748 3434 3808 factum
3463 3752 3604 3810 luis-

2031 3847 2090 3888 se
2149 3833 2394 3889 dicamus
2452 3833 2783 3890 Miliandron
2841 3852 2907 3893 ex
2960 3839 3295 3913 Myriandro,
3357 3845 3476 3903 sive
3514 3861 3609 3914 per

2034 3922 2383 3979 oscitantiam
2442 3927 2730 3999 scriptoris
2792 3930 2999 3988 librarii
3036 3943 3357 4006 corruptum
3403 3952 3605 3994 nomen

2032 4015 2433 4073 existimemus.

2100 4109 2308 4177 Quarta
2341 4111 2662 4182 Κατωγαεα,
2704 4113 2820 4170 sive
2866 4115 3254 4184 subterranea,
3307 4119 3466 4192 cujus
3520 4133 3602 4177 ta-

2033 4219 2155 4259 men
2201 4205 2441 4260 nominis
2492 4206 2633 4262 ratio
2666 4206 2817 4262 nulla
2859 4207 3124 4265 redditur.
3149 4208 3465 4284 Respondet
3491 4213 3603 4286 jam

2032 4292 2322 4364 'l‘opcapisi
2377 4294 2457 4351 vel
2521 4295 2918 4370 bombardariaa
2975 4308 3169 4370 portae,
3211 4303 3489 4373 quondam
3542 4304 3603 4361 S.

2034 4383 2283 4440 lionnani.

2105 4478 2304 4545 Quinta
2357 4476 2562 4534 Graecis
2610 4479 2839 4550 πέμπτη
2906 4477 3077 4537 fuisse
3122 4479 3269 4539 dicta
3324 4497 3606 4554 narratur,

339 4584 576 4655 quoties
615 4582 665 4637 ei
688 4582 770 4638 sic
799 4581 976 4637 visum
1011 4588 1117 4636 est.
1155 4578 1235 4634 Ac
1258 4579 1399 4635 solet
1430 4577 1538 4634 hoc
1571 4577 1755 4634 lacere
1788 4580 1927 4633 mul-
1964 4580 2009 4637 D
2032 4572 2177 4643 quod
2207 4586 2439 4625 "limem
2495 4571 2686 4641 (ιυῖηια
2747 4571 2954 4628 εϐηίσθι
3014 4573 3159 4630 inter
3216 4586 3406 4647 portas
3453 4593 3605 4639 esset

342 4678 546 4741 toties,
590 4690 717 4731 cum
746 4675 1031 4745 eleganter
1076 4680 1328 4729 ornatam
1364 4675 1693 4725 marmoreis
1716 4671 1927 4727 colum-

335 4774 441 4827 uis
467 4768 877 4823 domunculam
917 4764 1123 4821 ibidem
1140 4763 1359 4824 habeat,
1394 4760 1543 4817 intra
1594 4775 1756 4832 quam
1791 4762 1929 4817 velis

334 4862 655 4920 obductam
681 4860 905 4923 sedens,
946 4865 1057 4911 tam
1086 4873 1119 4912 ο
1164 4855 1291 4911 sinu
1331 4853 1614 4920 Cerauno,
1643 4868 1811 4924 quam
1844 4868 1929 4908 se-

334 4950 543 5008 cundo
573 4948 805 5019 Bospori
837 4947 984 5004 ﬂuxu
1031 4948 1085 5002 in
1137 4944 1529 5015 Propontidem
1569 4944 1924 5015 praeternavi-

332 5057 552 5122 gantes
580 5047 783 5105 inmori
843 5060 969 5101 cum
1002 5042 1289 5115 voluptate
1318 5048 1522 5114 pateat,
1552 5041 1671 5110 ipsa
1691 5053 1930 5111 conspe-

332 5151 482 5197 ctus
505 5154 534 5193 a
562 5139 802 5194 nemine.

425 5230 539 5286 Sed
566 5231 714 5285 enim
742 5238 897 5292 ante,
951 5242 1114 5298 quam
1150 5226 1290 5281 lianc
1313 5232 1598 5294 portarum
1634 5238 1928 5278 citumera-

335 5328 573 5381 tionem
603 5324 947 5385 claudamus,
993 5322 1128 5376 libet
1159 5334 1227 5374 ex
1265 5319 1505 5388 altegato
1535 5316 1738 5387 sapius
1764 5315 1929 5382 libro,

335 5423 422 5474 de
457 5415 705 5481 aediliciis
743 5414 916 5479 urbis,
948 5413 1144 5468 ordine
1181 5425 1469 5467 recensere
1502 5416 1717 5464 veteres
1740 5416 1931 5479 portas

339 5507 514 5565 urbis
555 5517 873 5568 terrestres,
904 5521 1026 5575 qua:
1077 5505 1187 5558 illic
1222 5504 1352 5557 solae
1392 5504 1680 5571 legunt-ur;
1718 5501 1931 5553 caeteris

337 5607 425 5657 ad
452 5601 633 5654 sinum
656 5596 973 5653 Ceratinum
1029 5596 1527 5666 Propontide:ij
1580 5591 1704 5646 sitis
1760 5592 1939 5651 silen-_

345 5697 444 5748 tio
509 5688 841 5761 praeteritis.
899 5688 1219 5744 “ecitantur
1276 5698 1462 5740 autem
1522 5685 1790 5737 duntaxat
1851 5686 1932 5736 lia:

337 5789 639 5858 quinque,
700 5792 918 5855 sumpto
973 5784 1044 5838 ab
1091 5780 1437 5838 extremitate
1496 5779 1929 5849 Pentepyrgiana

330 5876 536 5934 initio.

2035 4669 2354 4718 terrestres.
2399 4659 2540 4719 Olim
2572 4664 2810 4720 Auream
2864 4674 3083 4737 portam
3135 4682 3423 4740 vocavere,
3458 4688 3608 4733 nunc

2030 4755 2409 4826 'Silyvriauam
2470 4757 2735 4828 appellari
2795 4757 3159 4815 ostendimus.
3214 4759 3370 4828 Quod
3420 4774 3607 4824 autem

2033 4845 2169 4902 Geni
2207 4850 2326 4919 capi
2384 4848 2500 4903 sive
2552 4862 2689 4904 nova
2741 4860 2894 4921 porta
2943 4865 3052 4906 non
3118 4864 3604 4923 commemoratur.

2035 4941 2181 4997 inter
2220 4950 2406 5010 portas
2426 4938 2492 4995 'S.
2530 4938 2763 4996 Romani
2812 4949 2869 4997 et
2902 4957 3123 4999 auream
3156 4944 3283 5015 sita,
3310 4961 3603 5022 propterea

2034 5035 2117 5099 iit,
2158 5035 2303 5105 quod
2339 5032 2486 5088 nulla
2542 5040 2673 5087 tunc
2722 5032 2905 5099 fuerit,
2950 5037 3349 5106 posterioribus
3389 5042 3606 5102 scilicet

2033 5133 2315 5182 exstructa
2342 5123 2703 5194 temporibus,
2736 5133 2795 5178 ut
2837 5125 3016 5197 ipsum
3036 5143 3256 5199 quooue
3291 5147 3490 5190 nomen
3520 5135 3609 5192 in-

2035 5218 2173 5274 nuit.

2109 5312 2291 5369 Habes
2340 5311 2476 5382 jam,
2506 5310 2745 5382 benigne
2797 5312 2988 5379 lector,
3033 5313 3301 5385 insignem
3334 5332 3446 5373 non
3475 5334 3607 5391 por-

2037 5413 2213 5458 tarum
2241 5406 2503 5457 dnu'axat
2530 5404 2681 5459 urbis
2708 5404 3154 5473 exlilicationem,
3219 5424 3404 5466 verum
3435 5412 3603 5468 etiam

2036 5500 2329 5552 niultarum
2385 5506 2647 5566 pra-terea
2708 5510 2891 5552 rerum
2959 5498 3410 5568 declarationem,
3483 5518 3609 5575 qua:

2038 5589 2167 5644 milii
2202 5587 2424 5659 quidem
2468 5587 2764 5657 aliquando
2793 5586 3011 5644 Graecus
3051 5600 3107 5644 et
3134 5580 3398 5649 Turcicas
3430 5593 3610 5652 histe-

2036 5686 2146 5736 rius
2193 5680 2460 5732 lectituttli
2520 5680 2650 5733 νίδιυ
2711 5678 2862 5735 luere
2907 5680 3158 5737 didiciles
3204 5683 3490 5742 intellectu
3541 5703 3609 5745 ac

2040 5778 2403 5844 perun-smne.
2464 5771 2581 5828 'l'iiii
2608 5789 2761 5837 sane,
2816 5775 3041 5830 remotis
3096 5790 3203 5832 non
3264 5778 3455 5848 paucis
3491 5778 3609 5850 jam

2037 5869 2194 5938 quasi
2229 5867 2480 5931 salebris,
2514 5866 2619 5921 iter
2648 5863 2790 5920 idem
2839 5866 3185 5939 ingressum,
3216 5871 3400 5928 minus
3428 5870 3609 5943 plera-
