4018 6440
524 371 631 438 879

1755 362 2082 423 JOANNIS
2127 364 2585 426 LEUNCLAVII
3622 371 3712 435 880

525 487 796 559 quetzedii
846 487 1093 556 paritura
1139 483 1380 540 confido.
1415 481 1513 536 Vel
1543 480 1644 550 ipsi
1695 489 1806 534 tam
1840 495 1868 534 a
1904 478 2100 534 Turcis

2209 489 2351 560 ptios
2385 499 2438 543 et
2488 486 2873 558 Egyptiorum
2917 485 3134 540 sultano
3184 482 3462 550 subjectus.
3495 486 3718 542 indicavi-

525 583 791 643 ebsessm,
839 591 1001 647 quam
1045 582 1370 646 expugnatae
1419 573 1970 640 Constantinopoleos
2015 573 2098 624 hi-

527 672 712 726 storiae
778 667 1230 738 Chalcocondylis
1304 673 1359 721 et
1443 663 1714 720 Leonardi
1806 663 2100 728 Citiensis,

522 763 726 818 mirum
786 769 1054 831 quantum
1106 760 1226 814 haec
1275 757 1547 828 expositio
1597 765 1787 811 nostra
1831 757 1970 810 lucis
2017 754 2102 808 af-

518 855 686 910 feret.

553 948 682 1002 201.
716 946 867 1002 Mors
898 946 1101 1001 sultani
1140 944 1423 1067 Bajabslitfs,
1445 956 1486 994 να
1519 940 1630 1008 ﬁlio
1663 939 1860 995 Sets'me
1890 952 2080 993 veneno

1198 1032 1258 1067 su
1319 1035 1347 1067 α
1378 1031 1419 1067 ι.

1198 1031 1419 1068 εαοιαιι.

595 1113 712 1184 Non
747 1110 1117 1166 meminerunt
1159 1107 1387 1161 annales
1421 1107 1535 1161 dati
1568 1119 1599 1159 a
1631 1102 1742 1158 filio
1765 1100 1967 1155 Seliine
1999 1097 2106 1151 Ba-

527 1205 682 1276 jaziti
712 1217 808 1274 per
838 1202 976 1256 alios
1008 1199 1230 1263 veneni,
1282 1197 1429 1268 quod
1476 1213 1504 1250 a
1537 1197 1748 1251 nostris
1785 1199 2107 1247 constanter

526 1298 861 1359 afiirmatur,
929 1291 1064 1360 ipsis
1100 1301 1283 1344 tamen
1316 1286 1759 1358 expositionibus
1789 1286 1985 1339 horum
2022 1282 2107 1335 iii-

526 1395 607 1440 ter
645 1399 702 1438 se
740 1398 847 1437 non
893 1395 1084 1452 parum
1121 1377 1543 1432 dissidentibus.
1572 1372 1683 1429 Nos
1719 1375 2110 1444 plerorumque

527 1477 879 1532 narrationes
940 1475 1021 1528 sic
1078 1471 1462 1538 recitabimus,
1517 1479 1576 1523 ut
1622 1468 1890 1537 integrum
1928 1477 2107 1518 tamen

527 1569 716 1626 let-tori
773 1565 1039 1638 judicium
1111 1564 1507 1633 relinquamus.
1589 1558 1977 1629 Spandugiuus
2033 1556 2109 1608 ait

496 1662 788 1718 -Seliniem
825 1659 965 1729 patri
1037 1656 1354 1726 adiunxisse
1404 1653 1674 1707 Jonnzem
1736 1651 1976 1714 bassam,
2018 1646 2109 1716 qui

530 1765 720 1804 curam
747 1748 869 1818 ejus
901 1755 1138 1816 generet.
1165 1757 1470 1810 omnesque
1503 1757 1590 1795 res
1638 1738 1812 1810 patris
1874 1736 2110 1792 admini-

509 1851 752 1899 straret.
788 1839 1005 1894 Interim
1040 1847 1221 1891 tamen
1243 1844 1455 1889 secreto
1485 1847 1608 1888 cum
1659 1829 1866 1885 Jonuze
1930 1837 2112 1883 trans-
2145 1842 2188 1903 Β

507 1937 742 2006 egisse,
774 1947 1042 1988 venenum
1077 1940 1136 1982 ut
1178 1929 1320 2000 patri
1362 1925 1766 1997 prepinaretur.
1789 1922 1971 1991 Itaque
2003 1921 2106 1976 Bu-

526 2028 748 2094 jazitem
795 2024 970 2094 prius,
1025 2035 1190 2092 quam
1254 2017 1600 2071 Dimotucum
1655 2016 2018 2084 pervenisset,
2057 2011 2104 2064 vi

530 2117 722 2172 veneni
753 2115 861 2169 dati
894 2114 1228 2168 exstinctum
1283 2110 1472 2163 fuisse.
1503 2105 1698 2162 Jovius
1731 2105 1884 2159 addit
1941 2118 2106 2158 vene-

527 2224 660 2265 num
694 2209 742 2262 ei
777 2205 1062 2277 praebitum
1103 2206 1170 2258 ab
1201 2201 1449 2257 Hamone
1494 2198 1682 2253 Judzeo
1727 2197 1958 2251 medico.
2001 2195 2107 2249 AlLi

528 2308 956 2357 commemorant
991 2296 1247 2352 Seliinem
1287 2301 1641 2357 metuentem,
1675 2306 1742 2344 ne
1782 2305 1841 2344 se
1877 2289 2020 2344 bello
2052 2288 2106 2341 in

511 2393 781 2448 'Anatolia
822 2400 1019 2444 contra
1073 2388 1293 2453 fratres,
1348 2387 1670 2440 Aclnuetcm
1705 2391 1757 2435 et
1791 2382 2106 2442 Carentem,

507 2495 817 2554 occupato,
880 2495 1077 2536 rursus
1122 2478 1410 2548 imperium
1447 2477 1549 2531 sibi
1584 2474 1888 2529 vindicaret
1918 2482 2104 2544 pater;

507 2577 847 2647 corrupisse
902 2571 1177 2627 medicum
1235 2569 1409 2640 patris
1446 2565 1780 2630 Ustarabim,
1820 2565 2107 2635 promissis

530 2671 580 2724 ei
611 2669 860 2738 singulos
913 2664 967 2718 iu
1018 2663 1134 2718 dies
1184 2661 1416 2715 annonis
1469 2672 1754 2728 asprorum
1807 2656 1974 2720 mille,
2014 2655 2107 2726 qui

529 2748 740 2816 rediqu
786 2769 936 2812 esset
977 2769 1195 2809 annuus
1244 2751 1386 2809 9900
1434 2751 1773 2806 thalerorum
1834 2749 2014 2819 aspris
2039 2746 2109 2802 40

533 2868 629 2922 pro
699 2864 807 2905 uno
866 2848 1078 2902 thalero
1155 2844 1508 2915 computatis.
1565 2844 1756 2913 Itaque
1834 2841 2110 2910 recepisse

531 2943 832 3007 medicum,
867 2955 928 2995 se
971 2937 1200 3007 Bajaziti
1253 2952 1521 2990 venenum
1557 2936 1856 3006 pharmaco
1888 2933 2109 2989 mistum

528 3020 970 3106 prepinaturum.
1012 3032 1089 3084 Ac
1115 3029 1391 3084 tradidere
1425 3028 1674 3098 quidam,
1707 3041 1978 3082 venenum
2009 3027 2110 3079 hoc

508 3128 707 3186 fuisse
741 3122 1136 3181 comminutum
1198 3119 1443 3192 pulveris
1492 3122 1668 3174 instar
1735 3119 2104 3172 adamantem.

511 3218 842 3274 'Ustarabim
894 3215 950 3270 in
1007 3212 1208 3284 oppido
1259 3211 1499 3265 Tzurulo
1546 3209 1769 3280 Bajaziti
1822 3221 2103 3264 auctorem
2137 3196 2180 3254 ο

512 3311 706 3365 fuisse
740 3306 991 3361 sumendi
1033 3303 1336 3374 pharmaci,
1371 3318 1480 3372 quo
1513 3302 1774 3357 mirificus
1797 3301 1912 3355 seni
1953 3301 2104 3371 vigor

533 3401 702 3456 totius
733 3399 981 3468 corporis
1013 3406 1068 3451 et
1099 3395 1267 3450 animi
1301 3396 1580 3450 rediturus
1610 3406 1780 3449 esset.
1813 3394 2105 3448 Annuente

507 3494 792 3562 -Bajazite,
828 3491 1096 3545 medicum
1130 3488 1301 3542 altero
1335 3502 1492 3542 mane
1526 3486 1862 3541 sultaninum
1903 3488 1970 3539 ad
2007 3502 2105 3539 cu-

530 3587 772 3643 biculum
817 3584 1071 3648 venisse;
1113 3595 1353 3650 cumque
1401 3579 1766 3634 dormientem
1799 3579 1978 3631 adhuc
2024 3593 2105 3630 re-

535 3684 790 3750 pet-isset,
841 3674 1350 3746 exspectabundum
1392 3673 1592 3728 ibidem
1644 3673 1891 3736 haesisse,
1933 3670 2106 3724 donec

531 3773 831 3842 evigilaret.
888 3769 1092 3838 Elapso
1156 3767 1420 3836 temporis
1471 3766 1659 3835 aliquo
1712 3767 1912 3835 spatio,
1980 3778 2102 3836 cum

530 3877 636 3916 non
693 3859 1199 3929 expergisceretur,
1257 3856 1486 3911 excitari
1548 3855 1820 3922 jussisse,
1882 3854 2106 3921 jamque

529 3959 907 4022 experrectum
947 3950 1340 4015 interrogasse,
1399 3947 1768 4015 pharmacone
1817 3947 1891 3998 uti
1923 3948 2104 3999 vellet.

498 4049 628 4102 ἠιιιιο
683 4046 1037 4108 assentiente,
1093 4040 1405 4096 Ustarabim
1455 4040 1890 4109 antipharmacis
1936 4039 2105 4092 multo

533 4151 661 4192 ante
690 4138 982 4197 munitum,
1015 4142 1394 4202 praegustatazn
1429 4132 1496 4186 ab
1543 4147 1603 4186 se
1651 4132 1975 4186 medicinam
2006 4129 2108 4182 Ba-

506 4229 680 4298 ,jaziti
743 4226 1040 4297 pnebuisse
1092 4225 1486 4290 hauriendam;
1541 4224 1702 4278 simul
1757 4223 2106 4278 cubiculariis

533 4321 844 4386 mandasse,
878 4335 944 4373 ne
973 4318 1103 4388 quid
1138 4318 1188 4372 ei
1221 4324 1381 4387 potus
1417 4316 1904 4371 subministrarem
1929 4317 2103 4386 prius,

502 4429 694 4484 .quam
743 4413 882 4467 bene
933 4420 1193 4480 cooperto
1243 4423 1476 4480 corpore
1520 4407 1791 4462 sudasset.
1826 4405 1956 4464 inde
1991 4425 2106 4464 me-

2208 595 2328 635 nius
2355 581 2534 650 capite
2569 580 2686 634 165.
2721 578 3023 646 Μυειερὶιτυ
3051 577 3224 631 hassae
3256 578 3558 630 mentionem
3581 583 3720 646 paulo

2204 682 2331 728 ante
2363 673 2591 727 fecimus
2621 673 2796 740 capite
2839 670 2963 726 198.
2997 667 3124 723 Fuit
3163 668 3473 723 interfectus
3510 683 3722 738 propter-

2213 780 2298 826 ea,
2355 765 2500 833 quod
2539 764 2819 818 Achmetls
2855 777 2978 816 eum
3015 761 3171 824 filios,
3220 760 3474 814 Muratem
3503 774 3547 813 et
3575 764 3726 817 Alaui-

2208 870 2352 918 neui,
2385 855 2450 907 de
2481 853 2806 906 imminente
2844 851 2947 906 sibi
2981 865 3011 904 a
3041 863 3237 920 patruo
3275 850 3468 905 Seliuie
3496 853 3719 918 periculo,

2209 946 2486 1000 monuisse
2509 960 2606 1014 per
2644 946 2852 1000 celeres
2878 944 3248 999 internuntios
3269 955 3586 1012 compertum
3615 945 3718 998 fuis-

2209 1047 2310 1093 set.
2349 1037 2575 1094 Meritas
2608 1039 2710 1093 luit
2751 1053 2962 1108 pinnas,
3003 1037 3074 1092 ob
3101 1036 3381 1107 perfidiam
3429 1050 3548 1104 erga
3586 1035 3709 1088 sulta—

2209 1147 2338 1185 num
2374 1129 2694 1201 Bajazitem,
2732 1131 2924 1186 herum
2960 1145 3143 1194 suum,
3175 1138 3364 1184 contra
3400 1144 3550 1197 quem
3574 1127 3708 1181 Solimi

2211 1224 2324 1278 filio
2353 1225 2658 1280 studuerat.
2703 1223 2957 1279 Fratrum
2995 1221 3111 1287 ﬁlii,
3155 1236 3297 1291 quos
3350 1218 3720 1273 Selimesstrau-

2210 1317 2382 1386 gulari
2413 1316 2651 1386 jussisse
2683 1317 2943 1378 traditur,
2977 1329 3132 1369 more
3181 1311 3492 1369 Osmanidis
3533 1319 3723 1376 recepto,

2210 1409 2302 1478 qui
2333 1407 2488 1463 nefas
2521 1423 2643 1463 esse
2672 1416 2886 1476 putant,
2920 1406 3345 1461 Osmanidarum
3379 1400 3623 1470 sanguine
3647 1408 3727 1451 ter-

2209 1515 2325 1554 ram
2362 1499 2672 1568 conspergi,
2700 1513 2932 1552 numero
2961 1497 3112 1550 fuere
3142 1496 3428 1565 quinque:
3469 1489 3732 1543 Muchemc-

2209 1599 2294 1645 tes
2317 1599 2370 1644 et
2396 1589 2682 1653 Aladines,
2713 1587 2939 1644 Simois
2955 1587 3138 1643 scachi
3162 1587 3255 1640 filii
3278 1605 3292 1653 ;
3313 1599 3432 1639 eum
3459 1582 3619 1641 tribes
3638 1580 3734 1633 filiis

2212 1683 2413 1738 sultani
2447 1680 2829 1746 Muchemetis,
2865 1690 2926 1736 ut
2961 1690 3044 1736 est
3073 1680 3258 1735 videre
3290 1687 3472 1733 nostra
3507 1677 3555 1729 in
3583 1673 3739 1728 Osma-

2214 1777 2464 1832 nidarum
2492 1776 2832 1846 genealogis.
2872 1775 2947 1830 De
2976 1772 3238 1828 Teltiensi
3270 1769 3544 1843 provincia
3566 1767 3736 1820 dictum

2216 1870 2391 1940 capite
2421 1869 2511 1924 57.
2543 1867 2646 1934 Qui
2679 1865 2888 1936 primus
2917 1881 2946 1919 e
2971 1863 3303 1932 ianitoribus
3338 1859 3496 1929 regiis
3531 1868 3580 1911 et
3606 1855 3738 1909 Arent

2209 1961 2323 2032 Age
2367 1968 2595 2016 vocatur
2643 1959 2700 2013 in
2737 1957 3064 2023 Annalibus,
3113 1955 3324 2024 integre
3381 1949 3632 2019 dicendus
3676 1952 3742 1998 est

2208 2051 2480 2122 Capizilar
2519 2052 2684 2126 Azetu
2718 2053 2854 2121 Aga.
2887 2047 3116 2102 Nomina
3155 2047 3268 2118 jam
3301 2043 3584 2114 aliquoties
3606 2051 3742 2106 expo-

2210 2145 2312 2199 sita
2351 2151 2499 2208 sunt,
2529 2151 2585 2198 et
2619 2156 2723 2197 suo
2779 2142 2896 2196 loco
2929 2141 2998 2195 de
3033 2140 3381 2210 Capizilariis
3412 2150 3636 2206 agemus.
3667 2128 3740 2198 qui

2209 2235 2412 2290 Sultani
2445 2233 2758 2290 Osmanidm
2799 2232 3069 2303 janitores
3105 2242 3255 2287 sunt.
3311 2229 3404 2285 His
3433 2222 3650 2298 praefecti
3677 2233 3744 2274 so-

2211 2330 2322 2384 lent
2379 2343 2499 2384 esse
2549 2327 2634 2382 vel
2684 2333 2943 2398 quatuor,
2978 2324 3060 2380 vel
3111 2339 3229 2388 sex,
3287 2331 3445 2394 prout
3479 2318 3573 2388 ipsi
3601 2315 3742 2369 visum

2210 2424 2446 2478 sultano.
2501 2420 2778 2477 Vocantur
2815 2427 2996 2474 autem
3039 2417 3126 2474 vel
3173 2417 3449 2490 Capizilar
3497 2411 3655 2473 Bassi,
3681 2405 3745 2462 vei

2208 2513 2483 2585 Capizilar
2513 2513 2646 2582 Aga.
2686 2512 2761 2567 De
2809 2511 3080 2567 vocabulo
3145 2509 3315 2568 Bassa
3373 2507 3544 2578 capite
3586 2503 3662 2566 14,
3697 2500 3744 2554 de

2210 2621 2308 2676 aga
2344 2606 2444 2659 175
2485 2604 2749 2660 diximus.
2784 2605 2888 2670 Qui
2930 2605 3142 2674 primus
3197 2611 3252 2657 et
3308 2613 3588 2669 supremus
3635 2596 3743 2648 inter

2211 2698 2312 2752 hos
2345 2706 2451 2762 est,
2495 2697 2767 2766 Capizilar
2804 2697 2969 2752 Azein
3023 2697 3134 2767 Aga
3204 2697 3541 2752 nominatur.
3577 2684 3743 2743 Etenim

2210 2789 2374 2842 Azem
2406 2801 2718 2856 supremum
2757 2788 3048 2857 significat.
3086 2785 3408 2840 Notandum
3457 2780 3541 2836 hic
3562 2770 3747 2832 Casanis

2210 2873 2438 2933 Azemi!
2481 2877 2937 2948 Capizilariorum
2993 2881 3120 2946 Age:
3159 2893 3398 2934 nomen.
3431 2875 3626 2940 Quippe
3647 2866 3756 2922 Geu-

2215 2971 2377 3026 frarus
2417 2971 2512 3034 ait,
2548 2970 2837 3025 Corcutem
2880 2969 3137 3025 incidisse
3189 2971 3243 3024 in
3276 2983 3482 3024 manus
3518 2955 3756 3024 Bestanliis

2212 3063 2407 3129 hassae,
2435 3065 2526 3135 qtti
2561 3064 2777 3118 Selimis
2815 3079 2977 3134 gener
3005 3062 3191 3118 fuerit.
3225 3063 3298 3118 Os
3321 3063 3584 3119 tendimus
3613 3062 3756 3104 ειῑιιωη

2215 3173 2400 3226 supra,
2448 3158 2626 3228 capite
2681 3157 2802 3224 198,
2842 3155 3151 3227 Bostangim
3206 3156 3302 3210 bas
3324 3171 3464 3219 sam,
3498 3142 3758 3205 Selimisfi-

2217 3251 2302 3306 lia:
2355 3253 2572 3321 nuptias
2633 3261 2994 3317 consecutum
3065 3252 3117 3303 in
3181 3251 3480 3319 prae-nium
3537 3237 3759 3314 perfiditr,

2214 3359 2514 3414 cognomen
2553 3342 2811 3397 habuisse
2867 3340 3256 3412 Ducaginoglis
3325 3357 3389 3396 ex
3437 3349 3594 3394 causa
3631 3328 3760 3401 paulo

2214 3444 2335 3507 post
2362 3434 2654 3505 aperienda
2685 3451 2700 3500 ;
2736 3447 2932 3488 nomen
2965 3449 3097 3488 vero
3117 3433 3407 3504 proprium
3439 3430 3593 3500 hujus
3617 3423 3759 3477 Dim;

2212 3527 2445 3597 giuoglis
2478 3535 2595 3582 erat
2629 3539 2736 3579 non
2791 3526 2988 3579 Casam
3054 3525 3137 3580 vel
3180 3524 3394 3590 Casan,
3428 3523 3519 3580 sed
3545 3520 3758 3574 Achmet.

2214 3617 2672 3687 quemadmodum
2708 3632 2772 3670 ex
2829 3615 2964 3683 ipsis
3012 3613 3322 3669 Annalibus
3351 3614 3599 3680 deinceps
3629 3615 3760 3673 δρινκ·

2213 3709 2374 3792 nebit.
2427 3707 2494 3764 Et
2551 3709 2777 3762 omnino
2806 3705 3098 3775 Capizalar
3155 3706 3270 3776 Aga
3335 3707 3581 3761 diversus
3638 3705 3760 3752 este

2214 3801 2469 3869 Bostaugi
2505 3801 2684 3855 bassa.
2731 3799 3081 3868 Quapropter
3121 3799 3175 3854 in
3211 3799 3297 3855 his
3336 3798 3614 3856 Geufrieus
3639 3801 3760 3846 erra-

2215 3891 2308 3943 vit.
2332 3889 2594 3958 Uppidum
2623 3888 2846 3958 Egrigos
2876 3889 3122 3944 Bellonio
3169 3887 3376 3960 Grigos
3409 3900 3512 3955 est,
3556 3885 3617 3941 ad
3643 3891 3764 3937 mare

2213 3983 2402 4046 situm,
2432 3997 2622 4036 versus
2660 3983 2844 4035 sinum
2897 3983 3231 4046 Aiassieum,
3281 3986 3383 4054 qui
3437 3981 3624 4054 priscis
3668 3977 3763 4030 cmi

2216 4072 2432 4126 Issieus.

2282 4181 2408 4238 205.
2447 4183 2653 4258 Seliim's
2690 4195 2938 4252 statura;
2983 4190 3169 4258 pretio
3211 4192 3385 4246 victus
3429 4199 3478 4244 et
3523 4187 3711 4244 occisus

2475 4254 2773 4322 Achmetes,
2801 4254 3014 4328 ejusque
3052 4261 3286 4329 ﬁliorum
3317 4262 3535 4317 exsilia.

2289 4345 2441 4413 Quod
2471 4347 2788 4416 pumilionis
2821 4351 3008 4404 Selimi
3049 4367 3248 4407 nomen
3294 4353 3578 4418 tribuitur,
3617 4347 3689 4404 sic
3711 4340 3767 4398 de

2215 4439 2478 4494 sententia
2514 4438 2854 4512 Spandugiui
2899 4455 2982 4497 est
3027 4445 3455 4515 accipiendum,
3504 4452 3563 4500 ut
3594 4436 3768 4496 intelli-

2139 4551 2184 4608 ο
2213 4547 2404 4602 gamus
2448 4548 2572 4588 eum
2623 4534 2690 4588 de
2754 4533 2967 4604 reliquo
3031 4551 3267 4606 corpore
3312 4539 3492 4595 fuisse
3535 4535 3766 4600 oblonga.

2211 4620 2302 4674 sed
2339 4621 2500 4677 tibias
2534 4621 2794 4679 habuisse
2847 4625 3056 4681 breves.
3113 4628 3299 4698 anue
3344 4630 3414 4684 de
3467 4641 3630 4683 causa
3664 4631 3770 4690 spe-

2210 4714 2462 4769 ctabilior
2496 4724 2616 4769 erat
2676 4718 2729 4771 in
2781 4733 2948 4787 equo,
2982 4735 3143 4787 quam
3185 4721 3229 4775 si
3276 4721 3448 4790 pedes
3491 4718 3766 4775 incederet.

2209 4800 2464 4872 Neapolis
2512 4803 2851 4862 Garamantis:
2897 4807 3097 4862 Turcis
3152 4825 3256 4866 sua
3310 4812 3499 4882 lingua
3561 4810 3770 4862 vocatur

2210 4894 2598 4950 Genischeher.
2640 4897 2704 4950 Et
2735 4899 3018 4952 annalium
3050 4900 3140 4954 hic
3187 4902 3429 4956 notanda
3464 4899 3625 4954 verba
3657 4895 3772 4949 sunt

2210 5002 2330 5055 quze
2361 4988 2557 5055 saepius
2591 4997 2862 5058 repetunt,
2892 4990 2992 5044 has
3027 5005 3116 5045 res
3150 4992 3205 5045 in
3243 4991 3574 5047 Caramania
3612 4985 3769 5040 fuisse

507 4508 716 4560 -dicum
751 4519 810 4559 se
839 4501 1368 4570 Constantinopolim
1395 4502 1462 4555 ad
1496 4500 1748 4555 Seliniem
1781 4501 2102 4566 contulisse,

461 4601 626 4669 ,τιμή
660 4601 913 4670 promissi
942 4595 1150 4667 praemii
1200 4596 1318 4650 loco
1371 4593 1602 4665 jusserit
1637 4595 1683 4648 ei
1720 4602 1885 4664 caput
1916 4610 2108 4664 ampu-

491 4691 668 4770 tari;
716 4690 860 4761 quod
911 4690 1140 4755 diceret,
1190 4686 1468 4742 hominem
1505 4685 1834 4741 sceleratum
1876 4700 1938 4740 ac
1991 4687 2111 4742 infi-

507 4785 662 4837 --..dum
690 4785 914 4838 sultano
965 4782 1132 4852 patri,
1178 4782 1368 4836 eadem
1418 4793 1647 4834 usurum
1713 4793 1841 4847 erga
1875 4793 1935 4832 se
1969 4795 2107 4850 quo-

498 4856 638 4953 gqiie
664 4875 908 4944 perfidia,
945 4874 1211 4944 siquidem
1245 4873 1352 4927 hoc
1380 4871 1459 4926 uti
1489 4870 1718 4936 faceret,
1740 4871 1808 4924 ab
1833 4869 1942 4925 alio
1973 4887 2110 4941 quo-

495 4943 680 5055 ;piant
714 4943 1070 5036 compellatus
1099 4972 1266 5022 esset.
1409 4957 1418 4962 ’

569 5079 695 5135 902.
732 5079 1020 5133 Cruentum
1056 5087 1103 5132 et
1134 5077 1474 5148 parricidiale
1511 5075 1728 5133 Selimis
1763 5077 2070 5146 imperium.
2125 5067 2138 5083 ”

609 5172 838 5226 Sublato
865 5172 932 5225 de
986 5171 1164 5225 medio
1192 5179 1362 5238 patre,
1395 5185 1718 5241 progressus
1753 5177 1838 5224 est
1877 5167 2108 5224 Selimes

538 5265 604 5318 ad
642 5264 935 5316 immanem
979 5262 1239 5316 saevitiam
1289 5261 1547 5332 fmdaque
1599 5259 1919 5332 parricidia,
1957 5260 2107 5314 solus

535 5367 595 5409 ut
625 5371 804 5408 rerum
839 5353 998 5424 potiri
1064 5363 1269 5423 posset.
1339 5352 1669 5424 Fraterejus
1739 5362 1870 5408 natu
1936 5352 2110 5422 major

534 5450 823 5503 Achmcles
849 5451 913 5504 ad
946 5449 1211 5504 Arabieos
1239 5447 1374 5502 fines
1407 5447 1718 5519 profugisse
1750 5446 1976 5510 dicitur,
2003 5447 2106 5498 hoc

535 5551 638 5599 est.
671 5541 722 5594 in
751 5540 1128 5596 (iaramaniam
1161 5538 1325 5610 5,82
1371 5553 1540 5609 regno
1582 5539 1788 5594 sultaui
1823 5537 2104 5599 Cairensis

534 5629 844 5685 finitimam.
882 5620 1092 5702 Quippe
1140 5646 1250 5685 non
1297 5631 1470 5686 multo
1507 5638 1628 5700 post
1663 5630 1936 5698 sequitur,
1979 5645 2101 5683 eum

534 5721 653 5775 suis
683 5719 897 5773 tandem
939 5737 970 5776 e
999 5721 1222 5776 latebris
1254 5736 1378 5775 cum
1411 5719 1586 5774 milite
1625 5717 1939 5774 Caramauo
1971 5733 2103 5772 con-

533 5819 622 5886 tra
650 5810 910 5866 Sclimem
947 5813 1236 5879 prodiisse.
1273 5813 1479 5868 Arabes
1517 5811 1679 5865 etiam
1723 5809 1904 5865 vocari
1935 5808 2100 5880 Egy-

2211 5089 2415 5148 gestas,
2449 5094 2560 5148 quo
2609 5095 2667 5134 se
2728 5083 3036 5138 contulerat
3072 5084 3394 5152 Achmetes,
3452 5093 3510 5138 ut
3569 5075 3772 5136 auxiliis

2211 5172 2406 5227 sultaui
2440 5171 2679 5243 [Egyptii
2719 5177 2837 5229 sive
2865 5175 3144 5234 Cairensis
3189 5194 3218 5232 e
3249 5179 3560 5248 propinquo
3590 5181 3769 5230 contra

2212 5262 2468 5320 Selimem
2521 5265 2599 5318 uti
2651 5275 2852 5336 posset.
2899 5267 3100 5324 Leonis
3137 5271 3354 5338 quidem
3396 5269 3623 5340 Augusti
3670 5261 3774 5317 No-

2211 5355 2350 5408 vella
2380 5355 2447 5409 de
2499 5356 2715 5411 throuis
2769 5355 3070 5426 Neapoleos
3121 5361 3373 5416 meminit
3438 5361 3771 5427 episcopatus

2210 5445 2502 5514 metropoli
2532 5443 2990 5517 Stauropolita-nae
3052 5450 3114 5504 in.
3165 5451 3323 5507 Caria
3380 5451 3608 5506 subditi.
3643 5447 3771 5499 Hinc

2210 5545 2453 5606 apparet.
2490 5553 2677 5592 errare
2703 5538 2942 5598 luvium.
2988 5543 3078 5611 qui
3150 5555 3450 5614 pugnatum
3487 5545 3563 5595 ait
3613 5550 3769 5608 prope

2209 5629 2438 5683 Prusam
2473 5630 2521 5682 iu
2568 5631 2905 5700 amplissima
2959 5637 3203 5704 planitie,
3235 5654 3358 5708 que
3405 5651 3558 5687 novae
3603 5641 3770 5690 terrae,

2210 5722 2435 5790 (Iliugua
2461 5721 2693 5793 .ltalica,
2756 5723 2839 5776 vel
2876 5741 3026 5780 novit.-
3071 5727 3309 5783 civitatis
3365 5726 3685 5794 appelletur.
3715 5717 3772 5770 Ει

2212 5815 2580 5885 proficiscitur
2611 5817 2719 5870 lucc
2754 5815 2870 5885 i-jus
2898 5819 3020 5873 inde
3052 5819 3438 5883 hellttcistutio,
3494 5832 3564 5886 qu
3591 5814 3636 5868 ~d
3677 5812 3776 5865 alia
