4018 6440
443 438 561 504 883.

441 648 636 706 Jovius
667 659 934 707 autumat.
965 651 1022 707 Id
1055 653 1277 724 quidem
1306 655 1409 712 hoc
1443 657 1566 713 loco
1599 661 1824 716 minime
1853 663 2024 718 silen-

443 743 524 798 tio
543 743 1009 813 praetereundum,
1029 745 1178 816 quod
1204 763 1233 801 a
1250 747 1387 802 Chol
1404 758 1626 820 propter
1641 767 1804 822 quam
1829 753 2020 808 urbem

445 843 744 905 pugnatum
782 834 952 890 fuisse
1005 834 1275 900 diximus.
1311 838 1380 894 80
1410 840 1738 897 milliariltus
1764 844 2022 900 Asiaticis

445 925 531 980 vel
569 924 829 980 Romanis
883 925 1198 983 Taurisium
1243 927 1430 986 distet.
1460 931 1782 987 Addendum
1819 941 1872 987 et
1895 934 2020 998 hoc,

445 1019 798 1072 commissum
830 1018 1001 1075 fuisse
1025 1021 1269 1089 praelium
1299 1023 1389 1077 die
1417 1023 1488 1078 26
1524 1026 1730 1081 mensis
1764 1025 2019 1094 Augusti,

445 1125 594 1165 anno
621 1111 940 1167 Christiano
972 1113 1131 1169 ιδιι.
1181 1113 1486 1170 Sultaniam
1539 1115 1781 1186 denique
1831 1116 2026 1173 Jovius

447 1203 588 1256 idem
607 1201 778 1258 fuisse
801 1212 958 1273 putat
976 1213 1317 1260 exstructam
1342 1221 1373 1261 e
1400 1207 1578 1260 ruinis
1592 1205 2018 1276 Tigranocertaz.

446 1287 566 1350 Fiet
586 1295 706 1362 ejus
729 1296 870 1350 infra
889 1312 1110 1368 quoque
1132 1300 1360 1364 mentio,
1383 1301 1436 1354 itt
1464 1301 1818 1370 expeditione
1847 1301 2022 1371 prima

450 1388 662 1444 sultani
698 1389 1025 1443 Suleimanis
1071 1391 1339 1446 adversus
1376 1389 1594 1448 Persas.
1633 1393 1706 1447 De
1738 1393 2026 1463 Carabago

445 1481 777 1550 explicatum
815 1497 940 1552 cap.
969 1483 1060 1542 63.
1087 1484 1155 1536 de
1208 1483 1428 1540 Amasis
1495 1489 1674 1554 capite
1705 1487 1759 1542 6.
1817 1487 2025 1542 Civitas

448 1573 611 1628 hodie
635 1574 780 1629 dicta
815 1574 1052 1631 Kemach
1077 1576 1130 1630 in
1164 1578 1425 1631 Armenia
1477 1579 1754 1646 quondam
1816 1586 2024 1633 metro-

449 1662 590 1742 polis
623 1672 742 1718 erat
771 1665 1043 1720 Armenia:
1072 1666 1402 1734 Camachus,
1436 1679 1499 1723 ut
1527 1683 1646 1724 eam
1687 1669 1888 1725 Leonis
1917 1672 2026 1725 Au-

449 1756 596 1826 gusti
628 1755 853 1811 Novella
903 1758 972 1814 de
1024 1759 1240 1813 thronis
1280 1761 1536 1830 appellat,
1563 1771 1616 1816 et
1652 1762 1955 1817 indicatum
1995 1777 2032 1819 a

451 1847 610 1902 nobis
637 1857 724 1906 est
757 1851 1011 1918 superius
1043 1867 1164 1922 cap.
1189 1853 1242 1907 ὃ.
1271 1854 1553 1908 Peucerns
1579 1863 1838 1924 corrupto
1864 1869 1998 1909 voca
2016 1885 2028 1896 -

449 1939 584 1996 bulo
617 1941 966 2000 Ciamassumz
995 1947 1316 2002 nominavit.
1335 1947 1673 2003 Sansovinus
1695 1965 1913 2021 quoque
1943 1948 2026 2004 la-

452 2043 668 2087 macant
713 2034 931 2101 vitiose,
968 2051 1068 2106 pro
1096 2037 1330 2093 Camaca
1362 2039 1444 2094 vel
1484 2040 1742 2109 Camaeo,
1779 2043 2028 2113 scripsit,

450 2138 698 2180 errorem
758 2125 1057 2184 Laoniceni
1089 2138 1318 2186 secutus
1339 2131 1678 2202 interpretis.

446 2237 578 2298 205.
615 2238 826 2296 Bellum
881 2241 1303 2323 Dulgadirenser;
1349 2264 1488 2323 mors
1535 2251 1683 2304 ducis
1735 2249 2030 2323 Ualagelvia

879 2334 887 2340 ·
1035 2317 1116 2371 vel
1140 2319 1438 2374 Aladeult’s.

524 2401 601 2459 De
646 2402 955 2476 Dulgadiris
988 2408 1290 2475 provincia:
1340 2409 1542 2465 finibus
1599 2411 1808 2466 dictum
1868 2427 2032 2483 supra

448 2495 637 2564 capite
667 2495 792 2551 £63.
853 2497 1032 2554 Duces
1087 2499 1238 2568 ejus,~
1271 2501 1389 2556 sive
1448 2504 1644 2570 reguli.
1703 2503 2032 2559 Turcomani

451 2596 634 2654 erant,
672 2603 791 2644 non
817 2589 1147 2646 Christiani:
1180 2593 1334 2663 regio
1385 2600 1504 2664 ipsa
1535 2604 1647 2650 tota
1717 2605 2032 2659 montuosa,

451 2678 639 2734 Tauro
668 2689 718 2734 et
741 2680 1039 2738 Antitauro
1083 2683 1312 2740 inclusa.
1359 2685 1647 2742 Drealerus
1711 2687 2036 2758 simpliciter

451 2769 851 2841 Cappadociam
889 2781 1068 2837 vocat,
1109 2775 1204 2830 sed
1241 2792 1347 2831 non
1399 2789 1566 2834 recte.
1600 2778 1748 2834 Bello
1811 2793 2034 2834 causam

450 2862 706 2932 praebuit,
726 2863 873 2935 quod
895 2865 1057 2936 hujus
1077 2869 1322 2940 regionis
1350 2870 1510 2926 ducis
1545 2871 1844 2928 Ustazelvis
1862 2871 2034 2936 filius,

460 2955 783 3022 ntdictum,
823 2958 970 3014 hosti
1005 2960 1239 3017 Selimis
1277 2971 1333 3018 et
1368 2961 1791 3019 Osmauidarum
1829 2963 2034 3019 lsntaili

454 3047 704 3119 Sophino
753 3051 1062 3120 militasset,
1123 3054 1387 3124 quodque
1437 3063 1615 3125 pater,
1674 3057 1859 3112 occiso
1915 3056 2037 3111 Cal-

453 3139 679 3198 deranis
733 3142 789 3198 in
837 3146 1050 3214 campis
1109 3145 1244 3211 filio,
1273 3147 1530 3204 Taurisio
1594 3148 2035 3216 proficiscentem

1671 451 2000 515 JOANNIS
2043 456 2511 519 LEUNCLAHI

441 557 578 614 teris
611 554 790 613 Teure
819 557 1092 616 scribetur
1113 560 1320 618 rectius
1351 579 1364 615 :
1397 563 1756 623 Hebraeorum
1789 569 2012 632 Susum,
2045 574 2087 630 Α
2120 571 2285 634 vitiis,
2342 573 2593 637 avaritia,

3563 461 3658 524 εει

2679 571 3002 637 ambitione,
3067 569 3327 641 perﬁdia-
3367 561 3533 629 ‘Fil'tu
3579 576 3671 634 Se-

2125 664 2237 718 limi
2311 675 2528 736 patrem
2591 665 2882 733 Bajazitetn
2973 662 3274 732 prodendo,
3375 667 3572 732 nuptias
3623 670 3676 722 tl-

2124 755 2217 810 lim-
2281 752 2456 822 ipsius
2505 755 2836 824 impetravit,
2893 763 2950 808 ut
3009 767 3138 810 ante
3197 753 3467 810 diximus.
3514 757 3668 813 Causa

2125 847 2321 904 mortis
2355 849 2445 904 hic
2499 849 2684 904 verius
2737 857 2826 903 est
2879 849 3159 915 exposita,
3218 861 3388 918 quam
3432 849 3504 902 ab
3541 850 3665 912 aliis,

2125 939 2215 1002 qui
2267 951 2520 995 necatum
2549 941 2738 995 volunt
2771 940 2843 995 ob
2867 935 3134 1008 expila‘tas
3167 939 3508 1008 provincias,
3555 942 3659 1008 qui-

2126 1034 2229 1087 bus
2260 1031 2765 1103 praefuissetthui
2799 1034 3099 1087 vezirazem
3125 1032 3310 1094 bassa,
3339 1047 3444 1101 quo
3468 1045 3654 1084 munere

2124 1124 2316 1178 dicunt
2344 1123 2570 1179 annales
2595 1123 2842 1179 functum
2887 1123 3055 1178 fuisse
3091 1123 3522 1192 Ducaginoglim,
3561 1136 3650 1174 cum

2125 1212 2490 1277 occideretur,
2537 1228 2645 1268 non
2703 1213 3041 1284 provinciam
3100 1215 3393 1281 quamdam
3460 1211 3659 1264 admini-

2126 1313 2282 1364 strat.
2334 1308 2430 1359 sed
2463 1306 2528 1360 ad
2566 1314 2778 1373 portatu
2808 1322 3063 1376 suprema
3088 1322 3214 1361 cum
3239 1314 3518 1377 potestate,
3543 1304 3663 1357 velut

2125 1397 2198 1451 ad-
2225 1399 2438 1452 clavum
2469 1399 2640 1453 totius
2671 1397 3094 1454 Osmanidarum
3127 1401 3341 1468 intperii
3377 1399 3539 1459 sedet,
3583 1411 3665 1448 nec

2128 1489 2239 1544 nisi
2305 1490 2650 1559 gravissimis
2703 1491 2770 1542 de
2823 1491 3006 1546 causis
3063 1492 3170 1546 alio
3225 1491 3360 1545 solet
3415 1488 3663 1556 ablegari:

2128 1581 2272 1650 quod
2305 1583 2356 1634 in
2399 1579 2604 1636 Sinaue
2627 1582 2802 1652 prius.
2846 1583 3104 1652 deinceps
3137 1584 3400 1638 accidisse
3447 1580 3668 1635 memini-

2131 1687 2254 1727 mus
2284 1672 2337 1726 in
2378 1671 2618 1728 Osmane
2673 1675 3011 1729 vezirazeme
3048 1686 3233 1729 contra
3283 1675 3475 1729 νοτ-επις
3504 1674 3668 1734 ηιῐςεο,

2129 1763 2288 1832 Cujus
2340 1765 2461 1819 loco
2509 1776 2639 1819 tunc
2692 1766 3162 1835 provezirazemcs
3203 1767 3268 1821 ad
3319 1777 3524 1832 portam
3563 1780 3673 1817 con-

2131 1855 2359 1910 stitutus
2383 1855 2484 1908 fuit
2515 1854 2730 1911 Mesites
2756 1857 2936 1916 bassa.
2963 1859 3135 1927 Spado
3166 1860 3403 1920 vetulus,
3431 1857 3675 1914 nuncsal-

2134 1945 2218 2001 vis
2273 1947 2509 2000 annonis
2575 1947 2710 2000 rude
2787 1949 3046 2004 donatus.
3097 1949 3485 2004 Oturaziacum
3537 1945 3674 2000 'l‘urci

2135 2037 2344 2091 dicunt.
2385 2035 2591 2091 Praeter
2621 2039 3053 2110 Ducaginoglim,
3088 2041 3345 2095 referunt
3377 2039 3589 2094 annales
3617 2036 3673 2088 ab

2135 2129 2332 2184 Selime
2362 2143 2614 2184 necatum
2671 2129 3050 2187 lschentlerem
3088 2133 3332 2192 bassam.
3385 2134 3472 2202 qui
3495 2141 3547 2185 et
3582 2130 3682 2196 ipse

2135 2235 2302 2288 gener
2333 2221 2505 2290 ipsius
2527 2228 2667 2284 erat,
2696 2231 2777 2285 _et
2824 2221 3152 2278 Tazisadctn
3229 2223 3683 2281 Cadilescherum,

2133 2322 2189 2368 et
2244 2312 2548 2384 Seguanem
2582 2315 2798 2370 bassam
2823 2314 3004 2384 (ofﬁcii
3027 2316 3358 2370 vocabulum
3388 2326 3490 2378 est,
3533 2310 3690 2378 expli-

2135 2417 2315 2461 catum
2340 2423 2464 2477 cap.
2502 2408 2648 2477 I90),
2674 2409 2767 2478 qui
2809 2424 3006 2466 nomen
3034 2409 3295 2466 habuerit
3328 2411 3421 2464 Bal
3485 2407 3682 2465 Gentes.

2137 2499 2192 2555 ld
2226 2499 2508 2554 hominem
2536 2501 2811 2569 signiﬁcat
2843 2503 3002 2558 melle
3047 2517 3155 2557 non
3208 2511 3542 2559 vescentem.
3577 2495 3690 2552 [late

2135 2591 2203 2648 de
2233 2607 2522 2660 procerum
2544 2592 2763 2648 Selimis
2781 2595 3018 2650 ctedibus
3038 2595 3145 2652 hoc
3178 2603 3400 2651 tantum
3440 2595 3562 2648 loco
3589 2603 3690 2645 mc-

2137 2695 2446 2738 morantnr.
2473 2684 2754 2741 Addamus
2807 2694 2862 2742 et
2893 2687 3052 2755 alias,
3087 2687 3212 2743 aliis
3265 2686 3606 2759 temporibus
3641 2695 3695 2735 ac

2139 2777 2274 2832 locis
2295 2787 2656 2846 perpetralas.
2692 2778 2991 2849 Mustaphae
3021 2795 3208 2835 necem
3237 2779 3586 2850 prodidimus
3610 2789 3694 2827 suo

2139 2881 2257 2936 pra,
2296 2882 2395 2937 cap
2418 2867 2546 2921 209..
2611 2866 2972 2924 Chendcnum
3034 2871 3254 2925 bassam
3296 2869 3494 2925 Jovius
3543 2865 3696 2920 truci-

2139 2958 2324 3013 datum
2361 2959 2529 3013 rcfert
2556 2967 2700 3028 ante,
2737 2976 2902 3032 quam
2935 2971 3130 3019 contra
3165 2963 3482 3032 Sopbinnm
3519 2957 3694 3014 lstnai-

2140 3057 2246 3111 lent
2313 3058 2364 3111 in
2403 3057 2640 3114 Persiam
2675 3059 3097 3130 progrederetur
3134 3079 3147 3115 :
3198 3061 3347 3130 quod
3409 3061 3490 3114 vir
3520 3066 3694 3125 magno

2141 3163 2323 3203 rerum
2359 3164 2458 3203 usu
2493 3149 2776 3219 prmditns,
2823 3151 2925 3205 iter
2959 3150 3065 3206 hoc
3112 3150 3380 3221 gravibus
3422 3151 3486 3204 de
3531 3140 3696 3199 causis

457 3246 649 3288 versus
673 3233 950 3290 Autasiam
979 3236 1197 3292 Selimis
1217 3240 1542 3304 exercitum,
1562 3239 1616 3296 in
1636 3241 1853 3297 clisuris
1878 3257 2036 3297 mon-
2061 3248 2105 3307 α
2138 3239 2186 3294 ei
2219 3239 2590 3295 dissuasisset.
2614 3241 2943 3296 Chuseiuem
2990 3243 3231 3304 bassam,
3265 3243 3503 3296 vezirem
3524 3247 3690 3294 suum.

456 3324 623 3390 tium,
641 3332 695 3380 et
721 3325 996 3396 impeditis
1023 3329 1392 3401 itmerquue
1412 3333 1704 3401 angustiis,
1724 3333 2038 3388 ﬂuminum.

458 3433 568 3490 que
583 3418 1086 3488 transjectionibus,
1103 3421 1401 3478 aﬂlixisset.
1421 3424 1640 3478 Sinanis
1658 3427 1832 3481 hassae
1849 3428 2040 3483 memi-

459 3510 645 3566 nimus
663 3526 830 3582 supra
853 3511 1033 3583 capite
1087 3514 1208 3568 177.
1234 3513 1543 3572 Ustazelvis
1566 3533 1593 3570 a
1626 3516 1833 3574 Sinane
1867 3521 2034 3591 capti,

459 3601 694 3672 ejusque
723 3603 884 3671 jussu
920 3605 1096 3659 necati
1122 3617 1306 3672 caput,
1345 3621 1373 3658 a
1422 3604 1622 3661 Selime
1675 3605 1841 3679 484
1868 3607 2042 3666 Vene-

459 3697 587 3760 tias,
619 3711 718 3767 pro
749 3695 1054 3753 Turcorum
1073 3713 1244 3766 more,
1277 3699 1506 3756 missum
1542 3698 1662 3754 fuit.
1693 3700 2036 3759 Substitutus

459 3790 570 3846 huc
604 3791 722 3848 Alis
751 3791 948 3864 begtts,
975 3791 1119 3846 infra
1179 3793 1494 3848 nominatus
1519 3793 1703 3848 scachi
1748 3792 2042 3850 Suareusis

459 3880 628 3948 filius,
661 3881 819 3936 initio
876 3881 1027 3953 regni
1091 3881 1438 3947 Soleimanis,
1505 3883 1572 3938 ad
1623 3899 1826 3937 annum
1881 3883 2041 3939 Chri-

460 3975 700 4031 stianum
759 3975 918 4039 1522,
983 3975 1074 4031 ubi
1169 3975 1322 4040 plura
1381 3976 1451 4030 de
1527 3973 1628 4030 hoc
1678 3991 2043 4047 exponemus,

460 4068 644 4135 capite
688 4064 816 4121 219.

462 4180 592 4236 206.
633 4180 860 4236 Selimis
902 4183 957 4235 in
997 4181 1181 4236 bassas
1225 4199 1348 4236 suos
1381 4183 1624 4243 seruilia;
1672 4179 2042 4250 Ducaginogli,

2140 3331 2302 3386 simili
2332 3331 2400 3386 de
2429 3347 2594 3385 causa
2651 3331 2913 3402 deinceps
2962 3333 3130 3402 jussit
3186 3334 3453 3399 interfici,
3503 3322 3691 3400 quodsi

2143 3439 2237 3495 per
2252 3424 2577 3480 solitudines
2598 3425 2808 3479 Arabia:
2829 3425 3050 3479 Cairum
3089 3427 3327 3495 petituro
3351 3441 3481 3481 eum
3515 3417 3694 3489 copiis.

2143 3527 2339 3574 auctor
2370 3529 2535 3584 esset,
2573 3533 2641 3572 ne
2685 3527 2891 3573 temere
2918 3526 3069 3573 tanto
3117 3534 3240 3574 cum
3301 3516 3547 3574 exercitu
3602 3521 3695 3564 tam

2143 3608 2511 3681 periculosum
2572 3609 2674 3662 iter
2726 3607 3127 3676 ingrederetur,
3196 3617 3256 3661 ιιι
3311 3609 3366 3662 ἰιι
3429 3602 3697 3663 annalibus

2143 3703 2450 3773 expositum
2479 3701 2730 3772 legimus.
2757 3698 2995 3770 Egypto
3020 3700 3250 3770 potitus,
3285 3699 3554 3756 Jonuzent
3591 3695 3698 3748 bas-

2145 3811 2260 3852 sam
2296 3793 2511 3862 tlannm
2539 3793 2678 3846 male
2697 3790 2984 3848 Geufraens
3019 3801 3072 3847 et
3103 3792 3194 3847 alii
3226 3793 3472 3863 vocant),
3501 3807 3528 3846 a
3559 3783 3701 3842 01ιοὶ-

2147 3902 2204 3940 re
2229 3886 2365 3953 bego
2391 3901 2488 3954 per
2528 3884 2860 3938 calumniam
2887 3884 3152 3948 delatum,
3201 3899 3298 3939 seu
3343 3883 3529 3939 furore
3579 3891 3704 3946 quo-

2143 3979 2268 4034 dam
2291 3977 2578 4047 itnpulsus,
2602 3993 2632 4031 e
2659 3977 2836 4031 medio
2853 3976 3099 4036 sustulit.
3119 3986 3176 4030 ut
3194 3987 3277 4032 est
3309 3977 3361 4030 in
3410 3973 3683 4032 annalibus

2146 4075 2481 4143 Colligamus
2516 4072 2780 4127 immanis
2805 4071 2917 4137 jam
2946 4071 3143 4125 bellua:
3167 4071 3413 4126 diritatis
3460 4062 3705 4124 inauditae

2156 4168 2425 4222 facinora.
2449 4165 2690 4220 Primum
2715 4171 2838 4217 octo
2866 4163 3180 4232 parricidia,
3203 4178 3434 4233 prorsus
3453 4157 3704 4216 enormia,

539 4251 1031 4327 D__ucagi_ni_reguli;
1085 4252 1364 4324 catalogus
1406 4247 1837 4323 parricitlt'orum
1863 4261 1911 4304 ct
1944 4247 2048 4304 Ew-
2149 4257 2348 4327 quibus
2365 4265 2576 4326 patrem
2607 4255 3092 4324 venenoperemit;
3117 4253 3366 4310 Achmeti
3391 4247 3708 4315 Corcutiqtte

535 4321 684 4376 dium
716 4321 952 4377 Selimis.

539 4437 648 4491 Piri
692 4437 853 4493 hassa
891 4436 1090 4493 Turcis
1126 4449 1212 4495 est
1267 4439 1338 4506 is,
1389 4453 1582 4508 quem-
1627 4439 1858 4494 historia
1918 4438 2047 4494 belli

465 4528 666 4584 Rhodii
707 4527 976 4602 Pyrrhum
1006 4529 1198 4587 Grarco
1239 4530 1460 4585 nomine
1490 4537 1671 4593 vocat,
1707 4540 1765 4584 ut
1821 4531 2041 4599 Ajacem

2150 4348 2412 4404 fratribus
2434 4349 2467 4400 2
2488 4357 2542 4402 et
2573 4347 2606 4402 5
2633 4345 2863 4401 fratrum
2893 4346 3026 4401 filiis
3059 4348 3256 4414 laqueo
3286 4347 3477 4400 fauces
3529 4339 3708 4396 elisit:

2146 4455 2438 4514 procerum
2467 4439 2665 4495 deinde
2723 4439 3087 4493 maximorum
3119 4437 3296 4493 ca‘des
3328 4438 3577 4495 totidem,
3608 4429 3709 4484 Mu-

2150 4535 2364 4605 stapha:
2395 4534 2575 4588 bassm
2621 4530 2980 4586 vezirazemis
3006 4529 3288 4586 Cheudeui
3322 4531 3516 4591 bassaz,
3545 4526 3708 4579 Duca-

469 4619 659 4676 Jovius
684 4621 871 4676 itidem
903 4622 1269 4692 appellatione
1302 4621 1486 4677 Grmca
1528 4623 1689 4682 dixit.
1722 4621 1812 4692 qui
1847 4623 2047 4680 Turcis
2075 4596 2129 4660 θ
2151 4627 2388 4698 ginoglis
2425 4624 2785 4681 vezirazemis
2835 4621 3012 4678 bassaa
3034 4623 3217 4692 generi
3253 4611 3710 4686 sui,lschenderis

466 4722 552 4768 est
612 4714 799 4783 Aigas.
857 4715 1122 4786 Ducagini
1173 4715 1316 4771 filius
1373 4715 1569 4770 Turcis
1625 4727 1708 4771 est

467 4807 632 4862 bassa
661 4808 1042 4877 Ducaginogli,
1076 4809 1235 4875 cuius
1265 4811 1442 4866 ohfter
1495 4809 1635 4864 faeta
1691 4810 1921 4874 mentio,
1957 4825 2046 4864 ca-

466 4899 578 4968 pite
609 4898 728 4954 l98.
762 4898 933 4954 Natus
959 4898 1064 4954 fttit
1095 4899 1371 4972 Ducagina
1403 4900 1631 4966 familia,
1665 4914 1828 4970 quam
1855 4899 2046 4955 Jovius

467 4990 545 5044 ait
596 4990 866 5044 illustrem
925 4990 1096 5048 fuisse
1171 4992 1225 5047 in
1290 4992 1513 5064 regione
1559 4991 1863 5062 Naupactia
1929 4990 2044 5044 sive

469 5083 804 5152 Lepantiua.
833 5083 977 5138 sicut
1007 5083 1121 5151 jam
1155 5086 1380 5140 dicitur.
1411 5083 1526 5155 Ego
1549 5100 1678 5140 vero
1698 5084 1842 5139 hanc
1869 5083 2044 5138 fuisse

466 5174 742 5228 celebrem
769 5173 992 5230 invenio
1031 5176 1173 5246 apud
1237 5174 1491 5246 Epirotas
1544 5176 1628 5231 vel
1676 5176 2042 5240 Albanenses,

467 5266 524 5322 in
559 5281 794 5337 quorum
827 5267 1056 5336 regione
1098 5268 1370 5323 Barletius
1432 5268 1694 5338 Ducagini
1770 5268 2044 5332 meminit,

471 5357 574 5412 loci
615 5360 697 5413 vel
732 5359 918 5429 oppidi
957 5359 1270 5430 cujusdam,
1302 5361 1404 5417 'cui
1433 5377 1560 5418 cum
1619 5363 1850 5433 imperio
1905 5376 2046 5432 prae-

470 5451 691 5506 fuerunt
723 5454 874 5517 olim,
907 5461 960 5509 et
985 5468 1016 5507 a
1054 5468 1165 5525 quo
1194 5453 1414 5510 familia
1446 5469 1643 5511 nomen
1677 5455 1779 5509 hoc
1811 5453 2043 5509 inditum

470 5539 595 5596 fuit.
627 5542 866 5600 Annales
905 5543 1238 5600 Venetorum
1277 5543 1518 5609 tradunt,
1558 5559 1703 5598 anno
1731 5542 2045 5599 Christiano

472 5635 616 5690 HM
659 5635 889 5690 Paulum
945 5644 1002 5692 et
1052 5636 1280 5691 Leccam
1339 5633 1650 5707 Ducaginos
1680 5635 1896 5697 fratres,
1934 5631 2042 5687 Ta-

474 5729 642 5788 mttsii
702 5730 892 5796 illius,
946 5745 1072 5786 cum
1134 5730 1444 5788 ditionibus
1508 5731 1626 5786 suis
1683 5729 1736 5783 in
1790 5729 2041 5795 Albania,

473 5822 698 5882 Veneta:
755 5836 817 5877 se
883 5823 1198 5890 reipublicat
1273 5822 1392 5878 fidei
1449 5821 1784 5894 permisisse.
1854 5817 2044 5876 Jovius

472 5915 624 5972 hunc
663 5904 1076 5980 Ducaginoglim
1129 5912 1201 5964 ait
1266 5909 1523 5965 infamem
1584 5911 1752 5964 fuisse
1797 5911 2044 5982 pluribus

1817 4716 2048 4772 Achmet
2148 4717 2334 4773 itidem
2377 4719 2553 4773 bassaa
2584 4715 2792 4786 generi,
2819 4713 3110 4768 Tazisadis
3145 4712 3541 4773 Cadilcscheri,
3576 4703 3708 4760 Baiis

2146 4809 2334 4865 Gemis
2367 4807 2636 4878 Seguanis
2663 4807 2859 4870 hassae,
2881 4804 3175 4861 Chuseinis
3211 4806 3382 4860 ltassae
3411 4802 3628 4861 t'eziris,
3660 4799 3708 4848 el

2149 4901 2380 4958 Jonuzis
2416 4902 2639 4956 bassae:
2683 4915 2805 4969 quat
2861 4913 2994 4952 sane
3051 4898 3232 4951 omnia
3287 4911 3522 4966 quonam
3558 4885 3708 4945 modo

2149 4993 2362 5062 legatus
2419 4993 2679 5056 Venetus,
2712 4991 2967 5062 Aloysius
2999 4988 3328 5052 Mocenicus,
3387 5002 3560 5055 usque
3583 4980 3708 5036 adeo

2153 5086 2372 5142 elevare
2421 5084 2682 5154 potuerit,
2729 5091 2788 5137 ut
2817 5081 2952 5137 nihil
2985 5080 3159 5136 fuisse
3184 5080 3483 5136 barbarum
3529 5078 3578 5129 in
3613 5074 3709 5126 hnc

2150 5190 2381 5251 tyranno
2408 5178 2589 5232 dicere
2615 5177 2685 5232 sit
2707 5189 2894 5242 ausus,
2920 5173 3052 5229 mibi
3082 5171 3301 5243 quidem
3323 5171 3511 5228 mirari
3546 5164 3705 5222 subit.

2147 5290 2277 5346 207.
2321 5287 2532 5344 Selimis
2571 5285 2820 5357 adversus
2854 5281 3077 5357 {Egypti
3107 5279 3391 5357 _§yria’_que
3444 5275 3709 5357 saltanti?!

2219 5359 2483 5426 expeditio
2523 5372 2541 5411 :
2585 5345 3043 5426 Canaauifia'a'ri,
3097 5345 3404 5415 Mameluci,
3451 5345 3705 5403 Circam}

2221 5423 2327 5486 sine
2367 5423 2872 5499 Quinquemontani.

2223 5540 2526 5596 Simulasse
2550 5537 2757 5593 dicitur
2788 5535 3044 5600 Selimes,
3071 5534 3304 5590 alteram
3337 5533 3604 5586 adversus
3627 5519 3700 5575 ls-

2151 5633 2366 5688 mailent
2417 5627 2724 5699 Sophinum
2758 5624 3161 5696 expeditionem
3194 5638 3254 5678 se
3301 5624 3705 5685 suscepturum,

2149 5739 2275 5778 cum
2308 5735 2503 5792 reapse
2538 5719 2824 5774 sultanum
2857 5714 3173 5771 Caireusem
3201 5715 3497 5769 invasurus
3544 5705 3704 5801 esset.

2149 5817 2203 5870 id
2230 5827 2348 5871 astu
2383 5814 2534 5879 fecit,
2562 5827 2631 5868 ne
2661 5818 3023 5882 prapotentes
3067 5807 3204 5861 duos
3230 5808 3419 5860 host":
3461 5797 3620 5854 simul
3656 5797 3706 5842 in

2151 5926 2207 5964 se.
2231 5908 2536 5964 concitaret
2577 5921 2586 5954 :
2615 5902 2946 5976 quiquidcm
2983 5903 3123 5956 inter
3148 5915 3204 5955 se
3233 5891 3570 5955 reconciliati
3595 5886 3708 5940 fue-
