4018 6422
1502 465 1892 528 PANDECTE
1922 469 2124 532 HlST.
2162 470 2468 534 TURCIC.

3478 475 3603 540 880‘

336 583 488 641 rant,
544 575 932 633 animadverso
971 574 1190 634 Selimis
1247 575 1522 640 instituto.
1575 595 1685 635 non
1729 582 1910 638 minus
1938 593 1984 650 Α
2017 584 2290 652 plicando,
2326 600 2452 641 cum
2478 585 2642 641 modo
2672 601 2929 665 magnum
2962 587 3352 653 mariscallum,
3418 594 3583 644 modo

335 663 603 738 Egyptii,
621 681 784 735 quam
804 665 980 724 Persae
998 668 1277 723 interitum
1300 671 1621 739 quaerentis.
1643 671 1908 728 Praeterea

336 757 596 813 stimulos
625 757 858 812 addebat
884 758 1097 814 .Seiimi
1131 759 1295 814 Cheir
1336 760 1506 829 begus
1537 759 1724 832 Halepi
1767 764 1785 832 (
1814 764 1909 820 Jo-

333 849 463 902 vius
485 857 539 902 et
568 848 662 901 alii
702 847 1055 916 Cajarbeium
1081 866 1191 906 non
1242 859 1394 907 recte
1423 855 1668 922 vocant),
1693 855 1784 924 qui
1809 871 1912 910 suo

333 953 464 993 cum
495 939 720 994 sultano
748 940 1066 996 inimicitias
1113 957 1402 1006 exercens,
1441 943 1806 1000 deiecturum~
1845 947 1912 1002 ab

335 1043 406 1084 eo
429 1043 489 1084 se
510 1029 818 1095 nuntiabat,
849 1031 894 1086 si
925 1033 1149 1101 propius
1173 1033 1241 1086 ad
1284 1032 1548 1104 Halepum
1576 1051 1698 1091 cum
1757 1052 1914 1092 exer-

335 1121 452 1174 citu
477 1121 708 1176 Selimes
737 1125 1335 1180 accessisset.-Cansavi
1371 1125 1538 1182 Gauri
1596 1139 1915 1185 nomen-est

336 1213 543 1267 sultani
597 1211 880 1270 Cairensis
941 1214 996 1269 in
1053 1217 1347 1272 annalibus
1408 1218 1561 1274 hisce
1625 1219 1910 1286 Turcicis,

335 1303 434 1374 qui
485 1307 690 1360 nostris
737 1318 1000 1377 corrupta
1066 1324 1197 1364 voce
1269 1311 1584 1367 nominatur
1637 1311 1911 1382 Campson

335 1394 599 1453 Gaurius.
633 1396 790 1452 Hunc
824 1398 1058 1456 Selimes
1089 1401 1282 1470 pralio
1319 1403 1471 1469 vicit,
1502 1405 1556 1458 in
1603 1419 1712 1474 quo
1743 1405 1916 1460 sulta-

339 1503 447 1543 nus
539 1489 656 1558 ipse
712 1505 888 1546 casus
950 1495 1232 1548 occubuit.
1293 1493 1604 1550 Cairbeium
1657 1513 1912 1566 quoque,

339 1576 425 1631 vel
471 1576 726 1636 Cbeirem
779 1582 998 1652 begum,
1052 1586 1158 1640 hoc
1189 1586 1376 1656 pratlio
1429 1588 1724 1653 cecidisse,
1755 1588 1912 1644 Geu-

342 1666 507 1725 {rasus
561 1672 787 1729 tradidit
834 1689 849 1728 :
901 1676 987 1729 cui
1025 1685 1207 1732 tamen
1268 1677 1529 1748 deinceps
1554 1679 1789 1750 Egypto
1825 1696 1917 1736 ca-

339 1768 428 1828 pta
471 1759 729 1818 Selimem
783 1767 1205 1824 commendasse
1254 1768 1501 1836 Cairum,
1527 1771 1582 1826 in
1618 1772 1702 1828 bis
1747 1787 1917 1827 anna-

343 1852 484 1909 libus
511 1868 768 1924 expresse
793 1855 1011 1924 legitur.
1043 1860 1116 1915 Do:
1147 1859 1463 1918 Mamelucis
1480 1863 1696 1918 abunde
1726 1861 1915 1922 Jovius

2014 676 2330 744 prmiectum
2362 679 2448 732 vel
2478 679 2848 746 admiralium,
2875 681 3037 736 modo
3083 696 3340 752 magnum
3385 685 3584 738 stabuli

2014 769 2270 823 comitem
2309 770 2725 840 interpretatur,
2758 774 2851 843 qui
2875 772 3196 830 Graecorum
3223 776 3278 829 in
3306 777 3447 830 aulis
3472 794 3558 829 t‘l‘n
3573 792 3587 824 1.

2011 857 2038 908 6
2069 857 2242 925 μέγας
2276 862 2654 925 κονοσταῠλος.
2703 865 2759 919 Si
2811 863 2972 919 Petro
3004 865 3251 936 Martyri,
3281 878 3339 919 nt
3371 870 3588 918 omnium

2013 949 2164 1012 testi,
2222 951 2354 1006 lides
2420 952 2694 1018 habenda,
2747 956 2839 1024 qui
2907 956 3052 1012 hunc
3105 958 3390 1026 praefuisse
3448 960 3586 1011 ιιίε-ἱι.

2012 1041 2380 1098 exercitibus:
2416 1044 2576 1098 fuerit
2605 1048 2815 1102 scilicet
2845 1048 2894 1104 is
2943 1049 3086 1117 apud
3143 1049 3427 1119 Egyptios
3481 1049 3584 1104 U‘u

2014 1128 2309 1196 Duveidar,
2333 1133 2424 1200 qui
2458 1133 2718 1190 Serasker
2746 1153 2891 1193 nunc
2923 1143 3063 1207 apud
3126 1139 3337 1195 Turcos
3363 1151 3466 1204 est,
3498 1153 3590 1192 aut

2013 1220 2104 1288 (Ιυί
2135 1221 2308 1290 μέγας
2343 1225 2468 1292 δούξ
2493 1228 2633 1296 apud
2665 1227 2885 1284 Grazcos
2936 1231 3291 1300 imperatores
3349 1234 3477 1287 olim
3508 1233 3591 1285 di-

2014 1313 2256 1368 cebatur.
2287 1314 2422 1371 Nam
2463 1320 2639 1386 μέγας
2687 1323 3173 1393 στρατοπεδάρχης
3202 1339 3326 1378 esse
3353 1341 3459 1378 non
3493 1341 3590 1393 po-

2017 1413 2143 1470 test,
2173 1420 2337 1474 quem
2371 1421 2572 1477 praetor
2610 1411 2837 1466 Graeciae
2859 1419 3044 1468 noster
3093 1428 3214 1467 cum
3265 1415 3588 1482 beglerbego

2015 1508 2313 1564 comparat.
2359 1500 2488 1572 Ejus
2520 1503 2679 1558 verba
2707 1503 2962 1572 superius
3016 1506 3290 1576 exscripta
3313 1507 3586 1576 leguntur,

2015 1589 2195 1657 capite
2229 1591 2319 1645 66.

2014 1697 2142 1754 209.
2171 1697 2399 1774 Heliculi
2417 1703 2632 1766 Umera,
2669 1706 2954 1764 Zamberdi
2987 1709 3194 1773 Gasali,
3227 1711 3395 1774 Gaza,
3429 1707 3591 1764 Zosi-

2209 1788 2325 1825 mus
2361 1773 2609 1839 Gaurus,
2642 1775 2840 1842 Remis,
2875 1779 3067 1846 Roma,
3104 1773 3404 1835 Rammold.

2092 1859 2424 1919 Vocabulum
2445 1865 2659 1923 Melicul
2687 1868 2884 1925 Umera
2912 1886 3109 1927 nomen
3138 1871 3258 1937 ejus
3285 1872 3444 1925 oliicii
3478 1873 3592 1923 sive
3623 1898 3626 1902 -

347 1952 400 1998 et
424 1946 510 1999 alii
533 1948 830 2016 scripsere,
867 1966 990 2020 qua;
1018 1953 1214 2022 paucis
1251 1954 1522 2010 duuiani
1556 1958 1909 2028 attingamus,
1945 1942 1988 2000 Β
2016 1949 2300 2022 dignitatis
2329 1954 2555 2011 denotat
2580 1957 2810 2014 Arabica
2834 1961 3042 2030 lingua,
3075 1962 3350 2031 quondam
3386 1961 3589 2014 Mame-

345 2033 568 2104 Caepere
591 2040 695 2096 sub
739 2040 1022 2100 Friderico
1051 2043 1094 2098 l‘l
1124 2048 1394 2117 Augusto.
1447 2048 1675 2104 Duravit
1719 2066 1908 2106 eorum

339 2129 576 2186 societas
606 2134 688 2188 vel
721 2135 855 2190 ordo
893 2151 1018 2192 cum
1050 2139 1278 2208 imperio
1299 2140 1405 2195 300
1429 2143 1554 2211 plus
1596 2143 1780 2196 minus
1810 2158 1912 2198 an-

337 2221 448 2276 nis.
476 2222 680 2279 Nomen
727 2227 906 2296 ipsum
939 2229 1216 2298 signillcat
1264 2233 1518 2296 militem,
1559 2235 1653 2300 qui
1705 2236 1915 2304 stipen-

336 2312 427 2367 dia
469 2313 620 2370 facit.
652 2317 718 2372 Et
752 2319 1056 2376 militabant
1089 2323 1336 2388 sultano,
1383 2325 1774 2396 perpetuisqne
1801 2327 1917 2382 bel-

337 2405 411 2462 lis
439 2408 860 2475 exercebantur,
897 2415 1173 2482 equestris
1208 2416 1285 2470 rei
1343 2417 1647 2485 praesertim
1697 2417 1915 2484 peritis-

339 2499 490 2555 simi.
508 2499 773 2559 Moriente
802 2504 1028 2560 sultano
1057 2506 1373 2576 deligebant
1411 2509 1580 2563 alium
1621 2525 1652 2565 e
1687 2525 1916 2581 corpore

339 2590 460 2646 sive
504 2593 739 2661 collegio
773 2610 897 2662 suo,
927 2597 1118 2656 liberis
1139 2599 1445 2671 suﬂragiis.
1472 2600 1637 2673 5.85
1673 2600 1918 2657 Plerum-

341 2698 453 2753 que
479 2694 656 2743 tamen
697 2689 927 2744 emirum
961 2691 1252 2762 majorum.
1294 2693 1388 2763 qui
1419 2709 1651 2752 numero
1681 2703 1918 2765 quatuor

344 2787 528 2844 erant,
566 2781 900 2838 auctoritate
953 2783 1328 2855 dignitateque
1375 2786 1598 2841 sultano
1658 2787 1915 2857 proximi,

344 2869 489 2924 ratio
519 2870 706 2926 haberi
731 2873 962 2930 solebat.
998 2875 1217 2933 Electus
1247 2878 1445 2949 cuique
1474 2875 1776 2935 Mameluco
1795 2895 1921 2936 cen-

343 2966 466 3016 tum
501 2963 830 3031 seraphinos
866 2981 966 3038 pro
996 2967 1250 3024 felicibus
1285 2971 1550 3041 auspiciis
1580 2973 1792 3041 imperii
1825 2972 1922 3027 do-

343 3053 542 3113 nabat.
569 3054 775 3113 Omnes
801 3061 1116 3116 necessario
1142 3062 1222 3116 vel
1239 3061 1540 3118 Christiani
1558 3076 1736 3130 erant,
1757 3066 1839 3122 vel
1856 3081 1921 3120 ex

343 3144 682 3203 Christianis
721 3154 1043 3220 parentibus
1073 3155 1184 3207 nati
1219 3173 1232 3220 ;
1266 3171 1367 3210 nee
1405 3156 1464 3210 in
1489 3157 1739 3211 ordinem
1759 3171 1919 3212 suum

343 3238 432 3294 vel
451 3239 558 3294 Ara
568 3242 684 3303 bes,
697 3243 780 3297 vel
797 3243 1120 3310 Saracenos,
1139 3248 1255 3302 sive
1273 3247 1509 3314 Mauros,
1531 3249 1612 3305 vel
1625 3249 1918 3314 Hebraeos,

346 3330 433 3385 vel
465 3328 680 3389 Turcos
707 3335 1084 3392 admittebant.
1135 3338 1305 3410 Maior
1348 3356 1538 3396 eorum
1573 3355 1702 3412 pars
1726 3357 1756 3398 e
1795 3342 1924 3398 Cir-

351 3421 526 3477 cassis
552 3424 862 3483 constabat.
897 3425 950 3479 in
991 3427 1225 3496 pueritia
1252 3429 1451 3497 captis,
1485 3438 1579 3484 aut
1615 3431 1789 3499 pretio
1807 3432 1924 3488 dis-

358 3513 565 3568 tractis.
602 3513 731 3570 Eam
755 3517 824 3570 ob
843 3532 1065 3572 causam
1101 3515 1302 3574 Zercas
1323 3520 1436 3574 sive
1467 3520 1670 3577 Cercas
1705 3537 1926 3590 quoque

365 3616 617 3661 verantur
668 3624 697 3663 a
732 3607 952 3672 Turcis.
1006 3613 1076 3667 ob
1103 3612 1490 3668 Circassorum
1539 3614 1683 3670 inter
1715 3614 1926 3672 Mame-

360 3694 506 3751 lueos
568 3701 898 3766 prmeipuum
956 3717 1296 3757 numerum:
1350 3719 1472 3771 quae
1521 3703 1672 3758 natio
1722 3719 1921 3762 nomen

349 3786 992 3854 Quinquemontanorum
1035 3793 1221 3858 habet,
1289 3795 1459 3852 lberis
1498 3795 1615 3852 sive
1665 3795 1925 3868 Georgia-

344 3894 436 3934 118
466 3896 666 3937 νιοιηη.

377 3996 511 4054 208.
551 3997 1203 4077 Ton:man_bai,_s_ultanus
1245 4005 1463 4077 ultimus
1501 4003 1744 4077 Egypti,
1790 4003 1894 4060 Ulu

779 4071 1072 4140 Duveidar,
1110 4077 1243 4129 emit
1277 4075 1486 4142 Quibir.

416 4161 594 4228 Quem
627 4171 940 4220 nostrorum
971 4167 1217 4222 historiae
1246 4169 1671 4226 Tomunibeinm
1701 4179 1924 4234 vocant,

341 4250 551 4308 Turcis
568 4263 654 4310 est
681 4254 1062 4322 Tommanbai,
1091 4259 1312 4314 nomine
1343 4275 1452 4316 non
1508 4258 1720 4318 vitiato.
1767 4260 1928 4327 Quod“

340 4343 614 4411 cilicium,
652 4362 838 4414 quaeve
885 4347 1126 4418 dignitas
1152 4348 1317 4404 fuerit
1371 4350 1510 4418 eius,
1577 4353 1670 4420 qui
1727 4352 1927 4408 dicitur

341 4438 439 4490 hic
470 4435 573 4490 Ulu
611 4436 902 4506 Dnveidar,
931 4456 995 4495 ex
1025 4440 1147 4509 ipso
1199 4443 1480 4497 annalium
1522 4453 1779 4500 contextu
1843 4446 1927 4499 in-

338 4527 642 4592 telligitur.
685 4529 853 4583 initio
874 4533 1360 4588 commentationis
1399 4533 1588 4601 huius,
1609 4537 1787 4601 capite
1816 4542 1927 4590 ter-

2017 2041 2156 2098 lucis
2187 2045 2410 2110 usitata,
2443 2064 2566 2116 qua
2593 2052 2736 2119 apud
2775 2052 2984 2108 Turcos
3035 2059 3121 2108 est
3155 2054 3234 2109 vel
3277 2054 3586 2122 beglarbegi

2016 2134 2100 2186 vel
2157 2134 2264 2203 (uti
2311 2135 2472 2205 vulgo
2522 2141 2934 2210 pronuntiatur)
2983 2143 3314 2212 beglerbegi,
3367 2144 3470 2195 hoc
3506 2151 3619 2194 cst-

2015 2224 2218 2279 domini
2265 2227 2470 2282 domini
2493 2228 2864 2296 dominorum,
2909 2233 3002 2300 qui
3053 2233 3343 2302 sangiacns
3381 2233 3598 2287 scilicet.

2016 2317 2263 2388 aliosque
2289 2318 2456 2387 begos
2483 2322 2587 2375 sub
2618 2337 2678 2378 se
2705 2323 2888 2378 habet.
2925 2322 3060 2378 Vide
3093 2325 3360 2393 prolixius
3411 2326 3592 2393 expli-

2017 2415 2138 2460 cata
2165 2407 2355 2477 capite
2377 2409 2465 2465 id.
2499 2410 2787 2467 Zamherdi
2825 2412 3032 2477 Gasali,
3065 2414 3268 2470 nostris
3318 2423 3405 2470 est
3444 2415 3605 2469 lam--

2017 2498 2226 2555 burdus
2255 2499 2563 2559 Gazaelles.
2600 2503 2864 2576 Equidem
2887 2506 3152 2564 hactenus
3193 2523 3412 2578 Operam
3446 2509 3597 2570 dedi.-

2018 2601 2077 2646 ut
2111 2593 2335 2648 minime
2363 2604 2624 2667 corrupta
2681 2599 2926 2662 nomina,
2956 2591 2965 2601 ’
2995 2602 3294 2670 praesertim
3353 2601 3598 2672 propria,-

2020 2684 2253 2754 singulis
2283 2685 2338 2740 in
2368 2685 2572 2758 linguis
2603 2688 2846 2744 ederem.
2869 2688 3038 2755 Gaza,
3079 2692 3236 2760 cujus
3277 2693 3330 2746 in
3363 2693 3473 2747 -bis
3498 2707 3596 2744 an-

2019 2775 2233 2830 nalibus
2257 2777 2418 2847 paulo
2447 2790 2573 2835 ante
2605 2781 2809 2836 mentio
2862 2781 2940 2845 ﬁt,
2973 2791 3116 2837 nota
3144 2791 3229 2838 est
3292 2783 3592 2839 Palaestinae

2021 2867 2233 2933 civitas,
2263 2884 2385 2939 (tua:
2407 2871 2555 2926 viros
2585 2872 2830 2928 illustres
2871 2854 3080 2944 aliquot
3112 2865 3260 2929 dedit
3298 2893 3313 2929 :
3373 2885 3426 2930 et
3453 2876 3596 2930 inter

2022 2962 2160 3019 alios
2181 2962 2458 3019 Zosimum
2487 2964 2765 3031 Gnaeum,
2795 2976 3068 3022 oratorem
3119 2967 3488 3038 eloquentem,
3524 2971 3591 3024 li-

2023 3063 2111 3110 cet
2137 3071 2430 3127 paganum,
2457 3060 2551 3128 qui
2595 3067 2820 3116 necatus
2875 3061 2944 3116 ab
3003 3061 3329 3131 imperatore
3380 3062 3598 3117 Zenone
3656 3095 3662 3100 ι

2024 3150 2150 3216 fuit,
2189 3151 2410 3208 homine
2466 3152 2680 3209 crudeli
2741 3163 2796 3209 et
2849 3155 3147 3211 malitiose.
3195 3155 3243 3210 ls
3273 3165 3358 3210 est
3416 3156 3598 3211 editus

2025 3242 2235 3299 anobis
2297 3255 2492 3299 auctor
2540 3243 2786 3300 historias
2828 3245 3083 3303 Zosimus
3139 3261 3348 3310 comes,
3399 3248 3601 3316 ἀποφι-

2029 3338 2448 3408 σκοσυνήγορος,
2486 3338 2628 3405 quod
2661 3353 2862 3394 nomen
2897 3339 3050 3394 illum
3087 3339 3378 3408 signiﬁcat,
3405 3341 3495 3409 qui
3531 3341 3604 3394 ii-~

2027 3423 2106 3481 sci
2137 3425 2434 3494 aliquando
2491 3425 2596 3481 iuit
2622 3428 2946 3483 advocatus.
2989 3428 3127 3483 Eum
3155 3427 3390 3484 Karulus
3437 3428 3602 3499 Sigo-
3687 3453 3691 3458 -

2027 3518 2153 3574 nius
2209 3517 2271 3574 V.
2303 3517 2366 3574 C.
2430 3520 2668 3590 singulis
2730 3520 3056 3588 septimanis
3099 3521 3432 3588 pagellatim,
3473 3536 3612 3575 cum.
3649 3555 3655 3561 ς

2023 3609 2304 3676 ederetur,
2343 3627 2370 3666 a
2414 3627 2500 3666 me
2537 3627 2634 3682 per
2683 3612 3026 3676 veredarios,
3056 3627 3222 3682 opera
3277 3611 3600 3669 Petri-Pero

2026 3716 2109 3756 nte
2136 3701 2416 3757 Boloniam
2475 3702 2691 3758 Basilea
2739 3703 2998 3768 missum,
3061 3703 3308 3758 historiae
3354 3720 3470 3760 suae
3526 3705 3599 3760 de

2025 3791 2258 3863 imperio
2289 3792 2606 3849 Occidentis
2630 3793 2887 3860 inseruit,
2913 3794 3062 3848 nulla
3103 3795 3356 3849 beneficii
3387 3795 3490 3848 mei
3513 3787 3599 3848 vel

2026 3885 2191 3940 unico
2217 3885 2386 3940 verbo
2407 3885 2687 3941 mentione
2713 3885 2859 3940 facta
2883 3901 2896 3938 :
2941 3889 3029 3940 cui
3062 3895 3239 3940 tamen
3276 3901 3422 3940 anno
3451 3887 3592 3943 1581

2028 3993 2088 4032 se
2126 3976 2366 4032 Bolonie
2400 3977 2683 4044 invisenti,
2715 3993 2840 4032 cum
2873 3993 2936 4032 ex
2989 3977 3227 4032 Sabaudl
3276 3979 3434 4034 ducis
3475 3979 3600 4034 aula

2027 4068 2341 4133 discedens,
2373 4069 2441 4124 ad
2505 4068 2917 4126 Ferrariensem
2971 4085 3098 4126 cum
3159 4070 3337 4126 ducis.
3370 4073 3624 4142 Augusti.

2028 4159 2356 4230 Septemviri
2412 4159 2649 4218 Saxonis
2713 4163 2914 4233 legato,
2986 4164 3204 4219 Andrea
3253 4163 3442 4231 Paulo,
3487 4165 3604 4220 viro

2029 4254 2369 4324 amplissimo
2436 4266 2491 4310 et
2539 4255 2718 4310 amico
2799 4253 3438 4325 singulari,'.comitandi
3482 4255 3604 4324 ejus

2027 4361 2196 4401 causa
2228 4345 2904 4418 proﬁciscerer,magnas-
2943 4363 3077 4403 sane
3120 4349 3325 4417 gratias
3388 4349 3602 4417 agebat,

2029 4439 2264 4509 ingenue
2292 4437 2537 4502 fatendo,
2571 4438 2797 4493 minime
2820 4453 2880 4493 se
2925 4453 3084 4493 suum
3141 4438 3270 4492 illud
3324 4441 3608 4507 opusabs-

2029 4544 2138 4598 que
2169 4544 2288 4583 mea
2318 4530 2821 4585 communicatione
2856 4528 3083 4595 Zosimi,
3128 4543 3251 4583 cum
3310 4530 3470 4584 laude
3497 4547 3601 4600 pu-

337 4621 449 4682 tio,
489 4618 592 4674 Ulu
660 4621 976 4691 signiﬁcare
1035 4622 1348 4678 notavimus
1395 4626 1699 4681 excelsum.
1765 4625 1926 4680 Petro
1958 4635 2006 4693 [ι
2034 4620 2359 4673 blicaturum
2394 4619 2585 4675 fuisse.
2614 4619 2722 4676 Nec
2750 4619 3132 4676 dissimulabat
3161 4635 3242 4684 se,
3269 4634 3394 4674 cum
3424 4621 3478 4674 in
3514 4637 3603 4678 se-

334 4712 578 4782 Martyri
610 4711 1010 4769 Mediolanensi
1043 4715 1106 4768 in.
1132 4715 1810 4787 descriptionelcgationis
1826 4715 1926 4770 Ba-

331 4805 606 4877 byloniae,
647 4821 753 4860 non
782 4806 886 4862 Ulu
914 4806 1214 4865 Duveidar.
1254 4807 1359 4862 sed
1395 4809 1537 4862 emir
1582 4807 1805 4863 Cbemir
1833 4823 1930 4877 ap-

332 4896 608 4970 pellatur,
660 4897 810 4967 quod
844 4898 1124 4955 Arabibus
1186 4908 1272 4954 est
1301 4902 1438 4953 emir
1473 4901 1689 4967 Quibir,
1744 4901 1794 4954 id
1819 4912 1925 4966 est,

329 5005 582 5058 magnus
618 4990 779 5045 emir.
813 4988 888 5043 Ea
923 5006 1023 5045 vox
1048 5007 1077 5045 a
1110 4991 1266 5045 nobis
1289 4993 1468 5061 capite
1523 4993 1696 5060 primo
1764 4995 1928 5050 et'dc-

327 5084 493 5137 cimo
520 5088 721 5148 quarto
750 5082 1007 5150 superius
1041 5090 1126 5136 est
1157 5083 1455 5150 explicata.
1491 5081 1691 5153 Martyr
1715 5083 1927 5151 adjicit,

326 5173 486 5232 emir
516 5172 712 5239 Quibir
737 5189 866 5231 esse
914 5175 1292 5244 magistratum
1325 5176 1560 5246 primum
1593 5184 1720 5244 post
1747 5175 1928 5232 solda-

327 5280 506 5331 num,
564 5267 730 5336 idque
770 5275 1082 5338 propterea,
1131 5269 1276 5339 quod
1328 5270 1662 5324 exercitibus
1721 5269 1926 5339 praesit.

328 5359 494 5430 Ergo
529 5357 879 5414 Sansovinus
910 5368 965 5414 et
997 5361 1086 5415 alii
1114 5361 1400 5424 falluntur,
1439 5362 1531 5431 qui
1558 5361 1724 5431 hujus
1750 5363 1818 5414 in-
1845 5360 1927 5414 hi-

329 5455 538 5512 storia:
573 5453 979 5509 narrationibus
1005 5470 1069 5508 ex
1107 5453 1467 5509 Tommanbai
1519 5454 1622 5510 Ulu
1659 5453 1928 5510 Duveidac

327 5562 430 5612 re,
464 5546 551 5602 vel
580 5547 753 5602 emire
773 5545 1020 5613 Quibire,
1047 5546 1292 5603 fecerunt
1313 5547 1656 5602 admiralium
1684 5547 1927 5603 Alexan-

333 5635 505 5692 driae.
560 5634 853 5703 Reperitur
905 5638 1072 5690 etiam
1145 5636 1290 5706 apud
1347 5636 1662 5692 ﬂeuimum
1723 5637 1932 5692 Derdar

334 5725 568 5792 Quibir,
599 5734 659 5780 ut
673 5726 814 5794 apud
838 5725 1110 5782 Andream
1129 5725 1506 5784 Cambrinium
1529 5727 1930 5793 Florentium»,

336 5825 410 5872 et
457 5814 617 5879 alios,
648 5831 882 5886 magnus
915 5816 1227 5874 Diadartus.
1265 5817 1572 5889 Utrumque
1616 5820 1930 5876 mutilatum

343 5922 425 5963 ex
456 5907 784 5965 Duveidarc.
806 5906 917 5966 Nec
943 5908 1228 5970 chlraeus
1257 5913 1361 5970 sibi
1379 5921 1591 5971 constat
1627 5916 1684 5971 in
1705 5913 1806 5969 hoc
1838 5928 1932 5969 ex-

2031 4711 2282 4780 pulerum
2317 4727 2476 4766 suum
2509 4711 2612 4781 (sic
2661 4713 2805 4767 enim
2851 4712 3156 4782 appellabat
3184 4711 3599 4785 bibliothecam)

2031 4817 2117 4855 me
2147 4802 2465 4867 deduceret,
2496 4800 2725 4856 Romam
2746 4801 3054 4873 profectum
3117 4804 3349 4873 petiisse
3391 4806 3604 4874 copiam

2029 4895 2133 4949 sibi
2167 4895 2282 4950 lieri
2311 4897 2620 4966 perlegendi
2649 4895 2874 4961 Zosimi,
2906 4897 3001 4966 qui
3045 4913 3173 4955 esse
3232 4899 3510 4955 ferebatur
3550 4901 3606 4956 in

2031 4983 2295 5040 Vaticana
2328 5005 2342 5041 :
2371 5001 2475 5042 nec
2523 4996 2706 5042 tamen
2743 4988 2794 5042 id
2826 5003 2856 5041 a
2885 4986 3409 5058 Gregorio‘dccimo
3445 4994 3608 5048 tertio

2031 5077 2090 5132 P.
2123 5076 2219 5139 IL,
2251 5079 2374 5133 licet
2404 5079 2668 5134 adhibitis
2712 5080 3174 5138 intercessoribus
3221 5083 3608 5140 illustrissimis

2030 5184 2095 5223 ac
2123 5170 2290 5239 primi
2327 5170 2566 5226 nominis
2595 5181 2648 5225 et
2663 5171 2768 5226 loci
2802 5171 3200 5236 cardinalibus,
3243 5173 3512 5228 Farnesio
3552 5185 3606 5228 et

2029 5260 2273 5327 Estensi,
2297 5263 2465 5318 certis
2497 5261 2784 5318 de-causls
2823 5263 3120 5334 impetrare
3175 5266 3434 5333 potuisse.
3487 5267 3607 5330 Quo

2032 5354 2176 5425 plus,
2200 5369 2295 5410 ore
2321 5363 2452 5411 tunc
2486 5348 2708 5427 quidem
2735 5357 2995 5419 rotundo,
3063 5357 3197 5411 mihi
3270 5371 3329 5411 se
3408 5357 3608 5410 debere

2034 5450 2416 5519 proﬁtebatur.
2476 5449 2582 5506 Sed
2639 5451 2786 5505 enim
2814 5452 2881 5506 ad
2926 5451 3154 5506 annales
3187 5459 3246 5504 ut
3298 5451 3606 5514 redeamus,

2031 5542 2178 5612 quod
2203 5543 2294 5596 hic
2341 5549 2682 5596 memoratur
2727 5543 2937 5607 Remle,
2987 5542 3243 5611 oppidum
3283 5539 3606 5605 Palaestinae,

2033 5634 2218 5688 varias
2252 5633 2651 5703 appellationes
2682 5635 2866 5690 habet.
2903 5635 3038 5690 Nam
3083 5643 3137 5688 et
3197 5632 3406 5699 Retnle,
3466 5639 3610 5692 sicut

2036 5727 2144 5789 hic,
2169 5733 2222 5780 et
2253 5725 2500 5789 ﬂamma,
2535 5736 2588 5780 et
2615 5725 2805 5789 Bama,
2832 5735 2886 5780 et
2914 5725 3194 5780 Rammola
3254 5725 3479 5789 Mauris,
3512 5728 3608 5796 qui

2035 5817 2245 5874 Arabes
2276 5826 2438 5880 sunt,
2461 5833 2521 5870 ac
2548 5817 2800 5881 ﬁnitimis
2826 5819 3141 5870 nominatur
3171 5837 3182 5870 :
3236 5818 3382 5885 quod
3443 5833 3606 5872 voca-

2041 5909 2225 5965 bulum
2263 5920 2460 5965 terram
2493 5925 2780 5965 arenosum
2814 5910 3105 5980 signiﬁcat,
3167 5921 3214 5962 ot
3245 5927 3270 5961 a
3303 5909 3496 5962 Turris
3525 5917 3606 5961 Cal
