4028 6416
191 412 299 482 889

1340 412 1738 476 PANDBCTE
1782 413 1866 475 HI
1878 414 1990 478 ST.
2015 411 2319 478 TURCIC.

3328 411 3436 475 890

191 533 346 602 longe
371 547 401 583 a
430 526 632 582 Zurulo
656 528 822 584 distat
866 529 1108 596 islocus,
1154 529 1247 598 qui
1306 527 1497 585 Solimi
1573 529 1755 584 fatalis
1784 541 1828 599 Α
1857 530 2160 587 Soleimani
2184 528 2498 595 solvissent,
2558 542 2672 584 non
2727 522 2890 582 modo
2920 540 3026 581 non
3050 533 3310 594 exceptus
3367 527 3435 577 ah

193 632 417 697 propter
435 610 768 693 impietatem
787 638 912 694 erga
943 633 1152 690 patrem
1178 621 1263 675 bis
1285 622 1608 686 exercitam,
1633 637 1766 690 prae-

192 718 260 774 lio
273 714 670 774 committenda
697 728 1012 781 venenoque
1029 713 1332 780 praebendo.
1349 712 1416 767 de
1429 729 1539 783 quo
1556 713 1762 767 dictum

198 810 364 879 rapite
393 807 670 870 20l,fuit.
725 806 792 860 Et
824 807 908 859 bis
943 806 1046 858 hoc
1101 806 1220 857 iuro
1280 804 1497 858 Turcici
1549 819 1764 872 quoque

211 880 428 953 iatcntur
473 897 718 961 annales,
767 896 912 948 fatali
957 895 1216 949 Selimcm
1255 897 1370 950 loco
1407 896 1548 962 diem
1602 912 1761 950 suum

210 990 409 1044 abiisse.
441 987 677 1043 Causam
715 990 906 1041 mortis
929 988 1109 1040 attulit
1137 988 1184 1040 ei
1233 989 1453 1055 pusrula
1492 989 1612 1042 sive
1644 1003 1760 1041 car-

201 1083 462 1135 bunculus
498 1079 778 1147 pestilens,
846 1090 902 1132 υι
970 1080 1132 1132 Turci
1181 1081 1454 1133 [ἥμενοι-ἦξε
1503 1079 1760 1148 produnt.

200 1172 530 1228 Sansovinus
560 1188 625 1226 ex
660 1172 789 1226 aliis
825 1173 990 1225 refert
1022 1173 1233 1240 plagam
1287 1169 1459 1226 fuisse
1523 1167 1749 1222 carros?

196 1280 326 1325 vam,
363 1267 538 1319 instar
568 1279 857 1334 gangrenae
890 1263 1071 1332 :quod
1115 1263 1366 1331 equidem
1435 1278 1543 1316 non
1609 1270 1759 1330 puta,

194 1367 408 1426 propter
440 1354 717 1409 interitum
770 1353 986 1409 Selimis
1022 1354 1291 1417 subitum,
1316 1368 1442 1407 cum
1487 1366 1760 1421 gangrena

195 1445 466 1500 tardiores
499 1445 822 1514 plerumque
860 1460 1193 1515 prOgressns
1254 1444 1440 1498 faciat.
1491 1444 1756 1512 Dephter-

192 1535 298 1590 dari
329 1537 448 1591 sive
513 1533 946 1603 Dephterdalari,
1002 1542 1132 1589 sunt
1180 1533 1264 1588 vel
1298 1534 1620 1594 rationales,
1675 1533 1760 1586 vel

191 1635 514 1697 quastnres,
547 1626 629 1681 vel
659 1626 757 1695 (uti
792 1641 940 1680 nunc
1001 1625 1363 1696 appellamus)
1415 1627 1672 1694 praesides
1703 1631 1762 1678 ct

190 1718 486 1773 consiliarii
512 1733 761 1773 camera.
797 1716 1036 1782 Bairam,
1079 1715 1374 1770 maximum
1414 1716 1607 1771 Turcis
1681 1715 1762 1769 fe-

189 1820 328 1864 stum
367 1818 469 1875 est,
499 1809 674 1864 instar
703 1809 987 1865 Paschatis
1010 1807 1204 1872 nostri,
1234 1809 1379 1878 quod
1433 1824 1619 1863 mense
1653 1807 1760 1862 Ra-

1863 624 1946 680 eis
1979 624 2299 689 honorifice,
2331 638 2516 679 verum
2547 621 2714 678 etiam
2775 631 3044 677 traclatns
3071 632 3262 690 praeter
3293 621 3411 689 ivga

1864 725 2042 771 torum
2065 715 2158 785 jus
2188 713 2368 770 fuerat
2400 733 2416 771 :
2450 715 2614 785 idque
2645 724 2956 785 propterea,
2989 713 3130 779 quod
3157 713 3437 767 vindicare

1864 824 1925 864 se
1953 809 2020 864 de
2043 809 2264 865 sultano
2293 807 2523 864 Turcico
2557 808 2780 869 vellent,
2846 805 2916 859 ob
2964 806 3323 870 ignominioso
3375 820 3436 857 ac

1865 901 2164 956 insolenter
2220 902 2432 956 habitos
2481 917 2510 954 a
2575 900 2777 952 Selime
2836 898 2989 967 prius
3015 899 3220 950 legatos
3278 912 3432 949 suos.

1864 991 2230 1061 Burgttrtielen
2264 1008 2390 1045 vero
2409 992 2743 1043 Suleimanes
2770 991 3178 1058 pra't‘ipieurlam
3207 992 3434 1050 putavii,

1864 1099 1932 1136 ne
1966 1099 2070 1149 qua
2106 1085 2251 1137 Savo
2291 1085 2539 1137 secundo
2562 1083 3022 1146 Belgradensibns
3077 1082 3337 1134 obsessis.
3371 1081 3434 1131 ad

1863 1192 2096 1244 quorum
2129 1177 2174 1230 is
2206 1175 2404 1228 moenia
2439 1173 2975 1241 Danubiojnngitnr,
3041 1172 3222 1223 venire
3257 1172 3438 1222 subsi-

1863 1267 1949 1318 rlia
1980 1276 2220 1335 possent.
2250 1266 2458 1334 Quippe
2491 1267 2860 1336 Burgurdcien
2887 1265 3049 1316 Turci
3086 1275 3276 1315 vocant
3307 1263 3437 1315 illi-d

1864 1353 1918 1408 in
1939 1357 2051 1422 ripa
2078 1353 2202 1408 Savi
2231 1357 2469 1410 ﬂuminis
2499 1359 2779 1426 oppidum,
2803 1355 2945 1423 quod
2975 1354 3208 1425 lingaris
3234 1355 3440 1409 Sal‘at'z

1863 1447 2188 1514 appellatur,
2225 1447 2462 1502 cinctum
2496 1451 2740 1518 umliqne
2769 1447 2933 1511 Savo,
2965 1451 3017 1501 in
3043 1465 3206 1516 quem
3239 1447 3438 1500 Diinus

1863 1539 2066 1594 ibidem
2131 1555 2193 1594 ac
2243 1539 2542 1595 Baconsius
2597 1557 2789 1596 amnes
2856 1541 3108 1594 inﬂuunt.
3161 1539 3440 1592 linnlinins

1862 1629 2032 1684 refert
2058 1645 2201 1684 anno
2225 1629 2544 1684 Christiano
2588 1630 2724 1686 1470
2757 1631 2945 1684 initam
2991 1630 3160 1682 fuisse
3214 1628 3296 1680 vol
3349 1643 3441 1678 oc-

1861 1731 2072 1788 ceptam
2101 1721 2361 1775 aedificari
2397 1723 2590 1775 molem
2629 1720 2834 1782 Sabaz.
2870 1720 2956 1773 cui
2990 1735 3186 1773 nomen
3221 1717 3438 1770 Turcus

1863 1811 2142 1875 indiderit,
2171 1811 2250 1866 uti
2272 1811 2446 1866 Sabaz
2482 1821 2789 1876 vocaretur,
2814 1815 2956 1880 quod
2985 1810 3214 1865 Turcica
3254 1811 3438 1875 lingua

192 1901 738 1965 mmuescelebrant,
769 1915 880 1970 quo
909 1909 965 1956 et
1009 1877 1274 1970 jejunium
1307 1914 1469 1955 suum
1508 1908 1752 1966 servant,
1783 1877 1832 1937 Β
1858 1902 2108 1956 mirabile
2139 1904 2268 1972 quid
2297 1904 2588 1970 significet.
2628 1877 2882 1973 Intelligit
2920 1913 3099 1957 autem
3136 1903 3301 1957 Turni
3334 1917 3436 1954 no-

191 1995 405 2064 integro
437 2009 623 2049 mense
687 1993 910 2062 triginta
944 1993 1184 2058 dierum,
1213 2007 1242 2046 a
1271 1993 1592 2060 crepusculo
1641 2007 1755 2045 rna-

187 2085 384 2148 tutino,
415 2100 586 2156 usque
611 2085 676 2139 ad
704 2085 838 2139 solis
867 2098 1148 2150 occasum,
1187 2083 1323 2138 nihil
1354 2083 1460 2139 cibi
1523 2092 1755 2153 potusve

186 2187 464 2232 sumentes
499 2185 590 2232 :et
621 2177 875 2232 absoluto
901 2174 1129 2245 jejunio,
1157 2190 1316 2230 suum
1350 2176 1454 2231 hoc
1512 2175 1752 2238 Beiram,

183 2264 468 2319 Pascbatis
499 2266 552 2319 in
591 2273 817 2330 rnorem,
841 2276 1129 2338 peragunt.
1157 2265 1359 2336 Duplex
1393 2275 1571 2320 autem
1629 2265 1756 2320 Bai-

190 2373 288 2411 ram
328 2356 531 2412 Turcis
553 2358 605 2411 in
634 2375 733 2412 usu
762 2367 865 2414 est.
901 2356 1108 2423 Unum,
1171 2373 1359 2414 mense
1417 2356 1750 2425 Ramasane,

185 2449 242 2503 de
265 2465 381 2520 quo
403 2463 549 2504 nunc
585 2448 820 2520 agimus,
869 2458 922 2504 et
947 2450 1092 2519 quod
1130 2449 1328 2518 Bujuc,
1380 2451 1496 2505 sive
1551 2449 1748 2518 majus,

183 2549 267 2595 aut
306 2555 567 2610 magnum
627 2541 927 2611 appeiiant.
975 2541 1107 2611 Ejus
1161 2556 1325 2611 supra
1379 2541 1749 2608 meminimus,

180 2634 357 2702 capite
387 2633 447 2686 ii
475 2641 530 2687 et
559 2633 648 2687 35.
682 2634 952 2696 Alterum,
991 2634 1275 2704 sexaginta
1301 2633 1425 2704 plus
1458 2635 1642 2690 minus
1685 2634 1754 2689 ab

182 2724 276 2778 hoc
306 2724 508 2779 diebus
559 2725 898 2790 celebratur,
947 2733 1001 2778 et
1037 2722 1473 2780 Chazilariorum
1537 2725 1751 2779 Bairam

182 2814 403 2879 dicitur,
438 2814 543 2869 hoc
596 2824 680 2869 est
743 2814 1146 2884 religiosorum,
1201 2816 1295 2886 qui
1355 2817 1753 2887 peregrinatio-

184 2920 298 2961 nem
334 2906 446 2959 voti
470 2920 601 2975 ergo
629 2906 961 2976 suscipiunt,
994 2909 1062 2964 ad
1086 2907 1421 2963 visitandum
1466 2907 1751 2964 Mahume-

182 2998 244 3052 tis
273 2999 558 3068 propheta:
588 2997 672 3054 sui
708 2999 1024 3070 sepulcrum
1058 2999 1442 3065 Mecchanum,
1483 3010 1542 3054 ut
1570 2999 1754 3056 indul-

183 3092 385 3158 gentias
405 3096 757 3158 peccatorum
781 3105 1006 3150 suorum
1035 3090 1157 3144 istic
1188 3091 1507 3160 impetrent.
1540 3091 1754 3162 Quippe

1867 1995 2014 2048 mine
2077 1996 2355 2050 sultanum
2406 1995 2830 2060 Muchemetem,
2889 1995 3146 2063 Bajazitis
3208 2007 3437 2060 patrm“.

1856 2083 2078 2141 Selimis
2106 2101 2288 2149 avum,
2319 2086 2652 2142 Soleimanis
2674 2102 2958 2156 proavum.
2986 2086 3193 2152 Quippe
3212 2085 3318 2137 Mn:
3338 2085 3438 2137 hu-

1855 2188 2051 2242 metes,
2082 2192 2110 2230 a
2142 2177 2389 2248 Belgradi
2414 2177 2718 2238 obsidione,
2745 2192 2890 2230 anno
2917 2176 3234 2230 Christiano
3269 2174 3431 2233 1456.

1856 2269 2044 2326 invicti
2078 2270 2233 2326 ducis
2288 2269 2557 2324 Huniadis
2618 2271 2820 2324 virtute
2880 2270 3116 2338 turpiter
3175 2269 3434 2331 rejertus,

1857 2361 2000 2416 hanc
2056 2371 2337 2417 exstruere
2395 2361 2812 2433 quatuordecim
2865 2369 2985 2429 post
3046 2361 3204 2414 annis
3253 2375 3432 2412 arcem

1858 2451 2029 2505 voluit
2071 2450 2139 2505 ad
2173 2450 2400 2518 Savum,
2445 2468 2476 2507 e
2537 2453 2758 2522 regione
2810 2449 3129 2504 Sirmiensis
3177 2449 3312 2517 agri.
3379 2457 3436 2500 ut

1856 2543 1982 2598 inde
2017 2544 2154 2599 ﬁnes
2199 2541 2501 2613 Ungaricos
2550 2543 2811 2597 invadere
2865 2559 2963 2612 pro
3004 2542 3172 2595 lubitn
3236 2553 3436 2606 possm.

1854 2634 1994 2690 Hinc
2021 2651 2176 2690 novae
2198 2636 2487 2690 munitioni
2510 2633 2812 2706 superbum
2846 2650 3043 2687 nomen
3075 2634 3260 2687 datum
3298 2632 3438 2684 Bon—

1857 2726 2020 2783 ﬂnius
2042 2727 2274 2797 putavit.
2322 2727 2426 2782 Sed
2470 2736 2656 2796 postea
2699 2736 2882 2780 tamen
2916 2724 3217 2784 Sahatiam.
3272 2723 3440 2777 veluti

1856 2820 2158 2883 Savatiam,
2193 2835 2220 2874 a
2259 2820 2404 2875 Savo
2456 2818 2676 2872 flumine
2722 2819 2902 2886 potius
2960 2817 3155 2870 dictam
3214 2815 3438 2871 fati-tur.

1854 2915 1968 2970 Rex
2009 2921 2192 2968 autem
2231 2912 2514 2978 Matthias,
2543 2909 2812 2966 lluniadis
2845 2909 3007 2972 illius,
3069 2923 3214 2961 anno
3267 2909 3435 2961 Chri-

1854 3005 2035 3062 Stiano
2064 3003 2600 3067 M75,Muchemete
2657 3002 2832 3056 adhuc
2895 3002 3212 3069 superstite,
3267 2999 3442 3052 Saba-

1854 3097 1981 3152 tiam
2005 3097 2056 3150 vi
2091 3103 2457 3166 expugnatam
2491 3095 2694 3162 recepit
2726 3111 2740 3146 :
2776 3105 2802 3146 a
2830 3101 3196 3161 quotemporc
3222 3099 3438 3143 nostro-

183 3181 360 3237 caeteri
393 3180 464 3234 ad
492 3181 655 3251 hujus
683 3179 1124 3236 observationem
1156 3181 1377 3235 Bairani
1407 3197 1518 3237 non
1553 3191 1748 3238 tenen-
1773 3208 1821 3274 ο
1857 3188 1972 3245 Eum
1997 3189 2051 3244 in
2087 3197 2357 3260 potestate
2385 3188 2587 3242 mansit
2612 3187 2676 3241 ad
2712 3185 2820 3240 hoc
2864 3200 3041 3253 usque
3095 3183 3296 3236 bellum
3333 3183 3438 3235 So—

187 3283 286 3326 tur.
321 3270 558 3342 Ideoque
581 3271 791 3340 Cutzug
817 3269 1032 3326 Bairam
1073 3271 1142 3328 ab
1171 3273 1253 3327 eis
1307 3273 1636 3343 appellatur,
1668 3275 1749 3330 uti

189 3364 376 3419 festum
399 3367 702 3428 minus,aut
719 3375 967 3433 parvum.
983 3361 1171 3434 Neque
1190 3378 1320 3420 vero
1335 3364 1436 3421 sibi
1456 3365 1752 3436 quidquam

195 3455 667 3524 adiinpetrandum
713 3455 932 3511 veniam
1017 3455 1390 3512 admissorum
1443 3455 1752 3512 facinorum

204 3548 448 3617 prodesse
460 3557 642 3619 putant
658 3548 827 3604 solam
846 3545 1126 3604 Mecchanl
1151 3547 1339 3616 templi
1361 3547 1748 3615 visitationem,

202 3641 633 3702 ni.Beth.leemam
664 3656 879 3716 quoque
930 3656 1054 3701 cum
1090 3639 1484 3714 Hierosolymis
1532 3641 1749 3709 adeant,

195 3740 266 3793 uti
293 3739 449 3808 paulo
479 3751 606 3794 ante
656 3736 1124 3810 signiﬁcabamns.
1173 3735 1314 3792 Hinc
1358 3752 1488 3790 vero
1539 3745 1749 3790 certum

185 3832 373 3885 mortis
393 3830 592 3886 sultani
626 3827 846 3886 Selimis
861 3837 1075 3900 tempus
1097 3828 1370 3897 colligitur
1387 3827 1591 3898 alioqui
1621 3842 1752 3880 con-

183 3935 508 3977 troversum.
544 3919 755 3991 Quippe
785 3919 986 3991 legitur
1058 3919 1200 3989 apud
1254 3918 1494 3985 Jovium,
1543 3918 1752 3972 exstin-

175 4024 315 4067 ctum
361 4013 626 4068 Sglimem
693 4027 844 4070 anno
886 4014 1202 4071 Christiano
1240 4012 1399 4079 l5l9,
1468 4014 1556 4068 die
1603 4011 1752 4066 deci-

173 4123 258 4159 mo
290 4114 498 4178 quarto
553 4107 757 4162 musis
789 4105 1073 4163 Februarii
1108 4121 1271 4162 :cum
1311 4105 1648 4162 Sansovinns
1694 4111 1752 4161 et

169 4205 258 4258 alii
312 4205 502 4258 verius
549 4203 776 4256 omnino
834 4201 1075 4267 tradant,
1116 4200 1168 4254 id
1235 4202 1508 4257 accidisse
1561 4215 1752 4256 mense

166 4294 508 4361 Septembri,
550 4307 694 4348 anno
732 4291 889 4347 1520.
918 4291 1131 4361 Quippe
1171 4290 1344 4360 Bujnc
1371 4291 1586 4346 Bairam
1619 4305 1750 4349 tunc

164 4388 427 4450 instabat,
465 4385 608 4454 quod
636 4383 868 4440 Selimes
920 4384 1301 4462 celebraturns
1352 4396 1467 4438 erat
1516 4385 1747 4439 lladria-

159 4480 376 4550 Impoli.
410 4479 455 4535 si
483 4487 763 4547 superstes
791 4477 1006 4535 inisset.

154 4599 276 4652 2H5.
305 4593 643 4649 Soleimanes
663 4593 823 4650 ,im’tio
844 4593 990 4661 regni
1014 4591 1334 4660 Belgradum
1353 4591 1580 4661 obsidet,
1608 4591 1746 4645 Bur-

341 4665 593 4733 gurdelen
635 4678 749 4716 cum
784 4679 846 4716 ea
883 4658 1046 4730 capit,
1079 4658 1301 4721 Sabaea.
1339 4658 1584 4716 Sabatia.

218 4758 442 4822 Causa,
474 4771 572 4808 cur
624 4770 848 4825 regnum
881 4753 1202 4822 auspicatus
1238 4752 1604 4816 Soleimancs,
1638 4750 1753 4807 Un-

150 4855 302 4921 garis
359 4864 482 4903 mox
519 4847 722 4904 bellum
760 4845 1007 4912 inferret,
1046 4859 1154 4899 non
1182 4853 1302 4899 erat
1352 4844 1464 4899 alia
1536 4859 1750 4912 reapse,

148 4963 330 5012 quam
352 4951 500 4995 certa
532 4956 656 5010 spes
690 4937 998 5008 occupandi
1051 4936 1325 5008 Belgradi,
1366 4951 1491 4991 cum
1541 4937 1753 4992 caeteris

146 5039 268 5105 ejus
309 5033 482 5104 tegui-
510 5029 806 5102 provinciis
854 5038 911 5084 et
954 5028 1191 5098 oppidis,
1259 5041 1389 5097 rege
1451 5024 1751 5095 Ludovico,

151 5125 434 5184 \‘ladislai
466 5125 608 5198 filio,
641 5122 876 5178 necdum
902 5135 998 5191 per
1033 5129 1247 5175 aetatem
1311 5120 1377 5172 ad
1437 5116 1754 5188 gubernan-

144 5223 281 5277 dum
329 5219 560 5280 idoneo,
573 5226 624 5270 et
649 5229 944 5286 procerum»
965 5227 1222 5278 suorum,
1249 5218 1360 5264 tam
1405 5210 1754 5263 sacularium

145 5329 328 5384 quam
355 5308 859 5380 ecclesiasticarum
885 5304 1226 5375 contemptui
1291 5303 1541 5372 exposito
1570 5317 1584 5354 :
1655 5301 1750 5370 qui

146 5403 480 5474 posthabita
534 5399 801 5470 dignitate
858 5397 1001 5468 regis
1079 5405 1134 5450 et
1181 5395 1357 5451 salute
1413 5391 1750 5463 reipublicae,

147 5499 273 5550 suis
306 5496 580 5549 duntaxat
605 5489 934 5555 commodis,
967 5488 1277 5549 ambitioni,
1335 5485 1486 5539 luxui
1556 5482 1752 5536 fastui-

145 5603 262 5655 que
319 5585 388 5639 ab
445 5583 732 5638 hominum
781 5580 1044 5635 memoria
1102 5577 1369 5638 inaudito,
1433 5574 1746 5629 studebant.

147 5677 525 5734 Occasionem
559 5688 691 5730 vero
723 5675 875 5742 pacis
900 5671 1320 5741 abrumpendas.
1359 5665 1748 5736 Spanduginns

147 5769 311 5824 hanc
333 5765 806 5837 exposuitzqnod
851 5764 1060 5834 legatus
1117 5759 1470 5822 Soleimanis,
1525 5755 1591 5810 ad
1648 5756 1747 5810 de-

149 5859 535 5916 untiandum
569 5857 808 5930 Ungaris
833 5857 1036 5912 bellum
1073 5854 1310 5918 missus,
1372 5851 1424 5906 ni
1485 5849 1742 5905 tributum
1802 5917 1811 5926 ι

1772 4549 1820 4607 D

1856 3280 2226 3336 leimanicum.
2255 3278 2389 3331 Alba
2414 3276 2599 3332 Graeca
2649 3278 2852 3346 potitos
2912 3276 3125 3330 Turcos
3181 3286 3449 3330 notavcre

1854 3372 2032 3428 nostri
2059 3385 2206 3427 anno
2240 3370 2398 3437 1521,
2432 3369 2522 3426 die
2552 3370 2818 3426 vicesimo
2878 3380 3080 3441 quarto
3127 3366 3300 3423 Junii.

1882 3485 2051 3560 ωε
2097 3485 2225 3538 217.
2268 3484 2454 3560 Rhod}
2487 3483 2724 3560 obsidio,
2780 3484 3059 3560 μένωσι-ε,
3105 3480 3408 3546 Marmora,

2395 3551 2590 3609 Partus
2630 3554 2907 3623 Physicus.

1926 3645 1999 3704 De
2022 3645 2359 3703 Mentesiana
2393 3645 2598 3698 ditione
2630 3641 2838 3698 dictum
2873 3656 3066 3712 supra,
3127 3640 3306 3708 capite
3345 3642 3436 3697 l5.

1851 3739 2100 3796 Videnda
2173 3751 2392 3808 quoque
2442 3733 2674 3789 Natolize
2728 3732 2918 3787 tabula
2996 3729 3434 3803 geographorum

1853 3831 2119 3902 principis
2144 3826 2361 3884 Ortelii.
2398 3825 2668 3880 Mermere
2699 3819 2898 3878 Turcis
2922 3821 3232 3891 appellatur
3272 3821 3432 3890 oppi-

1851 3924 1978 3978 dum
2008 3919 2274 3976 Anatoliae
2312 3909 2676 3982 maritim'um,
2702 3930 2731 3970 a
2761 3913 2926 3985 cujus
2948 3921 3106 3985 portu
3140 3912 3310 3968 distat
3343 3912 3433 3964 in-

1853 4013 2087 4069 tervallo
2120 4025 2225 4065 non
2262 4024 2459 4080 magno
2491 4006 2740 4064 Rhodus.
2761 4004 2763 4006 ’
2786 4005 2985 4077 Oppidi
3018 4019 3214 4059 nomen
3231 4002 3436 4059 Graecis

1850 4115 1935 4160 est
1967 4101 2257 4167 Marmora,
2296 4110 2490 4171 portus
2521 4105 2730 4161 autem,
2757 4097 2985 4165 Phisco,
3017 4111 3118 4168 pro
3163 4112 3273 4166 quo
3298 4095 3437 4164 legi-

1851 4208 1938 4251 tur
1974 4194 2244 4264 in‘Orlelii
2286 4191 2502 4248 Natolia
2563 4189 2808 4257 Fiscbio,
2873 4206 2983 4246 non
3041 4198 3192 4246 recte
3229 4197 3433 4251 tamen,

1850 4288 2070 4360 quando
2097 4283 2346 4358 Physcus
2388 4284 2552 4340 etiam
2611 4282 2897 4355 Sophiano
2965 4283 3247 4338 scribitur.
3285 4279 3446 4336 Situs

1850 4390 1933 4434 est
1964 4394 1994 4432 e
2026 4378 2250 4448 regione
2280 4385 2473 4445 portus
2513 4375 2738 4439 Rhodii,
2803 4374 2896 4444 qui
2933 4374 3002 4428 ab
3032 4373 3136 4428 hoc
3167 4371 3442 4426 duntaxat

1849 4466 2156 4525 octodecim
2188 4466 2520 4520 tnilliaribus
2551 4463 2757 4519 Graecis
2787 4463 3147 4532 disjungitur.

1939 4558 2067 4615 218.
2099 4559 2301 4628 Megale
2332 4557 2534 4612 Mastor
2579 4555 2770 4622 Rhodi,
2805 4553 3046 4617 Stankoi,
3085 4553 3337 4608 Bedrum.

1924 4651 2109 4708 Grreca
2136 4667 2268 4705 voce
2296 4649 2460 4706 Turci
2481 4663 2696 4719 quoque
2723 4647 2957 4717 μεγάλον
2975 4645 3220 4714 μάστορα
3239 4651 3440 4696 vocant

1856 4759 2110 4812 magnum
2152 4741 2326 4796 Rhodi
2370 4742 2723 4812 magistrum,
2783 4737 2866 4794 vel
2916 4737 3128 4792 ordinis
3191 4734 3439 4802 equitum

1853 4835 2198 4890 Rhodiorum
2227 4831 2554 4902 principem.
2587 4829 2637 4885 Is
2655 4838 2778 4885 erat
2794 4828 2845 4882 id
2871 4825 3132 4896 temporis
3151 4823 3440 4896 Philippr

1854 4925 2111 4982 Villerius
2141 4916 2479 4985 Liiadamus,
2518 4921 2739 4976 natione
2765 4920 2953 4975 Gallus
2994 4935 3008 4973 :
3057 4917 3150 4986 qui
3184 4915 3439 4971 Fabricio

1854 5017 1922 5073 de
1947 4997 2308 5075 Carettiinatu
2333 5030 2364 5068 e
2398 5012 2599 5067 familia
2621 5010 2996 5066 marchionnm
3031 5008 3437 5064 Finariensinm

1855 5110 1908 5166 in
1944 5108 2162 5179 Liguria
2197 5106 2483 5162 Saxonica:
2511 5103 2726 5172 stirpis,
2763 5117 2864 5157 nec
2901 5103 2980 5154 ila
3027 5103 3237 5155 dudum
3286 5115 3433 5153 mor-

1856 5209 1968 5264 tuo,
1996 5206 2361 5256 successerat.
2428 5194 2640 5250 Deditio
2703 5193 2880 5247 Rhodi
2938 5193 3079 5247 facta
3136 5193 3235 5246 fuit
3289 5207 3438 5245 anno

1852 5295 2167 5356 Christiano
2207 5291 2368 5350 ιδῃ.
2401 5288 2490 5342 die
2519 5286 2784 5341 vicesimo
2842 5287 3034 5355 quinto
3090 5287 3294 5337 mensis
3330 5284 3440 5338 ηις-ι

1853 5384 2112 5450 cembris,
2180 5380 2436 5436 videlicet
2505 5377 2757 5433 natalitio
2823 5377 3048 5439 Christi,
3110 5391 3218 5443 quo
3265 5373 3436 5426 ctiam

1854 5476 2196 5532 Suleimanes
2227 5474 2415 5526 urbem
2438 5469 2650 5539 ingredi
2681 5469 2873 5524 voluit.
2899 5469 3031 5522 Erat
3061 5468 3115 5520 in
3151 5475 3424 5530 potestate

1854 5565 2466 5633 lihodiorumequitum
2504 5561 2700 5617 nobilis
2765 5575 2985 5631 quoque
3047 5559 3154 5612 Cos
3223 5558 3429 5614 insula.

1854 5659 2200 5730 Hippocratis
2224 5657 2420 5711 medici
2455 5657 2653 5726 patria,
2684 5669 2846 5724 quam
2885 5653 3004 5705 itali
3028 5656 3206 5704 nautve
3238 5647 3438 5717 Lange

1852 5751 2158 5811 nominant,
2179 5747 2352 5804 ϐιηεοί
2377 5749 2508 5816 eripi
2542 5746 2655 5812 Κῶ,
2675 5746 2824 5799 velut
2865 5745 2944 5806 εἰς
2967 5740 3064 5812 τὴν
3097 5739 3233 5804 κῶν,
3259 5737 3435 5796 Τητρὶ

1855 5843 2102 5900 St‘ankoi.
2142 5841 2264 5898 llaec
2295 5839 2480 5897 itidem
2516 5835 2842 5896 Solcimanis
2874 5834 2930 5891 iu
2961 5845 3180 5900 manus,
3223 5831 3442 5891 amissas
