4028 6464
528 433 628 495 891

1761 428 2088 489 Joaams
2124 419 2597 489 LEUNCLAVII

2410 281 2463 293 ιον
2495 292 2500 295 ,
2523 277 2588 291 ⁴¹⁴ῒο

3649 432 3745 498 8θῖ

528 549 749 612 Rhodo,
775 548 942 602 venit.
979 547 1170 601 Arcem
1201 561 1418 615 qquue
1436 545 1669 600 Bedrum
1702 553 1947 599 secutam
1976 556 2098 596 mox
2133 547 2178 604 Α
2209 552 2364 614 parte
2391 543 2543 613 regni
2581 542 2853 615 Ungarilre,
2880 554 3004 614 qua
3030 553 3062 596 a
3121 509 3530 610 Salankemene,
3567 543 3749 606 Tibisci

529 638 684 692 aiunt
714 637 936 690 annales
969 636 1161 689 horum
1183 636 1513 704 exemplum.
1544 636 1674 689 Eam
1709 631 1914 688 Marius
1943 631 2103 703 Niger

533 729 868 783 existimavit
898 743 1018 782 esse
1050 727 1388 782 Branchidas
1441 727 1616 782 Cariae
1689 726 1999 791 Strabonis,
2048 732 2103 779 et

531 820 748 874 Petrum
779 833 951 875 vocat.
993 823 1138 876 Idem
1183 820 1626 877 Halicarnassum
1659 830 1896 874 veterem
1955 826 2109 887 putat

531 913 863 976 τνςμοιι-Ιεπε
893 910 1136 965 Castello
1181 911 1368 965 Sancti
1394 911 1560 977 Petri,
1591 927 1702 980 quo
1726 911 1794 964 de
1833 925 1979 964 nunc
2009 925 2110 964 an-

529 1009 679 1052 nales
718 1003 772 1056 hi
807 1003 1128 1071 loquuntur.
1159 1001 1335 1058 Notus
1363 1003 1584 1072 quidem
1609 1012 1694 1058 est
1727 1003 1884 1057 sinus
1915 1001 2111 1056 Saqcti

528 1093 697 1157 Petri,
727 1095 806 1146 sic
827 1108 855 1146 a
881 1094 1120 1149 Castello
1137 1094 1326 1148 Sancti
1353 1093 1499 1150 Petri
1529 1094 1710 1149 dictus
1743 1111 1757 1148 ε
1785 1094 1878 1148 sed
1929 1105 2110 1148 utrum

528 1187 852 1241 referendus
884 1188 957 1242 sit
988 1188 1054 1240 ad
1099 1187 1566 1253 Halicarnassum,
1602 1201 1670 1240 an
1702 1185 1768 1239 ad
1803 1185 1989 1240 Jasum
2013 1185 2116 1242 Ca-

530 1279 646 1334 riae.
685 1279 842 1332 sinus
867 1289 925 1332 ut
948 1277 1132 1333 Jasius
1153 1279 1244 1332 ille
1270 1279 1562 1333 Plinianus
1589 1279 1684 1341 sit,
1708 1279 1963 1347 equidem
1993 1277 2116 1332 aliis

530 1368 905 1422 definiendum
961 1371 1233 1441 relinquo.

532 1482 660 1537 2|9.
723 1481 873 1536 Finis
923 1483 1152 1536 ducatus
1209 1483 1649 1551 Dulgadirensis,
1686 1485 1842 1540 scaclt
1893 1482 2120 1548 Suwar,

1056 1554 1264 1621 Zuiria,
1317 1543 1597 1611 Txanisa's.

611 1644 1084 1710 Quemadmodum
1099 1656 1292 1728 antea,
1314 1648 1491 1718 capite
1512 1649 1637 1711 £57,
1660 1647 1922 1715 quosdam
1939 1657 2124 1701 osten-

541 1737 724 1796 dimus
756 1739 1084 1808 anticipasse
1113 1739 1272 1793 tinem
1310 1741 1466 1810 regni
1507 1739 1835 1809 familiaeque
1860 1738 2123 1792 Carama-

542 1829 838 1885 niczezsic
876 1830 1037 1884 etiam
1102 1831 1305 1885 factum
1356 1831 1410 1885 in
1465 1830 1873 1886 Aladeuliomm
1924 1829 2127 1884 familia

2207 636 2370 691 ostiis
2401 636 2631 691 obversa
2668 635 2923 707 (dictum
2989 633 3059 690 de
3083 633 3196 690 hac
3245 633 3420 703 capite
3466 637 3745 709 centesimo)

2209 741 2384 798 usque
2415 727 2481 782 ad
2515 725 2854 783 Varadinum
2884 727 2996 782 hoc
3015 725 3194 792 Petri,
3231 725 3485 782 Sirmium
3529 738 3744 787 vocatur.

2212 822 2408 888 Graeci,
2429 820 2765 878 Francorum
2799 835 2829 875 a
2860 820 3028 885 caede,
3059 819 3487 891 Φραγκοχωρῐον
3519 823 3746 876 recenlio-
3782 819 3793 831 '

2212 916 2365 970 ribus
2388 915 2442 970 in
2473 915 2720 970 historiis
2757 913 2968 969 dixere.
3006 910 3162 979 Quod
3195 911 3418 966 annales
3471 913 3618 977 aiunt,
3659 931 3742 983 pu-
3835 981 3838 987 .

2215 1016 2436 1080 gnatum
2471 1007 2615 1063 inter
2649 1006 3014 1063 Soleimanem
3043 1003 3460 1059 etLudovicum
3483 1003 3596 1057 circa
3622 1014 3727 1058 tem-

2214 1118 2315 1173 pus
2337 1100 2620 1164 iltindi,de
2657 1100 2860 1155 notatis
2877 1099 3057 1168 capite
3074 1096 3182 1150 210
3225 1096 3395 1151 lector
3421 1095 3724 1162 intelligit.Et-

2218 1192 2330 1246 nim
2361 1192 2507 1261 quod
2534 1190 2867 1246 Christianis
2893 1189 3332 1259 vespertinarum
3351 1199 3556 1255 precum
3575 1192 3733 1252 tempus

2219 1286 2463 1343 est.hora
2481 1284 2742 1339 nimirum
2763 1282 2922 1338 tertia
2936 1289 3058 1354 post
3074 1278 3386 1343 meridiem,
3423 1275 3594 1332 Turcis
3607 1275 3738 1328 lkintli

2224 1393 2415 1434 nemas
2440 1377 2700 1448 appellari
2733 1377 3072 1433 notavimus.
3108 1371 3426 1441 Stephanus
3451 1367 3742 1422 Broderitltus

2225 1471 2278 1526 in
2309 1470 2538 1526 historia
2572 1469 2740 1543 589
2771 1469 2839 1524 de
2872 1469 2978 1522 hac
3011 1465 3281 1521 Ludovici
3303 1462 3448 1532 regis
3466 1460 3643 1529 Ungari
3663 1459 3749 1511 cla-

2230 1562 2319 1624 d'e.
2357 1561 2607 1616 dimicari
2645 1571 2882 1631 emptum
2938 1559 3112 1614 refert”
3157 1557 3294 1612 hora
3360 1564 3478 1624 post
3516 1553 3748 1607 meridiem

2227 1653 2339 1709 fere
2372 1655 2552 1718 tertia,
2595 1670 2717 1724 qua:
2753 1649 3232 1708 scilicetaTurcis
3257 1648 3420 1703 etiam
3447 1654 3752 1700 memoratur.

2230 1746 2329 1801 llic
2357 1755 2539 1802 autem
2567 1744 2897 1808 Ludovicus,
2926 1744 3047 1814 ejus
3078 1743 3323 1798 nominis
3371 1738 3506 1808 apud
3557 1733 3757 1802 Ungarns

2231 1840 2533 1903 secundus,
2572 1837 2826 1908 Ungarize
2859 1837 3248 1906 Bohemiaaque
3271 1851 3391 1899 rex,
3443 1831 3506 1886 ad
3547 1827 3756 1897 oppidum

544 1920 758 1990 fineque
791 1922 1132 1992 principatus
1156 1921 1568 1992 Dulgadirensis
1614 1922 1888 1976 videmus.
1918 1920 2126 1989 Quippe

2250 1933 2565 1988 dohatzium
2602 1931 2933 2003 (Mugacium
2972 1929 3129 1983 libuit
3160 1928 3290 1982 aliis
3330 1922 3638 1999 nominare),
3661 1933 3736 1985 pro

541 2014 717 2066 nostri
752 2016 945 2068 volunt
1000 2031 1121 2070 eam
1155 2016 1408 2072 desiisse
1441 2014 1544 2070 sub
1601 2013 1829 2082 imperio
1885 2011 2124 2077 Selimis,

543 2121 693 2159 anno
722 2106 1043 2161 Christiano
1077 2107 1240 2171 1514,
1270 2121 1381 2176 quo
1417 2116 1662 2175 tempore
1719 2113 1915 2174 captus
1949 2111 2004 2157 et
2035 2118 2130 2157 oc-

540 2201 690 2254 cisus
723 2200 824 2253 fttit
857 2199 1194 2267 Ustazelves,
1231 2200 1308 2254 uti
1351 2214 1519 2268 supra
1571 2197 1935 2252 declaratum.
1963 2193 2130 2248 Turci

537 2309 668 2347 vero
701 2293 922 2347 tradunt
949 2294 1025 2347 illi
1062 2293 1233 2348 fuisse
1259 2292 1616 2348 substitutum
1651 2305 1679 2344 a
1704 2290 1906 2344 Selime
1946 2288 2132 2343 fratris

433 2409 445 2422 ·
539 2388 734 2453 filium,
770 2389 913 2440 Alim
949 2387 1169 2456 begum,
1199 2387 1292 2456 qui
1327 2384 1512 2440 scachi
1543 2381 1838 2439 Suarensis
1869 2381 2012 2434 filius
2046 2381 2135 2434 hic

541 2479 868 2548 appellatur.
908 2476 960 2531 is
991 2487 1200 2545 septem
1233 2475 1394 2531 annis
1431 2490 1460 2528 a
1496 2481 1670 2529 morte
1705 2473 1883 2540 patrui
1928 2471 2135 2541 p0titus

543 2570 796 2638 imperio,
840 2583 987 2623 nunc
1033 2567 1254 2622 tandem
1315 2567 1418 2623 sub
1482 2565 1797 2621 Soleimaue
1850 2563 2137 2618 sceleratis

545 2662 762 2717 insidiis
799 2677 829 2716 e
861 2661 1043 2717 medio
1079 2660 1312 2715 tollitur.
1363 2658 1559 2714 Scaclti
1617 2673 1816 2712 nomen
1854 2657 1923 2712 iis
1959 2656 2138 2724 genti-

547 2755 654 2809 btts
687 2753 1081 2817 estfamiliare,
1140 2751 1210 2807 de
1259 2768 1368 2822 quo
1422 2750 1909 2806 conunentationis
1978 2747 2140 2816 hujus

547 2848 710 2902 initio
739 2849 1001 2902 diximus.
1041 2847 1134 2902 Sic
1161 2847 1216 2900 in
1248 2845 1554 2917 appendice
1579 2844 1863 2898 Reineccii
1885 2844 1949 2896 ad
1977 2849 2142 2910 caput

544 2952 801 2997 octavum
837 2941 1096 3013 Aythoni,
1132 2939 1396 2996 Sirvansa
1431 2953 1538 2993 non
1567 2953 1664 3008 pro
1695 2937 1802 2990 alio
1859 2935 2022 2990 debet
2053 2947 2146 2988 ac-

548 3037 680 3104 cipi,
722 3051 886 3105 quam
921 3049 1018 3104 pro
1048 3036 1251 3090 scacho
1305 3033 1545 3097 Sirvani,
1604 3030 1696 3100 qui
1753 3027 1944 3083 Media:
2013 3042 2146 3082 sca-

551 3128 690 3182 chus
720 3128 836 3182 sive
874 3143 966 3181 rex
1001 3135 1085 3181 est
1116 3145 1131 3181 :
1165 3127 1246 3182 sic
1269 3134 1324 3180 et
1348 3123 1604 3192 Philippo
1660 3120 1971 3190 Bcrgomati
2023 3119 2148 3188 qui-

2229 2026 2413 2080 stratis
2445 2023 2687 2092 undique
2734 2023 2908 2092 copiis
2937 2021 3074 2085 suis,
3113 2017 3311 2089 przelio
3339 2025 3505 2071 semet
3541 2010 3756 2080 eripiens.

2231 2119 2285 2173 in
2312 2117 2488 2170 vicina
2516 2114 2741 2186 palude,
2768 2129 2892 2168 cum
2920 2113 2988 2166 in.
3011 2110 3266 2165 altiorem
3301 2107 3460 2179 paulo
3493 2105 3644 2174 ripam
3668 2113 3757 2152 eta-

2233 2211 2361 2264 dere
2386 2218 2785 2270 conaretur,et
2817 2221 2989 2274 equus
3024 2203 3216 2273 regius
3242 2197 3620 2272 posterioribus
3649 2190 3766 2260 pelli-

2233 2303 2338 2357 bus
2374 2301 2660 2364 insistens,
2695 2300 3011 2367 frustraque
3046 2297 3252 2351 saltum
3289 2295 3342 2348 in
3407 2291 3572 2360 ripam
3617 2283 3767 2338 adver-

2236 2411 2351 2450 sam
2379 2395 2630 2458 moliens,
2671 2394 2726 2448 in
2776 2391 3000 2447 dorsum
3032 2403 3139 2445 una
3171 2403 3301 2442 cum
3359 2392 3570 2441 vectore
3593 2390 3768 2431 corrue-

2239 2497 2363 2553 ret;
2398 2489 2471 2542 ita
2506 2498 2564 2542 ttt
2617 2483 2735 2541 erat
2761 2493 3029 2548 armatus,
3095 2477 3493 2552 sesquipalmis
3547 2473 3594 2527 in
3655 2480 3766 2536 aqua:

2240 2583 2513 2637 lutulento
2547 2580 2764 2651 gurgite
2795 2579 3096 2646 depressus
3134 2585 3189 2629 et
3256 2573 3554 2630 suli‘ocatus
3591 2559 3766 2622 interiit,

2241 2691 2386 2731 anno
2415 2674 2735 2728 Christiano
2778 2669 2938 2736 1526,
2961 2669 3051 2724 die
3094 2668 3303 2724 mensis
3337 2661 3547 2720 sextilis
3568 2656 3764 2712 vicesimo

2244 2781 2412 2832 nono,
2435 2763 2664 2820 Joannis
2694 2764 2951 2832 Baptistae
2978 2759 3372 2816 decollationis
3405 2749 3664 2810 memoria:
3708 2740 3758 2793 ιΙί·

2244 2869 2389 2925 cato,
2423 2872 2522 2926 pro
2559 2871 2668 2926 quo
2695 2855 2930 2910 natalem
2955 2853 3046 2908 alii
3075 2867 3183 2908 non
3214 2859 3367 2907 recte
3399 2849 3617 2918 ponunt,
3643 2837 3687 2892 id
3708 2841 3762 2926 es}

2246 2921 2507 3004 vaesano
2535 2921 2732 3016 quarto
2762 2941 3162 2999 Junii..Filius
3187 2950 3316 2996 erat
3363 2931 3620 2991 Vladislai
3643 2921 3770 3016 lagal-

2247 3040 2408 3104 lonii,
2441 3015 2700 3094 Casimiri
2743 3034 2989 3090 Poloniaa
3023 3033 3170 3105 regis
3229 3045 3434 3100 nepos.
3485 3024 3682 3080 Matrem
3711 3015 3779 3105 lia-

2195 3181 2200 3184 .
2251 3133 2370 3188 ltuit
2393 3122 2606 3185 A'nnam
2643 3111 3069 3186 Candalensem,
3092 3121 3253 3194 regiae
3291 3121 3602 3177 Navarrenae
3638 3100 3782 3194 stirpis

552 3223 682 3274 dam
726 3225 1043 3274 nominatur
1093 3217 1387 3281 Tzanisas,
1441 3215 1713 3270 vocabulo
1759 3221 2023 3284 corrupto
2078 3227 2146 3270 ex
2173 3250 2216 3309 α
2251 3222 2393 3295 apud
2423 3219 2727 3285 Vascones,
2760 3224 2816 3273 tn
2839 3216 3014 3272 Gallia
3039 3191 3193 3285 mea:
3232 3212 3390 3268 nulla
3424 3215 3544 3264 cute
3574 3200 3642 3254 vel
3680 3191 3785 3263 pelle

555 3316 726 3368 Tzani
762 3316 948 3376 scach,
1004 3313 1097 3382 qui
1154 3310 1464 3365 Tzanorum
1514 3307 1750 3364 scacbus
1805 3315 1910 3375 est,
1973 3307 2148 3380 gentis

560 3411 752 3464 itidem
784 3408 1047 3472 Ponticae,
1077 3404 1218 3462 sicut
1253 3415 1307 3460 et
1347 3400 1734 3460 Suarensesad
1767 3399 2000 3456 Pontum
2027 3400 2152 3457 Col-

559 3502 851 3556 cltidentve
880 3500 1182 3570 pertinent,
1218 3497 1302 3553 vel
1331 3495 1482 3560 Lazi,
1509 3495 1594 3552 vel
1635 3495 1718 3551 eis
1769 3493 2024 3565 proximi.
2075 3492 2154 3548 Ae

561 3606 690 3650 sunt
719 3595 879 3648 iidem
909 3592 964 3646 bi
995 3591 1320 3655 Suarenses,
1349 3601 1585 3658 quorum
1608 3586 1884 3646 regionem
1909 3583 2152 3641 Ortelius

561 3700 624 3740 ex
660 3683 940 3754 Alphonso
975 3681 1247 3736 lladriano
1283 3679 1524 3736 Zuiriam
1553 3677 1874 3734 nominavit.

559 3801 689 3855 220.
725 3801 886 3870 Aigas
921 3798 1104 3870 bassa.
1149 3796 1482 3870 Ckosnadar
1511 3795 1676 3870 cassi,
1721 3791 2155 3864 apocltrysiarius

839 3939 842 3942 j
1012 3869 1268 3938 Bon/inii,
1300 3867 1702 3935 apocrisiarius.

635 3958 831 4018 Haba'
836 3963 925 4018 hic
962 3963 1131 4017 lector
1163 3961 1316 4015 illum
1380 3959 1638 4030 Aigasem
1695 3958 1938 4023 bassam,
1995 3970 2156 4026 quem

565 4072 732 4125 supra
775 4051 1137 4109 indicavimus
1167 4067 1196 4104 a
1241 4049 1398 4105 Jovio
1447 4064 1581 4104 voce
1641 4047 1829 4104 Grazca
1881 4045 2160 4102 nominari

567 4149 812 4213 Ajacem.
832 4142 1114 4197 Oriundns
1143 4149 1260 4194 erat
1284 4155 1314 4194 e
1337 4137 1579 4203 Cimera,
1609 4153 1719 4193 non
1745 4139 1940 4207 procul
1972 4153 2000 4191 a
2029 4137 2163 4193 Cor-

571 4253 718 4304 cyra,
753 4245 906 4287 trans
931 4233 1114 4286 sinum
1145 4230 1273 4292 sita,
1301 4243 1468 4299 quam
1491 4228 1602 4307 Leo
1621 4228 1856 4298 Sapiens
1878 4231 2163 4299 Augustus

569 4329 882 4383 Citimaram
930 4326 984 4380 in
1017 4323 1235 4378 Novella
1291 4321 1360 4377 de
1423 4321 1635 4377 thronis
1683 4321 1936 4391 appellat,
1962 4330 2014 4376 et
2040 4337 2162 4376 cum

574 4421 860 4482 Buthroto,
889 4417 1092 4472 ibidem
1125 4417 1192 4471 ad
1224 4415 1483 4485 quintum
1521 4430 1550 4467 a
1597 4412 1853 4483 Corcyra:
1880 4413 2082 4482 Oppido
2110 4423 2165 4468 et

574 4517 792 4568 arcibus
816 4511 1048 4566 milliare
1073 4512 1201 4572 sito,
1233 4506 1502 4578 Naupacti
1533 4507 1964 4574 metropolitano
1991 4502 2163 4573 subji-

573 4611 669 4664 cit.
706 4608 1006 4676 Supremos
1055 4604 1435 4659 tbesaurarius
1464 4601 1517 4653 in
1539 4599 1740 4654 OlIiciis
1763 4598 1940 4652 Porta:
1967 4596 2160 4652 Osma-
2189 4590 2238 4649 D
2265 4600 2560 4655 debantur.
2589 4594 2794 4651 Retulit
2815 4591 3126 4662 aliquando
3205 4588 3340 4642 mihi
3373 4588 3662 4676 generosus
3688 4582 3712 4620 ε

578 4704 714 4756 uita:
755 4701 1077 4756 (thasnadar
1110 4697 1258 4752 bassi
1309 4695 1538 4750 dicitur.
1599 4691 1802 4747 Eorum
1865 4691 2158 4760 explicatio

577 4811 678 4847 sou
707 4813 760 4852 ιι,
797 4809 902 4845 Itth
939 4791 1110 4843 multo
1142 4797 1283 4855 post,
1323 4787 1505 4838 latum
1536 4782 1803 4837 inveniet.
1863 4779 1924 4833 Et
1953 4785 2083 4832 sunt
2107 4778 2160 4830 itt

579 4885 846 4938 ontnibus
883 4882 1067 4952 regnis
1123 4877 1480 4940 thesaurarii,
1515 4889 1656 4942 quos
1712 4870 1999 4925 Bonfinius
2057 4867 2163 4923 dici

581 4975 846 5030 lt-unanis
887 4984 1211 5043 quaestores.
1241 4967 1449 5024 Graecis
1477 4961 1930 5033 apochrysiarios
1966 4957 2163 5013 existi-

582 5067 997 5124 mansiallitur.
1047 5064 1164 5118 Non
1219 5062 1364 5117 enim
1423 5056 1568 5128 apud
1617 5055 1716 5108 hos
1767 5047 2168 5122 apochrysiarii

585 5163 930 5233 reperiuntur
971 5172 1226 5228 usquam,
1258 5154 1353 5210 sed
1379 5147 1728 5221 apocrisiarii
1759 5165 1771 5210 ;
1807 5149 1965 5214 longe
1989 5143 2171 5195 diver-

583 5262 630 5312 si
657 5271 852 5311 nomen
885 5251 1066 5316 oﬂicii,
1101 5264 1210 5317 quo
1261 5248 1576 5315 fungentes.
1623 5260 1650 5295 a
1678 5238 1961 5307 responsis
1998 5233 2168 5303 aliqui

591 5349 784 5402 Latine
821 5354 1110 5400 voearunt.
1146 5339 1322 5396 Graeci
1354 5337 1516 5391 ltodte
1562 5335 1645 5388 sic
1691 5325 2062 5385 intrrnumios
2121 5333 2175 5379 et

590 5444 797 5512 legatos
826 5437 1125 5509 appellant.

594 5560 723 5613 ιω.
781 5558 1055 5619 Petrorar,
1102 5553 1381 5612 Sirmium,
1433 5541 1892 5619 Francocltorion,
1933 5535 2179 5590 interitus

700 5629 950 5684 Ludovici
984 5617 1118 5693 regis
1160 5620 1412 5691 Ungart'w
1435 5617 1721 5685 prwdictus
1755 5631 1788 5664 α
1845 5619 2072 5676 ερεοίνο.

676 5723 830 5789 Quod
859 5719 1192 5774 Varadinum
1229 5712 1372 5768 Petri
1405 5709 1636 5772 dicitur,
1677 5703 1884 5773 Ungari
1919 5699 2182 5755 Pctrovar

608 5815 904 5884 appellant,
938 5813 1044 5864 hoc
1067 5817 1172 5872 est,
1197 5807 1477 5861 civitatem
1513 5799 1679 5862 i'etri,
1709 5795 1791 5849 vel
1823 5791 2184 5861 Hsrpéno‘uv.

616 5883 790 5965 Situm
820 5906 874 5960 in
894 5900 1065 5960 libero
1095 5898 1231 5954 colle
1259 5894 1497 5953 vidimus
1522 5891 1585 5945 ad
1632 5884 1963 5949 Danubium,
2011 5883 2066 5938 in
2123 5900 2185 5939 ea

2253 3289 2455 3374 tectum
2484 3315 2537 3370 in
2562 3314 2740 3369 lucem
2771 3310 2964 3373 edidit,
2985 3323 3149 3379 quam
3212 3313 3409 3376 postea
3457 3295 3662 3352 medicis
3703 3289 3788 3379 arte

2252 3417 2507 3465 naturam
2568 3402 2898 3476 juvantibus
2928 3376 3016 3456 est
3047 3383 3404 3478 consecutus.
3450 3389 3684 3446 Habitum
3713 3376 3788 3429 hoc

2255 3497 2737 3557 infelicisominis
2786 3496 2930 3550 loco.
2965 3493 3128 3547 Pater
3184 3483 3516 3558 baptizando
3567 3490 3652 3548 pro
3678 3477 3790 3558 more

2253 3588 2750 3654 CliristianoJ’ulii
2801 3599 2998 3642 nomen
3065 3581 3250 3637 indere
3311 3578 3614 3636 decreverat
3663 3580 3678 3623 :
3720 3553 3787 3612 Si"l

2257 3684 2405 3740 aliud
2437 3682 2706 3741 suadente
2739 3687 2934 3742 matre,
2999 3672 3323 3730 Ludovicus
3363 3671 3462 3726 ﬁnit
3514 3656 3788 3734 appellatus.

2259 3778 2376 3834 Hoc
2412 3776 2603 3833 itidem
2638 3775 2952 3829 ominosum
2983 3766 3265 3838 plerisque
3301 3765 3498 3823 visum,
3534 3749 3666 3826 quod
3686 3752 3792 3800 unus

2259 3871 2368 3926 hoc
2394 3869 2618 3925 nomine
2649 3881 2744 3920 rex
2773 3860 3051 3934 quondam
3094 3857 3236 3927 apud
3265 3855 3521 3927 Ungoros
3565 3839 3793 3936 pariterct

2261 3961 2502 4016 Polonos
2557 3972 2741 4013 rerum
2767 3954 2972 4025 potitus
3033 3951 3252 4020 fuisset,
3320 3937 3644 4017 Sigismundi
3688 3939 3793 3994 remi

2261 4063 2316 4107 et
2349 4059 2474 4121 post
2503 4044 2858 4118 imperatoris
2887 4058 3062 4105 socer,
3098 4057 3127 4096 e
3157 4037 3370 4095 Gallica
3403 4030 3598 4090 familia
3647 4028 3793 4121 regum

2263 4116 2745 4212 Neapolitanorum
2772 4145 2952 4198 ortus,
2985 4134 3214 4204 ideoque
3245 4131 3443 4186 Loisus
3466 4116 3792 4212 vulgo-dictus:

2263 4231 2356 4302 qui
2387 4228 2628 4285 moriens
2653 4227 2959 4282 masculum
2987 4223 3260 4279 heredem
3292 4230 3416 4292 post
3445 4233 3504 4274 se
3526 4207 3712 4302 nullum
3742 4208 3798 4302 ret

2266 4296 2530 4393 liquerat.
2557 4319 2872 4375 Narrantttr
2923 4324 2978 4371 et
3039 4314 3172 4379 alia,
3229 4329 3356 4382 qua:
3417 4302 3614 4365 infelici
3662 4296 3827 4393 iuvet-ll“

2269 4391 2490 4485 (quippe
2515 4411 2836 4467 vicesimum
2894 4408 3131 4479 primum
3187 4405 3368 4460 relatis
3413 4391 3832 4485 θεειιειέτιηηινῖη.

2269 4482 2404 4562 cum—
2423 4482 2692 4572 interiret)
2737 4499 3056 4558 tristissima
3088 4513 3320 4567 quaeque
3384 4484 3690 4566 portendere
3714 4482 3837 4607 οτῖ

2281 4600 2296 4607 -
2339 4600 2350 4607 .
2459 4606 2462 4607 ,
2589 4595 2626 4607 η
2674 4604 2683 4607 -
2732 4592 2818 4607 ..--
2861 4593 2893 4607 ,ο
2989 4605 3000 4607 ,
3072 4591 3116 4607 .,
3223 4588 3336 4607 ,νςιε
3380 4588 3661 4607 _-..‘......m
3688 4575 3806 4607 pll-

3718 4575 3732 4616 ι
3759 4575 3806 4610 ll‘

2269 4691 2459 4748 lustris
2493 4690 2649 4745 Bairo
2705 4686 3032 4741 Kitlizianus
3087 4680 3350 4744 Joannes,
3411 4687 3569 4748 quem
3625 4662 3808 4720 ὶιοηοῐιε

2270 4797 2434 4838 causa
2463 4780 2710 4843 nomino,
2753 4778 2856 4832 sibi
2889 4787 3070 4830 notam
3125 4773 3296 4828 fuisse
3347 4753 3811 4843 matronam‘ltoor:

2273 4875 2600 4934 stissimam,
2639 4882 2799 4942 gente
2833 4869 3104 4923 Bocciana
3139 4865 3310 4919 nobili
3337 4877 3460 4916 cum
3497 4850 3676 4942 primis
3702 4826 3814 4942 nillil"

2275 4965 2502 5019 Silesios
2538 4925 2761 5016 editﬁam.
2799 4967 2850 5010 ct
2891 4959 3064 5026 equiti
3107 4955 3287 5008 Suevo
3331 4952 3604 5006 Stainame
3634 4925 3816 5026 ium-"if"

2278 5061 2527 5122 nuptam.
2561 5050 2635 5103 Ea
2663 5046 2954 5118 juvencula
2992 5044 3160 5098 missa
3189 5040 3365 5096 fuerat
3410 5039 3464 5092 in
3517 5027 3694 5122 aulam.

2277 5145 2452 5202 dovici
2491 5141 2655 5209 regis.
2707 5148 2763 5193 ut
2794 5145 2943 5192 esset
2993 5135 3049 5188 in
3102 5131 3352 5202 gynmcio
3413 5123 3617 5209 resimi
3654 5108 3819 5209 ξ

2281 5198 2472 5292 Rutuli
2507 5198 2652 5287 Vvet
2685 5227 3020 5285 Fertiimtltdi
3081 5198 3258 5295 A—ugg,
3323 5217 3552 5278 sol-oris,
3598 5198 3819 5260 Ludol‘i“

2283 5328 2574 5398 conjugis:
2618 5335 2670 5378 et
2703 5322 2922 5390 quidem
2953 5335 2982 5373 a
3038 5327 3214 5373 morte
3271 5317 3414 5385 regis
3438 5303 3685 5398 omnium"

2560 5375 2573 5379 _
2625 5375 2669 5378 ἡ,
2709 5375 2734 5390 Ἰ
2812 5375 2819 5376 γ
3334 5375 3361 5385 υ

2287 5421 2548 5479 sternatis
2575 5416 2800 5481 animis,
2833 5423 2888 5468 et
2910 5414 2980 5466 ob
3005 5422 3208 5465 metum
3233 5398 3629 5462 adventantium
3651 5375 3818 5481 Barba-

2287 5530 2472 5569 rorunt
2508 5509 2716 5578 trepide
2761 5505 3004 5578 gyttmcio
3053 5501 3357 5572 Praesertim
3389 5495 3636 5563 ίύεῖθη¹θ⁹

2293 5621 2415 5660 nam
2455 5603 2681 5671 regiam,
2712 5600 2780 5653 ab
2809 5599 2933 5652 aliis
2962 5611 3069 5666 pra!
3093 5592 3389 5648 formidine
3408 5567 3821 5671 ncgiectamtcﬁ":

2294 5650 2545 5754 servasse
2575 5693 2802 5748 dicitur.
2838 5683 3323 5743 Commemorabat
3350 5682 3488 5737 hanc
3509 5670 3641 5726 Βθιτο
3670 5650 3823 5755 ιξθθῗξτ

2297 5789 2527 5842 recitare
2558 5786 2776 5838 solitam
2813 5796 2920 5834 non
2973 5780 3147 5831 multo
3205 5788 3332 5830 ante
3369 5770 3513 5840 regis
3556 5747 3821 5842 inti-nurui:

2298 5897 2420 5936 cum
2455 5879 2614 5932 Bitia:
2647 5888 2734 5928 rex
2770 5885 2908 5940 agor.
2934 5875 2974 5934 ι,
3005 5884 3062 5922 ac
3128 5881 3225 5937 pro
3287 5877 3439 5918 more
3463 5844 3666 5916 clausis
3719 5835 3834 5882 am“
