4028 6404
1361 407 1731 469 ΡΑΝΟΕΟῬ.
1778 405 1982 469 HIST.
2021 403 2328 467 ’l‘URClC.

3358 387 3465 454 89$

201 527 410 586 foribus
443 522 738 595 pranderet
763 520 988 592 (misere
1023 520 1244 591 quidem
1293 530 1443 574 certe
1498 520 1779 574 victitasse
1811 528 1853 582 Α
1884 537 1974 573 ros
2003 535 2201 574 mares.
2230 517 2428 572 Postea
2460 527 2612 568 suam
2638 508 2839 566 Joanni
2868 501 3363 565 tiliamlsabeliam,
3394 514 3464 553 ex

202 634 383 692 regem
412 617 578 675 hunc.
614 613 999 671 defraudatum
1023 620 1079 666 et
1100 612 1457 682 contemptim
1479 608 1728 664 habitum
1754 624 1788 665 a

182 710 521 789 proceribus
556 705 819 776 Ungaris,
853 704 1001 773 regio
1025 703 1241 758 interim
1294 702 1429 756 luxu
1484 700 1784 755 diffluenti-

206 806 318 861 bus,
357 799 517 855 testis
545 797 835 853 occulatus
887 792 1281 848 Herbestainus
1316 791 1458 845 Baro
1508 791 1789 846 memoriae

213 890 792 967 pmdidit),accessisse
822 888 887 941 ad
908 887 1050 941 arcis
1077 895 1287 955 portam
1308 893 1589 952 spectrum
1615 882 1791 950 quod-

213 989 341 1046 dam.
370 992 433 1038 ut
458 992 689 1037 eventus
710 981 915 1042 docuit,
948 979 1003 1032 in
1059 977 1234 1032 forma
1285 976 1528 1029 hominis
1583 974 1786 1029 tendum

208 1080 252 1134 in
277 1076 507 1131 modum
533 1073 755 1128 distorti
782 1080 838 1126 et
869 1068 1256 1133 claudicantis,
1277 1068 1498 1136 altaque
1527 1081 1659 1120 voce
1688 1065 1789 1119 ila-

209 1171 405 1242 gitasse
432 1164 767 1235 colloquium
815 1166 981 1233 regis,
1039 1165 1126 1215 cn:
1178 1158 1495 1215 necessario
1532 1155 1788 1226 quaedam

208 1263 729 1319 indicaturusesset.
755 1255 822 1310 ad
859 1255 1063 1324 regiam
1098 1252 1362 1323 regnique
1401 1251 1632 1306 salutem
1664 1263 1794 1318 per-

209 1356 460 1412 tinentia.
491 1350 742 1422 Cumque
770 1349 1061 1416 neglectus
1107 1346 1287 1411 initio,
1319 1346 1467 1414 quod
1528 1343 1584 1397 in
1650 1343 1793 1398 auiis

209 1448 320 1503 ﬁeri
357 1446 518 1512 solet,
554 1459 701 1500 nunc
731 1441 910 1497 altiori
949 1440 1211 1505 clamore,
1242 1451 1391 1493 nunc
1450 1436 1657 1506 ejulatu
1694 1434 1796 1489 ad-

212 1540 402 1606 hibito,
432 1538 485 1594 id
518 1538 595 1592 uti
617 1532 1022 1606 quamprimum
1045 1533 1157 1602 regi
1189 1530 1623 1601 signiﬁcaretur,
1648 1534 1798 1596 pete-

211 1644 293 1690 ret
322 1651 338 1689 :
376 1631 594 1688 tandem
617 1628 853 1685 hominis
882 1626 1295 1697 importunitate
1312 1630 1616 1678 commotos
1630 1633 1795 1690 quos-

213 1728 362 1792 dam,
389 1740 516 1780 cum
584 1730 737 1776 extra
789 1734 974 1788 regem
1020 1717 1202 1788 ipsum
1253 1712 1459 1768 nemini
1525 1717 1798 1767 secretum

215 1819 325 1874 hoc
343 1813 809 1886 sepatefacturum
829 1809 1054 1874 diceret,
1080 1822 1192 1860 rem
1217 1804 1281 1859 ad
1302 1818 1484 1874 regem
1503 1799 1793 1854 detulisse:

1887 619 2060 671 altero
2090 611 2346 681 conjugio
2367 618 2572 673 natam,
2601 604 2985 675 Sigismundus
3018 615 3245 654 uxorem
3272 597 3446 656 dedit,

1888 719 1947 763 ut
1972 705 2113 762 infra
2134 704 2333 758 dicturi
2360 700 2629 770 prolixius
2650 713 2863 752 smnus.
2895 692 3212 750 Creduntur
3234 687 3467 743 Joannis

1888 816 2067 857 causa?
2106 798 2309 853 favisse
2333 793 2542 848 Poioni.
2569 803 2800 855 eamque
2833 784 3032 841 studiis
3062 780 3318 836 maximis
3342 794 3466 831 cum

1887 909 1987 965 per
2013 893 2173 949 alios.
2203 901 2314 944 tum
2374 903 2470 951 per
2527 883 2921 952 Hieronymum
2957 876 3217 936 Lascnm,
3258 872 3464 924 Alliam

1888 1000 2121 1060 patrem,
2144 983 2443 1040 Soleimani
2474 978 2805 1037 Osmanidae,
2826 990 2887 1028 ac
2920 971 3218 1026 Franciscu
3247 967 3466 1019 Valesio

1890 1083 2169 1138 Gallorum
2206 1077 2345 1145 regi,
2390 1074 2555 1130 bonis
2587 1070 2801 1125 scilicet
2839 1067 2949 1121 illis
2978 1060 3373 1117 conlmderatis
3405 1073 3470 1111 ac

1893 1175 2082 1232 sociis.
2115 1173 2168 1226 in
2198 1171 2589 1225 detrimentum
2613 1161 2926 1231 reipublicae.
2950 1156 3281 1210 Christianae
3318 1167 3471 1203 con:-

1893 1269 2191 1326 mendasse
2219 1284 2233 1320 :
2265 1281 2333 1319 ne
2362 1262 2547 1333 quieta
2580 1257 2750 1313 totius
2780 1251 3038 1323 Ungarici
3068 1248 3219 1313 regni
3250 1259 3474 1312 posses-

1896 1363 2052 1419 sione
2082 1359 2239 1430 potiti
2262 1355 2541 1425 principes
2583 1347 2885 1407 Austriaci.
2914 1340 3298 1399 formidabiles
3333 1335 3471 1394 ipsis

1897 1457 2061 1512 etiam
2087 1428 2315 1505 l‘olonis
2351 1448 2544 1502 tierent
2575 1462 2592 1507 ;
2624 1441 2719 1513 qui
2764 1452 2899 1494 sane
2952 1432 3211 1491 stimulus
3249 1428 3477 1483 aemula-

1898 1544 2067 1600 tionis
2101 1538 2386 1597 Francisci
2431 1550 2649 1608 quoque
2705 1533 2847 1602 regis
2909 1527 3154 1584 animum
3213 1530 3478 1592 perpetuo

1901 1651 2176 1709 pungeus,
2214 1648 2340 1688 eum
2371 1631 2441 1687 ad
2474 1628 2709 1684 consilia
2742 1622 3005 1686 nefanda,
3027 1620 3216 1688 reique
3244 1614 3479 1684 publica:

1901 1729 2244 1800 perniciosa,
2297 1739 2424 1780 cum
2476 1720 2754 1777 indelebili
2790 1717 2856 1773 ad
2900 1727 3117 1771 omnem
3156 1707 3476 1763 memoriam

1904 1822 2240 1896 posteritatis
2271 1817 2495 1873 infamia
2530 1830 2652 1879 sua,
2682 1810 2937 1882 perpulit.
2982 1806 3060 1860 ita
3095 1801 3353 1857 nimirum
3388 1812 3485 1866 per

220 1909 316 1982 qui
347 1923 469 1964 "‘0‘
501 1907 652 1963 abire
681 1901 972 1975 quemdam
1002 1915 1033 1956 ⁸
1066 1896 1532 1968 splendidioribus
1582 1891 1799 1955 auliCis’
1834 1891 1877 1952 Β
1905 1891 2262 1972 ambitionem
2290 1919 2345 1966 et
2383 1907 2645 1963 invidiam
2700 1903 2801 1958 fuit
2851 1906 3119 1955 attractus
3155 1896 3210 1949 in
3270 1893 3482 1945 viscera

220 2010 270 2057 et
293 2000 545 2056 simulata
578 2011 812 2069 persona
836 1991 1163 2065 regia.quid
1217 1987 1343 2044 istic
1395 1985 1580 2041 arcani
1632 1992 1797 2049 esset,

216 2107 458 2164 quaerere
482 2088 733 2160 jusserit.
767 2086 908 2141 Tum
939 2098 1069 2140 vero
1128 2080 1388 2137 claudum
1425 2077 1578 2133 illum
1619 2075 1684 2129 dc
1715 2087 1802 2126 ar-

213 2202 357 2242 cano
378 2185 673 2239 revelando
700 2181 850 2237 velut
877 2196 907 2236 a
952 2192 1079 2248 rege
1124 2180 1396 2246 praesente
1445 2168 1799 2238 appellatum,

214 2294 451 2353 negasse
480 2277 720 2350 primum
758 2275 906 2329 hunc
936 2286 1060 2328 esse
1110 2280 1318 2335 regem,
1387 2262 1582 2318 deinde
1615 2257 1804 2329 subje-

214 2351 361 2429 cisse
392 2384 596 2441 regem,
631 2366 723 2436 qui
756 2380 815 2421 se
842 2361 1032 2419 audire
1059 2358 1247 2423 nollet,
1273 2355 1424 2413 brevi
1456 2351 1792 2424 periturum,

215 2472 381 2533 atque
418 2460 505 2514 his
550 2455 801 2529 prolatis,
856 2453 912 2508 in
962 2450 1138 2507 oculis
1180 2445 1424 2502 omnium
1487 2440 1802 2497 evanuisse.

218 2552 595 2611 Hemorabilis
629 2563 762 2606 sane
788 2548 969 2619 plures
993 2544 1063 2600 ob
1122 2550 1322 2597 causas
1353 2535 1603 2600 historia,
1639 2544 1804 2602 quam

219 2647 473 2718 equidem
499 2644 622 2698 loco
671 2652 781 2695 tam
809 2637 1010 2693 idoneo
1062 2633 1289 2689 minime
1347 2626 1531 2699 putavi
1587 2621 1807 2680 silentio

218 2737 673 2810 pratereundam.

496 2825 624 2883 223.
662 2823 842 2879 Novus
870 2820 1314 2877 Dervislariorttm
1341 2824 1535 2872 melus.

286 2924 400 2992 Qui
425 2920 762 2976 Calenderes
798 2914 994 2971 Turcis
1017 2915 1299 2977 dit-untur,
1333 2909 1427 2981 qui
1467 2901 1807 2967 Dervislarii,

222 3024 567 3080 declaratum
625 3016 884 3087 superius
914 3011 1095 3083 capite
1131 3009 1252 3063 i'li.
1288 3002 1656 3062 Dervislarios
1683 2996 1809 3069 qui-

223 3118 347 3172 dem
379 3128 505 3170 esse
548 3124 745 3165 nomen
789 3104 1065 3179 generale,
1117 3115 1228 3172 quo
1256 3096 1586 3155 Calenderes
1633 3099 1688 3151 ct
1715 3089 1809 3145 alii

1908 2020 2093 2064 nostra
2131 2018 2311 2060 saevus
2367 2007 2425 2057 et
2479 2000 2699 2068 juratus
2759 1991 2955 2047 ho~tis.
2990 1987 3212 2042 Utinam
3238 1997 3306 2037 ne
3338 1992 3488 2034 nunc

1906 2100 2071 2157 etiam
2106 2097 2286 2152 fucata
2310 2093 2538 2148 libertas
2567 2083 2875 2145 electionis,
2895 2092 2951 2135 et
2973 2077 3199 2134 frederis
3228 2069 3485 2128 Osmani-

1907 2194 2100 2248 darum
2133 2203 2258 2244 cum
2283 2184 2462 2240 vicina
2488 2177 2767 2235 Sarmatia
2797 2180 3120 2244 praetextas.
3155 2181 3220 2221 ac
3251 2164 3488 2218 detesta-

1908 2285 2035 2342 bilis
2057 2277 2420 2353 quorumdam
2453 2269 2703 2334 ambitio,
2739 2266 2942 2320 malum
2985 2258 3207 2329 aliquod
3255 2254 3487 2322 Europae

1907 2376 2125 2449 pariant
2154 2388 2171 2436 ;
2204 2368 2348 2437 quod
2378 2366 2521 2422 Deus
2549 2372 2731 2418 tamen
2757 2356 2999 2429 optimus
3029 2350 3302 2406 maximus
3323 2360 3486 2400 omen

1910 2436 2162 2522 avertat!
2221 2457 2411 2515 Notari
2456 2452 2677 2525 quidem
2729 2445 3007 2503 annalium
3058 2440 3222 2495 verba
3261 2436 3486 2496 debent,

1910 2556 2111 2629 quibus
2141 2551 2381 2608 Joannes
2411 2547 2503 2603 hic
2522 2543 2723 2611 fi‘urcis
2769 2553 2878 2594 non
2919 2535 3129 2592 electus
3155 2530 3224 2584 ab
3252 2524 3491 2597 Ungaris

1914 2625 2037 2715 rex.
2094 2646 2191 2703 sed
2248 2646 2435 2699 Banus
2490 2631 2938 2707 Transsylvanite
2992 2625 3311 2684 nominatur
3364 2625 3492 2674 ante

1911 2712 2077 2816 quam
2106 2735 2438 2796 Soleimanis
2459 2729 2731 2788 beneﬂcio
2757 2724 2974 2783 scilicet
3015 2730 3242 2789 regnum
3279 2712 3493 2770 obtine-

1911 2802 2194 2892 ret.ldent
2246 2831 2431 2885 Battus
2481 2822 2751 2880 detulisse
2792 2831 2894 2873 sua
2950 2813 3153 2868 dicitur
3191 2802 3493 2863 Soleimanl

1911 2928 2192 2998 obsequia.
2225 2921 2364 2991 Quid
2381 2918 2529 2974 aliud
2559 2915 2683 2978 hoc,
2705 2925 2868 2980 quam
2889 2907 3092 2962 factum
3126 2902 3299 2957 fuisse
3321 2898 3493 2954 clien-

1913 2989 2174 3083 tem,'vel
2216 2989 2548 3083 mancipium
2582 3007 2763 3077 potius
2789 2997 3118 3059 Soleimanis
3144 2994 3167 3048 ?
3236 2991 3408 3062 Magis
3438 2989 3493 3043 id

1913 3116 2077 3172 etiam
2108 3118 2259 3180 paret
2287 3123 2351 3163 ex
2393 3081 2461 3161 eo
2494 3099 2641 3172 quod
2678 3094 2933 3167 sequitur
2966 3109 2981 3145 :
3014 3084 3346 3145 Soieimanis
3398 3081 3498 3134 im-

227 3209 411 3296 “Pi,”
461 3205 611 3259 diem
656 3198 929 3296 r-ece“5i_“_
964 3190 1531 3296 comfrfhetmamur’
1586 3185 1672 3296 "il
1835 3233 1881 3296 ο
1918 3206 2071 3278 perio
2102 3175 2310 3258 lienam
2341 3214 2401 3254 se
2424 3191 2781 3255 submisisse,
2809 3186 2894 3242 vel
2927 3181 3205 3239 subditum
3233 3175 3501 3230 Soleima-

2463 3292 2473 3296 -
2605 3287 2616 3296 .
2847 3281 2860 3296 .
2893 3295 2902 3296 ,
2934 3276 3235 3296 ,πη-μη*
3273 3274 3471 3296 unum,

232 3295 396 3357 etiam
424 3313 492 3354 ex
546 3297 666 3351 locu
700 3292 1049 3365 perspicitur.
1081 3284 1351 3343 Calender
1414 3290 1598 3335 autem
1629 3275 1813 3332 Zelehi

240 3390 504 3463 significat
532 3386 889 3442 Caleuderetn
934 3380 1052 3437 sive
1090 3377 1412 3448 religiosum
1446 3370 1708 3431 nobilem,
1748 3381 1815 3421 ex

250 3498 409 3536 causa
462 3481 517 3534 iu
557 3478 695 3550 ipsis
724 3474 1023 3531 annalibus
1053 3469 1330 3542 exposita,
1359 3464 1503 3537 quod
1551 3463 1814 3532 originem

257 3572 694 3641 generis,seilicet
713 3570 781 3626 ad
805 3568 1024 3625 Chasim
1050 3561 1616 3630 Bcctasem,reierret;
1635 3555 1816 3625 cujus,

258 3678 312 3721 nt
336 3666 680 3721 anctoxitatis
707 3664 837 3719 olim
877 3675 1108 3718 summa:
1139 3657 1265 3721 viri,
1298 3651 1506 3711 mentio
1551 3652 1692 3706 facta
1719 3648 1820 3703 fuit

246 3760 299 3819 in
360 3758 777 3818 vita-Urchanis
812 3754 993 3820 Gasis,
1029 3749 1290 3809 Osuianis
1322 3747 1444 3812 lilii,
1480 3760 1590 3801 non
1627 3740 1819 3813 procul

240 3861 309 3911 ab
327 3858 611 3914 annalium
641 3853 823 3910 initio.

235 3975 369 4030 ἥδ.
431 3970 641 4027 Battum
693 3963 900 4022 Erdelii
952 3960 1280 4017 Sofeimatm
1335 3951 1620 4030 Uitam-ile-
1648 3963 1823 4018 regem

307 4022 716 4099 ξῦεαῖίάαυσω
758 4048 1157 4106 progressiiam,
1200 4044 1331 4100 quos
1389 4022 1548 4079 Τατεὶ
1592 4022 1823 4091 fecerunt

306 4116 366 4170 in
402 4109 665 4182 Ungaria.

310 4231 394 4285 De
430 4225 563 4280 Bani
617 4222 885 4293 dignitate
934 4214 1295 4272 tractavimus
1351 4209 1530 4278 capite
1597 4205 1721 4268 174,
1762 4203 1829 4256 de

232 4321 477 4377 Arulelio
506 4316 592 4373 vel
628 4312 846 4369 Erdelio
904 4309 1087 4378 capite
1124 4304 1246 4362 i05.
1276 4303 1481 4357 Banqu
1534 4299 1623 4352 hic
1655 4295 1827 4351 Erde-

233 4417 295 4469 Ιιὶ
330 4420 538 4465 vocant
567 4405 817 4469 annales,
877 4416 1041 4472 quem
1097 4397 1273 4452 nostri
1327 4410 1431 4456 non
1468 4390 1701 4449 Battum.
1730 4385 1827 4442 sed

230 4502 541 4560 vaivodam
574 4496 773 4553 Erdelii
802 4494 918 4548 sive
958 4485 1401 4558 Transsylvania:
1450 4490 1712 4552 perpetuo
1741 4478 1827 4531 di-

1918 3304 2005 3357 uis
2036 3299 2238 3353 factum
2269 3307 2413 3356 esse,
2431 3292 2575 3346 sicut
2604 3287 2720 3356 ipsa
2749 3281 2914 3338 verba
2934 3276 3238 3332 Turcorum
3272 3274 3494 3325 sonant.

1917 3392 2045 3448 Haec
2076 3390 2290 3446 scilicet
2347 3384 2438 3440 illa
2470 3383 2696 3437 libertas
2735 3382 2842 3439 est,
2881 3385 3046 3442 quam
3077 3383 3175 3423 ore
3220 3362 3498 3435 jactitant,

1917 3487 2011 3556 qui
2039 3481 2236 3537 Turcis
2266 3484 2442 3534 semet
2477 3472 2807 3541 adjungupt.
2843 3464 3103 3520 Fructus.
3128 3465 3313 3513 autem
3345 3453 3502 3507 hante

1918 3548 2279 3649 protectionis
2302 3568 2469 3637 hujus
2492 3573 2548 3620 et
2576 3557 2869 3633 patrocinii
2902 3552 3149 3613 Turcici.
3182 3548 3351 3619 paulo
3376 3549 3504 3613 post

1919 3639 1984 3722 ex
2014 3664 2195 3735 capite
2223 3658 2352 3721 250.
2388 3667 2443 3714 et
2467 3654 2604 3725 ipsis
2646 3667 2710 3707 ex
2743 3646 3065 3710 annalibus,
3102 3640 3192 3695 ubi
3228 3639 3295 3693 de
3324 3642 3504 3690 morte

1921 3721 2151 3813 Joannis
2188 3762 2241 3808 et
2289 3748 2383 3803 filii
2424 3721 2728 3811 matrisque
2758 3738 2813 3791 in
2837 3728 3325 3801 Transsylvaniam
3358 3721 3500 3777 relc-

1924 3848 2142 3915 gatione
2193 3847 2472 3899 narratur,
2504 3834 2625 3889 luce
2672 3826 2974 3884 meridiana
3021 3818 3229 3875 clarius
3230 3827 3502 3915 Amare-

1925 3912 2062 3993 bunt
2089 3953 2102 3989 :
2141 3935 2380 4001 itemque
2410 3928 2478 3984 de
2508 3923 2900 3995 Supplementa
2937 3912 3501 3970 annalium‘ostro,

1927 4029 2017 4085 ubi
2042 4025 2257 4081 tandem
2291 3996 2564 4083 videmus,
2613 4010 2888 4068 ambitiosi
2923 4006 3122 4079 patris,
3155 4010 3209 4059 et
3242 3996 3505 4070 reipubli-

1927 4137 2005 4177 cae
2057 4116 2205 4173 noxii
2228 4114 2420 4176 lilium,
2450 4109 2668 4164 Arianae
2694 4112 2858 4162 secta:
2899 4110 3213 4171 patronum,
3238 4107 3361 4164 quae
3388 4088 3503 4144 Ma-

1927 4209 2246 4270 hmnetanis
2279 4200 2649 4271 fores‘aperit,
2680 4198 2801 4255 sine
2839 4195 3051 4258 liberis,
3086 4192 3144 4246 in
3174 4190 3295 4258 ipso
3330 4184 3507 4242 aetatis

1927 4306 2084 4367 flore,
2111 4303 2262 4374 justo
2296 4298 2388 4353 Dei
2417 4292 2653 4366 judicio,
2685 4291 2854 4346 rebus
2888 4284 3148 4342 humanis
3187 4274 3504 4347 exemptum

1929 4397 2121 4452 fuisse.
2148 4391 2349 4447 Nolunt
2380 4395 2540 4442 vetus
2589 4398 2655 4439 ac
2683 4378 3032 4438 verissimum
3065 4370 3286 4443 quidem
3318 4382 3512 4422 oracu-

1929 4492 2042 4547 lum
2070 4487 2198 4543 illud
2229 4502 2246 4540 :

229 4601 468 4652 xerunt.
500 4590 553 4645 is
581 4599 717 4642 tunc
762 4582 1029 4652 temporis
1056 4588 1178 4633 erat
1207 4575 1451 4631 Joannes
1482 4574 1550 4628 de
1573 4569 1812 4642 Zapolia,

2001 4598 2289 4655 Εὐσεὸιων
2342 4594 2594 4648 παίδεσσι
2640 4588 2708 4643 τὰ
2762 4586 2923 4649 ltitia,
2970 4562 3278 4636 Bucosﬁétov
3325 4577 3370 4629 δ’
3420 4573 3509 4629 οὔ.

226 4698 439 4740 comes
460 4675 817 4749 Cepisiensis,
842 4670 1097 4743 Ungarite
1129 4667 1335 4738 pestis:
1378 4665 1467 4732 qui
1505 4672 1631 4718 ante
1686 4677 1825 4730 prer-

229 4779 388 4832 liutn
426 4770 499 4826 de
553 4768 820 4823 industria
885 4762 1096 4818 tardius
1155 4758 1220 4812 ad
1271 4755 1607 4812 Ludovicum
1643 4768 1823 4822 regem

227 4865 442 4935 copias
468 4860 766 4915 auxiliares
786 4854 1020 4917 ducens.
1045 4866 1223 4917 regem
1264 4863 1388 4904 cum
1419 4846 1538 4901 suis
1568 4846 1620 4899 in
1650 4857 1829 4898 extre-

231 4973 407 5014 mum
438 4951 573 5007 illud
592 4949 888 5007 discrimen
916 4942 1217 5012 conjecisse
1238 4939 1500 5003 creditur,
1523 4948 1581 4993 ut
1611 4935 1822 4990 ambitu

232 5046 475 5105 nefario
508 5042 815 5112 pervenire,
873 5050 1016 5091 caeso
1049 5032 1348 5093 Ludovico,
1389 5032 1658 5101 genuinus
1687 5028 1838 5084 scili-

235 5153 338 5197 cet
380 5139 660 5205 L'ugarus,
708 5131 774 5186 ad
810 5143 1036 5199 regnum
1069 5131 1277 5197 posset.
1323 5122 1456 5178 Eant
1497 5122 1569 5177 ob
1604 5136 1831 5178 causam

234 5233 474 5292 dudum
499 5241 717 5296 quoque
754 5220 1020 5279 Ludovici
1070 5232 1318 5274 sororem
1365 5215 1604 5277 Annam,
1650 5212 1839 5268 Ferdi—

237 5325 468 5384 nando.
502 5319 684 5387 magni
713 5311 1065 5370 Maximiiiani
1097 5311 1330 5367 Caesaris
1357 5306 1542 5377 nepoti
1592 5307 1835 5376 despon-

238 5432 379 5475 sam
429 5430 456 5462 a
517 5407 800 5463 Viadislao
851 5416 1003 5473 patre
1039 5400 1203 5471 paulo
1233 5409 1383 5465 ante,
1431 5412 1596 5469 quam
1633 5413 1663 5452 e
1700 5396 1839 5451 vivis

242 5511 578 5569 excederet.
602 5502 804 5557 frustra
829 5500 959 5555 licet
985 5497 1293 5553 ambiverat
1320 5511 1337 5561 ;
1370 5501 1428 5547 nt
1451 5508 1517 5547 en
1550 5491 1671 5561 plus
1695 5490 1844 5560 juris

247 5601 332 5657 ad
367 5612 621 5669 regnum,
663 5590 829 5664 ‘90
858 5588 1137 5660 siquidem
1163 5586 1416 5644 sora-rius
1451 5584 1598 5654 regis
1636 5583 1834 5638 fuisset

255 5693 477 5755 factus,
507 5688 756 5741 haberet.
811 5684 983 5751 Ipsius
1018 5690 1201 5736 autem
1231 5679 1461 5734 Joannis
1496 5674 1843 5746 Zapoliensis

260 5794 528 5840 sororem
554 5777 731 5847 primo
760 5776 867 5832 sibi
919 5774 1277 5831 matrimonio
1320 5769 1503 5834 iunxit
1534 5767 1846 5836 Sigismun-

262 5878 388 5928 (ιω
403 5870 641 5931 Poloniae
674 5884 789 5927 rex.
810 5885 836 5922 ε
865 5885 978 5927 una
1000 5880 1182 5925 tamen
1204 5865 1387 5921 nullos
1440 5864 1684 5921 suscenLt
1713 5858 1845 5915 libe-

2005 4709 2210 4764 Fausta
2244 4707 2451 4777 piorum
2476 4700 2790 4771 posteritas,
2836 4694 3079 4763 infausta
3135 4689 3436 4742 scelestum.

1932 4842 2062 4899 εει.
2101 4841 2356 4897 Viennam
2388 4836 2618 4891 dustria:
2656 4830 2981 4888 Soleimanes
3013 4825 3249 4886 obsidet;
3277 4818 3514 4883 Were:th

2389 4905 2742 4967 Vindoniana,
2781 4899 3075 4956 Ostrikion.

2014 5027 2190 5097 llujus
2218 5020 2524 5079 obsidionis
2559 5028 2753 5073 auctor
2801 5012 3098 5071 Soleimani
3130 5011 3232 5063 fuit
3272 5006 3339 5062 Jo
3362 5019 3519 5061 mnes

1945 5117 2309 5190 Zapoliensis,
2336 5114 2510 5169 hostis
2530 5110 2954 5170 Germanorum,
2974 5120 3098 5159 cum
3122 5102 3291 5169 Ungai
3310 5102 3353 5152 is
3378 5115 3515 5154 sine.

1944 5227 2133 5283 parmn
2183 5208 2360 5278 aequis
2398 5202 2605 5261 nationi
2646 5202 2786 5256 bene
2846 5199 2912 5254 de
2946 5214 3004 5253 se
3044 5195 3270 5247 merita'.
3304 5191 3412 5244 Nnc
3464 5189 3517 5240 in

1947 5307 2037 5362 illa
2063 5302 2308 5359 caecitate
2339 5314 2440 5354 sua
2475 5297 2763 5353 dementes
2793 5289 3222 5363 perspicit-bant,
3265 5285 3308 5337 si
3344 5283 3520 5334 Salei—

1950 5396 2095 5452 mani
2127 5391 2444 5450 licuissetiu
2474 5377 2765 5444 Germania
2795 5385 2980 5455 pedem
3010 5380 3173 5450 ﬁgere
3195 5375 3359 5449 (quod
3387 5389 3522 5428 Sane

1950 5490 2245 5558 quominus
2272 5486 2446 5550 ﬁeret,
2481 5496 2577 5552 per
2611 5480 2762 5550 ipsos
2787 5493 2897 5531 non
2928 5476 3100 5537 stetit,
3137 5472 3255 5524 δυΙι)
3299 5464 3521 5533 benigni

1949 5580 2209 5639 Numinis
2235 5577 2422 5632 favore
2449 5583 2655 5646 pestem
2687 5572 2834 5627 illam
2865 5568 3068 5623 nostris
3095 5583 3123 5617 a
3151 5566 3346 5615 intibus
3371 5578 3529 5613 art-r-

1955 5672 2151 5743 teute),
2180 5685 2285 5724 non
2315 5669 2493 5723 minus
2530 5664 2873 5735 ngarorum
2898 5662 3199 5716 libertatem
3228 5670 3527 5726 oppressu-

1956 5783 2078 5824 rum
2121 5764 2294 5820 fuisse
2346 5761 2665 5821 barbarum,
2703 5771 2867 5825 quam
2923 5763 3168 5808 nostram
3205 5767 3221 5804 :
3255 5769 3284 5804 a
3341 5746 3524 5802 fronte

1957 5856 2166 5915 scilicet
2224 5862 2271 5909 ct
2306 5861 2512 5911 alet-go
2564 5849 2670 5912 iam
2713 5845 2846 5913 ipsis
2892 5843 3036 5900 intra
3075 5854 3227 5915 septa
3260 5857 3359 5898 sua
3388 5853 3524 5895 cou-
