4028 6440
445 429 557 493 895

2063 292 2134 304 κὴ
2177 291 2216 301 ..’
2245 293 2275 300 .ι
2334 285 2382 296 ’.ν

1643 426 1830 488 ΙΟΑΝ
1845 423 1968 488 Νιδ
2016 425 2471 486 LEUNLLAVII

3599 425 3714 508 ευρ

447 541 639 594 clusis.
682 537 883 592 Vienna
921 533 1121 593 Turcis
1160 547 1244 593 est
1276 537 1522 593 Wetsch.
1578 537 1746 594 Vetus
1778 539 2019 608 appella-
2049 543 2096 599 Α
2123 538 2249 593 226.
2283 537 2512 605 Corone,
2554 537 2732 592 insula
2764 507 2922 601 Dalii,
2956 536 3166 600 Bactra,
3195 546 3364 605 capta:
3404 555 3436 590 a
3481 507 3710 595 nostris.

452 634 528 686 tio
559 628 900 685 Vindomana
929 630 1129 698 legitur
1155 631 1205 684 in
1233 629 1435 684 Notitia
1466 632 1754 698 utriusque
1784 631 2022 699 imperii,

451 743 612 793 quam
633 726 880 793 equidem
904 726 1252 795 integriorem
1281 734 1434 794 puto.
1455 741 1615 794 quam
1638 724 1979 779 Vindobonae
2007 743 2022 780 :

454 818 748 882 pnes-crtim
809 817 853 869 si
915 817 1089 869 divisa
1123 818 1305 870 littera
1345 817 1392 870 Μ
1431 819 1483 870 in
1533 817 1574 870 Ν
1617 827 1672 871 et
1728 819 1770 882 Ι,
1807 819 2027 873 dicatur

451 907 837 962 Vindoniana:
899 909 1041 962 sicut
1073 908 1254 961 obiter
1312 909 1568 976 superius
1623 911 1788 962 etiam
1844 909 2026 976 capite

454 1001 627 1058 primo
667 1001 1151 1054 covnrnentationis
1185 1000 1351 1069 hujus
1375 1000 1768 1056 indicavimus.
1797 1000 2026 1070 Βρςίοηί

451 1108 649 1144 nomen
682 1108 787 1145 non
825 1093 890 1144 ali
923 1103 1112 1145 anStro
1148 1091 1357 1155 datum,
1387 1092 1534 1160 quod
1568 1094 1634 1146 ab
1669 1092 1874 1146 austris
1908 1105 2031 1158 pcr-

454 1185 567 1238 llat'i
599 1187 794 1239 crebro
814 1186 1002 1245 soleat.
1030 1192 1087 1238 ut
1117 1184 1313 1238 Lazius
1341 1186 1584 1254 scripsit,
1619 1187 1713 1241 sed
1746 1186 1813 1239 ah
1843 1185 2029 1240 orien-

458 1280 549 1330 tali
581 1280 711 1342 situ,
740 1288 989 1346 respectu
1017 1278 1243 1346 reliquae
1269 1276 1599 1340 Germaniae,
1625 1278 1709 1330 vel
1737 1293 1768 1331 e
1796 1286 2029 1346 praetore

452 1369 679 1425 Graeciaa
744 1379 934 1423 nostro
989 1378 1169 1438 paret,
1229 1369 1323 1438 qui
1381 1367 1587 1423 Graecis
1617 1363 1898 1437 ὀστρίκιον
1929 1383 2032 1422 suo

459 1477 680 1528 quoque
707 1468 955 1527 tempore
1007 1462 1211 1516 dictam
1252 1460 1517 1517 ostendit.
1549 1461 1604 1516 ld
1649 1460 1792 1514 enim
1829 1471 2030 1514 nomen

463 1550 707 1612 ()strich.
749 1551 831 1605 vel
867 1550 1187 1616 Osi-Reich,
1209 1552 1499 1607 Germanis
1519 1551 1848 1622 simpliciter
1873 1557 2032 1604 sonat

462 1661 691 1714 regnum
725 1647 977 1707 orientis.
998 1646 1080 1699 vel
1116 1647 1181 1700 ad
1215 1648 1485 1701 orientem
1521 1648 1712 1702 situm.
1751 1646 1908 1712 Quod
1937 1645 2036 1702 fri-

467 1737 616 1806 goris
660 1739 711 1790 vi
764 1747 991 1791 narrant
1029 1737 1192 1793 Turci
1238 1730 1601 1793 Soleimanem
1642 1737 1711 1792 ab
1751 1739 2035 1794 obsidione

464 1828 748 1882 discedere
777 1841 1053 1894 coactum,
1085 1831 1385 1884 excusandi
1411 1832 1616 1885 sultani
1663 1825 1746 1885 sui
1777 1840 2033 1885 suorum-

466 1935 572 1985 que
623 1935 788 1974 causa
847 1912 1078 1977 faciunt.
1104 1922 1316 1992 Quippe
1355 1931 1574 1978 constat
1619 1923 1830 1979 Turcos
1864 1924 2031 1979 vicies
2067 1901 2107 1958 Β

467 2025 654 2064 muros
688 2012 841 2066 urbis
870 2013 1131 2078 subiisse,
1189 2015 1360 2070 vicies
1415 2029 1445 2068 a
1500 2016 1773 2068 mamilius
1829 2015 2034 2070 virtute

465 2111 927 2169 propugnatorum
985 2105 1155 2160 fuisse
1208 2107 1480 2174 repulsos,
1513 2107 1761 2174 adeoque
1810 2106 2032 2159 tandem

466 2190 685 2247 frameis
709 2193 830 2248 licet
857 2209 920 2248 ac
955 2195 1193 2252 fustibus
1216 2198 1495 2256 adhibitis.
1516 2197 1734 2267 adigere
1765 2212 1896 2253 suos
1921 2211 2034 2250 am-

466 2283 606 2351 plius
647 2285 714 2339 ad
773 2291 1230 2356 impugnationem
1286 2290 1762 2360 redintegrandam
1799 2291 1944 2345 nulla
1983 2289 2036 2344 vi

465 2375 729 2442 potuisse.
768 2377 906 2432 liinc
947 2382 1100 2435 urbis
1135 2382 1413 2450 capiendae
1437 2381 1748 2451 desperatio
1774 2382 2037 2436 Soleima-

466 2466 552 2521 ttis
588 2469 832 2522 animum
872 2471 1068 2530 subiit,
1092 2482 1145 2523 ιιι
1181 2479 1412 2540 apparet
1454 2488 1517 2526 ex
1555 2472 1671 2543 ipsa
1710 2470 2041 2526 Viennensis

463 2556 662 2608 obsidii
695 2558 1084 2628 descriptione.
1106 2563 1283 2630 Cmpit
1309 2565 1362 2616 in
1389 2579 1593 2618 morem
1614 2563 1752 2630 fuge
1770 2563 2039 2618 Soleima-

467 2661 566 2699 nes
597 2646 818 2715 reliquis
839 2665 960 2704 cum
982 2652 1156 2720 capiis
1175 2643 1598 2720 abscedere,'die
1613 2655 1824 2709 decimo
1843 2661 2044 2723 quarto

472 2737 746 2806 Octobris,
773 2757 919 2798 anno
939 2744 1256 2800 Christiano
1279 2746 1573 2801 millesimo
1596 2745 2042 2815 quingentesimo

469 2833 730 2887 vicesimo
771 2851 941 2891 nono.
997 2838 1346 2895 Atntindanis
1381 2854 1604 2900 nomen.
1643 2839 1801 2909 cujus
1837 2838 2044 2892 mentio

467 2925 732 2993 sequitur,
761 2930 1117 2999 exposuimus
1147 2947 1334 3001 supra,
1356 2933 1536 3000 capite
1565 2932 1687 2987 130.

471 3041 593 3114 225.
636 3044 819 3114 Altera
859 3043 1179 3099 Soleimanis
1221 3057 1404 3100 contra
1436 3045 1727 3102 Germanos
1759 3046 2042 3114 expeditio.

541 3110 719 3198 ‘Cttsnn
739 3112 1188 3198 Michalogli‘ctttn
1208 3117 1318 3169 suis
1341 3135 1378 3198 a_
1395 3110 1916 3198 Fridericoprincipe
1941 3116 2047 3198 lfa-

2201 629 2277 685 De
2311 630 2526 685 Corone
2555 630 2762 685 dictum
2794 646 2915 699 cap.
2953 629 3076 683 {77.
3108 628 3293 684 Insula
3343 630 3502 692 Balu.
3549 631 3715 689 locus

2129 731 2213 778 est
2247 723 2314 776 ad
2350 723 2523 792 ipsam
2553 722 2832 786 Coronen,
2865 724 3034 779 littori
3063 723 3368 792 proximus.
3417 737 3581 793 quem
3621 724 3716 779 in-

2129 814 2544 879 coluntGratci,
2598 813 2802 869 Turcis
2858 814 3316 871 inhabitantibus.
3345 811 3487 866 Hinc
3546 813 3714 869 intel-

2130 909 2221 978 ligi
2253 917 2454 977 potest,
2483 909 2627 978 quod
2670 907 2813 978 apud
2857 907 3122 962 Ortelittm
3175 905 3424 974 legimus,
3455 904 3708 960 Coronen

2132 999 2186 1054 in
2235 999 2506 1054 Messenia
2564 999 2954 1068 Peloponnesi.
3007 997 3284 1067 So'phiano
3343 995 3455 1050 dici
3503 995 3693 1060 Coron.

2133 1090 2300 1146 Mario
2336 1090 2498 1161 Nigro
2523 1089 2660 1145 Nisi.
2691 1090 2902 1159 Quippe
2932 1089 3061 1157 νησῐ
3111 1087 3319 1142 Graecis
3353 1086 3578 1141 insulam
3615 1086 3689 1142 si-

2133 1181 2374 1254 gnificat,
2431 1181 2751 1251 integreque
2781 1181 2885 1236 dici
2941 1179 3178 1234 debebat
3233 1177 3451 1248 νησίον.
3493 1177 3565 1232 Ac
3599 1178 3695 1232 toti

2135 1290 2336 1332 nomen
2380 1273 2501 1326 urbi
2536 1289 2564 1326 a
2596 1280 2750 1342 patre
2790 1259 2958 1343 Niger
2989 1271 3160 1325 dedit.
3193 1267 3366 1322 Badra
3405 1266 3602 1324 Turcis
3631 1269 3706 1322 ef-

2135 1369 2311 1424 fertur
2330 1366 2692 1434 Peloponnesi
2713 1365 2883 1419 urbs:
2911 1363 3175 1417 Patrasso
3193 1371 3390 1416 vocant
3415 1352 3535 1416 itali
3561 1380 3576 1414 :
3608 1361 3711 1415 Pa-

2135 1468 2232 1517 trae
2265 1462 2540 1530 quondam
2595 1459 2804 1515 Graecis
2861 1471 3090 1512 numero
3119 1453 3485 1512 multitudinis
3533 1468 3714 1509 enun-

2136 1555 2398 1611 tiabatur.

2367 1645 2495 1700 227.
2540 1645 2832 1699 Chairadin
2871 1641 3224 1706 Barbarossa,
3275 1638 3481 1696 Cesair.

2207 1735 2496 1793 Notionem
2522 1737 2772 1793 vacabuli
2804 1735 3098 1790 Chairadin
3129 1735 3307 1802 capite
3339 1734 3412 1788 36
3441 1732 3722 1788 dedimus.

2137 1832 2240 1886 Hic
2302 1833 2448 1886 nulla
2491 1832 2550 1886 fit
2613 1829 2866 1886 lioruccii
2932 1829 3137 1906 mentio
3194 1835 3508 1898 propterea,
3566 1826 3723 1893 quod

2139 1926 2363 1996 perierit
2407 1933 2533 1978 ante
2611 1939 2774 1992 quam
2819 1935 2916 1991 pro
2968 1921 3164 1975 Turcis
3225 1919 3428 1989 aliquid
3481 1911 3730 1984 insﬁgnis

2137 2017 2216 2070 rei
2260 2015 2544 2084 gessisset,
2601 2014 2830 2083 privatis
2863 2019 3153 2066 contentus
3184 2008 3508 2066 commodis.
3547 2007 3730 2076 Major

2139 2108 2185 2163 is
2222 2117 2353 2162 natu
2424 2107 2595 2161 frater
2644 2103 3018 2166 Chairadinis,
3075 2105 3178 2158 sub
3231 2103 3560 2170 archipirata
3612 2101 3730 2156 Kc-

2139 2195 2280 2254 male
2303 2214 2504 2252 nomen
2529 2207 2582 2253 et
2630 2213 2742 2253 rem
2795 2201 3129 2252 consecutus
3173 2207 3202 2249 e
3250 2194 3506 2263 piratica,
3564 2193 3720 2247 Seli-

2146 2306 2286 2344 mem
2319 2291 2576 2348 Arahem.
2609 2289 2762 2359 regni
2816 2287 3155 2358 Algeriensis
3182 2286 3480 2351 litercdem,
3517 2287 3605 2341 cui
3647 2302 3736 2341 ro-

2142 2391 2299 2451 gatus
2355 2383 2641 2452 suppetias
2700 2383 2924 2444 tulerat,
2969 2396 3065 2452 per
3121 2379 3355 2434 insidias
3408 2379 3459 2432 in
3519 2379 3732 2435 balneo

2142 2475 2377 2539 necavit,
2411 2483 2464 2528 ct
2493 2476 2685 2529 urbem
2711 2491 2831 2528 cum
2866 2490 3034 2543 regno
3067 2474 3167 2528 sibi
3205 2490 3300 2541 per
3323 2475 3430 2527 vim
3457 2476 3731 2530 asseruit.

2143 2565 2431 2620 Exstincto
2467 2567 2667 2621 deinde
2699 2566 2990 2626 l‘loruccio,
3021 2565 3178 2634 cujus
3220 2565 3501 2619 interitum
3529 2564 3734 2620 Jovius

2144 2657 2464 2728 descripsit,
2497 2659 2852 2714 Chairadiucs
2888 2660 3081 2724 frater,
3113 2669 3163 2713 ct
3201 2659 3318 2728 ipse
3359 2659 3533 2728 pirata
3575 2661 3728 2714 nolui-

2146 2747 2235 2811 lis,
2289 2748 2344 2802 in
2403 2749 2754 2817 possessione
2817 2751 2970 2817 regni
3035 2748 3348 2814 successit,
3394 2749 3727 2819 tandemque

2147 2837 2447 2892 Soleimani
2515 2837 2695 2893 factus
2750 2840 2911 2909 longe
2967 2838 3354 2901 charissimus,
3412 2853 3476 2893 ea
3531 2842 3731 2908 gessit,

2146 2946 2269 3002 quae
2291 2930 2549 3000 deinceps
2585 2931 2640 2984 in
2678 2931 2976 2986 annalibus
3029 2939 3400 3000 exponuntnr.
3448 2931 3524 2983 Ad
3581 2931 3735 2987 hunc

2153 3038 2250 3094 per
2280 3037 2526 3078 errorem
2563 3023 2748 3077 omnia
2785 3023 3106 3078 referuntur
3130 3022 3240 3088 hic,
3278 3022 3346 3077 de
3396 3030 3550 3091 capta
3591 3038 3736 3091 pra-

2149 3116 2337 3171 serlim
2370 3115 2624 3178 Cesaire,
2659 3132 2780 3185 quae
2811 3131 2840 3170 a
2876 3117 3066 3181 fratre,
3128 3116 3256 3171 dum
3291 3116 3519 3180 viveret,
3574 3124 3734 3184 gesta

545 3181 714 3235 latino
742 3197 940 3249 casus;
969 3183 1414 3241 Palatiuorumin
1438 3181 1812 3255 rempublicam
1833 3181 2042 3242 merita.
2069 3237 2117 3300 Ο
2152 3205 2386 3262 [ρει-³1η.
2443 3207 2634 3262 Casa“.
2678 3181 2961 3261 Numidiae
3031 3207 3391 3276 me'mpolis’
3446 3181 3740 3274 mea"...

545 3293 864 3363 intelligunt
911 3297 1141 3352 annales
1199 3298 1422 3368 llispani
1458 3300 1678 3354 nomine
1707 3299 1966 3354 Karulum
2000 3299 2041 3354 V

472 3385 802 3455 Augustum,
840 3389 1221 3459 Hispaniarum
1267 3406 1447 3461 regem
1481 3410 1497 3448 :
1531 3409 1694 3463 quem
1733 3396 2044 3464 imperato-

473 3492 587 3532 rem
622 3479 992 3534 Romanorum
1020 3481 1236 3536 infitiari
1264 3484 1477 3540 solebat
1505 3485 1866 3550 Soleimanes,
1896 3488 2045 3555 quod

473 3583 534 3622 se
555 3569 679 3624 belli
706 3569 830 3638 jure
847 3587 1219 3629 successorem
1238 3574 1585 3631 Constantini
1609 3579 1785 3648 magni
1811 3579 2045 3645 diceret,

473 3661 566 3729 qui
604 3673 710 3714 tam
751 3661 1079 3728 Occidentis,
1097 3683 1260 3736 quam
1289 3667 1551 3736 Orientis,
1582 3668 1776 3726 fuisset
1807 3671 2050 3740 impera-

475 3759 582 3807 tor.
637 3753 866 3810 Casanis
910 3754 1252 3828 Michaloglis
1303 3774 1502 3814 nomen
1552 3760 1694 3828 apud
1746 3759 2046 3827 Soiterum,

473 3845 568 3914 qui
623 3861 688 3901 ex
715 3852 954 3923 Aoetris
1005 3851 1110 3908 hoc
1170 3851 1373 3906 bellum
1429 3853 1710 3922 eleganter
1771 3853 2048 3923 ascripsit,

475 3864 568 3914 qut
623 3864 954 3992 ex‘éostrts
1005 3864 1110 3908 noc
1170 3864 1373 3906 bellum
1429 3864 1710 3922 eleganter
1771 3864 2048 3923 ascripstt,

475 3952 584 3992 non
614 3938 716 4010 legi
789 3956 832 3994 r.
873 3940 1124 3997 Vaivodae
1157 3943 1472 4011 appellatio,
1513 3958 1634 4010 qua:
1682 3942 1886 3999 Casani
1953 3941 2052 3996 tri-

475 4027 690 4091 bttitur,
735 4031 1079 4098 capitancum
1140 4032 1440 4101 signiﬁcat.
1499 4031 1692 4088 Caesus
1743 4045 1868 4086 cum
1929 4031 2052 4086 suis

478 4118 824 4173 memorabili
849 4120 1001 4174 clade
1031 4120 1133 4174 fuit
1158 4137 1186 4173 a
1206 4121 1487 4176 Friderico
1517 4123 1766 4191 principe
1790 4121 2053 4178 Palatino

480 4206 780 4272 Bheneusi,
815 4209 1143 4262 auxiliorum
1195 4210 1408 4280 imperii
1445 4227 1704 4281 supremo
1762 4213 1924 4276 duce,
1955 4213 2050 4283 qui

483 4307 606 4366 post
638 4301 1012 4368 seplemvirali
1039 4301 1303 4372 dignitate
1327 4301 1565 4373 fulgens,
1587 4299 1746 4376 49],
1778 4307 2054 4360 honorata

477 4389 742 4459 gravique
799 4403 1021 4444 senecta
1077 4393 1243 4445 vitam
1300 4393 1354 4446 in
1411 4393 1576 4448 terris
1613 4396 1814 4449 clausit
1869 4410 2050 4450 suam.

480 4479 844 4537 Serenissima
892 4499 1027 4537 sane
1079 4484 1458 4540 Palatinornm
1493 4486 1802 4556 principum
1849 4485 2052 4542 familia

2152 3298 2319 3370 vulgo
2347 3298 2575 3354 dicitur.
2599 3297 2804 3353 Priscis
2841 3305 2958 3352 erat
2991 3295 3134 3353 Julia
3162 3297 3433 3354 Ctesarea.
3484 3296 3740 3351 Nicolai-

2153 3393 2253 3448 des
2306 3406 2336 3446 a
2364 3390 2576 3446 Mauris
2623 3389 2839 3456 Gezeir,
2872 3389 3146 3446 Arabibus
3181 3388 3434 3461 Elgezair
3479 3388 3598 3444 dici‘
3633 3401 3742 3459 pu-

2157 3493 2256 3549 tat,
2293 3484 2518 3539 nomine
2555 3482 2904 3554 significante
2949 3483 3216 3544 insulam,
3257 3490 3488 3552 propter
3535 3480 3732 3536 Baleao

2154 3577 2298 3632 rium
2327 3585 2383 3632 et
2405 3575 2636 3631 aliarum
2659 3573 2964 3629 insularum
2990 3572 3275 3640 viciniam,
3299 3586 3432 3628 sane
3456 3571 3735 3628 ridicule:

2155 3685 2280 3726 cum
2316 3678 2614 3739 utrumque
2643 3666 2711 3722 sit
2765 3665 2934 3732 idem,
2965 3665 3068 3720 nisi
3125 3664 3277 3735 quod
3309 3663 3465 3720 alteri
3511 3663 3740 3720 additus

2156 3770 2239 3815 est
2286 3775 2352 3816 st.
2395 3760 2480 3814 vel
2538 3774 2604 3813 AL
2655 3756 2921 3814 articulus
2974 3753 3282 3825 Arabicus,
3336 3763 3391 3812 et
3440 3763 3743 3825 utrumque

2157 3857 2482 3921 corruptum
2510 3849 2584 3905 sit
2611 3863 2676 3904 ex
2718 3847 2968 3904 Caesarea
2988 3887 3004 3911 .
3024 3846 3174 3903 sicut
3201 3855 3254 3903 et
3287 3846 3498 3903 Cesair.
3531 3843 3742 3901 Barba-

2158 3943 2295 3998 riam
2345 3941 2527 3996 vocari
2579 3942 2929 3996 maritimam-
2959 3939 3202 4000 Africam
3231 3979 3246 4004 ,
3291 3938 3452 3994 initio
3503 3936 3746 4009 Supple-

2160 4032 2330 4088 menti
2393 4031 2689 4086 Annalium
2765 4031 2941 4085 nostri
3023 4029 3362 4086 monuimus.
3426 4031 3741 4100 Asprorurn

2158 4125 2488 4194 quadragies
2521 4131 2742 4179 centum
2797 4123 2971 4177 millia
3002 4121 3212 4178 faciunt
3277 4129 3501 4178 centum
3565 4121 3734 4176 millia

2159 4214 2520 4278 tbalerorum,
2551 4211 2728 4282 pretio
2753 4211 2947 4268 thaleri
2988 4212 3152 4267 unius
3169 4214 3234 4268 ad
3259 4211 3624 4282 quadraginta
3656 4227 3737 4267 as-

2161 4319 2290 4376 pros
2317 4312 2600 4370 revocato,
2628 4303 2774 4359 sicut
2799 4311 3082 4359 ostensum
3112 4312 3198 4359 est
3227 4303 3408 4374 capite
3437 4303 3523 4358 18.

2159 4418 2286 4475 2ὶ8.
2323 4415 2518 4489 Ofﬁcia
2551 4417 2728 4472 Portw
2767 4416 3394 4542 (zzzt‘at’tliggeprweipua,
3430 4413 3738 4484 cujusmodi

477 4583 591 4629 tam
629 4576 925 4644 superiori,
951 4592 1114 4647 quam
1143 4579 1248 4633 hoc
1265 4586 1460 4632 contra
1479 4579 1844 4634 Soleimanem
1886 4579 2052 4648 bello,
2081 4587 2136 4650 ι)
2231 4580 2416 4646 Prius,
2453 4594 2618 4649 quam
2646 4579 2977 4635 accedamus
3005 4577 3073 4633 ad
3100 4576 3528 4647 explicationem
3555 4574 3738 4641 cilicii,

480 4667 772 4734 perutilem
837 4667 1133 4722 immortali
1189 4683 1311 4724 cum
1364 4668 1527 4723 laude
1563 4684 1677 4724 .sua
1739 4669 2056 4738 reipublica

478 4755 811 4812 Christiana:
840 4759 1059 4813 navavit
1105 4773 1330 4829 operam
1362 4776 1379 4815 :
1413 4776 1541 4815 cum
1583 4761 1813 4817 obsessa
1841 4759 2056 4818 Vienna

485 4846 797 4918 Philippus,
821 4866 851 4904 e
881 4850 1148 4909 Friderici
1171 4853 1338 4909 fratre
1360 4851 1608 4924 Ruperto
1637 4863 1825 4921 natus,
1850 4855 1908 4910 in
1936 4856 2058 4913 loco

483 4938 618 4993 nihil
651 4940 701 4994 id
746 4945 1007 5012 temporis
1031 4946 1266 5010 munito,
1303 4953 1498 5001 contra
1541 4950 1652 5003 vim
1689 4947 2059 5018 potentissimi

485 5026 661 5082 hostis
693 5029 1069 5100 defendendo,
1114 5051 1276 5091 suum
1325 5052 1424 5106 pro
1451 5038 1627 5093 salute
1659 5039 1852 5109 patriae
1897 5049 2062 5110 caput

485 5120 778 5179 devoveret
803 5145 816 5180 :
842 5125 1156 5184 Fridericus
1178 5139 1233 5186 et
1257 5130 1583 5204 Wolfangus
1605 5132 1802 5189 fratres
1837 5134 2064 5191 Cremb—

487 5216 578 5278 sii,
606 5217 673 5271 ad
700 5216 975 5274 decimum
1012 5235 1043 5276 a
1070 5219 1279 5278 Vienna
1314 5224 1575 5295 lapidem,
1633 5241 1760 5282 cum
1794 5228 1970 5296 copiis
2006 5227 2063 5282 in

487 5322 708 5366 Omnem
745 5309 885 5366 bene
903 5315 1154 5384 gerendae
1177 5317 1255 5373 rei
1279 5318 1628 5376 occasionem
1659 5321 1852 5375 intenti
1883 5319 2068 5376 subsi-

491 5409 733 5469 sterent,
794 5419 859 5461 ac
922 5422 1069 5463 nunc
1124 5408 1337 5465 demum
1397 5427 1540 5467 anno
1594 5413 1759 5469 tertio
1807 5411 2068 5467 redeunte

490 5487 820 5565 Soleimane,
845 5502 1054 5571 primus
1087 5501 1402 5557 Fridericus
1435 5504 1500 5557 ad
1527 5502 1927 5560 defendendam
1954 5501 2066 5557 Au-

492 5591 684 5644 striam
719 5593 1017 5660 advolat-ct,
1048 5605 1102 5652 et
1128 5607 1353 5669 paratus
1380 5598 1496 5666 ipse
1528 5596 1801 5652 Barbaros
1833 5595 2067 5664 impara-

496 5699 582 5747 tos
616 5698 668 5743 et
704 5689 1078 5758 imprudentes
1112 5690 1415 5751 invaderet,
1448 5689 1701 5752 caederet,
1735 5687 2067 5756 proﬂigaret.

498 5779 686 5834 Hostis
732 5780 949 5848 quidem
982 5781 1244 5850 elogium.
1280 5781 1346 5835 de
1375 5793 1519 5844 θεεδο
1549 5779 1617 5833 ab
1653 5776 1936 5831 Alamanis
1967 5775 2068 5831 Ca-

497 5888 631 5936 sanc
667 5871 996 5941 Miultallrgli,
1021 5872 1087 5926 ad
1113 5872 1279 5940 hujus
1310 5872 1530 5925 familia:
1567 5871 1779 5924 laudem
1806 5869 2063 5938 pertinet.

2159 4674 2306 4746 quod
2336 4673 2701 4729 Chairadines
2727 4670 2818 4726 hic
2841 4675 3174 4725 consecutus
3204 4668 3465 4733 traditur,
3495 4665 3742 4734 supremi

2160 4765 2413 4822 videlicet
2465 4760 2774 4836 beglerbegi
2802 4760 3010 4827 maris,
3061 4774 3176 4815 uno
3226 4759 3448 4814 tandem
3502 4756 3745 4826 comple-

2163 4869 2378 4914 ctamur
2399 4857 2524 4913 loco
2551 4855 2724 4911 totius
2757 4852 2917 4920 aulae,
2948 4851 3036 4907 vel
3061 4849 3241 4907 Porta:
3270 4849 3454 4921 potius
3488 4845 3744 4905 Osmani-

2166 4964 2245 5005 cae
2273 4949 2455 5004 ofiieia
2488 4949 2789 5017 praecipua,
2830 4944 3108 5014 rebusque
3157 4941 3412 4999 Turcicis
3463 4940 3743 5012 explican-

2163 5040 2250 5095 dis
2282 5047 2336 5094 et
2369 5035 2739 5107 intelligendis
2769 5034 3105 5090 necessaria.

2235 5127 2479 5184 Primum
2514 5125 2627 5180 haec
2654 5124 2782 5180 sciri
2813 5132 3029 5194 oportet
3061 5137 3184 5180 esse
3223 5121 3396 5177 duum
3454 5120 3618 5190 plane
3652 5135 3746 5190 ge-

2165 5231 2382 5279 nerum,
2442 5215 2568 5270 aliis
2625 5215 2768 5270 intra
2805 5214 3048 5269 saraium
3111 5212 3392 5283 deputatis
3455 5211 3751 5282 ipsiusmet

2167 5310 2370 5368 sultani
2407 5305 2757 5370 ministeriis,
2787 5319 2852 5360 ac
2885 5319 3082 5360 rursus
3121 5305 3247 5360 aliis
3285 5312 3446 5359 extra
3500 5303 3746 5359 saraium

2170 5416 2270 5458 sua
2313 5399 2648 5457 abeuntibus
2683 5409 2933 5452 munera.

2420 5490 2577 5544 Intra
2618 5489 2857 5542 saraium
2885 5487 2939 5540 hi
2968 5487 3181 5542 saltatio
3208 5487 3439 5542 serviunt
3466 5502 3485 5540 :

2240 5583 2375 5651 Capi
2407 5581 2542 5649 Aga,
2574 5581 2656 5635 vel
2691 5578 2822 5649 Capi
2854 5577 3038 5648 Agasi.
3085 5577 3388 5633 Praefectus
3440 5587 3537 5633 aut
3583 5577 3756 5646 Capi-

2175 5685 2373 5731 taneus
2419 5672 2615 5727 Portm.

2243 5765 2360 5822 Oda
2392 5764 2572 5825 Bassi.
2606 5760 2984 5817 cubicularius
3017 5763 3288 5816 maximus
3354 5771 3412 5816 ct
3457 5760 3748 5830 praefectus

2177 5858 2472 5932 ltzoglanis
2502 5855 2690 5912 saraii.
2727 5854 3120 5911 Adolescentes
3145 5862 3297 5918 sunt,
3332 5853 3424 5922 qui
3476 5854 3540 5906 ab
3569 5853 3746 5906 artatis
