4028 6408
287 334 392 396 897

1443 334 1837 395 PANDECJ‘E
1866 334 2069 397 HIST.
2120 334 2420 400 TURClC.

3436 340 3546 407 898

286 456 486 500 ot-tavo
518 449 583 499 ad
618 447 947 501 vices-mium
974 455 1201 501 annnm'
1246 462 1437 515 usque,
1470 464 1570 521 pro
1632 450 1854 504 sultano
1884 455 1934 513 Α
2037 448 2360 521 Sequuntur
2394 453 2540 506 vezir
2588 451 2782 517 bassai,
2837 449 3019 523 capita
3068 450 3285 509 scilicet
3323 450 3544 509 consilii

281 539 511 593 aluntur
542 546 595 591 et
634 538 939 593 educantur
974 539 1119 593 intra
1151 542 1421 606 saraium,
1479 542 1737 610 varieque
1765 556 1863 613 pro

283 632 474 684 indole
512 645 609 685 sua
645 630 1034 699 instituuntur,
1074 637 1383 704 praesertim
1443 643 1504 688 ut
1558 634 1738 703 legere
1764 636 1866 703 ,ὀί-

280 734 471 787 scant,
500 735 554 779 et
586 726 852 791 scribere,
880 736 935 782 et
961 726 1217 797 iaculari,
1246 712 1570 797 etequitare
1592 765 1610 794 ,
1651 730 1865 801 legum-

274 830 393 886 que
418 815 932 872 Mahumetanarum
960 835 1237 875 summam
1284 819 1613 891 percipiant.

349 904 679 961 Chasnadar
708 908 876 963 bassi.
910 908 1319 967 Thesaurarius
1355 910 1649 967 maximus.

350 999 590 1055 Kilertzi
634 1000 805 1056 bassi.
837 999 1199 1072 Dispensator
1231 1003 1531 1058 maximus.

353 1092 517 1148 Serai
553 1092 659 1147 Dar
711 1094 899 1166 Agasi,
932 1095 1017 1151 vel
1046 1096 1201 1152 Serai
1233 1097 1409 1153 bassi.
1439 1097 1746 1168 Supremus
1775 1111 1867 1155 sa-

278 1185 389 1239 raii
426 1184 745 1257 pra-fectus,
775 1189 1003 1243 absente
1030 1190 1277 1248 sultano.

359 1277 427 1331 Et
460 1278 511 1331 hi
544 1280 770 1349 quidem
794 1296 990 1338 omnes
1025 1286 1296 1352 spadones
1325 1286 1410 1341 vel
1452 1288 1677 1343 castrati
1713 1296 1864 1355 sunt,

282 1371 590 1439 aesinguli
630 1372 735 1426 sub
797 1389 857 1427 se
880 1374 1069 1444 plures
1128 1376 1288 1444 alios,
1345 1377 1535 1435 itidem
1593 1390 1867 1437 castratos

280 1463 375 1519 vel
407 1465 718 1531 eunuchos,
767 1466 990 1522 habent.

362 1557 682 1615 Secundum
714 1559 834 1626 hos,
865 1567 980 1616 tres
1008 1561 1062 1615 in
1088 1561 1283 1633 primis
1305 1562 1685 1632 adolescentes
1716 1574 1865 1634 sunt,

285 1654 472 1726 ipsius
524 1652 733 1708 sultani
792 1652 1120 1709 ministeriis
1171 1653 1571 1724 inservientes,
1626 1672 1866 1725 quorum

284 1747 406 1803 hac
434 1747 663 1801 nomina
688 1761 704 1799 :

363 1837 645 1906 Silichtar,
683 1836 779 1908 qui
808 1852 1023 1905 arcum,
1050 1836 1306 1909 sagittas,
1339 1852 1494 1894 arma
1525 1846 1725 1895 caetera
1752 1838 1867 1895 sul-
1894 1847 1941 1905 Β

286 1930 409 1986 tani
449 1938 657 2001 portat.

369 2021 652 2079 Tzohadar
686 2060 703 2087 ,
752 2022 846 2092 qui
902 2022 1137 2077 vestium
1191 2025 1392 2079 sultani
1455 2038 1641 2079 curam
1702 2022 1860 2093 gerit,

274 2116 518 2188 ejusque
552 2113 999 2184 scaramangium
1036 2121 1251 2183 portat,
1287 2114 1357 2170 ad
1414 2114 1708 2169 arcendam
1744 2114 1866 2181 plu-

274 2211 427 2266 viam
461 2208 692 2264 factum.
739 2206 817 2262 De
851 2207 956 2263 hoc
1006 2206 1221 2278 plenius
1277 2207 1487 2262 dictum
1535 2207 1713 2276 capite
1739 2204 1862 2260 199.

356 2300 613 2371 Kiuptar,
645 2298 737 2355 cui
767 2306 934 2369 potus
966 2298 1171 2353 sultani
1226 2297 1645 2353 commendatus
1673 2306 1779 2363 est,
1811 2305 1866 2352 et

275 2392 379 2466 qui
404 2407 623 2463 semper
659 2405 828 2461 eques
868 2388 1031 2445 etiam
1085 2401 1183 2459 pro
1233 2387 1452 2444 sultano
1504 2386 1612 2443 fert
1666 2402 1863 2459 aquam

277 2500 476 2544 secum
508 2484 563 2538 in
588 2484 799 2554 lagena.

364 2580 615 2636 Pertinet
647 2578 758 2634 huc
785 2576 975 2642 etiam,
1010 2576 1062 2630 id
1095 2584 1200 2641 est,
1246 2573 1487 2629 refertur
1510 2573 1654 2629 inter
1685 2572 1866 2629 officia

277 2673 484 2737 saraii,
512 2670 777 2739 Bostangi
813 2670 989 2733 bassi,
1034 2665 1329 2739 praefectus
1361 2666 1674 2722 hortulanis
1706 2684 1719 2720 :
1777 2665 1865 2721 cui

279 2768 629 2823 delectorum
664 2780 693 2818 e
728 2762 1175 2818 Christianorum
1209 2759 1399 2816 liberis
1448 2758 1870 2831 Attamoglano-

280 2878 414 2917 runt
446 2873 613 2929 supra
648 2866 887 2929 quatuor
916 2856 1085 2910 millia
1120 2863 1334 2925 parent.

366 2953 514 3009 Sunt
546 2959 729 3005 autem
764 2950 851 3005 his
879 2948 1140 3004 omnibus
1179 2946 1264 3002 sui
1287 2955 1396 3001 tam
1428 2946 1646 3013 vicarii,
1702 2960 1869 3017 quam

281 3045 386 3103 alii
412 3043 682 3101 ofﬁciales
710 3041 987 3105 attributi,
1015 3040 1111 3112 qui
1149 3054 1250 3111 pro
1296 3040 1527 3109 antiquo
1563 3053 1717 3095 more
1748 3055 1871 3109 gra-

279 3137 459 3194 datim
494 3133 563 3188 ad
608 3133 911 3204 dignitates
973 3144 1259 3199 supremas
1318 3128 1485 3202 592
1541 3130 1867 3185 ascendunt.

280 3228 606 3285 lnserviunt
646 3235 829 3280 autem
868 3223 1129 3279 recensiti
1164 3222 1431 3277 hactenus
1483 3220 1587 3291 ipsi
1648 3222 1870 3276 sultauo

284 3322 433 3377 intra
466 3318 731 3385 saraium,
786 3331 850 3371 ac
886 3313 1159 3386 siquidem
1194 3328 1415 3385 equesc
1458 3312 1639 3368 saraio
1667 3312 1869 3382 prodit,

290 3428 483 3470 omnes
530 3426 656 3466 eum
687 3409 1068 3474 comitantur;
1132 3405 1218 3462 sin
1248 3404 1434 3474 aliquo
1469 3418 1527 3458 se
1562 3403 1701 3456 mari
1737 3417 1872 3457 con-

299 3506 421 3571 fert,
458 3505 577 3577 ipse
614 3502 905 3572 Bostangis
940 3501 1103 3555 bassa
1132 3499 1351 3555 clavum
1384 3496 1570 3561 caiete,
1610 3496 1725 3551 sive
1759 3509 1873 3549 na-

307 3598 453 3668 vigii,
482 3612 589 3668 quo
619 3595 875 3651 sultanus
902 3592 1144 3657 vehitur,
1179 3600 1326 3647 tenet
1370 3605 1434 3647 ac
1472 3589 1763 3659 gubernat.

363 3688 444 3741 Ad
468 3686 710 3741 saraium
737 3698 957 3755 quoque
976 3684 1255 3753 pertinent
1284 3682 1363 3750 hi,
1399 3696 1630 3752 quorum
1655 3678 1875 3734 nomina

292 3793 600 3852 sequuntur
620 3796 634 3833 :

361 3869 701 3940 Zeschnegir
729 3866 904 3932 bassi,
935 3873 1298 3940 praegustator
1327 3867 1625 3933 maximus,
1656 3876 1712 3922 et
1738 3883 1874 3938 prae-

286 3963 677 4038 gustatoribus
717 3960 957 4025 caeteris,
1019 3960 1141 4029 plus
1171 3960 1355 4016 minus
1405 3970 1650 4026 centum,
1688 3961 1877 4031 praefe—

287 4071 440 4115 ctus.

360 4152 590 4221 Mutpac
612 4148 815 4217 Emini,
863 4146 1157 4220 preiectus
1210 4148 1431 4215 culinae,
1471 4147 1559 4203 vel
1598 4146 1679 4203 rei
1732 4147 1881 4203 coci-

280 4245 483 4299 uariae.

361 4338 532 4395 Achsi
566 4336 737 4402 hassi,
777 4350 993 4408 coquus
1018 4333 1311 4389 maximus.

482 4432 658 4486 Extra
693 4431 932 4485 saraium
955 4430 1064 4485 hac
1098 4429 1284 4498 ofﬁcia
1332 4437 1740 4483 numerantur:

1965 542 2253 600 sultanini.
2286 544 2573 611 Quondam
2611 545 2834 601 nonnisi
2901 554 3013 601 tres
3042 552 3139 599 aut
3186 553 3427 615 quatuor
3455 559 3546 599 ve-

1965 634 2109 690 nires
2142 646 2324 701 erant,
2368 638 2446 691 uti
2498 638 2662 707 paulo
2707 647 2827 705 post
2854 651 3216 707 exponemus.
3260 637 3366 691 Sed
3394 653 3546 693 nunc

1964 726 2054 780 vel
2082 727 2271 797 plures
2319 728 2405 782 vel
2434 729 2749 798 pauciores,
2782 739 2944 798 prout
2972 728 3151 784 visum
3207 728 3374 783 fuerit
3426 730 3543 783 sul—

1965 822 2097 871 tauo
2126 816 2468 887 deliguntur.
2499 818 2824 888 Supremus,
2862 820 2956 888 qui
3008 819 3157 873 vezir
3193 835 3344 873 asem
3401 819 3543 873 Tur-

1966 907 2047 963 cis
2068 909 2400 979 appellatur,
2449 909 2600 963 solus
2634 909 2954 963 universum
3005 910 3239 963 maxima
3276 925 3400 964 eum
3445 925 3545 979 po-

1968 1006 2164 1056 testate
2198 1002 2552 1056 administrat
2601 1002 2916 1071 imperium,
2968 1002 3183 1055 caeteris
3238 1001 3292 1055 in
3337 999 3547 1055 Dii-ano

1967 1092 2137 1162 (quod
2163 1094 2492 1163 explicatum
2523 1108 2719 1148 nomen
2773 1102 2856 1149 est
2891 1092 2991 1146 sub
3043 1096 3202 1147 linem
3265 1093 3359 1146 171
3399 1094 3548 1161 capi-

1968 1184 2061 1256 tis)
2093 1186 2174 1241 sic
2215 1185 2632 1250 assidentibus,
2684 1186 2820 1239 nihil
2870 1194 2929 1239 ut
2963 1186 3062 1254 ipsi
3126 1185 3544 1255 proloquantur.

1968 1274 2046 1330 Ex
2100 1277 2185 1333 his
2233 1279 2399 1333 etiam
2457 1278 2714 1347 deligitur
2764 1277 2973 1348 judicio
3033 1279 3260 1342 sultani,
3310 1277 3402 1347 qui
3450 1278 3549 1331 Ser

1969 1368 2167 1435 Asker,
2213 1380 2266 1425 et
2305 1370 2410 1424 Ser
2453 1370 2557 1424 Dar
2608 1371 2950 1442 appellatur,
2998 1370 3337 1439 explicandis
3388 1371 3549 1441 paulo

1968 1462 2427 1536 postvocabulis.
2474 1461 2612 1516 Cum
2667 1477 2767 1517 nos
2826 1461 3304 1530 Constantinopoli
3360 1477 3549 1533 agere-

1971 1568 2120 1621 mus,
2168 1555 2412 1609 vezirum
2459 1555 2703 1624 dignitas
2776 1570 2805 1608 a
2866 1556 3085 1610 sultano
3131 1554 3364 1617 Murate,
3412 1569 3551 1610 novo

1971 1648 2264 1715 caeteroqui
2289 1646 2558 1714 exemplo,
2584 1661 2780 1701 novem
2814 1646 2995 1702 bassis
3011 1654 3133 1701 erat
3156 1646 3384 1713 tributa,
3416 1661 3551 1717 quo-

1955 1752 2093 1793 cum
2122 1738 2400 1807 subjicere
2429 1739 2659 1793 nomina
2711 1738 2845 1794 libet
2886 1756 2903 1792 :

2044 1830 2097 1885 1.
2139 1829 2345 1887 Osman
2377 1830 2564 1898 bassa,
2600 1831 2938 1900 Vezirazem,
2980 1838 3035 1888 et
3065 1829 3167 1887 Ser
3222 1831 3329 1887 Dar
3356 1840 3550 1888 contra

1971 1920 2191 1978 Persas.

2037 2012 2091 2067 2.
2116 2014 2348 2071 Messich
2376 2016 2558 2073 bassa.

2038 2108 2093 2164 5.
2136 2107 2444 2165 Mechemet
2475 2111 2661 2166 bassa.

2038 2197 2096 2255 ι.
2138 2199 2223 2252 Ali
2279 2198 2510 2270 Capitan
2542 2200 2729 2268 bassa,
2780 2200 3142 2272 beglerbegus
3190 2200 3394 2268 maris;
3453 2216 3554 2257 uo-

1971 2289 2111 2345 stris
2141 2289 2282 2345 Uluz
2308 2291 2415 2357 Ali,
2444 2290 2551 2347 hoc
2576 2302 2682 2356 est,
2714 2292 2800 2346 Ali
2822 2300 3089 2363 apostata.

2044 2381 2103 2436 5.
2145 2381 2383 2438 lbrahim
2421 2383 2582 2439 bassa
2615 2383 2976 2455 beglerhegus
3003 2383 3151 2439 Cairi
3178 2385 3262 2441 vel
3308 2385 3548 2459 Egypti.

2041 2475 2101 2531 6.
2140 2475 2343 2531 Fet-hat
2367 2476 2552 2544 bassa,
2582 2476 2706 2532 belli
2746 2476 2858 2531 dux
2897 2484 3090 2532 contra
3115 2474 3335 2534 Persas.

2047 2567 2099 2623 7.
2143 2566 2345 2622 Giafl‘er
2376 2569 2558 2623 bassa.

2044 2659 2098 2713 8.
2143 2658 2228 2712 Ali
2267 2660 2450 2722 hassa,
2488 2660 2698 2714 sororis
2723 2660 3197 2716 sultanimaritus.

2044 2754 2105 2810 9.
2144 2754 2405 2825 Cicalogli
2438 2756 2620 2823 bassa,
2650 2756 3007 2828 helgerbegus
3038 2756 3267 2813 Revani.

2044 2846 2178 2903 Post
2206 2850 2436 2915 vezires,
2469 2849 2800 2904 auctoritate
2851 2851 3091 2904 maxima
3132 2860 3261 2906 sunt
3306 2858 3418 2907 tres
3458 2850 3557 2907 be-

1974 2940 2237 3012 glerbegi,
2274 2955 2512 3009 quorum
2560 2941 2650 2994 hic
2679 2940 2817 2995 ordo
2858 2955 2875 2994 :

2046 3028 2263 3084 ltutneli
2297 3028 2609 3099 belgvrheg,
2665 3030 2766 3083 hoc
2798 3037 2883 3083 est
2927 3027 3210 3084 Romanis:
3249 3030 3366 3086 sive
3397 3029 3551 3086 Grat-

1977 3121 2098 3175 ciae.

2050 3232 2271 3288 Anatoli
2303 3230 2617 3302 beglerbcg,
2670 3230 2773 3285 hoc
2812 3236 2918 3295 est,
2968 3228 3235 3286 Anatolite
3269 3230 3359 3286 vel
3386 3228 3557 3286 Asia.

2051 3324 2241 3379 Denizi
2267 3324 2576 3392 beglerbeg,
2608 3322 2710 3376 hoc
2733 3332 2841 3387 est,
2865 3322 3035 3376 maris
3059 3337 3074 3377 :
3104 3321 3199 3392 qui
3228 3323 3390 3394 vulgo
3408 3319 3559 3376 Tur-

1977 3416 2060 3471 cis
2089 3434 2236 3471 nnne
2271 3424 2496 3487 recepto
2524 3415 2813 3481 vocabulo,
2857 3414 3089 3485 Capitan
3128 3417 3290 3473 hassa
3333 3431 3561 3488 quoque

1976 3512 2315 3565 nominatur.

2050 3602 2116 3658 Hi
2147 3613 2256 3657 trcs
2281 3618 2465 3671 parem
2495 3603 2547 3656 in
2585 3602 2829 3657 sedendo
2855 3601 3036 3655 locum
3069 3609 3125 3655 et
3160 3598 3428 3657 honorem
3453 3603 3554 3659 ob-

1979 3697 2303 3751 tinentcum
2339 3696 2473 3763 ipsis
2508 3695 2688 3750 bassis
2716 3693 3017 3758 veziribus,
3054 3695 3269 3762 quoties
3301 3694 3357 3748 in
3395 3692 3559 3750 Diva-

1979 3804 2111 3846 nun‘.
2146 3785 2697 3859 publicunt_veniunt.

2051 3882 2311 3953 Sequitur
2338 3877 2633 3934 Nischanzi
2682 3879 2769 3934 vel
2803 3878 3056 3934 Nissauai
3108 3878 3293 3941 hassa,
3323 3876 3417 3946 qui
3468 3877 3555 3931 lit-

1982 3986 2128 4031 teras
2186 3989 2402 4038 omnes,
2438 3972 2738 4043 omniaque
2775 3971 3030 4026 mandata
3070 3979 3125 4026 et
3170 3969 3555 4035 instrumenta,

1981 4074 2253 4137 quotquot
2279 4064 2420 4135 apud
2453 4062 2677 4118 Portam
2705 4062 3099 4132 expediuntur,
3142 4060 3413 4129 obsignat,
3468 4075 3560 4114 ve-

1983 4162 2080 4217 luti
2117 4175 2415 4231 supremus
2446 4159 2629 4212 Portze
2666 4157 3063 4212 cancellarius.

2057 4253 2195 4308 Tres
2229 4251 2614 4324 Dephterdari,
2643 4265 2879 4320 quorum
2927 4250 3162 4318 primus,
3193 4257 3379 4302 nostro
3411 4261 3573 4316 more

1986 4345 2282 4417 loquendo,
2317 4359 2520 4414 praeses
2571 4357 2805 4396 caluere:
2846 4339 2933 4393 vel
2962 4340 3257 4408 praefectus
3308 4349 3392 4392 est
3424 4353 3560 4392 tera—

1986 4440 2053 4494 rii
2083 4439 2396 4501 maximus;
2430 4436 2540 4489 duo
2572 4434 2804 4504 reliqui,
2837 4431 2984 4487 velut
3018 4433 3240 4503 collega:
3276 4433 3476 4501 ipsius,
3508 4442 3568 4485 ct

364 4525 591 4580 Primus
614 4525 863 4580 omnium
891 4524 1051 4579 locus
1080 4531 1167 4578 est
1197 4521 1429 4593 Muphti,
1459 4524 1550 4591 qui
1587 4537 1880 4593 supremus
1913 4529 1956 4584 ι)
1984 4532 2290 4588 consiliarii
2326 4530 2563 4585 ﬁscales,

280 4630 384 4679 est
412 4619 675 4675 Alcorani
706 4619 823 4674 sive
877 4617 1275 4671 Mahumetana:
1305 4615 1441 4687 legis
1489 4617 1794 4685 interpres,
1827 4621 1880 4668 et

279 4713 680 4770 auctoritatem
712 4710 854 4781 apud
871 4708 1084 4765 Turcos
1114 4723 1233 4763 eam
1275 4708 1507 4774 obtinet,
1538 4722 1700 4776 quam
1734 4703 1880 4776 Papa

279 4808 418 4864 sive
452 4802 703 4875 pontifex
739 4801 1021 4856 maximus
1052 4798 1198 4870 apud
1239 4797 1499 4864 Latinos,
1539 4800 1680 4869 apud
1731 4796 1885 4852 Grie-

277 4914 415 4964 cos,
450 4895 790 4967 patriarcha.

378 4991 517 5045 ﬂuit:
552 4988 787 5060 proximi
821 5001 953 5042 sunt
987 4986 1363 5042 Cadilescheri
1396 4985 1476 5040 vel
1501 4984 1884 5050 Cadiascheri,

286 5085 551 5155 supremi
590 5094 646 5136 et
678 5079 941 5135 ordinarii
977 5078 1299 5134 militarium
1357 5078 1714 5146 civiliumque
1758 5092 1889 5132 cau-

289 5192 495 5236 sarum
526 5176 783 5245 iudices;
836 5185 981 5226 unus
1015 5186 1110 5241 per
1152 5170 1416 5226 Graeciam
1462 5169 1545 5223 vel
1589 5167 1889 5238 Europam,

292 5274 495 5328 dictus
530 5265 746 5320 liumeli
775 5261 1167 5325 (iadilescher’;
1208 5262 1346 5318 alter
1374 5277 1471 5332 per
1496 5262 1701 5325 Asiam,
1740 5262 1891 5312 Ana-

288 5366 403 5421 ιυιί
442 5362 829 5416 Cadilesrher:
877 5357 1078 5429 quibus
1132 5357 1353 5411 tertium
1409 5355 1640 5410 Selimes
1679 5353 1891 5423 primus

293 5458 585 5524 adjunxit,
620 5462 743 5525 post
776 5453 1042 5508 subactos
1090 5449 1385 5504 Armenios
1437 5447 1731 5517 quosdam,
1770 5446 1895 5500 Dul-

294 5552 654 5623 gadireuscs,
680 5543 991 5614 Egyptios,
1015 5543 1207 5613 Syros,
1237 5540 1480 5606 Arabes;
1519 5539 1749 5609 ideoque
1779 5553 1894 5592 uza-

290 5645 401 5713 jus
433 5649 516 5693 νει
555 5639 721 5706 hujus
756 5636 1020 5698 officiunt,
1078 5644 1301 5705 propter
1355 5632 1761 5687 multitudinem
1800 5647 1893 5701 po-

298 5736 606 5802 pulorum,
658 5740 712 5784 et
779 5730 1023 5798 ipsarum
1102 5729 1384 5799 regionum
1446 5726 1888 5798 amplitudinem.

298 5825 478 5881 Plura
509 5824 575 5878 de
609 5824 697 5879 his
729 5824 972 5877 diximus
1009 5836 1174 5890 supra
1203 5836 1325 5891 cap.
1352 5820 1445 5875 ‘29.

2060 4622 2191 4677 Bais
2228 4621 2452 4692 Kiutap,
2497 4618 2658 4688 cujus
2706 4617 2759 4673 in
2790 4615 3049 4671 manibus
3084 4622 3215 4671 sunt
3267 4629 3461 4670 omnes
3492 4613 3561 4667 li-

1988 4716 2101 4781 bri,
2160 4712 2578 4775 commentarii,
2645 4725 2729 4763 res
2779 4708 2848 4763 ad
2891 4707 3140 4775 tarchiva
3202 4706 3565 4776 pertinentes.

1989 4807 2226 4868 Ideoque
2248 4805 2477 4874 gradum
2516 4796 2956 4855 vicecancellarii
2982 4801 3265 4862 tenet,aut
3289 4792 3450 4863 primi
3482 4792 3571 4846 ves

1896 4904 1901 4905 “
1991 4916 2081 4954 tua
2094 4899 2224 4953 siuti
2266 4894 2573 4951 secretarii.

2060 4987 2266 5043 Omnes
2304 4995 2483 5040 autem
2554 4984 2820 5037 hactenus
2868 4977 3176 5035 enumerati
3231 4991 3333 5033 suo
3390 4977 3441 5030 in
3473 4975 3571 5029 Di-

1993 5096 2133 5136 vano
2167 5079 2385 5150 publico
2431 5077 2735 5132 sessionem
2775 5073 2999 5128 habent.

2064 5173 2123 5228 lu
2151 5173 2343 5226 eodem
2388 5168 2599 5222 Divauo
2636 5163 2835 5221 sedent
2854 5161 3021 5218 etiam
3051 5158 3415 5232 quadraginta
3442 5159 3579 5228 plus

1994 5270 2179 5323 minus
2209 5261 2487 5325 lasitsclti,
2521 5259 2638 5315 sive
2664 5255 2977 5322 secretarii,
3024 5254 3111 5309 vel
3149 5251 3404 5316 actuarii,
3469 5250 3574 5317 qui

1995 5360 2296 5427 scripturas
2340 5354 2549 5422 absque
2607 5364 2760 5406 ntora
2790 5347 3083 5420 perficiunt
3136 5354 3191 5401 et
3246 5344 3577 5416 expediunt.
3642 5368 3654 5383 ο

1996 5453 2074 5507 Ac
2128 5458 2278 5504 tanta
2326 5446 2547 5517 quidem
2618 5442 2913 5499 sedulitate
2974 5448 3245 5512 geruntur
3276 5439 3483 5503 omnia,
3512 5446 3578 5492 ua

1998 5547 2114 5616 ipsa
2146 5542 2366 5611 negotia
2397 5536 2789 5608 propemodum
2819 5534 3011 5590 eodem
3075 5540 3315 5601 tempore
3374 5545 3583 5601 propoo

1998 5646 2217 5696 nantnr,
2258 5626 2652 5685 consultationi
2701 5623 3086 5693 subjiciantur,
3113 5629 3169 5675 et
3226 5616 3581 5675 exsecution's

2000 5727 2352 5783 mandentur.

2075 5821 2393 5887 Sequuntur
2421 5818 2570 5885 Agae,
2606 5813 2824 5885 Turcis“
2856 5809 3085 5882 Agalari
3128 5805 3255 5865 dicti
3277 5845 3307 5875 ,.
3342 5812 3591 5907 numer!
