4028 6410
586 343 697 412 899

1794 337 2124 410 JOANNIS
2152 339 2621 403 LEUNCLAVlI

3703 345 3793 410 91in

586 460 977 526 multitudinis,
1008 458 1097 513 vel
1123 456 1416 523 ofﬁciales,
1450 457 1566 511 sive
1594 456 1839 519 tribuni,
1893 457 1987 527 qui
2052 473 2159 511 non
2197 465 2243 521 Α
2353 458 2737 530 Mutapberaki
2772 458 2939 519 bassi,
2970 456 3288 529 capitancus
3310 458 3565 514 bat-ouum
3598 477 3652 518 ac
3682 480 3801 535 prse-

585 556 794 612 liabent
855 553 1154 609 sessionem
1202 551 1260 606 in
1307 551 1518 605 Divano
1557 549 1639 604 vel
1679 549 1998 621 syn’bedrio,
2041 551 2158 604 sive

587 646 803 704 consilii
867 643 1073 715 publici
1130 644 1290 711 loco,
1352 643 1640 712 nihiloque
1697 642 1880 697 minus
1942 641 2163 712 obligati

585 749 738 804 sunt,
775 738 851 791 uti
883 736 1130 806 quotidie
1188 743 1550 804 compareant
1596 735 1649 787 in
1693 724 1897 802 saraio,
1951 735 2167 805 sibique

594 829 866 898 (icputatis
903 831 954 883 in
1007 829 1145 883 locis
1194 828 1317 882 aliis
1356 827 1602 882 sedeant.
1667 823 1960 881 Nationem
2014 827 2166 882 vocis

583 926 695 995 Aga
729 922 922 977 lectori
955 937 1079 990 cap.
1118 921 1222 975 175
1254 920 1532 975 dedimus.
2102 914 2105 925 '

652 1016 965 1084 I’rincipcm
998 1029 1129 1070 vero
1160 1012 1305 1067 inter
1338 1014 1435 1066 llOS
1467 1011 1755 1081 Agalarios
1793 1010 1978 1066 locum
2011 1009 2161 1065 obti-

584 1117 680 1163 net
737 1109 1118 1178 geuizarormn
1152 1120 1250 1176 aga
1294 1106 1411 1160 sive
1443 1106 1722 1167 tribunus,
1766 1106 1860 1174 qui
1902 1104 2163 1158 Kihaiam

586 1202 702 1254 sive
736 1201 1000 1254 vicarium
1057 1213 1239 1261 suum,
1276 1206 1329 1251 et
1371 1197 1716 1265 capitancos,
1752 1205 1808 1251 et
1844 1195 2168 1250 coitor‘tium

585 1292 779 1354 duces,
823 1297 883 1344 et
935 1289 1071 1344 alios
1110 1288 1310 1343 officiis
1350 1287 1634 1357 praefectos
1686 1287 1875 1341 liabet.
1912 1284 2171 1354 Adeoque

589 1386 693 1440 sub
722 1384 843 1454 ejus
874 1380 1075 1436 vexillo
1104 1389 1214 1435 tam
1248 1383 1652 1450 genizarorum,
1686 1393 1848 1447 quam
1879 1367 2170 1430 solae-cho-

589 1491 738 1539 rum,
766 1474 961 1545 viginti
994 1473 1220 1529 circiter
1262 1472 1547 1526 hominum
1576 1470 1750 1524 millia
1780 1468 2039 1522 militant.

661 1569 956 1623 Proximus
990 1566 1116 1622 huic
1152 1567 1289 1620 cmir
1340 1564 1527 1619 llaletn
1551 1601 1567 1627 ,
1624 1562 1715 1632 qui
1765 1573 2057 1629 supremus
2087 1562 2173 1612 est

588 1663 884 1728 vexillifcr,
912 1670 966 1718 et
1015 1660 1070 1716 in
1123 1657 1573 1730 expeditionibus
1618 1655 1880 1712 vexillum
1933 1652 2175 1735 sultani-

592 1772 721 1811 num
763 1761 965 1826 gestat,
1003 1762 1059 1807 et
1086 1751 1291 1822 alioqui
1310 1750 1513 1805 vexilla
1537 1747 1904 1820 beglerbegis,
1933 1746 1989 1800 in
2024 1759 2173 1799 mor-

2273 553 2547 621 cipuorun
2580 550 2843 621 begorum
2874 550 3035 616 aulae,
3057 551 3150 623 qui
3190 566 3298 606 non
3333 558 3582 607 tenentur
3601 554 3654 608 in
3678 555 3802 612 mili-

2275 644 2406 698 tiam
2440 645 2739 715 proficisci,
2776 643 2885 698 nisi
2921 644 3171 714 aliquam
3210 644 3264 699 in
3295 644 3671 714 expeditionem
3702 652 3801 703 sul-

2275 743 2439 791 tanus
2490 736 2607 805 ipse
2644 737 2902 806 prodeat.
2939 734 3183 805 Ideoque
3229 748 3531 791 nostrorum
3563 739 3621 794 ad
3668 739 3803 797 Baro-

2275 844 2408 884 num
2434 828 2879 897 similitudinem,
2912 830 3071 885 liberi
3091 847 3216 886 esse
3237 831 3442 886 volunt.
3471 831 3641 902 Majori
3667 838 3799 891 etiam

2276 936 2341 977 ex
2378 930 2531 992 parte
2554 921 2649 976 filii
2710 932 2843 978 sunt
2884 924 3199 989 bassaium,
3233 938 3541 993 procerum,
3595 925 3792 999 beneque

2279 1013 2603 1069 meritorum
2635 1013 2878 1069 virorum
2912 1014 2979 1069 de
3011 1014 3348 1071 Osmanidis.

2349 1106 2456 1162 Sex
2490 1108 2705 1177 Agalari
2745 1108 2861 1164 sive
2917 1107 3126 1163 tribuni
3181 1107 3569 1176 Spaeitiorutn,
3613 1110 3657 1165 id
3697 1123 3780 1179 est,

2278 1199 2557 1269 equitatus
2619 1196 2936 1253 immediate
3007 1197 3252 1267 deputati
3311 1198 3570 1254 custodiae
3615 1202 3787 1258 sultani.

2279 1279 2486 1347 Horum
2512 1291 2634 1346 lucc
2669 1292 2895 1346 nomina
2929 1300 3057 1347 sunt
3101 1311 3117 1348 :

2351 1385 2405 1440 1.
2432 1382 2749 1453 Spalioglan
2782 1385 2916 1454 Aga,
2965 1383 3046 1439 vel
3089 1383 3279 1455 Agat-ti.

2356 1476 2412 1531 2.
2452 1476 2716 1530 Siliclttar
2737 1476 2925 1547 Agasi.

2339 1568 2402 1624 3.
2434 1568 2541 1640 Sag
2563 1568 2800 1624 Ulefetzi
2836 1571 3010 1624 bassi.

2353 1662 2410 1717 ιι.
2440 1658 2534 1715 Sol
2556 1659 2793 1716 Ulefetzi
2826 1663 2995 1720 bassi.

2356 1753 2405 1808 5.
2442 1752 2550 1825 Sag
2571 1753 2741 1810 Garib
2776 1757 2963 1826 Agasi.

586 1817 810 1900 ιιιυτυῖιι
829 1817 959 1899 loca
1006 1817 1365 1908 substitutis,
1412 1817 1714 1911 itidemque
1768 1817 2173 1909 saugiacbegis,
2202 1817 2254 1881 Β
2349 1844 2401 1900 6.
2437 1817 2724 1915 SolGarib
2755 1817 2944 1917 Αεῖιει.

593 1937 778 1992 οσειι.
806 1936 1017 2007 Quippe
1046 1951 1170 1992 cum
1197 1936 1324 2007 quis
1349 1935 1545 1989 borum
1578 1949 1607 1986 a
1634 1932 1812 1988 bassis
1847 1930 1902 1985 in
1927 1928 2175 1984 defuncti

595 2032 780 2086 locum
814 2030 1031 2086 electus
1072 2037 1179 2096 est,
1218 2043 1344 2083 mox
1383 2026 1525 2082 emir
1562 2023 1753 2080 Halem
1790 2022 2100 2095 symbolum
2126 2021 2179 2078 ei

594 2122 883 2193 dignitatis
943 2122 1209 2177 vexillum
1259 2119 1424 2174 tradit
1456 2134 1474 2186 ;
1510 2117 1676 2174 simul
1713 2115 2082 2189 tympanistas
2120 2121 2177 2169 et

596 2218 856 2273 tibicines
892 2214 959 2269 ad
998 2214 1220 2270 domum
1259 2212 1344 2268 vel
1382 2212 1677 2267 tentorium
1704 2209 1887 2265 electi
1936 2208 2040 2264 sub
2084 2222 2180 2262 ve-

596 2321 813 2377 speram
849 2304 1043 2370 mittit,
1074 2311 1129 2357 et
1153 2301 1278 2358 istic
1323 2300 1543 2371 pulsare
1608 2311 1885 2371 tympana,
1921 2299 2085 2353 tibias
2115 2309 2180 2351 ac

588 2398 809 2455 fistulas
842 2395 1005 2468 493
1036 2396 1242 2449 instare
1286 2391 1461 2463 jubet.
1510 2389 1771 2447 Officium
1830 2390 2177 2446 fructuosum

594 2501 699 2555 est,
736 2499 791 2544 ct
820 2487 989 2558 primi
1047 2484 1351 2542 secundum
1407 2486 1792 2556 genizarorum
1870 2496 2027 2553 agam
2081 2498 2181 2539 nov

597 2584 763 2639 minis
790 2595 856 2637 ac
882 2579 1009 2636 loci.

666 2696 882 2768 Capiizi
930 2695 1130 2757 bassas,
1171 2691 1336 2748 modo
1367 2702 1629 2762 quatuor,
1675 2689 1839 2746 modo
1900 2706 2018 2757 sex,
2076 2706 2179 2762 pro

598 2784 834 2846 arbitrio
864 2787 1068 2843 sultaui
1094 2794 1372 2841 creantur.
1405 2783 1470 2839 Et
1502 2782 1745 2854 praefecti
1773 2792 1905 2839 sunt
1954 2781 2181 2854 capitzi—

597 2879 772 2943 lariis,
800 2877 852 2931 id
874 2884 987 2943 est,
1019 2875 1352 2945 ianitoribus
1396 2895 1410 2931 :
1473 2874 1787 2943 habentque
1842 2870 2041 2944 singuli
2075 2870 2181 2926 sub

594 2987 659 3027 se
685 2979 960 3026 trecentos
1019 2979 1115 3022 aut
1145 2966 1582 3037 quadringentos
1606 2964 2005 3034 capitzilarios,
2043 2977 2182 3033 quo-

596 3080 720 3118 rum
752 3073 836 3117 est
872 3059 1146 3116 inservire
1180 3058 1354 3128 ipsius
1384 3071 1633 3127 personae
1663 3056 1892 3118 sultani,
1941 3070 2181 3125 eumque
2224 3044 2231 3049 ’

2352 1936 2558 1992 Horum
2606 1956 2738 1993 vero
2796 1940 3142 1996 tribunorum
3201 1941 3583 2015 unusquisque
3643 1943 3810 1999 duobus

2280 2038 2373 2085 aut
2400 2031 2580 2085 tribus
2627 2032 2875 2101 equitum
2918 2033 3164 2089 millibus
3196 2047 3420 2103 praest.

2355 2123 2673 2191 Sequuntur
2731 2139 2837 2178 non
2905 2126 3105 2195 pauci,
3178 2143 3420 2196 quorum
3476 2127 3811 2198 appellationes

2284 2214 2612 2285 simpliciter
2661 2215 2749 2271 hic
2788 2231 3075 2285 ponemus,
3102 2219 3156 2271 in
3188 2220 3610 2274 commodiorem
3631 2217 3806 2272 dilaturi

2283 2306 2463 2364 locum
2492 2317 2598 2363 tam
2632 2309 2987 2376 prolixiorem
3032 2310 3100 2366 de
3133 2311 3243 2378 bis,
3274 2329 3439 2384 quam
3488 2312 3552 2367 de
3607 2312 3811 2381 plurimis

2281 2410 2551 2472 pra‘terea
2621 2420 2768 2458 nunc
2827 2404 3050 2461 silentio
3100 2407 3506 2476 praetereundis
3550 2403 3813 2475 explicatio-

2284 2511 2428 2549 nem.

2352 2588 2523 2665 Τορκί
2554 2590 2726 2657 ιιίιεςί,
2755 2591 3046 2660 prmfectus
3073 2593 3404 2659 artilliariae,
3454 2595 3567 2651 sive
3597 2592 3736 2649 rebus
3756 2586 3806 2663 ad

2286 2690 2555 2736 tormenta
2579 2684 2771 2738 bellica
2810 2686 3205 2754 spectantibus.

2355 2770 2675 2842 Tzrgebctzi
2729 2774 2916 2843 bassi,
2971 2777 3274 2847 praefectus
3309 2780 3517 2847 armis,
3568 2776 3642 2831 vel
3674 2786 3802 2827 armt-

2288 2873 2439 2920 turae.
2473 2920 2480 2926 ,

2359 2958 2573 3013 Tzadcr
2597 2959 2795 3018 Mecter
2820 2963 2992 3031 bassi,
3040 2964 3344 3036 praefectus
3376 2971 3642 3027 tentoriis.

2363 3050 2590 3108 Tzalitzi
2627 3054 2828 3111 Biccter
2882 3058 3049 3124 bassi,
3079 3059 3392 3130 prefectus
3446 3063 3754 3121 tubicinibus
3780 3067 3819 3116 el

597 3153 987 3227 circumstare,
1032 3149 1251 3216 quoties
1316 3145 1533 3214 publice
1567 3144 1882 3199 facultatem
1943 3142 2182 3201 adeundi
2290 3145 2516 3198 musica.-
2538 3147 2831 3204 sultaninac
2864 3146 3159 3207 castrensi.

593 3253 659 3291 sc
688 3236 913 3306 praebet,
947 3235 1094 3305 quod
1118 3234 1457 3288 audientiam
1503 3235 1637 3289 dare
1668 3235 1899 3290 dicunt:
1945 3243 1999 3289 et
2051 3237 2179 3290 belli

600 3340 871 3397 tempore,
908 3328 1130 3400 quando
1180 3330 1436 3385 suitanus
1487 3330 1541 3384 in
1571 3331 1768 3385 castris
1805 3338 1909 3394 est,
1963 3329 2173 3384 circum

599 3426 776 3491 ipsum
802 3424 1064 3477 excubias
1099 3424 1273 3477 instar
1311 3422 1781 3477 cubiculariorum
1809 3432 1999 3494 agunt.

672 3518 787 3570 Duo
834 3516 1080 3587 praefecti
1119 3516 1354 3581 stabulo,
1396 3514 1574 3587 major
1605 3525 1659 3571 et
1717 3516 1919 3571 minor.
1954 3514 2175 3572 Primus

596 3604 737 3678 ipsis
789 3607 959 3678 Bujuc
1012 3605 1166 3660 Emir
1210 3607 1391 3673 Alior,
1439 3607 1522 3661 vel
1569 3607 1774 3672 Achor,
1837 3608 1920 3662 vel
1953 3607 2174 3664 Acimr:

595 3697 758 3754 alter.
782 3695 989 3766 Cutzug
1014 3695 1172 3749 .Etni-r
1212 3694 1420 3761 Aclmr,
1454 3695 1779 3765 appellatur.
1816 3695 1989 3765 Vulgo
2028 3710 2178 3751 nter-

598 3803 705 3857 que
732 3787 937 3843 dicitur
988 3785 1275 3841 imbraltor
1309 3786 1479 3840 bassi.
1512 3785 1668 3855 Apud
1727 3785 1950 3841 Graecia.-
1983 3792 2179 3856 prarto-

594 3895 711 3934 tem
745 3889 1000 3936 nostrum
1043 3894 1144 3933 vox
1196 3886 1283 3932 est
1328 3877 1747 3947 ἁμυραχούρης,
1801 3892 1868 3931 cx
1912 3876 2063 3931 Emir
2120 3889 2176 3932 et

598 3976 787 4029 Aclmr
823 3975 1011 4029 itidem
1070 3972 1237 4027 facta.
1296 3969 1429 4026 Vide
1464 3987 1494 4026 a
1527 3972 1688 4027 nobis
1723 3973 1994 4041 explicata
2049 3989 2172 4042 cap.

598 4065 690 4130 14,
719 4072 771 4119 et
786 4079 906 4133 cap.
928 4061 1059 4125 200,
1088 4062 1153 4115 ad
1182 4077 1318 4116 χχιιι
1342 4071 1555 4129 portam
1579 4060 2162 4133 Constantinopoleos.

601 4155 817 4210 Habent
854 4157 907 4208 lii
944 4170 1074 4209 suos
1104 4155 1271 4217 etiam
1302 4154 1555 4216 Kiltaias,
1578 4155 1629 4209 id
1658 4165 1766 4220 est,
1798 4157 2056 4221 vicarius,
2120 4166 2175 4211 et

603 4248 746 4303 alios
774 4246 1065 4318 praefectos
1094 4245 1319 4312 ofliciis,
1372 4261 1672 4316 eorumque
1702 4253 1896 4317 pareat
1926 4248 2174 4317 imperiis

598 4341 885 4394 hominum
912 4338 981 4393 ad
1005 4340 1117 4394 duo
1153 4339 1344 4393 millia.

671 4429 851 4485 Tzaus
882 4430 1050 4495 bassi,
1087 4431 1410 4501 capitaneus
1438 4429 1555 4487 sive
1579 4430 1871 4503 praefectus
1908 4431 2172 4488 Tzausio-

597 4538 746 4589 rum,
785 4525 880 4593 qui
907 4532 1140 4579 numero
1166 4524 1293 4595 plus
1324 4523 1507 4580 minus
1539 4538 1669 4581 sunt
1726 4526 2082 4596 septingenti,
2120 4536 2174 4582 cf.

2364 3237 2521 3292 Αωιί
2556 3239 2726 3308 bassi,
2768 3260 3061 3313 supremus
3102 3245 3181 3302 rei
3230 3253 3536 3310 venatori-ae
3557 3250 3821 3324 pra’feclus.

2362 3327 2603 3400 Dnganzi
2637 3335 3130 3406 bassi,pt'a:fectus
3184 3342 3563 3416 accipitrariis
3602 3349 3703 3404 site
3745 3342 3821 3398 fa"

2291 3440 2555 3483 ροηιιῐιιε.

2367 3515 2697 3587 Tzagerschi
2733 3523 2904 3593 bassi,
2931 3527 3228 3597 praelecto:
3260 3533 3428 3604 nisis,
3456 3553 3591 3611 quos
3613 3545 3820 3607 sparsie-

2287 3624 2380 3664 τος
2414 3626 2699 3671 vocamus.

2365 3702 2673 3761 Sainsnnlzi
2715 3710 2884 3778 bassi,
2944 3715 3239 3784 praefeclus
3303 3724 3542 3779 canibus
3577 3718 3816 3778 venaticis.

2288 3796 2403 3852 lloc
2435 3798 2841 3872 ofliciuuiintcr
2869 3808 3145 3879 prmeipua
3202 3829 3552 3874 numeratur.
3598 3818 3658 3871 Et
3683 3831 3822 3885 quon-

2287 3888 2412 3944 dam
2444 3907 2506 3943 cx
2541 3893 2607 3945 iis
2638 3895 2731 3962 qui
2764 3909 3061 3968 praeerant,
3099 3905 3263 3977 deligi
3301 3911 3681 3980 geniumrmu
3706 3910 3819 3976 Ag:-

2279 3979 2409 4032 larii
2464 3983 2577 4034 site
2617 3984 2845 4051 tribuni,
2905 3992 3181 4048 solebant.

2362 4066 2594 4163 Seguam
2632 4073 2804 4137 bassi,
2824 4076 3120 4144 praefectus
3141 4083 3410 4153 jumentis
3437 4087 3760 4163 sagmatariis
3780 4084 3818 4136 in

2284 4161 2548 4225 exercitu,
2587 4166 2663 4218 vel
2700 4166 2754 4218 in
2791 4171 3057 4227 comitatu
3095 4179 3323 4233 sultani.
3356 4161 3608 4239 Iumenta
3634 4197 3745 4238 vero
3762 4192 3818 4233 δι·

2286 4252 2573 4356 giuaiaria,
2591 4256 2988 4353 vel‘sagmaria,
3008 4268 3089 4353 vel
3111 4272 3351 4329 samaria
3374 4279 3823 4347 (praquibussum-

2287 4355 2461 4436 maria
2482 4363 2586 4403 non
2606 4359 2750 4405 recte
2767 4355 2931 4410 scribi
2949 4359 3088 4428 apud
3108 4361 3519 4436 Belvacensem,
3534 4367 3822 4423 ostemlimus

2285 4434 2462 4503 capite
2479 4437 2569 4506 20)
2605 4438 2781 4498 δι’ωεί
2844 4460 3041 4504 vocare
3075 4453 3277 4520 solent,
3311 4471 3437 4525 quae
3468 4434 3642 4515 noSIri
3673 4452 3818 4511 clitel-

2287 4525 2440 4585 laria.
2469 4529 2608 4586 Sunt
2642 4535 2696 4588 in
2730 4537 2815 4593 his
2839 4541 2987 4610 equi,
3024 4544 3178 4608 muli,
3217 4552 3454 4605 cameli:
3513 4553 3736 4607 rariores
3758 4554 3822 4600 la-

751 4616 1029 4718 nobilibus
1056 4615 1252 4718 aulicis
1278 4618 1598 4718 comparari
1636 4626 1896 4718 possunt,
1939 4637 2175 4692 quorum
2215 4599 2258 4654 θ
2287 4639 2409 4678 men
2446 4628 2588 4696 apud
2619 4630 2830 4688 Turcos
2864 4599 2931 4691 a-d
2968 4599 3115 4694 ltuuc
3513 4599 3826 4718 pia-{esum

594 4708 813 4764 scilicet
844 4722 1012 4778 Opera
1062 4709 1232 4764 variis
1277 4708 1556 4779 principes
1587 4711 1643 4765 in
1679 4713 2173 4769 commissionibus

594 4811 654 4857 et
693 4802 963 4857 ntandatis
999 4802 1364 4872 expediendis
1413 4815 1469 4859 et
1490 4804 1826 4864 deducendis
1857 4816 2175 4864 exterarum

598 4893 910 4964 principum
947 4897 1164 4966 legatis,
1188 4905 1441 4952 utuntur.
1552 4924 1563 4931 η
1733 4915 1737 4919 ·

664 4982 1153 5052 Capitzilariorum
1216 4984 1485 5050 Kicbaia,
1554 4990 1828 5044 maximus
1898 4992 2178 5057 vicarius,

505 5073 509 5079 ’
596 5077 875 5148 quasique
930 5077 1331 5149 subpraafectus
1388 5085 1635 5138 omnium
1691 5082 2171 5154 Capitzilariorum

597 5169 714 5224 sive
737 5170 1066 5238 ianitorum.
1105 5170 1247 5241 Ejus
1283 5172 1519 5228 ofﬁcium
1573 5179 1768 5242 poscit,
1800 5186 1859 5232 ut
1906 5192 2013 5232 una
2052 5196 2174 5233 cum

600 5260 962 5318 Tzausiorum
1001 5260 1160 5320 bassa
1212 5267 1382 5338 pedes
1417 5269 1471 5322 in
1505 5270 1706 5325 divauo
1740 5285 1929 5325 coram
1989 5270 2178 5326 Bassis

596 5364 762 5415 astet.
806 5365 1125 5427 argenteum
1197 5374 1360 5414 manu
1418 5361 1677 5417 baculum
1720 5374 1939 5430 tenens,
2009 5380 2174 5434 quem

584 5447 813 5505 Graecos
835 5452 1045 5506 dixisse
1073 5451 1355 5523 σκῆπτρον
1390 5455 1506 5509 sive
1555 5467 1831 5525 sceptrum
1890 5473 2014 5524 cap.
2072 5458 2174 5513 175

593 5542 937 5595 notavimus:
960 5552 1014 5596 ut
1044 5544 1355 5597 introducat
1375 5559 1493 5610 eos,
1524 5548 1615 5617 qui
1640 5547 1814 5602 audiri
1852 5550 2169 5617 postulant:

587 5637 653 5681 ut
691 5632 990 5699 scripturas
1019 5649 1048 5688 ο
1082 5629 1318 5700 Div-anu,
1351 5649 1475 5688 cum
1510 5652 1645 5691 usus
1678 5641 1873 5707 exigit,
1900 5641 1965 5691 ad
1997 5642 2172 5695 sulla-

592 5733 722 5770 ttttm
757 5716 927 5773 ferat:
955 5724 1182 5799 ejusque
1220 5724 1461 5777 vicissim
1497 5731 1803 5791 sententias
1851 5730 2168 5799 (t'csoluiio-

568 5824 693 5875 ρεαδ
721 5811 880 5881 vulgo
920 5813 1126 5882 dirum)
1161 5817 1479 5869 vezirazt-mi
1515 5814 1736 5874 referat.

2278 4722 2340 4818 et
2395 4719 2615 4775 cameli.
2655 4720 3001 4797 Quapropter
3041 4745 3070 4784 a
3103 4728 3360 4805 Seguane
3385 4735 3700 4794 reccnsendi
3756 4745 3826 4783 ἵε·

2285 4818 2465 4863 munt.

2356 4900 2573 4958 Devetzi
2609 4907 2774 4972 bassi,
2818 4912 3108 4981 praefectus
3158 4919 3230 4976 iis
3279 4924 3373 4991 qui
3400 4925 3639 4981 camelos
3665 4920 3827 4991 θευυισ

2352 4997 2592 5050 Catcrtzi
2634 5001 2807 5067 bassi,
2834 5006 3132 5074 p’rwfectus
3165 4990 3520 5084 agasonibus,
3550 5019 3629 5072 vel
3680 4990 3828 5067 multis

2287 5088 2600 5156 agentibus.

2354 5178 2538 5249 ‘ilarpa
2565 5184 2770 5251 Emini,
2802 5189 3097 5258 praefectus
3129 5211 3396 5268 equorum
3427 5201 3645 5273 pabulo.

2360 5274 2562 5328 l’ra-ter
2588 5278 2688 5334 ltus
2731 5296 2838 5334 non
2862 5284 3039 5353 exigui
3072 5290 3316 5347 nominis
3346 5294 3414 5347 ad
3452 5303 3657 5363 portam
3684 5289 3825 5343 sunt:

2359 5363 2597 5434 θοριιιεν
2630 5367 2807 5425 Ειιιίιιῖ
2850 5375 3141 5443 pra-fectus
3175 5381 3349 5446 lilu-ls.
3384 5385 3584 5456 quibus
3609 5374 3824 5435 Titnaria

2283 5457 2650 5512 continentur.
2682 5461 2747 5515 Et
2777 5479 2941 5533 supra
3000 5472 3222 5538 copiose
3251 5476 3481 5539 dictum,
3541 5488 3661 5542 cap.
3717 5463 3820 5527 186,

2278 5548 2345 5602 de
2372 5550 2603 5606 timariis
2631 5565 2684 5608 et
2705 5555 3015 5626 tiniariozis,
3043 5580 3157 5619 srve
3181 5568 3546 5624 timaratis.Et
3572 5560 3822 5627 Eminige-

2278 5643 2539 5696 neraliter
2561 5644 2766 5715 alioqui
2802 5650 3079 5716 significat
3107 5674 3254 5721 eum,
3290 5664 3380 5729 qui
3415 5665 3699 5729 proventus
3722 5651 3817 5705 sive

2274 5730 2487 5784 rt-dilus
2548 5734 2762 5801 aliquos
2791 5741 2987 5808 recipit
3018 5758 3072 5810 ct
3108 5746 3482 5805 administrat.

2264 5862 2285 5894 ί
2350 5821 2512 5877 Kibat
2541 5823 2741 5892 Emini,
2770 5835 3234 5901 superintcudcns
3289 5839 3656 5903 cancellﬂiﬂo
3676 5824 3826 5887 “mu

3340 6019 3371 6033 Ν
