4028 6422
253 357 362 426 901

1422 353 1820 413 PANDECTE
1864 353 1914 411 II
1929 351 2067 410 lST.
2097 350 2402 412 TURCIC.

3420 353 3527 432 ονε

255 483 482 528 taxator
511 470 808 540 quispiam,
843 478 1035 526 nostro
1081 484 1266 525 more:
1301 473 1392 540 qui
1452 471 1655 539 regalia
1711 486 1839 523 can-
1879 483 1920 533 Α
1952 471 2303 529 t:eremus.et
2337 465 2577 537 aliquem
2613 466 2872 523 enostris
2902 466 3095 524 eodem
3122 468 3528 540 ablegaremus,

253 565 528 625 cellariaz,
593 579 713 632 quae
771 575 990 625 vocant,
1049 563 1254 632 exigit,
1306 577 1608 632 eorumque
1651 575 1837 614 curam

254 658 628 709 necessariam
673 654 834 721 gerit.
870 653 977 705 lloc
1034 653 1274 706 ofﬁcium
1307 654 1613 723 cuuiparari
1668 654 1841 721 pretio

253 748 469 803 decem.
525 745 604 796 vel
661 745 826 796 etiam
879 743 1191 812 quindecim
1243 745 1473 797 millium
1514 745 1839 798 ducatorutn

259 837 518 908 singulos
572 837 624 888 in
661 852 852 899 annos,
889 839 1061 891 solet:
1111 852 1222 906 quo
1282 837 1447 906 potiri
1505 837 1597 906 qui
1636 844 1838 906 potest,

269 933 534 984 tiu-ximus
567 948 699 999 Opes
721 931 953 996 colligit.

327 1022 574 1075 Tersnne
645 1023 844 1085 Entiui,
899 1023 1356 1091 superintettdcns
1413 1020 1735 1085 Arsenalis,
1779 1019 1834 1074 id

256 1129 360 1172 ρει.
397 1115 488 1183 (γὶ
527 1115 753 1182 ν;ωρξου
797 1116 1094 1184 φροντισής
1125 1123 1230 1180 est,
1262 1115 1377 1168 sive
1411 1113 1736 1182 προνοητής,
1781 1119 1841 1164 ut

256 1206 433 1258 Cra-ci
465 1204 677 1266 dicunt,
714 1204 828 1256 sive
859 1203 948 1271 qui
994 1205 1204 1256 ttavalis
1246 1217 1432 1256 curam
1463 1201 1626 1270 gerit.

331 1295 475 1348 Sunt
507 1295 610 1348 alia
639 1310 857 1362 qniique
883 1306 989 1346 tain
1024 1293 1220 1355 cilicia,
1257 1309 1419 1361 quam
1465 1291 1722 1346 oﬂiciales
1742 1290 1843 1346 Os-

261 1388 490 1440 inanica-
515 1385 712 1449 Portae,
745 1387 1018 1438 minorum
1041 1393 1224 1438 tamen
1255 1385 1332 1438 illi
1361 1383 1530 1454 (quod
1548 1383 1656 1444 dici
1678 1382 1840 1452 solet)

258 1482 552 1549 gentium:
591 1487 645 1530 et
698 1492 762 1530 eo
811 1477 1029 1546 quidem
1063 1475 1230 1548 494
1291 1491 1541 1540 numero,
1578 1477 1752 1547 magis
1785 1486 1845 1531 ut

265 1572 525 1623 idoneum
561 1569 740 1623 locum
775 1569 880 1623 sibi
905 1580 1160 1638 poscant,
1196 1567 1286 1622 ubi
1322 1569 1537 1638 plenius
1568 1569 1844 1638 explicen-

264 1672 380 1716 tur.
407 1661 621 1716 interea
665 1675 817 1725 vero,
875 1664 1000 1714 dtntt
1063 1660 1427 1714 luculentiora
1485 1675 1760 1730 paramus,
1782 1669 1844 1716 et

261 1756 486 1824 quidem
542 1755 738 1808 borum
771 1753 1129 1808 collationum
1155 1767 1280 1807 cum
1308 1751 1499 1822 palatii
1533 1760 1588 1807 et
1622 1752 1838 1823 imperii

268 1814 444 1901 ἀτίερί
504 1847 903 1916 dignitatibus,
957 1845 1075 1902 haec
1129 1814 1380 1902 benevoli
1421 1846 1660 1902 lectores
1701 1814 1840 1916 aequi
1869 1814 1918 1877 Β

267 1938 506 2008 bonique
543 1937 771 1994 faciant.

264 2073 396 2130 229.
430 2074 644 2158 Primus
668 2075 854 2158 Qenisi
881 2075 1218 2159 bcglerbegus
1235 2074 1842 2199 Lactuﬂlrairadines;

337 2145 638 2199 Sanamem
665 2147 946 2199 Calltnolts
969 2162 987 2199 :
1005 2148 1202 2199 stillam
1297 2157 1466 2199 uram
1491 2146 1651 2199 huius
1689 2155 1842 2199 msti-

337 2145 638 2214 Sangiacus
665 2145 1202 2214 Gallipolisuultani
1235 2145 1466 2200 Muratis
1491 2146 1651 2214 hujus
1686 2147 1844 2211 iusti-

340 2218 454 2280 tia;
484 2218 777 2286 σρατηγός,
809 2217 912 2270 sive
941 2227 1137 2284 prwtor
1165 2214 1639 2285 Calliopolitunus,
1670 2225 1717 2269 et
1747 2216 1848 2268 δω-

334 2285 672 2356 δεκανήσους
714 2285 932 2340 Cedriui
962 2298 1199 2339 correcta
1231 2287 1418 2342 versio.

345 2397 572 2454 Solebat
599 2409 726 2455 ante
749 2400 839 2454 illa
880 2410 1127 2470 tempora
1159 2399 1354 2454 classis
1384 2399 1679 2454 sultauiuze
1716 2414 1848 2470 pra:-

263 2490 448 2548 t'ectus
479 2507 602 2548 esse
626 2492 896 2547 maximus
925 2501 982 2546 et
1011 2491 1322 2546 ordinarius
1364 2493 1430 2556 is,
1458 2492 1550 2561 qui
1577 2491 1848 2558 Calliopo-

257 2582 336 2639 .lis
370 2584 661 2654 sangiacus
699 2593 840 2637 erat.
877 2581 991 2636 lloc
1037 2598 1103 2636 ex
1137 2581 1363 2637 Laonici
1406 2598 1627 2652 quoque
1678 2581 1849 2651 pluri-

265 2675 378 2730 bus
414 2674 554 2729 locis
593 2675 896 2744 intelligere
929 2674 1075 2739 licet,
1117 2676 1190 2728 uti
1244 2691 1366 2728 cum
1423 2677 1477 2729 in
1510 2673 1850 2728 liluchemete

257 2769 310 2823 .ll
346 2767 684 2823 mentionem
743 2768 872 2822 facit
919 2765 1148 2822 Junuzis
1206 2766 1444 2836 pra-fecti
1506 2767 1847 2835 (sangiacum

263 2859 689 2928 interpretatur)
719 2856 1065 2930 Calliopolis,
1113 2857 1356 2928 itemque
1388 2855 1597 2926 Zogani
1656 2856 1852 2926 praefe-

266 2951 350 3008 cti
384 2951 726 3022 Calliopolis,
760 2961 1030 3022 etpostea
1063 2958 1246 3005 tamen
1277 2950 1439 3020 regia:
1499 2949 1697 3005 classis
1742 2950 1849 3004 ini-

265 3054 584 3117 peratorem
615 3044 744 3099 facit
767 3043 1019 3099 eumdem
1049 3039 1171 3097 cum
1191 3042 1452 3112 praifecto
1477 3040 1850 3112 Calliopolita-

267 3153 366 3190 no.
403 3133 560 3188 Nunc
593 3134 756 3187 etiam
806 3133 1158 3204 sangiacatus
1216 3138 1301 3186 est
1355 3130 1699 3200 CalliOpolis,
1754 3130 1924 3226 sedc

266 3229 443 3285 maris
499 3229 616 3282 sive
654 3226 842 3281 Deuizi
903 3226 1252 3296 beglerbego,
1323 3234 1583 3293 tanquam
1631 3224 1851 3295 majori,

265 3321 570 3376 subditus:
627 3327 682 3374 et
732 3318 936 3374 ibidem
996 3319 1162 3388 hujus
1196 3317 1507 3388 beglerbegi
1557 3317 1716 3373 sedes
1771 3327 1858 3372 est

272 3412 573 3477 ordinaria,
607 3427 772 3482 quam
825 3411 1188 3466 residentiam
1239 3413 1400 3481 vulgo
1456 3421 1679 3467 vocant.
1732 3411 1858 3466 Fuit

281 3511 440 3577 igitur
470 3525 498 3561 a
522 3507 840 3561 Soleimane
869 3520 1008 3560 nova
1062 3514 1281 3574 reperta
1317 3504 1580 3576 dignitas,
1604 3515 1662 3559 ut
1687 3505 1856 3560 maris

289 3612 478 3671 praetor
505 3617 613 3656 non
651 3599 890 3670 amplius
921 3609 1068 3654 esset
1096 3598 1413 3668 saugiacus,
1451 3597 1550 3653 sed
1580 3599 1860 3668 beglerbe—

281 3710 399 3764 gus.
433 3693 564 3748 lluic
589 3693 768 3748 oﬂicio
807 3703 937 3746 tunc
967 3692 1353 3746 Chairadinem
1396 3705 1520 3743 cum
1557 3690 1715 3744 titulo
1764 3705 1858 3743 ve-

273 3786 405 3841 ziris
446 3784 724 3856 praefecit:
782 3783 860 3838 uti
892 3797 1040 3838 nunc
1101 3782 1374 3838 Ulutzalis
1411 3795 1633 3851 quoque
1688 3780 1857 3834 maris

270 3890 357 3935 est
399 3878 782 3949 beglerbegus,
813 3885 868 3930 et
924 3877 1073 3931 vezir
1132 3877 1316 3931 bassa.
1377 3874 1616 3930 Praeerat
1679 3873 1857 3944 ipsius

270 3972 502 4026 nomine.
551 3968 863 4040 Calliopoii,
921 3983 1046 4022 cum
1113 3967 1241 4022 istic
1305 3981 1438 4031 uno,
1472 3967 1595 4036 plus
1649 3966 1856 4032 minus,

270 4078 466 4120 mense
508 4077 606 4117 nos
654 4062 1014 4125 timeremus,
1073 4058 1318 4116 Subassa
1358 4061 1586 4130 quidam
1635 4057 1859 4112 natione

269 4155 608 4219 Genuensis,
634 4153 714 4207 vir
740 4153 1032 4219 humanus,
1050 4161 1103 4204 et
1129 4150 1272 4220 quod
1297 4149 1351 4204 in
1375 4159 1618 4219 apostata
1644 4149 1860 4213 mirere,

271 4248 442 4302 nobs
480 4247 533 4299 in
565 4258 731 4300 causa
757 4244 994 4314 quadam
1047 4251 1237 4298 nostra
1289 4257 1552 4311 perquam
1605 4239 1859 4295 addictus

269 4349 334 4396 et
382 4338 562 4393 utilis.
622 4336 835 4407 Quippe
894 4343 1117 4392 mortuo
1179 4333 1248 4390 ad
1294 4332 1670 4402 CaltiOpolim,
1710 4342 1768 4386 ut
1803 4332 1859 4385 in

274 4434 682 4504 Supplemento
720 4429 1000 4486 annalium
1033 4430 1408 4494 narravimus,
1439 4426 1673 4483 Henrico
1699 4427 1862 4481 baro-

1943 558 2032 612 cui
2065 559 2406 614 veredarium
2441 560 2582 613 ultro
2615 575 2674 614 se
2697 561 3098 630 adjuncturum
3137 561 3526 631 pollicebatur.

1944 651 2017 704 Ita
2054 667 2111 704 re
2145 649 2625 722 Constantinopoli
2670 653 2890 724 cognita
2917 664 2967 709 et
3010 653 3077 708 ad
3119 655 3384 710 Divanum
3429 658 3527 713 de-

1945 741 2087 806 lata,
2156 742 2445 797 confestim
2513 745 2720 800 sultani
2791 744 3024 801 Muratis
3088 745 3249 814 jussu
3325 749 3527 803 n-issus

1945 835 2189 889 tzausius
2230 837 2450 905 quidam
2519 836 2784 900 Murates,
2835 841 3060 893 natione
3089 840 3399 907 Circassus,
3430 843 3524 912 qtti

1945 941 2052 979 non
2075 929 2252 980 solum
2284 929 2384 982 hac
2425 929 2518 984 lite
2574 945 2674 985 nos
2705 931 2960 986 liberaret
2986 932 3295 1003 Calliopoli.
3325 951 3516 989 verum

1945 1019 2108 1071 etiam
2166 1032 2320 1074 extra
2377 1022 2752 1088 Dardauellos,
2803 1039 2830 1076 a
2861 1024 3238 1093 Calliopoli27
3283 1027 3525 1080 milliari-

1947 1109 2048 1164 bus
2081 1111 2288 1166 Grzecis
2317 1113 2542 1167 dissitas
2575 1129 2756 1177 arces,
2817 1115 2908 1170 ubi
2944 1131 3109 1172 naves
3145 1118 3385 1186 perquiii
3438 1134 3528 1174 so-

1945 1203 2081 1266 lent,
2129 1221 2197 1257 ne
2257 1208 2530 1274 mancipia
2591 1209 2836 1262 vetitzeve
2879 1224 3088 1263 merces
3150 1219 3524 1278 exportentur,

1945 1295 2260 1351 deduceret.
2288 1298 2461 1351 Simul
2488 1302 2717 1354 remissa
2741 1301 2904 1364 cadii,
2939 1301 3101 1355 nobis
3128 1301 3335 1370 injurii,
3365 1319 3524 1372 poma

1945 1385 2048 1440 fuit
2097 1388 2390 1442 arbitriqu
2446 1391 2683 1444 oratoris
2743 1391 3011 1455 Caesarei,
3084 1392 3238 1448 Pauli
3300 1395 3527 1451 baronis

1945 1477 2276 1548 Eitziugaui,
2311 1481 2733 1552 collauilataque
2766 1484 3012 1540 subassa:
3056 1487 3372 1555 prudentia,
3427 1488 3521 1562 qui

1947 1583 2048 1638 pro
2083 1570 2242 1626 nobis
2271 1571 2540 1628 adversus
2564 1576 2781 1630 cadium
2822 1578 3088 1633 stetisset.
3124 1579 3351 1634 Missum
3385 1595 3527 1649 quo-

1947 1676 2056 1729 que
2083 1659 2325 1729 diploma
2355 1678 2552 1716 novum
2591 1666 2726 1726 salvi
2754 1677 3120 1730 commeatus,
3161 1669 3330 1739 priori
3363 1672 3528 1743 longe

1948 1751 2233 1808 severius:
2284 1769 2393 1822 quo
2447 1755 2828 1821 interdicebat,
2880 1773 2948 1812 ne
2986 1775 3092 1828 qua
3131 1761 3290 1822 nobis
3329 1777 3358 1816 a
3393 1778 3529 1832 quo-

1945 1858 2111 1913 quam
2141 1859 2371 1900 suorum
2402 1847 2759 1904 exhiberetur
2793 1851 3084 1905 molestia:
3117 1854 3212 1906 sed
3253 1864 3312 1906 ut
3343 1856 3528 1909 omni-

1947 1935 2048 1990 bus
2082 1937 2248 1993 rebus
2272 1954 2374 1994 nos
2407 1944 2594 2009 patius
2621 1956 2813 1998 omnes
2841 1943 3023 1999 ubivis
3057 1945 3308 2000 locorum
3335 1946 3390 2001 in
3429 1947 3530 2002 im-

1947 2030 2101 2097 perio
2131 2045 2234 2084 suo
2259 2031 2540 2100 juvarent.
2581 2031 2852 2090 Tzausius
2909 2041 3027 2105 ipse
3065 2053 3192 2091 cum
3223 2038 3445 2095 sultano
3472 2054 3534 2096 se

1947 2118 2191 2175 locutum
2227 2133 2284 2178 et
2315 2125 2539 2182 audisse
2573 2127 2847 2182 referebat
2910 2144 2976 2183 ex
3037 2130 3210 2199 ipsius
3259 2146 3376 2195 ore,
3403 2147 3530 2188 cum

1947 2209 2177 2277 diceret,
2202 2215 2362 2269 nullo
2389 2219 2551 2271 modo
2582 2232 2642 2272 se
2693 2219 3121 2287 permissurum,
3160 2230 3219 2275 ut
3277 2222 3386 2276 ulla
3447 2239 3528 2288 re,

1948 2303 2033 2357 vel
2066 2304 2316 2369 minima.
2356 2317 2529 2376 pacta'
2576 2323 2698 2361 cum
2728 2311 3059 2376 imperatore
3089 2309 3530 2367 Christianorum

1949 2398 2185 2454 inducis:
2217 2401 2574 2457 violarentur.
2605 2400 2840 2470 Ideoque
2867 2416 2991 2457 cum
3035 2402 3334 2474 aliquando
3368 2406 3532 2462 nobis

1961 2487 2224 2546 Hebraeus
2273 2493 2494 2562 quidam
2540 2493 2864 2563 publicanus
2903 2494 2920 2564 (
2956 2505 3085 2548 sunt
3127 2496 3272 2550 enim
3331 2497 3386 2551 in
3422 2496 3534 2553 He-

1951 2579 2219 2634 brrorum
2262 2584 2514 2638 manibus
2545 2584 2729 2638 omnia
2773 2599 2866 2652 per
2895 2585 3186 2653 imperium
3233 2585 3533 2644 Turcicum

1953 2671 2311 2742 telunia,quae
2329 2675 2565 2729 nummis
2596 2690 2623 2727 a
2649 2677 2866 2730 sultano
2901 2677 3220 2749 redimunt),
3251 2679 3370 2750 ipso
3398 2696 3538 2750 prte-

1954 2777 2131 2828 sente,
2163 2770 2350 2821 nescio
2396 2768 2522 2836 quid
2575 2768 2838 2823 molestiae
2884 2771 3156 2836 navicula,
3201 2788 3308 2841 qua
3369 2773 3537 2828 vehe-

1964 2857 2160 2910 bamur
2190 2857 2256 2911 ad
2305 2875 2484 2912 arcem
2518 2859 2837 2923 Asiaticam,
2874 2861 3238 2931 perquirenda
3275 2864 3538 2920 exhibere

1955 2947 2139 3008 vellet,
2175 2947 2225 3000 ei
2268 2955 2416 3000 tanta
2448 2948 2497 3001 vi
2535 2947 2896 3016 pusdiganum
2921 2950 3036 3003 sive
3059 2950 3266 3004 clavam
3298 2949 3535 3005 ferream

1957 3039 2010 3094 in
2040 3049 2201 3108 caput
2236 3040 2484 3108 impegit,
2517 3050 2571 3091 ut
2604 3039 2758 3108 quasi
2813 3050 3066 3095 mortuus
3099 3041 3252 3095 humi
3303 3043 3540 3098 collabe-

1957 3141 2134 3193 retur,
2174 3140 2228 3185 et
2265 3130 2627 3184 moribundus
2661 3146 2690 3184 a
2725 3132 2842 3186 suis
2874 3134 3097 3185 domum
3127 3133 3538 3201 deportaretur.

1966 3223 2074 3278 Sed
2103 3225 2246 3276 enim
2277 3223 2342 3275 ad
2373 3239 2483 3277 rem
2512 3235 2566 3276 ut
2593 3225 2906 3288 redeamus,
2937 3224 3039 3278 huc
3071 3225 3316 3293 sangiaci
3339 3227 3544 3280 Callio-

1967 3313 2194 3381 politani
2238 3313 2474 3367 ollicium
2504 3324 2753 3382 praetura;
2789 3315 3078 3369 maritima:
3118 3313 3284 3370 Turci
3327 3332 3354 3369 a
3387 3315 3540 3371 Crte-

1959 3404 2042 3458 cis
2070 3414 2427 3473 acceperunt,
2457 3420 2598 3474 quos
2644 3406 2756 3474 jam
2799 3408 2960 3460 toties
2992 3407 3234 3462 diximus
3267 3424 3362 3464 eos
3400 3410 3541 3464 mul-

1961 3497 2030 3551 tis
2067 3498 2118 3548 in
2148 3496 2310 3548 rebus
2361 3499 2672 3550 aemulatus.
2713 3497 2869 3564 Apud
2901 3497 3204 3554 Gedriuum
3239 3500 3535 3571 aliquoties

1962 3585 2028 3645 is.
2057 3588 2150 3654 qui
2179 3586 2452 3653 σρατηγός
2495 3586 2610 3638 sive
2637 3592 2838 3653 praetor
2893 3585 3346 3653 Calliopolitantts
3399 3595 3543 3651 erat,

1960 3678 2124 3733 etiam
2150 3679 2246 3744 τῆς
2271 3676 2547 3743 δωδεκανή
2561 3692 2650 3726 σου
2686 3684 2978 3744 praeturam
3003 3677 3249 3744 gessisse
3282 3679 3544 3743 traditur,

1960 3785 2067 3838 quo
2097 3768 2364 3821 vocabulo
2402 3781 2508 3820 non
2545 3775 2652 3819 tam
2679 3765 2967 3820 duodecim
3008 3767 3346 3832 insularum,
3374 3784 3540 3837 quam

1962 3861 2130 3916 maris
2193 3861 2482 3929 imperium
2557 3859 2926 3928 significatur.
2987 3859 3199 3913 Etenim
3271 3861 3544 3931 hodieque

1962 3955 2313 4024 sangiacatus
2351 3954 2654 4006 insularum
2701 3951 2993 4022 Mityn-me,
3035 3953 3176 4017 Chii,
3247 3953 3404 4016 Naxi,
3443 3954 3545 4008 Ne-

1962 4045 2218 4114 grnponti
2255 4045 2335 4097 vel
2364 4043 2604 4109 Eulime,
2637 4043 2840 4110 Rhodi,
2873 4042 3140 4098 Leucadis
3169 4045 3283 4099 sive
3310 4044 3366 4099 S.
3393 4044 3545 4099 Mau-

1964 4155 2228 4202 rae,.cum
2262 4139 2406 4204 aliis,
2441 4138 2508 4191 ad
2565 4139 2856 4206 imperium
2915 4137 3056 4208 ejus,
3091 4138 3183 4206 qui
3230 4139 3402 4192 maris
3461 4149 3548 4193 est

1964 4229 2353 4300 beglerbegus,
2387 4229 2683 4304 pertinent.
2725 4227 2939 4281 Alieubi
2990 4226 3286 4298 Xylander,
3327 4237 3551 4282 (πίει-ος

1963 4322 2058 4392 qui
2091 4322 2291 4375 doctus
2319 4322 2403 4373 vir
2435 4329 2490 4374 et
2527 4318 2731 4373 Graecae
2779 4331 3041 4387 perquam
3110 4318 3341 4386 peritus,
3403 4317 3549 4386 apud

1966 4413 2267 4466 Cedrinutn
2300 4411 2510 4466 insulas
2529 4409 2866 4464 Dodecanesi
2889 4419 3128 4472 vertens,
3156 4409 3229 4460 ita
3255 4406 3548 4462 duodecim

268 4499 448 4584 node
487 4525 852 4590 Lichtestaln,
909 4520 1116 4578 Cadius
1159 4522 1279 4576 sive
1329 4519 1649 4574 Potestatus
1709 4519 1859 4576 urbis

1969 4504 2278 4558 insularum
2328 4505 2607 4558 civitatem
2670 4500 2856 4553 vocari
2890 4499 3096 4568 adjicit,
3128 4513 3318 4552 errore
3375 4502 3550 4552 mani-

269 4619 736 4690 Calliopolitanae,
769 4616 992 4672 relictas
1027 4616 1097 4670 ab
1127 4628 1193 4670 eo
1226 4627 1334 4679 res,
1363 4612 1529 4668 veluti
1565 4611 1705 4666 bona
1763 4626 1859 4665 ca-

273 4715 457 4776 duca,
482 4720 538 4766 et
576 4708 646 4764 ad
677 4723 758 4775 se,
777 4707 873 4780 qui
913 4706 1267 4764 cadilicatum
1302 4719 1332 4759 a
1356 4705 1578 4762 sultano
1606 4704 1860 4774 pecunia,

272 4819 389 4878 pro
420 4817 573 4859 more
614 4801 848 4857 Turcico
876 4798 1228 4864 redemisset,
1269 4797 1528 4853 devoluta
1587 4797 1866 4866 repetebat

269 4918 309 4956 a
357 4899 534 4964 aetiis,
591 4906 646 4952 et
677 4895 862 4951 animo
886 4894 1000 4965 jam
1049 4894 1358 4949 devorarat.
1397 4890 1507 4947 Nos
1562 4900 1744 4946 autem
1798 4889 1866 4942 ab

267 4996 415 5064 ipso
440 4991 507 5046 ad
537 4990 830 5046 suliassam
857 4985 1236 5057 appellantes,
1268 4982 1442 5038 fuisse
1482 4983 1742 5036 baronem
1769 4979 1867 5034 de-

268 5089 538 5144 functum
567 5081 802 5138 Caesaris
843 5079 1108 5148 legatum,
1143 5078 1391 5144 adeoque
1444 5087 1734 5144 personam
1771 5086 1868 5142 pu-
1913 5112 1916 5114 η

271 5179 515 5239 micam,
543 5173 982 5244 replicabamus'.
1010 5169 1173 5240 cujus
1206 5167 1349 5222 bona
1374 5181 1474 5220 nec
1516 5180 1613 5235 pro
1643 5163 1869 5219 caducis

273 5267 506 5334 haberi,
535 5279 636 5321 nec
661 5260 926 5335 applicari
947 5261 1102 5324 fisco,
1131 5257 1239 5312 nisi
1263 5255 1601 5323 violatojure
1623 5254 1868 5326 gentium

277 5371 543 5437 possent.
567 5357 703 5414 Cum
736 5368 937 5412 avarus
963 5352 1169 5407 Cadius
1201 5366 1233 5406 a
1269 5349 1543 5404 sententia
1569 5363 1639 5402 ne
1671 5345 1872 5400 litteris

275 5454 516 5526 quidem
565 5447 932 5520 amplissimis
965 5445 1102 5502 salvi
1139 5451 1480 5500 commeatus
1532 5439 1763 5510 prolatis
1819 5446 1874 5492 et

281 5545 589 5616 inspectis,
641 5540 909 5598 dimoveri
962 5539 1166 5594 vellet:
1231 5537 1487 5600 subassa,
1528 5531 1873 5602 compellatis

282 5642 458 5700 nobis
488 5639 676 5695 ltaliea
705 5637 915 5706 lingua,
955 5641 1224 5704 praesente
1259 5629 1416 5684 radio
1463 5642 1587 5682 cum
1619 5639 1874 5680 assesso-

286 5737 452 5793 ribus
476 5736 612 5799 suis,
648 5733 698 5787 id
725 5729 948 5787 consilii
997 5727 1183 5790 dabat,
1233 5733 1291 5778 ut
1339 5719 1872 5787 ConSIantinopolim

296 5827 374 5884 nd
405 5837 674 5883 oratorem
707 5821 944 5877 Cesaris
997 5817 1171 5872 nostri
1222 5828 1334 5867 rem
1375 5827 1590 5869 omnem
1630 5808 1876 5878 perscri-

1979 4597 2140 4653 festo.
2205 4597 2342 4663 Quis
2393 4596 2538 4650 enim
2593 4593 2800 4648 audivit
2839 4606 3076 4660 unquam
3129 4589 3185 4642 in
3219 4588 3408 4658 Εκαγο
3467 4591 3549 4644 vel

1973 4690 2382 4759 Archipelago,
2479 4687 2644 4741 sicuti
2746 4697 2890 4737 nunc
2975 4689 3174 4746 voeat,
3268 4681 3547 4733 civitatem

1971 4781 2278 4836 insularum
2315 4775 2647 4832 duodecim?
2679 4773 2857 4828 Locus
2888 4781 2972 4828 est
3006 4773 3058 4826 in
3089 4771 3206 4842 ejus
3251 4769 3550 4840 Nicephori

1967 4875 2099 4936 vita,
2127 4871 2220 4942 qui
2258 4869 2517 4924 feminam
2557 4877 2890 4936 protervam,
2916 4874 2974 4918 et
3008 4863 3315 4932 nimiopere
3353 4862 3551 4916 crude-
3626 4921 3635 4944 ‘

1968 4971 2074 5024 lem
2109 4969 2162 5022 in
2190 4965 2620 5020 Constantinum
2646 4961 2839 5023 lilium,
2878 4959 2966 5012 cui
3006 4959 3199 5013 oculos
3230 4959 3398 5020 eruit,
3434 4955 3552 5010 lre-

1971 5077 2074 5117 nen
2104 5059 2336 5130 imperio
2369 5056 2588 5126 dejecit.
2627 5053 2954 5106 llabitantes
3007 5051 3060 5102 in
3118 5049 3406 5104 duodecim
3465 5049 3525 5101 in

1971 5155 2131 5216 sulis,
2159 5154 2347 5205 dicere
2371 5148 2560 5203 debuit
2586 5146 2888 5212 interpres.
2909 5142 2971 5196 Et
2991 5141 3252 5210 intelligit
3282 5141 3554 5195 Cedrinus

1973 5245 2186 5301 insulas
2249 5251 2406 5296 extra
2442 5236 2801 5291 Dardanellos
2850 5233 2933 5288 vel
2967 5248 3125 5287 arces
3191 5230 3551 5298 Hellesponti,

1974 5337 2061 5392 vel
2080 5345 2232 5390 extra
2255 5333 2474 5388 Sestum
2503 5340 2559 5384 et
2587 5325 2860 5398 Abydum,
2890 5326 2946 5379 in
2981 5323 3168 5393 Egan
3211 5321 3354 5374 mari
3377 5321 3552 5376 sitas:

1975 5443 2209 5502 quarum
2243 5429 2378 5490 hac,
2415 5424 2462 5479 si
2496 5423 2759 5492 requiris,
2798 5420 2996 5474 habeto
3049 5415 3310 5470 nomina:
3359 5417 3554 5468 sicula

1981 5521 2188 5578 Gracis
2223 5519 2351 5573 olim
2389 5516 2570 5570 vocari
2596 5513 2872 5577 solebant,
2905 5520 2959 5579 et
2994 5523 3137 5563 nunc
3169 5505 3390 5572 iisdem,
3419 5520 3560 5558 nau-

1978 5625 2278 5683 tarumque
2307 5617 2490 5678 vulgo,
2524 5616 2578 5662 et
2603 5605 2812 5659 Latinis
2849 5603 3236 5658 enuntientur.

1973 5741 1978 5750 ~
2053 5707 2128 5759 Ex
2192 5703 2544 5769 Hellesponto
2583 5698 2649 5751 ad
2712 5695 2987 5757 dextram,
3047 5705 3241 5746 versus
3297 5703 3559 5747 occasum

1982 5795 2144 5870 495
2171 5794 2304 5852 solis
2329 5788 2743 5859 navigantibus,
2781 5789 3118 5839 occurrunt:
3153 5860 3162 5866 _
