4028 6404
351 373 461 438 905

1517 391 1659 454 ΡᾹΝ
1674 389 1914 455 DECTE
1959 390 2010 452 ii
2025 392 2162 454 lS’l‘.
2198 391 2297 455 ΤΗ
2314 390 2508 457 liCIC.

3508 411 3613 473 906

345 456 456 556 que
488 489 703 558 regredi
734 501 925 560 posset
958 495 1263 552 exercitus.
1306 497 1552 557 Scachns
1611 505 1778 560 etiam
1833 506 1932 560 So-
1958 508 2009 566 Α
2035 507 2244 572 scachi,
2275 509 2434 577 cujus
2473 509 2522 564 ci
2579 526 2739 567 soror
2784 507 3066 585 nupserat,
3127 519 3331 576 illustri
3389 523 3506 579 viro
3545 527 3612 580 ad

346 578 550 646 phinns
580 593 796 635 omnem
825 583 907 638 eis
937 599 1207 640 annonam
1240 588 1308 642 ab
1338 595 1489 645 omni
1519 601 1672 660 parte
1693 595 1928 662 praecin-

342 679 511 720 serat.
537 665 692 724 Unde
709 670 937 739 factum,
960 683 1019 728 ut
1051 675 1193 731 fame
1213 679 1442 749 partim,
1495 684 1692 752 partim
1724 683 1926 755 frigore

339 759 604 816 dimidius
636 761 940 820 Tureornm
976 770 1260 826 exercitus
1287 773 1512 842 periret.
1537 777 1761 846 Absque
1785 793 1925 831 non-

336 851 614 906 nullorum
633 855 853 924 quidem
878 858 1262 916 Armeniorum
1316 863 1510 920 fuisset
1545 883 1734 937 opera,
1756 871 1927 940 regio-

334 942 425 996 nis
456 939 602 998 illius
632 948 926 1002 admodum
953 953 1273 1021 peritorum,
1319 959 1412 1024 qui
1459 959 1699 1015 maximo
1749 964 1924 1031 pretio

333 1030 530 1089 Turcis
549 1051 824 1092 annonam
850 1040 1179 1108 vendebant,
1203 1057 1389 1102 actum
1413 1051 1590 1106 adhuc
1617 1053 1771 1124 pejus
1795 1071 1919 1110 cum

331 1125 468 1194 ipsis
493 1125 706 1183 fuisset.
729 1129 1095 1202 Conspicattts
1122 1138 1176 1191 in
1213 1140 1296 1195 his
1316 1145 1673 1210 constitutum
1693 1147 1922 1204 diﬂicul-

331 1220 539 1274 tatibus
577 1221 932 1279 Osmanidam
959 1231 1194 1285 scacbus
1231 1228 1516 1301 'l'amases,
1571 1254 1601 1292 e
1644 1239 1920 1299 Corasane

328 1327 456 1364 cum
482 1315 830 1382 paucioribus
856 1334 1020 1387 quam
1050 1323 1237 1379 decem
1267 1345 1490 1383 suorum
1520 1333 1780 1399 millilms,
1804 1353 1919 1392 mo-

327 1417 486 1469 vens,
511 1402 824 1464 Taurisium
855 1413 1009 1478 adiit,
1045 1413 1136 1471 ubi
1164 1421 1386 1489 triginta
1411 1423 1719 1481 Turcorum
1749 1430 1914 1484 millia

328 1497 506 1550 tribus
535 1499 636 1554 sub
659 1500 892 1559 ducibus
917 1517 1093 1574 erant,
1131 1513 1232 1564 sub
1267 1511 1474 1580 Ulatna,
1500 1515 1834 1589 SirvanOgli,
1860 1535 1914 1578 et

322 1585 602 1657 Jadigiare
633 1592 771 1661 bego
806 1612 819 1648 :
858 1612 1096 1666 qnorttm
1131 1602 1370 1674 quisque
1411 1609 1601 1664 decem
1668 1585 1912 1670 millibus

321 1679 576 1747 equitum
615 1693 864 1751 praeerat.
904 1687 966 1742 ili
1014 1705 1137 1744 cum
1188 1696 1551 1764 accepissent,
1605 1697 1909 1772 Sophinum

319 1769 561 1828 Taurisii
595 1774 732 1831 fines
775 1780 1088 1857 ingressum
1117 1801 1264 1852 esse,
1291 1791 1607 1857 prodierunt
1647 1808 1799 1850 extra
1822 1815 1909 1853 nr-

324 1863 469 1930 hem,
510 1881 681 1938 seque
709 1851 1066 1932 dimicaturos
1095 1878 1147 1930 in
1175 1881 1385 1935 hostem
1413 1886 1673 1952 professi,
1700 1890 1867 1945 Tauri
1887 1923 1908 1932 -

325 1955 406 2008 sio
422 1955 638 2012 deserto
669 1955 852 2030 fugam
889 1964 1266 2035 arripuerunt.
1288 1969 1590 2042 Sophinus,
1613 1978 1799 2032 urbem
1826 1980 1909 2035 in-

319 2063 566 2116 gressus,
599 2055 960 2111 munitionem
995 2076 1025 2114 a
1087 2061 1281 2117 Turris
1337 2067 1662 2124 fabricatam
1712 2072 1903 2140 diruit,

315 2139 656 2210 aheneisque
717 2151 1006 2205 tormentis
1066 2155 1448 2224 comminutis,
1512 2173 1788 2220 monetam
1836 2183 1925 2223 ex.

313 2246 428 2287 aere
461 2235 722 2304 signavit.
767 2235 1130 2312 Posteaquam
1171 2244 1510 2308 Soleimanes
1539 2255 1604 2308 ad
1661 2256 1900 2328 Bagada-

313 2324 414 2376 tim
453 2325 682 2382 hiemem
755 2333 1067 2391 universam
1109 2342 1406 2411 exegisset,
1457 2337 1730 2405 abductis.
1776 2355 1900 2409 inde

312 2418 517 2488 copiis,
552 2419 864 2480 Taurisinm
896 2444 1086 2500 versus
1115 2432 1272 2504 abiit,
1303 2447 1357 2492 et
1379 2440 1566 2496 urbem
1591 2444 1895 2516 ingressus,

309 2509 507 2565 diebus
542 2511 615 2567 ibi
643 2516 954 2584 quindecim
984 2527 1204 2591 mansit,
1266 2543 1330 2584 ac
1372 2532 1570 2603 laqueo
1631 2543 1895 2610 suspendi

304 2597 642 2673 Jadigiarem
704 2609 896 2680 begum
977 2611 1228 2672 Eminem
1275 2597 1464 2691 jussit,
1520 2629 1676 2698 cujus
1733 2597 1894 2705 culpa

309 2691 519 2748 factum
553 2697 754 2766 fuerat,
781 2704 927 2772 quod
985 2721 1014 2758 a
1051 2705 1250 2767 Turcis
1310 2727 1504 2772 contra
1553 2718 1752 2778 Persas
1783 2742 1891 2782 non

305 2798 432 2842 erat
488 2789 830 2851 dimicatum.
890 2797 1003 2856 Hoc
1053 2804 1200 2860 enim
1261 2812 1488 2867 nomine
1534 2829 1891 2876 accusaverat

304 2878 490 2949 ipsum
529 2880 721 2938 Ulama
764 2903 887 2942 cum
923 2889 1580 2970 Sirvanogli.Sophinus,
1611 2907 1889 2970 intellecto

303 2969 674 3033 Soleimanem
711 3018 728 3042 ,
765 2984 932 3038 motis
991 2984 1262 3058 Bagadate
1318 2998 1514 3066 copiis,
1569 2999 1884 3062 Taurisium

301 3061 551 3128 tendere.
593 3067 646 3122 in
710 3073 987 3142 regionem
1017 3077 1314 3140 Cor-asanis
1367 3103 1428 3144 se
1449 3097 1678 3164 recepit.
1743 3097 1886 3155 Tan-

297 3154 429 3208 dem
481 3157 820 3221 Soleimaues
886 3169 1415 3248 Constantinopolim
1458 3200 1713 3246 reversus
1773 3201 1879 3263 est,

297 3251 465 3306 ﬁrmo
501 3251 755 3325 Bagadati
792 3267 1054 3332 prazsidio
1109 3282 1302 3329 contra
1329 3275 1636 3348 Sophinum
1701 3251 1882 3358 impo;

295 3344 429 3406 sito,
460 3348 546 3401 cui
577 3348 947 3413 Soleimanem
971 3361 1189 3420 bassam
1223 3385 1345 3424 cum
1380 3344 1690 3450 bieglerbegi
1720 3344 1879 3440 tit-uio

295 3439 565 3508 prmfecit,
587 3443 953 3509 Albanensem
978 3458 1062 3512 vel
1092 3459 1370 3530 Epirotam
1404 3439 1665 3538 natione:
1683 3477 1878 3544 adjun-

299 3536 403 3591 ctis
427 3536 477 3591 ei
504 3538 729 3610 triginta
763 3546 978 3607 duobus
1046 3554 1354 3616 Tureornm
1397 3536 1667 3628 millibus.
1731 3536 1874 3630 Tau-

305 3624 486 3682 risium
519 3643 670 3701 vero,
715 3638 845 3707 quia
913 3644 1162 3702 relictum
1194 3651 1266 3707 ab
1315 3669 1383 3709 eo
1431 3656 1616 3715 fuerat
1665 3666 1873 3737 absque

291 3721 574 3789 praesidio,
619 3745 875 3788 reversus
927 3735 1202 3806 Sophinus
1247 3747 1399 3802 nullo
1434 3755 1655 3823 negotio
1714 3774 1871 3816 ruu-

287 3817 526 3882 peravit.
557 3816 622 3874 Et
655 3822 922 3884 hactenus
948 3830 1062 3886 haec
1096 3816 1532 3911 Spanduginus:
1553 3851 1726 3920 cujus
1783 3853 1872 3910 in-

293 3910 594 3977 terpretari
626 3922 679 3969 et
711 3921 1027 3979 exscribere
1058 3923 1238 3983 locum
1295 3934 1591 4008 voluimus,
1649 3951 1709 3997 ut
1739 3960 1864 4002 cum

278 4001 572 4059 annalium
599 4011 917 4070 narratione
947 4018 1187 4075 conferri
1245 4027 1440 4094 possit.
1475 4029 1740 4091 Libenter
1777 4048 1865 4094 ta-

276 4107 411 4147 men
446 4097 584 4166 aequi
613 4100 842 4158 lectores
890 4106 1237 4182 fatebuntur,
1272 4131 1302 4170 a
1354 4119 1553 4181 Turcis
1601 4128 1864 4203 pleraque

274 4183 484 4238 tradita
511 4190 715 4247 rectius
748 4209 812 4249 ac
838 4197 1079 4264 plenius.

380 4275 507 4334 231.
537 4280 672 4337 Belli
704 4284 901 4343 Persici
929 4308 1117 4362 causa,
1152 4302 1384 4368 occasio,
1415 4317 1728 4374 protectus.

354 4365 606 4426 Solemus
653 4380 904 4450 exemplo
963 4381 1312 4458 Thucydideo
1369 4365 1859 4464 bellorumwoi'cta.

260 4458 396 4514 sive
451 4475 669 4530 causas,
720 4469 791 4524 ab
818 4479 1205 4536 occasionibus
1260 4497 1315 4539 et
1345 4494 1706 4556 praetextibus
1743 4501 1854 4556 dis-

259 4554 530 4619 tinguere
583 4558 910 4629 (προφάσεις

252 4650 648 4718 προσχήματα
682 4654 987 4730 πολέμων),
1011 4677 1131 4732 quae
1171 4681 1294 4722 cum
1333 4650 1547 4744 magnis
1580 4695 1642 4735 se
1694 4650 1853 4752 prin-

251 4737 511 4808 cipihus,
540 4748 836 4815 ca-teroqui
870 4750 1141 4810 bellorum
1169 4759 1432 4820 adversus
1461 4767 1724 4829 ﬁnitimos
1756 4791 1852 4846 ge-

963 4575 1018 4622 ρι
1079 4571 1339 4646 ἀφορμὰς
1393 4581 1512 4655 ip“,
1572 4599 1756 4658 vocat,
1800 4603 1855 4649 ει
1887 4602 1933 4656 Β
1965 4577 2194 4632 centiori
2224 4585 2488 4642 vocabulo
2513 4591 2874 4660 nominatam,
2898 4612 2997 4666 pro
3031 4600 3331 4664 Chaldaaa‘.’

2033 595 2402 655 Soleimanem
2471 619 2501 656 ι
2555 607 2761 661 scacho
2822 609 3139 681 deficiente,
3170 630 3508 688 magnosque
3557 635 3617 674 se

2030 689 2173 744 duce
2225 707 2520 750 successus
2578 698 2626 753 ei
2687 703 3086 769 promittente:
3152 722 3251 762 nec
3315 719 3616 778 praztextus

2030 779 2191 849 longe
2216 786 2548 848 quaerendus
2597 801 2738 856 erat,
2802 810 2924 848 cum
2986 812 3098 864 pra;
3163 801 3415 858 manibus
3466 816 3615 860 esset

2026 871 2316 928 Persurnm
2377 894 2404 930 a
2448 883 2661 939 caeteris
2743 885 3148 946 Mahumctanis
3225 894 3611 952 dissidentium

2027 978 2164 1019 nova
2190 972 2530 1039 superstitio,
2585 975 2656 1030 ab
2709 975 2968 1035 Erdebilc
3015 992 3235 1050 empta,
3287 986 3611 1045 Teclnnasis

2026 1069 2150 1120 avo,
2177 1060 2246 1113 ab
2276 1058 2497 1119 lsmaile
2528 1066 2776 1138 Sophino
2821 1082 2977 1144 patre
3024 1077 3358 1149 defensaque
3413 1098 3610 1152 propa-

2022 1161 2282 1221 galaque,
2315 1154 2637 1215 Techmasis
2668 1165 2834 1218 etiam
2880 1171 3191 1236 patrocinio
3223 1175 3482 1230 subnixa.
3532 1177 3609 1230 De

2025 1245 2125 1297 hac
2155 1255 2208 1299 et
2243 1251 2522 1307 annalium
2573 1255 2626 1308 in
2673 1260 2997 1328 appendice,
3055 1266 3157 1318 sub
3196 1266 3414 1322 initium
3479 1270 3604 1324 belli

2022 1334 2248 1402 Persici.
2289 1345 2498 1410 prolixe
2540 1348 2934 1422 disseruimus,
2964 1366 3018 1412 et
3069 1360 3427 1428 adjnnximus
3475 1365 3603 1429 alia,

2019 1432 2282 1499 rap.188
2325 1435 2620 1496 Pandectis
2674 1443 2862 1515 hujus.
2918 1447 3165 1507 Indidem
3205 1453 3378 1509 lector
3443 1456 3607 1510 intel-

2018 1519 2186 1590 ligere
2223 1537 2422 1594 potest,
2476 1536 2619 1602 quod
2683 1539 2770 1594 hic
2822 1542 3064 1599 traditur
3118 1546 3390 1615 objecisse
3429 1546 3601 1603 Tech-

2017 1619 2181 1682 masi,
2239 1619 2535 1694 Persisque
2610 1635 2844 1696 caeteris,
2903 1633 3279 1694 Soleimanes:
3336 1641 3597 1696 nimirum

2015 1723 2110 1764 cos
2141 1711 2330 1769 debito
2370 1729 2611 1786 quatuor
2658 1724 2989 1783 Mahumetis
3031 1733 3328 1800 prophetas
3390 1735 3600 1790 honore

2015 1815 2128 1854 non
2174 1810 2454 1876 prosequi.
2511 1812 2762 1878 Quatuor
2812 1823 2956 1874 enim
2989 1823 3044 1876 hi
3104 1823 3426 1883 Malunnctis
3483 1838 3594 1883 tum

1945 1908 1986 1962 Β
2017 1893 2180 1958 socii,
2213 1904 2325 1950 tum
2354 1918 2730 1973 successores,
2781 1909 3007 1970 fuerunt
3064 1914 3355 1984 Ebubikir,
3407 1918 3593 1983 Ome'.

2014 1983 2216 2043 Osman
2279 2003 2330 2044 et
2376 1996 2513 2049 Ali:
2553 2015 2788 2069 quorum
2839 2007 3121 2074 prioribus
3180 2012 3375 2066 ordine
3419 2014 3596 2066 tribus

2014 2077 2260 2148 rejectis,
2295 2100 2553 2154 quartttm
2610 2093 2778 2162 Alim,
2831 2097 3162 2156 Haliumetis
3224 2106 3590 2175 propinquum

2008 2178 2063 2222 et
2089 2187 2373 2243 generum,
2408 2181 2588 2239 Persae
2616 2188 2851 2253 probant
2879 2207 2944 2246 ac
2972 2208 3329 2252 venerantur.

2070 2265 2195 2322 252.
2242 2269 2556 2341 Curdistau,
2589 2278 2776 2348 Curdi,
2807 2287 3038 2353 It'cldan,
3065 2289 3336 2361 Cordyna,
3369 2295 3544 2351 Curti.

2077 2357 2408 2422 Reineceius
2473 2369 2526 2424 in
2560 2377 2864 2442 appendice
2927 2382 2994 2435 ad
3059 2357 3587 2460 octavumiAythoni

2002 2463 2185 2522 caput,
2229 2457 2439 2516 Cordos
2474 2473 2527 2516 et
2585 2466 2858 2527 Cordinos
2914 2476 3082 2532 nimis
3130 2480 3236 2536 late
3298 2482 3586 2541 Turciram

1999 2552 2214 2606 gentem
2249 2561 2376 2604 esse
2428 2555 2674 2621 prodidit
2717 2575 2784 2615 ex
2829 2561 3044 2622 Joanne
3080 2568 3266 2628 Leone
3306 2576 3583 2637 Africano.

1997 2629 2066 2684 Et
2087 2633 2289 2702 adjecit
2319 2638 2423 2694 alia
2484 2643 2552 2698 de
2602 2646 2918 2708 Corduenis
2984 2667 3040 2712 et
3077 2629 3586 2742 emanaturam;

1998 2723 2088 2776 hic
2119 2726 2345 2785 minime
2387 2739 2705 2802 repetenda.
2734 2740 2846 2799 Nec
2902 2746 3294 2810 Curdistannm
3328 2723 3581 2830 equidem

1996 2816 2314 2876 admiserint
2357 2840 2485 2882 esse
2512 2827 2769 2902 Mediam,
2799 2853 2923 2906 quas
2966 2844 3153 2899 verius
3190 2864 3334 2904 nunc
3384 2854 3578 2912 Sirvan

1990 2910 2324 2979 appellatur.
2351 2915 2467 2973 Vox
2497 2920 2795 2982 Curdistan
2828 2931 3108 3000 signiticet
3165 2956 3392 3010 regnum
3442 2910 3580 3003 Cur;

1988 2998 2209 3059 dorum.
2240 3005 2302 3059 Et
2343 3008 2592 3069 habitant
2638 2998 2914 3091 hodieque
2948 3026 3113 3084 Cordi
3141 3072 3156 3097 ,
3195 2998 3336 3091 sicut
3373 2998 3577 3101 hisﬂe—x

1986 3096 2286 3154 annalibus
2309 3104 2475 3159 etiam
2528 3112 2832 3172 manifesto
2892 3132 3074 3188 paret,
3108 3096 3162 3180 in
3210 3132 3436 3199 regione
3468 3137 3574 3191 Ba-

1986 3185 2224 3253 gadatis,
2270 3207 2394 3262 qua:
2429 3195 2728 3269 Babylonia
2780 3185 2982 3276 priscis
3033 3185 3139 3282 est,
3190 3230 3244 3275 et
3275 3185 3326 3276 in
3371 3228 3573 3286 vicinia

1991 3273 2393 3353 Carahemidas,
2429 3304 2552 3358 quae
2578 3273 2858 3364 quondam
2886 3316 3006 3360 erat
3062 3273 3572 3394 Aonis—insi}:

1991 3373 2193 3439 lamiae,
2224 3393 2373 3434 nunc
2404 3381 2696 3445 Diarbekir
2723 3397 3038 3466 appellatas.
3064 3404 3278 3472 Quibus
3342 3373 3568 3476 in‘lorcis

1986 3473 2112 3516 cum
2139 3466 2268 3522 olim
2286 3468 2672 3538 Chaldmorum
2697 3487 2858 3544 sedes
2889 3491 3120 3564 fuerint,
3157 3505 3419 3570 equidem
3469 3527 3566 3566 su-

1984 3555 2174 3618 perius
2200 3559 2252 3614 in
2279 3568 2560 3624 annalium
2612 3579 2998 3646 supplemento
3025 3593 3295 3658 conclusi,
3349 3599 3566 3658 Curdos

1981 3660 2106 3702 esse
2130 3649 2435 3723 Chaldaios,
2484 3669 2792 3730 praesertim
2822 3688 2948 3728 eum
2979 3693 3009 3732 a
3045 3683 3238 3741 vicinis
3272 3687 3458 3750 Persis
3503 3709 3564 3751 et

1981 3735 2179 3798 Turcis
2208 3758 2272 3800 ea
2304 3750 2454 3818 regio
2502 3752 2796 3816 Curdistan
2843 3769 3169 3840 appelletur,
3198 3794 3361 3846 quam
3411 3801 3559 3843 nunc

1979 3846 2198 3904 quoque
2214 3835 2421 3896 Keldan
2450 3857 2645 3903 vocant
2662 3849 2830 3923 £97
2864 3835 3100 3927 Arabes,
3155 3835 3228 3921 id.
3248 3835 3357 3926 est,

1975 3925 2173 3983 duram.
2206 3929 2372 3989 Liber
2388 3936 2664 4007 ἀκέφαλος
2684 3946 2936 4035 historia:
2983 3925 3208 4027 Graecae,
3258 3925 3554 4035 cuius

1974 4021 2196 4086 quoties
2245 4029 2580 4090 mentionem
2641 4032 2787 4109 feci,
2833 4059 3084 4115 posteros
3140 4054 3348 4125 Setnis,
3383 4061 3554 4124 NOiIiB

1975 4111 2095 4178 filii,
2140 4117 2396 4187 regiones
2443 4123 2541 4180 has
2599 4111 2850 4192 sortitos—
2880 4141 3090 4198 refert:
3148 4145 3412 4222 Persium,
3447 4157 3554 4213 Ba-

1971 4205 2292 4316 :trianam:
2344 4210 2702 4290 Hyrcaniam,
2756 4225 3154 4302 Babyloniam,
3198 4205 3549 4316 Cordi—nam,

1971 4291 2210 4366 Syriam,
2245 4298 2718 4383 Mesopotamiam,
2754 4291 2890 4374 cum-
2914 4324 3040 4382 aliis
3065 4343 3188 4404 qua:
3213 4291 3544 4406 sequuntur.

2249 4393 2286 4406 η
2376 4399 2388 4406 .

1968 4384 2106 4452 Quis
2138 4389 2224 4446 hic
2245 4393 2580 4469 Cordynam,
2602 4406 2836 4475 positam
2892 4413 3039 4472 inter
3081 4384 3546 4494 .Bahj'ldniaiii

1967 4480 2181 4550 Syriam
2213 4487 2803 4570 Mesopotamiatnque,
2852 4519 2960 4561 non
3008 4480 3396 4572 animadvertit
3456 4537 3540 4576 re-

3390 4611 3535 4670 idem

1956 4666 2120 4736 situs,
2157 4670 2319 4728 iidem
2353 4677 2491 4734 ﬁnes
2531 4681 2695 4741 hodie
2722 4698 2855 4745 sunt
2900 4693 3243 4766 Curdistani,
3306 4705 3374 4760 de
3420 4666 3534 4778 quo

1952 4765 2188 4833 agimus.
2215 4765 2367 4824 Adde
2401 4769 2627 4829 Cedrini
2662 4777 2840 4836 locum
2892 4800 2924 4840 e
2955 4785 3157 4846 Basilio
3209 4765 3530 4868 Macedone,

249 4828 568 4885 reudorum
593 4834 792 4900 avidis,
828 4838 1108 4898 oﬂerunt:
1145 4863 1425 4920 nunquam
1441 4858 1523 4912 eis
1555 4828 1849 4927 prmtexius

244 4921 494 4984 desunt,
527 4938 668 4991 quos
716 4924 1001 4986 aﬂ‘cctibus
1034 4935 1170 4999 suis,
1220 4946 1276 4992 et
1306 4921 1704 5010 cupiditatibus
1763 4921 1847 5008 in?

1906 4909 1912 4917 ,
1952 4869 2076 4908 cum
2110 4857 2209 4921 ait,
2245 4853 2506 4918 Basilium
2565 4881 2596 4921 e
2639 4867 3034 4942 Mesopotamia
3093 4884 3346 4945 victoriae
3391 4910 3532 4951 nun-

1951 4946 2056 5001 tios
2079 4951 2558 5021 accepisse:cum
2579 4961 2785 5028 quibus
2831 4966 2997 5024 allata
3056 4990 3279 5048 quoque
3324 4946 3527 5042 fuerint

1947 5037 1999 5092 ei
2039 5042 2206 5096 multa
2226 5046 2422 5113 spolia,
2451 5050 2734 5123 multaque
2794 5061 3068 5133 mancipia
3122 5037 3418 5131 Cdrtornm
3471 5093 3526 5135 et

1946 5126 2374 5191 Saracenorum.
2407 5135 2474 5192 Hi
2502 5141 2657 5198 Curti
2682 5145 2842 5215 plane
2863 5126 3105 5211 non-alii
3163 5126 3519 5237 suun—quani

1945 5220 2198 5280 hodierni
2234 5228 2426 5296 Curtii,
2454 5243 2509 5288 et
2535 5238 2903 5300 Curdistaniaa
2937 5249 3180 5318 regionis
3203 5220 3418 5315 incola;

2001 5315 2128 5373 253.
2165 5319 2265 5375 Ser
2291 5323 2456 5380 Asker
2480 5319 2798 5389 sultanumh:
2829 5315 3054 5408 Ser-dor,
3098 5346 3274 5414 μέγας
3305 5350 3452 5418 δούξ.

2010 5406 2126 5464 Hoc
2145 5410 2305 5468 olﬁcii
2331 5415 2447 5471 sive
2466 5419 2748 5490 dignitatis
2772 5430 2915 5498 apud
2935 5406 3148 5490 Turcos
3177 5452 3285 5493 non
3314 5442 3513 5509 civilis.

1941 5501 2039 5555 sed
2066 5503 2319 5564 militaris
2349 5518 2436 5564 est
2492 5527 2716 5582 nomen,
2762 5534 2872 5588 quo
2934 5524 3277 5595 signiﬁcatur
3326 5549 3518 5610 supre-

1935 5609 2061 5648 mos
2091 5595 2390 5666 imperator
2411 5609 2692 5662 exercitus
2744 5614 2969 5681 sultani,
3019 5619 3134 5674 sive
3190 5608 3512 5695 capitaneus

1932 5689 2203 5756 generalis
2237 5693 2336 5763 (uti
2373 5713 2517 5754 nunc
2546 5698 2846 5775 loquimur)
2892 5724 3058 5778 supra
3120 5727 3347 5774 caeteros
3395 5737 3512 5775 om-

1934 5793 2032 5833 nes
2059 5785 2372 5851 capitaneos
2392 5794 2688 5847 exercitus.
2722 5797 2894 5853 Aslter
2919 5802 3153 5860 Arabico
3185 5822 3503 5878 supremum

1931 5869 2228 5942 signiﬁcat,
2254 5891 2352 5946 pro
2375 5895 2484 5951 quo
2507 5880 2810 5943 Tureornm
2869 5891 3065 5962 vulgus
3121 5869 3324 5957 Lesk-er
3371 5904 3508 5958 Solet

3076 5991 3152 6051 29

231 5210 452 5252 sarum
501 5213 754 5268 suorum,
812 5202 1248 5268 Muchemetisll
1311 5220 1520 5286 proavi,
1583 5223 1841 5296 Bajazitis

229 5287 374 5352 avi,
408 5285 742 5362 Selimisque
771 5298 948 5366 patris
971 5304 1288 5362 aemulatio:
1341 5312 1432 5381 qui
1463 5329 1589 5372 cum
1645 5285 1838 5377 Persas

229 5392 383 5433 rum
440 5383 660 5438 scachis
716 5389 1019 5446 acerrimas
1070 5395 1392 5459 inimicitias
1448 5420 1834 5477 exercuerant.

225 5479 295 5523 et
325 5466 624 5538 aliquoties
645 5488 804 5545 aequo
836 5477 952 5534 fere
985 5479 1158 5540 Marte
1189 5503 1313 5544 cum
1345 5493 1424 5548 eis
1451 5497 1831 5571 conﬂixerant,

225 5557 362 5615 sibi
395 5558 674 5619 fortunam
708 5569 884 5640 magis
920 5574 1213 5642 propitiant
1251 5579 1436 5638 Persis
1463 5557 1832 5657 opprimendis

222 5662 296 5705 es
327 5649 702 5724 adjungendis
740 5659 972 5729 imperio
1003 5681 1104 5722 suo
1142 5649 1667 5736 pollicebatur-.‘iioc
1703 5649 1827 5738 eum

222 5741 439 5798 animo
467 5759 566 5802 suo
594 5751 955 5810 constitutum
1024 5758 1270 5829 habenti,
1305 5781 1407 5822 nec
1472 5774 1693 5829 occasio
1725 5776 1826 5832 de-

215 5832 395 5898 fuit;
429 5831 624 5890 Ulama
667 5837 827 5910 bego,
856 5847 1027 5912 gestis
1055 5850 1196 5905 bello
1237 5855 1402 5913 rebus
1459 5870 1512 5913 et
1564 5831 1822 5920 aliinitate

566 5933 838 6000 PATBOL.
889 5942 1002 6004 Gtt,
1062 5937 1256 6000 CLIX.
