4028 6410
376 423 483 489 M3

1540 443 1941 508 PA‘NDECTE
1973 451 2176 516 HIST.
2212 451 2515 520 TUthlC.

3541 470 3644 536 914

283 592 288 595 _
376 541 560 607 bassa,
588 554 920 615 corruptum
949 551 1092 619 ame
1125 551 1420 611 historicos
1445 569 1704 625 nostros,
1737 561 1953 618 Jovium
1988 575 2028 624 Α
2067 567 2228 638 vulgo
2283 569 2592 640 Neptunus,
2656 590 2756 628 ceu
2794 577 3088 635 .inaaimus
3139 581 3420 648 quispiam
3471 587 3643 640 miris

370 644 425 688 et
451 635 609 698 alios,
665 653 862 693 nomen
908 643 1069 697 habet
1128 642 1436 703 Luitibeus’
1460 662 1554 706 aut
1589 651 1952 724 Luphtibeus.

371 722 712 798 Spandngini
768 732 837 787 de
907 733 1010 788 hoc
1065 739 1324 794 notabilis
1382 751 1470 796 est
1529 722 1725 808 locus.
1788 763 1950 817 quem

368 819 786 890 interpretando
816 826 1007 883 ‘lubeL
1051 831 1313 888 inserere.
1375 834 1678 904 Sullanus,
1734 840 1950 910 inquit,

367 909 719 968 Soleimanes
781 911 993 982 Lutsi,
1039 935 1305 990 perquam
1365 924 1560 980 humili
1629 909 1952 986 conditione

314 1074 318 1078 Ι
364 1014 517 1068 nato,
555 1005 672 1060 suis
710 1022 775 1062 ex
811 1010 1098 1067 sororibus
1131 1028 1295 1068 unam
1328 1014 1478 1072 dedit
1513 1033 1765 1086 uxorem,
1791 1037 1948 1078 eum-

313 1119 319 1181 :
362 1113 473 1165 que
519 1100 756 1168 primum
805 1103 1026 1159 bassam
1079 1107 1370 1174 caeavit,a
1410 1126 1528 1181 quo
1553 1125 1734 1169 tamen
1766 1115 1947 1173 oliicio

312 1165 319 1184 ’
363 1165 792 1255 uuncvdejectns
823 1201 928 1246 est.
979 1191 1196 1265 Quippe
1246 1212 1372 1252 cum
1412 1165 1553 1256 uxor
1580 1202 1768 1257 mariti
1807 1219 1944 1260 con-

357 1278 584 1334 cubitus
606 1294 730 1336 cum
757 1284 1340 1356 masculismgerrime
1374 1288 1580 1356 ferret,
1623 1308 1802 1364 eoque
1844 1310 1945 1350 no-

357 1372 509 1427 mine
569 1384 694 1428 cum
759 1374 881 1445 ipso
956 1378 1358 1447 expostulans,
1415 1381 1673 1439 diceret:
1709 1384 1937 1443 fratrem

357 1477 546 1525 suum,
577 1465 862 1520 sultanum
896 1465 1289 1537 Soleimaneni,
1322 1471 1402 1527 illi
1437 1488 1499 1528 se
1525 1473 1790 1544 iunxisse
1819 1492 1938 1531 ma-

357 1553 652 1619 trimonio,
693 1573 880 1613 secum
932 1560 1011 1614 uti
1043 1561 1273 1618 cubaret
1303 1581 1317 1618 :
1351 1567 1936 1624 exeandescensLutsi

354 1648 543 1714 hassa,
598 1651 815 1706 mulieri
865 1654 1164 1725 colaphum
1218 1657 1468 1729 impegit.
1500 1659 1616 1716 Hoc
1644 1661 1735 1716 ubi
1767 1662 1938 1718 resci-

353 1752 472 1794 tum
506 1758 535 1795 a
563 1741 896 1811 Soleimane,
933 1762 1180 1805 sororem
1215 1751 1265 1806 ei
1317 1752 1571 1819 protinus
1601 1754 1831 1822 ademit,
1870 1769 1936 1811 ac

353 1842 578 1904 recepto
606 1834 901 1893 Sultanino
924 1839 1126 1908 sigillo,
1156 1839 1428 1912 dignitate
1451 1846 1697 1916 supremi
1731 1846 1932 1902 veziris

350 1926 633 1984 hominem
691 1933 864 1987 exuit.
900 1931 998 1988 Est
1032 1935 1178 1989 enim
1220 1935 1276 1990 in
1303 1951 1459 1994 more
1497 1939 1642 2009 apud
1669 1940 1929 1996 Osmani-
1963 1913 2006 1968 Β

345 2020 470 2087 das,
521 2028 578 2075 ut
635 2022 727 2092 qui
767 2026 1095 2082 auctoritate
1127 2037 1365 2098 quatuor
1426 2029 1573 2086 inter
1623 2031 1823 2087 bassas
1845 2039 1932 2085 est

347 2111 610 2178 iriaxima,
663 2115 969 2170 vezirazem
1026 2117 1144 2174 sive
1199 2133 1498 2190 supremus
1572 2121 1931 2177 consiliarius

347 2207 688 2272 nominetur,
737 2214 790 2261 et
840 2208 893 2261 in
940 2222 1105 2264 manu
1145 2225 1245 2266 sua
1306 2212 1550 2283 sigillum
1584 2213 1930 2267 sultaninnm

342 2296 568 2352 habeat.
611 2297 734 2354 llaec
765 2297 1153 2371 Spanduginus
1177 2318 1193 2369 ;
1218 2318 1341 2374 qua:
1379 2318 1512 2360 sane
1535 2302 1583 2360 si
1616 2319 1747 2361 vera
1778 2312 1932 2368 sunt,

342 2399 559 2445 utesse
617 2392 890 2459 videntur,
929 2395 1270 2452 conveniens
1321 2397 1484 2452 fmdis
1516 2412 1582 2452 ac
1632 2397 1920 2453 dissolutis

340 2484 596 2538 moribus
632 2485 842 2540 homini
887 2486 1076 2541 datum
1120 2504 1321 2544 nomen
1355 2490 1479 2544 fuit.
1516 2490 1732 2560 Quippe
1765 2489 1926 2546 Lutsi

341 2575 533 2646 lingua
567 2575 798 2633 Turcica
836 2579 1113 2649 signiticat
1144 2597 1268 2636 eum
1305 2581 1402 2652 qui
1429 2598 1550 2654 non
1595 2583 1701 2637 nisi
1739 2582 1808 2637 de
1833 2598 1927 2637 vc-

340 2684 474 2725 nerc
536 2671 746 2741 cOgitat
803 2690 818 2727 :
878 2674 1098 2742 qualem
1159 2675 1386 2732 Grzecus
1455 2677 1656 2748 aliquis
1720 2677 1924 2734 dixerit

336 2763 606 2834 ἐρωτικὸν
638 2765 722 2821 vel
750 2767 1101 2840 ὲρωτομανῆ.

613 2904 741 2960 945.
782 2903 1067 2972 Besictasi,
1120 2908 1649 2966 ΔΠΙΛΟΚΙΟΝΙΟΝ.

410 3016 704 3086 Besictasi,
750 3021 905 3078 locus
933 3031 1018 3078 est
1047 3022 1113 3079 ad
1148 3024 1493 3095 Bosphorum
1528 3027 1830 3084 Thracium
1863 3030 1918 3084 in

337 3111 558 3183 Europa
615 3113 775 3181 situs,
819 3130 928 3184 qua
959 3117 1438 3190 Constantinopoli
1478 3137 1698 3177 sursum
1733 3125 1912 3178 tendi-

334 3215 452 3269 tur,
501 3205 732 3260 adverso
792 3205 1059 3278 Bosphori
1134 3208 1323 3277 lium,
1379 3227 1576 3268 versus
1635 3230 1698 3269 os
1762 3216 1915 3286 ponti

335 3297 561 3351 Euxini.
617 3298 746 3354 Plus
802 3302 986 3356 minus
1039 3313 1276 3373 quatuor
1323 3305 1477 3361 abest
1509 3322 1538 3360 a
1575 3309 1766 3362 Galata
1791 3311 1916 3365 mil-

330 3391 568 3446 iiaribus
601 3390 828 3459 Graecis,
852 3402 948 3448 aut
971 3411 1080 3450 uno
1103 3393 1456 3454 Germanico.
1485 3400 1692 3457 Nomen
1725 3403 1912 3474 lingua

329 3482 565 3538 Tureica
602 3485 838 3555 lapidem
866 3488 984 3542 sive
1030 3503 1226 3544 sarum
1261 3506 1554 3558 cunarum,
1593 3494 1869 3565 signiﬁcat
1894 3516 1912 3553 :

331 3575 772 3642 adistractione,
812 3589 966 3648 puto,
994 3581 1434 3639 Christianorum
1477 3589 1912 3659 mancipiorum,

333 3685 394 3723 ac
459 3681 697 3727 matrum
749 3677 1075 3744 praesertim,
1114 3679 1313 3736 liberos
1363 3682 1553 3738 etiatn-
1599 3695 1820 3742 teneros
1853 3687 1909 3741 in

326 3763 495 3818 cunis
542 3765 888 3826 habentium.
948 3769 1208 3840 Sepultus
1258 3774 1346 3830 hic
1411 3785 1496 3832 est
1526 3777 1911 3845 Chairadiues,

325 3858 424 3924 qui
457 3856 682 3911 messita
712 3873 932 3928 quoque
987 3877 1128 3916 nova
1185 3879 1288 3920 suo
1319 3874 1540 3935 sumptu
1586 3868 1786 3923 ibidem
1819 3886 1913 3925 ex-

322 3957 566 4014 structa,
602 3952 894 4008 nobilitare
919 3953 1096 4010 locum
1125 3965 1179 4011 et
1207 3958 1459 4013 excolere
1495 3959 1693 4016 voluit.
1715 3962 1912 4014 Διπλο-

324 4042 535 4094 κιόνιον
584 4042 789 4100 Cra-cis
855 4047 1016 4103 hodie
1067 4051 1278 4116 vocari,
1345 4053 1547 4120 priscis
1598 4053 1907 4120 Jasonium,

322 4143 578 4190 notatum
605 4138 847 4207 reperies
879 4155 1068 4210 supra,
1109 4145 1288 4212 capite
1319 4144 1446 4200 l28.
1481 4143 1598 4202 lioc
1630 4157 1905 4216 tempore,

320 4229 396 4282 de
437 4243 550 4297 quo
586 4231 798 4286 scilicet
829 4233 1069 4288 Annales
1123 4236 1287 4290 modo
1334 4236 1660 4307 loquuntur,
1693 4239 1908 4309 adjecta

317 4320 551 4376 fuerunt
582 4321 910 4392 sonistuc
948 4328 1194 4397 capitum
1224 4327 1697 4398 Christianorum,
1721 4349 1750 4388 e
1772 4333 1910 4388 Cor-

315 4427 456 4480 cyra
490 4412 757 4468 duntaxat
813 4415 868 4470 in
897 4419 1621 4489 servitutemabreptornm,
1656 4424 1933 4490 cujusvis

311 4520 494 4560 sexus
533 4515 586 4559 et
619 4507 822 4572 artatis,
857 4508 924 4562 ad
975 4510 1255 4564 sexdecim
1287 4512 1452 4565 millia
1495 4533 1510 4568 :
1543 4517 1901 4584 qnemadmo-
1935 4548 1979 4604 ι)

311 4599 452 4654 dum
478 4598 666 4654 Jovius
708 4602 987 4656 memoriae
1037 4602 1300 4671 prodidit.
1359 4602 1433 4659 De
1489 4606 1791 4663 sultaninis
1850 4618 1904 4663 et

308 4708 514 4749 corum
557 4694 756 4762 pretio,
789 4695 994 4750 dictum
1020 4696 1086 4752 18
1127 4696 1328 4764 capite.

585 4830 714 4885 2“.
753 4829 1180 4901 Carabogdanite
1207 4832 1404 4902 ﬂuvius
1445 4834 1634 4890 Berut.

397 4943 470 4998 De
500 4943 914 5017 Carabogdania
951 4949 1176 5004 consule
1220 4959 1385 5018 caput
1429 4949 1516 5005 7i.
1558 4951 1693 5018 Ejus
1721 4954 1901 5009 amnis

304 5044 428 5103 est,
462 5053 624 5108 quem
656 5040 823 5093 Berut
853 5042 1096 5096 Annales
1135 5042 1190 5095 hi
1235 5043 1545 5098 nominant.
1583 5043 1789 5116 Ungari
1819 5055 1901 5099 ta-

303 5149 471 5194 men,
506 5142 560 5185 ct
593 5131 840 5198 Vaiachi,
883 5133 1001 5190 sive
1033 5134 1291 5204 Moldavi,
1325 5137 1520 5206 partim
1556 5139 1900 5192 contractius

302 5233 374 5282 et
399 5224 598 5280 durius
628 5225 779 5291 Prut,
812 5229 1012 5296 partim
1060 5228 1223 5298 paulo
1269 5228 1490 5285 mollius
1527 5229 1685 5296 Brut,
1718 5246 1896 5286 enun-

302 5321 486 5376 tiant.

387 5436 516 5491 245.
553 5436 791 5506 Neptuni
825 5437 1021 5506 Dorice,
1045 5440 1168 5494 victi
1197 5455 1228 5494 τι
1261 5438 1609 5506 Cltairadt'ne,
1648 5443 1800 5513 fuga.

409 5548 634 5603 Doriam
667 5547 856 5615 Turci,
893 5566 1048 5607 more
1069 5552 1278 5618 italico,
1300 5559 1697 5624 pronuntiant;
1730 5574 1893 5628 quem

300 5640 510 5698 Jovius
537 5641 681 5696 dixit
719 5642 968 5708 Auriam,
1020 5647 1194 5714 magis
1239 5649 1632 5704 consuetudini
1683 5649 1896 5706 Latina:

307 5735 691 5804 respondente
725 5737 1016 5803 vocabulo,
1044 5741 1195 5794 velut
1219 5742 1339 5810 ipse
1365 5743 1583 5810 quidem
1612 5745 1896 5801 existima-

305 5829 418 5881 vit.
451 5827 581 5882 lset
631 5843 732 5884 osn
768 5843 952 5885 rerum
1012 5831 1147 5886 mari
1201 5833 1583 5902 gerendarmn,
1617 5845 1674 5891 et
1718 5836 1894 5893 felici-

309 5927 432 5982 tate
485 5919 775 5992 singulari,
831 5931 1042 5979 tantam
1101 5924 1341 5996 adeptus
1380 5927 1608 5991 gloriam
1655 5930 1779 6000 fuit,
1835 5943 1895 5989 ut

2057 659 2218 726 deus,
2253 665 2652 732 appellaretur.
2685 665 2842 724 Hunc
2863 678 3047 726 tamen
3077 689 3105 727 a
3139 672 3478 733 Chairadine
3503 693 3641 748 prae-

2055 751 2131 805 lio
2162 754 2362 821 navali,
2392 765 2447 810 et
2482 759 2698 814 artibus
2748 761 3124 830 imperatoriis
3154 777 3504 837 superatum,
3554 771 3641 825 fus

2051 843 2242 913 gisse,
2283 861 2394 900 non
2429 849 2716 914 insolenti,
2761 853 2858 907 sed
2897 856 3145 911 modesta
3182 869 3496 913 memorant
3527 860 3638 913 An.

2051 933 2205 989 nales
2243 937 2517 994 oratione.
2580 939 2704 1006 Quo
2729 945 3291 1004 commendabiliores
3317 949 3478 1005 nobis
3509 967 3637 1007 esse

2047 1024 2270 1093 debent,
2297 1029 2374 1083 uti
2421 1046 2529 1085 non
2563 1032 2630 1087 ad
2659 1036 2896 1102 gratiam
2957 1053 3214 1105 suorum,
3246 1057 3350 1096 nec
3381 1043 3446 1096 ad
3485 1044 3644 1098 inse-~

2047 1117 2348 1174 elationem
2384 1111 2704 1180 nostrorum
2739 1142 2755 1189 ;
2793 1130 2888 1183 sed
2921 1130 2988 1184 ad
3019 1133 3336 1199 veritatem,
3360 1149 3482 1204 quae
3514 1136 3632 1189 auio

2047 1223 2241 1294 tuaest
2269 1215 2532 1283 historiae,
2572 1218 2790 1288 scripti.
2812 1218 3103 1277 Iovianum
3139 1224 3362 1294 quidem
3403 1226 3626 1294 epipho-

2045 1289 2226 1370 nema,
2255 1321 2370 1374 quo
2398 1307 2603 1363 clausit
2657 1311 2801 1366 hanc
2829 1313 3227 1378 narrationem,
3274 1331 3436 1385 quam
3468 1332 3625 1372 acres

2043 1399 2207 1456 lmbet
2239 1403 2504 1459 aculeos!
2565 1405 2760 1470 Auris,
2810 1407 3015 1479 inquit,
3055 1409 3193 1464 tanti
3251 1426 3407 1476 usus,
3457 1419 3624 1466 tanta:

2041 1497 2274 1566 peritia,
2319 1509 2485 1553 tanta?
2553 1499 2982 1559 existimationis
3041 1505 3179 1559 mari
3229 1505 3362 1567 dux,
3413 1520 3480 1559 eo
3535 1507 3624 1560 die

2041 1590 2225 1645 nullus
2278 1592 2588 1662 imperator
2627 1596 2872 1652 exstitit.
2937 1597 3102 1667 Atqui
3140 1598 3383 1666 cogitare
3417 1600 3484 1653 de
3532 1599 3623 1653 illo

2037 1685 2212 1738 veteri
2251 1686 2423 1740 verbo
2477 1687 2720 1744 debebat
2781 1689 3000 1752 Jovins,
3054 1705 3163 1758 quo
3229 1691 3623 1748 Demosthenes

2036 1774 2207 1832 etiam
2251 1776 2489 1848 fugiens,
2516 1795 2822 1838 excusasse
2855 1799 2914 1838 se
2949 1784 3162 1838 fertur:

2216 1890 2387 1962 Ἀνὴρ
2416 1893 2471 1946 δὲ
2503 1894 2723 1964 φεύγων
2754 1899 2848 1950 καὶ
2883 1898 3048 1950 πάλιν
3077 1899 3409 1968 μαχήσεται.

2319 1987 2424 2050 Qui
2447 2005 2500 2042 se
2531 1989 2672 2060 fuga:
2698 1990 2810 2056 dat,
2838 1990 3116 2046 dimicabit
3146 1993 3337 2045 denuo.

2032 2103 2143 2160 Nec
2203 2105 2543 2175 ineleganter
2601 2104 2831 2162 Alexius
2878 2107 3126 2176 Angelus
3181 2109 3507 2176 imperator,
3560 2114 3618 2160 nt

2032 2196 2176 2268 apud
2210 2196 2436 2253 Graecia:
2465 2206 2758 2268 praetmem
2799 2207 3052 2256 nostrum
3097 2200 3381 2255 memoria:
3427 2199 3618 2269 prodi-

2031 2298 2145 2346 tum
2172 2289 2396 2359 legitur,
2439 2304 2566 2344 cum
2595 2289 2826 2359 perditis
2863 2291 3029 2346 rebus
3062 2306 3168 2345 non
3192 2291 3358 2345 modo
3385 2291 3612 2355 frustra,

2030 2381 2122 2436 sed
2149 2381 2316 2436 etiam
2344 2395 2470 2434 cum
2499 2381 2748 2448 periculo
2776 2395 2836 2435 se
2876 2381 3084 2437 diutius
3142 2381 3422 2438 haesurum
3471 2382 3615 2438 Con-

2028 2470 2391 2539 stantinopoli
2425 2470 2921 2538 animadverteret,
2957 2473 3216 2528 omnibus
3249 2474 3436 2528 valere
3486 2473 3613 2542 jus-

2027 2563 2122 2627 sis,
2157 2574 2209 2618 et
2236 2572 2455 2634 arrepta
2493 2575 2712 2633 sponte,
2737 2565 2968 2628 nolenti,
2996 2575 3178 2620 tamen
3218 2567 3422 2632 animo,
3460 2567 3610 2635 fuga,

2027 2655 2287 2711 Davidem
2313 2672 2535 2728 quoque
2565 2656 2709 2713 dixit
2748 2659 3022 2714 benelicio
3057 2659 3199 2730 fugae
3247 2659 3412 2715 saluti
3447 2668 3613 2726 atque

2028 2747 2398 2803 incolumitati
2468 2765 2585 2805 suae
2627 2752 3013 2832 consuluisse.
3051 2750 3170 2806 Non
3226 2753 3411 2807 minus
3460 2760 3612 2807 certe

2027 2841 2208 2912 magni
2235 2850 2289 2896 et
2323 2842 2594 2912 sapientis
2627 2855 2710 2900 est
2760 2845 3138 2915 imperatoris.
3193 2861 3469 2900 summam
3527 2861 3612 2899 re-

2025 2949 2146 2988 rum
2183 2935 2408 2991 incerta!
2441 2936 2633 2993 Martis
2666 2938 2797 2992 alea:
2841 2953 2951 2994 non
2982 2947 3190 2994 temere
3217 2939 3608 3000 committere;

2023 3043 2186 3098 quam
2220 3045 2486 3101 prospere
2513 3031 2854 3090 cedentibus
2876 3033 3158 3101 omnibus,
3215 3027 3443 3088 victoria
3473 3048 3610 3101 pru-

2022 3121 2218 3179 denter
2253 3123 2354 3179 uti.

2176 3237 2306 3294 246.
2335 3238 2752 3294 Pnblimnorum
2773 3255 2957 3293 carcer
2978 3239 3464 3309 Constantinopoli.

2094 3351 2292 3406 Vendit
2344 3355 2552 3406 omnia
2583 3354 3010 3422 perimperihm
3051 3370 3214 3409 suum
3252 3355 3454 3408 telonia
3492 3371 3607 3408 ma-

2023 3449 2170 3503 ximo
2197 3449 2394 3518 pretio,
2419 3449 2767 3518 vel'paucos,
2805 3450 2890 3504 vei
2933 3451 3120 3520 plures
3161 3451 3214 3504 in
3261 3466 3436 3506 annos
3487 3453 3606 3506 sul-

2021 3543 2184 3596 tanus
2237 3539 2711 3607 Osmanidarum';
2776 3540 3012 3612 ideoque
3035 3543 3081 3596 si
3128 3542 3366 3612 majores
3430 3544 3601 3611 aliqui

2019 3637 2263 3705 pecuniae
2292 3646 2540 3689 summas
2577 3635 2626 3690 ei
2657 3632 3017 3705 vectigalium
3051 3635 3274 3690 nomine
3301 3636 3603 3706 pollicean-

2019 3735 2128 3790 tur,
2159 3742 2322 3796 quam
2358 3741 2550 3796 reapse
2577 3726 2843 3796 deinceps
2889 3725 3155 3781 exhibere
3209 3727 3428 3794 possint
3478 3747 3492 3781 :
3545 3728 3599 3780 in

2017 3832 2318 3882 carcerem,
2355 3818 2524 3872 veluti
2555 3818 2647 3888 qui
2698 3833 2807 3872 non
2869 3819 3136 3873 solvendo
3171 3820 3305 3883 sint,
3337 3831 3392 3876 et
3445 3821 3601 3876 frau-

2020 3911 2143 3967 dem
2178 3911 2396 3965 sultano
2449 3909 2635 3966 facere
2683 3910 2976 3976 voluerint,
3034 3910 3435 3980 conjiciuntur.
3501 3911 3600 3967 llic

2013 4017 2206 4072 carcer
2239 4002 2667 4072 publicanorum
2732 4003 3212 4073 Cormtantinopoli
3259 4005 3485 4060 dicitur.
3533 4005 3599 4059 Et

2013 4102 2141 4148 sunt
2189 4078 2242 4147 in
2281 4096 2545 4149 universo
2610 4091 3038 4149 Osinanidarum
3088 4111 3260 4166 regno
3316 4097 3594 4167 publicani

2012 4188 2130 4243 fere
2175 4185 2373 4253 Judaei,
2421 4203 2558 4256 gens
2589 4188 2985 4243 exactionibus
3035 4197 3087 4243 et
3132 4189 3319 4245 usuris
3366 4191 3596 4244 nimium

2013 4291 2280 4350 quantum
2341 4295 2509 4348 supra
2567 4281 2832 4335 mortales
2898 4291 3132 4338 cmteros
3178 4283 3407 4339 dedita:
3472 4300 3594 4339 cum

2011 4374 2114 4443 ipsi
2153 4373 2319 4428 etiam
2361 4371 2526 4427 Turcl
2549 4374 2640 4428 vel
2667 4373 3026 4440 Musulmani,
3059 4376 3246 4443 pauio‘
3274 4377 3594 4432 sincerioris

2014 4468 2264 4521 homines
2299 4466 2679 4529 conscientiae,
2706 4468 2883 4521 nolint
2907 4467 3100 4523 audire
3124 4469 3402 4538 publicani
3437 4489 3449 4524 :
3481 4487 3589 4524 non

2011 4561 2191 4623 aliter,
2223 4573 2287 4614 ac
2323 4561 2367 4613 si
2405 4575 2529 4613 cum
2585 4560 2812 4615 infamia
2866 4561 3168 4630 eonjunclo
3197 4576 3422 4630 propter
3451 4564 3592 4617 alio-

2014 4662 2136 4707 rtnn
2173 4653 2477 4721 nequitiam
2536 4654 2783 4718 nomine,
2823 4653 3000 4706 virum
3050 4652 3256 4707 bonum
3326 4655 3589 4725 appellari

2011 4744 2168 4799 nefas
2229 4743 2340 4812 sit,
2403 4747 2622 4802 etiamsi
2689 4755 2890 4817 przeter
2950 4745 3194 4804 officium
3264 4749 3402 4804 nihil
3475 4750 3590 4821 ipso

2005 4838 2192 4893 faciat.

2032 4951 2160 5006 247.
2211 4951 2411 5008 Ontum
2447 4953 2650 5034 σαρξί-ὅ,
2709 4955 3034 5034 Xyloportn,
3088 4955 3253 5014 Porta
3304 4963 3557 5034 lignaria,

2571 5027 2983 5082 Caravanscrai.

2073 5112 2678 5188 Ostendimus-supra,
2715 5122 2895 5191 capite
2926 5122 3055 5185 200,
3125 5141 3250 5194 qua:
3300 5138 3454 5196 porta
3510 5131 3582 5184 sit

2005 5208 2121 5262 inec
2157 5210 2425 5278 'lignaria,
2470 5212 2732 5267 videlicet
2780 5213 2846 5267 ad
2912 5231 3076 5282 quam
3134 5220 3353 5287 navigia
3423 5221 3588 5289 lignis

2001 5311 2230 5356 onerata
2264 5304 2442 5358 solent
2487 5305 2764 5374 appellere
2802 5325 2814 5361 :
2856 5307 3171 5379 (irzecisqne
3193 5312 3397 5367 dictam
3428 5313 3586 5379 ξυλο-

2002 5395 2235 5461 πόρταν,
2275 5395 2344 5448 ah
2406 5395 2598 5450 iisdem
2658 5397 2822 5468 lignis
2883 5415 3003 5470 quae
3054 5400 3163 5457 huc
3202 5404 3584 5470 advehuntur,

2003 5493 2108 5538 non
2143 5485 2289 5555 quod
2324 5486 2438 5556 ipsa
2475 5487 2654 5559 lignea
2703 5491 2796 5556 sit,
2837 5493 3304 5562 quemadmodum
3341 5498 3581 5554 credidit

2002 5581 2236 5646 uterque
2261 5578 2725 5649 Chalcocondylis
2791 5582 3086 5655 interpres.
3127 5585 3204 5642 De
3238 5600 3372 5643 Voce
3415 5590 3585 5645 Cara-

2000 5666 2280 5733 vanserai,
2307 5669 2512 5724 dictnrn
2544 5673 2726 5748 Capite
2760 5675 2848 5741 14,
2885 5678 3187 5746 signiﬁcari
3220 5681 3433 5738 scilicet
3457 5685 3581 5746 hac.

2001 5759 2232 5814 aedificia
2282 5764 2571 5819 cararanis
2608 5777 2916 5825 exstructa.
2947 5769 3267 5830 Caravauas
3303 5790 3434 5829 vero
3463 5792 3584 5830 mo-

2005 5865 2062 5904 re
2108 5850 2350 5906 Ture'rco
2388 5869 2472 5909 se
2504 5857 2959 5930 conjungentium
3017 5880 3140 5920 esse
3176 5867 3423 5936 agmina,
3452 5883 3582 5924 cum

2000 5937 2117 5993 loca
2174 5941 2356 5997 minus
2416 5960 2443 5999 a
2469 5945 2778 6008 latrociniis
2811 5961 2925 6008 luta
2958 5957 3300 6028 peragranda
3333 5970 3489 6015 sunt.
3523 5959 3595 6013 in.
