4028 6412
331 454 440 523 9T7

1497 462 1640 522 ΡΑΝ
1655 461 1900 521 DECTE
1935 464 2135 526 lllS'l‘.
2179 465 2490 526 TURCIC.

3502 465 3606 531 918

328 581 478 638 dem.
532 574 825 641 tutsimque
883 573 1217 628 Soleimanis
1281 575 1715 638 commendavit,
1748 575 1912 629 Juan-
1948 583 1986 637 Α
2021 591 2164 632 mus.
2193 577 2429 632 Fallitur
2476 574 2695 638 Jovius,
2753 589 2879 630 cum
2942 575 3039 639 ait,
3101 576 3392 632 Albaniam
3443 578 3606 634 limlie

332 684 456 722 nem
494 665 940 736 Sigismundum,
975 680 1136 733 quem
1197 666 1510 720 sustulcrat-
1547 685 1612 720 es
1677 668 1908 722 lsabctla

328 758 563 820 Potens,
599 756 764 825 cujus
796 755 885 810 hie
924 755 1131 812 mentio
1180 757 1262 821 ﬁt,
1307 758 1533 812 nomine
1561 766 1746 813 tamen
1798 775 1909 812 non

325 864 622 921 expresso,
649 849 801 904 velut
853 847 1053 903 Turcis
1111 850 1326 918 ignoto.
1367 850 1650 906 Habuerat
1680 850 1912 906 Joannis

323 958 579 999 sororem
631 942 958 1010 Barbam,
1011 943 1066 996 ni
1119 944 1300 1008 fallor,
1341 945 1524 1012 primo
1557 946 1916 999 matrimonio

325 1035 620 1106 coniugem
667 1035 1066 1105 Sigismundus
1099 1036 1299 1104 major,
1328 1038 1574 1092 Poloniz
1627 1051 1720 1092 res
1761 1055 1912 1108 :qua

331 1141 575 1193 mortua,
635 1127 842 1181 Bonam
907 1131 1109 1192 duxit,
1164 1129 1398 1185 Joannis
1459 1130 1704 1186 Galeacii
1753 1131 1914 1186 ducis

332 1220 786 1284 Mediolanensis.
817 1239 883 1276 es
930 1222 1160 1277 isabella
1197 1225 1472 1288 Aragonia
1523 1223 1910 1295 Neapolitua,

331 1313 522 1368 tiliam.
591 1312 740 1366 Bona
793 1321 956 1381 partu
1007 1315 1188 1382 primo
1217 1312 1505 1368 Isabcllam
1543 1315 1686 1371 hanc
1715 1316 1912 1382 edidit,
1965 1351 1968 1354 ~

327 1402 559 1460 leannis
589 1399 934 1473 zapoliensis
956 1405 1277 1476 coniugem,
1309 1404 1540 1462 Joannis
1570 1406 1912 1478 Sigismundi

329 1505 585 1552 matrem.
623 1495 900 1551 Caeterum
929 1497 1076 1551 nulla
1102 1498 1160 1552 ﬁt
1205 1499 1295 1553 hic
1325 1498 1380 1553 in
1422 1499 1674 1555 Turcicis
1701 1503 1915 1556 mentio

330 1585 671 1645 Ferdinandi
726 1590 984 1656 Caesaris,
1021 1585 1278 1660 Ungaric
1307 1591 1698 1662 Bobemizeque
1725 1593 1872 1664 regis
1900 1614 1914 1662 ;

328 1685 424 1755 qui
458 1692 646 1739 tamen
677 1683 784 1738 hoe
814 1684 1041 1747 bellum,
1072 1683 1330 1739 Perenio'
1347 1693 1402 1740 et
1434 1683 1788 1756 Rogendorfo
1817 1689 1922 1743 duo

328 1777 509 1840 cibus;
532 1777 788 1846 gerebat.
809 1777 868 1831 id
889 1777 1148 1846 equidem
1181 1776 1298 1832 ﬂeri
1338 1785 1630 1848 propterea
1663 1780 1916 1836 credide-

333 1870 630 1939 rion-quod
656 1864 1071 1924 Ferdinaudurn
1095 1867 1466 1932 Soleimanes.
1492 1872 1702 1927 hostem
1729 1887 1915 1937 suum,

326 1978 431 2034 pro
457 1963 618 2035 503
666 1962 922 2033 ngarﬁe
959 1977 1084 2028 rege
1131 1975 1241 2016 non
1274 1972 1622 2031 agnosceret.
1661 1962 1924 2017 Notanda
1953 1951 1990 2004 θ

327 2065 462 2112 νοτο
491 2055 739 2112 [sabella
776 2055 978 2119 oratio,
1029 2072 1190 2124 quam
1245 2056 1412 2109 Turri
1454 2057 1656 2125 regina:
1690 2057 1914 2110 nomine

329 2163 439 2203 non
461 2148 762 2218 dignantur
786 2187 801 2211 ,
835 2148 974 2209 {cum
1025 2147 1233 2202 Budam
1271 2149 1542 2204 afﬁrmant
1590 2163 1700 2202 non
1755 2164 1910 2202 suam

325 2255 474 2302 esse.
502 2241 594 2295 sed
621 2240 826 2295 sultani
855 2239 1169 2295 Osmauidae
1193 2241 1498 2295 civitatem.
1529 2240 1704 2295 Nimis
1731 2241 1783 2293 iu
1811 2240 1912 2293 hoc

325 2347 513 2386 veram
546 2346 606 2386 se
661 2343 844 2386 vatem
909 2343 1134 2400 experta
1187 2332 1352 2400 paulo
1383 2339 1506 2401 post
1555 2332 1660 2386 fuit
1706 2331 1909 2395 bellua,

325 2443 454 2482 cum
497 2425 862 2491 Soleimanes,
896 2426 1022 2498 ipsa
1049 2441 1173 2479 curn
1209 2427 1322 2480 lilio
1355 2442 1454 2493 per
1479 2441 1750 2480 summam
1789 2439 1914 2494 per-

327 2520 514 2574 tidiam
553 2521 754 2592 ejecta,
797 2517 963 2574 Budae
1012 2521 1220 2590 pariter
1243 2527 1298 2574 et
1352 2518 1606 2588 Ungaria:
1663 2517 1909 2586 reliqum,

325 2614 482 2668 velut
517 2615 570 2666 in
604 2612 948 2680 provinciam
997 2611 1252 2678 redactae,
1308 2612 1696 2683 beglerbegnm
1731 2610 1912 2680 puell-

325 2715 501 2765 ceret.
538 2704 718 2759 bonus
751 2705 841 2759 ille
874 2706 1083 2760 scilicet
1119 2714 1269 2758 tutor
1303 2721 1320 2760 :
1369 2712 1568 2769 matre,
1605 2713 1715 2756 tam
1768 2701 1912 2756 Tur-

325 2797 408 2850 cis
448 2795 692 2858 addicta.
719 2811 846 2850 cum
897 2796 1012 2850 ﬁlio
1045 2797 1275 2866 pupillo,
1325 2796 1380 2850 in
1422 2795 1910 2865 Transsylvaniam

326 2888 414 2943 vel
444 2887 722 2942 Erdelium
779 2888 1037 2958 relegata.
1092 2886 1418 2957 Huiusmodi
1474 2887 1735 2941 nimirum
1789 2902 1914 2941 esse

325 2980 554 3051 pra-mia
586 2981 873 3036 societatis
895 2989 951 3036 et
1003 2981 1269 3036 amicitia:
1322 2981 1574 3036 barbara:
1603 2981 1802 3043 solent,
1854 2990 1914 3034 ut

328 3083 570 3141 tyranno
603 3086 705 3125 suo
759 3071 1068 3125 moriturus
1108 3071 1286 3124 aiebat
1315 3072 1536 3137 Aratus,
1591 3071 1819 3124 τοιαῦτα
1844 3073 1914 3124 τὰ

326 3165 584 3234 ἐπίχειρα
609 3165 707 3234 τῆς
735 3164 1076 3234 τυραννικῆς
1099 3166 1304 3232 φιλίας.

435 3277 562 3338 251.
607 3277 889 3345 Valpottm,
937 3277 1289 3348 Strigonium.
1334 3276 1547 3332 Granus
1587 3281 1804 3349 ﬂuvius.

397 3392 640 3462 Walpou
666 3392 861 3446 Turcis
893 3399 977 3448 est
1022 3408 1119 3447 arx
1143 3429 1160 3454 ,
1217 3391 1453 3460 llugaris
1479 3392 1625 3446 dicta
1671 3391 1870 3462 Walpo
1895 3432 1910 3456 ,

327 3485 658 3555 Valpunium
685 3483 869 3542 Jovio.
913 3481 1070 3538 Ultra
1119 3482 1343 3538 ﬂuvium
1395 3483 1628 3538 Dravam
1675 3483 1778 3536 sita
1805 3491 1908 3538 est.

326 3577 458 3632 Post
509 3577 736 3630 tertium
794 3575 1106 3631 obsidionis
1173 3591 1421 3630 mensem
1473 3590 1504 3629 a
1559 3574 1913 3644 praesidiariis

330 3667 512 3720 dedita
565 3665 693 3732 fuit,
740 3665 1002 3734 praefecto
1054 3667 1124 3721 ab
1178 3666 1372 3721 iisdem
1427 3675 1613 3735 capto,
1654 3673 1709 3720 et
1769 3665 1909 3718 nosti

326 3759 572 3828 prodito.
615 3758 962 3828 Strigonium
997 3773 1147 3814 nunc
1189 3758 1431 3812 Granum
1488 3757 1647 3826 vulgo
1695 3757 1910 3816 dicunt,

326 3856 397 3906 ab
432 3868 597 3907 amne
623 3850 834 3917 Grano,
868 3852 985 3922 qui,
1018 3851 1266 3907 deﬂuens
1299 3866 1329 3905 a
1358 3849 1670 3918 Carpatltiis
1710 3850 1912 3903 monti-

325 3945 456 4005 bus,
487 3943 579 3997 ubi
631 3953 910 3998 montanae
950 3957 1095 3997 nunc
1146 3937 1400 3998 civitates
1445 3941 1688 3996 celebres
1761 3952 1910 4008 sunt,

323 4036 395 4090 ad
459 4034 678 4090 radices
741 4035 886 4089 arcis
953 4033 1350 4103 Strigoniensis
1411 4035 1529 4088 sive
1586 4033 1911 4097 Grancnsis,

325 4130 582 4185 Danubio
623 4129 909 4184 miscetur.
966 4128 1122 4184 Unde
1173 4129 1382 4184 ciVitati
1425 4145 1648 4199 quoque
1703 4129 1913 4198 Strigo-

323 4223 480 4276 nium
514 4236 715 4277 nomen
766 4221 1002 4275 inditum
1032 4233 1275 4293 putatur,
1315 4223 1463 4275 velut
1505 4219 1910 4293 lstrigranium,

323 4317 401 4372 ab
429 4317 550 4371 lstri
597 4325 652 4370 et
685 4314 853 4372 Grani
895 4314 1324 4370 conﬂuentibus.
1370 4315 1507 4369 Alba
1560 4316 1756 4386 regalis
1805 4331 1910 4368 non

318 4420 441 4465 tam
475 4424 506 4462 ι
539 4422 726 4477 regum
767 4404 1022 4475 Ungaria:
1049 4407 1354 4478 sepulturis
1377 4406 1460 4460 sic
1482 4409 1754 4478 appellata
1787 4409 1912 4474 fuit,

319 4517 567 4572 quarum
631 4499 1010 4556 meminerunt
1068 4501 1336 4567 Annales,
1397 4516 1560 4570 quam
1628 4515 1657 4554 a
1721 4515 1910 4570 regum

319 4593 776 4668 iuauguratione,
809 4609 930 4664 quae
959 4594 1066 4648 hoc
1100 4593 1214 4648 ﬁeri
1249 4595 1377 4647 loco
1427 4593 1624 4663 priscis
1653 4593 1912 4661 tempori-

2021 665 2210 720 vocari
2245 664 2459 720 Serbau
2483 703 2498 726 .
2532 664 2770 718 vicinam
2829 662 3022 718 Mediae
3045 704 3062 727 ,
3113 673 3450 734 propterque
3493 665 3605 719 "Ca-

2021 759 2203 829 spium
2227 773 2381 812 mare
2409 759 2593 813 sitam.
2619 757 2833 826 Quippe
2859 757 3012 826 regio
3043 755 3489 826 Geergisnorum
3521 769 3609 815 est

2019 851 2277 910 Albania.
2307 851 2408 920 qni
2440 863 2725 918 nunquam
2758 848 2848 903 vel
2879 848 2987 918 ipsi
3013 849 3129 919 regi
3157 849 3485 913 Persarum,
3517 851 3603 904 vel

2023 943 2178 1009 regio
2207 942 2363 995 l’ratri
2417 948 2722 1011 paruerunt
2763 941 3073 995 hactenus:
3115 940 3212 994 sed
3275 940 3605 1002 Christiani,

2020 1035 2286 1098 ctliberi,
2323 1049 2461 1088 suos
2499 1033 2782 1103 principes
2819 1031 3058 1096 habent;
3114 1029 3296 1085 Persis
3335 1030 3607 1086 duntaxat

2019 1126 2398 1189 confoederati.
2441 1127 2586 1180 sicut
2613 1125 2926 1194 expositum
2961 1124 3142 1194 capite
3184 1125 3489 1180 centesimo
3515 1141 3610 1180 oc.

2022 1219 2288 1290 togesimo
2346 1233 2516 1274 nono.
2577 1216 2876 1272 Sirvanum
2917 1227 3063 1280 vero,
3124 1217 3246 1272 sive
3296 1216 3607 1280 Media,rc-

2022 1314 2114 1383 gni
2142 1312 2350 1368 Persici
2381 1313 2692 1368 mernbrun
2739 1323 2866 1367 est:
2903 1313 3051 1379 quod
3109 1313 3332 1366 tametsi
3395 1311 3607 1366 Hasta-

2021 1407 2160 1472 pbas
2195 1407 2358 1462 bassa
2397 1406 2548 1461 vezir
2597 1405 2831 1475 imperio
2869 1405 3107 1474 subjecit
3155 1406 3608 1469 (ismanidarum,

2022 1513 2172 1554 anno
2199 1499 2523 1554 Christiano
2557 1499 2858 1554 millesimo
2909 1499 3357 1570 quingentesimo
3384 1503 3606 1567 septua-

2023 1592 2234 1662 gesimo
2265 1603 2481 1655 octavo,
2503 1601 2558 1646 et
2581 1592 3004 1661 beglerbegatus
3031 1594 3085 1646 in
3115 1593 3353 1645 formam
3376 1591 3605 1659 redegit:

2025 1699 2151 1738 mox
2183 1692 2367 1738 tamen
2392 1684 2577 1741 Persis
2627 1696 2936 1756 receptum,
2973 1687 3044 1741 ab
3085 1686 3279 1740 iisdem
3332 1685 3608 1755 ir'odieQue

2023 1777 2322 1833 retinetur.

2245 1914 2373 1970 253.
2400 1911 2573 1981 Usen,
2610 1911 2868 1978 Uvastan,
2902 1911 3132 1969 Ibauum
3153 1903 3396 1970 Cedrini.

2090 2034 2236 2090 Urbs
2268 2034 2384 2089 bzec
2425 2048 2552 2088 cum
2597 2047 2723 2088 arce
2751 2033 2835 2087 sic
2865 2031 2931 2085 ad
2964 2031 3172 2087 Persici
3221 2032 3371 2101 regni
3402 2031 3609 2085 limites
3639 2087 3656 2108 _'

2017 2124 2277 2195 pertinet,
2316 2132 2376 2178 ut
2407 2125 2574 2179 etiam
2625 2123 2820 2193 majori
2875 2123 3110 2177 ﬁnitima
3178 2123 3251 2177 sit
3307 2123 3606 2182 Armeniae.
3647 2111 3652 2116 ’

2019 2218 2285 2274 Cedrinus
2313 2217 2366 2277 in
2391 2219 2586 2272 eodem
2604 2217 2969 2272 Mouomacho
2991 2216 3241 2286 Augusto
3268 2224 3431 2270 vocat
3463 2216 3609 2268 ’l6iv

2017 2311 2175 2364 πόλιν
2207 2310 2302 2364 τοῦ
2339 2308 2734 2380 Βαασπρακάν.
2777 2307 2836 2362 Id
2895 2305 3093 2363 Latine
3143 2308 3377 2364 reddens
3433 2310 3608 2362 inter-

2018 2417 2166 2472 pres,
2203 2401 2427 2456 lbanum
2453 2412 2510 2457 et
2553 2401 2901 2472 Baaspracan
2924 2401 3170 2470 scripsit.
3191 2400 3304 2470 Ego
3339 2400 3607 2470 simplici-

2019 2504 2102 2548 ter
2150 2493 2546 2564 exprimerem,
2605 2500 2666 2545 ut
2733 2501 2886 2546 tanto
2955 2493 3156 2547 melius
3225 2492 3602 2561 intelligerer:

2017 2585 2190 2650 lwan,
2215 2594 2309 2639 aut
2343 2584 2496 2648 lvan,
2535 2585 2672 2639 urbs
2713 2583 2956 2654 regionis
2985 2582 3360 2653 Vaaspraran.
3393 2582 3604 2652 thnia

2017 2678 2197 2747 capite
2228 2676 2569 2747 prmcedenti
2600 2675 2978 2747 Vaaspraean,
3004 2691 3073 2732 ex
3097 2677 3348 2747 ejusdem
3383 2677 3608 2732 Cedrini

2016 2770 2367 2835 auctoritate,
2415 2769 2648 2823 Mediam
2716 2786 2839 2823 esse
2901 2769 3240 2833 docuimus,
3306 2770 3609 2838 intelligere.

2010 2863 2121 2932 jam
2153 2862 2300 2924 licet,
2340 2862 2578 2917 Wanum
2620 2862 2688 2916 ad
2718 2864 2966 2918 eamdem
3019 2864 3248 2918 Mediam
3285 2865 3476 2919 referri
3507 2867 3605 2921 de-

2017 2955 2180 3023 bere,
2220 2955 2304 3010 vel
2335 2971 2398 3009 ea
2421 2955 2466 3010 si
2500 2972 2610 3009 non
2661 2957 3033 3019 contineatur,
3069 2958 3267 3012 saltem
3316 2958 3605 3012 ﬁnitimam

2017 3047 2212 3102 videri.
2249 3047 2578 3102 Wastanum
2612 3049 2895 3117 signiﬁcat
2948 3049 3234 3120 regionem
3281 3050 3430 3105 circa
3471 3047 3605 3102 Wa-

2018 3155 2150 3193 num
2181 3141 2366 3201 sitam,
2415 3155 2511 3194 seu
2563 3140 2728 3195 Wani
2781 3141 3176 3198 territorium:
3221 3142 3499 3213 siquidem
3529 3143 3607 3196 ls-

2018 3240 2140 3298 tan,
2167 3233 2284 3288 sive
2327 3232 2484 3299 Stan,
2535 3232 2735 3288 Turcis
2784 3248 3016 3306 regnum
3054 3235 3141 3289 vel
3196 3235 3479 3306 regionem
3531 3239 3608 3291 εζ-

1943 3307 1984 3363 c
2020 3323 2264 3392 gniﬁcat.

2015 3453 2142 3508 254.
2204 3453 2412 3509 Nomia
2453 3456 2909 3526 beglerbegatuu'm
2950 3461 3112 3512 ratius
3159 3457 3576 3514 Osmdnidarum

2347 3527 2576 3595 imperii,
2616 3544 2748 3595 quos
2781 3527 2937 3583 hodie
2982 3529 3282 3598 possident.

2087 3645 2226 3712 Quia
2267 3646 2500 3700 Persicis
2532 3646 2584 3698 in
2636 3645 2839 3701 ﬂni‘bus
2893 3658 3177 3722 extremus
3231 3649 3320 3704 hic
3361 3667 3391 3705 a
3430 3654 3606 3708 Sulci-

2017 3753 2178 3791 mane
2225 3735 2386 3791 Wani
2430 3735 2848 3806 beglerbegatus
2899 3737 2949 3792 id
2991 3739 3260 3808 temporis
3315 3740 3604 3796 institutus

2019 3831 2145 3898 fuit,
2174 3831 2308 3885 libet
2353 3831 2455 3884 hoc
2490 3831 2611 3884 loco
2661 3831 2957 3897 quamdam
2992 3833 3146 3899 quasi
3208 3833 3460 3888 notitiam
3515 3852 3603 3889 rc-
3681 3825 3686 3827 ’

2016 3928 2107 3994 gni
2147 3923 2428 3980 Osrnanici
2477 3924 2775 3978 lectoribus
2822 3923 3108 3989 exhibere,
3161 3923 3452 3995 descriptis
3513 3940 3602 3980 or-

2018 4019 2144 4073 dine
2182 4017 2485 4086 provinciis
2531 4017 2650 4085 ejus
2681 4018 2797 4071 sive
2831 4018 3329 4088 beglerbegatibus,
3381 4034 3522 4089 quos
3548 4021 3600 4073 in

2017 4109 2169 4174 Asia,
2201 4106 2394 4163 Africa
2455 4119 2509 4163 et
2557 4107 2774 4177 Europa
2806 4123 2953 4164 nunc
2997 4105 3238 4166 ﬂurates
3263 4111 3352 4165 hic
3381 4114 3599 4170 tertius.

2019 4201 2164 4257 unici
2206 4199 2568 4257 Muchemetis
2597 4201 2911 4258 Osmaniduc
2967 4215 3163 4274 pater,
3225 4207 3513 4278 possidet:
3545 4220 3602 4262 ut

2019 4295 2094 4349 ita
2129 4295 2370 4364 denique
2404 4295 2718 4351 Pau'decten
2757 4296 3008 4353 historiae
3058 4295 3309 4356 Turcicre
3350 4311 3599 4356 nostrum

2015 4389 2379 4452 claudamus,
2423 4390 2596 4444 visuri
2645 4390 2906 4459 deinceps
2982 4393 3148 4448 latius
3197 4411 3263 4449 ne
3326 4395 3598 4465 permissu

2023 4481 2278 4537 Numinis
2306 4482 2440 4537 ﬂues
2489 4497 2619 4537 suos
2655 4485 3010 4554 prepagaturi
3054 4487 3186 4546 sint.
3231 4503 3298 4542 an
3353 4489 3604 4544 vastissi-

2017 4588 2162 4627 mam
2197 4573 2342 4628 illam
2366 4574 2561 4630 molem
2591 4576 2832 4645 imperii,
2862 4581 3078 4631 cunctis
3121 4580 3387 4636 hactenus
3415 4582 3605 4635 formi—

316 4692 432 4745 lius
478 4688 714 4744 solebat.
764 4687 896 4741 lstic
944 4684 1114 4740 etiam
1169 4701 1263 4738 rex
1306 4681 1729 4749 Fcrdinandus,
1782 4699 1906 4736 cum

2020 4665 2248 4720 dabilem
2297 4666 2533 4734 populis,
2575 4667 2876 4720 secundum
2941 4667 3304 4736 ipsorummct
3345 4673 3596 4733 oracula,

313 4784 486 4837 Anna
516 4779 775 4850 conjuge,
818 4777 1086 4834 Yladislai
1140 4778 1286 4846 regis
1337 4778 1480 4842 lilia,
1527 4775 1793 4831 Ludovici
1825 4793 1910 4829 so-

315 4891 473 4940 rore,
497 4872 716 4928 decimu
743 4879 944 4942 quarto
968 4870 1057 4925 die
1082 4869 1401 4936 Februarii,
1436 4885 1584 4925 anno
1617 4871 1910 4925 millesimo

310 4967 774 5036 quingentesimo
819 4966 1094 5021 vicesimo
1133 4966 1392 5036 septimo,
1434 4965 1682 5020 adhibita
1731 4967 1908 5021 sancti

310 5058 592 5130 Stephani
625 5074 752 5112 vera
782 5072 1010 5122 corona,
1059 5057 1165 5112 iuit
1201 5057 1591 5125 inauguratus.

421 5173 552 5228 252.
590 5173 909 5236 Schirnsan,
940 5170 1160 5238 Sirran,
1183 5171 1408 5238 Sestum,
1447 5188 1594 5224 error
1632 5171 1797 5227 Jotu'i.

388 5291 448 5343 Si
480 5291 654 5343 lector
685 5287 764 5341 alr
781 5287 913 5341 atiis
935 5287 1016 5340 de
1037 5286 1144 5340 Irae
1189 5288 1342 5342 bello
1374 5287 1660 5342 memoria:
1688 5288 1904 5355 prodita

303 5385 482 5453 leges,
516 5364 902 5450 nusqua'ntita
929 5379 1272 5448 descriptum
1317 5379 1587 5433 inveniet.
1630 5377 1699 5433 Ut
1729 5380 1906 5435 Tech-

305 5489 464 5536 rnas,
494 5471 860 5542 Spandugino
888 5469 1114 5534 Tamas,
1150 5469 1461 5525 Sansovino
1486 5471 1682 5526 Tolcas
1715 5474 1905 5540 etiam;

303 5567 399 5622 sic
457 5564 626 5617 Erus
687 5565 868 5617 emam.
919 5561 1286 5632 Spandngino
1341 5562 1671 5616 nominatur
1709 5563 1904 5630 Algas.

305 5655 554 5710 miriﬁce
581 5653 793 5707 vitiatis
840 5651 1330 5722 appellationibus.
1370 5651 1540 5722 Regio
1577 5650 1903 5708 Schiruvam

301 5757 418 5803 aut
451 5748 675 5809 Sirst
704 5745 852 5802 haud
881 5745 1050 5801 dubie
1084 5761 1232 5801 nunc
1257 5755 1345 5802 est
1380 5747 1495 5807 illa.
1534 5763 1704 5817 quam
1735 5749 1904 5818 prisci

299 5841 507 5896 dixere
536 5839 793 5905 Mediam,
845 5839 1187 5908 posteriores
1217 5841 1383 5894 etiam
1423 5839 1774 5909 Vaaspracan
1799 5881 1815 5906 ,
1847 5850 1912 5894 ut-

305 5933 462 6001 apud
493 5933 786 5988 Ccdrinum
840 5931 894 5986 in
929 5931 1297 5988 Constantino
1357 5934 1718 5988 Munumacho
1773 5933 1903 6005 lcgi~

2016 4758 2234 4811 tandem
2268 4758 2564 4826 aliquando
2597 4757 2741 4812 Deus
2771 4756 3030 4828 Optimus
3062 4755 3333 4816 Maximus
3366 4779 3481 4818 suae
3509 4766 3600 4820 de-

2014 4849 2286 4903 claranda:
2324 4848 2633 4919 majestatis
2673 4867 2736 4905 ac
2768 4851 2955 4920 gloriae
2985 4869 3153 4906 causa
3175 4855 3249 4908 sit
3277 4869 3597 4924 eversurus,

2015 4941 2099 4994 v‘cl
2125 4942 2179 4995 in
2206 4942 2481 5008 ordinem,
2509 4943 2719 5013 subque
2754 4944 2948 5014 jugum
3006 4943 3104 4998 lilii
3160 4949 3244 5001 sui
3309 4950 3391 5004 sic
3442 4951 3596 5004 reda—

2013 5044 2242 5098 cturus.
2289 5036 2508 5104 ut'Gogi
2550 5035 2884 5106 Hagogique'
2919 5037 3022 5090 sub
3045 5038 3185 5094 coelo
3233 5041 3440 5095 nullum
3485 5060 3598 5094 aru-

2015 5127 2157 5194 plius
2189 5135 2388 5181 nomen
2429 5137 2628 5182 e’xstel.
2674 5127 2740 5182 Μ
2763 5128 2909 5182 enim
2968 5132 3263 5199 postremis
3313 5147 3372 5186 se
3415 5133 3594 5186 factu-

2013 5227 2134 5271 rum
2173 5211 2388 5283 diebus,
2441 5236 2537 5289 per
2583 5235 2716 5276 suos
2769 5221 3093 5276 indubitane
3131 5223 3254 5276 ﬁdei
3309 5234 3460 5278 vates
3496 5241 3597 5279 no-

2014 5313 2100 5364 bis
2174 5312 2540 5367 denuntiavit;
2621 5313 2917 5368 Ordiamur
2998 5326 3182 5370 autem
3255 5316 3325 5372 ab
3383 5317 3594 5373 oriente

2012 5405 2150 5458 sole.

2373 5540 2499 5596 255.
2569 5541 2716 5598 Asius
2744 5542 3175 5614 Begfet’begatus.

2082 5656 2123 5711 i.
2158 5655 2378 5710 Anatoli
2417 5657 2728 5728 beglcrbeg.
2768 5657 2901 5728 Ejus
2931 5659 3089 5714 sedes
3122 5665 3208 5714 est
3261 5660 3314 5713 in
3361 5659 3586 5717 civitate

2009 5748 2241 5819 Cutaige
2271 5747 2522 5818 Phrygiae
2570 5749 2837 5818 majoris,
2903 5767 3066 5820 quatn
3122 5750 3247 5806 olim
3301 5752 3587 5823 Cotyaium

2007 5837 2181 5892 Graeci
2244 5841 2639 5902 nominabant,
2692 5843 2838 5897 sicut
2894 5844 3206 5911 expositum
3261 5845 3438 5914 capite
3494 5843 3603 5900 40..

2010 5934 2309 6004 Sangiacos
2347 5933 2634 5990 liabctsub
2668 5951 2723 5991 se
2758 5935 3081 5991 duodecim.
