4028 6422
345 429 360 446 '
475 451 585 515 9:9

1673 451 2006 514 JOANNIS
2047 451 2518 516 LEUNCLAVII

3617 435 3713 507 9‘10

551 566 616 622 ll.
657 565 928 620 Caraman
959 564 1275 636 heglerbeg.
1311 563 1650 621 Domieilium
1689 564 1852 636 505
1897 565 2064 619 habet
2094 570 2136 624 Α
2164 565 2478 636 gierbvguin
2507 564 2793 622 constituit
2827 566 3120 620 Ostnancm
3154 563 3373 618 bassam
3417 559 3712 618 famosum:

479 660 548 712 ad
575 657 878 712 Caisariam
907 658 1137 724 Cilicia,
1158 659 1229 713 de
1249 673 1356 727 qua
1401 673 1504 712 suo
1537 658 1746 714 dictum
1776 659 1915 713 loco.
1961 658 2058 712 Se-

483 759 636 818 ptem
678 750 783 805 sub
811 751 913 806 hoc
941 750 1290 820 sangiacatus
1338 761 1488 805 sunt.

548 840 639 895 III.
681 839 843 896 Siras
867 841 1183 912 beglerbeg,
1209 841 1276 895 ad
1306 839 1638 905 Sebastiani,
1677 840 1746 896 de
1781 854 1892 912 qua
1922 854 2060 895 con-

479 933 597 987 sule
635 941 803 1001 caput
835 936 1096 1003 quintum
1136 933 1426 988 Pandectis
1458 933 1645 1004 hujus.

545 1022 635 1079 IV.
676 1023 924 1080 Tocatun
965 1025 1277 1096 beglerbeg.
1321 1024 1544 1080 Residet
1575 1025 1646 1080 ad
1672 1024 1866 1080 urbem
1891 1025 2058 1078 Ama-

475 1118 643 1172 siam.
672 1114 789 1171 Sub
820 1133 890 1172 eo
930 1125 1064 1173 sunt
1089 1117 1337 1188 quinque
1367 1117 1741 1187 sangiacatus.
1997 1190 1999 1192 η

547 1209 612 1263 V.
655 1208 915 1279 Dulgadir
944 1210 1256 1279 beglerbeg.
1298 1209 1377 1265 De
1425 1211 1529 1265 hac
1593 1209 1874 1280 provincia
1928 1223 2061 1265 eon-

477 1300 598 1353 sule
619 1307 784 1369 caput
822 1300 926 1355 I63
963 1299 1254 1356 Pandectis
1296 1302 1483 1372 hujus.
1535 1300 1785 1368 Quatuor
1833 1301 1944 1357 sub
1995 1317 2059 1358 se

478 1393 834 1459 snngiacatus
869 1391 1058 1446 habet.

549 1481 640 1536 VI.
679 1482 1195 1560 Halepbeglerbeg,
1221 1486 1288 1542 ad
1318 1485 1580 1558 Ilalepum
1601 1488 1718 1543 sive
1739 1487 2058 1546 Borrhonam

478 1573 674 1642 Syriaa,
711 1574 778 1629 de
804 1590 913 1643 qua
939 1576 1117 1644 capite
1143 1578 1203 1633 ὃ.

563 1665 672 1722 VII.
713 1666 912 1721 Scliam
938 1668 1254 1738 beglerbog,
1280 1668 1347 1723 ad
1384 1669 1708 1726 Damascum
1734 1672 1931 1744 Syriae.

549 1755 690 1812 VIII.
732 1756 1033 1825 Tarapolos
1066 1760 1147 1814 vel
1177 1759 1443 1831 Trapolos
1471 1763 1784 1834 beglerbeg,
1838 1765 1905 1820 ad
1933 1765 2058 1824 Tri-

477 1847 646 1916 polim
691 1848 884 1920 Syriae.

551 1938 645 1994 IX.
690 1939 870 1996 Maras
895 1941 1206 2015 beglerbeg,
1242 1943 1308 1998 ad
1341 1942 1668 2014 Marassum,
1693 1955 1920 2018 propter
1945 1947 2054 2004 Eu-

478 2032 730 2098 phratem
768 2033 962 2099 situm,
991 2035 1134 2090 inter
1167 2033 1430 2106 Balepum
1466 2045 1522 2092 et
1571 2038 2051 2110 nesapotamiarn.

545 2119 613 2177 X.
656 2121 948 2180 Diarbeklr
978 2125 1294 2197 beglerbog,
1322 2128 1377 2182 in
1409 2127 1824 2200 Mesopotamia.
1859 2134 1926 2187 ad
1957 2149 2052 2187 ur-

473 2213 594 2268 bem
627 2216 914 2283 Amidam,
950 2233 1117 2288 quam
1148 2217 1316 2276 Turci
1362 2237 1512 2277 nunc
1563 2223 1895 2281 Carahemid
1951 2241 2052 2282 no-

474 2308 708 2362 minant.
745 2307 1002 2380 Sangiaei
1040 2322 1236 2380 parent
1275 2313 1404 2368 buic
1431 2313 1746 2370 duodecim.

544 2397 634 2454 XI.
676 2399 1212 2474 Bagdatbeglerbeg.
1260 2405 1328 2458 ad
1359 2405 1640 2475 Bagdatim
1691 2407 1806 2464 sive
1856 2423 2052 2464 novam

471 2488 830 2558 Babylonem.
861 2492 932 2546 de
973 2507 1083 2561 qua
1123 2495 1300 2563 capite
1321 2495 1376 2549 1.
1691 2518 1696 2522 ·

550 2581 670 2638 XII.
712 2582 941 2638 Balsara
991 2585 1303 2658 heglerbeg,
1362 2590 1429 2643 ad
1489 2591 1668 2646 sinum
1722 2593 2004 2651 Persicum
2034 2635 2051 2662 ,

483 2689 591 2728 non
616 2679 810 2742 procul
844 2691 873 2730 a
909 2678 1114 2749 Bagdat
1145 2681 1262 2736 sive
1290 2681 1588 2755 Babylone.

549 2765 692 2822 XIII.
753 2768 897 2824 Lua
966 2772 1280 2844 beglerbeg.
1339 2777 2073 2848 AutiquitusZCaramania‘

479 2858 656 2913 tendit
691 2861 756 2914 ad
791 2861 996 2917 limites
1024 2863 1256 2929 Ormuz,
1301 2875 1354 2922 et
1380 2866 1563 2924 Persis
1604 2879 1690 2925 est
1721 2870 1979 2929 ﬁnitima.

542 2949 688 3005 XIV.
727 2951 957 3017 Gemen,
989 2954 1138 3010 Aden
1165 2957 1476 3028 bcglerbeg,
1519 2961 1572 3014 iu
1611 2962 1810 3016 Arabia
1845 2963 2050 3032 Felici,

472 3045 539 3097 ad
566 3044 724 3098 littus
759 3043 1140 3116 ltubri_maris.
1164 3044 1302 3103 Vide
1331 3059 1497 3118 caput
1520 3050 1646 3104 241.
1682 3051 1904 3109 Diversa
1935 3055 2052 3111 loca

478 3145 630 3197 sunt,
672 3151 782 3190 uno
813 3145 992 3191 tamen
1026 3138 1412 3210 beglerbegatu
1456 3144 1874 3213 comprehensa.

544 3225 663 3282 XV.
687 3228 1203 3326 _Cbebetz,-Ilustio
1225 3231 1395 3290 Zebet
1430 3236 1746 3309 beglerbeg,
1774 3247 1834 3294 ut
1860 3241 2048 3298 codem
2076 3262 2122 3326 ρ

473 3321 650 3389 rapite
671 3319 902 3380 dictum.
937 3322 1121 3380 Locus
1151 3331 1289 3382 situs
1319 3327 1373 3382 in
1398 3330 1582 3386 littore
1613 3333 1766 3387 sinus
1801 3335 2047 3402 Arabici,

472 3417 740 3472 finitimus
764 3427 848 3475 est
893 3419 1127 3490 imperio
1193 3423 1336 3495 regis
1381 3423 1700 3496 Ethiopum
1743 3430 2050 3501 Praetejani.

542 3505 683 3561 XVI.
728 3506 909 3563 Missir
965 3510 1276 3582 beglerbeg.
1332 3513 1496 3570 Cairo
1555 3526 1773 3584 praeest,
1835 3528 1891 3573 et
1950 3525 2050 3578 toti

469 3599 730 3671 Egypto.
779 3600 1033 3673 Sangiaci
1067 3606 1169 3659 sub
1200 3619 1267 3660 eo
1323 3609 1619 3664 sexdecim.

545 3684 724 3748 XVII.
751 3694 914 3764 Cypri
953 3695 1268 3768 beglerbeg.
1313 3697 1550 3757 Nicosiae
1575 3703 1658 3758 vel
1707 3702 2054 3777 Faiaagustte

471 3789 642 3857 (legit.

539 3883 734 3942 XVIII.
778 3885 1149 3942 Schehcrczul
1184 3885 1497 3960 beglerbeg,
1525 3887 1580 3944 in
1602 3887 1847 3961 Assyria,
1871 3889 2056 3948 Persis

469 3975 764 4032 finitimus.

542 4063 687 4119 XIX.
728 4066 873 4121 \Van
919 4069 1232 4138 bcglerbeg,
1285 4071 1509 4140 respicit
1555 4070 1848 4128 Persarum
1891 4075 2054 4140 ﬁnes,

467 4170 661 4210 Versus
687 4157 979 4214 Sirvanum
1006 4160 1121 4214 sive
1152 4158 1406 4226 Mediam,
1450 4170 1504 4215 et
1527 4163 1846 4218 Armeniam
1877 4166 2054 4235 majo-

416 4269 420 4273 -
474 4262 613 4310 rem,
645 4262 742 4302 ceu
770 4235 975 4303 dictum
1013 4249 1189 4319 capite
1225 4255 1579 4320 praecedenti.

547 4339 666 4396 XX.
709 4342 976 4399 Arzcrum
1013 4344 1096 4397 vel
1121 4343 1328 4397 Erzum
1358 4345 1672 4417 bcglerbeg,
1703 4349 1756 4402 in
1794 4350 2052 4406 Armenia

470 4432 690 4500 majori,
731 4433 798 4487 ad
844 4435 1047 4489 limites
1085 4432 1300 4488 Sirvani
1345 4436 1464 4490 sive
1509 4437 1722 4500 Medite,
1778 4447 1832 4492 et
1881 4439 2052 4496 Geor-

467 4530 784 4593 gianorum.
818 4526 993 4580 Distat
1025 4542 1054 4580 a
1082 4525 1398 4582 Tarbosane
1423 4529 1538 4582 sive
1567 4527 1925 4600 Trapezunte,
1953 4547 2047 4588 sex

375 4650 377 4652 -
471 4618 683 4671 dierum
721 4619 937 4672 itinere.

537 4707 677 4762 XXI.
721 4709 932 4778 Tipblis
998 4709 1314 4780 beglerbeg,
1381 4711 1653 4768 tinitimus
1718 4713 2046 4788 Gcorgianis

454 4800 925 4870 _sichurgginis,
963 4813 1022 4854 ut
1045 4817 1191 4855 nunc
1222 4803 1550 4874 appellatur.
1601 4805 1896 4866 InStitutus
1944 4810 2045 4867 fuit

466 4911 495 4946 a
530 4892 812 4963 Mustapha
847 4891 1006 4947 bassa
1045 4892 1268 4949 serdare
1317 4909 1461 4949 anno
1499 4895 1820 4955 Christiano
1873 4903 2049 4957 mille-

468 4986 610 5038 simo
639 4984 1080 5054 quingentesimo
1134 4988 1544 5057 septuagesimo
1586 4998 1807 5058 octavo,
1860 5009 2048 5049 mense

468 5075 796 5146 Septembri.
824 5073 1001 5130 Locus
1025 5076 1189 5130 etiam
1231 5078 1429 5146 priscis
1450 5089 1636 5146 notus,
1676 5085 1816 5150 apud
1850 5083 2044 5139 Ccdri-

465 5184 594 5221 num
634 5165 908 5234 reperitur
937 5166 990 5219 in
1018 5165 1389 5222 Constantino
1438 5168 1822 5238 Monomaclto,
1863 5173 2045 5228 verbis

468 5257 831 5327 hujusmodi;
868 5255 1032 5310 Asam
1065 5255 1136 5326 (is
1195 5268 1314 5312 erat
1349 5273 1380 5315 e
1430 5259 1829 5333 Tangrolipicis
1877 5265 2048 5321 fratre

468 5347 648 5420 muns)
689 5365 719 5403 a
749 5341 967 5403 sultano
1017 5345 1403 5421 Tangrolipice
1453 5354 1655 5411 missus
1685 5365 1878 5410 contra
1938 5357 2044 5412 Ito-

470 5453 684 5504 manos,
719 5453 844 5492 cum
880 5435 1208 5492 Taurezium
1230 5480 1244 5506 ,
1276 5449 1332 5494 et
1386 5442 1647 5512 oppidum
1701 5447 2043 5503 nominatum

467 5523 714 5596 'I'cphlis,
738 5529 1107 5598 praeterisset:
1141 5527 1600 5600 Vaaspraeaniam
1628 5537 1908 5608 ingressus
1937 5552 2042 5608 cst,

471 5620 523 5678 id
550 5629 634 5673 est
669 5618 923 5678 Mediam.

539 5709 704 5765 XXII.
763 5713 954 5772 Sirvan
1021 5720 1333 5791 beglcrbeg.
1404 5719 1518 5776 Hoc
1573 5723 1793 5778 nomine
1867 5721 2042 5779 Media

471 5817 617 5858 nunc
655 5806 980 5873 appellatur,
1013 5826 1044 5863 a
1077 5813 1363 5879 metmpoli
1393 5812 1614 5877 Sirvan,
1645 5831 1810 5882 quam
1847 5816 2038 5870 codem

471 5912 614 5956 anno
645 5889 958 5965 Mustaplias
989 5899 1131 5964 idem
1188 5905 1353 5969 cepit,
1385 5913 1438 5960 ct
1493 5904 1731 5971 primum
1770 5907 1894 5964 istic
1945 5908 2039 5964 bc-

2161 657 2257 712 sed
2289 674 2319 712 a
2351 658 2534 714 Persis
2565 673 2674 714 non
2713 658 2882 712 multo
2931 667 3056 726 post
3111 655 3322 725 eiectus
3365 652 3493 710 luit.
3546 655 3721 711 Nihilo

2161 758 2346 804 tamen
2377 752 2564 805 minus
2598 749 2688 804 hic
2717 747 3141 820 beglerbegatus
3189 745 3614 802 Osmanidarum
3651 747 3727 800 in-

2162 842 2405 912 scriptus
2441 851 2528 897 est
2563 842 2726 907 libro,
2754 842 2878 911 qui,
2918 840 3026 896 nisi
3086 839 3423 898 restituatur.
3455 853 3726 907 nunquam

2159 949 2221 989 se
2250 949 2436 1002 pacem
2467 933 2716 988 facturos
2737 948 2862 988 cum
2890 931 3077 988 Persis
3127 931 3480 1002 proﬁtentur.

2234 1025 2426 1081 XXIII.
2468 1024 2778 1096 Temircapi
2811 1025 3128 1097 bcglerbeg.
3154 1023 3337 1080 Locus
3358 1032 3445 1079 est
3489 1021 3558 1076 ad
3585 1035 3726 1076 mars

2159 1116 2445 1186 Caspium,
2504 1117 2664 1172 Porta
2725 1116 2900 1172 ferrea
2929 1116 3134 1182 dictus,
3197 1124 3253 1170 et
3290 1112 3424 1184 Capi
3486 1111 3717 1172 derhent,

2162 1220 2318 1280 porta
2348 1210 2586 1264 faucium
2618 1212 2702 1265 vel
2728 1210 3132 1278 angustiarum.
3155 1208 3314 1278 Cepit
3344 1208 3497 1262 hunc
3530 1204 3718 1260 Osmaa

2163 1305 2327 1362 bassa
2358 1305 2551 1360 eodem
2594 1319 2738 1359 anno
2771 1303 3065 1360 millesimo
3112 1299 3563 1372 quingentesimo
3615 1313 3728 1368 sep-

2163 1399 2468 1466 tuagesimo
2527 1405 2742 1460 octavo,
2801 1401 2856 1451 et
2898 1395 2953 1450 in
3001 1395 3236 1449 iormam
3293 1391 3730 1462 beglerhegatus,

2162 1496 2358 1540 necato
2385 1485 2699 1542 Schembali
2727 1485 2941 1551 Cliane,
2969 1497 3167 1540 socero
3199 1497 3326 1548 suo,
3363 1482 3598 1553 redegit.

2234 1577 2426 1633 XXIV.
2465 1579 2604 1634 Cara
2655 1577 2967 1648 beglerbeg.
3023 1575 3300 1632 Cedrinus
3349 1573 3522 1632 Carae
3555 1574 3734 1630 nomi-

2162 1682 2280 1738 nat,
2318 1680 2374 1726 et
2408 1672 2464 1726 in
2498 1670 2878 1726 Persarmcnia
2922 1669 3180 1735 collocat,
3213 1682 3338 1737 qua
3370 1680 3521 1722 nunc
3544 1666 3738 1720 Armeq

2163 1760 2256 1814 nia
2307 1761 2483 1830 major
2532 1770 2637 1818 est.
2692 1760 2870 1816 Distat
2901 1759 3058 1814 'Cars
3083 1758 3154 1813 ab
3204 1759 3476 1813 Arzerum
3500 1764 3734 1824 quatuor

2166 1854 2378 1908 dierum
2435 1852 2650 1908 itinere.
2711 1850 3136 1921 Beglerbegatus
3195 1849 3342 1919 cepit
3385 1862 3533 1902 anno
3579 1845 3739 1902 Chrio

2161 1943 2342 1998 stiano
2365 1942 2659 1998 millesimo
2683 1941 3133 2011 quingentesimo
3147 1937 3554 2010 septuagesimo
3569 1952 3735 2004 nono,

2160 2043 2384 2090 auctore
2414 2034 2699 2104 Itustapha
2737 2033 2921 2090 haasa.

2230 2123 2401 2180 XXV.
2443 2122 2718 2180 Tschildir
2750 2131 2847 2178 aut
2877 2120 3086 2177 'I'zildir
3124 2117 3438 2191 beglerbcg,
3488 2117 3558 2172 ad
3599 2115 3737 2171 lines

2159 2216 2615 2284 Georgianorum,
2654 2213 2726 2270 ab
2750 2213 2944 2270 eodctn
2976 2213 3265 2282 Mustapba
3304 2209 3468 2266 bassa
3513 2208 3740 2263 institu-

2161 2317 2268 2370 tus,
2303 2322 2449 2362 anno
2495 2306 2789 2362 millesimo
2828 2303 3277 2376 quingentesimo
3325 2303 3738 2374 septuagesimo

2162 2413 2329 2454 nouo.
2359 2397 2586 2454 Porsius
2618 2396 2968 2469 Tsclialtlung
2992 2409 3276 2466 perperam
3314 2393 3558 2462 scripsit.

2229 2489 2423 2546 XXVI.
2465 2489 2633 2545 Passa
2691 2489 3007 2561 beglerbcg,
3061 2488 3116 2543 in
3151 2485 3467 2557 Mengrelia.
3500 2483 3740 2539 Munitio

2161 2592 2372 2638 structa
2423 2599 2520 2653 per
2577 2584 2848 2640 Uluzalim
2901 2583 3115 2653 capitan
3165 2582 3383 2638 bassam
3436 2579 3740 2659 fuit.an_no

2161 2675 2455 2730 millesimo
2502 2676 2947 2746 quingentesimo
3002 2673 3414 2745 septuagesimo
3445 2687 3631 2736 nono,
3676 2678 3739 2725 et

2160 2769 2358 2824 ibidem
2399 2769 2689 2824 institutus
2753 2768 3192 2840 beglerbegatus.
3240 2765 3344 2821 Sed
3398 2764 3564 2836 paulo
3607 2773 3740 2834 post.

2159 2861 2465 2915 discessum
2528 2859 2650 2929 ejus
2693 2869 2906 2929 captam
2943 2858 3184 2913 vicissim
3215 2852 3508 2925 Georgiani
3551 2852 3739 2907 dirue-

2161 2958 2318 3007 runt.
2365 2950 2620 3006 Civitatis
2660 2952 2948 3006 Phasianae
2986 2951 3318 3005 mentionem
3353 2946 3485 3002 facit
3533 2943 3738 2999 Leonis

2159 3043 2391 3114 Augusti
2421 3044 2632 3098 novella
2667 3045 2733 3098 de
2762 3041 3022 3106 Tbronis,
3057 3051 3111 3097 et
3150 3039 3466 3112 episcOpum
3497 3036 3618 3106 ejus
3651 3051 3737 3090 re-

2161 3133 2268 3190 fert
2291 3136 2394 3188 sub
2425 3135 2767 3203 metropolim
2796 3132 3180 3204 Trapezuntis.
3220 3130 3346 3186 Iliso
3375 3129 3567 3184 eadem
3597 3142 3722 3183 cum

2160 3227 2426 3283 hodierna
2459 3227 2673 3284 scilicet
2695 3225 2908 3282 Pbassa
2937 3225 3128 3281 fuerit.

2235 3322 2451 3379 XXVII.
2496 3321 2737 3377 Socltum
2797 3320 3092 3392 beglerbeg
3122 3359 3140 3386 ,
3180 3320 3236 3375 in
3295 3317 3731 3389 Georgianoritm

2156 3415 2399 3478 ﬁnibus,
2453 3427 2483 3467 a
2542 3413 2747 3470 Siuane
2826 3413 2987 3496 bassa
3047 3412 3394 3467 vezirazeme
3444 3409 3734 3465 institutus

2155 3523 2301 3562 anno
2353 3506 2665 3562 Christiano
2715 3505 3008 3562 millesimo
3081 3504 3524 3576 quingentesimo
3577 3511 3733 3557 octo-

2155 3605 2381 3675 gesimo.

2228 3691 2470 3748 XXVIII.
2509 3691 2664 3748 Batin
2698 3691 3010 3763 beglerbeg,
3046 3689 3248 3746 ibidem
3285 3705 3315 3745 a
3351 3688 3554 3744 Sinadc
3599 3698 3729 3744 tunc

2155 3787 2469 3841 institutus.

2227 3875 2421 3932 XXIX.
2466 3875 2651 3933 Revan
2685 3877 2997 3948 beglerbeg.
3036 3876 3198 3930 Hunc
3243 3876 3420 3931 locum
3470 3874 3734 3931 Fcrhatcs

2155 3969 2319 4029 bassa
2348 3969 2495 4039 cepit
2533 3977 2588 4023 ct
2618 3971 2858 4024 munivit
2887 3985 3033 4024 anno
3067 3969 3384 4024 Christiano
3435 3968 3731 4024 millesimo

2153 4061 2596 4133 quingentesimo
2633 4063 2971 4131 octogesimo
3021 4062 3284 4129 secundo,
3314 4071 3561 4132 ereptum
3588 4061 3728 4115 Toc-

2157 4154 2300 4208 maci
2339 4154 2582 4217 sultano,
2637 4152 2986 4209 Persicorum
3019 4157 3256 4225 partium
3311 4155 3565 4226 principi.
3631 4153 3729 4210 Bc-

2153 4243 2447 4314 glerbcgus
2477 4245 2602 4301 istic
2647 4247 2856 4316 primus
2904 4248 3007 4302 fuit
3038 4248 3334 4320 Cigaloglis
3389 4249 3571 4314 bassa,
3625 4248 3729 4304 Gc-

2155 4351 2312 4390 uuas.

2227 4427 2397 4484 XXX.
2446 4429 2708 4485 Somaklc
2761 4430 3071 4501 bcglerbcg.
3116 4431 3192 4486 De
3253 4427 3548 4499 Somakia,
3607 4450 3728 4504 qua:

2152 4521 2582 4595 Chalcocondyli
2614 4521 2904 4578 Sarnachia
2940 4526 3279 4590 nominatur,
3311 4526 3518 4581 dictum
3539 4542 3725 4595 supra,

2076 4614 2121 4670 D
2149 4617 2330 4688 capite
2365 4617 2485 4674 I88.
2514 4619 2937 4690 Bcglerbegatus
2964 4619 3124 4692 505
3160 4632 3355 4676 auctor
3389 4620 3491 4676 fuit
3521 4621 3725 4678 Osman

2150 4712 2336 4778 hassa,
2370 4728 2515 4768 anno
2557 4713 2874 4768 Christiano
2933 4714 3227 4770 millesimo
3284 4716 3726 4786 quingentesimo

2150 4805 2490 4873 octogesimo
2517 4805 2702 4859 tertio.

2222 4896 2560 4951 Posteriores
2597 4907 2777 4952 autem
2819 4896 3236 4970 beglerbegatus
3286 4899 3363 4964 hi,
3424 4900 3573 4956 bello
3634 4903 3729 4957 de-

2148 4987 2362 5040 ecnnali
2413 4987 2656 5053 Persico,
2718 4991 2865 5057 quod
2926 4990 3108 5046 adhuc
3165 4991 3396 5062 geritur,
3459 4992 3741 5058 instituti;

2149 5081 2608 5150 quemadmodum
2648 5085 2773 5137 novi
2798 5092 2951 5151 sunt,
2980 5084 3054 5138 ita
3082 5088 3263 5154 potius
3304 5086 3531 5142 nomine
3566 5097 3728 5142 tenus

2148 5177 2229 5230 sic
2259 5175 2570 5244 appellandi
2597 5177 2845 5243 veniunt,
2899 5193 3000 5234 nec
3027 5193 3151 5233 cum
3202 5180 3446 5249 antiquis
3503 5195 3731 5250 compa-

2149 5268 2332 5324 randi.
2360 5267 2540 5336 Nunc,
2577 5269 2826 5326 ordinem
2871 5281 3080 5327 natura:
3143 5275 3447 5343 sequendo,
3503 5276 3732 5343 provin-

2147 5360 2249 5415 ciis
2280 5360 2426 5415 Asiae
2465 5361 2762 5417 recensitis
2814 5363 3098 5418 meridiem
3148 5355 3360 5420 versus‘
3395 5366 3465 5421 ab
3514 5367 3732 5422 oriente

2147 5451 2584 5520 progrediamur.

2521 5543 2649 5600 256.
2692 5543 2889 5614 Africis
2931 5544 3355 5617 Beglerbegatus.

2217 5629 2258 5684 1.
2289 5631 2481 5687 Cesair
2516 5635 2827 5704 bcglerbeg.
2857 5634 3053 5690 Sedeat
3115 5637 3280 5692 habet
3333 5639 3392 5692 in
3449 5639 3722 5710 Algesair.

2145 5739 2268 5790 quae
2295 5727 2500 5782 nostris
2526 5733 2612 5780 est
2637 5727 2937 5797 Algcrium,
2969 5729 3135 5784 sicuti
3197 5730 3377 5800 capite
3406 5731 3512 5787 9.27
3566 5744 3728 5789 nota-

2145 5821 2281 5870 lunt.

2215 5909 2280 5964 ll.
2307 5907 2498 5965 Ταιιὶδὶ
2525 5910 2944 5984 beglerbeptus
2972 5914 3182 5973 residet
3211 5915 3436 5974 ibidem.
