  <div class='ocr_page' id='page_1' title='image "/cluster/home/n/w/nwhite01/storage/ocr_20150623/159/coo.31924054870641/468.png"; bbox 0 0 4028 6408; ppageno 0'>
   <div class='ocr_carea' id='block_1_1' title="bbox 349 393 574 493">
    <p class='ocr_par' dir='ltr' id='par_1_1' title="bbox 349 393 574 493">
     <span class='ocr_line' id='line_1_1' title="bbox 349 393 574 493; baseline 0.004 -3"><span class='ocrx_word' id='word_1_1' title='bbox 349 426 456 493; x_wconf 77' lang='lat'><strong>921</strong></span> <span class='ocrx_word' id='word_1_2' title='bbox 553 393 574 411; x_wconf 80' lang='grc'><em>’</em></span> 
     </span>
    </p>
   </div>
   <div class='ocr_carea' id='block_1_2' title="bbox 1543 403 2520 480">
    <p class='ocr_par' dir='ltr' id='par_1_2' title="bbox 1543 403 2520 480">
     <span class='ocr_line' id='line_1_2' title="bbox 1543 403 2520 480; baseline -0.011 -1"><span class='ocrx_word' id='word_1_3' title='bbox 1543 416 1937 480; x_wconf 79' lang='lat' dir='ltr'><strong>PANDECTE</strong></span> <span class='ocrx_word' id='word_1_4' title='bbox 1973 413 2179 474; x_wconf 81' lang='lat' dir='ltr'><strong>IIlST.</strong></span> <span class='ocrx_word' id='word_1_5' title='bbox 2220 403 2520 470; x_wconf 79' lang='lat' dir='ltr'><strong>&#39;I‘URCIC.</strong></span> 
     </span>
    </p>
   </div>
   <div class='ocr_carea' id='block_1_3' title="bbox 414 523 2350 614">
    <p class='ocr_par' dir='ltr' id='par_1_3' title="bbox 414 523 2350 614">
     <span class='ocr_line' id='line_1_3' title="bbox 414 523 2350 614; baseline -0.01 -18"><span class='ocrx_word' id='word_1_6' title='bbox 414 538 504 596; x_wconf 87' lang='grc'><strong>111.</strong></span> <span class='ocrx_word' id='word_1_7' title='bbox 533 537 748 610; x_wconf 72' lang='lat' dir='ltr'><strong>Tripoli</strong></span> <span class='ocrx_word' id='word_1_8' title='bbox 773 537 1086 610; x_wconf 68' lang='lat' dir='ltr'><strong>heglerbeg.</strong></span> <span class='ocrx_word' id='word_1_9' title='bbox 1118 536 1463 593; x_wconf 77' lang='lat' dir='ltr'><strong>Domicilium</strong></span> <span class='ocrx_word' id='word_1_10' title='bbox 1495 535 1696 590; x_wconf 84' lang='lat' dir='ltr'><strong>ibidem</strong></span> <span class='ocrx_word' id='word_1_11' title='bbox 1729 532 1914 586; x_wconf 85' lang='lat' dir='ltr'><strong>habet.</strong></span> <span class='ocrx_word' id='word_1_12' title='bbox 1945 541 1992 596; x_wconf 72' lang='grc' dir='ltr'><strong>Α</strong></span> <span class='ocrx_word' id='word_1_13' title='bbox 2031 608 2036 614; x_wconf 70' lang='lat'><strong><em>_</em></strong></span> <span class='ocrx_word' id='word_1_14' title='bbox 2089 527 2144 581; x_wconf 92' lang='grc'><strong>2.</strong></span> <span class='ocrx_word' id='word_1_15' title='bbox 2179 523 2350 581; x_wconf 80' lang='lat' dir='ltr'><strong>Filek.</strong></span> 
     </span>
    </p>
   </div>
   <div class='ocr_carea' id='block_1_4' title="bbox 417 624 1918 700">
    <p class='ocr_par' dir='ltr' id='par_1_4' title="bbox 417 624 1918 700">
     <span class='ocr_line' id='line_1_4' title="bbox 417 624 1918 700; baseline -0.006 -16"><span class='ocrx_word' id='word_1_16' title='bbox 417 635 558 686; x_wconf 79' lang='lat' dir='ltr'><strong>Sunt</strong></span> <span class='ocrx_word' id='word_1_17' title='bbox 587 641 769 686; x_wconf 88' lang='lat' dir='ltr'><strong>autem</strong></span> <span class='ocrx_word' id='word_1_18' title='bbox 826 629 1026 686; x_wconf 73' lang='lat' dir='ltr'><strong>Africae</strong></span> <span class='ocrx_word' id='word_1_19' title='bbox 1065 631 1175 686; x_wconf 91' lang='lat' dir='ltr'><strong>duo</strong></span> <span class='ocrx_word' id='word_1_20' title='bbox 1234 637 1498 700; x_wconf 68' lang='lat' dir='ltr'><strong>praeterea</strong></span> <span class='ocrx_word' id='word_1_21' title='bbox 1550 640 1742 696; x_wconf 76' lang='lat' dir='ltr'><strong>regna,</strong></span> <span class='ocrx_word' id='word_1_22' title='bbox 1779 624 1918 676; x_wconf 90' lang='lat' dir='ltr'><strong>libro</strong></span> 
     </span>
    </p>
   </div>
   <div class='ocr_carea' id='block_1_5' title="bbox 342 717 1919 792">
    <p class='ocr_par' dir='ltr' id='par_1_5' title="bbox 342 717 1919 792">
     <span class='ocr_line' id='line_1_5' title="bbox 342 717 1919 792; baseline -0.008 -14"><span class='ocrx_word' id='word_1_23' title='bbox 342 723 653 779; x_wconf 85' lang='lat' dir='ltr'><strong>Turcarum</strong></span> <span class='ocrx_word' id='word_1_24' title='bbox 705 724 791 779; x_wconf 91' lang='lat' dir='ltr'><strong>vel</strong></span> <span class='ocrx_word' id='word_1_25' title='bbox 855 723 1282 780; x_wconf 74' lang='lat' dir='ltr'><strong>Osmanidarunt</strong></span> <span class='ocrx_word' id='word_1_26' title='bbox 1325 721 1408 792; x_wconf 81' lang='lat' dir='ltr'><strong>(ut</strong></span> <span class='ocrx_word' id='word_1_27' title='bbox 1463 717 1568 789; x_wconf 85' lang='lat' dir='ltr'><strong>ipsi</strong></span> <span class='ocrx_word' id='word_1_28' title='bbox 1619 719 1919 788; x_wconf 83' lang='lat' dir='ltr'><strong>loquuntur</strong></span> 
     </span>
    </p>
   </div>
   <div class='ocr_carea' id='block_1_6' title="bbox 345 808 1920 888">
    <p class='ocr_par' dir='ltr' id='par_1_6' title="bbox 345 808 1920 888">
     <span class='ocr_line' id='line_1_6' title="bbox 345 808 1920 888; baseline -0.008 -15"><span class='ocrx_word' id='word_1_29' title='bbox 345 816 633 887; x_wconf 82' lang='lat' dir='ltr'><strong>inscripta)</strong></span> <span class='ocrx_word' id='word_1_30' title='bbox 666 831 788 888; x_wconf 66' lang='lat' dir='ltr'><strong>qua:</strong></span> <span class='ocrx_word' id='word_1_31' title='bbox 819 826 1000 870; x_wconf 88' lang='lat' dir='ltr'><strong>tamen</strong></span> <span class='ocrx_word' id='word_1_32' title='bbox 1036 813 1274 872; x_wconf 82' lang='lat' dir='ltr'><strong>necdum</strong></span> <span class='ocrx_word' id='word_1_33' title='bbox 1307 814 1447 866; x_wconf 87' lang='lat' dir='ltr'><strong>inter</strong></span> <span class='ocrx_word' id='word_1_34' title='bbox 1501 808 1920 880; x_wconf 72' lang='lat' dir='ltr'><strong>beglerbegatus</strong></span> 
     </span>
    </p>
   </div>
   <div class='ocr_carea' id='block_1_7' title="bbox 344 896 1919 978">
    <p class='ocr_par' dir='ltr' id='par_1_7' title="bbox 344 896 1919 978">
     <span class='ocr_line' id='line_1_7' title="bbox 344 896 1919 978; baseline -0.009 -17"><span class='ocrx_word' id='word_1_35' title='bbox 344 907 691 973; x_wconf 73' lang='lat' dir='ltr'><strong>referuntur,</strong></span> <span class='ocrx_word' id='word_1_36' title='bbox 716 905 812 963; x_wconf 78' lang='lat' dir='ltr'><strong>sed</strong></span> <span class='ocrx_word' id='word_1_37' title='bbox 844 908 1026 978; x_wconf 88' lang='lat' dir='ltr'><strong>potius</strong></span> <span class='ocrx_word' id='word_1_38' title='bbox 1061 904 1476 960; x_wconf 78' lang='lat' dir='ltr'><strong>tributariorum</strong></span> <span class='ocrx_word' id='word_1_39' title='bbox 1506 915 1601 955; x_wconf 88' lang='lat' dir='ltr'><strong>seu</strong></span> <span class='ocrx_word' id='word_1_40' title='bbox 1632 896 1919 952; x_wconf 79' lang='lat' dir='ltr'><strong>feudorum</strong></span> 
     </span>
    </p>
   </div>
   <div class='ocr_carea' id='block_1_8' title="bbox 341 989 1807 1066">
    <p class='ocr_par' dir='ltr' id='par_1_8' title="bbox 341 989 1807 1066">
     <span class='ocr_line' id='line_1_8' title="bbox 341 989 1807 1066; baseline -0.009 -9"><span class='ocrx_word' id='word_1_41' title='bbox 341 1001 570 1057; x_wconf 85' lang='lat' dir='ltr'><strong>nomine</strong></span> <span class='ocrx_word' id='word_1_42' title='bbox 603 1001 865 1066; x_wconf 88' lang='lat' dir='ltr'><strong>veniunt;</strong></span> <span class='ocrx_word' id='word_1_43' title='bbox 903 998 1066 1053; x_wconf 81' lang='lat' dir='ltr'><strong>Fessa</strong></span> <span class='ocrx_word' id='word_1_44' title='bbox 1099 999 1383 1058; x_wconf 89' lang='lat' dir='ltr'><strong>nimirum,</strong></span> <span class='ocrx_word' id='word_1_45' title='bbox 1412 1010 1535 1048; x_wconf 84' lang='lat' dir='ltr'><strong>Cllm</strong></span> <span class='ocrx_word' id='word_1_46' title='bbox 1569 989 1807 1044; x_wconf 79' lang='lat' dir='ltr'><strong>Maroco.</strong></span> 
     </span>
    </p>
   </div>
   <div class='ocr_carea' id='block_1_9' title="bbox 417 1085 1925 1156">
    <p class='ocr_par' dir='ltr' id='par_1_9' title="bbox 417 1085 1925 1156">
     <span class='ocr_line' id='line_1_9' title="bbox 417 1085 1925 1156; baseline -0.008 -8"><span class='ocrx_word' id='word_1_47' title='bbox 417 1091 574 1148; x_wconf 83' lang='lat' dir='ltr'><strong>Nunc</strong></span> <span class='ocrx_word' id='word_1_48' title='bbox 599 1091 666 1144; x_wconf 86' lang='lat' dir='ltr'><strong>ad</strong></span> <span class='ocrx_word' id='word_1_49' title='bbox 689 1089 1052 1151; x_wconf 86' lang='lat' dir='ltr'><strong>occidentem,</strong></span> <span class='ocrx_word' id='word_1_50' title='bbox 1078 1095 1133 1142; x_wconf 90' lang='lat' dir='ltr'><strong>et</strong></span> <span class='ocrx_word' id='word_1_51' title='bbox 1186 1086 1521 1156; x_wconf 82' lang='lat' dir='ltr'><strong>aquilonem,</strong></span> <span class='ocrx_word' id='word_1_52' title='bbox 1555 1097 1676 1154; x_wconf 67' lang='lat' dir='ltr'><strong>qua:</strong></span> <span class='ocrx_word' id='word_1_53' title='bbox 1717 1085 1925 1136; x_wconf 69' lang='lat' dir='ltr'><strong>restent</strong></span> 
     </span>
    </p>
   </div>
   <div class='ocr_carea' id='block_1_10' title="bbox 347 1173 1782 1256">
    <p class='ocr_par' dir='ltr' id='par_1_10' title="bbox 347 1173 1782 1256">
     <span class='ocr_line' id='line_1_10' title="bbox 347 1173 1782 1256; baseline -0.008 -17"><span class='ocrx_word' id='word_1_54' title='bbox 347 1185 672 1256; x_wconf 67' lang='lat' dir='ltr'><strong>provinciae,</strong></span> <span class='ocrx_word' id='word_1_55' title='bbox 707 1183 1013 1238; x_wconf 83' lang='lat' dir='ltr'><strong>videamus.</strong></span> <span class='ocrx_word' id='word_1_56' title='bbox 1779 1173 1782 1176; x_wconf 75' lang='grc'><strong>’</strong></span> 
     </span>
    </p>
   </div>
   <div class='ocr_carea' id='block_1_11' title="bbox 777 1270 1497 1344">
    <p class='ocr_par' dir='ltr' id='par_1_11' title="bbox 777 1270 1497 1344">
     <span class='ocr_line' id='line_1_11' title="bbox 777 1270 1497 1344; baseline -0.011 -14"><span class='ocrx_word' id='word_1_57' title='bbox 777 1275 1008 1344; x_wconf 68' lang='lat' dir='ltr'><strong>Europa</strong></span> <span class='ocrx_word' id='word_1_58' title='bbox 1074 1270 1497 1340; x_wconf 76' lang='lat' dir='ltr'><strong>Beglerbegatua.</strong></span> 
     </span>
    </p>
   </div>
   <div class='ocr_carea' id='block_1_12' title="bbox 423 1353 1928 1439">
    <p class='ocr_par' dir='ltr' id='par_1_12' title="bbox 423 1353 1928 1439">
     <span class='ocr_line' id='line_1_12' title="bbox 423 1353 1928 1439; baseline -0.015 -10"><span class='ocrx_word' id='word_1_59' title='bbox 423 1373 466 1429; x_wconf 90' lang='grc'><strong>1.</strong></span> <span class='ocrx_word' id='word_1_60' title='bbox 504 1369 720 1427; x_wconf 82' lang='lat' dir='ltr'><strong>Rumeli</strong></span> <span class='ocrx_word' id='word_1_61' title='bbox 750 1365 1062 1439; x_wconf 73' lang='lat' dir='ltr'><strong>beglerbeg.</strong></span> <span class='ocrx_word' id='word_1_62' title='bbox 1083 1379 1244 1433; x_wconf 86' lang='lat' dir='ltr'><strong>quem</strong></span> <span class='ocrx_word' id='word_1_63' title='bbox 1277 1359 1501 1415; x_wconf 57' lang='lat' dir='ltr'><strong>Gracia</strong></span> <span class='ocrx_word' id='word_1_64' title='bbox 1516 1365 1732 1414; x_wconf 80' lang='lat' dir='ltr'><strong>vocant.</strong></span> <span class='ocrx_word' id='word_1_65' title='bbox 1756 1353 1928 1410; x_wconf 83' lang='lat' dir='ltr'><strong>Sedes</strong></span> 
     </span>
    </p>
   </div>
   <div class='ocr_carea' id='block_1_13' title="bbox 347 1446 1930 1533">
    <p class='ocr_par' dir='ltr' id='par_1_13' title="bbox 347 1446 1930 1533">
     <span class='ocr_line' id='line_1_13' title="bbox 347 1446 1930 1533; baseline -0.013 -14"><span class='ocrx_word' id='word_1_66' title='bbox 347 1466 472 1533; x_wconf 84' lang='lat' dir='ltr'><strong>ejus</strong></span> <span class='ocrx_word' id='word_1_67' title='bbox 504 1471 583 1519; x_wconf 89' lang='lat' dir='ltr'><strong>est</strong></span> <span class='ocrx_word' id='word_1_68' title='bbox 614 1458 852 1530; x_wconf 73' lang='lat' dir='ltr'><strong>Sophize.</strong></span> <span class='ocrx_word' id='word_1_69' title='bbox 887 1453 1001 1510; x_wconf 85' lang='lat' dir='ltr'><strong>Sub</strong></span> <span class='ocrx_word' id='word_1_70' title='bbox 1024 1453 1272 1524; x_wconf 75' lang='lat' dir='ltr'><strong>ejusdem</strong></span> <span class='ocrx_word' id='word_1_71' title='bbox 1305 1449 1504 1505; x_wconf 78' lang='lat' dir='ltr'><strong>vexillo</strong></span> <span class='ocrx_word' id='word_1_72' title='bbox 1567 1446 1930 1504; x_wconf 74' lang='lat' dir='ltr'><strong>Sanpiacatus</strong></span> 
     </span>
    </p>
   </div>
   <div class='ocr_carea' id='block_1_14' title="bbox 349 1551 1095 1628">
    <p class='ocr_par' dir='ltr' id='par_1_14' title="bbox 349 1551 1095 1628">
     <span class='ocr_line' id='line_1_14' title="bbox 349 1551 1095 1628; baseline -0.021 -12"><span class='ocrx_word' id='word_1_73' title='bbox 349 1556 688 1628; x_wconf 82' lang='lat' dir='ltr'><strong>infrascripti</strong></span> <span class='ocrx_word' id='word_1_74' title='bbox 724 1551 1095 1609; x_wconf 89' lang='lat' dir='ltr'><strong>continentur.</strong></span> 
     </span>
    </p>
   </div>
   <div class='ocr_carea' id='block_1_15' title="bbox 427 1647 968 1722">
    <p class='ocr_par' dir='ltr' id='par_1_15' title="bbox 427 1647 968 1722">
     <span class='ocr_line' id='line_1_15' title="bbox 427 1647 968 1722; baseline -0.015 -14"><span class='ocrx_word' id='word_1_75' title='bbox 427 1654 480 1708; x_wconf 94' lang='lat'><strong>1.</strong></span> <span class='ocrx_word' id='word_1_76' title='bbox 512 1651 714 1722; x_wconf 83' lang='lat' dir='ltr'><strong>Sophia</strong></span> <span class='ocrx_word' id='word_1_77' title='bbox 744 1647 968 1704; x_wconf 58' lang='lat' dir='ltr'><strong>Serviat.</strong></span> 
     </span>
    </p>
   </div>
   <div class='ocr_carea' id='block_1_16' title="bbox 427 1724 1654 1815">
    <p class='ocr_par' dir='ltr' id='par_1_16' title="bbox 427 1724 1654 1815">
     <span class='ocr_line' id='line_1_16' title="bbox 427 1724 1654 1815; baseline -0.018 -14"><span class='ocrx_word' id='word_1_78' title='bbox 427 1748 485 1801; x_wconf 89' lang='grc'><strong>2.</strong></span> <span class='ocrx_word' id='word_1_79' title='bbox 517 1744 763 1815; x_wconf 77' lang='lat' dir='ltr'><strong>Nigeboli</strong></span> <span class='ocrx_word' id='word_1_80' title='bbox 787 1743 904 1799; x_wconf 91' lang='lat' dir='ltr'><strong>sive</strong></span> <span class='ocrx_word' id='word_1_81' title='bbox 928 1736 1230 1810; x_wconf 78' lang='lat' dir='ltr'><strong>Nicopolis,</strong></span> <span class='ocrx_word' id='word_1_82' title='bbox 1254 1730 1378 1787; x_wconf 89' lang='lat' dir='ltr'><strong>vido</strong></span> <span class='ocrx_word' id='word_1_83' title='bbox 1402 1743 1525 1799; x_wconf 88' lang='lat' dir='ltr'><strong>cap.</strong></span> <span class='ocrx_word' id='word_1_84' title='bbox 1560 1724 1654 1784; x_wconf 79' lang='lat'><strong>51.</strong></span> 
     </span>
    </p>
   </div>
   <div class='ocr_carea' id='block_1_17' title="bbox 425 1825 1312 1901">
    <p class='ocr_par' dir='ltr' id='par_1_17' title="bbox 425 1825 1312 1901">
     <span class='ocr_line' id='line_1_17' title="bbox 425 1825 1312 1901; baseline -0.016 -7"><span class='ocrx_word' id='word_1_85' title='bbox 425 1839 480 1894; x_wconf 95' lang='grc'><strong>5.</strong></span> <span class='ocrx_word' id='word_1_86' title='bbox 513 1836 831 1893; x_wconf 79' lang='lat' dir='ltr'><strong>Kircklisse.</strong></span> <span class='ocrx_word' id='word_1_87' title='bbox 859 1831 998 1888; x_wconf 82' lang='lat' dir='ltr'><strong>Vide</strong></span> <span class='ocrx_word' id='word_1_88' title='bbox 1025 1844 1152 1901; x_wconf 92' lang='lat' dir='ltr'><strong>cap.</strong></span> <span class='ocrx_word' id='word_1_89' title='bbox 1183 1825 1312 1883; x_wconf 86' lang='grc'><strong>195.</strong></span> 
     </span>
    </p>
   </div>
   <div class='ocr_carea' id='block_1_18' title="bbox 428 1927 978 2002">
    <p class='ocr_par' dir='ltr' id='par_1_18' title="bbox 428 1927 978 2002">
     <span class='ocr_line' id='line_1_18' title="bbox 428 1927 978 2002; baseline -0.016 -15"><span class='ocrx_word' id='word_1_90' title='bbox 428 1931 484 1987; x_wconf 72' lang='grc' dir='ltr'><strong>ι.</strong></span> <span class='ocrx_word' id='word_1_91' title='bbox 512 1930 676 2002; x_wconf 79' lang='lat' dir='ltr'><strong>Vyza,</strong></span> <span class='ocrx_word' id='word_1_92' title='bbox 711 1927 978 1982; x_wconf 64' lang='lat' dir='ltr'><strong>Thraciae.</strong></span> 
     </span>
    </p>
   </div>
   <div class='ocr_carea' id='block_1_19' title="bbox 429 2014 1139 2086">
    <p class='ocr_par' dir='ltr' id='par_1_19' title="bbox 429 2014 1139 2086">
     <span class='ocr_line' id='line_1_19' title="bbox 429 2014 1139 2086; baseline -0.017 -4"><span class='ocrx_word' id='word_1_93' title='bbox 429 2025 483 2082; x_wconf 82' lang='lat'><strong>5.</strong></span> <span class='ocrx_word' id='word_1_94' title='bbox 510 2023 756 2086; x_wconf 82' lang='lat' dir='ltr'><strong>Kirmen,</strong></span> <span class='ocrx_word' id='word_1_95' title='bbox 788 2014 1139 2076; x_wconf 64' lang='lat' dir='ltr'><strong>Macedoniae.</strong></span> 
     </span>
    </p>
   </div>
   <div class='ocr_carea' id='block_1_20' title="bbox 430 2113 918 2183">
    <p class='ocr_par' dir='ltr' id='par_1_20' title="bbox 430 2113 918 2183">
     <span class='ocr_line' id='line_1_20' title="bbox 430 2113 918 2183; baseline -0.012 -7"><span class='ocrx_word' id='word_1_96' title='bbox 430 2123 483 2176; x_wconf 85' lang='lat'><strong>6.</strong></span> <span class='ocrx_word' id='word_1_97' title='bbox 515 2117 752 2183; x_wconf 85' lang='lat' dir='ltr'><strong>Silistra,</strong></span> <span class='ocrx_word' id='word_1_98' title='bbox 785 2113 918 2170; x_wconf 89' lang='lat' dir='ltr'><strong>ibid.</strong></span> 
     </span>
    </p>
   </div>
   <div class='ocr_carea' id='block_1_21' title="bbox 432 2204 1020 2278">
    <p class='ocr_par' dir='ltr' id='par_1_21' title="bbox 432 2204 1020 2278">
     <span class='ocr_line' id='line_1_21' title="bbox 432 2204 1020 2278; baseline -0.012 -6"><span class='ocrx_word' id='word_1_99' title='bbox 432 2217 484 2272; x_wconf 89' lang='lat'><strong>7.</strong></span> <span class='ocrx_word' id='word_1_100' title='bbox 518 2209 853 2278; x_wconf 85' lang='lat' dir='ltr'><strong>Giustandil,</strong></span> <span class='ocrx_word' id='word_1_101' title='bbox 881 2204 1020 2265; x_wconf 81' lang='lat' dir='ltr'><strong>ibid.</strong></span> 
     </span>
    </p>
   </div>
   <div class='ocr_carea' id='block_1_22' title="bbox 430 2283 1933 2372">
    <p class='ocr_par' dir='ltr' id='par_1_22' title="bbox 430 2283 1933 2372">
     <span class='ocr_line' id='line_1_22' title="bbox 430 2283 1933 2372; baseline -0.015 -8"><span class='ocrx_word' id='word_1_102' title='bbox 430 2310 484 2364; x_wconf 89' lang='lat'><strong>8.</strong></span> <span class='ocrx_word' id='word_1_103' title='bbox 523 2305 756 2372; x_wconf 85' lang='lat' dir='ltr'><strong>Bender,</strong></span> <span class='ocrx_word' id='word_1_104' title='bbox 784 2316 974 2358; x_wconf 85' lang='lat' dir='ltr'><strong>versus</strong></span> <span class='ocrx_word' id='word_1_105' title='bbox 999 2297 1270 2353; x_wconf 78' lang='lat' dir='ltr'><strong>Euxinum</strong></span> <span class='ocrx_word' id='word_1_106' title='bbox 1298 2291 1637 2360; x_wconf 82' lang='lat' dir='ltr'><strong>Keraiosquc</strong></span> <span class='ocrx_word' id='word_1_107' title='bbox 1675 2283 1933 2342; x_wconf 88' lang='lat' dir='ltr'><strong>Tataros.</strong></span> 
     </span>
    </p>
   </div>
   <div class='ocr_carea' id='block_1_23' title="bbox 430 2389 1334 2462">
    <p class='ocr_par' dir='ltr' id='par_1_23' title="bbox 430 2389 1334 2462">
     <span class='ocr_line' id='line_1_23' title="bbox 430 2389 1334 2462; baseline -0.019 -2"><span class='ocrx_word' id='word_1_108' title='bbox 430 2406 488 2460; x_wconf 83' lang='lat'><strong>9.</strong></span> <span class='ocrx_word' id='word_1_109' title='bbox 519 2401 852 2456; x_wconf 82' lang='lat' dir='ltr'><strong>Aeherman.</strong></span> <span class='ocrx_word' id='word_1_110' title='bbox 891 2393 1023 2448; x_wconf 88' lang='lat' dir='ltr'><strong>Vide</strong></span> <span class='ocrx_word' id='word_1_111' title='bbox 1048 2407 1172 2462; x_wconf 90' lang='lat' dir='ltr'><strong>cap.</strong></span> <span class='ocrx_word' id='word_1_112' title='bbox 1207 2389 1334 2444; x_wconf 83' lang='lat'><strong>159.</strong></span> 
     </span>
    </p>
   </div>
   <div class='ocr_carea' id='block_1_24' title="bbox 433 2481 1286 2560">
    <p class='ocr_par' dir='ltr' id='par_1_24' title="bbox 433 2481 1286 2560">
     <span class='ocr_line' id='line_1_24' title="bbox 433 2481 1286 2560; baseline -0.019 -10"><span class='ocrx_word' id='word_1_113' title='bbox 433 2495 524 2550; x_wconf 85' lang='lat'><strong>10.</strong></span> <span class='ocrx_word' id='word_1_114' title='bbox 552 2489 807 2560; x_wconf 87' lang='lat' dir='ltr'><strong>Usc0pia.</strong></span> <span class='ocrx_word' id='word_1_115' title='bbox 840 2485 976 2541; x_wconf 90' lang='lat' dir='ltr'><strong>Vide</strong></span> <span class='ocrx_word' id='word_1_116' title='bbox 1007 2499 1130 2554; x_wconf 86' lang='lat' dir='ltr'><strong>cap.</strong></span> <span class='ocrx_word' id='word_1_117' title='bbox 1164 2481 1286 2536; x_wconf 84' lang='lat'><strong>169.</strong></span> 
     </span>
    </p>
   </div>
   <div class='ocr_carea' id='block_1_25' title="bbox 437 2571 1167 2640">
    <p class='ocr_par' dir='ltr' id='par_1_25' title="bbox 437 2571 1167 2640">
     <span class='ocr_line' id='line_1_25' title="bbox 437 2571 1167 2640; baseline -0.021 -1"><span class='ocrx_word' id='word_1_118' title='bbox 437 2584 525 2639; x_wconf 92' lang='grc'><strong>11.</strong></span> <span class='ocrx_word' id='word_1_119' title='bbox 566 2579 828 2640; x_wconf 83' lang='lat' dir='ltr'><strong>Prisrem,</strong></span> <span class='ocrx_word' id='word_1_120' title='bbox 848 2571 1167 2629; x_wconf 72' lang='lat' dir='ltr'><strong>Thessaliae.</strong></span> 
     </span>
    </p>
   </div>
   <div class='ocr_carea' id='block_1_26' title="bbox 438 2664 1308 2734">
    <p class='ocr_par' dir='ltr' id='par_1_26' title="bbox 438 2664 1308 2734">
     <span class='ocr_line' id='line_1_26' title="bbox 438 2664 1308 2734; baseline -0.018 -1"><span class='ocrx_word' id='word_1_121' title='bbox 438 2678 528 2732; x_wconf 88' lang='grc'><strong>12.</strong></span> <span class='ocrx_word' id='word_1_122' title='bbox 555 2670 852 2734; x_wconf 87' lang='lat' dir='ltr'><strong>Salouichi,</strong></span> <span class='ocrx_word' id='word_1_123' title='bbox 891 2664 1212 2724; x_wconf 64' lang='lat' dir='ltr'><strong>Thessaliae.</strong></span> <span class='ocrx_word' id='word_1_124' title='bbox 1301 2719 1308 2732; x_wconf 28' lang='grc' dir='ltr'><strong>κ</strong></span> 
     </span>
    </p>
   </div>
   <div class='ocr_carea' id='block_1_27' title="bbox 441 2761 1100 2828">
    <p class='ocr_par' dir='ltr' id='par_1_27' title="bbox 441 2761 1100 2828">
     <span class='ocr_line' id='line_1_27' title="bbox 441 2761 1100 2828; baseline -0.018 -4"><span class='ocrx_word' id='word_1_125' title='bbox 441 2773 530 2826; x_wconf 89' lang='grc'><strong>15.</strong></span> <span class='ocrx_word' id='word_1_126' title='bbox 560 2764 837 2828; x_wconf 82' lang='lat' dir='ltr'><strong>Trichala,</strong></span> <span class='ocrx_word' id='word_1_127' title='bbox 878 2761 1100 2815; x_wconf 91' lang='lat' dir='ltr'><strong>ibidem.</strong></span> 
     </span>
    </p>
   </div>
   <div class='ocr_carea' id='block_1_28' title="bbox 437 2847 1575 2925">
    <p class='ocr_par' dir='ltr' id='par_1_28' title="bbox 437 2847 1575 2925">
     <span class='ocr_line' id='line_1_28' title="bbox 437 2847 1575 2925; baseline -0.012 -8"><span class='ocrx_word' id='word_1_128' title='bbox 437 2863 526 2917; x_wconf 76' lang='grc'><strong>14.</strong></span> <span class='ocrx_word' id='word_1_129' title='bbox 565 2859 798 2922; x_wconf 72' lang='lat' dir='ltr'><strong>Misitra,</strong></span> <span class='ocrx_word' id='word_1_130' title='bbox 821 2853 1096 2925; x_wconf 86' lang='lat' dir='ltr'><strong>quondam</strong></span> <span class='ocrx_word' id='word_1_131' title='bbox 1135 2849 1328 2922; x_wconf 84' lang='lat' dir='ltr'><strong>Sparta</strong></span> <span class='ocrx_word' id='word_1_132' title='bbox 1359 2847 1575 2904; x_wconf 65' lang='lat' dir='ltr'><strong>Morem.</strong></span> 
     </span>
    </p>
   </div>
   <div class='ocr_carea' id='block_1_29' title="bbox 439 2943 1076 3018">
    <p class='ocr_par' dir='ltr' id='par_1_29' title="bbox 439 2943 1076 3018">
     <span class='ocr_line' id='line_1_29' title="bbox 439 2943 1076 3018; baseline -0.02 -8"><span class='ocrx_word' id='word_1_133' title='bbox 439 2953 529 3009; x_wconf 79' lang='grc'><strong>15.</strong></span> <span class='ocrx_word' id='word_1_134' title='bbox 558 2951 912 3018; x_wconf 65' lang='grc' dir='ltr'><strong>Ρθιωορειιω,</strong></span> <span class='ocrx_word' id='word_1_135' title='bbox 944 2943 1076 2999; x_wconf 86' lang='lat' dir='ltr'><strong>ibid.</strong></span> 
     </span>
    </p>
   </div>
   <div class='ocr_carea' id='block_1_30' title="bbox 446 3033 1342 3115">
    <p class='ocr_par' dir='ltr' id='par_1_30' title="bbox 446 3033 1342 3115">
     <span class='ocr_line' id='line_1_30' title="bbox 446 3033 1342 3115; baseline -0.013 -13"><span class='ocrx_word' id='word_1_136' title='bbox 446 3046 535 3102; x_wconf 84' lang='lat'><strong>16.</strong></span> <span class='ocrx_word' id='word_1_137' title='bbox 566 3042 782 3115; x_wconf 75' lang='lat' dir='ltr'><strong>Jaguia,</strong></span> <span class='ocrx_word' id='word_1_138' title='bbox 805 3035 1076 3094; x_wconf 79' lang='lat' dir='ltr'><strong>Joannina</strong></span> <span class='ocrx_word' id='word_1_139' title='bbox 1101 3033 1342 3092; x_wconf 64' lang='lat' dir='ltr'><strong>Etollae.</strong></span> 
     </span>
    </p>
   </div>
   <div class='ocr_carea' id='block_1_31' title="bbox 446 3134 1108 3195">
    <p class='ocr_par' dir='ltr' id='par_1_31' title="bbox 446 3134 1108 3195">
     <span class='ocr_line' id='line_1_31' title="bbox 446 3134 1108 3195; baseline -0.009 -2"><span class='ocrx_word' id='word_1_140' title='bbox 446 3142 532 3195; x_wconf 85' lang='lat'><strong>17.</strong></span> <span class='ocrx_word' id='word_1_141' title='bbox 566 3134 828 3191; x_wconf 85' lang='lat' dir='ltr'><strong>Delvuina</strong></span> <span class='ocrx_word' id='word_1_142' title='bbox 871 3154 898 3195; x_wconf 70' lang='grc' dir='ltr'><strong><em>ι</em></strong></span> <span class='ocrx_word' id='word_1_143' title='bbox 954 3177 1037 3195; x_wconf 4' lang='grc'><strong>,1,</strong></span> 
     </span>
    </p>
   </div>
   <div class='ocr_carea' id='block_1_32' title="bbox 445 3154 1182 3292">
    <p class='ocr_par' dir='ltr' id='par_1_32' title="bbox 445 3154 1182 3292">
     <span class='ocr_line' id='line_1_32' title="bbox 446 3154 1108 3195; baseline -0.024 0"><span class='ocrx_word' id='word_1_144' title='bbox 446 3154 532 3195; x_wconf 78' lang='grc' dir='ltr'><strong>Π.</strong></span> <span class='ocrx_word' id='word_1_145' title='bbox 566 3154 828 3191; x_wconf 76' lang='lat' dir='ltr'><strong>uetvuma</strong></span> <span class='ocrx_word' id='word_1_146' title='bbox 1095 3177 1108 3189; x_wconf 81' lang='grc'>,</span> 
     </span>
     <span class='ocr_line' id='line_1_33' title="bbox 445 3154 1182 3292; baseline -0.014 -6"><span class='ocrx_word' id='word_1_147' title='bbox 445 3233 533 3286; x_wconf 86' lang='grc'><strong>18.</strong></span> <span class='ocrx_word' id='word_1_148' title='bbox 559 3229 825 3285; x_wconf 84' lang='lat' dir='ltr'><strong>Elbassan</strong></span> <span class='ocrx_word' id='word_1_149' title='bbox 866 3154 898 3292; x_wconf 66' lang='lat' dir='ltr'><strong>i</strong></span> <span class='ocrx_word' id='word_1_150' title='bbox 941 3177 1182 3234; x_wconf 61' lang='lat' dir='ltr'><strong>Achm‘</strong></span> 
     </span>
    </p>
   </div>
   <div class='ocr_carea' id='block_1_33' title="bbox 445 3313 1337 3386">
    <p class='ocr_par' dir='ltr' id='par_1_33' title="bbox 445 3313 1337 3386">
     <span class='ocr_line' id='line_1_34' title="bbox 445 3313 1337 3386; baseline -0.016 -6"><span class='ocrx_word' id='word_1_151' title='bbox 445 3325 534 3380; x_wconf 87' lang='lat'><strong>19.</strong></span> <span class='ocrx_word' id='word_1_152' title='bbox 559 3322 819 3377; x_wconf 83' lang='lat' dir='ltr'><strong>Avelona.</strong></span> <span class='ocrx_word' id='word_1_153' title='bbox 862 3316 998 3374; x_wconf 86' lang='lat' dir='ltr'><strong>Vide</strong></span> <span class='ocrx_word' id='word_1_154' title='bbox 1017 3325 1182 3386; x_wconf 90' lang='lat' dir='ltr'><strong>caput</strong></span> <span class='ocrx_word' id='word_1_155' title='bbox 1207 3313 1337 3368; x_wconf 75' lang='grc'><strong>242.</strong></span> 
     </span>
    </p>
   </div>
   <div class='ocr_carea' id='block_1_34' title="bbox 442 3402 1387 3481">
    <p class='ocr_par' dir='ltr' id='par_1_34' title="bbox 442 3402 1387 3481">
     <span class='ocr_line' id='line_1_35' title="bbox 442 3402 1387 3481; baseline -0.014 -11"><span class='ocrx_word' id='word_1_156' title='bbox 442 3415 536 3470; x_wconf 89' lang='grc'><strong>20.</strong></span> <span class='ocrx_word' id='word_1_157' title='bbox 579 3409 879 3481; x_wconf 75' lang='lat' dir='ltr'><strong>Ducaggin.</strong></span> <span class='ocrx_word' id='word_1_158' title='bbox 910 3403 1046 3464; x_wconf 83' lang='lat' dir='ltr'><strong>Vide</strong></span> <span class='ocrx_word' id='word_1_159' title='bbox 1078 3411 1242 3476; x_wconf 83' lang='lat' dir='ltr'><strong>caput</strong></span> <span class='ocrx_word' id='word_1_160' title='bbox 1260 3402 1387 3458; x_wconf 84' lang='grc'><strong>206.</strong></span> 
     </span>
    </p>
   </div>
   <div class='ocr_carea' id='block_1_35' title="bbox 447 3493 1631 3566">
    <p class='ocr_par' dir='ltr' id='par_1_35' title="bbox 447 3493 1631 3566">
     <span class='ocr_line' id='line_1_36' title="bbox 447 3493 1631 3566; baseline -0.012 -5"><span class='ocrx_word' id='word_1_161' title='bbox 447 3508 539 3561; x_wconf 90' lang='grc'><strong>21.</strong></span> <span class='ocrx_word' id='word_1_162' title='bbox 572 3504 793 3562; x_wconf 87' lang='lat' dir='ltr'><strong>Iscodar</strong></span> <span class='ocrx_word' id='word_1_163' title='bbox 820 3503 875 3557; x_wconf 92' lang='lat' dir='ltr'><strong>in</strong></span> <span class='ocrx_word' id='word_1_164' title='bbox 908 3499 1162 3556; x_wconf 81' lang='lat' dir='ltr'><strong>Albania.</strong></span> <span class='ocrx_word' id='word_1_165' title='bbox 1200 3496 1339 3552; x_wconf 89' lang='lat' dir='ltr'><strong>Vide</strong></span> <span class='ocrx_word' id='word_1_166' title='bbox 1359 3510 1478 3566; x_wconf 88' lang='lat' dir='ltr'><strong>cap.</strong></span> <span class='ocrx_word' id='word_1_167' title='bbox 1506 3493 1631 3548; x_wconf 90' lang='grc'><strong>121.</strong></span> 
     </span>
    </p>
   </div>
   <div class='ocr_carea' id='block_1_36' title="bbox 453 3581 1954 3665">
    <p class='ocr_par' dir='ltr' id='par_1_36' title="bbox 453 3581 1954 3665">
     <span class='ocr_line' id='line_1_37' title="bbox 453 3581 1954 3665; baseline -0.013 -10"><span class='ocrx_word' id='word_1_168' title='bbox 453 3601 519 3655; x_wconf 91' lang='grc'><strong>11.</strong></span> <span class='ocrx_word' id='word_1_169' title='bbox 559 3597 748 3653; x_wconf 88' lang='lat' dir='ltr'><strong>Deuizi</strong></span> <span class='ocrx_word' id='word_1_170' title='bbox 778 3593 1088 3665; x_wconf 81' lang='lat' dir='ltr'><strong>beglerbeg,</strong></span> <span class='ocrx_word' id='word_1_171' title='bbox 1115 3590 1207 3661; x_wconf 91' lang='lat' dir='ltr'><strong>qui</strong></span> <span class='ocrx_word' id='word_1_172' title='bbox 1239 3597 1292 3643; x_wconf 92' lang='lat' dir='ltr'><strong>et</strong></span> <span class='ocrx_word' id='word_1_173' title='bbox 1321 3587 1553 3654; x_wconf 82' lang='lat' dir='ltr'><strong>Capitan</strong></span> <span class='ocrx_word' id='word_1_174' title='bbox 1619 3587 1778 3639; x_wconf 89' lang='lat' dir='ltr'><strong>bassa</strong></span> <span class='ocrx_word' id='word_1_175' title='bbox 1831 3581 1954 3636; x_wconf 85' lang='lat' dir='ltr'><strong>vul-</strong></span> 
     </span>
    </p>
   </div>
   <div class='ocr_carea' id='block_1_37' title="bbox 375 3676 1958 3764">
    <p class='ocr_par' dir='ltr' id='par_1_37' title="bbox 375 3676 1958 3764">
     <span class='ocr_line' id='line_1_38' title="bbox 375 3676 1958 3764; baseline -0.009 -22"><span class='ocrx_word' id='word_1_176' title='bbox 375 3713 469 3764; x_wconf 66' lang='lat' dir='ltr'><strong>go,</strong></span> <span class='ocrx_word' id='word_1_177' title='bbox 512 3705 608 3760; x_wconf 86' lang='lat' dir='ltr'><strong>pro</strong></span> <span class='ocrx_word' id='word_1_178' title='bbox 630 3691 798 3745; x_wconf 88' lang='lat' dir='ltr'><strong>maris</strong></span> <span class='ocrx_word' id='word_1_179' title='bbox 832 3686 1136 3757; x_wconf 84' lang='lat' dir='ltr'><strong>Capitaueo</strong></span> <span class='ocrx_word' id='word_1_180' title='bbox 1169 3682 1288 3736; x_wconf 82' lang='lat' dir='ltr'><strong>sive</strong></span> <span class='ocrx_word' id='word_1_181' title='bbox 1313 3679 1575 3734; x_wconf 74' lang='lat' dir='ltr'><strong>Praztore.</strong></span> <span class='ocrx_word' id='word_1_182' title='bbox 1595 3677 1762 3732; x_wconf 87' lang='lat' dir='ltr'><strong>Sedes</strong></span> <span class='ocrx_word' id='word_1_183' title='bbox 1786 3676 1958 3745; x_wconf 84' lang='lat' dir='ltr'><strong>ipsius</strong></span> 
     </span>
    </p>
   </div>
   <div class='ocr_carea' id='block_1_38' title="bbox 375 3771 1708 3853">
    <p class='ocr_par' dir='ltr' id='par_1_38' title="bbox 375 3771 1708 3853">
     <span class='ocr_line' id='line_1_39' title="bbox 375 3771 1708 3853; baseline -0.014 -12"><span class='ocrx_word' id='word_1_184' title='bbox 375 3801 463 3841; x_wconf 71' lang='grc' dir='ltr'><strong>εει</strong></span> <span class='ocrx_word' id='word_1_185' title='bbox 486 3782 763 3853; x_wconf 84' lang='lat' dir='ltr'><strong>Gallipoli.</strong></span> <span class='ocrx_word' id='word_1_186' title='bbox 789 3779 1146 3850; x_wconf 73' lang='lat' dir='ltr'><strong>Sangiacatus</strong></span> <span class='ocrx_word' id='word_1_187' title='bbox 1175 3774 1228 3829; x_wconf 89' lang='lat' dir='ltr'><strong>ei</strong></span> <span class='ocrx_word' id='word_1_188' title='bbox 1268 3771 1501 3844; x_wconf 83' lang='lat' dir='ltr'><strong>subjecti</strong></span> <span class='ocrx_word' id='word_1_189' title='bbox 1541 3776 1708 3824; x_wconf 86' lang='lat' dir='ltr'><strong>sunt:</strong></span> 
     </span>
    </p>
   </div>
   <div class='ocr_carea' id='block_1_39' title="bbox 427 3867 1298 3946">
    <p class='ocr_par' dir='ltr' id='par_1_39' title="bbox 427 3867 1298 3946">
     <span class='ocr_line' id='line_1_40' title="bbox 427 3867 1298 3946; baseline -0.016 -11"><span class='ocrx_word' id='word_1_190' title='bbox 427 3933 430 3936; x_wconf 76' lang='lat'><strong>.</strong></span> <span class='ocrx_word' id='word_1_191' title='bbox 456 3879 508 3932; x_wconf 88' lang='lat'><strong>1.</strong></span> <span class='ocrx_word' id='word_1_192' title='bbox 536 3875 841 3946; x_wconf 88' lang='lat' dir='ltr'><strong>Gallipolis.</strong></span> <span class='ocrx_word' id='word_1_193' title='bbox 873 3871 1007 3926; x_wconf 80' lang='lat' dir='ltr'><strong>Vide</strong></span> <span class='ocrx_word' id='word_1_194' title='bbox 1037 3883 1164 3940; x_wconf 85' lang='lat' dir='ltr'><strong>cap.</strong></span> <span class='ocrx_word' id='word_1_195' title='bbox 1203 3867 1298 3924; x_wconf 88' lang='grc'><strong>25.</strong></span> 
     </span>
    </p>
   </div>
   <div class='ocr_carea' id='block_1_40' title="bbox 452 3964 1050 4036">
    <p class='ocr_par' dir='ltr' id='par_1_40' title="bbox 452 3964 1050 4036">
     <span class='ocr_line' id='line_1_41' title="bbox 452 3964 1050 4036; baseline -0.007 -14"><span class='ocrx_word' id='word_1_196' title='bbox 452 3971 508 4022; x_wconf 86' lang='grc'><strong>2.</strong></span> <span class='ocrx_word' id='word_1_197' title='bbox 540 3969 752 4034; x_wconf 86' lang='lat' dir='ltr'><strong>Galata,</strong></span> <span class='ocrx_word' id='word_1_198' title='bbox 782 3982 902 4036; x_wconf 85' lang='lat' dir='ltr'><strong>cap.</strong></span> <span class='ocrx_word' id='word_1_199' title='bbox 928 3964 1050 4019; x_wconf 84' lang='grc'><strong>127.</strong></span> 
     </span>
    </p>
   </div>
   <div class='ocr_carea' id='block_1_41' title="bbox 361 4057 1161 4124">
    <p class='ocr_par' dir='ltr' id='par_1_41' title="bbox 361 4057 1161 4124">
     <span class='ocr_line' id='line_1_42' title="bbox 361 4057 1161 4124; baseline -0.01 -7"><span class='ocrx_word' id='word_1_200' title='bbox 361 4092 365 4094; x_wconf 87' lang='grc'><strong>-</strong></span> <span class='ocrx_word' id='word_1_201' title='bbox 457 4063 514 4116; x_wconf 91' lang='grc'><strong>5.</strong></span> <span class='ocrx_word' id='word_1_202' title='bbox 545 4059 883 4124; x_wconf 87' lang='lat' dir='ltr'><strong>Nicomedia,</strong></span> <span class='ocrx_word' id='word_1_203' title='bbox 917 4072 1040 4124; x_wconf 88' lang='lat' dir='ltr'><strong>cap.</strong></span> <span class='ocrx_word' id='word_1_204' title='bbox 1071 4057 1161 4110; x_wconf 73' lang='lat'><strong>71.</strong></span> 
     </span>
    </p>
   </div>
   <div class='ocr_carea' id='block_1_42' title="bbox 454 4148 1093 4222">
    <p class='ocr_par' dir='ltr' id='par_1_42' title="bbox 454 4148 1093 4222">
     <span class='ocr_line' id='line_1_43' title="bbox 454 4148 1093 4222; baseline -0.014 -11"><span class='ocrx_word' id='word_1_205' title='bbox 454 4157 506 4211; x_wconf 70' lang='grc'><strong>4.</strong></span> <span class='ocrx_word' id='word_1_206' title='bbox 533 4154 778 4219; x_wconf 84' lang='lat' dir='ltr'><strong>Limnos,</strong></span> <span class='ocrx_word' id='word_1_207' title='bbox 811 4165 932 4222; x_wconf 87' lang='lat' dir='ltr'><strong>cap.</strong></span> <span class='ocrx_word' id='word_1_208' title='bbox 964 4148 1093 4203; x_wconf 80' lang='grc'><strong>229.</strong></span> 
     </span>
    </p>
   </div>
   <div class='ocr_carea' id='block_1_43' title="bbox 460 4241 1125 4319">
    <p class='ocr_par' dir='ltr' id='par_1_43' title="bbox 460 4241 1125 4319">
     <span class='ocr_line' id='line_1_44' title="bbox 460 4241 1125 4319; baseline -0.006 -17"><span class='ocrx_word' id='word_1_209' title='bbox 460 4249 514 4302; x_wconf 87' lang='grc'><strong>5.</strong></span> <span class='ocrx_word' id='word_1_210' title='bbox 553 4247 963 4319; x_wconf 82' lang='lat' dir='ltr'><strong>Mityline,cap.</strong></span> <span class='ocrx_word' id='word_1_211' title='bbox 1000 4241 1125 4299; x_wconf 85' lang='grc'><strong>158.</strong></span> 
     </span>
    </p>
   </div>
   <div class='ocr_carea' id='block_1_44' title="bbox 459 4334 1033 4408">
    <p class='ocr_par' dir='ltr' id='par_1_44' title="bbox 459 4334 1033 4408">
     <span class='ocr_line' id='line_1_45' title="bbox 459 4334 1033 4408; baseline -0.01 -14"><span class='ocrx_word' id='word_1_212' title='bbox 459 4341 512 4394; x_wconf 91' lang='grc'><strong>6.</strong></span> <span class='ocrx_word' id='word_1_213' title='bbox 539 4341 726 4402; x_wconf 82' lang='lat' dir='ltr'><strong>Chios,</strong></span> <span class='ocrx_word' id='word_1_214' title='bbox 755 4352 877 4408; x_wconf 90' lang='lat' dir='ltr'><strong>cap.</strong></span> <span class='ocrx_word' id='word_1_215' title='bbox 904 4334 1033 4392; x_wconf 88' lang='grc'><strong>229.</strong></span> 
     </span>
    </p>
   </div>
   <div class='ocr_carea' id='block_1_45' title="bbox 460 4427 914 4495">
    <p class='ocr_par' dir='ltr' id='par_1_45' title="bbox 460 4427 914 4495">
     <span class='ocr_line' id='line_1_46' title="bbox 460 4427 914 4495; baseline -0.004 -11"><span class='ocrx_word' id='word_1_216' title='bbox 460 4432 512 4485; x_wconf 89' lang='lat'><strong>7.</strong></span> <span class='ocrx_word' id='word_1_217' title='bbox 547 4429 740 4495; x_wconf 78' lang='lat' dir='ltr'><strong>Nexia,</strong></span> <span class='ocrx_word' id='word_1_218' title='bbox 778 4427 914 4485; x_wconf 86' lang='lat' dir='ltr'><strong>ibid.</strong></span> 
     </span>
    </p>
   </div>
   <div class='ocr_carea' id='block_1_46' title="bbox 459 4517 1239 4593">
    <p class='ocr_par' dir='ltr' id='par_1_46' title="bbox 459 4517 1239 4593">
     <span class='ocr_line' id='line_1_47' title="bbox 459 4517 1239 4593; baseline -0.008 -15"><span class='ocrx_word' id='word_1_219' title='bbox 459 4523 515 4578; x_wconf 91' lang='lat'><strong>8.</strong></span> <span class='ocrx_word' id='word_1_220' title='bbox 550 4524 924 4593; x_wconf 79' lang='lat' dir='ltr'><strong>Negroponto,</strong></span> <span class='ocrx_word' id='word_1_221' title='bbox 956 4535 1078 4592; x_wconf 87' lang='lat' dir='ltr'><strong>cap.</strong></span> <span class='ocrx_word' id='word_1_222' title='bbox 1114 4517 1239 4576; x_wconf 74' lang='lat'><strong>112.</strong></span> 
     </span>
    </p>
   </div>
   <div class='ocr_carea' id='block_1_47' title="bbox 460 4615 1044 4686">
    <p class='ocr_par' dir='ltr' id='par_1_47' title="bbox 460 4615 1044 4686">
     <span class='ocr_line' id='line_1_48' title="bbox 460 4615 1044 4686; baseline -0.007 -13"><span class='ocrx_word' id='word_1_223' title='bbox 460 4619 514 4673; x_wconf 84' lang='lat'><strong>9.</strong></span> <span class='ocrx_word' id='word_1_224' title='bbox 549 4615 746 4684; x_wconf 77' lang='lat' dir='ltr'><strong>Rhodi,</strong></span> <span class='ocrx_word' id='word_1_225' title='bbox 777 4631 898 4686; x_wconf 88' lang='lat' dir='ltr'><strong>cap.</strong></span> <span class='ocrx_word' id='word_1_226' title='bbox 917 4615 1044 4672; x_wconf 84' lang='grc'><strong>229.</strong></span> 
     </span>
    </p>
   </div>
   <div class='ocr_carea' id='block_1_48' title="bbox 464 4708 1075 4779">
    <p class='ocr_par' dir='ltr' id='par_1_48' title="bbox 464 4708 1075 4779">
     <span class='ocr_line' id='line_1_49' title="bbox 464 4708 1075 4779; baseline 0 -15"><span class='ocrx_word' id='word_1_227' title='bbox 464 4710 551 4764; x_wconf 85' lang='grc'><strong>10.</strong></span> <span class='ocrx_word' id='word_1_228' title='bbox 584 4709 808 4772; x_wconf 85' lang='lat' dir='ltr'><strong>Cavala,</strong></span> <span class='ocrx_word' id='word_1_229' title='bbox 832 4723 954 4779; x_wconf 86' lang='lat' dir='ltr'><strong>cap.</strong></span> <span class='ocrx_word' id='word_1_230' title='bbox 983 4708 1075 4764; x_wconf 72' lang='lat'><strong>14.</strong></span> 
     </span>
    </p>
   </div>
   <div class='ocr_carea' id='block_1_49' title="bbox 466 4799 1139 4871">
    <p class='ocr_par' dir='ltr' id='par_1_49' title="bbox 466 4799 1139 4871">
     <span class='ocr_line' id='line_1_50' title="bbox 466 4799 1139 4871; baseline -0.009 -13"><span class='ocrx_word' id='word_1_231' title='bbox 466 4803 554 4858; x_wconf 91' lang='lat'><strong>1|.</strong></span> <span class='ocrx_word' id='word_1_232' title='bbox 575 4802 765 4871; x_wconf 83' lang='lat' dir='ltr'><strong>Napoli</strong></span> <span class='ocrx_word' id='word_1_233' title='bbox 802 4801 850 4856; x_wconf 93' lang='lat' dir='ltr'><strong>di</strong></span> <span class='ocrx_word' id='word_1_234' title='bbox 873 4799 1139 4856; x_wconf 81' lang='lat' dir='ltr'><strong>Romania</strong></span> 
     </span>
    </p>
   </div>
   <div class='ocr_carea' id='block_1_50' title="bbox 469 4892 1174 4964">
    <p class='ocr_par' dir='ltr' id='par_1_50' title="bbox 469 4892 1174 4964">
     <span class='ocr_line' id='line_1_51' title="bbox 469 4892 1174 4964; baseline -0.007 -14"><span class='ocrx_word' id='word_1_235' title='bbox 469 4896 558 4950; x_wconf 88' lang='grc'><strong>12.</strong></span> <span class='ocrx_word' id='word_1_236' title='bbox 603 4894 866 4961; x_wconf 88' lang='lat' dir='ltr'><strong>Lepanto,</strong></span> <span class='ocrx_word' id='word_1_237' title='bbox 895 4909 1015 4964; x_wconf 89' lang='lat' dir='ltr'><strong>cap.</strong></span> <span class='ocrx_word' id='word_1_238' title='bbox 1048 4892 1174 4947; x_wconf 80' lang='lat'><strong>175.</strong></span> 
     </span>
    </p>
   </div>
   <div class='ocr_carea' id='block_1_51' title="bbox 469 4985 1196 5056">
    <p class='ocr_par' dir='ltr' id='par_1_51' title="bbox 469 4985 1196 5056">
     <span class='ocr_line' id='line_1_52' title="bbox 469 4985 1196 5056; baseline -0.006 -12"><span class='ocrx_word' id='word_1_239' title='bbox 469 4991 557 5044; x_wconf 89' lang='grc'><strong>15.</strong></span> <span class='ocrx_word' id='word_1_240' title='bbox 592 4987 651 5043; x_wconf 84' lang='grc'><strong>5.</strong></span> <span class='ocrx_word' id='word_1_241' title='bbox 677 4985 884 5053; x_wconf 83' lang='lat' dir='ltr'><strong>Maura,</strong></span> <span class='ocrx_word' id='word_1_242' title='bbox 915 5001 1031 5056; x_wconf 87' lang='lat' dir='ltr'><strong>cap.</strong></span> <span class='ocrx_word' id='word_1_243' title='bbox 1071 4985 1196 5041; x_wconf 87' lang='lat'><strong>178.</strong></span> 
     </span>
    </p>
   </div>
   <div class='ocr_carea' id='block_1_52' title="bbox 469 5079 940 5137">
    <p class='ocr_par' dir='ltr' id='par_1_52' title="bbox 469 5079 940 5137">
     <span class='ocr_line' id='line_1_53' title="bbox 469 5079 940 5137; baseline -0.004 -1"><span class='ocrx_word' id='word_1_244' title='bbox 469 5083 557 5137; x_wconf 69' lang='grc'><strong>11.</strong></span> <span class='ocrx_word' id='word_1_245' title='bbox 586 5079 940 5136; x_wconf 78' lang='lat' dir='ltr'><strong>Alexandria.</strong></span> 
     </span>
    </p>
   </div>
   <div class='ocr_carea' id='block_1_53' title="bbox 473 5158 1974 5243">
    <p class='ocr_par' dir='ltr' id='par_1_53' title="bbox 473 5158 1974 5243">
     <span class='ocr_line' id='line_1_54' title="bbox 473 5158 1974 5243; baseline -0.012 -15"><span class='ocrx_word' id='word_1_246' title='bbox 473 5174 562 5228; x_wconf 91' lang='grc'><strong>111.</strong></span> <span class='ocrx_word' id='word_1_247' title='bbox 601 5173 793 5227; x_wconf 91' lang='lat' dir='ltr'><strong>Budun</strong></span> <span class='ocrx_word' id='word_1_248' title='bbox 829 5170 1137 5243; x_wconf 75' lang='lat' dir='ltr'><strong>bcglerhcg.</strong></span> <span class='ocrx_word' id='word_1_249' title='bbox 1168 5167 1338 5223; x_wconf 85' lang='lat' dir='ltr'><strong>Sedes</strong></span> <span class='ocrx_word' id='word_1_250' title='bbox 1375 5165 1497 5236; x_wconf 81' lang='lat' dir='ltr'><strong>ejus</strong></span> <span class='ocrx_word' id='word_1_251' title='bbox 1547 5161 1775 5217; x_wconf 88' lang='lat' dir='ltr'><strong>ibidem.</strong></span> <span class='ocrx_word' id='word_1_252' title='bbox 1832 5158 1974 5216; x_wconf 86' lang='lat' dir='ltr'><strong>Sub-</strong></span> 
     </span>
    </p>
   </div>
   <div class='ocr_carea' id='block_1_54' title="bbox 398 5256 1975 5337">
    <p class='ocr_par' dir='ltr' id='par_1_54' title="bbox 398 5256 1975 5337">
     <span class='ocr_line' id='line_1_55' title="bbox 398 5256 1975 5337; baseline -0.008 -16"><span class='ocrx_word' id='word_1_253' title='bbox 398 5267 529 5337; x_wconf 82' lang='lat' dir='ltr'><strong>jccti</strong></span> <span class='ocrx_word' id='word_1_254' title='bbox 564 5276 697 5321; x_wconf 90' lang='lat' dir='ltr'><strong>sunt</strong></span> <span class='ocrx_word' id='word_1_255' title='bbox 723 5267 896 5335; x_wconf 88' lang='lat' dir='ltr'><strong>ipsius</strong></span> <span class='ocrx_word' id='word_1_256' title='bbox 942 5261 1318 5335; x_wconf 79' lang='lat' dir='ltr'><strong>jurisdictioni</strong></span> <span class='ocrx_word' id='word_1_257' title='bbox 1372 5261 1722 5331; x_wconf 76' lang='lat' dir='ltr'><strong>saugiacatus</strong></span> <span class='ocrx_word' id='word_1_258' title='bbox 1755 5258 1806 5312; x_wconf 89' lang='lat' dir='ltr'><strong>hi</strong></span> <span class='ocrx_word' id='word_1_259' title='bbox 1839 5256 1975 5311; x_wconf 77' lang='lat' dir='ltr'><strong>fere.</strong></span> 
     </span>
    </p>
   </div>
   <div class='ocr_carea' id='block_1_55' title="bbox 475 5353 868 5425">
    <p class='ocr_par' dir='ltr' id='par_1_55' title="bbox 475 5353 868 5425">
     <span class='ocr_line' id='line_1_56' title="bbox 475 5353 868 5425; baseline -0.005 -14"><span class='ocrx_word' id='word_1_260' title='bbox 475 5357 526 5411; x_wconf 78' lang='grc'><strong>1.</strong></span> <span class='ocrx_word' id='word_1_261' title='bbox 567 5353 868 5425; x_wconf 74' lang='lat' dir='ltr'><strong>Novigrad.</strong></span> 
     </span>
    </p>
   </div>
   <div class='ocr_carea' id='block_1_56' title="bbox 2094 606 2855 678">
    <p class='ocr_par' dir='ltr' id='par_1_56' title="bbox 2094 606 2855 678">
     <span class='ocr_line' id='line_1_57' title="bbox 2094 606 2855 678; baseline -0.02 -6"><span class='ocrx_word' id='word_1_262' title='bbox 2094 617 2149 672; x_wconf 88' lang='grc'><strong>5.</strong></span> <span class='ocrx_word' id='word_1_263' title='bbox 2173 615 2467 678; x_wconf 81' lang='lat' dir='ltr'><strong>Zetschcn,</strong></span> <span class='ocrx_word' id='word_1_264' title='bbox 2492 611 2613 668; x_wconf 85' lang='lat' dir='ltr'><strong>sive</strong></span> <span class='ocrx_word' id='word_1_265' title='bbox 2630 606 2855 664; x_wconf 78' lang='lat' dir='ltr'><strong>Zetzcu.</strong></span> 
     </span>
    </p>
   </div>
   <div class='ocr_carea' id='block_1_57' title="bbox 2092 705 2400 764">
    <p class='ocr_par' dir='ltr' id='par_1_57' title="bbox 2092 705 2400 764">
     <span class='ocr_line' id='line_1_58' title="bbox 2092 705 2400 764; baseline -0.003 0"><span class='ocrx_word' id='word_1_266' title='bbox 2092 710 2146 764; x_wconf 74' lang='grc'><strong>4.</strong></span> <span class='ocrx_word' id='word_1_267' title='bbox 2173 705 2400 764; x_wconf 78' lang='lat' dir='ltr'><strong>Zolnok.</strong></span> 
     </span>
    </p>
   </div>
   <div class='ocr_carea' id='block_1_58' title="bbox 2095 805 2353 860">
    <p class='ocr_par' dir='ltr' id='par_1_58' title="bbox 2095 805 2353 860">
     <span class='ocr_line' id='line_1_59' title="bbox 2095 805 2353 860; baseline -0.023 0"><span class='ocrx_word' id='word_1_268' title='bbox 2095 805 2146 860; x_wconf 83' lang='lat'><strong>5.</strong></span> <span class='ocrx_word' id='word_1_269' title='bbox 2182 805 2353 856; x_wconf 78' lang='lat' dir='ltr'><strong>Gran.</strong></span> 
     </span>
    </p>
   </div>
   <div class='ocr_carea' id='block_1_59' title="bbox 2096 889 2452 962">
    <p class='ocr_par' dir='ltr' id='par_1_59' title="bbox 2096 889 2452 962">
     <span class='ocr_line' id='line_1_60' title="bbox 2096 889 2452 962; baseline -0.022 -12"><span class='ocrx_word' id='word_1_270' title='bbox 2096 893 2151 950; x_wconf 91' lang='grc'><strong>6.</strong></span> <span class='ocrx_word' id='word_1_271' title='bbox 2192 889 2452 962; x_wconf 69' lang='lat' dir='ltr'><strong>Segedlu.</strong></span> 
     </span>
    </p>
   </div>
   <div class='ocr_carea' id='block_1_60' title="bbox 2094 981 2571 1053">
    <p class='ocr_par' dir='ltr' id='par_1_60' title="bbox 2094 981 2571 1053">
     <span class='ocr_line' id='line_1_61' title="bbox 2094 981 2571 1053; baseline -0.015 -13"><span class='ocrx_word' id='word_1_272' title='bbox 2094 986 2150 1042; x_wconf 94' lang='lat'><strong>7.</strong></span> <span class='ocrx_word' id='word_1_273' title='bbox 2193 985 2326 1040; x_wconf 82' lang='lat' dir='ltr'><strong>Alba</strong></span> <span class='ocrx_word' id='word_1_274' title='bbox 2353 981 2571 1053; x_wconf 81' lang='lat' dir='ltr'><strong>regalis.</strong></span> 
     </span>
    </p>
   </div>
   <div class='ocr_carea' id='block_1_61' title="bbox 2096 1074 2414 1132">
    <p class='ocr_par' dir='ltr' id='par_1_61' title="bbox 2096 1074 2414 1132">
     <span class='ocr_line' id='line_1_62' title="bbox 2096 1074 2414 1132; baseline -0.013 0"><span class='ocrx_word' id='word_1_275' title='bbox 2096 1077 2148 1132; x_wconf 82' lang='lat'><strong>8.</strong></span> <span class='ocrx_word' id='word_1_276' title='bbox 2183 1074 2414 1132; x_wconf 74' lang='lat' dir='ltr'><strong>Sexard.</strong></span> 
     </span>
    </p>
   </div>
   <div class='ocr_carea' id='block_1_62' title="bbox 2099 1169 2582 1226">
    <p class='ocr_par' dir='ltr' id='par_1_62' title="bbox 2099 1169 2582 1226">
     <span class='ocr_line' id='line_1_63' title="bbox 2099 1169 2582 1226; baseline -0.017 0"><span class='ocrx_word' id='word_1_277' title='bbox 2099 1169 2154 1226; x_wconf 85' lang='lat'><strong>9.</strong></span> <span class='ocrx_word' id='word_1_278' title='bbox 2179 1169 2582 1224; x_wconf 89' lang='lat' dir='ltr'><strong>Simoutornar.</strong></span> 
     </span>
    </p>
   </div>
   <div class='ocr_carea' id='block_1_63' title="bbox 2103 1259 2426 1329">
    <p class='ocr_par' dir='ltr' id='par_1_63' title="bbox 2103 1259 2426 1329">
     <span class='ocr_line' id='line_1_64' title="bbox 2103 1259 2426 1329; baseline -0.006 -15"><span class='ocrx_word' id='word_1_279' title='bbox 2103 1259 2194 1314; x_wconf 91' lang='lat'><strong>10.</strong></span> <span class='ocrx_word' id='word_1_280' title='bbox 2217 1259 2426 1329; x_wconf 90' lang='lat' dir='ltr'><strong>Copau.</strong></span> 
     </span>
    </p>
   </div>
   <div class='ocr_carea' id='block_1_64' title="bbox 2104 1351 2451 1408">
    <p class='ocr_par' dir='ltr' id='par_1_64' title="bbox 2104 1351 2451 1408">
     <span class='ocr_line' id='line_1_65' title="bbox 2104 1351 2451 1408; baseline -0.014 1"><span class='ocrx_word' id='word_1_281' title='bbox 2104 1353 2193 1408; x_wconf 85' lang='lat'><strong>11.</strong></span> <span class='ocrx_word' id='word_1_282' title='bbox 2215 1351 2451 1406; x_wconf 77' lang='lat' dir='ltr'><strong>Mahatz.</strong></span> 
     </span>
    </p>
   </div>
   <div class='ocr_carea' id='block_1_65' title="bbox 2105 1438 2822 1512">
    <p class='ocr_par' dir='ltr' id='par_1_65' title="bbox 2105 1438 2822 1512">
     <span class='ocr_line' id='line_1_66' title="bbox 2105 1438 2822 1512; baseline -0.008 -16"><span class='ocrx_word' id='word_1_283' title='bbox 2105 1442 2193 1497; x_wconf 86' lang='grc'><strong>12.</strong></span> <span class='ocrx_word' id='word_1_284' title='bbox 2221 1441 2400 1512; x_wconf 80' lang='lat' dir='ltr'><strong>Ziget,</strong></span> <span class='ocrx_word' id='word_1_285' title='bbox 2435 1440 2550 1495; x_wconf 86' lang='lat' dir='ltr'><strong>sive</strong></span> <span class='ocrx_word' id='word_1_286' title='bbox 2577 1438 2822 1492; x_wconf 85' lang='lat' dir='ltr'><strong>Sasvvar.</strong></span> 
     </span>
    </p>
   </div>
   <div class='ocr_carea' id='block_1_66' title="bbox 2105 1523 3201 1599">
    <p class='ocr_par' dir='ltr' id='par_1_66' title="bbox 2105 1523 3201 1599">
     <span class='ocr_line' id='line_1_67' title="bbox 2105 1523 3201 1599; baseline -0.012 -10"><span class='ocrx_word' id='word_1_287' title='bbox 2105 1534 2194 1589; x_wconf 88' lang='grc'><strong>15.</strong></span> <span class='ocrx_word' id='word_1_288' title='bbox 2224 1534 2514 1597; x_wconf 86' lang='lat' dir='ltr'><strong>Petscheu,</strong></span> <span class='ocrx_word' id='word_1_289' title='bbox 2543 1531 2629 1586; x_wconf 86' lang='lat' dir='ltr'><strong>vel</strong></span> <span class='ocrx_word' id='word_1_290' title='bbox 2651 1528 2906 1599; x_wconf 84' lang='lat' dir='ltr'><strong>Quinque</strong></span> <span class='ocrx_word' id='word_1_291' title='bbox 2933 1523 3201 1581; x_wconf 64' lang='lat' dir='ltr'><strong>ecclesiae.</strong></span> 
     </span>
    </p>
   </div>
   <div class='ocr_carea' id='block_1_67' title="bbox 2104 1624 2511 1681">
    <p class='ocr_par' dir='ltr' id='par_1_67' title="bbox 2104 1624 2511 1681">
     <span class='ocr_line' id='line_1_68' title="bbox 2104 1624 2511 1681; baseline -0.007 0"><span class='ocrx_word' id='word_1_292' title='bbox 2104 1626 2192 1681; x_wconf 74' lang='grc'><strong>14.</strong></span> <span class='ocrx_word' id='word_1_293' title='bbox 2224 1624 2511 1680; x_wconf 87' lang='lat' dir='ltr'><strong>Sirmium.</strong></span> 
     </span>
    </p>
   </div>
   <div class='ocr_carea' id='block_1_68' title="bbox 2111 1716 2579 1772">
    <p class='ocr_par' dir='ltr' id='par_1_68' title="bbox 2111 1716 2579 1772">
     <span class='ocr_line' id='line_1_69' title="bbox 2111 1716 2579 1772; baseline -0.011 1"><span class='ocrx_word' id='word_1_294' title='bbox 2111 1719 2201 1772; x_wconf 79' lang='grc'><strong>15.</strong></span> <span class='ocrx_word' id='word_1_295' title='bbox 2235 1716 2579 1772; x_wconf 84' lang='lat' dir='ltr'><strong>Semendria.</strong></span> 
     </span>
    </p>
   </div>
   <div class='ocr_carea' id='block_1_69' title="bbox 2111 1795 3616 1875">
    <p class='ocr_par' dir='ltr' id='par_1_69' title="bbox 2111 1795 3616 1875">
     <span class='ocr_line' id='line_1_70' title="bbox 2111 1795 3616 1875; baseline -0.013 -8"><span class='ocrx_word' id='word_1_296' title='bbox 2111 1809 2205 1867; x_wconf 81' lang='lat' dir='ltr'><strong>IV.</strong></span> <span class='ocrx_word' id='word_1_297' title='bbox 2235 1809 2550 1866; x_wconf 81' lang='lat' dir='ltr'><strong>Temeswar</strong></span> <span class='ocrx_word' id='word_1_298' title='bbox 2598 1804 2908 1875; x_wconf 79' lang='lat' dir='ltr'><strong>beglerbeg.</strong></span> <span class='ocrx_word' id='word_1_299' title='bbox 2955 1800 3176 1856; x_wconf 74' lang='lat' dir='ltr'><strong>Reslih-t</strong></span> <span class='ocrx_word' id='word_1_300' title='bbox 3223 1797 3444 1852; x_wconf 84' lang='lat' dir='ltr'><strong>ibidem.</strong></span> <span class='ocrx_word' id='word_1_301' title='bbox 3471 1795 3616 1852; x_wconf 78' lang='lat' dir='ltr'><strong>Sub-</strong></span> 
     </span>
    </p>
   </div>
   <div class='ocr_carea' id='block_1_70' title="bbox 1961 1878 3509 1978">
    <p class='ocr_par' dir='ltr' id='par_1_70' title="bbox 1961 1878 3509 1978">
     <span class='ocr_line' id='line_1_71' title="bbox 1961 1878 3509 1978; baseline -0.014 -16"><span class='ocrx_word' id='word_1_302' title='bbox 1961 1878 2012 1944; x_wconf 76' lang='grc' dir='ltr'>Β</span> <span class='ocrx_word' id='word_1_303' title='bbox 2036 1905 2172 1978; x_wconf 84' lang='lat' dir='ltr'><strong>jecti</strong></span> <span class='ocrx_word' id='word_1_304' title='bbox 2199 1914 2330 1959; x_wconf 90' lang='lat' dir='ltr'><strong>sunt</strong></span> <span class='ocrx_word' id='word_1_305' title='bbox 2363 1903 2483 1974; x_wconf 81' lang='lat' dir='ltr'><strong>ejus</strong></span> <span class='ocrx_word' id='word_1_306' title='bbox 2517 1899 2982 1958; x_wconf 80' lang='lat' dir='ltr'><strong>administrationi</strong></span> <span class='ocrx_word' id='word_1_307' title='bbox 3017 1894 3368 1964; x_wconf 72' lang='lat' dir='ltr'><strong>saugiacatus</strong></span> <span class='ocrx_word' id='word_1_308' title='bbox 3409 1891 3461 1943; x_wconf 90' lang='lat' dir='ltr'><strong>hi</strong></span> <span class='ocrx_word' id='word_1_309' title='bbox 3493 1904 3509 1941; x_wconf 87' lang='lat'><strong>:</strong></span> 
     </span>
    </p>
   </div>
   <div class='ocr_carea' id='block_1_71' title="bbox 2113 1996 2540 2053">
    <p class='ocr_par' dir='ltr' id='par_1_71' title="bbox 2113 1996 2540 2053">
     <span class='ocr_line' id='line_1_72' title="bbox 2113 1996 2540 2053; baseline -0.014 0"><span class='ocrx_word' id='word_1_310' title='bbox 2113 1999 2164 2053; x_wconf 93' lang='lat'><strong>1.</strong></span> <span class='ocrx_word' id='word_1_311' title='bbox 2208 1996 2540 2051; x_wconf 82' lang='lat' dir='ltr'><strong>Temesvvar.</strong></span> 
     </span>
    </p>
   </div>
   <div class='ocr_carea' id='block_1_72' title="bbox 2108 2091 2443 2151">
    <p class='ocr_par' dir='ltr' id='par_1_72' title="bbox 2108 2091 2443 2151">
     <span class='ocr_line' id='line_1_73' title="bbox 2108 2091 2443 2151; baseline -0.003 -4"><span class='ocrx_word' id='word_1_312' title='bbox 2108 2092 2165 2151; x_wconf 88' lang='grc'><strong>2.</strong></span> <span class='ocrx_word' id='word_1_313' title='bbox 2192 2091 2443 2147; x_wconf 72' lang='lat' dir='ltr'><strong>Mudava.</strong></span> 
     </span>
    </p>
   </div>
   <div class='ocr_carea' id='block_1_73' title="bbox 2110 2185 2536 2240">
    <p class='ocr_par' dir='ltr' id='par_1_73' title="bbox 2110 2185 2536 2240">
     <span class='ocr_line' id='line_1_74' title="bbox 2110 2185 2536 2240; baseline -0.005 0"><span class='ocrx_word' id='word_1_314' title='bbox 2110 2185 2164 2240; x_wconf 90' lang='grc'><strong>5.</strong></span> <span class='ocrx_word' id='word_1_315' title='bbox 2213 2185 2536 2240; x_wconf 79' lang='lat' dir='ltr'><strong>Vilaoswar.</strong></span> 
     </span>
    </p>
   </div>
   <div class='ocr_carea' id='block_1_74' title="bbox 2112 2277 2532 2334">
    <p class='ocr_par' dir='ltr' id='par_1_74' title="bbox 2112 2277 2532 2334">
     <span class='ocr_line' id='line_1_75' title="bbox 2112 2277 2532 2334; baseline 0 -2"><span class='ocrx_word' id='word_1_316' title='bbox 2112 2278 2165 2332; x_wconf 76' lang='grc'><strong>4.</strong></span> <span class='ocrx_word' id='word_1_317' title='bbox 2199 2277 2532 2334; x_wconf 88' lang='lat' dir='ltr'><strong>Tschiauad.</strong></span> 
     </span>
    </p>
   </div>
   <div class='ocr_carea' id='block_1_75' title="bbox 2113 2368 2569 2429">
    <p class='ocr_par' dir='ltr' id='par_1_75' title="bbox 2113 2368 2569 2429">
     <span class='ocr_line' id='line_1_76' title="bbox 2113 2368 2569 2429; baseline 0.015 -7"><span class='ocrx_word' id='word_1_318' title='bbox 2113 2368 2168 2422; x_wconf 87' lang='lat'><strong>5.</strong></span> <span class='ocrx_word' id='word_1_319' title='bbox 2204 2368 2569 2429; x_wconf 83' lang='lat' dir='ltr'><strong>Wtschitirni.</strong></span> 
     </span>
    </p>
   </div>
   <div class='ocr_carea' id='block_1_76' title="bbox 2115 2473 2374 2532">
    <p class='ocr_par' dir='ltr' id='par_1_76' title="bbox 2115 2473 2374 2532">
     <span class='ocr_line' id='line_1_77' title="bbox 2115 2473 2374 2532; baseline -0.039 0"><span class='ocrx_word' id='word_1_320' title='bbox 2115 2476 2170 2532; x_wconf 81' lang='lat'><strong>6.</strong></span> <span class='ocrx_word' id='word_1_321' title='bbox 2193 2473 2374 2531; x_wconf 83' lang='lat' dir='ltr'><strong>Giula.</strong></span> 
     </span>
    </p>
   </div>
   <div class='ocr_carea' id='block_1_77' title="bbox 2117 2567 2394 2628">
    <p class='ocr_par' dir='ltr' id='par_1_77' title="bbox 2117 2567 2394 2628">
     <span class='ocr_line' id='line_1_78' title="bbox 2117 2567 2394 2628; baseline -0.032 0"><span class='ocrx_word' id='word_1_322' title='bbox 2117 2574 2170 2628; x_wconf 87' lang='lat'><strong>7.</strong></span> <span class='ocrx_word' id='word_1_323' title='bbox 2220 2567 2394 2624; x_wconf 82' lang='lat' dir='ltr'><strong>Vidin.</strong></span> 
     </span>
    </p>
   </div>
   <div class='ocr_carea' id='block_1_78' title="bbox 2117 2661 2363 2732">
    <p class='ocr_par' dir='ltr' id='par_1_78' title="bbox 2117 2661 2363 2732">
     <span class='ocr_line' id='line_1_79' title="bbox 2117 2661 2363 2732; baseline -0.02 -12"><span class='ocrx_word' id='word_1_324' title='bbox 2117 2666 2172 2720; x_wconf 91' lang='lat'><strong>8.</strong></span> <span class='ocrx_word' id='word_1_325' title='bbox 2205 2661 2363 2732; x_wconf 79' lang='lat' dir='ltr'><strong>Lipa.</strong></span> 
     </span>
    </p>
   </div>
   <div class='ocr_carea' id='block_1_79' title="bbox 2124 2737 3626 2820">
    <p class='ocr_par' dir='ltr' id='par_1_79' title="bbox 2124 2737 3626 2820">
     <span class='ocr_line' id='line_1_80' title="bbox 2124 2737 3626 2820; baseline -0.009 -15"><span class='ocrx_word' id='word_1_326' title='bbox 2124 2756 2190 2809; x_wconf 77' lang='grc' dir='ltr'><strong>ν.</strong></span> <span class='ocrx_word' id='word_1_327' title='bbox 2225 2755 2404 2806; x_wconf 87' lang='lat' dir='ltr'><strong>Bozna</strong></span> <span class='ocrx_word' id='word_1_328' title='bbox 2447 2749 2758 2820; x_wconf 75' lang='lat' dir='ltr'><strong>beglerheg.</strong></span> <span class='ocrx_word' id='word_1_329' title='bbox 2788 2744 2956 2800; x_wconf 74' lang='lat' dir='ltr'><strong>Sedes</strong></span> <span class='ocrx_word' id='word_1_330' title='bbox 2981 2743 3152 2812; x_wconf 89' lang='lat' dir='ltr'><strong>ipsius</strong></span> <span class='ocrx_word' id='word_1_331' title='bbox 3184 2740 3238 2793; x_wconf 89' lang='lat' dir='ltr'><strong>iu</strong></span> <span class='ocrx_word' id='word_1_332' title='bbox 3275 2737 3626 2809; x_wconf 78' lang='lat' dir='ltr'><strong>Baguialucu.</strong></span> 
     </span>
    </p>
   </div>
   <div class='ocr_carea' id='block_1_80' title="bbox 2055 2840 2915 2921">
    <p class='ocr_par' dir='ltr' id='par_1_80' title="bbox 2055 2840 2915 2921">
     <span class='ocr_line' id='line_1_81' title="bbox 2055 2840 2915 2921; baseline -0.014 -16"><span class='ocrx_word' id='word_1_333' title='bbox 2055 2849 2420 2921; x_wconf 79' lang='lat' dir='ltr'><strong>Sangiacatus</strong></span> <span class='ocrx_word' id='word_1_334' title='bbox 2444 2844 2499 2897; x_wconf 90' lang='lat' dir='ltr'><strong>hi</strong></span> <span class='ocrx_word' id='word_1_335' title='bbox 2537 2840 2745 2898; x_wconf 86' lang='lat' dir='ltr'><strong>subditi</strong></span> <span class='ocrx_word' id='word_1_336' title='bbox 2769 2846 2915 2894; x_wconf 86' lang='lat' dir='ltr'><strong>sunt.</strong></span> 
     </span>
    </p>
   </div>
   <div class='ocr_carea' id='block_1_81' title="bbox 2130 2937 2562 3010">
    <p class='ocr_par' dir='ltr' id='par_1_81' title="bbox 2130 2937 2562 3010">
     <span class='ocr_line' id='line_1_82' title="bbox 2130 2937 2562 3010; baseline -0.014 -14"><span class='ocrx_word' id='word_1_337' title='bbox 2130 2943 2179 2996; x_wconf 86' lang='lat'><strong>1.</strong></span> <span class='ocrx_word' id='word_1_338' title='bbox 2213 2937 2562 3010; x_wconf 82' lang='lat' dir='ltr'><strong>Bagnialuca.</strong></span> 
     </span>
    </p>
   </div>
   <div class='ocr_carea' id='block_1_82' title="bbox 2121 3032 2483 3104">
    <p class='ocr_par' dir='ltr' id='par_1_82' title="bbox 2121 3032 2483 3104">
     <span class='ocr_line' id='line_1_83' title="bbox 2121 3032 2483 3104; baseline -0.011 -14"><span class='ocrx_word' id='word_1_339' title='bbox 2121 3035 2180 3090; x_wconf 87' lang='grc'><strong>2.</strong></span> <span class='ocrx_word' id='word_1_340' title='bbox 2218 3032 2483 3104; x_wconf 72' lang='lat' dir='ltr'><strong>Poscheg.</strong></span> 
     </span>
    </p>
   </div>
   <div class='ocr_carea' id='block_1_83' title="bbox 2129 3127 2418 3184">
    <p class='ocr_par' dir='ltr' id='par_1_83' title="bbox 2129 3127 2418 3184">
     <span class='ocr_line' id='line_1_84' title="bbox 2129 3127 2418 3184; baseline -0.007 0"><span class='ocrx_word' id='word_1_341' title='bbox 2129 3127 2186 3184; x_wconf 77' lang='grc'><strong>5.</strong></span> <span class='ocrx_word' id='word_1_342' title='bbox 2216 3127 2418 3184; x_wconf 84' lang='lat' dir='ltr'><strong>Clissa.</strong></span> 
     </span>
    </p>
   </div>
   <div class='ocr_carea' id='block_1_84' title="bbox 2129 3218 2614 3290">
    <p class='ocr_par' dir='ltr' id='par_1_84' title="bbox 2129 3218 2614 3290">
     <span class='ocr_line' id='line_1_85' title="bbox 2129 3218 2614 3290; baseline -0.006 -13"><span class='ocrx_word' id='word_1_343' title='bbox 2129 3222 2185 3277; x_wconf 71' lang='grc'><strong>4.</strong></span> <span class='ocrx_word' id='word_1_344' title='bbox 2221 3218 2614 3290; x_wconf 76' lang='lat' dir='ltr'><strong>llerzogoviua.</strong></span> 
     </span>
    </p>
   </div>
   <div class='ocr_carea' id='block_1_85' title="bbox 2127 3311 2366 3368">
    <p class='ocr_par' dir='ltr' id='par_1_85' title="bbox 2127 3311 2366 3368">
     <span class='ocr_line' id='line_1_86' title="bbox 2127 3311 2366 3368; baseline -0.013 0"><span class='ocrx_word' id='word_1_345' title='bbox 2127 3312 2182 3368; x_wconf 82' lang='lat'><strong>5.</strong></span> <span class='ocrx_word' id='word_1_346' title='bbox 2211 3311 2366 3366; x_wconf 78' lang='lat' dir='ltr'><strong>Lika.</strong></span> 
     </span>
    </p>
   </div>
   <div class='ocr_carea' id='block_1_86' title="bbox 2129 3401 2549 3458">
    <p class='ocr_par' dir='ltr' id='par_1_86' title="bbox 2129 3401 2549 3458">
     <span class='ocr_line' id='line_1_87' title="bbox 2129 3401 2549 3458; baseline -0.012 0"><span class='ocrx_word' id='word_1_347' title='bbox 2129 3403 2184 3458; x_wconf 83' lang='lat'><strong>6.</strong></span> <span class='ocrx_word' id='word_1_348' title='bbox 2215 3401 2447 3456; x_wconf 82' lang='lat' dir='ltr'><strong>Sazesch</strong></span> <span class='ocrx_word' id='word_1_349' title='bbox 2459 3415 2549 3454; x_wconf 85' lang='lat' dir='ltr'><strong>na.</strong></span> 
     </span>
    </p>
   </div>
   <div class='ocr_carea' id='block_1_87' title="bbox 2132 3491 2497 3550">
    <p class='ocr_par' dir='ltr' id='par_1_87' title="bbox 2132 3491 2497 3550">
     <span class='ocr_line' id='line_1_88' title="bbox 2132 3491 2497 3550; baseline 0 -1"><span class='ocrx_word' id='word_1_350' title='bbox 2132 3495 2182 3550; x_wconf 92' lang='lat'><strong>7.</strong></span> <span class='ocrx_word' id='word_1_351' title='bbox 2217 3491 2497 3550; x_wconf 82' lang='lat' dir='ltr'><strong>Iswornik.</strong></span> 
     </span>
    </p>
   </div>
   <div class='ocr_carea' id='block_1_88' title="bbox 2131 3587 2484 3642">
    <p class='ocr_par' dir='ltr' id='par_1_88' title="bbox 2131 3587 2484 3642">
     <span class='ocr_line' id='line_1_89' title="bbox 2131 3587 2484 3642; baseline -0.006 0"><span class='ocrx_word' id='word_1_352' title='bbox 2131 3587 2186 3642; x_wconf 90' lang='lat'><strong>8.</strong></span> <span class='ocrx_word' id='word_1_353' title='bbox 2225 3587 2484 3640; x_wconf 74' lang='lat' dir='ltr'><strong>Brisrem.</strong></span> 
     </span>
    </p>
   </div>
   <div class='ocr_carea' id='block_1_89' title="bbox 2133 3677 2823 3734">
    <p class='ocr_par' dir='ltr' id='par_1_89' title="bbox 2133 3677 2823 3734">
     <span class='ocr_line' id='line_1_90' title="bbox 2133 3677 2823 3734; baseline -0.007 0"><span class='ocrx_word' id='word_1_354' title='bbox 2133 3679 2188 3734; x_wconf 84' lang='lat'><strong>9.</strong></span> <span class='ocrx_word' id='word_1_355' title='bbox 2224 3679 2559 3732; x_wconf 86' lang='lat' dir='ltr'><strong>Allatschiar</strong></span> <span class='ocrx_word' id='word_1_356' title='bbox 2583 3677 2823 3732; x_wconf 88' lang='lat' dir='ltr'><strong>chissar.</strong></span> 
     </span>
    </p>
   </div>
   <div class='ocr_carea' id='block_1_90' title="bbox 2131 3766 3637 3840">
    <p class='ocr_par' dir='ltr' id='par_1_90' title="bbox 2131 3766 3637 3840">
     <span class='ocr_line' id='line_1_91' title="bbox 2131 3766 3637 3840; baseline -0.006 -14"><span class='ocrx_word' id='word_1_357' title='bbox 2131 3771 2222 3828; x_wconf 86' lang='lat' dir='ltr'><strong>Vl.</strong></span> <span class='ocrx_word' id='word_1_358' title='bbox 2256 3769 2404 3825; x_wconf 79' lang='lat' dir='ltr'><strong>Coll‘e</strong></span> <span class='ocrx_word' id='word_1_359' title='bbox 2439 3768 2747 3840; x_wconf 78' lang='lat' dir='ltr'><strong>bcglerheg.</strong></span> <span class='ocrx_word' id='word_1_360' title='bbox 2799 3767 2928 3836; x_wconf 78' lang='lat' dir='ltr'><strong>Ejus</strong></span> <span class='ocrx_word' id='word_1_361' title='bbox 2964 3769 3121 3821; x_wconf 75' lang='lat' dir='ltr'><strong>sedes</strong></span> <span class='ocrx_word' id='word_1_362' title='bbox 3172 3775 3255 3820; x_wconf 90' lang='lat' dir='ltr'><strong>est</strong></span> <span class='ocrx_word' id='word_1_363' title='bbox 3313 3766 3377 3821; x_wconf 85' lang='lat' dir='ltr'><strong>:nl</strong></span> <span class='ocrx_word' id='word_1_364' title='bbox 3449 3766 3637 3820; x_wconf 77' lang='lat' dir='ltr'><strong>urbem</strong></span> 
     </span>
    </p>
   </div>
   <div class='ocr_carea' id='block_1_91' title="bbox 2059 3857 3636 3936">
    <p class='ocr_par' dir='ltr' id='par_1_91' title="bbox 2059 3857 3636 3936">
     <span class='ocr_line' id='line_1_92' title="bbox 2059 3857 3636 3936; baseline -0.005 -16"><span class='ocrx_word' id='word_1_365' title='bbox 2059 3865 2304 3936; x_wconf 87' lang='lat' dir='ltr'><strong>Capham</strong></span> <span class='ocrx_word' id='word_1_366' title='bbox 2340 3863 2393 3916; x_wconf 90' lang='lat' dir='ltr'><strong>in</strong></span> <span class='ocrx_word' id='word_1_367' title='bbox 2424 3859 2658 3916; x_wconf 77' lang='lat' dir='ltr'><strong>Taurica</strong></span> <span class='ocrx_word' id='word_1_368' title='bbox 2683 3862 3046 3915; x_wconf 76' lang='lat' dir='ltr'><strong>Chersoneso.</strong></span> <span class='ocrx_word' id='word_1_369' title='bbox 3097 3857 3460 3930; x_wconf 78' lang='lat' dir='ltr'><strong>Sangiacatus</strong></span> <span class='ocrx_word' id='word_1_370' title='bbox 3495 3860 3636 3912; x_wconf 84' lang='lat' dir='ltr'><strong>duu-</strong></span> 
     </span>
    </p>
   </div>
   <div class='ocr_carea' id='block_1_92' title="bbox 2063 3949 3636 4023">
    <p class='ocr_par' dir='ltr' id='par_1_92' title="bbox 2063 3949 3636 4023">
     <span class='ocr_line' id='line_1_93' title="bbox 2063 3949 3636 4023; baseline -0.001 -16"><span class='ocrx_word' id='word_1_371' title='bbox 2063 3962 2216 4008; x_wconf 76' lang='lat' dir='ltr'><strong>taxat</strong></span> <span class='ocrx_word' id='word_1_372' title='bbox 2270 3962 2387 4007; x_wconf 87' lang='lat' dir='ltr'><strong>erat</strong></span> <span class='ocrx_word' id='word_1_373' title='bbox 2458 3953 2615 4007; x_wconf 90' lang='lat' dir='ltr'><strong>initio</strong></span> <span class='ocrx_word' id='word_1_374' title='bbox 2672 3951 2993 4023; x_wconf 77' lang='lat' dir='ltr'><strong>beglerhego</strong></span> <span class='ocrx_word' id='word_1_375' title='bbox 3049 3949 3273 4005; x_wconf 72' lang='lat' dir='ltr'><strong>Graecia:</strong></span> <span class='ocrx_word' id='word_1_376' title='bbox 3333 3951 3636 4020; x_wconf 83' lang='lat' dir='ltr'><strong>subjectus.</strong></span> 
     </span>
    </p>
   </div>
   <div class='ocr_carea' id='block_1_93' title="bbox 2064 4043 3640 4117">
    <p class='ocr_par' dir='ltr' id='par_1_93' title="bbox 2064 4043 3640 4117">
     <span class='ocr_line' id='line_1_94' title="bbox 2064 4043 3640 4117; baseline 0 -18"><span class='ocrx_word' id='word_1_377' title='bbox 2064 4046 2272 4102; x_wconf 64' lang='lat' dir='ltr'><strong>Prmter</strong></span> <span class='ocrx_word' id='word_1_378' title='bbox 2323 4046 2590 4117; x_wconf 85' lang='lat' dir='ltr'><strong>Capham,</strong></span> <span class='ocrx_word' id='word_1_379' title='bbox 2654 4056 2709 4101; x_wconf 86' lang='lat' dir='ltr'><strong>et</strong></span> <span class='ocrx_word' id='word_1_380' title='bbox 2745 4047 2796 4101; x_wconf 84' lang='lat' dir='ltr'><strong>ei</strong></span> <span class='ocrx_word' id='word_1_381' title='bbox 2853 4045 3032 4100; x_wconf 82' lang='lat' dir='ltr'><strong>vicina</strong></span> <span class='ocrx_word' id='word_1_382' title='bbox 3087 4043 3226 4107; x_wconf 81' lang='lat' dir='ltr'><strong>loca,</strong></span> <span class='ocrx_word' id='word_1_383' title='bbox 3288 4046 3640 4116; x_wconf 74' lang='lat' dir='ltr'><strong>sangiacatus</strong></span> 
     </span>
    </p>
   </div>
   <div class='ocr_carea' id='block_1_94' title="bbox 2066 4136 3644 4208">
    <p class='ocr_par' dir='ltr' id='par_1_94' title="bbox 2066 4136 3644 4208">
     <span class='ocr_line' id='line_1_95' title="bbox 2066 4136 3644 4208; baseline -0.003 -13"><span class='ocrx_word' id='word_1_384' title='bbox 2066 4156 2259 4196; x_wconf 86' lang='lat' dir='ltr'><strong>omnes</strong></span> <span class='ocrx_word' id='word_1_385' title='bbox 2290 4140 2500 4194; x_wconf 87' lang='lat' dir='ltr'><strong>ditione</strong></span> <span class='ocrx_word' id='word_1_386' title='bbox 2526 4155 2624 4194; x_wconf 89' lang='lat' dir='ltr'><strong>sua</strong></span> <span class='ocrx_word' id='word_1_387' title='bbox 2657 4137 3060 4208; x_wconf 86' lang='lat' dir='ltr'><strong>complectitur,</strong></span> <span class='ocrx_word' id='word_1_388' title='bbox 3111 4137 3177 4190; x_wconf 88' lang='lat' dir='ltr'><strong>ad</strong></span> <span class='ocrx_word' id='word_1_389' title='bbox 3211 4136 3437 4190; x_wconf 86' lang='lat' dir='ltr'><strong>Tanaim</strong></span> <span class='ocrx_word' id='word_1_390' title='bbox 3490 4138 3644 4207; x_wconf 86' lang='lat' dir='ltr'><strong>palu-</strong></span> 
     </span>
    </p>
   </div>
   <div class='ocr_carea' id='block_1_95' title="bbox 2067 4231 3641 4304">
    <p class='ocr_par' dir='ltr' id='par_1_95' title="bbox 2067 4231 3641 4304">
     <span class='ocr_line' id='line_1_96' title="bbox 2067 4231 3641 4304; baseline -0.002 -16"><span class='ocrx_word' id='word_1_391' title='bbox 2067 4235 2298 4304; x_wconf 89' lang='lat' dir='ltr'><strong>demque</strong></span> <span class='ocrx_word' id='word_1_392' title='bbox 2326 4235 2628 4290; x_wconf 62' lang='lat' dir='ltr'><strong>Mwotidem</strong></span> <span class='ocrx_word' id='word_1_393' title='bbox 2655 4235 2814 4288; x_wconf 87' lang='lat' dir='ltr'><strong>sitos.</strong></span> <span class='ocrx_word' id='word_1_394' title='bbox 2844 4231 2951 4287; x_wconf 83' lang='lat' dir='ltr'><strong>Sed</strong></span> <span class='ocrx_word' id='word_1_395' title='bbox 2981 4247 3162 4287; x_wconf 77' lang='lat' dir='ltr'><strong>verum</strong></span> <span class='ocrx_word' id='word_1_396' title='bbox 3192 4232 3236 4285; x_wconf 92' lang='lat' dir='ltr'><strong>si</strong></span> <span class='ocrx_word' id='word_1_397' title='bbox 3268 4231 3424 4284; x_wconf 76' lang='lat' dir='ltr'><strong>fateri</strong></span> <span class='ocrx_word' id='word_1_398' title='bbox 3489 4231 3641 4285; x_wconf 89' lang='lat' dir='ltr'><strong>volu-</strong></span> 
     </span>
    </p>
   </div>
   <div class='ocr_carea' id='block_1_96' title="bbox 2069 4325 3644 4395">
    <p class='ocr_par' dir='ltr' id='par_1_96' title="bbox 2069 4325 3644 4395">
     <span class='ocr_line' id='line_1_97' title="bbox 2069 4325 3644 4395; baseline -0.001 -15"><span class='ocrx_word' id='word_1_399' title='bbox 2069 4342 2192 4382; x_wconf 87' lang='lat' dir='ltr'><strong>mus</strong></span> <span class='ocrx_word' id='word_1_400' title='bbox 2233 4325 2536 4395; x_wconf 76' lang='lat' dir='ltr'><strong>heglerbegi</strong></span> <span class='ocrx_word' id='word_1_401' title='bbox 2568 4339 2766 4379; x_wconf 87' lang='lat' dir='ltr'><strong>nomen</strong></span> <span class='ocrx_word' id='word_1_402' title='bbox 2809 4325 2990 4395; x_wconf 86' lang='lat' dir='ltr'><strong>potius</strong></span> <span class='ocrx_word' id='word_1_403' title='bbox 3041 4327 3219 4387; x_wconf 85' lang='lat' dir='ltr'><strong>titulo,</strong></span> <span class='ocrx_word' id='word_1_404' title='bbox 3275 4339 3439 4394; x_wconf 89' lang='lat' dir='ltr'><strong>quam</strong></span> <span class='ocrx_word' id='word_1_405' title='bbox 3493 4337 3644 4394; x_wconf 86' lang='lat' dir='ltr'><strong>pote-</strong></span> 
     </span>
    </p>
   </div>
   <div class='ocr_carea' id='block_1_97' title="bbox 2068 4417 2824 4486">
    <p class='ocr_par' dir='ltr' id='par_1_97' title="bbox 2068 4417 2824 4486">
     <span class='ocr_line' id='line_1_98' title="bbox 2068 4417 2824 4486; baseline -0.011 -10"><span class='ocrx_word' id='word_1_406' title='bbox 2068 4419 2228 4476; x_wconf 79' lang='lat' dir='ltr'><strong>Statis</strong></span> <span class='ocrx_word' id='word_1_407' title='bbox 2256 4417 2606 4486; x_wconf 87' lang='lat' dir='ltr'><strong>amplitudine</strong></span> <span class='ocrx_word' id='word_1_408' title='bbox 2623 4426 2824 4471; x_wconf 90' lang='lat' dir='ltr'><strong>tuetur.</strong></span> 
     </span>
    </p>
   </div>
   <div class='ocr_carea' id='block_1_98' title="bbox 2141 4508 3640 4582">
    <p class='ocr_par' dir='ltr' id='par_1_98' title="bbox 2141 4508 3640 4582">
     <span class='ocr_line' id='line_1_99' title="bbox 2141 4508 3640 4582; baseline -0.006 -13"><span class='ocrx_word' id='word_1_409' title='bbox 2141 4510 2305 4582; x_wconf 82' lang='lat'><strong>506</strong></span> <span class='ocrx_word' id='word_1_410' title='bbox 2342 4511 2467 4565; x_wconf 65' lang='lat' dir='ltr'><strong>Haec</strong></span> <span class='ocrx_word' id='word_1_411' title='bbox 2498 4519 2641 4565; x_wconf 87' lang='lat' dir='ltr'><strong>meta</strong></span> <span class='ocrx_word' id='word_1_412' title='bbox 2675 4508 2826 4579; x_wconf 73' lang='lat' dir='ltr'><strong>regni</strong></span> <span class='ocrx_word' id='word_1_413' title='bbox 2857 4508 3094 4572; x_wconf 85' lang='lat' dir='ltr'><strong>barbari,</strong></span> <span class='ocrx_word' id='word_1_414' title='bbox 3150 4508 3434 4578; x_wconf 85' lang='lat' dir='ltr'><strong>nostrique</strong></span> <span class='ocrx_word' id='word_1_415' title='bbox 3490 4508 3640 4562; x_wconf 84' lang='lat' dir='ltr'><strong>labo-</strong></span> 
     </span>
    </p>
   </div>
   <div class='ocr_carea' id='block_1_99' title="bbox 1997 4581 3646 4674">
    <p class='ocr_par' dir='ltr' id='par_1_99' title="bbox 1997 4581 3646 4674">
     <span class='ocr_line' id='line_1_100' title="bbox 1997 4581 3646 4674; baseline 0.001 -16"><span class='ocrx_word' id='word_1_416' title='bbox 1997 4581 2047 4640; x_wconf 76' lang='grc' dir='ltr'><strong>θ</strong></span> <span class='ocrx_word' id='word_1_417' title='bbox 2077 4605 2152 4658; x_wconf 91' lang='lat' dir='ltr'><strong>ris</strong></span> <span class='ocrx_word' id='word_1_418' title='bbox 2180 4615 2321 4667; x_wconf 88' lang='lat' dir='ltr'><strong>esto,</strong></span> <span class='ocrx_word' id='word_1_419' title='bbox 2343 4619 2505 4674; x_wconf 89' lang='lat' dir='ltr'><strong>quam</strong></span> <span class='ocrx_word' id='word_1_420' title='bbox 2537 4603 2631 4658; x_wconf 73' lang='lat' dir='ltr'><strong>llei</strong></span> <span class='ocrx_word' id='word_1_421' title='bbox 2663 4603 2881 4672; x_wconf 73' lang='lat' dir='ltr'><strong>propitii</strong></span> <span class='ocrx_word' id='word_1_422' title='bbox 2935 4610 3069 4655; x_wconf 93' lang='lat' dir='ltr'><strong>nutu</strong></span> <span class='ocrx_word' id='word_1_423' title='bbox 3105 4601 3339 4654; x_wconf 78' lang='lat' dir='ltr'><strong>feliciter</strong></span> <span class='ocrx_word' id='word_1_424' title='bbox 3397 4603 3646 4671; x_wconf 75' lang='lat' dir='ltr'><strong>attigisse</strong></span> 
     </span>
    </p>
   </div>
   <div class='ocr_carea' id='block_1_100' title="bbox 2076 4694 3641 4767">
    <p class='ocr_par' dir='ltr' id='par_1_100' title="bbox 2076 4694 3641 4767">
     <span class='ocr_line' id='line_1_101' title="bbox 2076 4694 3641 4767; baseline 0.001 -19"><span class='ocrx_word' id='word_1_425' title='bbox 2076 4696 2414 4767; x_wconf 80' lang='lat' dir='ltr'><strong>gaudemus:</strong></span> <span class='ocrx_word' id='word_1_426' title='bbox 2442 4705 2498 4749; x_wconf 86' lang='lat' dir='ltr'><strong>et</strong></span> <span class='ocrx_word' id='word_1_427' title='bbox 2525 4694 2778 4750; x_wconf 81' lang='lat' dir='ltr'><strong>eumdem</strong></span> <span class='ocrx_word' id='word_1_428' title='bbox 2807 4694 3126 4763; x_wconf 85' lang='lat' dir='ltr'><strong>suppliciter</strong></span> <span class='ocrx_word' id='word_1_429' title='bbox 3145 4709 3390 4757; x_wconf 82' lang='lat' dir='ltr'><strong>oramus,</strong></span> <span class='ocrx_word' id='word_1_430' title='bbox 3421 4698 3641 4750; x_wconf 81' lang='lat' dir='ltr'><strong>tandem</strong></span> 
     </span>
    </p>
   </div>
   <div class='ocr_carea' id='block_1_101' title="bbox 2079 4787 3644 4860">
    <p class='ocr_par' dir='ltr' id='par_1_101' title="bbox 2079 4787 3644 4860">
     <span class='ocr_line' id='line_1_102' title="bbox 2079 4787 3644 4860; baseline 0.001 -15"><span class='ocrx_word' id='word_1_431' title='bbox 2079 4800 2136 4845; x_wconf 90' lang='lat' dir='ltr'><strong>ut</strong></span> <span class='ocrx_word' id='word_1_432' title='bbox 2174 4790 2395 4844; x_wconf 86' lang='lat' dir='ltr'><strong>abolere</strong></span> <span class='ocrx_word' id='word_1_433' title='bbox 2450 4787 2858 4858; x_wconf 80' lang='lat' dir='ltr'><strong>sanguinariam</strong></span> <span class='ocrx_word' id='word_1_434' title='bbox 2915 4797 2970 4842; x_wconf 91' lang='lat' dir='ltr'><strong>et</strong></span> <span class='ocrx_word' id='word_1_435' title='bbox 3026 4787 3247 4856; x_wconf 89' lang='lat' dir='ltr'><strong>impiam</strong></span> <span class='ocrx_word' id='word_1_436' title='bbox 3302 4792 3644 4860; x_wconf 82' lang='lat' dir='ltr'><strong>tyrannidem</strong></span> 
     </span>
    </p>
   </div>
   <div class='ocr_carea' id='block_1_102' title="bbox 2077 4881 3650 4954">
    <p class='ocr_par' dir='ltr' id='par_1_102' title="bbox 2077 4881 3650 4954">
     <span class='ocr_line' id='line_1_103' title="bbox 2077 4881 3650 4954; baseline 0.001 -19"><span class='ocrx_word' id='word_1_437' title='bbox 2077 4883 2226 4948; x_wconf 83' lang='lat' dir='ltr'><strong>velit,</strong></span> <span class='ocrx_word' id='word_1_438' title='bbox 2255 4897 2318 4937; x_wconf 85' lang='lat' dir='ltr'><strong>ac</strong></span> <span class='ocrx_word' id='word_1_439' title='bbox 2347 4883 2546 4938; x_wconf 83' lang='lat' dir='ltr'><strong>veteris</strong></span> <span class='ocrx_word' id='word_1_440' title='bbox 2571 4882 2778 4936; x_wconf 90' lang='lat' dir='ltr'><strong>oraculi</strong></span> <span class='ocrx_word' id='word_1_441' title='bbox 2813 4881 3098 4936; x_wconf 89' lang='lat' dir='ltr'><strong>veritatem</strong></span> <span class='ocrx_word' id='word_1_442' title='bbox 3133 4895 3332 4937; x_wconf 72' lang='lat' dir='ltr'><strong>eventu</strong></span> <span class='ocrx_word' id='word_1_443' title='bbox 3399 4900 3650 4954; x_wconf 82' lang='lat' dir='ltr'><strong>compro-</strong></span> 
     </span>
    </p>
   </div>
   <div class='ocr_carea' id='block_1_103' title="bbox 2078 4973 3654 5044">
    <p class='ocr_par' dir='ltr' id='par_1_103' title="bbox 2078 4973 3654 5044">
     <span class='ocr_line' id='line_1_104' title="bbox 2078 4973 3654 5044; baseline 0 -15"><span class='ocrx_word' id='word_1_444' title='bbox 2078 4974 2244 5039; x_wconf 85' lang='lat' dir='ltr'><strong>bare;</strong></span> <span class='ocrx_word' id='word_1_445' title='bbox 2274 4989 2384 5044; x_wconf 87' lang='lat' dir='ltr'><strong>quo</strong></span> <span class='ocrx_word' id='word_1_446' title='bbox 2407 4973 2672 5029; x_wconf 89' lang='lat' dir='ltr'><strong>creditum</strong></span> <span class='ocrx_word' id='word_1_447' title='bbox 2698 4973 2946 5040; x_wconf 82' lang='lat' dir='ltr'><strong>pluribus</strong></span> <span class='ocrx_word' id='word_1_448' title='bbox 3001 4990 3030 5026; x_wconf 89' lang='lat' dir='ltr'><strong>a</strong></span> <span class='ocrx_word' id='word_1_449' title='bbox 3083 4975 3325 5040; x_wconf 75' lang='lat' dir='ltr'><strong>sa-culis,</strong></span> <span class='ocrx_word' id='word_1_450' title='bbox 3373 4974 3654 5030; x_wconf 83' lang='lat' dir='ltr'><strong>Coranum</strong></span> 
     </span>
    </p>
   </div>
   <div class='ocr_carea' id='block_1_104' title="bbox 2080 5063 3652 5138">
    <p class='ocr_par' dir='ltr' id='par_1_104' title="bbox 2080 5063 3652 5138">
     <span class='ocr_line' id='line_1_105' title="bbox 2080 5063 3652 5138; baseline 0 -18"><span class='ocrx_word' id='word_1_451' title='bbox 2080 5067 2323 5136; x_wconf 80' lang='lat' dir='ltr'><strong>legemve</strong></span> <span class='ocrx_word' id='word_1_452' title='bbox 2359 5066 2688 5121; x_wconf 86' lang='lat' dir='ltr'><strong>Mahumetis</strong></span> <span class='ocrx_word' id='word_1_453' title='bbox 2711 5063 2890 5134; x_wconf 78' lang='lat' dir='ltr'><strong>gladio</strong></span> <span class='ocrx_word' id='word_1_454' title='bbox 2921 5073 3162 5136; x_wconf 88' lang='lat' dir='ltr'><strong>ceptam,</strong></span> <span class='ocrx_word' id='word_1_455' title='bbox 3219 5067 3399 5138; x_wconf 74' lang='lat' dir='ltr'><strong>gladio</strong></span> <span class='ocrx_word' id='word_1_456' title='bbox 3453 5083 3652 5136; x_wconf 88' lang='lat' dir='ltr'><strong>propa-</strong></span> 
     </span>
    </p>
   </div>
   <div class='ocr_carea' id='block_1_105' title="bbox 2084 5159 3655 5230">
    <p class='ocr_par' dir='ltr' id='par_1_105' title="bbox 2084 5159 3655 5230">
     <span class='ocr_line' id='line_1_106' title="bbox 2084 5159 3655 5230; baseline -0.001 -17"><span class='ocrx_word' id='word_1_457' title='bbox 2084 5169 2286 5229; x_wconf 76' lang='lat' dir='ltr'><strong>gatam,</strong></span> <span class='ocrx_word' id='word_1_458' title='bbox 2310 5159 2489 5230; x_wconf 77' lang='lat' dir='ltr'><strong>gladio</strong></span> <span class='ocrx_word' id='word_1_459' title='bbox 2514 5159 2752 5229; x_wconf 87' lang='lat' dir='ltr'><strong>denique</strong></span> <span class='ocrx_word' id='word_1_460' title='bbox 2809 5159 3207 5214; x_wconf 85' lang='lat' dir='ltr'><strong>terminandam</strong></span> <span class='ocrx_word' id='word_1_461' title='bbox 3235 5179 3247 5214; x_wconf 91' lang='lat'><strong>:</strong></span> <span class='ocrx_word' id='word_1_462' title='bbox 3282 5170 3338 5214; x_wconf 92' lang='lat' dir='ltr'><strong>ut</strong></span> <span class='ocrx_word' id='word_1_463' title='bbox 3390 5159 3655 5229; x_wconf 82' lang='lat' dir='ltr'><strong>obstupe-</strong></span> 
     </span>
    </p>
   </div>
   <div class='ocr_carea' id='block_1_106' title="bbox 2087 5249 3660 5320">
    <p class='ocr_par' dir='ltr' id='par_1_106' title="bbox 2087 5249 3660 5320">
     <span class='ocr_line' id='line_1_107' title="bbox 2087 5249 3660 5320; baseline -0.001 -14"><span class='ocrx_word' id='word_1_464' title='bbox 2087 5266 2249 5306; x_wconf 84' lang='lat' dir='ltr'><strong>scens</strong></span> <span class='ocrx_word' id='word_1_465' title='bbox 2281 5251 2347 5304; x_wconf 90' lang='lat' dir='ltr'><strong>ad</strong></span> <span class='ocrx_word' id='word_1_466' title='bbox 2380 5250 2562 5320; x_wconf 90' lang='lat' dir='ltr'><strong>operis</strong></span> <span class='ocrx_word' id='word_1_467' title='bbox 2583 5249 2754 5304; x_wconf 82' lang='lat' dir='ltr'><strong>divini</strong></span> <span class='ocrx_word' id='word_1_468' title='bbox 2783 5251 3250 5320; x_wconf 74' lang='lat' dir='ltr'><strong>magnitudinem,</strong></span> <span class='ocrx_word' id='word_1_469' title='bbox 3273 5262 3328 5306; x_wconf 91' lang='lat' dir='ltr'><strong>et</strong></span> <span class='ocrx_word' id='word_1_470' title='bbox 3354 5249 3567 5304; x_wconf 76' lang='lat' dir='ltr'><strong>eﬂusus</strong></span> <span class='ocrx_word' id='word_1_471' title='bbox 3600 5250 3660 5305; x_wconf 85' lang='lat' dir='ltr'><strong>in</strong></span> 
     </span>
    </p>
   </div>
   <div class='ocr_carea' id='block_1_107' title="bbox 2089 5344 3109 5417">
    <p class='ocr_par' dir='ltr' id='par_1_107' title="bbox 2089 5344 3109 5417">
     <span class='ocr_line' id='line_1_108' title="bbox 2089 5344 3109 5417; baseline -0.002 -17"><span class='ocrx_word' id='word_1_472' title='bbox 2089 5347 2320 5417; x_wconf 84' lang='lat' dir='ltr'><strong>hymnos</strong></span> <span class='ocrx_word' id='word_1_473' title='bbox 2349 5345 2462 5402; x_wconf 84' lang='lat' dir='ltr'><strong>oris</strong></span> <span class='ocrx_word' id='word_1_474' title='bbox 2485 5344 2835 5410; x_wconf 81' lang='lat' dir='ltr'><strong>buniversus,</strong></span> <span class='ocrx_word' id='word_1_475' title='bbox 2858 5344 3070 5400; x_wconf 86' lang='lat' dir='ltr'><strong>accinat</strong></span> <span class='ocrx_word' id='word_1_476' title='bbox 3090 5359 3109 5398; x_wconf 86' lang='lat'><strong>:</strong></span> 
     </span>
    </p>
   </div>
   <div class='ocr_carea' id='block_1_108' title="bbox 1434 5499 2612 5545">
    <p class='ocr_par' dir='ltr' id='par_1_108' title="bbox 1434 5499 2612 5545">
     <span class='ocr_line' id='line_1_109' title="bbox 1434 5499 2612 5545; baseline -0.006 0"><span class='ocrx_word' id='word_1_477' title='bbox 1434 5505 1733 5545; x_wconf 71' lang='grc' dir='ltr'><strong>ικιοιιτλιι</strong></span> <span class='ocrx_word' id='word_1_478' title='bbox 1763 5503 1832 5541; x_wconf 79' lang='grc' dir='ltr'><strong>ΕΤ</strong></span> <span class='ocrx_word' id='word_1_479' title='bbox 1863 5503 2071 5542; x_wconf 60' lang='grc' dir='ltr'><strong>οντωιο</strong></span> <span class='ocrx_word' id='word_1_480' title='bbox 2096 5502 2318 5542; x_wconf 66' lang='lat' dir='ltr'><strong>IAXUIIO</strong></span> <span class='ocrx_word' id='word_1_481' title='bbox 2353 5499 2456 5540; x_wconf 80' lang='grc' dir='ltr'><strong>ἰ)εο</strong></span> <span class='ocrx_word' id='word_1_482' title='bbox 2495 5499 2612 5539; x_wconf 78' lang='lat' dir='ltr'><strong>SOLI</strong></span> 
     </span>
    </p>
   </div>
   <div class='ocr_carea' id='block_1_109' title="bbox 1292 5593 2744 5646">
    <p class='ocr_par' dir='ltr' id='par_1_109' title="bbox 1292 5593 2744 5646">
     <span class='ocr_line' id='line_1_110' title="bbox 1292 5593 2744 5646; baseline -0.007 -2"><span class='ocrx_word' id='word_1_483' title='bbox 1292 5601 1460 5644; x_wconf 71' lang='grc' dir='ltr'><strong>110Νο5</strong></span> <span class='ocrx_word' id='word_1_484' title='bbox 1486 5600 1645 5640; x_wconf 63' lang='lat' dir='ltr'><strong>OMNIS</strong></span> <span class='ocrx_word' id='word_1_485' title='bbox 1675 5599 1752 5646; x_wconf 62' lang='grc' dir='ltr'><strong>ΞΤ</strong></span> <span class='ocrx_word' id='word_1_486' title='bbox 1795 5597 1952 5637; x_wconf 69' lang='grc' dir='ltr'><strong>οηΜς</strong></span> <span class='ocrx_word' id='word_1_487' title='bbox 1975 5596 2167 5636; x_wconf 67' lang='grc' dir='ltr'><strong>ῡιοιιιλ</strong></span> <span class='ocrx_word' id='word_1_488' title='bbox 2209 5595 2439 5635; x_wconf 58' lang='grc' dir='ltr'><strong>ελεευως</strong></span> <span class='ocrx_word' id='word_1_489' title='bbox 2471 5593 2744 5638; x_wconf 74' lang='lat' dir='ltr'><strong>INFINIIIS.</strong></span> 
     </span>
    </p>
   </div>
   <div class='ocr_carea' id='block_1_110' title="bbox 2013 5773 2102 5786">
    <p class='ocr_par' dir='ltr' id='par_1_110' title="bbox 2013 5773 2102 5786">
     <span class='ocr_line' id='line_1_111' title="bbox 2013 5773 2102 5786; baseline 0 0"><span class='ocrx_word' id='word_1_490' title='bbox 2013 5773 2102 5786; x_wconf 56' lang='grc' dir='ltr'><strong>ιη’-ι.</strong></span> 
     </span>
    </p>
   </div>
  </div>
