4028 6404
325 362 430 425 925

1001 368 1399 432 LEONARDI
1445 337 1814 432 CliIENSlS
1857 375 1951 433 DE
1987 374 2598 436 EXI’UGNA'i'lONE
2639 374 2921 438 CPOLiS.

3497 375 3604 438 9'26

314 476 492 532 oculis
509 475 807 532 discrimen
836 476 1093 554 ultimum
1127 483 1497 552 etjacturam.
1527 482 1637 538 Nec
1684 485 1898 550 dubito,
1939 491 1977 544 Α
2008 501 2177 553 quam
2214 487 2267 541 in
2301 489 2418 542 dies
2441 490 2928 558 exspectabamus,
2963 489 3106 544 inter
3135 503 3286 558 spent
3323 499 3373 544 et
3400 491 3601 562 despe-

319 572 477 624 l‘ater
518 579 747 636 sancte,
797 574 1148 638 praecessisse
1209 593 1297 631 me
1354 580 1598 644 multos,
1656 579 1750 648 qui
1827 580 1903 634 rei

315 655 486 733 gestm
518 662 714 718 seriem
757 663 886 718 Tum.
945 665 1239 723 Sanctitati
1286 672 1632 728 retulerunt.
1681 672 1909 728 Confert

314 753 464 809 enim
503 755 802 810 mttltorum
839 755 890 810 in
917 773 1083 811 unum
1113 759 1330 815 relatio.
1357 759 1464 815 Sed
1495 763 1755 832 quoniam
1784 780 1908 832 qua:

316 850 438 904 visu
488 849 664 918 magis
695 865 860 920 quam
901 866 1023 921 quae
1057 853 1274 918 auditu,
1311 855 1498 910 verius
1524 866 1904 925 exponuntur,

313 940 462 1010 quod
493 940 612 995 scio
636 941 833 1009 loquar
858 949 941 996 :et
961 943 1106 1012 quod
1129 943 1236 998 vidi
1262 987 1275 1007 ,
1301 945 1517 1002 ﬁdelius
1533 948 1905 1002 contestabor.

383 1028 522 1104 Cum
590 1017 782 1101 igitur
823 1031 1330 1091 reverendissimus
1405 1037 1568 1090 Pater
1631 1037 1909 1098 D.cardi-

313 1120 461 1185 nalis
500 1119 824 1206 Sahinensis
857 1138 956 1192 pro
985 1125 1211 1196 natione
1239 1125 1554 1182 Graecorum
1593 1128 1826 1199 legatus,
1851 1130 1906 1184 in

317 1213 441 1282 ejus
484 1209 805 1298 famulatum
841 1231 926 1270 me
966 1231 1032 1271 ex
1080 1217 1220 1272 Chio
1253 1227 1524 1285 vocasset,
1558 1234 1660 1290 ego
1691 1236 1906 1276 summa

315 1325 445 1364 cum
485 1310 654 1392 animi
690 1310 796 1365 mei
837 1311 1144 1381 diligentia,
1178 1324 1241 1368 ut
1272 1313 1434 1369 ﬁdem
1461 1322 1668 1370 sancta:
1701 1316 1908 1382 Roma-

319 1418 403 1457 nae
443 1401 710 1458 Ecclesim
750 1403 970 1461 fortiter
1005 1413 1436 1476 constanterque
1461 1447 1477 1468 .
1522 1408 1599 1462 uti
1659 1408 1906 1464 debitum

316 1496 511 1567 exigit,
556 1483 904 1552 defensarem
930 1537 946 1563 ,
983 1499 1273 1569 captabam
1307 1498 1538 1568 perinde
1565 1509 1620 1555 et
1651 1515 1834 1556 mores
1855 1512 1910 1555 et

319 1598 573 1644 naturam
606 1589 924 1645 Graecorum
950 1633 965 1656 ,
1001 1593 1457 1662 argnmentisqne
1486 1607 1552 1646 ac
1582 1602 1906 1648 sanctorum

320 1683 702 1754 theologorum
726 1684 890 1738 dictis
911 1685 1148 1740 conabar
1167 1685 1495 1756 intelligere,
1515 1685 1793 1754 quodnam
1817 1701 1909 1742 eo-

316 1791 441 1830 rum
471 1784 618 1831 esset
669 1774 953 1844 studium;
989 1777 1137 1848 quod
1185 1778 1553 1849 propositum,
1586 1793 1708 1848 qua
1740 1780 1907 1834 ratio-

320 1886 440 1949 nes,
470 1871 597 1940 quis
644 1871 770 1927 linis
804 1887 900 1927 eos
933 1888 972 1954 ιι
995 1887 1125 1927 vera
1161 1871 1528 1944 intelligentia
1555 1912 1572 1938 ,
1606 1874 1903 1945 debitaque

316 1963 632 2018 ohedientia
671 1965 755 2019 vel
804 1973 1120 2029 revocaret,
1150 1965 1237 2021 vel
1286 1968 1618 2022 retraheret.
1648 1967 1902 2023 Intellexi

318 2058 501 2132 plane,
548 2065 749 2126 praeter
821 2057 1214 2130 Argyropilum
1277 2061 1483 2122 artium
1561 2059 1901 2130 magistrum,

318 2149 684 2232 Theophilum
715 2150 1106 2223 Palaeologum,
1130 2152 1714 2225 Hieromonachosque
1739 2170 1907 2224 quos-

319 2243 445 2297 dam
478 2258 706 2320 paueos,
735 2253 791 2299 et
820 2245 959 2300 alios
989 2245 1162 2318 laicos
1187 2261 1204 2311 ;
1237 2247 1384 2316 quod
1422 2247 1654 2306 ambitio
1680 2247 1905 2304 Graecos

320 2338 474 2406 quasi
492 2352 684 2392 omnes
705 2340 1066 2410 captivasset:
1095 2347 1156 2396 ut
1177 2355 1337 2404 nemo
1365 2351 1515 2398 esset
1545 2343 1664 2412 qui,
1692 2343 1812 2399 zelo
1840 2343 1904 2398 il»

320 2431 409 2486 dei
461 2429 543 2484 vel
570 2431 766 2486 salutis
813 2447 928 2494 suae
982 2443 1187 2498 morus,
1230 2433 1444 2501 primus
1476 2433 1757 2490 videretur
1787 2433 1904 2491 ﬁeri

320 2527 462 2582 velle
516 2544 632 2584 suae
692 2528 973 2599 Opinionis
1029 2538 1086 2586 et
1141 2531 1459 2600 pertinaciae
1531 2538 1903 2600 contemptor.

319 2621 479 2686 Quod
510 2635 644 2675 sane
693 2621 738 2678 si
799 2637 907 2675 non
967 2631 1076 2676 tam
1125 2638 1191 2678 ex
1246 2623 1369 2680 zelo
1415 2622 1563 2685 ﬁdei,
1610 2633 1664 2680 et
1716 2637 1905 2678 amore

320 2711 652 2768 Christiana:
704 2713 1020 2783 religionis,
1059 2729 1224 2784 quam
1272 2730 1337 2770 ex
1385 2714 1636 2774 all'ectata
1665 2713 1902 2783 quadam

323 2805 512 2875 gloriae
565 2805 819 2860 humanas
857 2806 1160 2876 cupiditate
1208 2806 1498 2871 iecissent,
1548 2822 1907 2882 summopere

324 2898 428 2952 hoc
486 2897 708 2962 nomine
787 2897 1209 2965 commendandi
1284 2907 1494 2960 essent.
1549 2898 1905 2967 ipsorumque

324 2989 505 3045 fervor
557 2991 820 3045 omnibus
854 2991 947 3060 qui
983 2989 1210 3046 Christo
1267 3005 1467 3046 nomen
1509 2990 1802 3050 dederunt.
1852 2999 1906 3045 et

321 3081 676 3156 admirationi
718 3091 773 3138 et
805 3082 1100 3138 imitationi
1143 3082 1342 3144 merito
1373 3096 1500 3142 esse
1525 3082 1769 3148 deberet.
1803 3081 1906 3138 Ve-

2013 578 2280 631 rationem
2328 580 2662 635 constitutos
2695 595 2822 636 esse
2844 621 2860 636 .
2899 579 3036 650 Spes
3066 579 3134 634 de
3165 590 3260 634 tuo
3283 593 3598 652 exspectato

2011 671 2266 726 subsidio
2297 673 2464 726 dabat
2505 672 2798 736 ﬁduciam;
2835 674 3001 727 timor
3031 673 3101 728 de
3134 673 3453 729 Cra-corum
3486 691 3608 746 per-

2013 763 2213 818 tinacia
2242 763 2686 836 desperationem
2723 767 3079 834 suggerebat.
3120 765 3238 820 Heu
3268 767 3283 822 !
3324 783 3447 836 quae
3479 783 3606 837 spes

2011 856 2076 923 in,
2100 859 2303 932 populo
2333 859 2477 914 duro
2529 861 2681 928 gravi
2707 861 3021 930 iniquitate,
3048 860 3142 929 qui
3179 860 3452 914 tot"annis
3483 861 3606 914 sine

2011 951 2122 1020 vita
2183 953 2464 1020 spirituali
2528 953 2817 1008 abscissus
2881 969 2912 1005 a
2972 953 3154 1021 capite
3202 953 3604 1021 permanebat!

2011 1045 2303 1113 Quomodo
2352 1062 2458 1100 non
2514 1046 2816 1115 desperati,
2872 1048 3150 1115 quomodo
3198 1061 3307 1099 non
3342 1046 3601 1115 alijcctia

2013 1137 2143 1198 Deo,
2165 1138 2262 1206 qui
2277 1137 2450 1192 tantis
2470 1137 3043 1198 dissimilitudinibus.
3065 1138 3236 1191 tantis
3260 1135 3602 1197 ﬁctionibus,

2017 1227 2307 1296 tantisque
2339 1228 2632 1294 scissuris,
2675 1229 2746 1283 ab
2777 1227 3028 1284 Ecclesia
3061 1229 3299 1300 elongati
3329 1227 3601 1284 nornana.

2011 1322 2066 1377 in
2098 1322 2282 1378 cordis
2313 1321 2528 1376 duritia
2563 1329 3020 1392 permanserunt.
3046 1320 3260 1377 Etenim
3288 1322 3399 1390 jam
3427 1321 3605 1389 capti-

2012 1415 2122 1468 vati
2143 1455 2158 1478 ,
2207 1416 2365 1479 urbe,
2416 1415 2659 1482 templis,
2686 1429 2847 1475 auro,
2875 1415 3200 1482 laribusque
3233 1412 3512 1483 propulsi,
3545 1415 3606 1465 in

2013 1508 2242 1566 Latinos
2288 1517 2615 1579 retorquent
2670 1507 2966 1567 offensam,
2993 1515 3380 1561 asseverantes
3408 1523 3421 1560 :
3451 1506 3602 1570 Quo-

2011 1605 2158 1660 niam
2185 1606 2442 1661 unionem
2468 1603 2799 1674 (inquiunt),
2832 1602 3089 1668 fecinms,
3121 1615 3449 1671 summoque
3469 1615 3600 1668 poti-

2012 1698 2147 1752 titlci
2179 1697 2430 1752 Romano
2464 1695 3060 1752 commemorationem
3102 1692 3378 1755 dedimus,
3409 1693 3610 1746 merito

2018 1792 2365 1861 indignatum
2398 1789 2568 1844 Deum
2603 1804 2753 1845 esse.

2079 1885 2126 1941 0
2160 1885 2468 1954 pertinaces
2496 1884 2784 1940 homines!
2809 1883 3022 1953 inqnio.
3050 1881 3105 1937 Si
3128 1880 3332 1936 malum
3367 1881 3473 1936 hoc
3493 1890 3604 1943 est,

2008 1975 2180 2045 prisci
2209 1974 2289 2029 illi
2321 1973 2581 2038 Basilius,
2609 1973 2975 2034 Athanasius,
3009 1971 3270 2042 Cyrillns,
3303 1970 3600 2038 cmteriqm:

2013 2067 2230 2131 Patres,
2254 2081 2397 2136 quos
2433 2067 2717 2137 praecipuo
2765 2063 3076 2120 sanctitatis
3123 2065 3331 2118 honore
3381 2063 3605 2130 prznl'er—

2006 2158 2100 2222 tis,
2135 2158 2264 2212 mali
2288 2159 2554 2213 censendi
2587 2165 2738 2222 sunt,
2773 2157 2919 2226 quod
2955 2164 3203 2212 sanctam
3244 2170 3405 2209 unam
3449 2170 3600 2210 eam-

2010 2251 2244 2321 demque
2309 2252 2468 2305 lldem
2546 2255 2673 2304 cum
2725 2249 2968 2304 Romana
3021 2249 3285 2314 Ecclesia,
3352 2246 3598 2300 omnium

2005 2343 2451 2400 Christianorum
2541 2343 2832 2410 magistra,
2926 2343 3242 2395 coluerunt.
3306 2339 3428 2393 Non
3488 2338 3605 2391 haec

2007 2448 2176 2490 causa
2206 2443 2312 2498 est,
2355 2435 2502 2505 quod
2541 2435 2827 2495 unionem,
2857 2433 2950 2487 sed
2983 2430 3131 2502 quod
3173 2432 3435 2486 unionem
3491 2446 3604 2484 non

2008 2542 2218 2594 veram,
2251 2529 2348 2585 sed
2393 2528 2580 2582 [ictam
2638 2526 2874 2582 fecistis.
2915 2523 3030 2580 llac
3062 2526 3132 2580 de
3171 2539 3231 2578 re
3283 2523 3482 2577 merito
3517 2522 3604 2575 in-

2009 2627 2300 2695 dignatum
2335 2620 2504 2675 Deum
2535 2635 2550 2674 :
2605 2617 2710 2672 hac
2733 2617 2803 2671 de
2835 2631 2893 2671 re
2915 2616 3062 2682 insta
3120 2612 3611 2668 animadversione

2008 2719 2062 2771 in
2112 2715 2355 2770 hostium
2414 2715 2616 2768 manus
2687 2722 2789 2764 vos
2869 2724 2993 2764 esse
3053 2708 3339 2762 deductos.
3409 2704 3603 2758 Annon

2008 2809 2364 2880 sponsionem
2423 2806 2494 2858 de
2551 2803 2781 2864 unione.
2856 2809 3051 2854 sancto
3093 2799 3412 2868 jnramento
3461 2794 3608 2863 apud

2009 2900 2388 2957 Florentinam
2413 2895 2688 2966 synodum
2719 2892 3090 2961 conscriptam
3123 2886 3414 2943 violastis?
3469 2885 3603 2940 obc-

2008 2993 2270 3052 dientiam
2311 2989 2671 3045 declinastis?
2722 2987 3049 3042 sententiam
3110 2982 3313 3038 decreti
3367 2980 3606 3035 occulta-

2008 3087 2144 3143 stis?
2173 3087 2367 3138 Annon
2401 3081 2602 3138 summi
2633 3080 2727 3134 Dei
2760 3079 2936 3133 nuntii
2967 3079 3022 3147 (ι)
3072 3075 3247 3132 Graeci
3285 3075 3330 3142 l)
3362 3081 3615 3127 vestram.

320 3174 764 3237 rumenimvero,
827 3184 1040 3229 tantum
1078 3173 1256 3235 abest,
1309 3185 1365 3227 ut
1395 3173 1612 3234 laudem
1642 3183 1698 3228 et
1727 3173 1902 3234 admi-
1936 3200 1980 3258 ο
2017 3179 2383 3257 ρειιάίιὶοηεηι
2435 3176 2642 3247 iugiter
2689 3171 3116 3242 praedixerunt?
3146 3169 3240 3237 qui
3305 3179 3492 3231 aures,
3548 3173 3608 3218 ut.

321 3265 596 3319 rationem
659 3263 860 3320 exinde
910 3272 1250 3328 mereantur,
1323 3273 1381 3319 ut
1429 3265 1615 3333 potius
1665 3264 1798 3319 lides
1855 3273 1909 3320 et

317 3357 638 3411 constantia
705 3357 955 3427 ipsorum
1019 3356 1277 3412 omnibus
1320 3355 1425 3420 hoc
1459 3357 1683 3411 nomine
1712 3354 1911 3410 debeat

315 3464 446 3506 esse
495 3460 776 3520 suspecta,
822 3464 944 3506 cum
992 3464 1102 3505 non
1155 3459 1386 3520 propter
1442 3447 1560 3513 Dei,
1607 3447 1706 3504 sed
1754 3462 1908 3504 suam

317 3543 574 3616 ipsorum
602 3542 836 3614 gloriam
865 3556 1030 3612 quam
1060 3541 1334 3610 praecipue
1362 3539 1683 3609 captabant,
1714 3538 1910 3608 hujus-

319 3637 469 3703 modi
514 3637 692 3693 zelum
740 3651 850 3705 prae
895 3650 955 3691 se
997 3635 1250 3700 tulerint,
1283 3633 1541 3703 quamvis
1565 3632 1792 3690 omnino
1823 3646 1908 3688 re-

317 3733 570 3786 luctante
606 3729 855 3802 ipsorum
885 3736 1080 3783 natura
1104 3737 1164 3794 et
1223 3726 1526 3782 voluntate.
1563 3724 1750 3794 Usque
1772 3725 1909 3780 adeo

317 3837 382 3878 nt
409 3839 476 3878 ex
505 3837 612 3876 una
641 3831 816 3892 parte,
850 3821 919 3877 ad
964 3819 1247 3875 fatendum
1277 3818 1570 3876 articulum
1594 3815 1910 3886 processio-

318 3920 412 3974 nis
453 3932 484 3971 a
515 3915 657 3971 Filio
685 3915 863 3971 sancti
890 3914 1132 3986 Spiritus
1153 3923 1374 3983 urgeret
1395 3925 1490 3969 eos
1513 3910 1857 3978 conscientia
1889 3924 1907 3976 ;

316 4023 388 4065 es
410 4007 607 4065 altera.
631 4023 699 4062 nc
727 4007 1010 4062 meliorem
1033 4005 1238 4071 Latini,
1258 4019 1425 4073 quam
1443 4002 1644 4069 Graeci,
1673 4001 1742 4058 de
1762 4001 1910 4056 veri-

320 4111 440 4160 tate
461 4100 584 4166 iidei
611 4099 1023 4170 intelligentiam
1044 4097 1244 4152 habere
1260 4097 1638 4161 crederentur,
1656 4093 1912 4150 elationis

318 4208 513 4252 ttnnor
526 4208 626 4250 eos
641 4193 960 4248 abduceret.
984 4189 1188 4246 Verum
1211 4189 1478 4259 quoniam
1501 4203 1602 4246 nec
1625 4187 1789 4251 ratio,
1810 4202 1913 4242 nec

322 4286 655 4352 auctoritas,
691 4299 793 4340 nec
825 4284 993 4336 varim
1025 4279 1326 4346 Scholarii,
1355 4278 1580 4344 Iaidori,
1616 4278 1913 4349 Neopbyti-

310 4401 432 4458 que
483 4383 776 4453 opiniones
834 4378 1099 4434 adversus
1151 4374 1416 4430 Romanae
1464 4372 1725 4429 Ecclesia:
1749 4372 1910 4428 [idem

313 4489 478 4537 stare
521 4483 801 4548 poterant,
856 4479 1040 4528 actum
1088 4477 1176 4526 est
1221 4467 1499 4523 industria
1545 4475 1601 4520 et
1640 4465 1915 4534 probitate

2014 3273 2184 3342 aspis,
2215 3269 2385 3339 impie
2426 3268 2752 3330 ohturasuis,
2777 3275 2833 3320 et
2861 3261 3124 3320 sanetam‘
3167 3261 3469 3316 Ecclesiam
3508 3272 3606 3311 ca-

2014 3365 2274 3420 tholicam
2310 3370 2543 3416 matrem
2601 3359 2847 3414 ﬁdelium
2910 3356 3241 3412 obamlistis.
3299 3354 3450 3410 Flete
3506 3353 3602 3406 nii-

2013 3456 2188 3510 serias
2211 3463 2424 3506 vestras
2452 3469 2466 3516 ;
2525 3450 2740 3518 arguite
2776 3450 3145 3518 vosmetipsos
3172 3463 3187 3510 ;
3246 3455 3300 3502 et
3333 3462 3441 3500 non
3471 3443 3614 3496 alios.

2013 3546 2418 3604 condemnetis,
2449 3549 2546 3596 aut
2570 3541 2889 3610 incnlpetis.
2923 3538 3039 3594 Mos
3071 3539 3478 3593 obstinatorum
3516 3535 3608 3588 hic

2013 3647 2119 3703 est,
2149 3648 2375 3692 sanctos
2423 3632 2711 3703 aspernari
2762 3630 2857 3686 Dei
2894 3630 3161 3684 nuntios:
3201 3628 3279 3682 uti
3343 3625 3612 3684 Sedecias

2015 3728 2310 3796 ceterique
2333 3725 2508 3780 Judmi
2538 3723 2594 3776 in
2637 3724 2968 3794 Babylonem
3036 3720 3270 3775 traducti
3304 3718 3600 3773 Jeretniam

2014 3821 2375 3892 direptionem
2406 3819 2898 3890 captivitatemque
2921 3815 3309 3884 prmdicentem
3353 3819 3600 3868 contcm~

2015 3921 2264 3985 pserunt.
2303 3913 2464 3969 Certe
2523 3913 2790 3967 hactenus
2848 3909 3094 3965 stetisset
3157 3905 3334 3970 llion,
3389 3905 3433 3960 si
3463 3906 3598 3960 Cas-

2015 4009 2273 4065 sandram
2298 4007 2556 4062 Priamus
2612 4003 2772 4075 pater
2831 4002 3168 4067 audivisset;
3217 4001 3262 4054 si
3308 4000 3610 4070 prophetas.

2016 4101 2323 4165 Helirrei,si
2351 4099 2616 4172 Sibyllam
2654 4097 2911 4161 Romani,
2969 4099 3014 4152 si
3072 4111 3168 4151 vos
3206 4110 3428 4165 quoque
3476 4108 3607 4163 apor

2016 4193 2245 4251 stolicos
2299 4195 2526 4248 nuntios
2595 4192 2804 4245 dudnm
2862 4188 3184 4245 audissetis.
3234 4187 3446 4243 idcirco
3497 4202 3617 4245 non.

2016 4290 2218 4343 mirum
2242 4287 2288 4341 si
2331 4287 2384 4340 in
2418 4301 2636 4355 poenam
2697 4285 2830 4339 tanti
2891 4283 3142 4338 criminis
3173 4283 3446 4350 inSperata
3481 4297 3609 4338 mox

2017 4389 2321 4449 tempestas
2349 4379 2580 4432 invaluit
2606 4394 2620 4439 ;
2653 4392 2815 4446 quam
2846 4375 3054 4444 Spiritu
3087 4381 3283 4428 sancto
3305 4373 3448 4426 docti
3473 4388 3614 4441 (“10‘

2015 4488 2123 4540 que
2153 4488 2181 4524 a
2218 4472 2408 4525 multis
2437 4471 2595 4525 annis
2627 4468 2866 4522 futuram
2901 4481 3024 4520 esse
3055 4465 3436 4534 praedixerant.
3463 4465 3619 4518 Sano-

317 4571 540 4644 pmfali
589 4568 803 4624 Domini
842 4564 1160 4629 cardinalis,
1213 4570 1271 4615 ιιι
1297 4569 1487 4616 sancta
1529 4558 1682 4624 ιιηίο,
1718 4572 1914 4630 assem-
1947 4563 1990 4617 D
2021 4576 2082 4620 ut
2106 4563 2406 4620 beatissimi
2459 4561 2639 4616 Patris
2695 4559 2902 4616 Nieolai
2939 4560 3122 4629 primi,
3189 4557 3392 4612 summi
3427 4558 3614 4627 ponti-..

314 4668 502 4721 tiente
538 4661 870 4731 imperatore
900 4662 1211 4724 senatuque
1242 4653 1313 4722 (si
1349 4667 1455 4706 non
1498 4651 1621 4704 [icta
1658 4648 1784 4713 fuit)
1820 4648 1912 4704 (ir-

313 4764 596 4819 maretnr,
639 4752 1119 4816 celebrareturque
1139 4745 1385 4802 secundo
1409 4744 1542 4800 ldus
1569 4740 1911 4808 Decembris,

311 4845 666 4921 Spiridionis
701 4843 951 4915 episcopi
974 4840 1155 4897 sancti
1174 4839 1286 4897 die.

391 4941 586 5008 Itaque
608 4951 671 4993 ea
705 4944 926 5007 peracta
945 4973 961 4998 ,
988 4948 1116 4989 mox
1143 4939 1440 5000 tempestas
1465 4929 1663 4986 Teucri
1691 4930 1912 4993 oborta,

305 5035 521 5092 urbem
543 5027 1092 5098 Constantinopolis,
1119 5025 1392 5088 Galatam,
1421 5032 1732 5093 cteteraque
1755 5023 1914 5092 adja-

304 5129 509 5190 centia
553 5122 756 5194 oppida
795 5119 1122 5178 absorbuit:
1160 5128 1222 5174 ut
1262 5117 1488 5172 verbum
1528 5115 1679 5171 Isaiae
1724 5133 1914 5171 verum

305 5223 402 5282 sit
431 5218 713 5276 dicentis:
746 5215 1049 5284 Tempestas
1098 5211 1350 5268 convulsa
1394 5212 1590 5282 absque
1631 5211 1747 5264 ulla
1792 5227 1918 5265 con-

304 5314 617 5374 solatione.
652 5310 772 5378 Qua
826 5315 1157 5380 tempestate
1199 5320 1524 5367 concussus,
1559 5320 1664 5376 ego
1695 5319 1918 5375 quoque

304 5417 532 5478 captus
564 5419 690 5462 sum
716 5422 732 5469 ;
776 5412 832 5460 et
854 5417 954 5472 pro
976 5400 1268 5457 demeritis
1291 5399 1431 5456 meis
1460 5398 1682 5454 vinctus
1709 5412 1918 5454 caesus-

301 5517 440 5576 que
455 5517 486 5554 a
502 5495 770 5556 Teucris:
798 5510 909 5552 non
932 5495 1231 5566 luidignus
1249 5508 1372 5548 cum
1389 5491 1615 5548 Christo
1633 5491 1920 5545 Salvatore

308 5593 558 5664 conﬁgi.
605 5591 954 5646 lieminiscor
997 5603 1154 5658 ergo,
1204 5586 1522 5642 beatissime
1581 5584 1766 5647 Pater,
1793 5597 1918 5638 eum

305 5689 572 5763 primum
599 5687 666 5742 de
685 5685 892 5741 unione
932 5685 1074 5740 facta
1105 5682 1446 5747 Graecorum,
1481 5681 1660 5736 eidem
1698 5677 1922 5732 Sancti-

221 5850 224 5852 ,
308 5796 378 5839 In
389 5781 433 5832 ti
455 5780 658 5834 Vestra:
677 5778 941 5848 epistolas
961 5775 1226 5833 seriosius
1252 5773 1638 5834 destinassem,
1655 5769 1802 5825 inter
1815 5767 1920 5826 alia

311 5874 576 5932 dixisse:
620 5871 729 5928 Nos
787 5879 1006 5943 propter
1051 5869 1294 5928 futuram
1329 5865 1521 5923 Teucri
1553 5863 1920 5929 obsidionem,

2019 4657 2628 4723 ﬁcis,exseerationem
2683 4655 2738 4707 in
2782 4667 2982 4720 pravos
3025 4651 3249 4706 Graecos
3301 4666 3398 4718 per
3446 4649 3606 4709 illud,

2023 4749 2271 4822 Urgentis
2302 4751 2355 4803 in
2394 4750 2598 4803 senium
2629 4744 2814 4800 saecli
2873 4742 3201 4811 corruptela,
3266 4752 3398 4806 etc.,
3461 4757 3600 4810 pra:-

2020 4845 2440 4899 lermittamus:
2494 4841 2681 4896 tabula
2746 4839 2861 4903 illa,
2926 4851 3090 4907 quam
3153 4834 3320 4890 Leoni
3357 4835 3610 4906 Sapienti

2018 4936 2328 5000 ascribunt,
2363 4935 2506 5006 apud
2558 4932 2966 4989 monasterium
3002 4929 3189 4985 Sancti
3257 4929 3477 5000 Georgii
3535 4931 3612 4985 de

2018 5026 2288 5098 Mangana
2374 5033 2716 5090 constructa,
2770 5029 2991 5077 vetusto
3041 5029 3294 5090 tempore
3348 5021 3402 5075 in
3461 5020 3611 5076 Cons

2020 5116 2380 5188 stantinopoli
2403 5114 2681 5170 occultata
2727 5112 3058 5183 mysterioso
3099 5110 3212 5180 iam
3263 5110 3424 5181 signo
3459 5111 3610 5166 dete-

2020 5223 2130 5278 sta,
2162 5212 2431 5280 iacturam
2465 5208 2828 5264 demonstrat.
2884 5205 3035 5271 Hec,
3067 5203 3231 5260 Pater
3261 5204 3603 5268 beatissime,

2022 5305 2238 5360 cellulis
2262 5303 2530 5364 distincta
2555 5300 2868 5370 quadratis,
2913 5300 3307 5368 imperatorum
3357 5296 3605 5351 ordinem

2023 5395 2546 5462 sumessionemqne
2612 5389 2879 5459 ponebat,
2937 5387 3237 5442 ﬁniendum
3312 5393 3495 5440 tamen
3554 5387 3607 5436 in

2025 5489 2132 5544 hoc
2162 5487 2358 5542 ultimo
2390 5483 2783 5540 Constantino.
2821 5481 2900 5536 Ita
2923 5478 3616 5552 quoquepatriarcharum

2025 5580 2133 5634 alia
2161 5580 2215 5634 in
2244 5578 2465 5646 longum
2503 5581 2680 5629 tracta
2708 5571 2898 5627 tabula
2916 5571 3164 5626 ordinem
3196 5568 3607 5638 praescribebat.

2023 5667 2162 5724 Nam
2198 5666 2290 5722 ille
2313 5665 2510 5736 spiritu
2543 5662 2872 5734 prophetico
2899 5662 3208 5718 illustratus
3240 5668 3321 5716 tot
3374 5659 3608 5716 cellulas

2036 5759 2452 5833 figurandorum
2533 5758 2932 5826 imperatorum
3023 5755 3224 5810 tahulte
3301 5752 3618 5824 inscripsit,L

2030 5863 2163 5927 quot
2196 5869 2224 5908 a
2244 5852 2422 5924 primo
2453 5849 2818 5908 Constantino
2849 5849 3070 5922 Magno,
3095 5846 3617 5918 Constantinopolis.
