4028 6450
406 393 515 460 927

1618 393 2014 455 LEONARDI
2047 393 2414 456 CHIENSIS

3547 397 3640 462 928

409 505 719 568 conditore,
749 517 922 575 usque
958 506 1026 559 ad
1076 505 1324 560 ultimam
1373 507 1751 576 captivitatem
1818 509 1985 563 futuri
2017 514 2062 570 Α
2091 510 2221 564 inde
2279 512 2406 583 quia
2441 512 2618 582 major
2671 510 2978 577 confracta,
3041 511 3184 582 regis
3239 510 3476 564 animum
3525 513 3644 565 allii-

409 607 592 651 erant.
631 597 692 652 in
726 598 844 658 dies
901 599 1085 668 itaque
1131 599 1342 655 cellula:
1377 600 1480 654 illa:
1537 603 1776 669 repletas,
1821 615 1987 654 unam

413 690 576 744 modo
600 697 657 743 et
678 691 948 757 ultimam,
979 692 1035 746 in
1065 708 1168 761 qua
1194 693 1308 755 hie,
1347 693 1450 749 sub
1489 709 1601 762 quo
1625 694 1757 749 urbs
1801 693 1988 762 periit,

419 782 776 838 collocandus
829 793 987 847 erat,
1043 784 1090 840 si
1136 793 1437 840 coronatus
1491 786 1705 852 luisset,
1760 799 1991 840 vacuam

415 875 783 938 pretendunt.
841 873 1130 932 Morsenus
1159 877 1407 946 perinde,
1431 877 1516 931 vir
1550 887 1802 941 sanctus,
1829 877 1995 947 sagit-

417 965 611 1016 tariam
645 973 860 1033 gentem
899 974 1092 1020 contra
1123 965 1652 1037 Constantinopolim
1680 977 1995 1034 venturam,

416 1055 579 1122 cujus
609 1064 826 1124 portum
861 1057 1120 1129 inclytum
1162 1068 1405 1128 caperet,
1435 1059 1996 1129 exterminandosque

419 1147 643 1202 Grmcos
709 1148 925 1204 seculis
979 1149 1182 1205 multis
1224 1159 1351 1205 ante
1391 1151 1666 1222 prmdixit.
1719 1152 1998 1220 Erythreze

418 1240 583 1293 etiam
611 1247 817 1295 nostra:
846 1243 912 1296 de
932 1240 1250 1297 Graecorum
1293 1244 1509 1313 jactura
1553 1245 1875 1299 vaticinium
1907 1245 1997 1299 le-

419 1331 674 1390 gentibus
708 1340 874 1400 patet.
910 1332 1158 1389 Joachim
1187 1345 1368 1390 autem
1417 1337 1589 1393 abbas
1635 1352 1758 1391 meo
1787 1335 2000 1406 judicio

422 1426 1208 1496 Constantinopolisjacturam
1243 1431 1295 1482 in
1357 1428 1634 1499 Papalista
1687 1429 1995 1492 denuntiat,

421 1532 545 1568 eum
583 1516 714 1570 dicit
751 1535 766 1572 :
814 1517 902 1571 Vw
946 1519 1059 1582 tibi,
1093 1520 1382 1587 scpticollis
1422 1521 1670 1574 omnibus
1701 1518 1985 1583 truncatis,

423 1609 578 1674 quasi
627 1607 833 1662 auxilio
865 1607 1145 1666 destituta.
1199 1596 1543 1680 Septieollim
1593 1623 1779 1664 autem
1821 1609 1998 1664 Graeci

421 1699 757 1753 ὲπταόοὖνον
805 1712 1027 1756 vocant.
1099 1701 1300 1773 thuid
1355 1704 1520 1773 igitur
1572 1704 1797 1756 Latinos
1839 1701 1998 1756 (lam-

426 1794 593 1846 nant'!
621 1795 732 1848 Cur
757 1796 810 1849 in
847 1797 1298 1851 nosinvehuntur
1341 1813 1466 1851 cum
1515 1810 1642 1852 vera
1683 1793 1998 1859 scribimus,

425 1896 616 1941 contra
640 1903 780 1957 quos
811 1896 890 1943 tot
919 1898 1104 1957 aperta
1138 1889 1391 1944 vaticinia
1436 1889 1850 1956 protestantur?
1882 1884 2002 1941 Non

427 1993 558 2042 ergo
591 1980 720 2034 unio
753 1978 918 2046 facta,
949 1981 1043 2036 sed
1081 1979 1214 2035 unio
1269 1979 1415 2043 (icta,
1447 1978 1516 2034 ad
1581 1977 1748 2033 fatale
1813 1976 2005 2032 urbem

429 2073 679 2128 trahebat
731 2073 1042 2140 excidium;
1125 2089 1237 2144 quo
1296 2073 1536 2128 divinam
1572 2071 1708 2128 iram
1767 2079 2010 2125 matura-

429 2171 538 2216 tam
573 2163 624 2217 in
657 2164 825 2220 hosce
879 2165 999 2220 dies
1029 2166 1243 2220 venisse
1288 2165 1665 2236 cognovimus.
1721 2162 2008 2217 Excitatus

429 2253 613 2324 itaque
645 2254 696 2308 in
760 2254 1000 2311 furorem
1056 2255 1220 2322 Deus,
1264 2256 1413 2310 misit
1456 2254 1768 2311 Mahometb
1825 2270 2004 2323 regem

430 2346 870 2412 potentissimum
913 2347 1292 2404 Teucrorum:
1324 2347 1729 2402 adolescentem
1787 2344 2008 2412 quidem

427 2437 715 2502 audacem,
744 2439 1120 2503 ambitiosmn,
1147 2440 1536 2502 temulentum,
1563 2435 2007 2494 Christianorum

431 2529 718 2599 capitalem
746 2533 957 2586 hostem
987 2547 1002 2585 :
1030 2531 1122 2601 qui
1153 2529 1326 2586 Nonis
1357 2531 1558 2600 Aprilis
1584 2539 1712 2585 ante
1733 2527 2012 2586 Conslan-

433 2620 690 2687 tinopol‘s
727 2629 1100 2689 prospectum,
1145 2636 1269 2676 cum
1307 2621 1570 2676 tercentis
1595 2630 1650 2676 et
1697 2622 1840 2674 ultra
1890 2619 2010 2672 mii-

435 2711 580 2764 libus
601 2719 964 2779 pugnatorum
992 2712 1044 2766 in
1068 2728 1202 2782 gyro
1224 2723 1382 2767 terrae
1394 2722 1577 2769 castra
1596 2712 2014 2783 papilionesque

434 2802 678 2856 conlixit.
703 2803 900 2860 Milites
916 2804 1119 2873 majore
1141 2802 1681 2874 numerojequestres,
1699 2816 2011 2875 quanquam

437 2911 625 2951 omnes
653 2895 863 2964 pedites
899 2897 1072 2966 magis
1107 2897 1512 2968 expugnabant.
1557 2897 1704 2952 Inter
1723 2910 1865 2967 quos
1923 2911 2014 2966 pe-

436 2990 579 3044 dites
603 2989 667 3043 ad
702 2990 843 3060 regis
869 2988 1178 3045 custodiam
1216 2989 1461 3059 deputati
1495 2988 1758 3055 audaces,
1791 2988 1885 3057 qui
1943 2986 2014 3041 ab

436 3080 724 3137 elementis
765 3079 1060 3136 Christiani
1113 3091 1207 3158 aut
1255 3079 1699 3136 Christianorum
1764 3077 1883 3141 lilii,
1930 3090 2018 3131 re-

2094 602 2298 665 ctahat,
2364 618 2434 656 ne
2505 602 2732 658 tristitia
2789 602 2843 657 in
2905 611 3056 657 tanto
3126 601 3422 658 certamine
3484 606 3645 661 allice-

2095 702 2270 759 retur,
2333 693 2503 764 jussit
2565 711 2688 751 mox
2751 695 2916 751 aliam
2972 695 3132 764 longe
3195 694 3421 764 majoris
3480 696 3650 752 formae

2094 787 2367 844 conﬂari:
2429 805 2617 860 quam,
2664 799 2722 843 nt
2776 789 2952 854 aiunt,
3001 786 3277 843 industria
3354 787 3656 846 Calihasr'ize

2096 877 2406 934 consularis
2470 877 2702 934 Baronis
2761 879 2921 933 amici
2985 876 3205 942 artifex,
3276 892 3548 947 nunquam
3597 880 3654 932 ad

2071 965 2398 1038 perfectum
2455 969 2737 1035 conduxit,
2773 969 2896 1028 aliis
2946 967 3318 1025 mediocribus
3372 967 3657 1026 innumeris

2098 1059 2361 1114 collidere
2427 1060 2617 1115 urbem
2672 1061 2944 1117 machinis
2973 1058 3347 1130 undequaque
3401 1061 3655 1116 conaban-

2099 1158 2210 1204 tur.
2276 1149 2514 1220 Sciopis,
2594 1151 2923 1222 spingardis,
2994 1152 3398 1217 zarbathanis,
3460 1151 3654 1218 fundis,

2100 1243 2317 1312 sagittis
2365 1243 2481 1298 dies
2547 1255 2848 1314 noctesque
2911 1260 3097 1299 muros
3167 1243 3534 1313 hominesque
3574 1259 3659 1298 no-

2101 1344 2248 1390 stros
2320 1335 2592 1389 vexabant
2646 1337 3086 1404 mactabantque.
3139 1333 3490 1390 Existimavit
3538 1335 3658 1388 enim

2104 1426 2280 1482 hostis
2323 1426 2670 1482 Christianos
2703 1441 2828 1481 esse
2857 1439 3081 1495 paucos,
3111 1440 3250 1496 quos
3279 1425 3501 1482 assidua
3551 1443 3662 1496 pro-

2107 1525 2277 1571 tratos
2309 1516 2673 1586 fatigatosque
2727 1533 2900 1588 pugna
2951 1519 3136 1572 urbem
3181 1520 3324 1573 tueri
3368 1535 3471 1572 non
3508 1533 3663 1588 posse.

2104 1606 2476 1678 lgnominiose
2501 1607 2664 1675 igitur
2693 1608 2895 1663 factum
2941 1615 3054 1673 est,
3097 1619 3155 1662 ut
3193 1609 3373 1678 primo
3423 1608 3510 1662 illo
3555 1625 3667 1664 con-

2108 1713 2327 1768 gressy.
2360 1697 2559 1752 Teucri
2585 1696 2935 1753 obstac’ulum
2972 1715 3079 1754 non
3123 1698 3455 1753 invenerint.
3510 1698 3573 1751 Λι
3622 1697 3668 1750 in

2109 1792 2227 1846 dies
2257 1792 2530 1846 doctiores
2550 1791 2725 1845 nostri
2756 1789 2915 1858 facti,
2954 1799 3215 1861 paravere
3272 1801 3462 1846 contra
3509 1791 3669 1844 hostes

2117 1883 2575 1947 machinamenta,
2601 1900 2720 1951 quze
2744 1893 2923 1937 tamen
2956 1895 3118 1937 avare
3152 1881 3449 1938 dabantur.
3504 1878 3670 1936 Pulvis

2115 1983 2233 2029 erat
2256 1975 2380 2030 nitri
2409 1974 2678 2038 modicus,
2697 1973 2948 2042 exiguus,
2971 1974 3074 2029 tela
3107 1976 3356 2030 modica:
3385 1973 3670 2028 bombard-e

2116 2068 2160 2122 si
2194 2067 2445 2133 aderant,
2479 2066 2930 2123 incommoditate
2966 2067 3071 2122 ioci
3121 2067 3363 2136 primum
3397 2067 3576 2121 hostes
3597 2063 3672 2120 of-

2117 2157 2363 2223 fendere,
2385 2159 2731 2214 maceriebus
2756 2157 3034 2227 alveisquc
3053 2165 3253 2222 tectos,
3273 2172 3384 2212 non
3417 2164 3670 2226 poteram.

2117 2250 2254 2305 Nam
2289 2249 2335 2305 si
2366 2265 2490 2319 qua:
2518 2261 2739 2321 magnae
2765 2257 2945 2314 erant,
2980 2263 3048 2303 ne
3077 2264 3276 2305 murus
3308 2254 3677 2302 concuterctur

2119 2355 2327 2412 noster,
2367 2345 2764 2414 quiescebant:
2796 2343 3070 2398 interdum
3095 2341 3156 2397 in
3185 2356 3403 2396 cuneos
3455 2340 3676 2394 hostium

2118 2443 2357 2505 emissae,
2381 2449 2436 2494 et
2450 2439 2719 2499 homines.
2746 2445 2801 2492 et
2825 2437 3060 2492 tentoria
3083 2436 3550 2491 exterminabaut.
3575 2431 3678 2485 Non

2118 2533 2266 2588 enim
2300 2533 2355 2587 in
2376 2546 2577 2586 vanum
2606 2530 2972 2600 iaciebantur,
3002 2517 3144 2594 quas
3175 2529 3353 2586 illisas
3387 2528 3567 2582 hostes
3596 2525 3680 2579 de-

2121 2627 2327 2681 clinare
2353 2639 2466 2678 non
2515 2631 2786 2693 poterant.
2813 2615 3000 2692 Itaque
3045 2621 3322 2676 cadebant
3365 2617 3559 2673 Teucri
3596 2616 3677 2670 icti

2121 2719 2290 2774 aeneis
2307 2716 2428 2772 telis
2447 2714 2843 2785 lapidibusque.
2860 2713 3309 2768 Vulnerahantur
3327 2712 3548 2768 etnostri
3568 2729 3580 2764 :
3598 2707 3678 2778 qui

2129 2808 2461 2880 quandoque
2481 2806 2682 2862 vallum
2710 2804 3077 2872 egredientes.
3101 2806 3168 2858 ad
3193 2819 3398 2860 manus
3416 2803 3682 2858 decertan-

2123 2913 2208 2958 tes
2235 2909 2290 2956 et
2333 2899 2657 2957 occidebant
2697 2907 2751 2955 et
2779 2897 3194 2954 occidebantur.
3224 2897 3470 2952 Victoria
3501 2909 3562 2950 ex
3591 2894 3681 2947 hcc

2120 2993 2333 3062 aequius
2373 2991 2656 3064 tyronibus
2699 2990 2924 3054 nostris,
2966 2988 3111 3060 quod
3141 2989 3564 3058 egrediebantur
3590 2984 3683 3038 im-

2122 3083 2326 3156 pavidi,
2352 3097 2515 3153 quam
2539 3081 2766 3138 Teucris
2787 3081 3036 3135 dabatur.
3062 3079 3263 3135 Verum
3288 3077 3534 3150 quoniam
3558 3075 3684 3129 malo

441 3183 680 3229 trorsum
711 3173 990 3238 conversi,
1034 3174 1165 3228 dicti
1218 3173 1493 3238 Genizari,
1525 3183 1584 3228 ut
1642 3173 1786 3242 apud
1839 3170 2015 3226 Mace-

2123 3179 2236 3235 fato
2265 3178 2504 3233 Joannes
2553 3175 2774 3245 Longus
2803 3173 3118 3237 Janucnsis,
3165 3173 3232 3228 de
3263 3172 3681 3229 .lustinlanorum

441 3263 639 3318 donem
695 3263 1117 3334 Myrmidones,
1162 3264 1321 3334 quasi
1356 3263 1669 3334 quindecim
1706 3263 1898 3318 millia.
1934 3262 2016 3317 Ad

443 3355 662 3410 tertium
695 3365 878 3410 autem
922 3357 1095 3422 diem,
1143 3366 1362 3426 captato
1393 3355 1547 3412 urbis
1572 3356 1702 3420 situ,
1737 3355 2020 3410 machinas

445 3451 762 3506 innumeras
781 3450 1184 3520 craticulasque
1206 3468 1272 3506 ex
1307 3450 1558 3522 virgultis
1605 3449 2022 3517 viminibusquu

445 3551 731 3597 contextas
759 3543 1201 3597 circummuralis
1235 3527 1434 3598 vallum
1485 3542 1686 3611 quibus
1717 3548 2022 3611 pugnantes

449 3645 787 3704 tegerentur,
819 3633 1042 3691 fossatis
1087 3635 1348 3691 admovit.
1409 3633 1630 3690 Initium
1677 3630 2022 3688 confusionis

447 3725 548 3780 hoc
569 3738 819 3782 nostrum
851 3727 972 3792 fuit,
1000 3728 1173 3798 utqui
1218 3728 1341 3784 telis
1402 3728 1896 3797 machinarumque
1941 3724 2022 3780 Ia-

446 3819 665 3886 pidibus
717 3821 872 3890 juxta
909 3821 1097 3876 datu-tn
1149 3821 1398 3876 ordinem
1461 3819 1678 3876 eminus
1724 3815 2022 3887 repellendi

444 3923 625 3981 erant,
661 3915 926 3985 neglectis
972 3915 1226 3985 singulis,
1260 3918 1515 3971 cominus
1555 3915 1868 3984 proximare
1907 3929 2028 3984 pcr-

437 3992 737 4064 ‘miserunt.
765 4007 998 4064 Tantum
1027 4024 1219 4064 eorum
1247 4009 1500 4064 ordinem
1541 4008 1880 4064 instruendis
1906 4022 2025 4061 ma-

445 4099 648 4160 chinis.
697 4106 905 4152 tantam
967 4097 1477 4166 promptitudinem,
1523 4107 1726 4153 tantam
1783 4100 2027 4154 acierum

450 4189 850 4260 providentiam
880 4189 1105 4260 quidam
1141 4199 1233 4245 aut
1266 4190 1474 4260 Scipio,
1501 4199 1596 4246 aut
1635 4191 1896 4253 Annibal,
1935 4197 2031 4244 aut

453 4283 700 4337 moderni
731 4280 858 4336 belli
883 4282 1050 4336 duces
1078 4282 1333 4337 admirati
1365 4282 1621 4341 fuissent.
1653 4282 1759 4337 Sed
1779 4284 1904 4352 quis
1931 4284 2031 4338 ob-

450 4392 628 4442 secro,
665 4376 1098 4432 circumvallavit
1123 4375 1352 4431 urbem?
1373 4378 1488 4446 qui,
1523 4376 1627 4433 nisi
1653 4377 1839 4447 perﬁdi
1872 4378 2031 4433 Chri-

450 4467 613 4524 stiani
636 4468 945 4524 instruxere
968 4466 1236 4523 Teturosl
1267 4467 1442 4523 Testis
1469 4481 1614 4532 sum,
1652 4469 1794 4538 quod
1823 4467 1995 4524 Graeci
2014 4508 2027 4531 ,

451 4564 596 4634 quod
625 4562 828 4630 Latini,
860 4562 1006 4633 quod
1038 4561 1318 4625 Germ-ini,
1362 4563 1680 4628 Pannones,
1710 4561 1923 4624 Baetes,
1962 4575 2027 4615 ex

451 4660 695 4714 omnium
713 4657 1149 4713 Christianorum
1175 4656 1489 4726 regionibus
1512 4654 1737 4710 Teucris
1759 4653 2030 4709 commisti

451 4765 616 4819 opera
639 4765 826 4804 eorum
847 4748 1112 4818 iidemque
1130 4734 1580 4816 didiceruntzqui
1596 4747 1888 4802 immanius
1910 4745 2030 4801 ﬁdei

449 4842 781 4898 Christiana:
807 4842 963 4898 obliti
1006 4843 1200 4896 urbem
1239 4841 1648 4910 expugnabant.
1686 4838 1731 4894 Ο
1756 4840 1908 4910 impii
1936 4839 2031 4908 qui

452 4935 733 4990 Christum
760 4935 1075 5006 abnegastis
1101 4936 1113 4990 ι
1149 4950 1182 4989 o
1203 4935 1465 4989 satellites
1497 4935 1849 4998 Antichristi,
1878 4935 2036 4990 dam-

455 5024 568 5078 nati
591 5023 985 5092 gehennalibus
1008 5024 1270 5081 ﬂammis!
1300 5036 1517 5096 tempus
1541 5027 1644 5081 hoc
1662 5034 1901 5080 vestrum
1923 5032 2030 5081 est.

455 5117 700 5188 Satagite
726 5132 926 5186 augere
947 5117 1101 5173 vobis
1121 5133 1335 5188 pcenas,
1367 5133 1508 5188 quas
1535 5119 1698 5174 luatis
1727 5128 1981 5175 aeternas.
2009 5121 2034 5185 ι

527 5210 854 5266 llorribilem
878 5211 1103 5280 perinde
1121 5211 1498 5276 bombardam,
1523 5226 1834 5280 quanquam
1856 5211 2037 5280 major

454 5305 584 5370 alia,
607 5319 730 5374 quae
769 5302 1052 5359 confracta
1085 5302 1205 5368 fuit,
1243 5318 1405 5372 quam
1441 5303 1531 5359 vix
1561 5303 1723 5359 boum
1758 5303 2036 5374 quinqua-

381 5391 386 5395 ’
456 5397 607 5464 ginta
631 5407 850 5452 centum
876 5396 1006 5466 juga
1032 5396 1324 5456 vehebant.
1352 5397 1420 5450 ad
1443 5404 1654 5466 partem
1685 5395 1832 5450 illam
1851 5409 2037 5448 muro-

455 5503 578 5541 rum
619 5487 974 5558 simplicium,
1006 5504 1131 5558 qute
1160 5503 1265 5544 nec
1295 5488 1540 5552 fossatis,
1580 5503 1679 5544 nec
1707 5484 2034 5542 antemurali

459 5579 764 5647 tutabatur,
795 5581 1136 5652 Calegariam
1182 5579 1410 5644 dictam,
1443 5580 1691 5651 ﬁgentes,
1725 5577 1906 5650 lapide
1939 5575 2034 5645 qui

457 5672 653 5739 palmis
671 5673 922 5728 undecim
950 5689 1016 5730 ex
1037 5675 1176 5730 meis
1206 5673 1447 5729 ambibat
1471 5673 1525 5728 in
1552 5686 1704 5744 gyro,
1735 5688 1802 5728 ex
1828 5685 1894 5726 ea
1918 5684 2039 5725 mu-

456 5781 579 5822 rum
607 5765 992 5838 conterebant.
1013 5767 1146 5822 Erat
1167 5775 1347 5820 tamen
1371 5781 1563 5820 murus
1585 5765 1829 5829 perlatus
1852 5762 2038 5818 fortis-

457 5871 587 5927 que,
639 5855 728 5927 qui
783 5863 965 5910 tamen
1013 5855 1279 5910 machina:
1325 5864 1434 5911 tam
1479 5852 1729 5911 horribili
1783 5855 2032 5912 cedebat.

2122 3268 2377 3341 prosapia
2403 3269 2640 3333 ,duabus
2679 3283 2805 3322 cum
2837 3267 3066 3322 navibus
3105 3265 3221 3322 suis
3244 3267 3486 3336 magnis,
3523 3273 3575 3318 et
3607 3275 3684 3315 ar—

2125 3362 2288 3417 matis
2311 3361 2534 3416 circiter
2555 3358 2970 3429 quadringentis
2995 3373 3146 3413 mare
3162 3357 3532 3419 decursitans,
3561 3353 3685 3407 forte

2121 3453 2373 3517 veniens,
2405 3450 2678 3520 stipendio
2711 3451 2992 3520 ascriptus
3027 3451 3398 3520 imperatoris,
3449 3449 3683 3502 ducatum

2124 3545 2332 3599 militiae
2358 3543 2625 3608 obtinuit;
2649 3552 2872 3599 strenue
2889 3542 3176 3598 defensare
3199 3543 3396 3599 urbem
3422 3541 3584 3598 visus,
3608 3550 3685 3589 re-

2123 3636 2392 3708 parationi
2410 3635 2790 3693 demolitorum
2805 3651 3082 3692 murorum
3102 3636 3417 3707 vigilantius
3434 3630 3688 3688 incumbe-

2125 3731 2216 3785 bat
2249 3747 2263 3784 :
2305 3730 2498 3788 Teucri
2531 3730 2772 3785 animum
2830 3729 3082 3799 viresque
3113 3727 3374 3784 deludere
3400 3724 3687 3780 videbatur.

2126 3823 2261 3877 Nam
2317 3833 2526 3892 quanto
2579 3822 2756 3878 hostis
2813 3822 2957 3877 mole
2987 3822 3232 3892 ingentis
3273 3821 3470 3892 lapidis
3516 3826 3688 3870 muros

2125 3913 2628 3980 contereluat,tanto
2653 3912 2738 3968 hic
2754 3912 3056 3966 animosius
3073 3912 3388 3973 sarmentis,
3407 3911 3591 3968 humo,
3610 3915 3692 3952 va-

2130 4001 2318 4070 sisque
2346 4001 2575 4056 vinariis
2597 4003 3066 4072 intercompositis
3097 4003 3412 4070 reparabat.
3473 3996 3584 4062 Qua
3630 3992 3689 4045 de

2130 4109 2190 4148 re
2215 4091 2464 4148 Teucrus
2513 4093 2762 4156 delusus,
2793 4095 3056 4162 cogitavit
3098 4110 3203 4148 non
3263 4090 3585 4149 cessandum
3629 4081 3690 4138 ab

2133 4185 2337 4240 ictibus
2369 4183 2782 4248 machinarum;
2831 4185 2925 4240 sed
2977 4185 3187 4239 fortiori
3227 4182 3387 4250 cura,
3434 4181 3692 4236 subterra-

2134 4277 2250 4333 neis
2283 4277 2435 4333 cavis
2462 4272 2636 4331 furari
2672 4277 2884 4331 urbem.
2927 4276 3257 4332 Minerarum
3281 4278 3543 4335 fossores,
3567 4277 3690 4338 quos

2133 4387 2198 4427 ex
2261 4385 2404 4426 novo
2470 4369 2628 4426 brolo
2705 4370 3044 4425 conduxerat
3106 4370 3397 4438 magistros
3452 4354 3690 4419 accersiri

2133 4463 2318 4534 jussit.
2350 4461 2540 4532 Lignis
2563 4463 3056 4532 instrumentisque
3074 4460 3318 4516 advectis
3341 4455 3522 4515 solerti
3547 4461 3688 4510 cura.

2137 4560 2214 4616 uti
2250 4560 2598 4630 imperatum,
2631 4565 2812 4610 actum
2860 4565 2968 4620 est,
2994 4563 3052 4608 ut
3107 4566 3232 4608 mox
3285 4569 3382 4624 per
3425 4544 3693 4606 cuniculos

2139 4659 2422 4708 tentarent
2451 4651 2803 4705 fmulamerrta
2832 4646 3107 4702 suffodere
3139 4655 3548 4716 penetrareque
3587 4648 3693 4690 om-

2136 4745 2395 4799 nifarium
2432 4743 2586 4798 urbis
2618 4755 2856 4794 murum.
2899 4741 2968 4792 At
2993 4753 3114 4792 cum
3167 4754 3196 4792 a
3254 4727 3614 4792 fundamentis
3645 4723 3711 4791 (0‘

2135 4852 2250 4891 rem
2283 4835 2585 4891 mirabilem
2613 4834 2652 4901 Ξ)
2689 4832 2924 4902 primum
2946 4830 3058 4900 jam
3087 4829 3284 4886 vallum
3307 4815 3695 4886 etantemurale

2137 4927 2392 4982 mirando
2478 4940 2601 4980 cum
2687 4923 2910 4979 silentio
2987 4923 3417 4985 subcavasscnt;
3483 4906 3694 4971 Joannis

2137 5019 2358 5075 Grande
2391 5017 2665 5083 Alemani,
2699 5016 2971 5086 ingeniosi
2997 5015 3213 5082 militis,
3253 5023 3430 5071 rerum
3493 5003 3694 5061 bellica-

2140 5127 2260 5166 rum
2294 5109 2628 5171 doctissimi,
2670 5121 2833 5176 quem
2861 5105 3106 5162 Joannes
3129 5103 3469 5164 Justinianus
3505 5091 3697 5154 militiag

2140 5203 2250 5258 dux
2280 5204 2662 5259 centurionem
2685 5200 3052 5266 conduxerat,
3109 5200 3374 5256 industria
3398 5204 3452 5252 et
3504 5181 3697 5258 διεπίε-

2141 5306 2252 5352 tate
2282 5310 2422 5364 opus
2451 5294 2726 5350 detectum
2783 5301 2866 5349 est
2899 5309 2915 5346 :
2945 5292 3464 5362 exploratorumque
3511 5283 3570 5376 id
3611 5275 3692 5376 ﬁt:

2140 5397 2348 5444 malum
2367 5387 2655 5449 relatione,
2686 5386 2898 5440 animos
2930 5386 3176 5441 Omnium
3197 5380 3504 5442 commovit.
3533 5373 3691 5429 (ἓνεεί

2139 5498 2266 5538 cum
2298 5482 2500 5538 dudum
2531 5476 2875 5544 Baraicham,
2920 5479 3124 5544 Ammi,
3184 5478 3516 5542 Amoratque
3551 5457 3692 5536 geni-

2141 5583 2315 5631 torem
2353 5573 2538 5644 hujus,
2573 5570 2818 5643 pristinis
2851 5571 3010 5627 bellis
3049 5571 3254 5626 frustra
3315 5569 3585 5626 laborasse
3639 5550 3688 5605 in

2143 5667 2388 5723 cavanda
2409 5666 2545 5722 urbe
2569 5666 2979 5735 cegnovissent,
3036 5663 3374 5735 impossibile
3423 5669 3514 5726 per
3553 5650 3692 5748 bultc

2143 5761 2263 5817 ﬁeri
2295 5775 2456 5830 posse
2476 5756 3110 5825 afﬁrmaba’nt.Quorum
3144 5756 3332 5824 opinio
3353 5768 3416 5810 ex
3447 5743 3566 5803 facti
3586 5743 3689 5835 evi-

2145 5849 2331 5909 dentia
2354 5850 2586 5909 confusa
2626 5857 2732 5907 est.
2781 5849 2968 5921 itaque
2998 5846 3299 5920 penetralia
3356 5844 3464 5898 hac
3505 5837 3688 5892 nostris
