4028 6478
371 373 376 377 ’
422 373 535 448 929

1533 395 1630 455 DE
1675 396 2276 462 EXPUGNATIONE
2311 401 2598 465 CPOLIS.

3599 399 3706 462 930

419 498 929 560 reconl‘ossionibns
975 504 1211 574 detecta,
1270 508 1460 564 urbem
1499 529 1608 568 non
1663 515 1851 570 laesere
1894 533 1910 572 :
1944 518 2012 573 ti-
2038 523 2089 582 Α
2117 522 2308 591 irrigat
2337 530 2540 578 terram
2591 540 2608 580 :
2641 523 2810 580 Detur
2845 537 3064 579 summo
3090 519 3336 592 pontiﬁci
3367 533 3702 574 conum-mu.

415 607 625 647 morem
661 603 841 650 tamen
879 597 1157 666 ingentem
1217 615 1246 655 a
1308 602 1685 659 fundamentis
1747 606 2002 663 confossa

414 685 609 749 lttrris,
635 687 831 756 ligneis
868 691 1026 760 stylis
1053 691 1401 750 bituminatis
1433 697 1644 760 innixa,
1693 681 1865 755 nobis
1923 701 2008 753 in-

411 778 574 832 ussit.
609 777 716 832 Sed
749 789 808 832 nt
836 797 924 836 res
971 783 1030 836 in
1067 784 1246 840 lucem
1282 788 1452 852 venit,
1487 791 1728 858 repulsis
1761 792 1886 860 igne
1950 801 2007 848 et

410 869 684 937 sulphure
736 873 988 931 hostibus
1019 890 1048 930 e
1078 880 1305 936 latebris
1341 892 1747 951 reconstructa,
1788 900 1910 940 mox
1941 887 2008 941 tio

315 1032 324 1038 υ
412 977 625 1018 morem
666 968 934 1025 excussit.
967 969 1289 1042 Composuit
1321 977 1550 1044 perinde
1581 978 1790 1049 ligneas
1826 988 2007 1036 turres

407 1058 568 1126 juxta
608 1063 833 1126 vallum,
868 1065 1034 1120 lmmo
1060 1068 1268 1138 plenas,
1309 1071 1547 1140 pellibus
1578 1074 1740 1129 boum
1772 1074 2009 1130 circum-

415 1161 617 1213 iectas.
677 1170 742 1208 ex
781 1156 980 1224 quibus
1041 1159 1269 1217 lossatis
1327 1163 1466 1217 clam
1521 1174 1720 1219 terram
1759 1167 2008 1237 quisqui-

413 1245 629 1314 liasque
654 1257 712 1300 ut
746 1249 924 1304 facilis
958 1251 1039 1307 eis
1075 1254 1226 1310 fieret
1261 1257 1567 1324 ingressus,
1603 1259 2004 1333 imtttittehant.

412 1340 609 1396 Crates
644 1342 838 1398 deinde
878 1343 1204 1401 innumeras
1231 1363 1294 1403 ex
1319 1349 1574 1419 virgultis
1595 1352 2008 1423 viminibnsqne

413 1443 729 1507 contextas,
759 1448 941 1494 cattos
973 1440 1243 1510 oblongos
1285 1446 1580 1515 scalasque
1619 1455 1854 1508 rotatas,
1878 1463 2009 1502 cur-

414 1543 514 1580 rus
577 1532 895 1586 rastellatos
953 1534 1193 1603 taliaque
1234 1537 1696 1601 machinamenta,
1755 1555 1878 1610 qua
1917 1541 2006 1594 vix

414 1617 646 1673 Romani
673 1622 939 1677 adversus
977 1624 1177 1680 Pmnos
1202 1629 1675 1683 construxissent.
1700 1629 2007 1684 Bomharda

414 1722 678 1774 praeterea
715 1715 804 1769 illa
841 1717 1053 1784 ingens,
1083 1734 1150 1773 co
1178 1719 1324 1788 quod
1366 1719 1718 1790 Caligaream
1781 1732 2009 1777 strenue

417 1814 728 1872 reparatam
777 1809 1048 1866 adversus
1107 1828 1215 1867 non
1251 1813 1562 1881 proliceret,
1600 1813 1767 1866 alium
1826 1813 2005 1868 locum

2110 615 2340 671 rationis
2362 616 2561 682 honos,
2587 617 2682 672 sed
2703 618 2984 673 decretum
3015 617 3348 673 Florentium
3375 615 3567 686 synodi
3598 630 3703 668 non

2111 707 2339 779 legatur.
2363 709 2472 764 Cttr
2495 711 2617 778 hoc,
2663 711 2990 780 hypocrita?
3020 711 3088 765 Ut
3119 713 3369 766 deleatur
3392 709 3616 779 (inquit)
3641 724 3704 761 ex

2110 802 2353 869 decreto,
2379 805 2526 872 quod
2549 806 2789 872 Spiritus
2814 815 3043 860 sanctus
3069 821 3131 860 ex
3158 805 3317 868 Filio,
3351 806 3708 874 quemadmo-

2109 894 2236 947 dum
2263 910 2327 947 ex
2361 893 2518 949 Patre
2548 897 2812 965 procedit.
2850 897 2960 951 Cur
2985 897 3135 957 item,
3159 897 3482 967 hypocrita?
3510 911 3578 948 ne
3613 909 3704 949 cr-

2112 1001 2266 1042 rasse
2294 986 2586 1040 videantur
2611 988 2808 1052 Grtcci,
2839 989 2885 1042 si
2913 987 3102 1042 dicant
3139 988 3278 1042 duos
3312 988 3490 1042 sancti
3526 984 3702 1055 Spiri-

2111 1088 2201 1134 tus
2217 1079 2602 1149 productores.
2624 1080 2730 1134 Sed
2748 1095 2845 1134 cur
2863 1082 3084 1138 iterum.
3106 1083 3355 1147 obsecro,
3376 1081 3655 1150 hypocrita
3677 1079 3702 1132 ?

2112 1165 2190 1221 Ne
2227 1167 2392 1221 detur
2425 1167 2476 1222 ei
2510 1169 2601 1236 qui
2632 1179 2802 1222 totam
2832 1169 2936 1222 sibi
2993 1183 3058 1221 ex
3091 1169 3268 1222 oﬂieio
3304 1176 3522 1236 captare
3549 1168 3702 1232 cupit

2111 1259 2379 1328 gloriam;
2419 1260 2737 1315 intendebat
2762 1276 2827 1313 ex
2886 1275 2990 1313 una
3050 1270 3200 1326 parte
3251 1260 3590 1320 Scholarius,
3637 1274 3700 1311 ex

2111 1352 2278 1406 altera
2307 1351 2588 1417 Chirluca,
2632 1354 2965 1421 quandoque
3017 1351 3080 1405 ad
3137 1351 3482 1420 praesentiam
3529 1359 3703 1405 semet

2112 1443 2470 1512 apostolicam
2521 1443 2790 1509 conferre,
2859 1455 2912 1499 ut
2974 1445 3027 1497 hi
3060 1453 3245 1498 essent
3288 1445 3377 1510 qui
3436 1444 3534 1497 soli
3587 1457 3699 1496 rem

2114 1534 2451 1589 intellexisse
2486 1535 2828 1597 viderentur,
2863 1537 3070 1604 quique
3126 1536 3284 1604 primi
3344 1535 3698 1587 lamlarentur

2113 1634 2281 1682 tanta:
2311 1627 2536 1681 unionis
2599 1638 2876 1683 auctores.
2929 1629 3209 1682 Adversus
3265 1627 3410 1681 enim
3462 1626 3700 1695 legatum

2115 1718 2268 1772 multi
2317 1719 2521 1772 invidia
2575 1720 2826 1774 clancitlo
2885 1719 3313 1790 torquebantur.
3367 1719 3506 1786 Ergo
3547 1719 3704 1768 dixit

2115 1807 2419 1875 Paterisne,
2460 1825 2493 1862 ο
2529 1810 2862 1880 imperator!
2929 1820 2980 1862 nt
3021 1812 3134 1864 lucc
3191 1811 3420 1863 ambitio
3481 1808 3698 1862 scindat

415 1898 745 1954 Raetatiuem
780 1904 970 1962 tttrris.
1036 1904 1192 1972 juxta
1253 1878 1444 1960 Sam-ti
1507 1906 1735 1960 llontani
1796 1913 2009 1975 portam
2040 1878 2087 1937 Β
2117 1899 2440 1962 Ecclesiam,
2469 1908 2526 1954 ut
2551 1878 2716 1970 hujus
2737 1901 2814 1954 rei
2840 1901 3010 1966 gratia
3035 1899 3214 1952 divina
3269 1899 3345 1952 ira
3381 1897 3553 1965 magis
3594 1911 3705 1948 ma-

415 1989 544 2044 inde
595 1991 847 2058 dimota,
912 1994 1091 2062 lapide
1158 1997 1208 2049 in
1269 2012 1334 2051 ea
1394 1998 1763 2052 testiiitatione
1845 1999 1999 2053 mille

415 2080 789 2138 ducentarum
813 2085 1076 2138 librarum
1096 2085 1334 2140 interdiu
1355 2089 1586 2154 collidit,
1603 2087 1860 2142 collisum
1881 2104 2016 2143 con-

411 2171 554 2225 cutit
583 2189 597 2226 :
626 2187 955 2228 concussum
1013 2180 1358 2230 exterminat.
1421 2176 1596 2231 Ruina
1650 2178 1822 2232 turris
1851 2186 2014 2233 ante-

413 2265 646 2320 muralis
678 2266 945 2323 lossatum
974 2268 1146 2338 replet
1188 2276 1477 2338 aequatque
1504 2270 1613 2322 :ita
1637 2279 1700 2323 ut
1729 2271 1814 2323 via
1841 2270 2014 2324 hosti-

413 2356 548 2422 bus,
580 2374 687 2428 qua
716 2359 1017 2417 decurrere
1039 2370 1288 2430 possent,
1318 2370 1487 2415 strata
1517 2370 1870 2418 cerneretur:
1903 2362 2012 2418 nisi

412 2449 545 2517 quia
560 2452 776 2505 concite
795 2450 1118 2513 introrsum,
1141 2451 1219 2506 uti
1241 2454 1292 2506 in
1313 2450 1614 2522 Caligarea:
1633 2453 2010 2518 demolitione,

414 2541 692 2612 reparatio
714 2541 854 2597 facta
876 2541 1094 2608 luisset,
1122 2543 1268 2598 haud
1291 2543 1459 2599 dubio
1482 2543 1686 2614 impetu
1712 2543 1905 2597 urbem
1931 2543 2014 2596 in-

414 2641 679 2689 trassent.
716 2633 906 2706 Itaque
939 2635 1190 2691 Teucrus
1216 2637 1554 2702 demolitum,
1581 2651 1740 2703 quam
1773 2635 2010 2704 primum

413 2733 786 2780 restauratum
823 2733 882 2780 ut
903 2729 1189 2798 conspexit
1217 2744 1474 2784 murum:
1516 2727 1634 2784 Non
1671 2727 2010 2792 Graecorum,

415 2817 622 2886 inquit,
650 2818 746 2872 sed
783 2818 1124 2875 Francorum
1161 2821 1264 2876 hoc
1293 2821 1573 2890 ingenium
1618 2828 1725 2883 est,
1758 2831 1818 2875 ut
1860 2830 2008 2874 tanta

417 2908 736 2963 resistentia
775 2909 888 2974 ﬁat,
923 2918 1078 2965 tanta
1111 2926 1290 2981 pugna
1320 2927 1337 2967 :
1363 2925 1503 2981 quos
1540 2925 1644 2965 nec
1708 2909 2011 2964 innumera:

414 3002 652 3072 sagittze,
725 3015 824 3058 nec
866 3004 1252 3058 machinarum
1313 3003 1730 3073 ligneorumque
1791 3011 2008 3056 rastro-

418 3109 542 3147 rnm
572 3092 792 3160 horror,
826 3109 926 3150 nec
957 3094 1279 3150 intermissa
1309 3095 1565 3150 obsessio
1602 3093 1864 3149 deterret.

2120 1995 2320 2065 gisque
2357 1993 2558 2048 merito
2584 1994 2958 2048 accendatur?
2993 1993 3102 2046 Cur
3142 2007 3248 2045 non
3273 2008 3302 2044 e
3335 1991 3511 2044 medio
3540 1990 3708 2058 perti-

2118 2103 2285 2144 naces
2315 2089 2391 2142 illi
2424 2087 2726 2142 tolluntur?
2749 2087 3119 2156 Acquiescere
3185 2087 3482 2155 imperator
3530 2084 3702 2143 visus,

2117 2179 2604 2248 metropolitasque
2637 2178 3010 2242 Scholarittm,
3031 2179 3331 2241 Isidorum,
3361 2175 3703 2246 Nenphytunt

2115 2267 2543 2336 complicesque,
2597 2266 2812 2335 iudices
2889 2269 3202 2333 constituit,
3256 2269 3419 2322 verbo
3460 2269 3702 2335 quidem,

2118 2373 2228 2412 non
2297 2356 2463 2411 facto.
2528 2356 2663 2413 Nam
2716 2358 2762 2412 si
2824 2359 3341 2428 pusillanimitatem
3407 2359 3706 2426 imperator

2114 2455 2477 2519 excussisset,
2543 2454 2688 2508 hanc
2762 2453 2884 2507 lidei
2960 2452 3273 2506 illusionem
3343 2451 3698 2504 vindicasset.

2116 2546 2217 2614 Qui
2250 2548 2396 2602 enim
2445 2549 2785 2608 hominibus.
2845 2547 2955 2600 Deo
2989 2554 3196 2615 spreto,
3236 2544 3564 2612 complaeet,
3599 2544 3706 2595 uti-

2119 2656 2227 2710 qne
2263 2640 2652 2696 confundetur.
2703 2637 3007 2694 Coercendi
3039 2639 3257 2707 quidem
3301 2636 3376 2689 illi
3402 2645 3579 2696 erant,
3611 2635 3705 2703 qui

2115 2733 2160 2786 si
2191 2730 2446 2794 fuissent,
2501 2732 2749 2785 morbum
2780 2727 3100 2801 pestiferum
3156 2741 3261 2781 non
3291 2736 3704 2795 propagassent.

2117 2823 2228 2878 Sed
2261 2825 2474 2893 ignoro,
2513 2832 2770 2877 utrumne
2805 2821 3121 2890 imperator,
3162 2829 3256 2872 aut
3305 2817 3516 2881 iudices
3557 2817 3710 2869 datu-

2117 2913 2278 2970 nandi
2336 2913 2536 2980 quibus
2577 2911 2937 2967 correctionis
2988 2911 3161 2981 virga,
3192 2909 3508 2977 quanquam
3542 2908 3710 2962 minas

2114 3003 2582 3070 intercessissent,
2648 3002 2859 3056 aberat.

2171 3099 2502 3155 Continuata
2559 3095 2725 3165 igitur
2777 3093 3086 3150 obsidionis
3138 3100 3482 3160 tempestate,
3517 3090 3710 3145 clausa

487 3187 737 3258 Agebant
761 3188 966 3244 interea
995 3189 1224 3254 Galatae,
1251 3191 1366 3246 sive
1389 3187 2008 3257 Perenses.quanquam
2040 3223 2083 3280 ϐ
2115 3193 2274 3252 urbe.
2312 3190 2673 3245 ducentarum
2703 3196 2757 3241 et
2791 3187 3182 3257 quinquaginta
3223 3187 3493 3238 iustarum
3518 3200 3582 3238 ex
3619 3185 3713 3236 di-

419 3284 765 3351 pruilentius,
780 3300 846 3340 ne
880 3285 934 3338 in
953 3283 1287 3352 Propontide
1305 3291 1546 3338 castrum
1563 3281 1855 3336 struxisset
1876 3278 2015 3332 Ten-

417 3392 573 3444 crus,
607 3375 896 3432 sollicitam
948 3375 1266 3446 providendi
1299 3388 1489 3430 curam
1523 3389 1668 3426 nunc
1706 3384 2012 3431 armorum,

418 3486 569 3526 nunc
619 3470 876 3535 militum,
899 3469 1153 3526 clanculo
1176 3478 1380 3531 tamen,
1404 3481 1473 3522 ne
1499 3464 1664 3531 hosti,
1687 3464 1780 3534 qui
1823 3476 2011 3528 pacem

419 3579 550 3618 enin
575 3564 658 3618 eis
687 3563 1008 3626 simulabat,
1034 3561 1372 3617 innotuisset
1400 3575 1416 3615 :
1447 3573 1570 3628 quze
1601 3573 1691 3612 res
1723 3555 2012 3618 tenuisset,

423 3670 493 3709 ne
541 3655 808 3708 auxilium
857 3653 1086 3724 posthac
1116 3651 1321 3708 Graecis
1355 3649 1612 3705 conferre
1673 3645 2012 3715 potuissent.

423 3747 519 3801 Sic
547 3747 804 3800 simulata
841 3745 933 3800 illa
961 3760 1061 3814 pax
1117 3744 1239 3798 urbi
1275 3742 1343 3797 ad
1383 3751 1601 3809 tempus
1641 3737 1865 3809 proluit.
1893 3737 2010 3803 Ego

414 3836 628 3908 judicio
653 3851 795 3903 meo,
823 3836 878 3890 ni
906 3834 1086 3902 fallor,
1111 3836 1349 3888 arhitror
1369 3843 1611 3902 apertam
1634 3843 1888 3901 guerram
1918 3828 2019 3883 Pe—

427 3929 685 3984 rensihns
723 3945 752 3982 a
786 3928 964 3998 primo
987 3928 1378 3992 salubriorem,
1405 3941 1568 3994 quam
1599 3925 1774 3979 [letam
1803 3939 2017 3993 pacem.

424 4021 658 4088 Quidam
691 4021 936 4076 Teucrus
967 4035 1142 4089 neque
1175 4027 1440 4083 castrum,
1466 4017 1613 4086 quod
1647 4015 2018 4071 demolitiouis

423 4128 617 4168 eorum
635 4128 799 4169 causa
826 4111 949 4175 luit,
982 4111 1346 4177 condidisset,
1368 4123 1543 4178 neque
1575 4122 1832 4176 gucrram
1869 4115 2023 4177 post-

430 4208 533 4260 hac
586 4213 695 4260 tam
755 4206 1062 4262 terribilem
1109 4203 1410 4258 intulisset.
1461 4199 1506 4257 0
1537 4199 1854 4256 Genuenses
1904 4199 2018 4268 jam

425 4298 831 4370 quodammodo
860 4294 1126 4361 eicnrati;
1157 4294 1254 4350 sed
1274 4297 1434 4360 sileo,
1465 4309 1535 4349 ne
1556 4295 1622 4348 de
1649 4292 1785 4347 meis
1804 4293 2018 4361 loquar,

425 4405 569 4458 quos
598 4388 810 4443 externi
840 4403 966 4441 rum
994 4386 1226 4442 veritate
1257 4383 1582 4454 dijudicant.
1612 4380 1717 4438 Ubi
1751 4390 1881 4440 sunt
1909 4383 2019 4448 pri-

427 4483 507 4536 sci
540 4480 729 4550 inclyti
751 4478 1095 4545 Genuenses,
1131 4477 1225 4548 qui
1258 4475 1780 4542 Galatam,accincti
1814 4473 2018 4544 gladio,

2123 3287 2298 3341 versis
2321 3284 2486 3347 Asiae,
2515 3281 2785 3344 Thracias,
2809 3279 3080 3349 Pontique
3104 3279 3381 3332 littoribus
3407 3285 3598 3331 contra
3615 3293 3714 3327 nr-

2118 3379 2240 3434 bem
2267 3378 2532 3446 disposita
2559 3375 2755 3430 classis
2780 3375 2926 3428 venit
2950 3389 2965 3427 :
2989 3371 3130 3426 inter
3146 3385 3284 3441 quas
3313 3372 3566 3425 triremes
3589 3357 3712 3435 sex,

2117 3483 2172 3528 et
2199 3472 2385 3525 decem
2422 3469 2692 3525 biremes:
2733 3469 3080 3538 septuaginta
3135 3467 3362 3534 reliqua:
3406 3466 3562 3521 iustae
3586 3466 3715 3520 unis

2119 3563 2529 3626 banchoremis;
2549 3562 2754 3632 cymba:
2777 3561 2942 3615 etiam
2964 3560 3311 3630 barculzeqne
3325 3560 3624 3630 sagittariis
3642 3559 3714 3612 ad

2119 3653 2544 3710 ostentationem
2566 3653 2742 3722 plenae
2763 3651 3105 3706 vehebantur
3133 3669 3147 3706 :
3182 3667 3304 3721 qua:
3330 3654 3575 3707 cinctum
3615 3667 3711 3705 ca-

2118 3759 2242 3802 tena
2280 3755 2498 3815 portum
2523 3753 2576 3800 et
2606 3743 2862 3798 manibus
2885 3745 3141 3799 rostratis
3164 3745 3301 3798 bene
3327 3745 3580 3808 armatis,
3601 3743 3711 3799 Ge-

2119 3838 2412 3893 nuensium
2438 3845 2668 3905 septem,
2692 3835 3036 3890 Cretensium
3072 3835 3257 3890 tribus
3283 3834 3598 3904 colligatum
3626 3836 3712 3888 in-

2121 3939 2267 3988 trare
2289 3945 2400 3986 non
2420 3930 2687 3997 valentes,
2705 3929 2887 3984 minus
2911 3928 2976 3983 ad
3004 3927 3182 3984 stadia
3203 3937 3428 3983 centum
3464 3925 3710 3994 Propon—

2121 4027 2250 4082 tidis
2281 4023 2399 4095 ripa
2431 4024 2704 4079 anchoras
2737 4023 2934 4095 ﬁgunt.
2983 4022 3051 4076 Et
3082 4037 3206 4075 cum
3241 4019 3554 4089 proximare
3598 4034 3708 4072 non

2121 4119 2408 4183 auderent,
2438 4131 2586 4171 mare
2609 4131 2639 4170 ο
2670 4116 2830 4183 longe
2858 4114 3156 4177 sulcantes,
3179 4110 3474 4180 lignamina
3503 4107 3717 4177 aliaque

2122 4212 2565 4268 machinamenta
2583 4208 2783 4263 castris
2795 4214 3106 4278 opportuna
3128 4203 3478 4261 deferebant.
3500 4203 3568 4255 At
3589 4215 3716 4256 eum

2123 4307 2370 4362 Teucrus
2394 4305 2575 4360 tribus
2593 4303 2706 4372 jam
2734 4303 2790 4356 in
2817 4301 2953 4357 locis
2977 4313 3281 4356 concussos
3303 4297 3576 4368 lapidibus
3594 4311 3720 4350 ntu-

2124 4415 2218 4455 ros
2243 4397 2519 4453 machinis
2542 4395 2842 4465 dissiparet
2869 4412 2884 4448 :
2916 4400 3221 4447 memoratu
3249 4389 3538 4460 cujusdam
3565 4388 3718 4442 inﬁdi

2125 4490 2426 4547 Christiani
2460 4503 2525 4541 ex
2563 4487 2704 4541 colle
2727 4485 2965 4538 biremes
2994 4483 3373 4537 intromittere
3403 4488 3584 4535 curat.
3624 4479 3721 4532 Est

429 4574 506 4628 uti
525 4573 619 4644 qui
657 4571 989 4642 reparabant
1015 4569 1476 4640 Hierosolymam.
1508 4567 1913 4623 condiderunt?
1943 4567 2020 4621 illi
2059 4564 2100 4619 ι)
2131 4583 2278 4638 enim
2306 4589 2498 4652 ρητιυ,
2521 4579 2633 4644 me,
2666 4574 2984 4632 beatissime
3013 4574 3197 4636 pater.
3223 4572 3276 4626 in
3301 4571 3526 4640 longum
3549 4585 3722 4638 ang..-

424 4663 738 4721 cumelluso
761 4679 960 4719 cruore
985 4673 1039 4716 et
1067 4677 1213 4722 are:
1242 4676 1343 4718 vos
1367 4677 1436 4716 ne
1464 4676 1540 4717 aes
1562 4672 1807 4716 vestrum
1837 4661 2025 4730 cupidi

425 4770 479 4814 et
506 4758 829 4828 sanguinem
852 4753 1224 4820 eﬂ‘underetis,
1244 4770 1370 4809 cunt
1387 4754 1640 4809 vecordia
1660 4753 1806 4808 illam
1829 4752 2030 4808 mundo

425 4853 682 4909 decoram
699 4852 911 4906 Teucro
924 4847 1248 4908 tradidistis.
1264 4847 1308 4904 si
1329 4857 1510 4902 tamen
1523 4848 1736 4902 tradere
1753 4846 2030 4918 potuistis.

503 4945 613 5003 Sed
674 4946 758 5018 (ut
816 4944 1104 5002 historiam
1156 4941 1580 5013 prosequamur)
1636 4939 1842 4994 interea
1901 4939 2031 4993 fati-

430 5042 541 5110 gati
617 5040 792 5095 nostri
855 5038 930 5094 de
991 5036 1250 5108 praesidio
1283 5033 1619 5091 diﬂidebant.
1668 5030 1806 5088 Nam
1847 5047 2030 5102 neque

427 5153 493 5189 ex
521 5134 740 5198 Genua,
771 5145 953 5201 neque
976 5147 1044 5186 ex
1076 5129 1348 5195 Venetiis,
1386 5128 1594 5198 quibus
1645 5128 1805 5199 (pace
1830 5141 2026 5182 eorum

431 5227 646 5299 diram)
677 5227 820 5281 tuitti
851 5224 1066 5290 debuit,
1129 5222 1403 5278 auxilium
1435 5220 1776 5277 mittebatur.
1844 5219 2032 5289 Neque

430 5319 653 5374 aliunde
675 5332 804 5388 spes
837 5328 982 5380 erat,
1025 5315 1128 5371 nisi
1161 5331 1228 5370 ex
1255 5313 1364 5368 Deo
1391 5314 1554 5384 cujus
1583 5315 1676 5385 qui
1707 5313 2030 5385 prudentius

427 5411 738 5468 tarditatem
766 5410 1120 5473 metiebatur,
1148 5423 1215 5464 ex
1243 5409 1506 5479 mysterio
1539 5409 1654 5463 ﬁeri
1678 5407 2026 5471 autumabat.

430 5504 578 5575 quod
611 5501 935 5569 inﬁdelitas,
961 5501 1229 5571 irreligio,
1272 5515 1578 5569 magnaque
1601 5500 1831 5580 erimina
1855 5498 2027 5554 Deum

428 5597 624 5669 potius
676 5595 992 5651 irritabant.
1055 5591 1214 5661 Vide,
1273 5592 1594 5650 beatissime
1644 5593 1827 5658 Pater,
1861 5607 2026 5662 quam

432 5690 682 5760 dignum,
745 5702 911 5756 quam
971 5695 1182 5742 rectum
1236 5686 1548 5757 judicium!
1657 5684 2027 5740 Celebrarunt

436 5779 696 5833 unionem
726 5775 904 5833 Graci
929 5792 1084 5845 voce,
1117 5778 1213 5835 sed
1245 5793 1408 5850 opere
1433 5778 1726 5847 negabant.
1787 5778 2025 5830 Aiebant

447 5869 668 5941 quidem
706 5878 1013 5942 nmguates,
1047 5885 1280 5942 quorum
1311 5885 1473 5928 cruor
1497 5871 1678 5927 hostili
1705 5869 1884 5941 gladio
1914 5869 2026 5938 jam

2133 4684 2391 4747 stumque
2408 4682 2721 4742 protractus
2747 4689 2762 4728 :
2795 4669 2955 4737 cujus
2983 4665 3304 4724 orientalem
3331 4665 3540 4734 plagam
3564 4664 3721 4718 colil-

2133 4778 2274 4842 gata
2297 4783 2464 4822 naves
2485 4774 2538 4821 et
2564 4775 2755 4820 catena
2778 4761 3094 4818 muniebant
3117 4777 3130 4816 :
3166 4759 3294 4812 inde
3316 4756 3570 4810 hostibus
3596 4757 3720 4810 adi-

2135 4875 2223 4920 tus
2255 4860 2612 4931 impossibilis
2674 4865 2814 4913 erat.
2847 4856 3032 4922 Quare
3068 4862 3124 4907 ut
3170 4859 3558 4920 coangustaret
3609 4851 3722 4904 cir-

2133 4954 2596 5022 cumvalleretque
2645 4950 2820 5020 magis
2849 4949 3064 5010 urbem,
3085 4944 3253 5014 jussit
3274 4943 3420 4997 invia
3452 4957 3675 5009 requare
3702 4961 3715 4996 :

2133 5058 2313 5117 exque
2337 5043 2480 5100 colle
2513 5040 2818 5113 suppositis
2850 5037 3038 5094 lenitis
3066 5035 3218 5090 vasis
3242 5033 3567 5089 lacertorum
3601 5049 3721 5094 sex.

2133 5139 2200 5194 ad
2233 5137 2408 5193 stadia
2439 5134 2787 5205 septuaginta
2820 5131 2965 5186 trahi
2999 5128 3258 5198 biremes,
3305 5146 3428 5202 quae
3486 5143 3721 5185 ascensu

2135 5229 2356 5299 gravius
2389 5226 2641 5292 sublatae,
2683 5223 2916 5294 posthac
2953 5237 3019 5278 ex
3045 5223 3202 5293 apice
3233 5223 3289 5278 in
3323 5221 3621 5284 declivem,
3652 5220 3721 5272 ad

2133 5323 2310 5392 ripam
2335 5319 2492 5376 sinus
2512 5317 2789 5373 levissime
2822 5314 3128 5372 introrsum
3157 5314 3520 5369 vehebantur.
3544 5309 3718 5377 Quam

2134 5413 2434 5468 novitatem
2501 5419 2656 5481 puto,
2731 5405 3062 5464 Venetorum
3142 5421 3312 5471 more,
3384 5420 3450 5460 ex
3529 5402 3726 5457 Cardie

2131 5505 2278 5568 lacu,
2336 5505 2384 5558 is
2426 5503 2520 5570 qui
2570 5500 2860 5558 artificium
2925 5497 3157 5556 Teucris
3236 5495 3512 5568 patefecit,
3584 5494 3725 5549 didi-

2132 5608 2305 5654 cerat.
2341 5598 2418 5652 lta
2451 5612 2552 5653 nos
2581 5597 2757 5667 magis
2813 5593 3016 5660 territi,
3073 5591 3449 5662 cogitabamus
3481 5604 3574 5644 eas
3625 5597 3725 5642 aut

2135 5693 2260 5760 igne
2289 5697 2385 5743 aut
2416 5689 2597 5760 lapide
2618 5687 3012 5745 exterminare.
3045 5683 3152 5739 Sed
3205 5698 3384 5753 neque
3431 5683 3535 5737 hoc
3590 5697 3721 5752 pro-

2131 5781 2276 5835 fuit:
2321 5794 2488 5836 naves
2521 5779 2626 5834 illa:
2679 5777 2904 5846 majoris
2954 5775 3263 5830 nocnmenti
3319 5773 3481 5828 nobis
3540 5779 3724 5835 erant,

2137 5870 2409 5927 machinis
2452 5872 2815 5942 undequaque
2852 5876 3060 5926 tntatte.
3089 5865 3182 5923 Sic
3207 5865 3320 5938 jam
3354 5863 3566 5935 perdito
3595 5877 3728 5935 por-
