4028 6566
353 427 422 488 93
435 427 452 488 l

1584 426 1972 492 moan
2021 416 2380 492 CHIENSIS

3523 425 3632 486 me.

354 552 434 606 tu,
471 557 693 598 necesse
757 544 858 599 fuit
886 556 948 597 ex
985 521 1180 613 postis,
1212 553 1268 598 ιιι
1301 545 1604 600 maritimos
1638 546 1948 601 custodire-
1980 551 2024 606 Α
2059 545 2268 605 bardis,
2293 542 2489 610 satagit
2517 538 2667 591 omni
2703 538 2942 592 acuitatc
2977 538 3204 592 artiﬁcis
3242 551 3406 591 naves
3435 535 3631 590 infrin-

355 650 482 690 mus
508 653 717 703 muros,
745 637 1061 692 deminuere
1099 639 1323 693 milites.
1365 637 1600 693 Proinde
1650 639 1753 694 hoc
1783 640 1941 702 inge-

359 729 454 782 nio
483 744 591 784 non
631 739 927 785 contentus
955 729 1221 795 Teucrus,
1253 729 1398 785 aliud
1432 746 1676 800 quoque,
1704 730 1942 801 quo‘nos'

357 830 590 876 terreret
625 821 820 890 magis,
849 823 1182 886 construxit,
1213 833 1428 892 pontent
1458 822 1711 877 videlicet
1749 823 1939 892 longi-

360 913 574 966 tudinis
618 899 919 967 stadiorum
966 913 1190 967 circiter
1241 913 1487 982 triginta,
1545 929 1612 967 ex
1650 913 1765 983 ripa
1816 914 1938 968 urbi

357 1005 628 1072 opposita,
664 1005 830 1059 maris
863 1005 955 1074 qui
985 1005 1166 1058 sinum
1209 1005 1505 1071 scinderet,
1535 1007 1681 1060 vasis
1713 1007 1940 1062 vinariis

357 1095 650 1164 colligatis.
677 1095 781 1151 sub
801 1095 1155 1159 constructis,
1201 1096 1543 1166 confixisque
1609 1097 1795 1167 lign’is,
1829 1113 1939 1167 quo

356 1187 628 1242 exercitus
652 1187 991 1250 decurreret.
1017 1188 1083 1242 ad
1112 1203 1326 1243 murum
1361 1204 1550 1258 prope,
1582 1189 1754 1257 juxta"
1785 1189 1942 1247 urbis

355 1280 587 1332 fanum:
622 1279 865 1334 imitatus
920 1277 1123 1335 Xerxis
1183 1281 1506 1349 potentiam,
1567 1281 1662 1351 qui
1695 1298 1761 1337 ex
1806 1281 1938 1338 Asia

355 1373 407 1422 in
463 1371 750 1438 Thraciam
800 1369 1088 1442 Bosphoro
1147 1373 1453 1428 exercitum
1503 1374 1768 1429 traduxit.
1818 1375 1936 1430 Non

355 1462 599 1515 restabat
634 1475 765 1531 ergo
805 1461 1160 1534 nisi,navium
1220 1474 1535 1533 catenatque
1590 1464 1936 1521 diametralis

354 1552 536 1616 tuitio,
555 1568 676 1620 quae
697 1553 987 1608 transitum
1011 1554 1385 1625 ingressumve
1401 1557 1562 1611 claSsi
1587 1556 1932 1626 prohibebat.

425 1642 638 1698 interea
669 1659 735 1699 ex
766 1644 905 1700 Chio
947 1647 1001 1700 in
1053 1656 1300 1701 nostrum
1334 1648 1645 1703 subsidium
1685 1659 1797 1703 tres
1828 1647 1935 1703 Ge-

354 1749 594 1788 nuenses
624 1735 815 1799 armis,
840 1736 1105 1792 militibus
1128 1735 1512 1805 frumentoque
1533 1739 1818 1794 conductae
1842 1755 1936 1792 na-

353 1839 448 1877 ves
478 1837 492 1874 :
529 1838 693 1877 unam
747 1824 1118 1896 imperatoris,
1155 1843 1279 1898 qua
1306 1841 1375 1884 ex
1427 1829 1612 1882 Sicilia
1658 1829 1950 1884 frumento'

2048 648 2214 702 gere:
2243 633 2489 687 referens
2505 627 2861 693 Pcrcnsibus,
2898 631 3190 706 quoniam,
3220 630 3297 701 u__ti
3352 615 3632 694 dixerant,

2043 729 2344 798 piratarum
2370 733 2550 790 erant,
2577 741 2716 798 quos
2749 725 3051 795 imperator
3084 713 3451 788 conduxerat,
3494 738 3632 775 con-

2043 827 2126 875 t‘ra
2152 836 2245 878 eas
2271 831 2434 891 agere
2456 820 2611 882 velle,
2632 834 2753 889 quae
2780 817 3130 872 inimicorum
3155 831 3381 872 suorum
3419 801 3637 871 essent.

2042 909 2231 983 itaque
2267 910 2484 979 artifex,
2509 912 2597 967 cui
2628 909 2868 982 provisio
2927 920 3122 978 negata
3153 909 3275 972 fuit,
3308 901 3382 964 ex
3423 897 3647 963 nostris

2041 1007 2107 1060 ad
2139 1004 2385 1061 Teucros
2422 993 2702 1066 reductus,
2735 1013 2946 1073 quanto
2977 985 3200 1072 ingenio
3225 994 3423 1072 potuit,
3464 1013 3636 1054 naves

2040 1097 2293 1168 frangere
2322 1091 2574 1151 studuit:
2617 1095 2916 1167 nescioque
2979 1108 3090 1164 quo
3163 1077 3274 1148 fato
3345 1083 3626 1147 resultans

2039 1188 2357 1246 bombardte
2388 1203 2416 1242 a
2456 1188 2596 1243 colle
2629 1187 2790 1257 lapis,
2850 1186 3190 1242 centurionis
3228 1177 3442 1248 navem,
3492 1183 3631 1238 forte

2039 1285 2110 1336 ob
2139 1281 2372 1345 crimen,
2398 1295 2508 1335 uno
2538 1280 2648 1334 ictu
2679 1269 2935 1334 confodit
2967 1296 2982 1336 :
3014 1294 3138 1348 qua:
3177 1274 3453 1346 extemplo
3486 1291 3631 1329 mer—

2037 1373 2191 1428 cibus
2220 1381 2437 1438 onusta,
2475 1367 2701 1426 fundum
2727 1387 2902 1427 mersa
2962 1371 3141 1440 petiit,
3169 1355 3472 1424 maximum
3519 1367 3630 1421 dis~

2038 1465 2246 1522 crimen
2303 1465 2521 1535 quidem
2582 1463 2848 1519 inferens.
2905 1463 3026 1529 Quo
3067 1477 3198 1520 casu
3267 1459 3498 1530 reliqua:
3561 1474 3630 1512 ne

2037 1557 2456 1626 confringantur
2479 1570 2635 1610 muro
2654 1554 2860 1610 Galatae
2886 1561 3144 1624 protectae
3165 1552 3392 1607 haerent.
3420 1546 3630 1604 Miran-

2039 1648 2394 1719 dumquidem
2425 1647 2819 1714 Deijudicium,
2850 1656 2912 1701 ut
2943 1646 3202 1701 immissis
3223 1644 3626 1713 quinquaginta

2037 1750 2092 1794 ct
2115 1749 2335 1794 centum
2372 1753 2541 1808 prope
2571 1735 2868 1807 lapidibus,
2898 1737 3097 1807 quibus
3124 1735 3414 1806 perforatae
3441 1736 3629 1787 multae

2036 1824 2242 1885 Galatre
2268 1831 2488 1895 domus,
2512 1830 2656 1884 inter
2687 1829 2915 1899 triginta
2943 1828 3205 1882 mulieres
3230 1826 3621 1896 conglobatas,

354 1925 550 1968 onusta
579 1894 898 1983 advenerat,
919 1894 1186 1974 comitem“
1202 1921 1475 1976 ducebant
1499 1939 1522 1977 ε’
1550 1937 1690 1992 quas
1713 1925 1770 1976 ut
1806 1922 1931 1978 mox
1968 1894 2016 1950 δ’
2037 1936 2146 1977 una
2169 1921 2285 1977 sola
2315 1923 2532 1991 optimte
2563 1894 2720 1975 {amre
2743 1894 3064 1989 interempta
3101 1919 3222 1973 fuit.

355 2007 567 2064 vicinas
593 2009 712 2063 urbi
748 2011 962 2076 classis,
983 2027 1106 2082 qua:
1125 2013 1448 2077 excubabat,
1470 2015 1748 2085 applicare
1765 2016 1938 2072 vidis-

356 2110 440 2153 set
476 2118 491 2155 :
525 2101 736 2157 concite
768 2105 1139 2174 strepentibus
1192 2106 1486 2177 tympanis,
1547 2107 1804 2179 tubisque
1849 2125 1942 2167 so-

297 2234 302 2242 .
357 2193 637 2256 nantibus,
671 2195 1004 2251 intuentibus
1038 2199 1192 2252 nobis
1221 2185 1467 2264 obvatlit,
1519 2199 1733 2270 lingcns
1766 2200 1938 2273 impe-

358 2286 553 2339 ratoris
581 2300 771 2340 navem
803 2302 1118 2358 expugnare
1167 2290 1325 2346 velle.
1376 2290 1715 2348 Teucrorum
1744 2292 1836 2351 rex
1869 2308 1946 2351 ex

261 2371 263 2374 ⁴
354 2377 494 2432 colle
517 2378 762 2444 Perensi,
816 2379 1054 2436 fortunat
1102 2390 1432 2453 exspectans
1485 2398 1768 2450 eventum,
1812 2403 1940 2458 pro-

356 2471 538 2539 Spicit.
569 2471 732 2526 Fiunt
759 2483 890 2528 tunc
915 2475 1055 2530 celsi
1084 2474 1386 2542 clamores;
1421 2477 1678 2534 triremes
1703 2480 1940 2550 majores

357 2563 589 2617 navibus
611 2564 838 2631 harent;
866 2574 1077 2622 tentant
1094 2566 1452 2637 imperialem,
1498 2578 1554 2623 et
1592 2578 1953 2639 protectama'

358 2657 564 2712 nostris
587 2657 851 2713 audacius
874 2657 1138 2715 invadunt
1163 2676 1180 2726 ;
1200 2669 1478 2716 certamen
1499 2662 1692 2717 ineunt
1717 2679 1731 2727 ;
1757 2662 1939 2719 locum

361 2749 634 2805 machinis
651 2749 910 2806 adhibent
932 2770 947 2818 ;
967 2753 1442 2823 sagittasjaciunt.
1464 2753 1557 2809 Sic
1584 2767 1742 2810 atrox
1763 2770 1941 2826 pugna

357 2844 744 2899 committitur.
761 2844 941 2900 Naves
958 2844 1211 2900 Mauritio
1226 2844 1518 2901 Genuense
1541 2847 1750 2902 Catane
1765 2846 1943 2918 impe-

355 2943 513 2988 rante
528 2949 594 2988 ex
612 2935 1181 3009 adverso'repugnant.
1200 2936 1280 2992 lbi
1300 2936 1609 2993 Dominicus
1623 2937 1690 2993 de
1709 2939 1855 2994 Nova
1864 2939 1944 2995 ria

355 3036 410 3080 et
440 3026 678 3095 Baptista
717 3029 784 3082 de
803 3029 1129 3094 Felliczano,
1151 3028 1419 3083 Balanerii
1455 3034 1668 3097 patroni
1690 3028 1947 3086 Genuen-

356 3130 450 3171 ses
474 3119 647 3172 ardue
670 3133 914 3186 pugnam
935 3128 1377 3187 prosequuntur.
1405 3117 1736 3172 Balistarum
1765 3119 1947 3174 horri-

363 3207 556 3262 bilium
583 3210 816 3263 missilia
838 3208 1162 3277 iaciuntur;
1192 3224 1372 3278 exque
1397 3209 1620 3264 coronis
1651 3211 1945 3268 navalibus

359 3303 505 3355 intra
531 3300 873 3357 Teucrorum
898 3304 1240 3356 commistam
1264 3302 1496 3358 classem
1523 3302 1718 3357 inﬁniti
1738 3303 1945 3373 lapides

357 3394 743 3448 demittuntur.
782 3392 995 3447 Tuetur
1027 3409 1086 3448 se
1121 3395 1340 3464 egregie
1365 3395 1715 3465 imperatoris
1742 3397 1898 3452 navis
1925 3415 1942 3464 ;

355 3487 631 3543 succurrit
659 3487 984 3542 Flectanella
1013 3495 1316 3557 patronus;
1365 3487 1676 3544 bombardae
1711 3499 1947 3560 perstre-

357 3589 530 3645 punt;
579 3577 638 3632 lit
672 3577 915 3633 ululatus
943 3578 994 3633 in
1031 3579 1232 3634 etn'lum
1261 3597 1274 3644 ;
1307 3581 1731 3650 confringnntur
1763 3582 1944 3653 galea-

356 3687 475 3726 rum
507 3672 640 3728 remi
675 3688 691 3736 ;
725 3671 918 3728 Teucri
945 3671 1063 3727 sine
1109 3672 1436 3728 remissione
1457 3674 1798 3731 sanciantur.
1827 3671 1941 3731 Rex

354 3766 446 3833 qui
469 3779 534 3818 ex
550 3764 688 3820 colle
709 3764 1108 3834 circumspicit,
1135 3767 1281 3835 quod
1307 3766 1502 3822 classis
1527 3765 1663 3836 perit
1685 3766 1942 3836 blasphe-

355 3864 466 3910 mat
503 3872 518 3919 ;
554 3863 710 3926 urget
752 3870 954 3924 equum
987 3856 1038 3910 in
1067 3857 1286 3923 salum;
1313 3858 1639 3914 vestimenta
1691 3864 1816 3913 cum
1850 3856 1937 3911 fu-

356 3963 476 4003 rore
505 3951 816 4004 consctndit
841 3965 855 4014 ;
891 3949 1259 4018 ingemiscant
1285 3950 1501 4020 pagani,
1532 3959 1587 4005 et
1609 3960 1758 4006 totus
1780 3966 1940 4004 excr-

352 4043 494 4095 citus
525 4039 838 4096 aliiictatur.
899 4040 1042 4107 Quid
1079 4041 1268 4096 ultra?
1329 4039 1539 4097 Bellum
1595 4053 1938 4106 recensetur,

353 4132 644 4188 invalescit
675 4146 857 4201 pugna
885 4147 903 4197 ;
933 4143 990 4186 et
1018 4133 1184 4194 tantis
1231 4131 1461 4188 classem
1494 4131 1616 4188 telis
1639 4133 1940 4202 lapidibus-

352 4241 458 4292 que
491 4224 754 4284 obruunt,
805 4231 886 4275 tot
946 4220 1186 4277 Teucros
1244 4223 1525 4288 occidunt,
1557 4234 1616 4277 ut
1667 4226 1938 4280 declinato

355 4327 528 4370 marte
558 4315 623 4368 ad
649 4315 802 4368 littus
824 4329 1070 4370 remeare
1105 4331 1212 4370 non
1245 4317 1475 4384 possint.
1509 4316 1938 4384 Exploratorem

351 4415 406 4459 et
430 4405 782 4474 profugorum
816 4405 992 4458 relatu
1033 4404 1347 4466 didicimus,
1378 4404 1524 4474 quod
1558 4406 1748 4461 decem
1803 4421 1934 4477 pro-

352 4513 415 4565 pe
444 4495 612 4550 millia
642 4496 959 4550 ceciderunt
985 4511 1001 4562 ;
1029 4495 1121 4549 alii
1155 4495 1335 4564 gladio
1361 4497 1650 4565 perempti,
1684 4506 1739 4551 et
1767 4497 1933 4567 sagit-

2110 2013 2279 2067 Erant
2304 2012 2528 2082 perinde
2558 2013 2612 2066 in
2645 2020 2806 2082 portu
2842 2010 3097 2066 triremes
3135 2009 3478 2064 mercatorize
3505 2016 3621 2061 tres

2042 2097 2263 2158 Venetze
2290 2103 2524 2173 dumque
2541 2101 2712 2172 agiles
2743 2102 2796 2155 in
2822 2112 3036 2171 portum
3067 2100 3134 2154 ad
3156 2100 3382 2154 tutelam
3401 2114 3620 2153 eat-tuus

2041 2197 2167 2252 dem
2191 2195 2490 2266 designata:
2523 2213 2536 2249 :
2567 2209 2707 2264 quas
2741 2208 2940 2262 magno
2969 2208 3093 2247 cum
3123 2192 3346 2245 hortatu
3382 2192 3623 2259 impera.

2041 2297 2133 2343 tor
2162 2289 2285 2344 auri
2319 2292 2374 2343 in
2409 2303 2631 2343 menses
2670 2303 2840 2357 prope
2881 2301 2982 2343 sex
3019 2301 3122 2354 pro
3171 2285 3406 2338 tuitione
3461 2284 3617 2337 urbis

2041 2391 2249 2437 restare
2274 2381 2510 2448 fecerat;
2531 2395 2674 2451 quae,
2696 2394 2885 2450 pacem
2907 2395 3033 2433 cum
3051 2380 3258 2434 Teucro
3277 2377 3619 2438 simulantes,

2041 2473 2286 2529 nonnisi
2350 2474 2666 2530 clanculum
2727 2471 3060 2540 praestabant
3115 2459 3322 2524 Graecis
3381 2456 3620 2540 patroci-

2043 2565 2219 2620 nium.
2251 2563 2457 2620 Verum
2485 2578 2610 2618 cutn
2661 2563 2866 2618 notula:
2897 2563 3037 2632 fuga:
3057 2562 3381 2632 aliquandiu:
3431 2575 3618 2615 earum

2042 2658 2370 2728 patuissent,
2391 2668 2503 2711 tum
2518 2655 2662 2726 quod
2683 2668 2895 2712 merces
2909 2669 2977 2711 ex
2995 2655 3180 2711 fundis
3197 2669 3260 2710 su
3269 2653 3622 2723 pellectilem—

2043 2765 2152 2820 que
2185 2747 2574 2813 traducebant,
2603 2758 2784 2804 actum
2819 2757 2924 2814 est,
2960 2756 3024 2803 ut
3075 2748 3226 2804 nullo
3271 2757 3432 2819 pacto
3474 2745 3619 2816 quod

2042 2840 2304 2910 populum
2356 2840 2693 2905 turbassent,
2722 2841 3092 2911 prohibitione
3117 2827 3467 2910 imperaioris
3501 2852 3622 2905 qum

2045 2932 2336 2988 restabant
2395 2932 2875 3000 traducerentur;
2935 2933 3182 3002 qttinimo
3245 2933 3527 2988 deonusta:
3567 2931 3619 2984 iu

2047 3036 2250 3082 terram
2282 3034 2723 3096 reportarentur.
2761 3027 2871 3083 Res
2926 3028 3042 3082 haec
3090 3026 3314 3082 Venetis
3371 3025 3623 3095 indigna-5

2048 3116 2213 3171 tionis
2232 3116 2475 3172 fomitem
2515 3117 2848 3172 ministravit
2880 3135 2896 3183 ;
2925 3128 3115 3185 utpote
3141 3119 3286 3188 quod
3347 3118 3619 3182 libertate,

2049 3208 2354 3280 privilegiis
2391 3224 2493 3280 pro
2564 3202 2779 3264 honere
2808 3209 3042 3264 dominii
3080 3211 3272 3265 eorum
3304 3209 3502 3274 nactis,
3535 3225 3638 3264 ve—.

2050 3303 2348 3358 recundius
2383 3303 2758 3372 privarentur.
2792 3301 3126 3358 Sedsedatis
3156 3303 3388 3373 posthac
3419 3302 3618 3357 animis

2014 3466 2019 3471 ι
2051 3410 2152 3450 suo
2183 3397 2414 3451 arbitrio
2455 3397 2656 3460 relicti,
2688 3395 2966 3466 spondent
2996 3396 3189 3451 Veneti
3225 3396 3373 3450 omni
3430 3396 3537 3449 lide
3561 3403 3615 3448 et

2048 3487 2232 3542 studio
2261 3486 2328 3541 ad
2356 3487 2517 3541 [litem
2552 3501 2728 3557 usque
2763 3487 2886 3541 belli
2917 3487 3058 3541 tueri
3095 3487 3308 3541 urbem.

2120 3581 2188 3632 At
2243 3578 2474 3649 posthac
2502 3579 2650 3634 inter
2687 3577 2924 3649 Venetos
2969 3585 3024 3631 et
3070 3577 3392 3633 Genuenses
3418 3577 3620 3632 Galatae

2045 3665 2578 3729 obortaidissensio
2637 3681 2725 3728 est
2779 3689 2793 3725 :
2861 3673 3008 3742 quod
3057 3672 3197 3728 alter
3269 3671 3423 3726 alteri
3481 3670 3619 3740 fttga'

2043 3760 2414 3835 suspicionem
2445 3764 2872 3835 exprobrassent
2904 3780 2917 3816 :
2955 3762 3331 3818 asserentibus
3355 3761 3576 3817 Venetis
3599 3801 3615 3827 ,

2047 3864 2107 3908 et
2141 3855 2371 3926 tollatur
2405 3856 2666 3926 suspicio,
2702 3856 2850 3926 quod
2873 3870 2906 3910 e
2968 3855 3202 3910 navibus
3247 3856 3362 3910 suis
3425 3855 3620 3923 guber-

2043 3952 2238 4006 nacula
2263 3953 2611 4027 carbasaque
2643 3953 2789 4022 apud
2819 3951 3360 4022 Constantinopolim
3381 3951 3433 4004 in
3460 3949 3616 4003 salvo

2042 4038 2342 4112 deponant.
2373 4043 2646 4113 lndiguati
2679 4042 3002 4101 Genuenses
3031 4061 3046 4099 :
3080 4041 3148 4100 Et
3179 4045 3226 4100 si
3265 4058 3456 4115 pacem
3516 4042 3617 4112 (in-

2039 4136 2256 4206 quiunt)
2287 4138 2538 4192 consulto
2557 4138 2723 4192 etiam
2749 4140 3116 4208 imperatoris,
3142 4154 3241 4208 pro
3269 4140 3446 4194 salute
3471 4137 3619 4193 Gre»

2039 4241 2252 4290 corum,
2285 4241 2406 4296 quae
2457 4229 2766 4282 communis
2793 4239 2899 4296 est,
2946 4231 3126 4299 aliqua
3158 4230 3326 4300 proba
3361 4231 3634 4284 dissimu--

2039 4318 2241 4372 latione
2297 4327 2684 4389 supportamus
2720 4336 2846 4375 cttm
2899 4318 3136 4388 Teucro,
3190 4322 3332 4377 absit
3401 4329 3612 4376 tantum

2039 4408 2276 4476 facinus,
2306 4417 2381 4464 'ut
2414 4397 2607 4464 Peram
2653 4421 2768 4466 toto
2809 4413 2943 4467 orbe
2993 4413 3444 4482 pulcherrimam,
3483 4429 3614 4466 uxo-

2037 4515 2149 4566 res,
2189 4500 2412 4565 liberos,
2445 4501 2853 4571 thesaurosque
2882 4504 3204 4559 deseramus
3233 4493 3397 4573 quam
3435 4518 3610 4571 usque
3661 4537 3664 4540 .

350 4600 443 4654 tis,
473 4599 527 4644 et
557 4588 850 4653 machinis,
880 4587 969 4640 alii
997 4586 1240 4642 confossi
1303 4588 1642 4650 vulneribus.
1695 4589 1927 4644 lli-sbilcm
1959 4593 2010 4666 ι)
2038 4593 2103 4647 ad
2130 4593 2420 4665 sanguinis
2450 4592 2776 4649 eﬂ'usionem
2795 4592 3086 4650 defensare
3107 4595 3474 4664 disponimus.
3503 4594 3614 4648 Gtt-

350 4684 652 4736 exercitum
705 4680 1088 4736 reddiderunt.
1134 4681 1447 4751 Erantquzc
1478 4681 1798 4737 invaserunt
1833 4699 1931 4738 na-

348 4789 443 4844 ves
473 4775 616 4828 inter
679 4775 932 4828 triremes
988 4784 1042 4827 et
1083 4773 1317 4827 biremes
1378 4773 1606 4828 circiter
1655 4775 1926 4831 ducentae.

346 4863 586 4919 Confusa
651 4873 780 4918 tunc
813 4864 957 4933 regis
987 4863 1212 4918 ambitio
1239 4873 1344 4927 est,
1386 4865 1646 4935 parvique
1703 4881 1926 4936 reputa-

351 4966 402 5009 ta
431 4957 669 5026 potentia
701 4956 849 5024 quod
891 4964 967 5009 tot
1001 4955 1254 5009 triremes
1305 4969 1495 5008 navem
1533 4957 1724 5010 saltem
1765 4974 1925 5012 unam

353 5064 459 5100 non
483 5045 751 5116 ceperint.
780 5043 954 5099 Naves
977 5061 1105 5113 ergo
1137 5043 1270 5112 (Deo
1291 5046 1486 5116 gratia)
1507 5061 1612 5100 non
1629 5046 1929 5116 ima-{nec

352 5154 461 5192 uno
514 5138 708 5192 saltem
748 5135 969 5190 homine
1027 5136 1283 5205 perdito,
1335 5123 1543 5207 aliquot
1584 5149 1764 5193 tamen
1815 5141 1930 5194 vul-

353 5232 774 5296 ncratis,uoctu
829 5229 993 5282 salva:
1033 5229 1523 5299 cumjucuuditate
1579 5241 1793 5299 portum
1848 5233 1932 5286 in-

353 5334 517 5380 trant.
584 5324 696 5379 Rex
729 5331 922 5376 contra
983 5321 1176 5376 classis
1207 5323 1522 5390 pra-fectum
1585 5323 1928 5393 Balthoglutn

351 5417 552 5486 oppido
577 5417 892 5485 indignatus
916 5453 932 5481 ,
969 5412 1224 5483 precibus
1261 5412 1536 5469 Baronum
1559 5425 1848 5472 tconcessa
1881 5418 1929 5472 ei

351 5508 482 5571 vita,
511 5509 836 5562 sententiam
875 5507 1020 5572 tulit,
1053 5507 1200 5577 quod
1232 5505 1408 5560 olIicio
1454 5515 1508 5560 et
1539 5509 1695 5563 bonis
1745 5509 1930 5564 omni-

353 5600 454 5653 bus
476 5599 1099 5670 privaretui'cCogitavit
1161 5601 1345 5668 itaque
1381 5601 1508 5654 odio
1572 5616 1843 5656 accmsus
1877 5603 1930 5655 in

352 5704 519 5743 naves
546 5703 613 5743 ex
641 5688 775 5743 colle
806 5688 1033 5755 Galatae,
1061 5687 1313 5744 orientali
1348 5689 1526 5757 plaga,
1558 5690 1641 5743 vel
1673 5706 1764 5742 eas
1797 5689 1934 5758 lapi-

347 5782 512 5836 dibus
535 5779 909 5834 machinarum
927 5780 1180 5844 obruere,
1237 5780 1320 5834 vel
1345 5796 1374 5832 a
1403 5789 1597 5834 catena
1635 5781 1928 5849 depellere.

357 5873 644 5946 Dispositis
716 5873 899 5942 itaque
953 5883 1008 5929 ct
1073 5890 1136 5929 ex“
1204 5874 1323 5943 ripa
1393 5872 1717 5928 occidentali
1775 5874 1929 5929 bom-

2037 4685 2338 4740 bernacula
2375 4685 2727 4753 carbasaque
2759 4694 3072 4740 nostrarum
3124 4685 3368 4750 navium,
3405 4701 3474 4739 ne
3503 4686 3612 4739 exi-

2031 4794 2139 4847 guo
2175 4778 2353 4847 pretio
2385 4777 2629 4848 inclytus
2651 4777 2857 4832 Genuae
2886 4778 3058 4833 decor
3093 4777 3236 4846 apud
3264 4792 3363 4833 vos
3389 4779 3480 4840 sit,
3502 4791 3608 4830 non

2032 4868 2086 4923 in
2123 4869 2298 4924 aliena
2329 4877 2619 4939 potestate,
2647 4869 2743 4924 sed
2777 4871 2826 4922 in
2861 4877 3050 4923 nostra
3075 4869 3435 4926 servabimus.
3465 4867 3612 4921 Nun-

2029 4977 2192 5032 quam
2219 4963 2356 5033 fuga:
2383 4963 2600 5024 licentia
2623 4963 2783 5017 nobis
2799 4963 2984 5026 datur,
3017 4963 3063 5018 si
3091 4955 3177 5018 res
3201 4963 3426 5017 nostras
3456 4960 3608 5015 arbi-

2033 5055 2140 5108 trio
2173 5064 2367 5110 uestro
2399 5069 2704 5110 servamus.
2741 5055 2936 5109 l‘acata
2965 5057 3195 5125 posthac
3219 5062 3416 5109 cuncta
3457 5060 3607 5114 sunt,

2032 5146 2320 5216 agentibus
2344 5145 2570 5202 Venetis
2596 5147 2661 5200 de
2681 5148 2997 5201 triremibus
3021 5147 3161 5210 suis,
3184 5148 3260 5200 uti
3291 5147 3610 5201 voluissent.

2099 5239 2395 5294 Crescente
2417 5239 2759 5308 postmodum
2803 5241 3081 5308 angustia,
3099 5240 3410 5293 consultum
3432 5250 3537 5302 est,
3565 5240 3608 5292 si

2033 5345 2145 5402 quo
2178 5333 2339 5387 modo
2366 5332 2714 5387 intromissas
2743 5331 2980 5385 hostium
3037 5332 3212 5387 iustas
3241 5348 3400 5387 urere
3441 5333 3610 5386 nostri

2032 5434 2260 5493 possent
2287 5442 2300 5478 :
2332 5425 2700 5500 clanculoque
2751 5440 2854 5477 una
2880 5424 3096 5478 dierum
3123 5433 3251 5477 ante
3282 5425 3456 5478 lucem
3482 5424 3612 5476 dua-

2033 5515 2138 5569 bus
2177 5518 2410 5570 na’vibus
2441 5533 2539 5586 per
2573 5519 2840 5570 Joannem
2863 5515 3236 5572 Justiniauum
3259 5515 3605 5584 capitancttm

2033 5606 2342 5676 dispositis,
2373 5623 2497 5662 cum
2525 5610 2734 5678 aliquot
2763 5607 3067 5663 biremibus
3098 5608 3166 5662 ad
3187 5609 3364 5677 ripam
3400 5610 3605 5663 vellen-

2035 5698 2143 5761 dis,
2178 5705 2367 5766 parato
2392 5699 2514 5754 foco
2541 5712 2594 5755 et
2623 5701 2892 5755 machinis
2928 5719 2941 5754 :
2971 5701 3028 5755 lit
3059 5701 3318 5756 detractis
3349 5702 3602 5762 navibus,

2037 5791 2166 5845 dato
2192 5791 2409 5854 ordine,
2441 5801 2502 5846 ut
2535 5793 2744 5863 cymbae
2771 5801 2952 5856 ret-tat,
2999 5811 3134 5863 quas
3182 5795 3437 5850 barbotas
3470 5793 3604 5848 dici-

2041 5884 2538 5954 mus,bitemesque
2568 5896 2930 5957 sequerentur
2979 5900 2992 5938 :
3035 5887 3134 5942 ltoc
3169 5888 3291 5944 ideo
3327 5897 3384 5942 ut
3436 5888 3607 5942 muni.
