4028 6436
338 347 453 410 933

1448 349 1544 406 DE
1579 345 2192 407 EXPUGNATIONE
2237 347 2530 406 Cl‘OLlS.

3488 361 3602 425 93d

338 469 405 516 ta:
422 458 600 516 saeuis
641 458 763 512 lana
803 457 980 529 plenis
1009 472 1199 522 naves,
1234 459 1385 526 prius
1416 477 1478 513 es
1517 460 1790 515 machinis
1822 475 1917 513 ac-
1949 468 1992 521 Α
2024 460 2359 515 excedebant
2393 477 2408 513 :
2457 461 2670 528 reliqui,
2703 462 2818 515 sive
2842 461 3188 527 Genuenses,
3229 466 3348 522 sive
3389 470 3602 536 Veneti,

334 552 847 624 ciperentlapidum
898 553 1064 606 ictus.

408 648 473 699 At
495 643 735 699 Jacobus
762 643 968 707 Coche,
994 646 1077 697 vir
1103 642 1363 709 Venetus,
1385 655 1654 698 arinataut
1680 659 1745 699 es
1774 657 1911 698 nau-

337 740 406 792 tis
429 738 742 792 triremium
764 734 1100 790 Venetorum
1123 737 1462 805 imperialem
1495 737 1759 790 biremem
1787 735 1915 805 jux—

336 842 390 885 ta
422 829 676 884 ordinem
709 830 918 892 datum,
948 830 1136 899 gloria:
1173 831 1477 887 ethoooris
1511 831 1733 893 avidus,
1768 829 1918 882 laxa-

333 925 405 976 tis
449 921 640 984 remis,
691 921 1112 990 prtevenientem
1189 923 1514 986 convertit;
1562 935 1798 989 tutosque
1856 929 1916 973 ut

332 1015 404 1068 ab
429 1014 678 1067 hostibus
695 1011 940 1066 cernitur
958 1012 1119 1081 (heu-l
1145 1028 1363 1082 gravem
1388 1023 1590 1065 sortem
1613 1011 1659 1080 Ξ)
1694 1026 1726 1066 e
1759 1011 1914 1065 bom—

335 1105 508 1158 barda
528 1103 705 1172 lapide
728 1104 909 1155 medio
927 1113 1242 1172 penetratur
1267 1119 1281 1155 :
1312 1119 1435 1157 cum
1462 1103 1716 1156 omnibus
1737 1116 1916 1155 arma-

332 1199 407 1250 tis
432 1211 653 1261 azquore
675 1195 899 1247 biremis
926 1195 1276 1250 absorbetur.
1315 1194 1432 1249 Heu
1459 1196 1474 1247 ι
1507 1194 1668 1246 Pater
1707 1192 1911 1246 beatis-

331 1289 492 1347 sime,
537 1301 703 1356 grave
737 1284 1035 1339 discrimen
1071 1296 1130 1338 ut
1174 1302 1284 1339 uno
1343 1285 1456 1340 ictu
1494 1283 1730 1353 Neptuni
1761 1282 1916 1336 furor

337 1377 693 1430 immerserit.
723 1375 938 1430 Etenim
968 1390 1056 1431 res
1075 1377 1190 1430 haec
1209 1376 1425 1430 detecta
1462 1376 1742 1443 relataque
1771 1373 1916 1427 Teu-

333 1473 448 1526 cris
467 1470 598 1539 agit,
619 1469 823 1523 utdum
858 1468 1030 1523 nostri
1062 1477 1349 1538 percutere
1370 1466 1732 1535 voluere,ipsi
1763 1465 1916 1534 prius

341 1561 590 1631 percussi
644 1560 782 1615 sint.
826 1559 933 1614 Sed
952 1561 1084 1630 quid
1112 1561 1312 1625 dicam,
1363 1559 1680 1614 beatissime
1719 1557 1919 1612 Pater?

329 1656 683 1708 Accusarene
742 1653 1048 1722 quempiam
1090 1653 1263 1707 licet?
1322 1652 1596 1708 silendum
1646 1650 1779 1704 mihi
1808 1659 1919 1704 est.

331 1747 440 1811 Qui
471 1759 642 1800 casus
659 1759 788 1800 acer
806 1745 936 1799 bunt
971 1745 1192 1798 luctum;
1212 1746 1414 1799 nostris
1442 1745 1594 1798 dedit
1617 1761 1644 1810 ;.
1665 1757 1723 1797 et
1769 1741 1916 1796 unde

2025 566 2151 606 cum
2190 552 2276 606 his
2305 553 2492 622 qui-ex
2535 553 2665 607 Pera
2701 554 2842 606 clam
2873 557 2939 609 ad
2975 557 3294 623 praesidium
3357 563 3610 617 aesesse-

2039 652 2189 707 rant,
2219 643 2307 696 vix
2339 658 2613 697 summam
2672 645 2840 699 trium
2882 648 3111 702 millium
3141 650 3448 718 aequabant.
3501 655 3607 708 Sed

2023 734 2154 804 quid
2184 736 2397 803 agimus
2417 736 2469 788 in
2495 751 2589 790 ore
2620 736 2834 791 leonis?
2863 739 2990 808 qud
3023 725 3323 795 fortnica'in‘
3343 751 3438 797 ore
3457 747 3610 798 ursi?

2025 828 2154 896 quid
2181 842 2325 882 unus
2346 836 2542 882 contra
2566 830 2714 883 mille
2745 829 2774 882 7
2799 830 3019 884 Etenim“
3039 837 3212 887 nostri
3257 837 3344 888 vix
3418 837 3604 890 urbem

2026 927 2193 988 ponto
2221 925 2476 988 terraque
2497 919 2779 974 obsessam
2824 924 3419 994 circumvallatamque,
3445 943 3606 996 quam

2023 1009 2325 1064 octodecim
2385 1010 2638 1076 milliaria
2675 1012 3139 1082 complectuntur,
3187 1019 3530 1074 muniebant.

2099 1101 2226 1166 Sed,
2262 1115 2296 1155 o
2331 1101 2643 1157 Graecorum
2671 1105 3029 1174 impietatem,
3065 1124 3098 1162 o
3130 1112 3320 1178 patria:
3359 1113 3608 1181 prodito-

2027 1207 2134 1254 res,
2165 1210 2198 1244 ο
2225 1207 2422 1246 avaros
2459 1195 2772 1263 lquos-cum
2803 1206 3180 1265 saepenmnero
3203 1203 3458 1271 lacrymis
3478 1219 3609 1273 per-

2025 1281 2181 1336 fusus
2204 1283 2364 1354 inops
2395 1285 2695 1354 imperator
2720 1297 2969 1357 rogasset
2993 1295 3050 1343 ut
3066 1306 3160 1359 pro
3187 1293 3463 1348 militibus
3475 1311 3604 1348 cou-

2023 1373 2296 1430 ducendis
2313 1376 2599 1444 pecuniam
2632 1381 2968 1440 mutuarent.
2989 1383 3248 1449 jurabant
3275 1399 3340 1439 se
3388 1385 3604 1454 inopes.

2023 1464 2440 1535 exhaustosque
2492 1467 2728 1536 penuria
2783 1477 3116 1537 temporum.
3185 1487 3338 1541 tutos
3375 1479 3604 1544 posthac

2025 1557 2331 1612 ditissimos
2347 1558 2523 1614 inustis
2548 1559 2778 1615 invenit.
2797 1561 2842 1613 Α
2872 1562 3060 1630 paucis
3076 1564 3432 1620 nihilominus
3452 1583 3602 1636 qua:-

2025 1649 2154 1702 dam
2190 1652 2443 1705 ultronea
2475 1650 2686 1706 oblatio
2717 1650 2871 1713 facta
2885 1661 2993 1709 est.
3041 1653 3351 1711 Curd-inttlis
3419 1656 3603 1712 hercle

2027 1756 2192 1796 omne
2219 1741 2457 1796 studium
2488 1741 2737 1798 adhibuit
2761 1742 3058 1800 inferenda
3080 1751 3290 1817 ope.-in
3318 1749 3602 1805 [irritandis

330 1841 610 1901 exierunt,
647 1850 815 1891 naves
837 1851 959 1891 cum
984 1835 1316 1892 confusione
1346 1836 1600 1890 retraxit.
1654 1832 1734 1890 Es
1762 1843 1912 1888 mer-
1943 1873 1991 1932 B
2026 1834 2274 1888 turribus
2299 1843 2356 1888 et
2389 1847 2572 1889 muro.

331 1931 412 1983 sis
451 1929 580 1983 inde
604 1936 1036 1997 superuatantes
1057 1928 1283 1996 quidam
1305 1928 1374 1982 ad
1408 1927 1568 1983 littus
1613 1931 1908 1998 capiuntur

331 2022 404 2075 ab
435 2005 706 2085 hostibus,
745 2034 885 2088 quos
913 2020 1114 2088 impius
1145 2035 1238 2074 rex
1275 2030 1406 2076 ante
1427 2021 1622 2075 oculos
1684 2033 1910 2074 nostros

333 2112 399 2166 in
432 2113 674 2166 crastino
702 2111 970 2166 decollari
982 2111 1170 2181 jussit.
1205 2111 1386 2168 Nostri
1418 2112 1749 2175 exacerbati,
1769 2123 1919 2179 quos

333 2204 612 2258 habebant
639 2204 883 2272 captivos
911 2203 968 2256 in
997 2217 1243 2268 carcere,
1261 2201 1510 2257 Teucros
1540 2200 1608 2256 ad
1644 2215 1827 2256 muros
1855 2201 1910 2254 in

332 2311 564 2351 suorum
588 2305 880 2365 prospectu
903 2295 1199 2350 humanius
1234 2297 1516 2350 trucidant
1551 2311 1566 2359 ;
1593 2294 1786 2364 sicque
1809 2293 1914 2347 im-

332 2389 510 2458 pietas
543 2389 866 2443 crudelitate
896 2390 1188 2442 commista
1207 2389 1405 2442 bellum
1433 2388 1676 2442 atrocius
1715 2383 1880 2441 fecit.

413 2481 704 2536 Simulavit
750 2485 980 2548 posthac
1015 2477 1258 2534 Teucrus
1283 2496 1473 2550 pacem
1509 2481 1691 2535 facere
1741 2479 1912 2545 velle;

334 2573 784 2642 exploratoribus
808 2573 938 2628 ﬁcte
958 2573 1327 2628 referentibus
1383 2574 1717 2642 pmnituisse
1767 2591 1915 2640 eum,

333 2665 486 2734 quod
515 2679 766 2732 guerram
789 2666 946 2735 quasi
967 2665 1282 2719 stimulatus
1307 2662 1914 2736 ab-Ungarisintentas-

331 2769 424 2814 set
457 2777 470 2811 :
498 2759 804 2828 statuitque
841 2759 1283 2814 caduceatorem.
1321 2759 1426 2812 Sed
1468 2757 1584 2812 b.‘ec
1641 2774 1730 2814 res
1789 2774 1920 2813 con-

333 2853 463 2904 licta
488 2851 690 2920 patuit:
714 2851 842 2919 quia
859 2865 959 2905 nec
985 2849 1236 2904 demoliri
1269 2851 1532 2922 oppidum
1553 2851 1701 2920 quod
1722 2853 1776 2905 in
1794 2851 1922 2907 Pro-

333 2941 566 3012 pontide
593 2942 812 3006 struxit,
846 2957 946 2996 nec
982 2952 1297 2998 restaurare
1330 2959 1458 3013 quae
1485 2951 1745 3007 vastarat,
1799 2959 1922 3014 per-

335 3032 615 3086 mittebat.
682 3030 955 3101 Quodque
987 3032 1157 3101 magis
1187 3033 1442 3102 angebat,
1481 3033 1762 3087 inlidentia
1801 3044 1922 3087 erat

336 3121 563 3186 Teucri,
587 3121 1083 3190 quijusjnrandum
1105 3120 1388 3192 foedusque
1419 3137 1694 3202 nunquam
1737 3138 1921 3177 serva-

2087 1923 2232 1990 Quid
2256 1932 2436 1978 autem
2474 1910 3099 1999 imperator'perplexus
3147 1939 3295 2000 agat,
3349 1925 3602 2002 ignorat;

2014 2018 2251 2070 consulit
2281 2018 2555 2083 barones;
2593 2021 2835 2074 suadent
2863 2037 2972 2077 non
3006 2023 3459 2080 molestaricives
3509 2023 3604 2078 an-

2015 2107 2195 2176 gustia
2237 2109 2547 2176 temporis;
2575 2110 2672 2164 sed
2708 2114 3094 2168 recurrendum
3125 2115 3206 2169 ad'
3251 2125 3427 2170 saera.
3487 2119 3602 2169 Au-

2016 2195 2144 2251 ferri
2173 2197 2336 2268 igitur
2357 2199 2651 2254 etconllari
2671 2201 2931 2270 jussit'es
2961 2205 3137 2258 sacris
3161 2206 3379 2276 tetnplis
3408 2219 3601 2260 saneta

2017 2287 2111 2343 Dei
2143 2283 2298 2352 vasa,
2335 2290 2500 2346 sicuti
2533 2290 2809 2349 Romanos
2850 2309 2952 2364 pro
2979 2298 3310 2352 necessitate
3337 2297 3605 2366 temporis

2017 2380 2212 2436 fecisse
2245 2381 2692 2454 legimus,exque
2719 2387 2802 2441 eis
2822 2388 3118 2456 pecuniam
3154 2387 3427 2458 insigniri,
3451 2392 3598 2444 dari-

2018 2488 2126 2542 que
2153 2473 2441 2540 militibus,
2483 2475 2787 2533 fossoribus
2838 2478 3443 2549 constructoribu‘s'rpte,
3503 2482 3596 2551 qui

2021 2581 2132 2618 rem
2150 2579 2463 2628 suam,-uon
2483 2567 2755 2637 publicam
2776 2571 3137 2630 attendentes;
3165 2571 3268 2626 nisi
3286 2588 3350 2625 ex
3374 2570 3600 2627 denario

2020 2656 2426 2719 convenissent,
2459 2660 2524 2711 ad
2547 2674 2686 2728 opus
2713 2658 2792 2717 ire
2817 2662 3163 2719 recusabant.
3204 2663 3467 2733 Augusti:
3503 2664 3600 2733 igi-

2022 2756 2110 2800 tur
2143 2747 2376 2802 amictus
2403 2749 2722 2818 imperator,
2762 2751 3045 2820 dispositis
3085 2752 3142 2806 in
3176 2751 3598 2822 propugnaculis

2022 2838 2310 2906 militibus,
2332 2840 2508 2910 quoad
2534 2843 2729 2910 potuit,
2752 2843 3097 2897 antemurale
3111 2845 3292 2898 Solum
3313 2845 3466 2900 urbis
3485 2847 3601 2900 val-

2023 2930 2245 3000 lumque
2267 2937 2353 2987 sat
2378 2933 2664 2986 videbatur
2698 2935 2863 2987 tutari
2903 2949 3086 3002 posse;
3135 2935 3342 2989 Bellum
3387 2933 3596 3006 itaque,

2026 3027 2532 3095 paucitate'suormn
2560 3026 2832 3092 dillidens,
2865 3028 3058 3083 tolerat
3086 3037 3176 3084 :et
3199 3045 3354 3100 spem
3375 3045 3592 3085 omnem

2027 3122 2080 3176 in
2105 3122 2320 3178 Joanne
2359 3122 2677 3178 Justiniauo‘
2710 3125 2963 3194 przefecto
2999 3109 3264 3196 reposuit.
3304 3127 3446 3183 Bene
3479 3130 3597 3198 qni-

336 3223 451 3267 rat.
489 3213 596 3268 Cur
625 3214 789 3282 igitur
818 3229 1009 3282 pacem
1039 3214 1236 3282 quaerit
1295 3215 1553 3268 immanis
1615 3225 1692 3268 et~
1723 3214 1923 3271 infidus
1947 3216 1993 3279 C
2027 3215 2151 3271 dem
2173 3217 2215 3271 si
2246 3216 2352 3271 fata
2371 3219 2791 3273 secuntlassexrt.
2815 3215 2979 3273 Ju'xta
3009 3231 3138 3290 ergo
3159 3235 3217 3275 se
3235 3221 3427 3275 eodem
3450 3223 3598 3291 capi-

333 3301 561 3359 lzestis?
585 3301 1001 3368 Pet-cunctatus,
1026 3319 1090 3356 ex
1120 3318 1268 3357 more
1298 3318 1422 3358 esse
1448 3303 1714 3370 intellexi,
1742 3315 1795 3358 ut
1825 3321 1926 3358 au-

257 3385 269 3392 ’
338 3404 567 3464 tequam
600 3403 880 3449 certamen
917 3393 1168 3462 generale
1198 3395 1800 3459 committant,-hostes
1826 3412 1926 3466 op.-

335 3489 494 3541 tione
511 3486 661 3555 pacis
691 3486 974 3556 petendos,
1004 3501 1091 3549 ne,
1117 3500 1178 3540 ea
1207 3486 1596 3556 praetermissa,
1621 3487 1787 3542 Deum
1815 3502 1924 3542 non

333 3579 664 3650 propitium,
686 3579 780 3634 sed
813 3579 1010 3632 iratum
1040 3579 1093 3632 in
1120 3588 1272 3633 tanto
1302 3589 1472 3632 marte
1501 3579 1790 3634 sentirent.
1816 3578 1925 3634 lta-

331 3684 451 3740 que
481 3669 817 3725 delusionem
851 3671 972 3738 ejus
1006 3671 1385 3740 praescieutes,
1418 3670 1655 3726 salutem
1681 3679 1923 3726 nostram

337 3762 459 3816 Deo
481 3761 906 3824 commisimus;
957 3761 1073 3816 dies
1126 3771 1345 3817 nostros
1393 3760 1823 3819 diuumerautes-
1871 3764 1925 3816 in

337 3849 715 3906 amaritudine
739 3852 945 3918 cordis,
975 3861 1029 3907 et
1051 3853 1414 3921 ptettitndiue,
1455 3854 1679 3919 litaniis,
1713 3854 1927 3911 sacriﬁ-

337 3944 454 4004 cio,
485 3943 666 4006 thure,
702 3957 858 4012 prece
880 3942 1204 4012 placandum
1231 3940 1400 3998 Deum
1427 3943 1868 4013 praedicabamus
1909 3957 1924 3995 :

333 4030 548 4102 jejunia
577 4031 876 4086 indiximus
923 4032 1193 4100 imperare
1223 4033 1449 4096 nostris,
1493 4043 1550 4085 ut
1583 4034 1736 4087 solus
1781 4031 1928 4088 Dens

340 4139 592 4196 pugnare
625 4139 724 4193 pro
754 4123 912 4178 nobis
942 4123 1284 4192 dignaretur.
1320 4123 1424 4178 Sed
1455 4123 1586 4189 quid
1623 4124 1927 4193 proderunt

343 4218 459 4272 Deo
494 4215 907 4285 missae‘preces,
940 4216 986 4270 si
1018 4231 1083 4269 ex
1099 4217 1266 4270 corde
1289 4231 1398 4270 non
1423 4225 1571 4281 sunt,
1604 4217 1652 4269 si
1708 4217 1928 4286 pollutae

345 4323 548 4363 manus
573 4307 841 4360 habentur
873 4308 1145 4376 ;siimpia
1191 4318 1246 4361 et
1296 4306 1465 4360 intida
1510 4306 1674 4361 corda
1709 4308 1932 4377 consis-

345 4413 510 4468 tunt;
535 4400 852 4469 iniquitates
878 4401 1021 4453 enim
1044 4409 1246 4454 nostra:
1271 4399 1576 4453 diviserunt
1593 4400 1734 4455 inter
1750 4415 1853 4456 nos
1875 4412 1933 4458 et

348 4495 526 4548 Deum
563 4510 578 4560 ;
617 4492 852 4548 Sabbata
878 4503 1088 4555 nostra,
1120 4491 1387 4556 kalendm,
1417 4491 1730 4552 incensum,
1761 4495 1927 4547 sacri-

350 4589 475 4642 licia
503 4589 555 4641 in
585 4587 1041 4640 abontinationem
1079 4600 1231 4638 versa
1255 4593 1385 4638 sunt
1419 4599 1434 4649 ;
1470 4592 1522 4638 et
1547 4601 1706 4652 quem
1735 4586 1920 4654 propi-

347 4680 490 4734 tium
517 4677 872 4747 sperabamus
905 4678 1102 4731 habere
1123 4674 1314 4741 Deum,
1344 4676 1634 4730 habuimus
1653 4677 1925 4731 scelerum

349 4777 671 4822 nostrorum
706 4767 963 4820 ultorem.

423 4858 588 4912 Pauci
606 4854 912 4912 'admodum
939 4869 992 4912 et
1026 4859 1228 4927 majore
1255 4873 1486 4932 numero
1509 4875 1573 4912 cx
1599 4858 1800 4912 Graecis
1829 4857 1928 4910 im-

348 4951 546 5013 belles,
579 4959 754 5014 scuto,
797 4951 1008 5015 lancea,
1048 4966 1202 5013 arcu,
1256 4949 1458 5018 gladio,
1509 4961 1702 5003 natura
1747 4949 1930 5018 potius

348 5057 515 5110 quam
545 5051 664 5095 arte
687 5042 998 5095 militabant
1028 5059 1043 5107 ;
1089 5042 1325 5110 majores
1353 5043 1530 5111 galea,
1566 5041 1813 5104 thorace,
1852 5041 1930 5094 Io-

351 5135 491 5196 riea,
531 5131 732 5202 gladio,
767 5134 952 5186 lancea
990 5151 1004 5190 :
1040 5135 1261 5202 quidam
1295 5133 1492 5187 inarcu
1512 5134 1773 5187 etbalista
1792 5133 1930 5188 doc-

351 5227 547 5287 tiores,
579 5228 672 5281 sed
707 5227 1389 5296 pr0pugnaculisimpares
1414 5242 1644 5280 numero
1667 5226 1930 5294 agebant,

353 5315 537 5384 quoad
599 5317 878 5370 sciverant
928 5325 980 5370 et
1045 5324 1315 5385 poterant.
1391 5315 1666 5370 Cadebaut
1724 5317 1928 5383 'l'euei,

355 5408 452 5476 qui
486 5408 747 5462 audacius
775 5411 1141 5462 adhaerebant.
1173 5409 1279 5463 Sed
1304 5409 1432 5478 quid
1451 5410 1739 5464 sicentum
1771 5411 1956 5464 indie

355 5498 706 5556 cecidissent.
734 5501 1002 5553 innumeri
1030 5500 1103 5552 illi
1137 5511 1344 5570 quanto
1367 5503 1585 5564 cadere,
1643 5511 1794 5555 tanto
1846 5517 1934 5556 re-

359 5604 585 5658 surgere
614 5590 798 5658 plures
827 5591 1187 5645 videbantur?
1219 5591 1273 5646 Si
1301 5609 1440 5648 unus
1475 5609 1539 5647 ex
1568 5594 1769 5649 nostris
1793 5593 1936 5647 ceci-

359 5679 552 5743 disset,
581 5691 694 5734 tum
731 5682 1000 5750 przecipue
1036 5683 1297 5738 cordatus
1331 5685 1432 5747 vir,
1464 5695 1687 5738 centum
1753 5685 1936 5754 per-li-

362 5769 506 5826 dissc
529 5769 792 5826 llebamus
819 5789 832 5840 ;
861 5769 1033 5827 Grzeei
1064 5774 1130 5829 ad
1162 5791 1257 5832 sex
1291 5776 1455 5830 millia
1482 5777 1806 5831 bellaturum
1827 5793 1932 5830 non

2028 3319 2188 3364 tuneo
2203 3326 2328 3365 cum
2347 3314 2604 3366 trecentis
2627 3312 3487 3370 connnllito‘uibusGenncn'sibus
3507 3332 3600 3384 pn-

2027 3404 2156 3466 sito,
2179 3403 2490 3472 splendidis
2506 3401 2894 3474 refulgentibus
2921 3406 3110 3472 armis,
3133 3407 3357 3463 delectis
3377 3409 3618 3478 quidem-

2026 3494 2365 3562 coadjnnctis
2391 3495 2598 3550 Graecis
2620 3498 2828 3565 aliquot
2853 3500 3116 3564 strenuis,
3138 3497 3286 3554 circa
3308 3500 3453 3554 illam
3482 3516 3602 3570 par-

2029 3596 2133 3641 tem
2171 3599 2452 3640 nmroru‘m
2471 3586 2658 3641 Sancti
2680 3586 2909 3642 Romani
2929 3595 3342 3658 reparaturum,
3365 3592 3454 3645 ub‘i
3481 3610 3565 3646 ma
3587 3624 3600 3633 -

2028 3679 2111 3747 gis
2149 3677 2373 3746 urgebat
2399 3693 2598 3747 pugna,
2637 3680 2932 3747 imperator
2955 3682 3123 3735 stetit.
3165 3681 3451 3738 Manritius
3478 3685 3602 3739 inde

2026 3770 2336 3833 Catanteus,
2357 3769 2442 3823 vlr
2462 3770 2659 3823 nobilis
2675 3769 2990 3826 Genttrnsls
3011 3772 3297 3838 pra-fucum
3319 3775 3458 3828 inter
3478 3789 3604 3844 pnr~

2028 3871 2135 3916 tam
2155 3861 2331 3932 Pighi,
2351 3861 2429 3914 id-
2447 3869 2532 3916 est
2561 3860 2750 3928 fontis,
2770 3874 2953 3932 usque
2975 3864 3039 3916 ad
3068 3863 3326 3930 Auream,
3353 3881 3476 3918 cum
3497 3867 3600 3920 du-

2027 3954 2205 4008 centis
2223 3952 2537 4020 ballistariis,
2560 3968 2678 4007 com
2688 3953 2865 4010 ruistis
2887 3951 3062 4008 etiaur
3077 3953 3303 4018 Graecis,
3322 3957 3513 4009 contra
3534 3957 3602 4011 li-

2029 4056 2228 4113 gneum
2249 4055 2512 4110 castrum,
2558 4045 2794 4115 pellibus
2817 4046 2978 4100 boum
3001 4043 3344 4101 'contc'ctu'ni'
3374 4050 3600 4117 Opposi-

2031 4147 2146 4190 tum
2182 4148 2441 4192 accurate
2466 4139 2730 4193 decertat.
2756 4137 2956 4193 Paulus
2974 4137 3210 4204 Troilus,
3238 4141 3509 4195 Antimius
3536 4143 3603 4195 de

2032 4227 2349 4284 flochiardis
2369 4229 2596 4290 lintres,
2612 4229 2668 4284 in
2683 4232 2808 4284 loco
2827 4227 3317 4295 arduO'Miliandri,
3336 4245 3444 4300 quo
3469 4233 3598 4286 urbs

2033 4323 2321 4386 titubabat,
2349 4321 3043 4392 aere‘proprioetiarnlis,
3089 4329 3464 4378 summa‘cum
3525 4325 3606 4378 vi‘

2029 4412 2278 4482 gilantia,
2319 4409 2482 4467 noctu
2513 4411 2802 4485 dieque‘et‘
2832 4415 3144 4484 spiugardis
3203 4403 3520 4480 horrendis,
3553 4429 3608 4471 et

2010 4505 2266 4572 .balistis'
2307 4505 2514 4558 terncis
2579 4505 2812 4558 viriliter
2859 4516 3095 4576 pugnam
3155 4508 3427 4562 sustinent
3460 4522 3474 4559 :
3512 4508 3603 4575 qui

2034 4604 2182 4648 tanta
2213 4596 2581 4658 animositate,
2619 4609 2762 4649 nunc
2788 4593 2976 4664 pedes,
3019 4613 3163 4652 nunc
3187 4605 3372 4667 eques.
3422 4599 3608 4653 defen-

2033 4686 2189 4749 dunt,
2241 4695 2302 4740 ut
2356 4684 2854 4742 lloratii‘Cuclitis‘
2895 4691 3041 4744 vires
3091 4691 3606 4758 rcpulsis‘hdstibus

2030 4792 2244 4846 aequare
2277 4779 2616 4832 viderentur.
2675 4777 2808 4831 Nam
2854 4791 2953 4833 nec
2986 4781 3122 4832 muri
3159 4780 3318 4834 fracti
3380 4783 3612 4836 concus—

2031 4870 2206 4931 sione,
2228 4867 2721 4923 nec‘macblnarum
2745 4870 2974 4924 turbine
2997 4871 3190 4938 territi,
3209 4881 3488 4927 mtct‘nam‘
3505 4875 3607 4928 εἰ.ιί

2033 4961 2349 5013 memoriam
2373 4959 2667 5012 vindicant.
3349 4977 3354 4982 ·

2103 5048 2426 5104 Theodorus
2457 5050 2792 5116 Charistino,
2813 5061 3017 5116 'senex,
3044 5053 3136 5108 sed
3168 5048 3612 5110 robust'uS'Gre

2032 5156 2149 5205 cus,
2222 5141 2274 5193 in
2336 5143 2902 5208 atc'rdoctissimus,‘
2962 5141 3608 5215 Theophilusque'Grai-

2033 5245 2152 5293 cus,
2210 5232 2410 5287 nobilis
2462 5232 2802 5305 Palaeologus
2855 5235 3054 5289 litteris
3110 5238 3392 5300 eruditus,
3449 5239 3610 5290 ambo

2036 5320 2316 5387 catholici,
2375 5339 2496 5377 cum
2557 5323 2772 5380 Joanne
2823 5327 3086 5381 Alcmaeo
3131 5328 3612 5398 ingenioso;Cali-

2035 5423 2256 5477 gaream
2289 5427 2609 5468 concussam
2673 5421 3360 5489 reparantprot'egitntque.
3404 5417 3610 5473 Conta-

2037 5517 2223 5568 renus,
2265 5503 2407 5558 inter
2438 5502 2674 5562 Venetos
2693 5510 3054 5575 clarissimus;
3080 5511 3395 5579 capitam-us
3416 5507 3609 5567 Ain-ee
3635 5519 3640 5522 '

2037 5603 2292 5660 portaset
2311 5595 2625 5664 adjaccutes
2646 5610 2824 5654 turres
2857 5613 3236 5671 usqneoram'
3253 5603 3448 5666 maris,
3473 5605 3614 5657 viri-

2038 5684 2162 5738 liter
2221 5686 2436 5751 pondus
2484 5690 2788 5757 sustinens,
2843 5693 3058 5747 hostes-
3088 5693 3402 5764 impugnat;
3441 5693 3642 5749 (Ξῖ-,νεῖ

2042 5776 2271 5846 perinde
2305 5779 2422 5845 alii,
2470 5785 2588 5842 suis
2621 5785 2900 5841 distributi
2940 5788 3392 5858 propugnacelis,
3425 5791 3603 5844 τισὶ-ειη
