4028 6488
870 314 959 343 καθ’

364 378 473 443 935
870 333 924 343 ”
1580 357 1977 421 LEONARDI
2015 349 2386 417 CHIENSIS
3518 333 3637 398 935

369 502 542 553 mare,
569 494 882 550 terramque
912 478 965 533 ln
998 479 1148 533 urbis
1180 489 1372 547 gyrum
1442 476 1936 543 prosequebantur.
1971 479 2015 529 Α
2042 470 2188 522 lebat
2218 462 2473 532 injurias.
2517 458 2728 512 Interea
2788 454 3106 523 capitancus
3150 449 3425 520 generalis
3460 447 3639 523 Joan—

370 577 561 633 Palatii
596 571 892 643 imperialis
941 584 1074 625 cura
1140 566 1469 635 llieronymo
1514 564 1743 618 Minotto
1778 562 1955 617 Vene-

372 679 554 725 torum
580 665 724 721 bailo
749 660 1039 718 commissa
1070 668 1175 715 est.

440 755 766 820 Cardinalis,
790 769 819 807 a
843 751 1073 806 consilio
1092 762 1371 821 nunquam
1398 746 1617 810 absens,
1646 744 1830 799 Sancti
1860 741 1958 793 De-

379 850 556 905 metrii
578 850 854 919 regionem
878 843 945 897 ad
966 856 1114 896 mare
1138 839 1458 895 defensabat
1480 854 1499 896 ;
1527 836 1955 892 Catbalanorum

379 942 574 999 consul
601 938 794 993 turrim
832 944 959 990 ante
980 931 1430 1002 Hippodromium
1463 926 1747 981 tutabatur
1778 941 1791 988 ;
1838 938 1960 976 Ver-

378 1051 476 1090 sus
506 1032 824 1087 orientalem
850 1028 1084 1098 plagam.
1133 1023 1395 1081 Chirluca
1438 1020 1506 1075 ad
1545 1033 1737 1073 curam
1772 1023 1959 1084 portus

383 1126 664 1192 totiusque
695 1121 979 1175 maritima:
1010 1116 1252 1187 regionis
1278 1112 1599 1183 invigilabat
1622 1113 1685 1163 ad
1704 1107 1957 1162 deferen-

382 1220 511 1273 dum
544 1213 883 1285 prmsidium.
916 1210 1283 1278 Hieronymus
1323 1206 1605 1264 ltalianus,
1636 1199 1960 1255 Leonardus

380 1312 447 1365 de
502 1305 805 1377 Langasco,
836 1299 1168 1365 Genuensis,
1193 1314 1319 1353 eum
1370 1297 1557 1352 multis
1586 1292 1754 1349 sociis
1798 1290 1963 1361 Xylo~

385 1410 590 1471 portam
617 1406 672 1451 et
703 1406 884 1449 turres
914 1407 1056 1463 quas
1080 1388 1388 1455 Aveniades
1424 1393 1643 1451 vocant,
1701 1382 1963 1453 impensis

382 1490 680 1545 cardinalis
710 1494 992 1556 reparatas
1012 1484 1357 1554 spectabant.

456 1581 733 1636 Flamines
768 1578 1138 1645 monacbique
1166 1590 1339 1644 supra
1377 1588 1568 1629 muros
1598 1571 1963 1640 undequaque

388 1674 638 1729 collocati
663 1687 760 1741 pro
784 1673 958 1725 salute
974 1669 1164 1739 patria:
1183 1664 1545 1722 excubabant.
1589 1660 1810 1719 Gabriel
1844 1660 1967 1713 Trio

390 1766 911 1821 visanussubtilium
932 1762 1209 1831 galearum
1238 1756 1533 1827 praefectus
1559 1754 1759 1809 nobilis
1783 1752 1962 1805 Vene-

2058 576 2151 615 nes
2176 558 2546 616 Justinianus,
2581 551 2748 605 totius
2778 546 3012 601 fortuna!
3038 544 3381 607 observator,
3410 550 3468 594 ut
3499 556 3663 621 prae—1

2060 650 2238 707 sensit
2266 663 2334 703 ex
2370 641 2808 716 proclamatione
2829 639 3105 692 Teucrum
3139 645 3342 706 prmsto
3376 635 3640 688 daturum

2058 754 2360 803 certamen,
2379 738 2572 808 agebat
2593 733 2876 789 confestim
2895 744 3200 792 murorum,
3226 742 3367 801 quos
3385 725 3649 779 machina

2060 834 2415 892 contriverat,
2450 825 2852 896 reparationem
2887 838 2901 875 :
2934 820 3242 891 petivitque
3271 818 3378 872 sibi
3417 832 3447 868 a
3480 816 3653 871 Chir-

2060 928 2188 981 lnca
2205 940 2399 993 magno
2415 923 2559 976 duce
2582 915 2859 974 consulari
2878 928 3199 970 communes
3220 911 3659 979 urbis-bombar—

2061 1019 2182 1080 das,
2206 1033 2344 1087 quas
2367 1024 2555 1069 contra
2585 1012 2774 1066 hostes
2800 1008 3058 1077 adigeret.
3080 1005 3230 1071 Quas
3259 1020 3385 1058 cum
3406 1004 3649 1072 superbe

2064 1110 2430 1179 denegasset:
2464 1105 2598 1171 Quis
2632 1118 2718 1157 me
2740 1100 3099 1172 (capitaneus
3130 1096 3369 1166 inquit),
3404 1111 3439 1147 ο
3465 1096 3639 1164 prodi-

2067 1213 2171 1268 tor,
2203 1210 2368 1266 tenet,
2412 1206 2473 1253 ut
2511 1196 2691 1266 gladio
2730 1207 2841 1248 non
2885 1192 3177 1245 occumbas
3222 1190 3384 1243 meo?
3423 1187 3544 1255 Qua
3574 1189 3646 1256 ig-

2064 1294 2307 1350 nominia
2355 1290 2688 1359 indignatus,
2736 1296 2848 1339 tum
2921 1282 3066 1352 quod
3104 1280 3309 1336 Latinis
3358 1280 3406 1333 ei
3455 1295 3648 1348 expro-

2065 1389 2297 1449 brasset,
2337 1381 2621 1436 remissius
2648 1387 2837 1448 postea
2891 1375 2969 1429 rei
2998 1373 3203 1428 bellicae
3252 1373 3649 1442 providentiam

2065 1480 2236 1552 gessit
2270 1494 2282 1529 :
2320 1474 2605 1541 Graecique
2644 1470 2753 1539 jam
2794 1465 3063 1522 secretius
3098 1465 3243 1532 quod
3278 1462 3489 1516 Latinis
3541 1464 3653 1516 sal-

2067 1570 2251 1625 vandae
2281 1564 2433 1621 urbis
2460 1561 2631 1633 gloria
2654 1558 2837 1613 dedita
2860 1563 3026 1620 esset,
3056 1556 3246 1609 odiose
3274 1553 3552 1608 ferebant.
3583 1553 3655 1605 A't

2068 1664 2412 1733 capitanens,
2434 1654 2666 1711 Joannis
2681 1649 2926 1705 Mauricii
2947 1648 3184 1703 Catanmi
3209 1647 3659 1716 praefecti,.loan-

2076 1755 2164 1809 nis
2202 1753 2269 1807 de
2298 1750 2522 1811 Careto,
2557 1744 2713 1798 Pauli
2747 1740 3072 1805 Bochiardi,
3100 1737 3328 1793 Joannis
3360 1738 3428 1791 de
3452 1733 3662 1789 Forna.

395 1870 503 1922 tus,
534 1854 920 1910 cordatissime
940 1868 970 1905 a
1004 1850 1141 1904 turri
1181 1848 1315 1903 Fani
1337 1863 1509 1917 usque
1528 1845 1598 1900 ad
1623 1842 1964 1912 lmperialem

2094 1845 2190 1909 iis,
2217 1840 2441 1896 Thema:
2464 1838 2531 1893 de
2546 1833 2854 1895 Salvaticis,
2877 1830 3115 1891 Lodixii,
3140 1828 3416 1892 Gatilusii,
3432 1828 3663 1883 Joanu‘s

394 1957 609 2017 portam
643 1956 768 2000 ante
785 1945 965 1999 sinum
984 1958 1108 1997 cum
1137 1931 1554 2009 quadringentis
1574 1935 1795 1992 Venetis
1811 1948 1967 2001 egre-

396 2038 498 2106 giis
542 2036 873 2091 decertabat.
928 2031 1257 2087 Grossarnm
1320 2044 1449 2083 vero
1500 2028 1778 2097 galearum
1832 2038 1972 2093 prae-

399 2126 577 2179 fectus
606 2122 854 2178 Andreas
881 2120 1074 2185 Diedo,
1099 2135 1220 2174 cum
1246 2117 1491 2188 reliquis,
1519 2117 1770 2171 triremes
1793 2114 1974 2182 potius

398 2215 653 2285 pavidus,
686 2230 849 2284 quam
884 2223 1118 2284 portam,
1151 2210 1517 2267 custodiebat.
1541 2209 1722 2264 Naves
1748 2205 1974 2277 perinde

401 2317 626 2363 armatae
669 2305 1138 2377 buccinisjugiter
1167 2312 1225 2361 et
1250 2304 1556 2361 ululatibus
1572 2303 1798 2357 Martem
1833 2299 1972 2354 invi-

403 2399 610 2452 tabant.
648 2395 955 2451 Demetrius
996 2409 1155 2451 socer
1204 2394 1563 2464 Palmologus,
1612 2389 1980 2456 Nicolausque

401 2490 616 2546 Gudelli
660 2504 848 2559 gener,
894 2486 1256 2558 praesidentes
1303 2494 1360 2539 ut
1408 2485 1708 2539 decurrant
1748 2482 1980 2545 urbem,

402 2598 528 2639 cum
561 2582 833 2651 plerisque
871 2578 1098 2633 armatis
1139 2578 1195 2632 in
1234 2590 1554 2632 succursum
1597 2582 1974 2628 reservantur.

478 2674 684 2728 Taliter
703 2686 831 2742 ergo
848 2669 1266 2740 pugnatoribus,
1285 2667 1401 2723 sive
1423 2666 1682 2729 ducibus,
1704 2665 1822 2720 sive
1854 2664 1989 2717 tiro-

407 2764 571 2818 nibus
584 2763 873 2827 ordinatis,
891 2760 1309 2832 exspectabatur
1326 2758 1607 2814 constituti
1629 2756 1672 2810 Μ
1682 2756 1816 2813 artis
1831 2769 1994 2825 gene-

409 2855 542 2910 ralis
560 2854 799 2911 insultus
817 2871 831 2908 :
850 2869 960 2925 quo
982 2866 1361 2923 saepenumero
1382 2851 1560 2906 territi
1575 2848 1753 2905 Graaci
1780 2857 1990 2919 postes,

410 2963 559 3003 nunc
588 2947 736 3021 agris
758 2962 903 3002 nunc
936 2945 1111 3002 vineis
1136 2944 1410 3009 colendis,
1439 2958 1583 2998 nunc
1617 2941 1994 3011 voluptatibus

411 3040 599 3107 laxati,
632 3056 700 3096 ex
728 3039 998 3095 industria
1025 3036 1399 3093 declinabant.
1430 3033 1739 3104 Fingebant
1771 3032 1994 3101 quidem

413 3135 491 3187 rei
518 3132 807 3188 familiaris
835 3145 1050 3191 curam,
1076 3128 1243 3184 etiam
1272 3127 1369 3197 qui
1402 3140 1596 3196 graves
1635 3125 1995 3179 videbantur:

414 3223 505 3275 alii
534 3218 1159 3293 inopiamaccusabant,
1195 3231 1300 3285 qua
1333 3214 1400 3269 ad
1427 3228 1568 3286 opus
1599 3214 1847 3269 lucrandi
1882 3229 2001 3284 gra-

420 3316 493 3369 tia
525 3315 883 3385 cogebantur.
916 3310 1067 3377 Quos
1108 3322 1233 3363 cum
1279 3307 1537 3363 absentes
1587 3305 2000 3377 corripuissem,

418 3406 724 3476 periculum
758 3419 866 3458 non
907 3402 1070 3457 modo
1103 3415 1290 3465 suum,
1319 3399 1416 3455 sed
1450 3399 1697 3455 omnium
1733 3397 2004 3452 Christia-

421 3512 614 3552 norum
659 3496 903 3566 allegans
929 3534 945 3560 ,
997 3493 1403 3565 respondebant
1440 3509 1457 3546 :
1495 3490 1639 3558 Quid
1689 3490 1845 3546 nobis
1876 3505 1999 3545 cum

418 3596 617 3651 castro,
639 3584 683 3640 si
712 3585 995 3655 penuriam
1025 3584 1260 3640 sustinet
1285 3585 1479 3640 domus
1505 3581 1731 3638 nostra?
1752 3584 1826 3636 ita
1856 3580 2002 3651 quod

421 3692 614 3747 magna
663 3678 743 3732 vis
788 3687 906 3731 erat
947 3675 1241 3732 reducendi
1274 3690 1368 3732 eos
1397 3674 1464 3730 ad
1493 3674 1639 3730 muri
1673 3674 2002 3730 custodiam.

420 3769 502 3824 0b
542 3772 665 3839 hoc,
703 3770 1033 3841 paucitatem
1067 3770 1254 3827 hostes
1291 3778 1576 3839 captantes
1607 3768 1963 3840 pugnantium
1986 3805 2001 3832 ,

421 3863 657 3917 audaces
694 3862 845 3929 lacti,
877 3861 1100 3918 uncinis
1131 3878 1283 3927 vasa,
1332 3878 1455 3935 qua:
1488 3862 1542 3917 in
1576 3859 2007 3933 propugnaculis

425 3964 731 4023 posuerant
781 3956 997 4021 nostri,
1065 3955 1329 4018 demolito
1397 3970 1557 4009 muro
1622 3953 2006 4008 detrahebant.

422 4046 765 4117 Quandoque
799 4047 991 4101 itidem
1037 4046 1270 4117 lapidem
1320 4046 1600 4117 ingentem
1640 4045 1784 4099 vallo
1813 4060 1880 4098 ex
1923 4059 2009 4099 τοι

422 4138 568 4192 saltu
597 4139 940 4207 collapsum,
970 4152 1131 4205 quem
1172 4152 1370 4208 magna
1401 4138 1494 4192 illa
1516 4136 1814 4192 bombarda
1848 4149 2009 4190 muro

428 4231 713 4298 iniecerat,
792 4244 916 4282 cum
976 4228 1180 4283 rubore
1240 4216 1470 4295 nostro,
1519 4243 1643 4283 cum
1721 4226 2007 4281 retiaeulis

427 4331 580 4375 extra
610 4317 843 4385 ducunt,
893 4318 1383 4390 reprojiciuntque.
1424 4318 1532 4374 Sed
1587 4318 1676 4373 ubi
1728 4319 2008 4384 custodes,

430 4409 522 4463 ubi
551 4407 753 4463 milites
796 4417 1131 4478 evagantes,
1182 4407 1277 4462 ubi
1308 4407 1539 4477 lapides,
1578 4415 1638 4462 ut
1684 4406 2012 4477 prohibeant

2072 1936 2296 2005 lllyrici,
2320 1931 2663 1997 aliorumque
2684 1925 3045 1979 Asiaticorum
3069 1921 3380 1976 Graecorum
3405 1920 3661 1973 consultu

2072 2033 2221 2084 acies
2282 2026 2728 2091 monimentaque
2774 2020 2988 2075 refecit.
3041 2014 3215 2083 Cujus
3262 2012 3663 2084 providentiam

2075 2121 2321 2176 Teucrus
2352 2116 2777 2173 commendans:
2808 2113 2983 2180 Quam
3018 2109 3235 2171 vellem,
3267 2106 3466 2174 inquit,
3499 2118 3666 2174 penes

2081 2229 2164 2268 me
2191 2211 2503 2281 praefectum
2527 2210 2677 2262 illum
2701 2205 2968 2261 Joannem
3004 2199 3423 2257 honorandum!
3458 2198 3667 2261 Magnis

2083 2305 2262 2361 hercle
2331 2302 2493 2356 donis
2554 2312 2799 2367 auroque
2844 2297 3020 2351 multo
3096 2306 3452 2360 corrumpere
3514 2291 3665 2343 illum

2082 2396 2324 2453 studuit:
2348 2394 2507 2463 cujus
2538 2391 2811 2446 inﬂectere
2827 2388 3070 2442 animum
3097 2400 3375 2454 nunquam
3413 2383 3608 2452 potuit.

2158 2488 2405 2557 Operosa
2462 2496 2641 2538 autem
2706 2480 3022 2551 protegendi
3076 2479 3278 2531 vallum
3328 2488 3381 2530 et
3420 2486 3675 2530 antemn-

2088 2582 2204 2637 rale
2261 2577 2464 2633 nostris
2543 2575 2647 2630 fuit
2717 2589 2883 2639 cura;
2953 2571 3101 2641 quod
3162 2584 3350 2624 contra
3421 2569 3664 2621 animum

2092 2687 2271 2727 meum
2336 2681 2555 2737 semper
2628 2666 2752 2729 fuit,
2829 2666 2923 2734 qui
2996 2662 3323 2724 suadebain,
3392 2662 3444 2714 in
3528 2660 3672 2713 reln-

2094 2770 2240 2833 gium
2287 2776 2481 2817 muros
2508 2760 2647 2813 altos
2679 2757 2890 2827 primos
2930 2770 3037 2810 non
3088 2755 3457 2809 deserendas:
3487 2752 3578 2820 qui
3626 2754 3671 2803 si

2095 2855 2167 2911 ob
2219 2854 2428 2909 imbres
2454 2850 2950 2921 negligentiamque
3001 2847 3084 2900 vel
3110 2846 3292 2910 scissi,
3332 2846 3411 2898 vel
3441 2844 3677 2897 inermes

2101 2946 2529 3018 propugnaculis
2552 2953 2760 3008 essent,
2800 2957 2831 2995 a
2874 2940 3148 3011 principio
3173 2945 3301 2993 dum
3333 2938 3672 3007 propositum

2100 3053 2308 3110 gnerrm
2353 3035 2671 3101 intervenit,
2722 3034 2966 3103 reparari
3011 3034 3352 3101 potuissent,
3393 3029 3676 3098 reparandi

2103 3129 2561 3198 custodiendique
2594 3136 2755 3182 erant
2782 3144 2796 3180 :
2834 3126 2928 3196 qui
2962 3142 3071 3180 non
3094 3125 3322 3187 deserti,
3365 3123 3675 3191 pra-sidiam

2105 3225 2223 3278 urbi
2250 3222 2446 3277 salutis
2474 3220 2870 3275 contulissent.
2904 3219 2973 3271 At
3007 3218 3136 3288 quid
3174 3216 3387 3270 dicam?
3421 3230 3678 3285 arguam—

2104 3332 2174 3371 ne
2199 3316 2537 3385 principem,
2573 3329 2737 3384 quem
2784 3328 3002 3381 semper
3036 3313 3309 3381 praecipuo
3339 3311 3546 3365 honore
3583 3322 3679 3361 ve-

2103 3415 2331 3462 neratus
2366 3421 2489 3461 sum
2529 3423 2543 3460 :
2586 3405 2748 3474 cujus
2787 3403 2949 3457 ﬁdem
2983 3418 3110 3472 erga
3148 3401 3450 3456 Romanam
3492 3400 3679 3455 Eccle-

2103 3501 2242 3556 siam
2285 3498 2557 3563 intellexi,
2595 3497 2702 3552 nisi
2735 3496 3198 3566 pusillanimitate
3234 3495 3579 3558 vinceretur;
3612 3507 3677 3546 au

2106 3592 2289 3664 potius
2338 3606 2436 3647 eos
2494 3590 2589 3661 qui
2627 3604 2695 3644 ex
2749 3589 2936 3645 ol’tleio
2982 3602 3169 3643 muros
3202 3587 3428 3642 reliccre
3470 3586 3687 3640 debuis-

2105 3685 2260 3740 sent?
2295 3683 2339 3739 Ο
2368 3697 2604 3754 quorum
2638 3681 2836 3737 animae
2864 3681 3004 3735 forte
3028 3680 3381 3741 damnantur,
3423 3677 3684 3733 Manuelis

2104 3777 2321 3847 Giagari
2382 3775 2590 3831 dudum
2631 3774 2833 3844 inopis,
2888 3781 2943 3826 et
2996 3770 3262 3842 NeOphyti
3300 3770 3683 3825 llieromonaci

2107 3868 2331 3935 Rhodii,
2364 3868 2409 3923 si
2442 3869 2617 3922 audeo
2640 3866 2846 3932 dicere,
2877 3862 3218 3935 praedonum,
3254 3878 3363 3917 non
3394 3877 3685 3917 conserva-

2109 3970 2288 4016 torum
2321 3960 2656 4030 reipublicae,
2689 3958 2889 4029 quibus
2927 3957 3098 4012 veluti
3144 3954 3463 4025 reipublicae
3494 3954 3688 4008 tutori-

2108 4054 2232 4117 bus,
2266 4060 2362 4106 aut
2390 4067 2456 4106 ex
2504 4051 2645 4105 aviis
2675 4050 3071 4119 intestatisque
3104 4049 3247 4103 bona
3282 4048 3494 4111 relicta,
3521 4044 3708 4102 muris

2110 4145 2314 4200 ascribi
2371 4143 2686 4210 debebant,
2718 4142 2947 4212 privatis
2994 4141 3179 4212 potius
3223 4140 3541 4195 commodis
3588 4140 3691 4194 im-

2110 4236 2439 4308 pendebant.
2467 4233 2684 4289 Primus
2735 4233 2929 4306 viginti
2987 4248 3157 4303 prope
3192 4233 3423 4287 millium
3464 4234 3694 4288 lloreno-

2113 4345 2234 4385 rum
2295 4342 2486 4383 servus
2537 4326 2872 4399 proditionis
2925 4329 3250 4400 monachus,
3284 4342 3424 4397 quos
3468 4326 3695 4396 posthac

2112 4421 2430 4478 reconditos
2463 4437 2603 4476 urna
2639 4420 2986 4492 septuaginta
3022 4420 3253 4475 millium
3298 4435 3487 4489 gazam
3535 4420 3697 4474 relin-

428 4502 513 4556 vcl
563 4501 865 4571 repellant?
903 4502 944 4554 Ο
986 4512 1151 4573 quam
1194 4498 1399 4555 malum
1453 4498 1811 4570 pt'msagiuml
1862 4497 1991 4563 Quit

2112 4522 2289 4585 quunt
2334 4512 2590 4569 Teucris.
2642 4512 2856 4568 ldcirco
2886 4513 3020 4569 urbs
3044 4512 3358 4585 prazdonum
3394 4511 3605 4565 incuria
3644 4511 3695 4563 in

428 4594 553 4661 erit,
596 4594 854 4664 inquam,
904 4594 1122 4664 quando
1170 4594 1319 4649 velut
1363 4601 1579 4649 torrens
1623 4591 1803 4662 Tigris
1835 4590 1991 4646 irruel

2108 4615 2261 4662 tanta
2299 4613 2625 4676 tempestate
2673 4606 2856 4674 periit.
2889 4606 2959 4659 At
2998 4619 3122 4661 cum
3155 4604 3341 4659 omnia
3383 4601 3695 4676 Graecorum

430 4689 741 4744 exercitus?
774 4687 920 4745 Ordo
948 4687 1178 4758 perinde
1208 4702 1277 4741 ex
1328 4685 1432 4741 hoc
1461 4685 1625 4741 datus
1646 4695 1729 4740 est
1762 4692 1821 4738 ut
1848 4682 1991 4753 pani:

2106 4699 2291 4768 inepta
2323 4711 2489 4767 opera
2544 4696 3018 4767 reprehendantur
3043 4737 3060 4764 ,
3117 4714 3231 4753 non
3279 4699 3477 4753 mirum
3510 4697 3557 4752 si
3598 4669 3704 4752 hoc:

433 4798 529 4852 per
553 4781 790 4836 l’atnilias
822 4796 977 4850 teque
1006 4780 1428 4835 distribueretur
1460 4797 1475 4833 :
1504 4794 1572 4834 ne
1597 4778 1745 4833 illius
1775 4776 2007 4831 curandi

432 4875 630 4944 gratia,
665 4875 741 4929 uti
769 4890 829 4930 se
853 4874 1207 4938 excusabant,
1246 4888 1278 4927 a
1308 4881 1494 4928 castro
1525 4870 1883 4938 recederent;
1915 4884 2011 4925 ne-

432 4981 541 5037 que
575 4965 777 5021 famem
809 4964 988 5035 potius
1020 4966 1277 5036 populus,
1319 4978 1483 5039 quain
1526 4964 1792 5034 gladium,
1845 4977 2015 5031 expa-

435 5068 680 5114 rcsceret
715 5076 729 5112 :
765 5073 930 5128 quant
979 5057 1203 5127 quidam
1250 5056 1551 5111 humanum
1579 5057 1903 5125 sanguinem
1933 5056 2011 5111 si-

437 5152 658 5219 tientes,
704 5150 790 5205 vel
841 5150 1119 5205 occultato
1168 5149 1482 5215 frumento,
1510 5148 1595 5205 vel
1630 5156 1793 5204 aucto
1830 5150 2009 5218 pretio

438 5243 867 5319 praetendebant.
916 5240 1025 5297 Sed
1072 5243 1188 5298 haec
1228 5241 1489 5313 iniquitas
1529 5256 1637 5296 non
1691 5240 1798 5295 fuit
1847 5255 2015 5295 causa

440 5341 592 5407 mali,
635 5335 732 5394 sed
777 5335 989 5393 ordinis
1040 5335 1312 5401 conlusio.
1368 5333 1645 5391 Severitas
1694 5352 1723 5389 a
1772 5333 2018 5405 principe

438 5436 660 5495 aberat;
699 5446 803 5486 nec
842 5429 1329 5500 compescebantur
1384 5429 1611 5485 verbere
1656 5441 1752 5483 aut
1812 5428 2016 5497 gladio,

439 5523 534 5593 qui
600 5522 973 5594 neglexissent
1026 5519 1419 5575 obedientiam.
1481 5519 1693 5576 Idcirco
1742 5519 2016 5589 quispiam

440 5612 558 5668 suis
602 5610 933 5667 edi-rebatur
981 5610 1378 5681 voluptatibus,
1428 5609 1922 5679 blandimentisque
1951 5624 2019 5662 ex

442 5715 640 5759 natura
681 5701 1070 5758 demulcebant
1101 5701 1303 5757 iratum
1348 5701 1699 5770 imperatoris
1740 5700 2018 5765 animum;

441 5799 666 5854 delusus
686 5793 927 5863 improbe
962 5809 994 5849 a
1023 5795 1162 5860 suis,
1196 5793 1373 5849 bonus
1402 5794 1493 5853 ille
1520 5793 1872 5855 dissimulare
1899 5809 2019 5851 ma-

2108 4789 2325 4845 illustre
2379 4789 2587 4844 sanetis
2626 4789 3057 4857 imperatoribus
3100 4789 3423 4845 institutum
3450 4829 3466 4853 ,
3525 4788 3701 4842 moni-

2110 4890 2357 4938 mentum
2430 4879 2707 4949 egregium
2764 4880 2956 4950 reique
3016 4879 3251 4950 publica:
3305 4887 3689 4939 tutamentum,

2116 4990 2242 5031 esca
2266 4971 2624 5044 pradonibus
2645 4971 2789 5040 fuit;
2816 4987 2980 5041 quam
3006 4981 3197 5042 postea
3219 4986 3346 5027 sero
3374 4972 3420 5027 si
3448 4957 3705 5043 reparare

2120 5064 2433 5130 voluerunt,
2470 5061 2580 5117 duo
2615 5062 2929 5128 defuerunt,
2966 5077 3041 5118 tes
3075 5074 3131 5117 et
3168 5070 3428 5133 tempus;
3461 5078 3581 5133 qua:
3614 5077 3703 5130 po-

2120 5166 2341 5220 terant,
2398 5155 2443 5212 si
2480 5170 2736 5224 guerram
2788 5154 3191 5220 intendebant,
3241 5154 3607 5226 Opportunius
3653 5162 3704 5205 ct

2120 5248 2491 5322 importunius
2538 5256 2891 5318 extorquere.
2935 5246 3044 5303 Sed
3084 5248 3274 5303 innata
3329 5263 3441 5302 non
3495 5246 3705 5301 sinebat

2118 5339 2647 5409 procrastinationis
2692 5340 2921 5409 ineptia.
2980 5339 3211 5394 Omnem
3261 5354 3394 5409 ergo
3450 5353 3601 5409 spem
3654 5337 3705 5389 in

2120 5431 2346 5488 fussatis
2394 5440 2448 5487 et
2496 5432 2823 5487 antemurali
2856 5444 3205 5502 posuerunt:
3245 5432 3447 5501 quibus
3490 5431 3706 5484 tandem

2121 5525 2376 5597 perditis,
2403 5523 2469 5579 ad
2494 5523 2821 5580 altissimum
2844 5525 3123 5580 desertum
3144 5540 3359 5580 murum
3386 5530 3707 5591 coangusta-

2123 5618 2216 5681 tis,
2257 5616 2519 5672 habilitas
2578 5632 2687 5670 non
2751 5615 2876 5670 fuit.
2931 5614 3264 5672 Prudentius
3302 5612 3539 5677 Hebraei,
3594 5609 3708 5680 qui.

2124 5707 2338 5780 perdito
2362 5723 2470 5762 uno
2487 5724 2666 5772 muro,
2689 5707 2890 5762 deinde
2918 5708 2985 5761 ad
3006 5705 3331 5769 secundum,
3368 5716 3484 5759 tum
3502 5692 3567 5757 ad
3599 5711 3706 5755 ter-

2126 5799 2264 5855 tium
2303 5814 2363 5855 se
2396 5798 2773 5867 contulerunt,
2827 5798 3029 5870 quibus
3059 5797 3221 5853 annis
3246 5806 3484 5866 quatuor
3512 5789 3709 5861 Vespa-
