4028 6410
341 359 448 424 93⁵1

1451 358 1545 417 DE
1580 354 2185 417 ΕΧΡυοΝλτιΟΝΕ
2226 354 2511 417 Cl’OLIS.

3509 353 3615 417 933

347 475 487 531 sisui
521 483 688 547 atque
745 474 852 532 Titi
893 474 1242 532 obsidionem
1292 475 1558 531 tulerunt.
1608 472 1728 527 Vox
1787 471 1931 527 inter
1960 477 2003 530 Α
2036 471 2378 537 exercitum;
2441 471 2656 538 Peram,
2726 488 2795 530 ne
2841 471 3148 547 subsidium
3196 469 3447 528 hostibus
3484 484 3617 523 ron-

346 568 465 624 baec
512 582 583 624 ex
631 569 833 625 castris
883 570 1291 638 exploratorum
1337 566 1625 631 relatnﬁt.
1657 566 1805 635 quod
1838 564 1935 618 tri-

346 674 529 715 remes
557 675 835 730 navesque
858 661 1071 730 aliquot
1091 661 1145 715 in
1177 660 1482 715 subsidium
1519 657 1590 714 ab
1627 656 1783 713 Italia
1811 656 1936 711 mit-

345 762 601 808 terentur
630 793 645 818 ,
704 763 758 809 et
800 753 1044 809 Joannes
1096 752 1421 808 Paunonum
1468 752 1577 806 dux
1638 749 1933 815 exercitus,

342 844 584 900 Blancus
632 845 798 915 vulgo
851 853 1236 918 nuncupatus,
1281 845 1348 900 ad
1400 843 1703 899 Danubium
1741 851 1934 897 contra

347 938 594 995 Turcum
621 954 1028 1011 congressurus
1063 941 1447 1005 adventasset;
1480 956 1588 1010 qua
1627 938 1934 994 concitatus

348 1034 629 1089 exercitus
663 1032 1027 1088 discinditur.
1075 1030 1210 1097 Cur,
1248 1031 1548 1101 inquiunt,
1595 1038 1745 1086 tanta
1785 1044 1934 1083 mora

348 1127 691 1196 periclitatur
713 1125 1036 1182 exercitus?
1056 1123 1282 1180 Frustra
1305 1134 1495 1180 contra
1522 1138 1709 1178 muros
1727 1137 1936 1193 pugna-

350 1219 486 1285 turi,
516 1220 793 1275 adversus
818 1233 998 1290 regem
1022 1215 1221 1273 Teucri
1243 1218 1504 1273 clamant.
1527 1215 1741 1271 Etenim
1762 1231 1934 1284 quan-

349 1324 515 1380 quam
550 1308 826 1364 maximus
861 1324 1128 1365 numerus
1156 1316 1323 1371 esset,
1358 1322 1673 1377 quanquam
1706 1306 1931 1362 iutinitis

354 1401 579 1471 sagittis
641 1400 1053 1456 machinassent
1109 1399 1324 1463 urbem,
1378 1406 1563 1467 utpote
1620 1397 1687 1452 ad
1742 1412 1931 1453 muros

351 1492 691 1549 invadendos
725 1492 927 1559 timidi,
955 1493 1238 1557 vecordes,
1270 1491 1555 1546 victoriam
1587 1487 1928 1545 diffidebant.

421 1582 752 1639 Calilbascia
774 1582 948 1649 enim,
977 1582 1124 1655 regis
1152 1582 1417 1638 vetustior
1444 1581 1751 1637 consularis
1775 1582 1930 1647 baro,

351 1674 644 1745 gravitate,
679 1674 915 1730 consilio
966 1686 1259 1744 rerumque
1308 1672 1626 1728 bellicarum
1647 1673 1929 1743 experien-

352 1764 425 1820 tia
454 1765 689 1835 pollens,
723 1763 1058 1820 Christianis
1087 1763 1301 1828 favens,
1330 1763 1443 1833 regi
1472 1776 1692 1832 semper
1717 1762 1935 1819 dissua-

2036 562 2196 628 ferat,
2230 565 2618 623 circumvalla:
2676 578 2731 622 et
2778 583 2901 638 qua:
2949 545 3306 623 ad‘tnilitiam
3345 572 3618 634 spectant.

2036 656 2185 711 omni
2228 673 2350 712 cum
2380 660 2702 715 maturitate
2722 659 2974 730 dispone.
3130 732 3139 747 ι
3616 720 3655 743 ,1

2105 748 2294 821 Itaque
2336 764 2392 805 ut
2422 749 2750 807 Calilhascia
2797 752 2984 808 senior
3014 746 3328 813 conSularis
3374 746 3617 821 compla-

2036 839 2228 894 cuisse
2260 840 2373 910 regi
2409 840 2613 911 Zagani
2666 842 3005 899 annulatoris
3044 841 3129 898 sui
3180 841 3474 897 consilium
3530 838 3620 909 iu-

2037 929 2267 995 tellexit,
2295 932 2697 1006 definitumque
2749 950 2873 991 esse
2908 943 3215 1001 certamen,
3262 933 3405 989 clam
3442 929 3621 986 inter-

2038 1021 2248 1076 nuntiis
2314 1023 2610 1080 admodum
2654 1027 2957 1092 ﬁdissimis,
2991 1035 3047 1083 ut
3082 1025 3315 1089 amicus.
3378 1021 3618 1093 impera‘

2039 1112 2143 1168 tori
2178 1125 2372 1169 cuncta
2403 1116 2730 1172 denuntiat:
2785 1120 3149 1189 hortaturque
3197 1125 3257 1172 ut
3295 1131 3403 1170 non
3450 1128 3617 1183 expa—

2042 1206 2224 1258 vescat
2255 1214 2363 1261 tem
2377 1206 2704 1264 ulentissimi
2769 1209 3140 1267 adolescentis
3169 1207 3439 1264 insaniam
3466 1222 3481 1259 :
3513 1219 3617 1260 nec

2040 1301 2227 1354 terreri
2255 1300 2417 1356 minis
2439 1318 2628 1358 eorum
2656 1302 2749 1375 qui
2779 1304 2952 1375 magis
3004 1304 3319 1359 timuissent
3344 1318 3358 1355 :
3394 1314 3494 1355 nec
3526 1298 3613 1351 in-

2036 1386 2281 1444 doctiore
2338 1391 2690 1448 multitudine
2749 1394 3130 1450 commoveri:
3188 1391 3445 1447 custodes
3505 1388 3617 1444 sint

2040 1480 2230 1551 vigiles
2254 1490 2310 1537 et
2346 1498 2586 1554 pugnam
2621 1494 3040 1556 perseverantes
3073 1491 3416 1556 exspectent.
3481 1480 3616 1535 Fre-

2039 1581 2267 1640 quentes
2315 1574 2461 1628 enim
2510 1576 2755 1647 epistola:
2810 1578 2875 1633 ad
2932 1578 3320 1648 imperatorem
3356 1591 3422 1631 ex
3450 1573 3619 1630 Calil-

2039 1662 2222 1720 bascia
2257 1667 2639 1735 portabantur.
2697 1670 2843 1740 Ergo
2876 1670 3274 1740 proclamatum
3307 1678 3392 1724 est
3425 1665 3480 1722 in
3519 1681 3617 1721 ca-

2039 1756 2171 1811 stris
2199 1757 2400 1823 edicto,
2440 1770 2498 1813 ut
2535 1769 2736 1830 quarto
2765 1760 3025 1816 Kalendis
3064 1760 3214 1826 Maii,
3248 1761 3336 1816 die
3367 1757 3619 1813 videlicet

350 1826 522 1923 serat,
559 1870 628 1913 ne
674 1826 875 1910 urbem
932 1826 1439 1923 Constantinopolis
1474 1854 1827 1910 tnolestaret:
1868 1870 1934 1909 eo
1966 1826 2006 1879 Β
2036 1846 2249 1913 Martis,
2292 1850 2510 1919 praeviis
2576 1851 2772 1907 diebus
2824 1852 3023 1918 tribus,
3081 1851 3282 1923 quibus
3325 1849 3617 1921 luminaria

349 1950 500 2019 quod
520 1948 846 2004 fortitudine
867 1950 1025 2014 situs,
1052 1962 1236 2004 rerum
1262 1948 1542 2004 fertilitate
1569 1947 1933 2018 providentia-

350 2057 460 2109 que
489 2056 596 2095 non
620 2050 729 2095 tam
764 2040 1102 2106 Graecorum,
1135 2055 1299 2109 quam
1337 2039 1660 2095 Latinorum
1697 2040 1929 2107 munita,

351 2131 795 2202 inexpugnabilis
855 2141 1011 2197 erat,
1067 2146 1189 2201 qua:
1245 2146 1578 2201 proavorum
1645 2139 1933 2209 patrisque

350 2239 585 2293 gnerras
636 2224 797 2279 annis
851 2223 1038 2280 multis
1084 2223 1393 2288 tolerasset,
1447 2223 1703 2295 quodque
1751 2223 1929 2295 pejus,

345 2315 478 2384 quia
533 2314 657 2383 ejus
706 2313 908 2384 injuria
960 2314 1203 2371 lacessiti
1252 2328 1444 2371 omnes
1489 2314 1929 2371 Christianorum

350 2419 528 2473 reges,
579 2404 991 2475 principesque,
1033 2405 1098 2460 ad
1147 2406 1397 2461 eamdem
1455 2407 1714 2462 tuendam
1767 2404 1932 2463 facile

348 2508 808 2566 provocarentur.
830 2495 911 2550 Tu
942 2512 1072 2567 ergo
1106 2512 1199 2552 rex
1233 2496 1454 2567 (inquit)
1484 2488 1670 2567 pacem
1692 2498 1762 2553 da
1790 2499 1929 2566 tuis;

350 2590 464 2644 noli
490 2590 812 2646 Genuenses
836 2586 1182 2657 Venetosque
1212 2588 1442 2653 vicinos,
1469 2590 1560 2659 qui
1588 2590 1696 2644 tuis
1720 2605 1935 2660 semper

353 2681 680 2752 proderunt,
717 2681 904 2737 hostes
943 2680 1041 2735 tibi
1078 2680 1342 2747 reddere,
1380 2681 1627 2752 iramque
1664 2682 1934 2739 Christia-

349 2786 550 2826 norum
582 2769 849 2825 adversus
892 2779 1109 2843 gentem
1152 2778 1302 2825 tuam
1336 2787 1657 2840 provocare.
1701 2772 1933 2830 Maxima

348 2873 439 2919 est
470 2864 709 2932 potentia
745 2872 877 2917 tua:
912 2879 1076 2933 quam
1116 2878 1248 2934 pace
1284 2863 1544 2932 majorem
1575 2865 1734 2932 facis,
1769 2883 1931 2936 quam

348 2966 577 3025 guerra.
619 2949 773 3006 Finis
806 2950 951 3007 enim
984 2950 1108 3005 belli
1157 2953 1343 3007 varius
1376 2963 1458 3008 est
1503 2972 1517 3009 :
1554 2969 1714 3024 quem
1744 2954 1935 3009 adver-

352 3045 497 3102 sitas
530 3056 909 3112 sarpenumero
943 3043 1137 3115 magis,
1170 3058 1334 3113 quam
1379 3045 1712 3115 prosperitas
1759 3048 1934 3100 comi-

352 3146 525 3193 tatur.
570 3138 820 3207 Zaganns
862 3133 1080 3205 junior,
1115 3137 1390 3192 secundus
1424 3139 1731 3195 consularis
1779 3141 1931 3205 baro,

349 3228 801 3284 Christianorum
852 3226 1049 3295 hostis,
1100 3235 1217 3283 tum
1268 3229 1541 3299 praecipue
1597 3230 1936 3289 Calilhasciae

349 3320 683 3382 aemulator,
738 3319 1032 3374 maximam
1092 3333 1215 3374 esse
1270 3322 1416 3391 regis
1472 3321 1559 3377 sui
1612 3324 1933 3392 potentiam.

351 3408 646 3464 adversum
697 3424 861 3480 quem
915 3409 1066 3465 nulla
1113 3425 1246 3481 gens
1293 3412 1487 3482 possit,
1539 3414 1711 3468 suasit
1745 3425 1935 3471 contra

347 3501 576 3565 Graecos
630 3519 906 3574 guerram,
963 3502 1263 3573 potentiam
1326 3505 1575 3575 exiguam
1629 3506 1932 3565 habentes:

353 3608 596 3664 quorum
651 3593 863 3649 uinariis
923 3593 1195 3649 machinis
1238 3594 1561 3652 collidendis
1622 3596 1721 3667 ipsi
1778 3614 1938 3668 pares

346 3692 564 3748 essent,
589 3682 762 3738 αι’ωοὶ
790 3700 820 3738 e
844 3693 1035 3737 contra
1063 3684 1210 3738 nulla
1241 3685 1630 3741 numerositate
1658 3690 1935 3747 exercitus

349 3774 628 3842 pollerent
680 3780 735 3827 et
782 3772 991 3827 diutina
1027 3773 1340 3842 fatigatione
1386 3775 1498 3844 jam
1534 3774 1694 3830 fracti
1725 3790 1932 3845 essent,

349 3867 450 3935 qui
504 3880 603 3920 nec
654 3880 722 3919 ex
783 3865 934 3920 Italis
974 3874 1360 3934 exspectarent
1417 3867 1757 3936 praesidium,
1800 3869 1934 3926 faei-

286 3952 299 3956 ’
351 3959 481 4012 liter
514 3957 884 4027 expugnandi.
944 3956 1054 4012 Nec
1094 3971 1224 4013 voce
1266 3956 1359 4012 illa
1404 3957 1748 4015 Calilbasciae
1783 3977 1939 4016 revo-

352 4050 587 4101 candum
621 4062 743 4102 esse
770 4047 916 4118 regis
950 4046 1221 4111 animum,
1248 4064 1370 4118 qua:
1412 4049 1643 4106 conficta
1701 4051 1934 4108 fuisset:

350 4137 674 4195 Genuenses
700 4140 885 4203 scissi,
922 4137 1116 4195 Veneti
1145 4142 1393 4210 oppressi
1420 4144 1493 4197 ab
1546 4142 1687 4198 duce
1730 4143 1937 4200 Medio-

351 4231 489 4296 lani,
543 4231 755 4286 nullum
828 4232 1007 4286 datori
1058 4241 1187 4287 sunt
1250 4234 1588 4303 praesidium.
1643 4236 1935 4292 Thuracan

353 4323 399 4377 Τ
406 4323 657 4378 ht-acialis
685 4323 891 4378 militia:
918 4324 1174 4395 princeps
1198 4365 1214 4391 ,
1256 4325 1601 4382 Calilbascias
1649 4344 1935 4386 commen-

352 4418 488 4469 dare
530 4417 868 4485 propositum
927 4430 1035 4470 non
1065 4417 1297 4481 audens,
1333 4418 1399 4472 ad
1432 4433 1685 4488 guerram
1747 4436 1931 4493 regem

2036 1936 2147 1993 Deo
2181 1939 2511 2007 accendant,
2565 1941 2735 2033 Deum
2783 1943 3058 2008 invocent,
3114 1945 3322 2014 integra
3379 1941 3467 1997 die
3497 1941 3622 1995 abs-

2038 2027 2265 2096 tineant,
2319 2033 2493 2102 parati
2548 2033 2660 2089 sint
2711 2027 2907 2091 omnes
2963 2035 3029 2089 ad
3091 2034 3391 2104 praelium:
3436 2033 3619 2088 daturi

2035 2119 2370 2179 Christianis
2398 2125 2653 2195 generale
2678 2138 2995 2193 certamen;
3053 2127 3430 2195 altissimaque
3485 2139 3621 2180 voee

2037 2216 2299 2281 praeconis
2345 2217 2627 2274 voluntate
2681 2219 2825 2289 regis
2885 2221 3072 2274 urbem
3132 2219 3315 2275 triduo
3372 2218 3437 2272 ad
3494 2232 3618 2271 saco

2034 2322 2157 2360 cum
2225 2323 2350 2363 esse
2418 2310 2772 2367 bellatoribus
2833 2313 3117 2369 donatam.
3198 2309 3467 2382 Juratque
3520 2325 3615 2366 rex

2036 2412 2130 2467 per
2186 2399 2549 2456 immortalem
2615 2401 2823 2467 Deum,
2886 2419 3091 2475 perque
3149 2414 3387 2476 quatuor
3445 2403 3611 2457 Itlillfa

2036 2490 2466 2560 prophetarum,
2542 2509 2635 2562 per
2705 2493 3123 2563 Mahometum,
3200 2512 3295 2569 per
3369 2495 3611 2550 animam

2036 2582 2244 2650 patris,
2311 2599 2410 2654 per
2468 2584 2710 2651 liberos,
2765 2603 2971 2657 perque
3028 2603 3215 2644 ensem
3273 2603 3382 2658 quo
3443 2588 3616 2655 cingi-

2038 2685 2148 2742 tur,
2206 2692 2424 2732 omncm
2457 2677 2962 2749 depopulationem,
3018 2695 3292 2752 omneque
3333 2681 3614 2735 hominum

2040 2771 2328 2840 utriusque
2376 2788 2542 2829 sexus
2596 2789 2800 2845 genus,
2839 2789 3167 2846 omnemque
3217 2776 3422 2845 pariter
3464 2774 3617 2829 ntbis

2039 2860 2357 2916 thesaurum
2417 2876 2582 2933 atque
2631 2863 3013 2932 substantiam,
3046 2865 3217 2920 libere
3264 2864 3618 2919 bellatoribus

2038 2954 2331 3020 donatam;
2388 2956 2649 3028 nulloque
2688 2966 2870 3028 pacto,
2919 2972 3037 3026 quae
3086 2957 3255 3027 jurat,
3297 2956 3521 3012 violare.
3572 2954 3618 3010 Ο

2040 3046 2083 3099 si
2119 3046 2428 3103 audivisses
2466 3064 2627 3103 voces
2660 3050 2727 3105 ad
2751 3052 2951 3105 coelum
2985 3049 3159 3105 elatas
3183 3049 3389 3122 (ιιιαια,
3426 3048 3616 3115 Ιιιαια,

2044 3135 2309 3193 illa/tumet
2349 3138 2677 3209 Russolalla,
2704 3143 2901 3198 scilicet
2941 3144 3079 3213 quod
3114 3142 3257 3200 Deus
3296 3155 3373 3200 est
3408 3154 3456 3199 et
3483 3162 3616 3199 sem-

2041 3248 2132 3302 per
2186 3233 2309 3297 erit,
2361 3244 2410 3287 et
2466 3233 2797 3290 Milionium
2854 3247 2931 3291 est
2991 3253 3171 3293 seruus
3215 3237 3398 3310 ejus),
3454 3240 3619 3294 vehe-

2040 3333 2254 3379 menter
2299 3325 2703 3396 obstupuisses.
2759 3327 2958 3399 Sicque
3006 3328 3211 3386 factum
3258 3341 3389 3387 est:
3437 3330 3618 3386 triduo

2042 3416 2336 3471 luminaria
2372 3418 2480 3472 Deo
2504 3420 2851 3488 accendunt,
2881 3422 3135 3492 jejunant
3168 3422 3256 3477 die
3287 3422 3418 3478 nihil
3445 3438 3618 3490 usque

2039 3507 2105 3562 ad
2136 3516 2351 3563 noctem
2376 3519 2707 3581 gestantes:
2757 3514 2992 3569 invicem
3055 3516 3485 3585 congaudetttes,
3537 3516 3605 3569 iu-

2041 3601 2212 3655 vicem
2244 3601 2621 3668 convivantes,
2688 3620 2749 3659 se
2791 3606 2941 3675 ipsos
2975 3607 3133 3677 quasi
3164 3606 3234 3662 ad
3264 3606 3471 3662 inferos
3527 3607 3618 3662 die

2039 3692 2359 3748 certaminis
2377 3692 2604 3759 abituri,
2635 3696 2840 3752 osculis
2878 3697 3201 3752 resalutant.
3237 3696 3347 3753 Nos
3403 3708 3611 3753 tantam

2040 3782 2358 3855 religionem
2388 3784 2665 3853 admirati,
2699 3785 2867 3841 Deum
2906 3788 3318 3858 prepitiatorem
3376 3789 3617 3860 profusis

2040 3874 2696 3947 lacrymisprecabamur,
2724 3894 2909 3935 sacras
2965 3880 3254 3952 imagines,
3309 3882 3615 3951 processio-

2039 3966 2256 4034 naliter,
2285 3971 2626 4036 compuncti,
2667 3985 2762 4040 per
2806 3972 3010 4026 vallum
3048 3972 3350 4045 urbemque
3384 3972 3616 4030 transfe-

2039 4069 2242 4124 rentes,
2279 4059 2443 4115 nudis
2470 4062 2705 4131 pedibus
2735 4063 3024 4120 mulierum
3048 4066 3404 4138 virorumque
3440 4069 3617 4125 turbis

2038 4154 2505 4222 consequentibus
2575 4156 3012 4228 deprecabamur
3069 4178 3196 4219 cum
3275 4146 3618 4234 plenitudine

2038 4244 2221 4298 cordis
2274 4260 2341 4299 ne
2395 4247 2772 4304 hereditatem
2837 4269 2993 4308 suam
3042 4252 3309 4312 Dominus
3365 4256 3615 4313 demoliri

2039 4335 2399 4401 permitteret,
2431 4350 2487 4393 et
2523 4342 2669 4410 quod
2713 4343 3032 4413 dignaretur
3090 4347 3343 4404 lidelibus
3399 4350 3515 4405 suis
3555 4351 3613 4406 in

2041 4432 2195 4478 tanto
2248 4431 2554 4485 certamine
2615 4434 2899 4503 porrigere
2979 4437 3250 4507 dextram,
3315 4442 3407 4509 qui
3461 4441 3614 4497 solus

352 4505 639 4560 animavit.
667 4503 1208 4604 Eunuchusdertius
1261 4508 1573 4563 consularis
1620 4509 1751 4565 baro
1788 4510 1933 4567 dicta
1968 4509 2010 4564 Β
2039 4511 2204 4580 Deus,
2238 4525 2291 4570 et
2345 4535 2450 4573 non
2507 4521 2650 4578 alius
2675 4538 2777 4593 pro
2831 4503 3173 4584 Christianis.
3218 4503 3464 4602 pugnare
3516 4550 3614 4604 po-

355 4594 671 4649 conlirmat.
699 4593 958 4649 Iuniores
990 4593 1157 4665 igitur
1187 4596 1313 4651 belli
1347 4597 1516 4654 duces
1543 4615 1558 4653 :
1591 4598 1636 4653 0
1673 4613 1790 4664 rex,
1851 4599 1935 4653 in-

354 4691 580 4761 quiunt,
629 4691 754 4759 quis
799 4699 1109 4760 peremptor
1160 4691 1482 4761 gentilitatis
1534 4702 1739 4748 nostra:
1783 4695 1935 4747 timi-

354 4783 584 4837 ditatem
613 4781 773 4835 nobis
808 4780 1050 4835 incutit?
1090 4781 1255 4838 Decet
1311 4782 1732 4839 invictissimum
1786 4788 1938 4854 prin-

357 4874 537 4943 cipem
570 4879 945 4927 nostrum’res
972 4882 1198 4944 magnas
1226 4886 1281 4930 et
1310 4877 1554 4945 cogitare
1575 4887 1631 4932 et
1690 4881 1934 4948 aggredi,

357 4974 411 5017 et
445 4976 832 5032 quemcunque
867 4972 1126 5017 eventura
1186 4966 1577 5037 permagnilice
1610 4970 1773 5023 ferre.
1804 4969 1937 5024 ,Ζα-

359 5069 535 5124 ganus
576 5052 805 5123 proinde
841 5062 901 5107 nt
942 5054 1082 5109 vidit
1131 5055 1536 5112 multitudinem
1573 5061 1709 5113 bene
1745 5059 1933 5130 dispo-

361 5145 525 5199 sitam
552 5158 566 5196 :
593 5144 692 5207 Da,
723 5143 919 5214 inquit,
954 5145 1179 5213 bellum,
1224 5160 1354 5213 rex;
1389 5149 1649 5217 quoniam
1702 5151 1806 5205 diis
1861 5153 1941 5207 fa-

364 5234 638 5301 ventibus,
671 5237 902 5290 victoria
940 5237 1168 5308 gloriam
1198 5242 1578 5309 consequeris.
1630 5240 1725 5297 His
1759 5244 1939 5313 itaque

358 5328 545 5382 verbis
573 5327 872 5382 animosior
922 5326 1100 5382 factus
1133 5344 1229 5384 rex
1272 5346 1285 5381 :
1353 5329 1672 5400 Fortunam,
1738 5334 1935 5405 inquit,

362 5430 576 5474 tentare
610 5406 821 5474 licebit.
852 5419 936 5473 An
983 5418 1298 5483 Macedonis
1325 5424 1570 5491 potentia
1611 5440 1730 5479 mea
1761 5427 1937 5482 maior

358 5508 492 5574 fuit,
525 5512 613 5564 cui
640 5510 792 5566 orbis
828 5512 1043 5566 minore
1073 5526 1200 5565 cum
1252 5514 1499 5567 exercitu
1540 5516 1720 5583 paruit
1752 5516 1774 5571 l
1802 5517 1939 5583 Quis

358 5612 459 5658 aut
508 5602 723 5673 genitor
762 5619 938 5668 meus,
972 5614 1067 5682 aut
1117 5618 1276 5672 avus,
1338 5615 1432 5660 aut
1475 5621 1735 5676 proavus,
1791 5620 1938 5664 tanta

364 5704 654 5765 potestate,
698 5694 865 5750 tantis
919 5695 1215 5761 machinis,
1284 5707 1353 5764 ut.
1384 5713 1508 5766 ego,
1564 5699 1752 5754 urbem
1800 5701 1941 5758 hanc

362 5786 681 5860 oppressit?
708 5788 1017 5853 Constituc,
1047 5790 1283 5859 Zagauc,
1308 5791 1450 5845 diem
1491 5792 1635 5860 belli,
1674 5810 1940 5864 compone

602 5882 877 5961 Pa‘rnoe,
924 5888 1038 5946 Gn.
1094 5885 1289 5945 Cle.
1359 5964 1371 5977 ἴ

2041 4616 2159 4661 teus
2195 4619 2299 4665 est.
2336 4609 2521 4682 Itaque
2556 4625 2797 4672 nostram
2848 4635 3000 4688 spent
3041 4631 3209 4676 totam
3257 4624 3309 4677 in
3366 4624 3475 4681 Deo
3519 4643 3614 4698 po-

2039 4710 2253 4765 nentes,
2313 4706 2679 4760 constitutnm
2744 4711 3059 4767 certaminis
3125 4714 3269 4768 diem
3319 4718 3613 4774 confortati

2039 4792 2345 4859 VigOtUSltlS
2404 4801 2897 4866 exspectabamus:
2953 4814 3173 4874 propter
3221 4809 3364 4877 quod
3422 4811 3612 4867 τιθείης

2039 4894 2254 4950 senatu,
2283 4885 2601 4956 baronibus,
2651 4890 2777 4946 belli
2831 4896 3135 4963 capitancis
3190 4906 3246 4954 et
3282 4903 3612 4957 commilito-

2039 4974 2199 5029 nibus
2230 4976 2298 5030 ab
2328 4978 2661 5050 imperatore
2700 4982 2996 5047 universis.
3028 5002 3212 5044 sermo
3234 4991 3357 5047 talis
3393 4992 3613 5048 habitus

2039 5076 2161 5120 est:
2196 5066 2488 5139 Quoniam,
2526 5073 2624 5125 viri
2657 5077 2891 5138 nobiles.
2921 5080 3128 5136 militiae
3153 5082 3397 5139 illustres
3421 5086 3612 5144 duces.

2041 5174 2250 5229 vosque
2318 5166 2718 5223 commilitones
2794 5168 3274 5243 Christianissimi,
3317 5176 3611 5247 appropin-

2043 5259 2301 5320 quantem
2344 5256 2660 5312 certaminis
2707 5259 2896 5314 horam
2950 5262 3347 5333 conspicimus,
3408 5269 3612 5321 consti~

2041 5347 2271 5401 tuendos
2298 5363 2395 5403 vos
2422 5351 2523 5404 hoc
2553 5350 2608 5404 in
2637 5351 2756 5408 loco
2799 5358 3080 5424 praposui,
3119 5368 3176 5412 ut
3234 5360 3392 5427 plane
3440 5361 3612 5431 siqui-

2042 5436 2161 5491 dem
2198 5437 2516 5508 intelligatis
2537 5446 2902 5500 constantiam
2927 5459 3165 5504 vestram
3191 5451 3363 5521 magis
3390 5466 3453 5506 ac
3490 5469 3609 5508 ma-

2043 5529 2123 5596 gis
2145 5529 2492 5600 firmandam,
2520 5545 2709 5604 utpote
2730 5537 2822 5607 qui
2848 5538 3087 5609 gloriose
3108 5556 3322 5614 semper
3348 5548 3610 5604 adversas

2044 5619 2229 5674 hostes
2255 5620 2460 5676 Christi
2494 5622 2818 5691 dimicastis,
2867 5628 2980 5699 jam
3038 5634 3269 5700 patriam
3311 5635 3612 5706 urbemque

2043 5718 2155 5762 toto
2176 5710 2307 5764 orbe
2330 5715 2689 5787 perinclytatn
2715 5736 2876 5788 quam
2905 5724 3102 5780 infidus
3124 5725 3453 5800 invidusque
3472 5728 3613 5785 Teu-

2043 5818 2168 5857 crus
2195 5802 2331 5861 duos
2362 5809 2832 5883 etquinquaginta
2858 5815 2972 5872 dies
2996 5826 3398 5891 coangustavit,
3427 5825 3614 5881 \estt‘is

3111 5914 3184 5973 3i)
