4028 6412
380 382 484 447 939

1611 378 1995 440 LEONAliDl
2050 381 2406 443 ClIlENSlS

3537 376 3645 441 940

379 495 504 549 altis
563 492 845 562 spiritibus
901 491 1245 547 commissam
1302 492 1579 559 habeatis,
1633 508 1807 562 neque
1853 508 1951 547 vos
1981 499 2020 555 Α
2063 495 2358 564 quisquam
2393 493 2789 556 retrocederct,
2826 491 3051 555 clausis,
3088 500 3502 561 pernortaruut.
3539 493 3647 544 Λιι-

380 589 546 651 mnri,
577 588 715 641 mole
743 586 978 655 ingentis
1014 584 1209 653 lapidis
1250 586 1317 640 ab
1350 585 1507 641 hoste
1532 586 1753 640 contriti
1781 595 1959 640 exter-

383 688 543 734 reant
570 697 582 731 :
611 679 865 748 quoniam
893 686 1001 731 tota
1020 679 1097 733 \‘is
1117 678 1171 732 in
1195 676 1287 732 Dei
1320 678 1597 747 prznsidio,
1624 679 1676 730 in
1712 676 1961 731 lacertis-

385 789 493 840 que
529 774 719 825 vestris
753 771 979 825 vibratis
1028 771 1388 839 excussisque
1443 770 1637 841 gladiis
1671 769 1722 823 in
1776 768 1961 823 hostes

382 862 688 918 exercenda
708 873 810 917 est.
848 861 975 917 Scio
1023 863 1293 917 indoctam
1356 862 1501 915 illam
1559 862 1959 916 multitudinem

382 973 446 1010 ex
481 970 630 1009 more
654 954 862 1024 magnis
879 968 1295 1024 congressuram
1315 954 1609 1008 ululatibus
1627 953 1964 1023 infinitisque

382 1047 589 1117 alonge
606 1045 839 1115 sagittis,
857 1060 964 1099 non
992 1058 1255 1113 personas
1281 1052 1520 1105 nostras,
1541 1043 1804 1112 quasjam
1823 1053 1962 1097 stre-

386 1156 490 1192 nne
545 1149 784 1193 armatas
832 1138 1137 1207 conspicio,
1187 1138 1285 1192 sed
1342 1152 1580 1199 murum.
1622 1138 1875 1191 thoraces
1899 1150 1962 1189 ac

384 1239 537 1286 scuta
570 1243 756 1286 nostra
788 1229 1071 1301 impetere.
1127 1230 1317 1301 Neque
1339 1244 1468 1302 ergo
1502 1245 1653 1286 more
1689 1245 1959 1299 equorum

383 1340 519 1393 quos
553 1324 702 1379 l’oeni
729 1326 857 1379 dum
882 1325 1144 1380 adversus
1165 1323 1443 1381 Ronranos
1466 1323 1841 1390 decertarent,
1871 1337 1964 1392 per

387 1416 804 1485 elephantorum
836 1416 1069 1471 invisam
1095 1414 1520 1470 horribilitatem
1552 1413 1831 1468 deterrere
1871 1425 1964 1463 vo-

383 1506 626 1570 luerunt,
661 1506 962 1561 u!ulatibus
991 1507 1332 1571 eorumdem,
1367 1506 1468 1559 hac
1500 1505 1553 1557 in
1600 1517 1777 1573 pugna
1830 1517 1964 1555 con-

385 1597 669 1649 sternandi
699 1596 853 1663 estis,
882 1605 975 1651 aut
1001 1595 1248 1666 fugandi,
1274 1596 1406 1666 quin
1449 1596 1633 1665 potius
1683 1592 1962 1647 anintandi

386 1698 448 1741 ut
493 1688 717 1743 hercule
763 1688 1107 1745 constantius
1143 1688 1434 1743 resistatis.
1468 1686 1662 1741 Bestia:
1696 1686 1844 1740 enim
1878 1684 1963 1737 fn-

388 1790 590 1847 gattlur
619 1795 648 1833 a
677 1783 886 1847 bestiis,
911 1797 1009 1837 vos
1032 1783 1123 1850 qui
1155 1782 1402 1836 homines
1436 1781 1568 1835 estis
1605 1779 1961 1849 magnanimi,

388 1872 593 1927 bestias
625 1873 749 1929 illas
796 1874 1028 1930 viriliter
1061 1872 1430 1940 sustinebitis,
1464 1873 1518 1927 in
1553 1887 1758 1942 eosque
1794 1872 1957 1926 velttti

387 1972 625 2034 agrestes
659 1978 821 2032 apros
853 1964 1075 2019 lanceas
1109 1978 1511 2033 mucronesque
1543 1972 1753 2017 vestros
1785 1962 1962 2028 ﬁge-tis

388 2064 447 2109 ut
477 2056 800 2127 intelligant,
857 2072 979 2113 cum
1020 2057 1340 2111 animalium
1380 2055 1642 2120 dominis,
1686 2071 1792 2109 non
1838 2070 1961 2108 cum

384 2151 732 2217 animalibus,
777 2165 872 2205 eos
910 2150 1235 2205 bellaturos.
1279 2149 1647 2218 Cognoscitis,
1685 2148 1828 2215 quod
1863 2150 1966 2201 im-

388 2239 512 2308 pius
546 2251 597 2294 et
630 2239 832 2294 infidus
862 2239 1039 2294 hostis
1090 2255 1277 2309 pacem
1322 2253 1567 2295 nosuam
1602 2237 1806 2307 injuste
1840 2253 1968 2306 per-

386 2333 649 2397 turbavit;
683 2332 1072 2403 jusjurandum
1105 2342 1159 2388 et.
1206 2334 1387 2388 fce'dus
1440 2333 1585 2386 inter
1614 2346 1713 2383 nos
1748 2340 1965 2398 par-tum

386 2421 647 2488 violavit;
688 2423 918 2479 colonos
963 2434 1183 2478 nostros
1215 2422 1412 2477 messis
1461 2431 1708 2490 tempore
1748 2419 1968 2473 interie-

386 2519 494 2584 cit;
530 2520 800 2573 coloniam
829 2519 1215 2588 depopulavit;
1240 2526 1511 2581 castrum,
1536 2520 1684 2585 quod
1722 2514 1877 2584 quasi
1904 2514 1967 2569 ad

388 2609 694 2664 vorandum
723 2610 1068 2665 Christianos
1093 2610 1186 2675 sit,
1213 2610 1266 2662 in
1291 2607 1630 2679 Propontide
1657 2607 1966 2671 aediﬁcavit,

388 2702 749 2773 Galatamque
771 2700 1126 2758 simulatione
1148 2703 1300 2773 pacis
1323 2702 1713 2758 circumdedit.
1735 2700 1971 2755 Minatur

389 2808 539 2848 nunc
580 2792 927 2868 Constantini
963 2791 1139 2862 Magni
1177 2793 1394 2855 urbem,
1427 2790 1661 2861 patriam
1702 2800 1969 2851 vestram,

391 2885 679 2956 profugum
704 2885 1138 2940 Christianorum
1164 2884 1450 2949 auxilium,
1474 2893 1528 2936 et
1550 2882 1794 2937 nuntium
1817 2879 1967 2934 Gras-

388 2991 580 3032 corum
630 2985 993 3031 tutamentum
1041 2992 1239 3047 capere
1277 2993 1291 3030 :
1332 2987 1388 3030 et
1425 2989 1587 3031 sacra
1620 2975 1711 3029 Dei
1767 2973 1971 3039 templa

389 3071 605 3140 equinis
638 3071 868 3126 stabulis
900 3070 1213 3142 profanare.
1245 3068 1291 3123 Ο
1343 3071 1582 3124 barones
1616 3068 1748 3131 mei,
1786 3082 1819 3120 ο
1853 3065 1968 3118 fra-

2067 591 2225 643 diunt
2281 589 2422 639 inter
2468 589 2584 641 luce
2628 586 2804 657 parari
2857 585 3177 646 machinas,
3214 585 3335 639 vehi
3379 594 3648 640 castratas

2066 680 2222 750 bigas
2249 699 2262 734 :
2301 680 2456 735 \allis
2481 680 2659 733 scalas
2693 688 2901 733 rotatas
2933 677 3119 731 adium
3134 677 3235 731 eri.
3271 674 3482 732 Classis
3512 690 3653 745 pra:-

2067 782 2236 835 terca,
2274 778 2332 824 ut
2372 768 2673 825 circumdet
2709 780 2926 836 portum
2963 777 3017 821 et
3061 768 3273 833 urbem,
3308 766 3644 837 disponitur.

2067 861 2209 917 Pons
2267 860 2422 931 juxta
2483 860 2634 914 urbis
2689 859 2866 928 ripam
2932 859 3293 929 applicatur:
3350 858 3652 926 omniaque

2066 951 2509 1005 machinamenta
2563 950 2860 1003 instantius
2904 955 3302 1017 praiparanlur,
3335 949 3653 1017 praepositis

2068 1052 2230 1096 noctu
2269 1042 2452 1096 minus
2479 1041 2743 1106 robustis,
2773 1055 3064 1109 minusque
3094 1041 3370 1105 doctis,ut
3393 1041 3527 1093 dum
3558 1040 3646 1094 lu!
3718 1030 3723 1039 ’

2066 1135 2277 1189 venerit
2301 1135 2643 1190 robustiores
2671 1134 2875 1189 milites
2898 1135 3014 1189 sint
3043 1141 3312 1188 recentes.
3347 1133 3642 1188 Certamen

2064 1232 2326 1285 inchoant
2351 1249 2367 1296 ;
2396 1231 2569 1287 nostri
2605 1246 2797 1300 magna
2824 1246 2946 1284 cum
2972 1230 3321 1284 animositate
3346 1230 3646 1293 resistunt;

2068 1325 2250 1380 hostes
2275 1323 2548 1379 machinis
2578 1334 2632 1378 et
2670 1323 2891 1378 balistis
2915 1323 3225 1393 repellunt;
3262 1331 3311 1376 et
3341 1337 3407 1375 ex
3481 1334 3646 1377 utra-

2065 1432 2170 1487 que
2209 1426 2361 1486 parte
2382 1415 3059 1486 proportionahil'terocci
3084 1418 3294 1471 Zuntur.
3329 1415 3646 1471 Tenebrosa

2065 1525 2172 1563 nox
2204 1509 2258 1563 in
2293 1509 2468 1562 lucem
2499 1507 2754 1569 trahitur,
2793 1506 2995 1562 nostris
3023 1508 3388 1564 vincentibus.
3425 1508 3491 1562 Et
3517 1512 3646 1562 dum

2066 1612 2210 1655 astra
2237 1599 2460 1665 cedunt,
2491 1600 2619 1654 dum
2657 1597 2845 1653 Phoebi
2902 1599 3162 1667 praecedit
3184 1600 3404 1655 Lucifer
3438 1612 3647 1665 ortum,

2066 1694 2318 1750 bucciuis
2350 1709 2418 1747 ex
2455 1704 2688 1760 utraque
2747 1700 2900 1759 parte
2953 1692 3322 1761 crepantibus,
3378 1692 3651 1763 tympanis

2068 1785 2555 1857 perstrepentibus,
2574 1785 2858 1839 altissimis
2883 1785 3215 1841 clamarihus
3242 1786 3449 1850 missis,
3475 1787 3648 1854 llia'a,

2070 1879 2240 1942 lllala,
2265 1878 2318 1930 in
2347 1876 2570 1932 Martem
2604 1880 2978 1939 eonc'amans,
3000 1876 3357 1947 conglobatus
3388 1878 3441 1930 in
3461 1892 3650 1947 gyrum

2069 1970 2353 2039 consurgit
2385 1968 2686 2024 exercitus.
2729 1964 2846 2022 Una
2876 1982 3008 2038 ergo
3038 1969 3175 2023 hora
3216 1984 3438 2024 omnem
3502 1978 3650 2024 terra

2069 2072 2122 2116 et
2154 2062 2291 2116 mari
2323 2063 2513 2115 urbem
2553 2061 2839 2115 invadunt.
2869 2058 3152 2115 Machinas
3210 2060 3448 2129 primum
3475 2076 3649 2113 excu-

2070 2160 2245 2221 tiunt;
2282 2154 2513 2225 sagittas
2541 2154 2740 2208 cmlum
2775 2155 3137 2209 obscurautes
3160 2154 3484 2209 immittunt.
3511 2155 3654 2209 Con-

2072 2260 2152 2304 tra
2188 2247 2362 2303 nosu'i
2393 2246 2624 2302 missilia
2666 2246 2839 2301 invisa
2875 2246 3173 2300 demittunt
3246 2245 3652 2315 spingardasin

2071 2342 2294 2413 globum
2328 2340 2560 2411 jaciunt.
2587 2339 2870 2394 Scinditur
2901 2339 3177 2393 exercitus
3208 2337 3456 2392 horribili
3488 2337 3655 2392 Chri-

2072 2438 2375 2491 stianorunt
2414 2434 2769 2491 .resistentia.
2850 2430 3006 2485 Tunc
3065 2432 3202 2486 fiunt
3257 2430 3532 2486 clamores
3596 2429 3652 2483 in

2074 2528 2300 2592 etclam,
2348 2526 2547 2582 vexiila
2580 2524 2820 2580 alacrius
2852 2524 3277 2591 expanduntur;
3310 2537 3340 2577 o
3369 2521 3653 2577 mirandas

2075 2622 2311 2676 bestias!
2381 2620 2727 2675 consumitur
2783 2619 3086 2680 exercitus,
3143 2625 3196 2669 et
3252 2616 3650 2671 immensurata

2073 2714 2303 2768 audacia
2336 2712 2540 2767 vallum
2568 2714 2775 2765 intrare
2808 2711 3111 2780 praesumit.
3140 2709 3356 2763 Cadunt
3378 2707 3654 2779 lapidibus

2073 2806 2255 2860 obruti
2288 2803 2472 2869 Turci,
2506 2803 2667 2859 morti
2697 2804 2851 2857 muiti
2884 2800 3289 2868 succumbunt,
3333 2809 3386 2855 et
3419 2816 3479 2854 se
3509 2800 3657 2854 inri-

2047 2912 2192 2951 .cem
2226 2895 2615 2950 conculcantes
2647 2902 2859 2948 tentant
2884 2908 2980 2963 per
3014 2893 3231 2946 ruinam
3271 2907 3461 2945 nturos
3492 2906 3656 2946 sean-

2074 2988 2224 3043 dere.
2260 2994 2302 3041 A
2342 2988 2549 3040 nostris
2579 2984 2800 3054 quidem
2856 2995 3080 3040 strenue
3130 2982 3493 3054 repelluntur,
3557 2983 3655 3037 Sed

2075 3077 2347 3132 vulnerati
2389 3076 2563 3132 nostri
2633 3077 2818 3139 multi,
2884 3090 3123 3146 pugnam
3187 3074 3489 3129 declinant.
3543 3074 3660 3128 Stat

392 3169 526 3223 tres,
553 3176 586 3214 o
612 3160 732 3227 lilii,
755 3159 1200 3214 Christianorqu
1252 3171 1520 3213 internum
1577 3160 1745 3212 decus
1779 3154 1970 3210 defen-

2077 3170 2399 3239 capitaneus
2432 3166 2677 3223 Joannes
2703 3184 2719 3234 ;
2754 3165 3100 3222 stanter-teri
3121 3166 3173 3219 in
3204 3166 3318 3221 suis
3344 3180 3659 3235 prOpugna-

394 3267 518 3307 sare
587 3252 830 3307 curetis!
896 3249 1117 3321 Vosque
1175 3251 1518 3313 Genuenses,
1575 3248 1675 3303 viri
1741 3246 1966 3317 quidem

395 3346 577 3413 magni
604 3344 808 3407 cordis,
828 3352 882 3398 et
898 3343 1110 3412 inclyti,
1137 3343 1232 3412 qui
1264 3343 1492 3396 infinitis
1509 3340 1755 3396 victoriis
1777 3336 1988 3392 trium-'

397 3438 630 3505 phastis,
680 3438 771 3502 qui
816 3436 1005 3490 urbem
1065 3436 1207 3489 hanc
1245 3446 1474 3489 matrem
1509 3443 1745 3488 vestram
1781 3430 1968 3485 multis

397 3533 658 3583 adversus
695 3528 908 3586 Tur-eos
933 3530 1327 3586 certaminibus
1355 3544 1572 3598 semper
1625 3525 1971 3599 protexistis,

395 3623 479 3675 eia
517 3623 681 3690 agite,
720 3622 894 3677 robur
929 3635 1172 3676 vestrum
1228 3622 1745 3689 anitnositatemque
1784 3625 1973 3672 contra

395 3730 491 3769 eos
522 3715 752 3771 viriliter
785 3715 1111 3771 ostendatis.
1169 3712 1214 3767 Ο
1262 3713 1471 3777 Veneti,
1509 3712 1609 3766 viri
1661 3709 1978 3781 potentissi-

397 3811 492 3877 mi,
550 3824 787 3880 quorum
836 3809 1016 3876 gladio
1073 3821 1452 3877 smpcuumero
1500 3803 1805 3859 Turcorum
1849 3817 1978 3856 san-

395 3906 517 3974 guis
554 3903 872 3967 effunditur,
923 3905 1130 3972 quique
1185 3902 1382 3955 deins
1426 3899 1631 3954 nostris
1675 3912 1770 3967 per
1821 3895 1978 3950 Plor-

396 3996 540 4049 dano
579 3995 1108 4050 excellentissimum
1158 3994 1356 4048 classis
1393 4001 1595 4046 nostra}
1632 3991 1974 4064 pt'aafcctum,

400 4097 475 4139 tot
513 4088 717 4154 galeas,
756 4094 837 4139 tot
863 4085 1155 4139 infidorum
1181 4087 1392 4137 animas
1426 4084 1491 4137 ad
1532 4082 1741 4137 inferos
1779 4082 1977 4134 crebro

398 4177 704 4238 destinatis,
756 4176 962 4243 quique
1001 4176 1082 4227 uti
1117 4185 1355 4227 vestram
1403 4175 1543 4227 hanc
1587 4174 1977 4258 urbettt’ittgc-

399 4268 526 4322 nnis
581 4277 633 4321 et
688 4266 907 4336 magnis
944 4266 1079 4319 viris
1138 4264 1467 4327 decorastis,
1523 4264 1799 4318 extollatis
1834 4278 1978 4316 nunc

397 4356 575 4411 celsos
599 4357 813 4410 animos
845 4355 915 4410 ad
943 4369 1246 4409 certamen.
1274 4354 1511 4422 Vosque,
1542 4352 1970 4417 commilitones,

399 4449 596 4503 vestris
633 4447 908 4518 praefectis
961 4462 1181 4503 omnem
1213 4446 1584 4502 obedientiam
1617 4445 1969 4509 exhibentes,

398 4545 703 4616 intelligite,
728 4546 875 4615 quod
907 4545 995 4598 hic
1029 4544 1150 4598 dies
1177 4552 1263 4598 est
1292 4541 1478 4612 gloria:
1505 4548 1703 4594 vestra:
1732 4559 1744 4593 :
1778 4541 1831 4594 in
1864 4557 1973 4610 quo

398 4641 444 4695 si
484 4641 771 4708 sanguinis
796 4647 1007 4708 guttam
1043 4636 1609 4698 fuderitis,coronam
1649 4632 1798 4686 vobis
1831 4650 1974 4686 mar-

398 4733 522 4803 tyrii
553 4741 609 4786 et
634 4731 863 4802 gloriam
916 4728 1183 4800 parabilis
1227 4727 1619 4781 immortalem.

470 4820 653 4890 Itaque
677 4822 829 4875 linito
853 4835 1109 4875 sermone
1133 4822 1315 4874 omnis
1340 4819 1780 4873 Christianorum
1804 4829 1979 4871 C(BillS

398 4926 737 4969 constantem
764 4929 823 4968 se
851 4913 1094 4966 animum
1150 4913 1355 4967 habere
1408 4911 1727 4980 spopondit.
1764 4910 1981 4978 Repetit

399 5012 698 5078 imperator
733 5023 747 5060 :
780 5003 966 5060 Estote
995 5006 1161 5075 igitur
1186 5020 1378 5059 omnes
1409 5003 1464 5058 in
1500 5013 1623 5060 actu
1652 5004 1854 5059 virtute
1887 5018 1982 5073 pa-

401 5103 500 5156 rati
537 5100 591 5155 in
621 5097 943 5164 crastinum,
975 5111 1105 5166 quo,
1144 5096 1255 5153 Deo
1282 5098 1520 5162 favente,
1548 5098 1624 5151 uti
1664 5111 1979 5166 speramus,

398 5180 685 5249 victoriam
719 5205 1149 5261 consequemur.
1182 5190 1492 5246 Confortati
1524 5191 1758 5259 posthac
1802 5188 1979 5244 Graeci

399 5288 493 5358 qui
528 5287 763 5357 primum
798 5287 954 5355 quasi
995 5283 1177 5355 pavidi
1217 5285 1416 5337 bellum
1451 5283 1831 5346 declinabant,
1868 5280 1981 5334 vir-

401 5388 625 5448 tuteque
661 5377 991 5440 confirmati,
1039 5376 1270 5446 privatis
1325 5389 1448 5446 post
1517 5386 1670 5444 terga
1729 5374 1979 5429 dimissis

405 5471 589 5536 rebus,
624 5469 690 5524 ad
723 5481 1003 5526 certamen
1034 5483 1132 5538 pro
1175 5469 1453 5524 communi
1502 5470 1677 5523 salute
1724 5477 1984 5522 constan-

407 5570 494 5615 ter
551 5560 915 5630 alacritcrqne
963 5561 1320 5629 conspirant;
1365 5564 1594 5629 suisque
1643 5577 1735 5630 per
1771 5561 1981 5625 eapiza-

411 5665 566 5717 neos,
586 5651 774 5716 duces,
794 5650 1071 5713 tribunos.
1091 5655 1459 5707 centuriones.
1484 5654 1757 5715 decurias,
1778 5667 1983 5721 ιιι-ομη-

406 5741 654 5814 gnaculis
672 5744 959 5799 ordinatis.
981 5755 1140 5798 nocte
1158 5759 1219 5796 ea
1239 5760 1357 5812 qth
1374 5741 1600 5796 Martem
1621 5748 1879 5810 pra-cette:
1904 5756 1978 5806 at,

411 5834 661 5890 maximis
708 5835 958 5890 excubiis
1008 5834 1150 5889 infra
1189 5837 1428 5897 vallum,
1475 5836 1643 5889 valvis
1689 5836 1870 5903 urbis,
1914 5852 1980 5891 nc

2010 4508 2057 4565 D

2075 3261 2236 3315 culis.
2268 3260 2448 3315 Duces
2483 3257 3000 3314 succurrunt'urbis
3045 3258 3331 3327 capitaneo
3372 3257 3647 3326 deputati.

2075 3352 2399 3423 Imperator,
2453 3351 2575 3416 Eia,
2625 3350 2826 3420 inquit,
2876 3350 2978 3403 viri
3032 3349 3251 3404 fortes!
3301 3351 3414 3419 jatn
3449 3350 3661 3403 laxatur

2074 3445 2351 3501 exercitus
2385 3443 2656 3508 hosﬁum,
2730 3457 2934 3499 corona
2987 3443 3230 3498 victoriae
3255 3443 3414 3497 nobis
3474 3444 3662 3512 utique

2076 3536 2260 3590 datur.
2307 3533 2454 3591 Deus
2484 3535 2774 3591 nobiscum
2800 3543 2920 3599 est;
2960 3533 3106 3603 agite
3139 3543 3494 3588 censtantem
3556 3550 3656 3602 pu-

2076 3643 2260 3699 gnam.
2301 3628 2449 3682 Inter
2489 3628 2605 3680 tunc
2631 3626 2775 3681 malo
2826 3625 2982 3680 urbis
3036 3625 3172 3690 fato,
3230 3626 3368 3680 heul
3422 3624 3663 3681 .lnanucs

2076 3720 2424 3779 Justinianus
2448 3721 2648 3785 sagitta
2690 3719 2796 3774 sub
2818 3719 2984 3773 asilla
3026 3719 3320 3789 conﬁgitur
3359 3739 3371 3773 :
3403 3721 3495 3788 qui
3535 3735 3658 3773 mox

2079 3815 2397 3883 inexpertus
2420 3811 2659 3880 juvenis,
2690 3810 3088 3881 suisanguiuis
3107 3810 3379 3865 effusione
3405 3810 3660 3880 pavidus,

2079 3904 2366 3973 perdenda:
2395 3904 2519 3957 vitae
2554 3913 2698 3959 metu
2738 3902 3083 3968 concutitur,
3118 3912 3171 3957 et
3204 3919 3270 3957 ne
3303 3914 3658 3972 pugnaturos,

2079 3997 2169 4066 qui
2221 3995 2572 4050 vulneratum
2639 3996 2993 4064 ignorabant,
3049 3997 3248 4050 virtute
3309 3994 3658 4066 frangantur,

2081 4087 2222 4140 clam
2257 4087 2528 4141 medicum
2585 4088 2919 4156 quzcsiturus
2960 4086 3028 4140 ab
3069 4088 3186 4140 acie
3244 4086 3517 4142 discessit.
3553 4086 3660 4154 Qui

2084 4179 2128 4233 si
2173 4179 2338 4232 alium
2388 4193 2493 4232 suo
2532 4178 2653 4232 loco
2702 4181 3080 4250 subrogasset.
3116 4181 3267 4236 salus
3321 4182 3508 4250 patria:
3549 4198 3660 4237 non

2086 4269 2356 4339 periisset.
2406 4270 2650 4341 Pugnant
2689 4270 2831 4325 inter
2861 4272 2974 4326 luce
3015 4265 3241 4326 arduam
3285 4278 3660 4330 committunt.

2086 4363 2412 4433 Imperator,
2447 4374 2505 4417 ut
2549 4363 2684 4418 vidit
2736 4362 2929 4417 deesse
2980 4364 3351 4434 capitaneum,
3408 4367 3666 4436 inge-mis-

2085 4469 2240 4515 cens.
2263 4471 2372 4525 quo
2408 4453 2618 4510 scilicet
2668 4454 2811 4520 ierit,
2854 4465 3260 4522 percuncratur.
3302 4455 3483 4510 Nestri
3512 4466 3569 4509 ut
3604 4472 3667 4511 se

2086 4548 2272 4602 vident
2305 4547 2425 4602 sine
2447 4544 2605 4612 duce,
2644 4545 2856 4600 resilire
2888 4563 2917 4599 e
2954 4545 3086 4599 locis
3122 4547 3411 4616 incipiunt.
3466 4546 3665 4603 Teucri

2086 4640 2519 4703 COHVilll‘SCllnl;
2554 4639 2750 4691 horror
2810 4640 3012 4693 nostris
3066 4625 3350 4692 incutitur.
3384 4639 3667 4695 Desiderio

2083 4734 2231 4787 enim
2277 4717 2463 4785 cuncii
2510 4730 2896 4785 desiderabant
2955 4746 3019 4784 ex
3054 4732 3367 4796 periculoso
3416 4728 3508 4786 illo
3540 4731 3667 4786 loco

2085 4824 2231 4880 scire
2292 4823 2422 4892 quid
2484 4824 2840 4891 contigisset;
2899 4822 3044 4892 quod
3102 4823 3506 4892 prtt‘l'cctontm,
3568 4823 3665 4893 qui

2086 4913 2301 4983 singula
2366 4928 2489 4981 quae
2538 4914 2789 4981 sinistra,
2853 4914 2934 4967 vel
2984 4930 3245 4984 prospera
3309 4918 3663 4985 evenissent,

2085 4997 2342 5063 nuntiare
2377 5006 2674 5074 debebant,
2716 5007 3043 5079 negligentia
3080 5011 3515 5078 prattermissum
3557 5019 3665 5065 est.

2086 5100 2348 5155 Terrebat
2397 5100 2656 5153 acerbum
2700 5099 2827 5152 illud
2877 5099 3105 5166 bellu'm,
3148 5105 3240 5169 qui
3280 5118 3477 5171 magno
3536 5118 3663 5157 cum

2086 5194 2306 5248 silentio
2362 5210 2391 5248 a
2451 5192 2610 5264 longe
2674 5194 2979 5253 stetissent.
3044 5192 3442 5264 Fatigabantur
3500 5196 3668 5265 igitur

2086 5283 2260 5338 nostri
2326 5284 2626 5354 plurimum
2674 5301 2687 5336 :
2748 5294 2800 5338 et
2862 5299 3022 5354 quem
3090 5294 3478 5353 reparaverant
3537 5286 3667 5342 bac-

2086 5378 2409 5432 chatureum
2464 5392 2719 5440 murum,
2778 5378 3022 5431 hostium
3074 5378 3489 5446 compressione
3535 5394 3666 5448 pau-

2088 5473 2254 5540 lisper
2302 5456 2583 5524 deserunt.
2639 5468 2757 5533 Quo
2810 5468 3060 5538 inspecto
3107 5468 3409 5537 dijudieaut
3473 5470 3664 5523 'l‘eucri

2090 5573 2309 5631 propter
2335 5561 2715 5630 repletionem,
2755 5576 2918 5629 quam
2956 5561 3113 5614 ruina
3152 5560 3393 5631 collapsa
3435 5560 3659 5626 fecerat,

2087 5666 2245 5719 teque
2266 5651 2400 5703 calle
2422 5666 2583 5719 posse
2608 5651 2843 5702 transire
2877 5649 3235 5704 :lrruendutn
3261 5651 3430 5720 igitur
3451 5663 3555 5719 est,
3583 5653 3661 5706 in-

2088 5743 2303 5813 quiunt,
2324 5750 2378 5794 ct
2408 5741 2572 5793 veluti
2600 5742 2937 5810 impctuosus
2957 5744 3133 5808 turbo,
3158 5761 3263 5797 uno
3288 5747 3522 5815 impulsu
3542 5759 3660 5797 tnu-

2091 5850 2180 5892 ros
2199 5833 2528 5901 ascendunt;
2551 5850 2672 5890 mox
2701 5836 2975 5893 montibus
2994 5837 3185 5893 vexilla
3210 5837 3454 5905 ligentes,
3474 5834 3659 5890 hilaris
