4028 6404
354 395 452 460 941

1449 398 1545 458 DE
1598 397 2201 460 EXPUGNA'HUNE
2233 403 2517 462 Cl’t’)l.lS.

3518 402 3624 469 919.

355 499 465 562 ‘ate
496 507 638 575 pleni
665 508 1017 561 conclamant
1046 509 1354 573 victoriam,
1385 511 1564 579 gladio
1584 519 1850 579 pugnant,
1876 518 1928 560 ct

2043 514 2397 566 reverent'am
2433 527 2607 582 neque
2644 512 2846 566 sanctis
2875 512 3201 591 irqaginibus
3223 514 3447 579 habent,
3488 519 3618 587 quin

353 594 535 664 quoad
558 600 815 663 possunt,
836 597 982 649 omni
1014 612 1137 651 cum
1162 598 1366 653 virtute
1392 608 1611 653 nostros
1640 602 1721 655 vel
1749 609 1930 654 ex-ter-

353 689 589 753 minare,
622 688 703 742 vel
728 690 999 759 subjicere
1032 692 1354 747 moliuntur.
1391 693 1693 761 imperator
1721 693 1930 759 inf-liv,

355 792 414 832 ut
450 780 586 835 vidit
628 786 981 854 capitaneum
1035 786 1385 856 desperatum
1422 804 1433 839 :
1487 787 1601 841 lleu
1652 802 1739 841 me
1773 788 1936 841 mise-

353 887 475 925 rum
497 876 509 926 l
541 874 740 941 inquit,
773 877 985 946 peritus
1007 878 1136 933 urbs
1160 878 1182 931 ?
1210 877 1256 933 0
1281 878 1408 932 infoi
1425 887 1672 934 lunatam
1696 882 1929 935 sortem!

353 965 513 1027 siste,
539 981 754 1035 precor,
788 969 1092 1039 capitanee.
1120 970 1256 1025 Nam
1291 981 1380 1024 tua
1408 970 1532 1039 fuga
1572 972 1709 1027 alios
1744 972 1935 1026 incitat

352 1062 421 1113 ad
449 1059 789 1129 fugiendum.
813 1061 929 1115 Non
952 1071 1035 1117 est
1062 1065 1294 1117 mortale
1318 1064 1537 1127 vulnus,
1561 1073 1751 1134 patere
1780 1064 1935 1119 dole-

353 1168 493 1220 rem,
526 1161 583 1207 et
631 1153 767 1209 siste
805 1153 1063 1221 viriliter,
1102 1165 1163 1210 ut
1200 1157 1564 1228 spopondisti.
1606 1158 1674 1210 At
1708 1157 1798 1210 ille
1843 1171 1935 1211 sa-

355 1247 509 1306 lutis.
564 1247 771 1316 gloriae,
833 1247 1031 1317 suique
1073 1250 1301 1316 oblitus,
1361 1251 1438 1304 uti
1492 1250 1654 1305 altam
1712 1250 1934 1319 quidem

358 1338 537 1407 primo
573 1340 1111 1409 magnanimitatem,
1139 1343 1211 1397 ita
1245 1343 1477 1413 posthac
1515 1342 1939 1414 pusillanlmita-

354 1445 462 1483 tem
495 1431 757 1486 ostendit.
817 1432 1011 1487 Debuit
1036 1434 1206 1501 enim,
1233 1435 1281 1490 si
1316 1443 1532 1505 poterat
1561 1434 1807 1490 vulneris
1832 1435 1935 1489 do-

353 1524 524 1577 lorem
553 1521 803 1590 suﬂ'erre,
837 1539 945 1580 non
972 1525 1248 1592 recedere,
1275 1526 1321 1581 si
1350 1525 1427 1578 vir
1450 1536 1571 1581 erat
1593 1542 1610 1594 ;
1634 1526 1717 1580 vel
1741 1526 1936 1582 saltem

353 1616 543 1681 alium,
579 1618 671 1686 qui
706 1618 824 1674 loco
855 1620 939 1674 sui
979 1620 1246 1688 stetisset,
1279 1623 1596 1691 subrogare.

426 1707 774 1779 Franguntur
796 1725 862 1766 ex
892 1711 996 1767 hoc
1019 1714 1264 1767 omnium
1292 1714 1725 1769 commilitonum
1747 1715 1937 1781 animi,

355 1798 684 1854 hebetentur
740 1802 905 1867 vires,
960 1811 1016 1857 et
1058 1806 1405 1874 capitaneum
1481 1807 1802 1873 fugientem.
1873 1826 1938 1861 ne

356 1901 606 1959 pereant,
656 1894 1045 1963 insequuntur.
1092 1895 1164 1950 Da
1226 1896 1512 1962 clientulo,
1552 1899 1730 1970 inquit
1783 1901 1935 1968 capi-

353 1992 569 2049 laneus,
590 1985 794 2039 clavem
822 1995 1011 2056 portm,
1030 2002 1193 2056 quam
1216 2005 1339 2044 mox
1359 2000 1652 2046 reseratam
1682 2002 1935 2063 satagunt

353 2091 552 2147 magna
582 2092 705 2132 cum
739 2083 1161 2149 compressione
1195 2083 1452 2138 transire.
1486 2083 1749 2140 Reserata
1780 2096 1934 2154 porta

352 2168 490 2241 fugit
511 2171 828 2239 capitaneus
855 2173 1068 2238 Pcram,
1092 2175 1185 2245 qui
1220 2183 1408 2246 postea
1434 2176 1625 2232 Chium
1648 2180 1933 2248 navigans,

351 2277 415 2316 ex
447 2264 668 2319 vulnere
724 2266 809 2319 vel
856 2266 1079 2322 tristitia
1110 2268 1406 2339 inglorium
1455 2270 1748 2325 transitum
1780 2270 1931 2326 fecit.

354 2352 660 2422 imperator
721 2355 968 2423 insuper.
1026 2372 1094 2412 ue
1144 2358 1217 2413 ab
1259 2357 1510 2415 hostibus
1552 2360 1803 2430 capiatur
1838 2377 1853 2413 :
1889 2362 1935 2413 υ

351 2446 648 2513 quispiam,
674 2447 872 2516 inquit,
904 2450 1090 2515 valens
1115 2459 1237 2521 ty.ro
1257 2457 1478 2521 propter
1504 2450 1695 2515 Deum,
1722 2467 1791 2507 ne
1821 2467 1935 2506 ma-

349 2540 525 2606 jestas
557 2540 724 2593 vafris
751 2541 882 2595 viris
911 2544 1254 2607 succumbat,
1288 2558 1410 2598 meo
1434 2544 1615 2614 gladio
1647 2560 1733 2599 me
1759 2555 1933 2599 trans-

356 2630 507 2699 flgat.
540 2630 685 2686 Inter
709 2635 822 2687 haec
852 2631 1193 2704 Theophilus
1226 2633 1586 2706 Palaeologus,
1622 2638 1706 2691 vir
1734 2639 1931 2693 catho-

356 2723 530 2778 licus:
554 2722 671 2778 Jam
696 2726 903 2793 perdita
925 2727 1078 2791 urbe,
1100 2744 1207 2791 tne,
1231 2729 1428 2798 inquit,
1451 2730 1631 2785 vivere
1646 2746 1753 2785 non
1777 2731 1931 2797 licet;

355 2812 808 2885 Teucrorumque
838 2818 1049 2886 pondus
1073 2820 1393 2888 aliquandiu
1425 2822 1813 2888 δυειίιιειιε,ορι
1842 2826 1931 2878 deo

354 2918 598 2972 certans,
638 2911 816 2965 securi
862 2910 1211 2968 discinditur.
1255 2914 1333 2968 ita
1376 2914 1654 2972 Johannes
1704 2918 1936 2973 Sclavus

358 3000 630 3071 Illyricos,
660 3002 827 3057 veluti
854 3002 1116 3061 llercttles
1137 3021 1195 3062 se
1218 3021 1522 3076 opponens,
1552 3010 1753 3065 multos
1785 3012 1936 3077 prius

358 3101 584 3157 mactat,
621 3095 816 3150 deinde
837 3096 1021 3165 gladio
1040 3096 1213 3153 finivit
1238 3100 1404 3153 vitam
1435 3101 1639 3157 hostili.
1689 3103 1759 3157 Se
1793 3104 1935 3157 iuvi-

2041 608 2224 672 potius
2256 606 2643 668 exterminant,
2690 607 2881 660 oeulos
2926 616 3241 660 sanctorum
3284 606 3618 671 sollodiant,

2040 707 2353 753 sanctorum
2408 710 2630 767 quoque
2666 698 2956 768 reliquias
3006 697 3087 753 vel
3142 698 3481 761 dilacerant,
3534 699 3619 753 vel

2038 791 2362 860 dispergunt
2389 790 2675 859 sacrilegae
2708 803 2939 852 manus:
2976 803 3103 844 mox
3140 798 3332 843 sancta
3364 787 3463 843 Dei
3494 802 3625 843 vasa

2042 892 2326 951 usurpant,
2350 889 2634 951 argentum
2664 894 2972 951 aurumque
3004 890 3112 936 tam
3143 888 3460 937 sanctarum
3489 880 3623 934 ima-

2038 977 2224 1045 ginum
2249 1014 2263 1039 ,
2315 987 2479 1042 quam
2511 988 2768 1028 vasorum
2816 987 3098 1028 sacrorum
3121 1012 3140 1039 ,
3180 972 3419 1029 sacculis
3449 971 3619 1027 infer-

2038 1069 2211 1122 ciuut.
2264 1065 2352 1121 Fit
2397 1068 2603 1122 clamor
2643 1078 2699 1122 et
2740 1068 2979 1121 ululatus
3024 1067 3091 1122 ad
3148 1066 3389 1133 cmlum;
3437 1065 3618 1121 omnis

2042 1173 2229 1220 sexus,
2274 1159 2437 1213 homo
2489 1160 2690 1224 omnis,
2741 1172 2901 1212 omne
2931 1172 3151 1225 aurum,
3184 1171 3349 1211 otnne
3377 1172 3477 1221 res,
3499 1148 3619 1211 om-

2041 1253 2127 1304 nis
2152 1249 2418 1319 supellex,
2447 1250 2738 1318 omnisque
2772 1249 2928 1306 urbis
2957 1250 3268 1306 substantia
3301 1251 3356 1305 in
3378 1249 3619 1320 pra'dam

2041 1342 2289 1396 vertitur.
2323 1340 2624 1397 Securibus
2652 1341 2853 1397 scrinia
2880 1342 3176 1407 scindunt;
3209 1339 3409 1396 fundos
3438 1339 3622 1411 perfo-

2043 1437 2198 1488 diunt
2234 1450 2334 1504 pro
2364 1436 2660 1501 thesauris;
2695 1434 2786 1503 qui
2818 1434 2955 1488 tanti
2991 1435 3358 1504 reperiuntur,
3382 1442 3437 1487 et
3467 1434 3617 1493 novi,

2041 1540 2095 1581 rt
2127 1538 2355 1593 veteres,
2392 1539 2450 1581 ut
2491 1528 2640 1581 nulla
2690 1529 2762 1582 sit
2805 1528 2932 1582 urbs
2980 1542 3011 1582 a
3053 1527 3255 1583 saeculo
3301 1541 3423 1595 qum
3454 1527 3618 1580 tantis

2044 1616 2248 1681 aﬂlual,
2298 1628 2354 1673 et
2398 1618 2449 1673 hi
2488 1635 2681 1676 omnes
2721 1620 3029 1676 absconditi
3080 1620 3135 1675 in
3192 1635 3389 1675 manus
3428 1634 3620 1675 eorum

2045 1718 2426 1778 pervenerunt.
2463 1710 2707 1766 OGrthi
2759 1712 2872 1780 jam
2931 1711 3121 1767 miseri
3149 1722 3203 1767 et
3255 1711 3619 1768 miserabiles.

1994 1849 2013 1905 ι
2044 1803 2136 1873 qui
2160 1803 2396 1873 inepiam
2453 1803 2754 1872 lingebatis,
2777 1819 2903 1859 ecce
2926 1803 3037 1873 jam
3068 1805 3120 1858 in
3144 1804 3323 1858 lucem
3348 1813 3609 1857 venerunt

2043 1895 2307 1961 thesauri,
2343 1910 2482 1964 quos
2509 1910 2607 1965 pro
2641 1895 2792 1950 urbis
2825 1895 3073 1951 subsidio
3100 1896 3434 1966 denegastis.
3493 1892 3620 1948 Tri-

2038 1986 2148 2041 duo
2173 1986 2340 2055 igitur
2375 1986 2429 2040 in
2467 1986 2702 2055 praedam
2733 1985 3026 2041 decursam
3062 1987 3339 2041 civitatem
3373 1984 3622 2056 depopu-

2037 2081 2313 2149 latamque
2343 2080 2486 2151 regis
2524 2076 2866 2134 Teucrorum
2894 2078 3088 2133 ditioni
3119 2079 3284 2134 dicati
3324 2078 3617 2133 admodum

2040 2171 2732 2242 relinquunt.Traducitur
2761 2172 2827 2225 ad
2896 2171 3197 2242 papiliones
3251 2171 3431 2227 omnis
3490 2169 3619 2226 sub-

2037 2268 2238 2323 stantia
2260 2275 2314 2321 et
2333 2266 2535 2335 pratda,
2564 2264 2839 2335 vinctique
2857 2279 3048 2319 omnes
3082 2264 3150 2318 ad
3182 2264 3462 2334 sexaginta
3497 2263 3621 2317 util-

2039 2362 2107 2414 lia
2150 2359 2373 2414 funibtts
2395 2357 2695 2413 Christiani
2732 2357 3081 2425 captivantnr
3111 2373 3126 2422 ;
3163 2370 3362 2412 cruces
3389 2372 3456 2411 ex
3480 2365 3618 2410 tem-

2038 2454 2250 2522 plorum
2284 2452 2532 2521 apicibus
2560 2449 2974 2521 parietibusque
2992 2448 3196 2505 evulsa:
3227 2449 3459 2519 pedibus
3479 2464 3616 2503 con-

2036 2548 2364 2611 culcantnr;
2399 2546 2673 2600 violantnr
2709 2545 2966 2599 mulieres
2998 2558 3014 2609 ;
3049 2542 3288 2613 virgines
3339 2540 3616 2596 deuorau-

2038 2652 2125 2694 tur
2154 2658 2169 2705 ;
2199 2654 2381 2694 mares
2411 2639 2642 2705 juvenes
2675 2638 2727 2692 in
2761 2636 3156 2707 turpitudinem
3216 2635 3563 2689 maculantur
3597 2652 3612 2696 ;

2037 2732 2485 2790 sanctimoniales
2506 2746 2571 2785 ac
2594 2729 2815 2798 reliqua:
2830 2728 2996 2783 etiam
3014 2742 3135 2799 qua:
3154 2734 3482 2798 apparentes
3505 2727 3623 2781 fue-

2039 2836 2188 2892 runt,
2228 2828 2356 2881 luxu
2388 2824 2681 2881 foedantur.
2712 2821 2758 2877 Ο
2796 2821 2936 2877 Deus
2973 2835 3149 2887 meus,
3214 2836 3379 2889 quam
3441 2821 3617 2873 iratus

2038 2920 2241 2977 videris
2280 2920 2481 2989 lquam
2508 2916 3015 2972 immisericorditer
3065 2914 3261 2969 faciem
3306 2928 3337 2968 a
3365 2912 3620 2968 fidelibus

2039 3013 2280 3087 avertisti
2322 3011 2492 3077 lQuid
2517 3010 2734 3065 dicam?
2757 3009 2942 3065 Silebo
2971 3007 3395 3063 aut‘narraboin
3422 3006 3614 3061 Salva-

2038 3114 2210 3162 torem
2268 3114 2322 3160 et
2374 3113 2593 3160 sanctas
2655 3101 2923 3172 imagines
2973 3099 3154 3154 illatas
3199 3098 3563 3153 contumelias
3600 3097 3625 3149 fr

358 3202 476 3239 cem
508 3197 696 3256 postea
728 3189 937 3251 nostri,
970 3197 1028 3242 ut
1071 3196 1282 3258 portam
1324 3190 1699 3261 ingrediantur
1721 3234 1735 3258 ,
1779 3211 1934 3249 com-
1958 3205 2005 3263 ο
2043 3210 2202 3266 parce
2227 3196 2380 3258 mihi,
2415 3193 2659 3258 Domine,
2704 3192 2755 3246 si
2787 3202 2895 3245 tam
2938 3190 3141 3245 fmdum
3188 3190 3366 3243 scelus
3396 3203 3621 3243 eunrio.

362 3278 664 3346 primentes
704 3291 957 3349 pereunt.
992 3280 1207 3348 Quibus
1251 3283 1470 3338 innixus
1503 3284 1800 3355 imperator
1838 3304 1931 3341 ea-

357 3371 496 3424 dens
536 3379 699 3440 atque
742 3386 1055 3441 resurgens.
1113 3371 1397 3438 relabitur,
1431 3381 1486 3428 et
1529 3375 1935 3444 compressione

360 3462 618 3531 princeps
664 3464 853 3531 patria:
886 3478 917 3517 e
951 3464 1060 3517 vita
1110 3463 1395 3533 demigrat.
1442 3464 1732 3520 Perierunt
1771 3465 1935 3535 igitur

358 3571 425 3607 ex
463 3554 664 3607 nostris
693 3551 902 3607 Latinis
942 3565 995 3609 ct
1016 3552 1221 3609 Grzecis
1253 3570 1312 3609 se
1343 3556 1575 3612 invicem
1610 3560 1932 3612 conculcan-

358 3650 514 3700 tibus
543 3645 599 3699 in
633 3654 798 3712 portae
816 3646 965 3701 exitu
999 3647 1219 3702 circiter
1241 3647 1558 3719 octingenti.
1583 3648 1714 3705 inde
1736 3649 1933 3706 Teucri

359 3738 534 3790 altum
577 3754 790 3790 murum
828 3738 1215 3804 decurrentes,
1255 3753 1320 3793 ex
1354 3740 1466 3794 alto
1518 3756 1658 3809 quos
1704 3751 1935 3810 possunt

361 3828 628 3897 lapidant,
661 3842 977 3898 cuneusque
1025 3831 1148 3883 unis
1192 3830 1421 3885 vocibus
1465 3846 1562 3900 per
1595 3832 1937 3886 antetnurale

361 3923 729 3987 descendens,
775 3924 830 3976 in
883 3921 1066 3991 fugam
1119 3938 1314 3978 omnes
1364 3934 1587 3978 nostros
1638 3927 1937 3994 compellit.

368 4016 664 4072 ltutnorem
716 4013 1098 4082 jactur-unique
1151 4032 1213 4067 et
1264 4015 1601 4084 fugientibus
1652 4018 1940 4073 audientes

364 4106 571 4159 Puu'us
610 4105 938 4174 Troilusque
991 4103 1320 4168 Bocliiardi,
1362 4106 1467 4159 viri
1523 4106 1737 4172 Latini,
1789 4111 1941 4165 url.is

362 4213 538 4262 ('lVL'S,
563 4213 686 4252 cum
718 4198 923 4265 aliquot
946 4195 1151 4251 Graecis
1178 4198 1417 4253 strenuis
1442 4197 1761 4269 Latinisque
1786 4202 1942 4269 equis

363 4290 691 4352 insidentes,
723 4289 776 4342 iit
805 4289 992 4343 hostes
1018 4288 1244 4342 vadunt.
1268 4288 1486 4355 Teucri,
1512 4288 1653 4343 forte
1681 4291 1944 4360 majorem

365 4394 678 4437 numerum.
711 4395 875 4449 quam
899 4390 1084 4434 essent
1114 4388 1490 4445 autumantes,
1525 4392 1673 4451 terga
1706 4394 1943 4447 vertunt.

365 4476 569 4531 Paulus
602 4476 655 4529 in
696 4474 962 4531 Teucrum
998 4481 1150 4543 urget
1183 4488 1405 4543 equum,
1441 4474 1734 4540 lanceaque
1768 4492 1937 4529 unum

2037 3290 2084 3346 Ο
2111 3289 2494 3346 confusionem
2529 3285 2991 3350 Christianorum,
3022 3284 3069 3338 si
3096 3283 3303 3336 Christi
3345 3280 3440 3335 Dei
3471 3281 3623 3348 iniu-

2039 3383 2147 3438 rias
2178 3380 2457 3436 vindicare
2481 3377 2761 3432 retardent
2788 3377 2801 3430 l
2839 3374 3038 3430 Sacras
3073 3375 3166 3430 Dei
3197 3382 3252 3429 et
3304 3381 3621 3429 sanctorum

2038 3456 2243 3544 efﬁgies
2276 3472 2444 3525 humo
2471 3476 2828 3536 prosternunt
2860 3484 2876 3521 :
2907 3465 3110 3537 quibus
3140 3480 3327 3534 super,
3366 3478 3476 3519 non
3509 3479 3624 3516 tuo-

2038 3567 2108 3620 do
2141 3564 2446 3633 crapulam,
2484 3562 2576 3615 sed
2622 3559 2895 3613 luxuriam
2929 3557 3229 3627 complent.
3254 3556 3621 3611 ‘Crucilixum

2042 3651 2273 3724 posthac
2310 3665 2405 3720 per
2423 3658 2602 3704 castra
2627 3648 2843 3717 praeviis
2874 3645 3149 3719 tympanis
3190 3644 3501 3699 deludcndo
3526 3645 3624 3699 de-

2042 3754 2283 3816 portant:
2314 3742 2511 3813 sputis,
2538 3738 2912 3809 blasphemiis,
2946 3737 3471 3808 opprobriisiterutn
3496 3751 3575 3805 pr;
3595 3766 3624 3778 .-

2040 3836 2422 3893 ccssioi'.aliter
2460 3833 2830 3903 cruciligttnt:
2875 3832 3074 3900 pileum
3127 3827 3411 3894 Teucrale,
3474 3831 3621 3898 quod

2042 3928 2306 3984 Zarchula
2341 3934 2557 3991 vocant,
2591 3924 2758 3994 capiti
2788 3929 3246 3993 superponentes,
3273 3918 3576 3975 deridenda
3607 3961 3621 3974 .

2045 4027 2145 4079 llic
2177 4031 2262 4077 est
2297 4022 2435 4077 Deus
2460 4014 2991 4075 Cluistianorum.0
3021 4014 3111 4069 Dei
3141 4013 3495 4085 patientiam!
3522 4012 3622 4067 Be-
3650 4028 3659 4035 '

2046 4133 2112 4170 ne
2137 4113 2341 4169 videris
2381 4113 2577 4173 iratus,
2609 4108 2913 4175 boneJesu,
2942 4116 2998 4162 ut
3029 4123 3130 4177 pro
3159 4107 3399 4177 peccatis
3422 4110 3626 4162 nostris

2047 4214 2225 4261 tantas
2252 4204 2481 4273 injurias
2507 4203 2703 4257 iterum
2737 4200 2941 4257 toleres
2974 4198 3309 4269 indignatus.

2026 4274 2033 4289 ’
2120 4299 2278 4352 Parta
2320 4305 2503 4351 autem
2536 4295 2790 4360 victoria,
2821 4290 2988 4347 'I‘urci
3030 4290 3395 4347 Bacchanalia
3431 4290 3627 4345 festos-

2050 4407 2157 4461 que
2211 4390 2327 4445 dies
2357 4389 2634 4444 celebrant
2667 4405 2681 4443 :
2711 4386 2912 4457 quibus
2953 4400 3045 4438 rex
3095 4382 3237 4439 forte
3274 4382 3629 4438 temulentior

2055 4484 2233 4538 factus
2261 4482 2584 4551 sanguinem
2619 4479 2833 4534 Baccho
2861 4476 3079 4532 misceri
3106 4476 3276 4529 voluit
3303 4475 3622 4529 humanum.

366 4571 761 4633 transfodiens,
795 4579 1022 4624 caateros
1049 4569 1103 4622 in
1145 4568 1326 4638 fugam
1374 4569 1553 4624 vertit.
1592 4570 1730 4624 Cum
1761 4580 1944 4626 autem
1981 4546 2024 4602 θ
2059 4577 2275 4631 vocans
2304 4546 2468 4643 igitur
2500 4572 2566 4627 ad
2603 4588 2661 4626 se
2688 4570 2943 4626 Chirluca
2978 4568 3301 4636 caatcrisque
3323 4565 3626 4621 baronibus

362 4680 433 4716 ex
464 4666 574 4717 alto
619 4663 890 4730 lapidibus
928 4662 1327 4725 obruerentur,
1347 4661 1412 4714 ad
1459 4659 1746 4715 Troilum:
1787 4659 1941 4715 llaal

363 4755 556 4825 periit,
602 4755 802 4826 inquit,
846 4754 1064 4818 civitas,
1120 4769 1327 4821 nosque
1368 4753 1529 4813 facile
1585 4755 1656 4809 ab
1704 4754 1942 4809 hostium

366 4847 721 4903 multitudine
756 4845 1106 4908 circumdati,
1142 4858 1292 4913 spem
1322 4844 1445 4898 vitae
1480 4844 1789 4913 perdemus.
1820 4841 1947 4898 Hch

362 4956 495 4993 cum
533 4940 758 5001 diceret,
806 4937 982 4992 securi
1016 4936 1160 4993 ictus
1204 4937 1260 4990 in
1305 4937 1543 5001 vertice,
1592 4936 1714 4990 fuso
1748 4950 1946 4990 cruore

365 5045 478 5083 una
506 5044 632 5085 cum
663 5029 832 5084 fratre
864 5030 929 5084 ad
949 5029 1194 5084 Galatam
1218 5027 1482 5096 confugit.
1511 5025 1555 5083 0
1582 5041 1693 5080 rem
1717 5025 1945 5079 mirabi-

365 5128 477 5180 lem
500 5127 513 5176 l
539 5137 570 5177 ο
590 5123 907 5192 stuporem!
946 5122 1182 5176 Necdum
1212 5118 1450 5176 Phtehus
1470 5120 1619 5174 orbis
1652 5117 1949 5186 perlustrat

365 5215 834 5285 θνητίενιιςρῆυιη,
865 5224 919 5269 et
973 5221 1081 5267 tota
1138 5214 1269 5267 urbs
1300 5227 1328 5265 a
1362 5210 1588 5281 paganis
1623 5208 1673 5262 in
1709 5210 1943 5277 praedam

365 5326 698 5378 oi-cupatur.
724 5310 954 5366 Coucite
983 5308 1149 5377 igitur
1175 5322 1364 5361 omnes
1391 5305 1600 5374 pedites
1621 5305 1945 5369 decurrunt,

368 5418 622 5475 quosque
655 5390 976 5458 resistentes
1023 5400 1200 5471 gladio
1241 5399 1461 5464 feriunt,
1506 5397 1828 5457 imbecilles,
1858 5394 1953 5447 de-

368 5495 633 5565 crepitos,
672 5493 919 5563 leprosos
952 5501 1115 5560 atque
1151 5489 1396 5543 infirmos
1430 5488 1725 5541 trucidant.
1776 5483 1950 5539 Ohse.

370 5586 671 5656 quentibus
703 5584 845 5638 viam
888 5591 1115 5653 parcunt
1159 5583 1259 5649 (l).
1320 5579 1688 5634 Sanctissimae
1734 5576 1951 5645 Sophia:

375 5679 759 5733 admirandum
784 5677 1072 5742 templum,
1102 5677 1245 5745 quod
1275 5688 1374 5727 nec
1409 5670 1717 5727 Salomonis
1752 5680 1949 5739 aequat,

375 5770 587 5840 profani
615 5778 782 5839 atque
813 5767 963 5823 inﬁdi
988 5767 1374 5837 ingredientes,
1403 5765 1607 5817 nullam
1637 5762 1811 5816 sacris
1837 5762 1951 5814 aris

442 5888 513 5951 (Ι)
548 5885 914 5950 Obscqneutinm
948 5884 1061 5937 vim?
1090 5890 1313 5948 parcunt.
1350 5884 1568 5933 llzovius.

2055 4665 2441 4721 consularibus
2468 4663 2837 4732 reprehensis,
2879 4659 3023 4728 quod
3050 4673 3158 4713 non
3190 4658 3495 4713 suasissent
3526 4658 3598 4712 im

2058 4757 2317 4826 peratori,
2352 4754 2435 4807 vel
2471 4767 2658 4822 pacem
2696 4751 3001 4820 petendam,
3031 4750 3112 4804 vel
3139 4748 3371 4802 dandam
3401 4763 3514 4804 sate
3542 4749 3629 4803 di.

2054 4847 2190 4903 tioni
2220 4848 2404 4902 urbem
2430 4863 2444 4904 :
2472 4840 2747 4908 Chirluca,
2778 4841 2869 4913 qui
2895 4840 3226 4910 cogitaverat
3252 4839 3372 4907 ejus
3398 4841 3626 4910 gratiam

2056 4946 2299 5009 captare,
2346 4936 2611 4990 adversus
2640 4931 2906 4987 Percnses
2935 4930 3283 5001 Venetosque
3318 4932 3412 5000 qui
3452 4946 3625 4996 arma,

2060 5032 2259 5085 milites
2290 5028 2691 5097 consiliumque
2726 5025 3027 5091 dedissent,
3064 5025 3278 5094 culpam
3309 5032 3630 5092 tetorquere

2059 5123 2291 5187 curavit,
2342 5134 2574 5188 quorum
2611 5118 2785 5186 gratia
2817 5116 3114 5185 imperator
3151 5115 3515 5170 resistentium
3553 5113 3631 5168 fe-

2058 5212 2225 5266 cisset
2257 5228 2271 5263 :
2317 5210 2611 5275 volensque
2644 5208 2733 5260 illc
2778 5207 2978 5272 miser,
3012 5206 3103 5276 qui
3151 5219 3366 5275 semper
3399 5204 3628 5272 gloriam

2060 5302 2358 5355 mendaciis
2387 5309 2441 5353 et
2470 5299 2767 5352 schismate
2806 5304 3025 5367 captare
3063 5295 3398 5364 concupivit,
3436 5295 3629 5349 iisdem
3708 5286 3715 5291 ’

2063 5394 2273 5449 artibus
2300 5393 2550 5457 evadere,
2597 5390 2960 5444 Calibasciam
3002 5389 3379 5453 vetustiorem,
3430 5387 3548 5441 loco
3579 5399 3634 5444 et

2061 5483 2346 5556 prudentia
2374 5482 2607 5551 primum
2639 5480 2835 5537 Teucri
2868 5480 3148 5544 baronem,
3176 5479 3411 5545 amicum
3449 5480 3633 5534 admo-

2061 5578 2190 5631 dum
2223 5575 2447 5648 Grazeis,
2483 5574 2627 5642 quod
2665 5573 2872 5627 crebris
2919 5571 3108 5625 litteris
3147 5570 3211 5624 ad
3246 5572 3632 5640 imperatorem

2062 5669 2242 5722 missis
2286 5667 2405 5735 ejus
2443 5667 2684 5719 animum
2720 5679 2747 5717 a
2794 5663 2943 5733 pacis
2990 5661 3237 5717 consiliis
3279 5663 3630 5725 detraxisset,

2063 5773 2230 5826 utque
2263 5759 2419 5813 fortis
2462 5766 2631 5810 staret
2661 5756 3042 5825 persuasisset,
3080 5758 3394 5821 accusavit;
3429 5756 3634 5825 episto-
