4028 6344
403 356 510 421 9B

1407 355 1772 416 ISIDORUS
1832 355 1891 417 S.
1936 356 2010 417 Β.
2046 355 2114 420 Ε.
2144 353 2631 415 CARDINALIS.

3523 350 3610 412 9M

406 474 599 540 Iasque
637 476 887 524 servatas
942 468 994 523 in
1049 467 1153 522 fide
1202 465 1312 537 regi
1360 467 1727 538 pra-sentavit.
1783 464 1991 530 Quibus
2022 468 2062 526 Δ
2095 477 2241 533 pam,
2278 471 2338 518 ut
2365 478 2476 519 non
2497 462 2785 518 erubescat
2814 461 3019 530 dicere,
3078 459 3256 517 sinum
3312 457 3616 516 Adriaticum

402 560 607 631 oppido
642 565 976 623 commotus,
1036 567 1235 612 terram
1263 555 1433 622 Peras,
1483 556 1669 611 nescio
1722 554 1827 609 nisi
1873 553 1987 609 Deo

404 656 716 720 revocante,
738 659 792 706 et
810 649 1059 704 demoliri
1080 649 1425 702 ettrucidare
1441 645 1729 718 disposuit.
1749 644 1991 700 Calibas-

403 748 544 799 ciam
561 761 625 800 ex
648 744 752 799 hoc
773 743 1008 813 primum
1026 741 1268 795 vinctum
1294 738 1595 808 mancipari
1613 740 1770 804 turri,
1793 738 1989 793 deinde

401 835 552 888 omni
583 849 719 888 auro
751 843 801 889 et
827 830 1143 889 substantia
1183 830 1384 901 privari
1408 848 1423 896 ;
1450 830 1679 899 posthac
1700 831 1754 883 in
1798 830 1992 923 Adria-

403 925 640 995 nopolim
658 924 1000 991 translatum,
1020 924 1130 977 vita
1150 922 1527 993 privarijussit
1548 940 1563 988 ;
1584 923 1739 994 cujus
1762 922 1990 978 mortem

400 1019 642 1072 Iamento
706 1016 873 1071 ﬂebili
901 1031 1044 1085 aegre
1074 1025 1223 1070 totus
1248 1016 1526 1071 exercitus
1545 1016 1688 1070 tulit.
1737 1018 1808 1070 At
1838 1015 1995 1070 Chir-

399 1110 526 1165 Iuca
577 1110 784 1164 malitia
819 1124 1037 1180 poenam
1071 1122 1179 1163 non
1207 1109 1384 1164 evasit
1414 1126 1427 1162 :
1457 1109 1552 1179 qui
1587 1109 1838 1179 protinus
1868 1125 1994 1180 per-

398 1204 549 1269 ditis,
586 1201 824 1272 primum
857 1202 912 1257 in
986 1203 1127 1259 bello
1158 1202 1371 1259 duobus
1419 1202 1609 1258 liberis
1667 1202 1988 1273 majoribus,

399 1296 508 1349 alio
554 1294 839 1365 itnpubere
898 1296 1055 1351 luxui
1087 1295 1285 1366 'regali
1350 1304 1649 1363 reservato,
1698 1310 1991 1366 coramque

399 1388 577 1443 oeulis
604 1392 766 1445 tertio
792 1388 902 1443 filio
932 1404 1096 1455 caeso,
1137 1404 1261 1444 cum
1295 1390 1510 1445 czeteris
1544 1389 1845 1445 baronibus
1897 1388 1989 1445 de.

401 1481 653 1547 cullatur.
685 1481 893 1536 Bailum
927 1481 1112 1536 itidem
1133 1481 1490 1550 Venetorum,
1522 1482 1871 1553 reliquosque
1897 1482 1993 1537 de—

402 1575 576 1627 lectos
613 1575 847 1642 nobiles,
875 1584 929 1629 et
990 1576 1159 1628 filium
1215 1576 1400 1647 gladio
1450 1576 1727 1645 exstingui
1781 1577 1989 1646 jubet:

405 1667 803 1736 consulemque
837 1665 1330 1735 Taraconeusinm,
1364 1682 1490 1723 cum
1540 1668 1759 1723 duobus
1796 1685 1813 1732 ;
1840 1672 1989 1737 pario

404 1769 486 1812 ter
517 1761 683 1814 etiam
712 1759 1073 1819 Catharinutn
1103 1760 1503 1828 Contarenum,
1541 1760 1721 1815 virum
1787 1762 1990 1817 buma-

405 1849 717 1915 nissimum,
758 1864 884 1904 cum
917 1864 1014 1906 sex
1043 1850 1320 1907 nobilibus
1346 1849 1587 1919 Venetis,
1620 1852 1734 1922 jam
1754 1854 1990 1921 primum

402 1940 719 2010 redemptis,
763 1952 959 1997 contra
990 1942 1242 1998 omnium
1275 1942 1454 2011 tidem,
1486 1944 1591 1998 nisi
1623 1953 1832 2016 septem
1866 1947 1990 2001 inil-

406 2032 555 2086 libus
579 2047 878 2088 aureorum
910 2036 1078 2089 vitam
1108 2037 1396 2102 emissent,
1424 2043 1601 2093 morte
1651 2040 1842 2108 utique
1862 2038 1994 2094 alle-

404 2145 419 2175 ι
440 2125 594 2179 isset.
622 2124 865 2194 Expletis
895 2136 1077 2182 autem
1107 2127 1569 2198 Bacchanalibus,
1609 2145 1878 2188 concessa
1929 2134 1993 2187 li-

403 2216 605 2282 eentia,
633 2218 851 2275 traditis
879 2219 934 2274 in
958 2221 1329 2289 captititatem
1351 2221 1576 2292 Graecis,
1601 2224 1741 2281 forte
1757 2227 1992 2295 patriam

405 2323 513 2360 non
548 2307 769 2375 visuris,
820 2309 874 2364 in
907 2326 1036 2365 suas
1080 2313 1336 2380 regiones
1371 2312 1575 2371 Teucri
1616 2329 1992 2377 revertuntur.

474 2397 519 2453 Ο
554 2400 787 2457 miseros
833 2410 888 2457 et
931 2402 1278 2460 miserabiles
1324 2404 1570 2474 Graecos,
1631 2410 1726 2477 qui
1766 2409 1994 2468 Latinos

403 2492 756 2562 prohibuere,
784 2510 854 2548 ne
877 2509 1031 2550 sacra
1058 2506 1487 2567 contrectarent,
1519 2502 1601 2556 vel
1628 2504 1736 2557 aris
1761 2503 1997 2561 libarent

407 2586 549 2648 suis,
581 2599 722 2654 quas
757 2584 869 2655 jam
905 2586 1152 2656 profanis
1188 2598 1241 2644 et
1276 2590 1573 2648 collimosis
1607 2594 1859 2652 dederint
1890 2615 1904 2652 :
1941 2610 1995 2653 et

406 2678 500 2742 qui
565 2679 825 2733 unionem
885 2680 1010 2734 fidei
1065 2692 1560 2753 conttctnpserunt,
1608 2686 1723 2757 jam
1772 2705 1995 2761 quoque

407 2767 644 2835 dispersi
690 2768 742 2823 in
781 2787 951 2825 unum
986 2773 1196 2842 peccati
1217 2788 1378 2843 paena
1410 2778 1708 2835 convenire
1741 2783 1854 2836 non
1872 2796 1997 2850 pos-

407 2867 556 2914 su‘ut.
608 2860 733 2919 Ilzec
787 2866 1051 2934 recogita,
1088 2864 1251 2922 Pater
1297 2867 1638 2939 beatissime,
1690 2872 1787 2942 qui
1848 2874 1997 2929 vices

414 2949 620 3005 Christi
666 2954 811 3020 geris
833 2954 885 3007 in
908 2962 1093 3020 terris,
1129 2959 1290 3024 cujus
1319 2956 1549 3013 interest
1572 2966 1758 3015 tantas
1783 2959 1996 3017 Christi

405 3049 462 3094 et
487 3040 728 3097 fidelium
756 3044 991 3113 injurias
1019 3047 1238 3102 ulcisci.
1265 3047 1480 3104 Moveat
1503 3057 1556 3105 te
1579 3050 1764 3105 divina
1793 3051 1994 3121 pietas,

405 3138 462 3185 ct
492 3131 757 3188 miserere
800 3133 1239 3194 Christianitatis
1282 3147 1407 3207 tua,
1439 3143 1535 3211 qui
1560 3145 1670 3198 scis
1700 3150 1754 3199 et
1784 3156 1939 3214 potes
1974 3161 1993 3201 :

409 3222 500 3276 cui
532 3223 601 3278 ad
641 3236 840 3281 nutum
876 3243 1070 3285 omnes
1101 3229 1407 3288 Christiani
1444 3232 1721 3305 principes
1756 3236 1999 3292 vindica-

410 3317 518 3370 turi
551 3316 998 3375 Christianorum
1030 3322 1265 3391 injurias
1308 3324 1471 3383 facile
1515 3329 1995 3398 obtemperabunt.

410 3408 566 3465 Alias
586 3410 723 3467 scito
745 3412 1020 3468 Teucrum
1044 3414 1099 3470 in
1127 3425 1331 3472 tantam
1349 3417 1462 3487 jam
1484 3422 1823 3490 superlatum
1849 3412 2001 3493 poin-

2089 564 2393 626 penetrarc.
2423 554 2762 626 Romamque
2787 568 2847 610 se
2869 552 3051 610 venire
3073 552 3228 607 velle.
3260 550 3458 607 Moveat
3480 550 3624 621 igitur

2093 655 2144 701 te
2183 647 2401 714 iterum,
2443 646 2605 702 Pater
2641 647 2981 713 beatissime,
3017 644 3151 701 fides
3188 652 3245 701 et
3277 643 3427 699 sedes
3464 642 3625 706 Petri;

2091 749 2308 794 moveat
2332 737 2537 793 Christi
2560 737 2906 795 incunsutilis
2930 735 3186 804 amictus,
3209 734 3446 806 spongia,
3465 739 3516 786 et
3533 745 3632 784 mn-

2093 846 2187 888 cro
2213 831 2435 902 perditi,
2460 830 2773 887 dilacerata:
2793 840 3109 885 sanctorum
3132 827 3390 897 reliquiae,
3411 823 3544 880 aedes
3561 838 3638 878 sa-

2094 939 2203 980 crae
2239 938 2470 990 eversas,
2503 932 2559 980 et
2584 923 2870 996 profanata
2912 921 3271 992 sterquiliniis
3301 918 3394 975 Dei
3429 918 3633 988 templa.

2166 1017 2273 1073 Sed
2304 1016 2429 1072 vide
2461 1030 2767 1072 connexam
2786 1017 3232 1086 pariterjacturze
3261 1017 3640 1081 tempestatem,

2094 1120 2158 1166 ut
2183 1108 2450 1167 Perenses
2481 1108 2611 1164 dum
2651 1108 2843 1164 urbem
2884 1116 3098 1177 captam
3125 1104 3330 1171 vident,
3390 1102 3441 1157 iu
3478 1100 3641 1170 fugam

2093 1202 2252 1272 quasi
2290 1211 2537 1256 amentes
2570 1207 2873 1255 vertantur.
2933 1198 3096 1254 Fiunt
3149 1211 3214 1253 ex
3237 1194 3371 1267 ipsis
3402 1191 3491 1263 qui
3526 1205 3647 1245 non-

2097 1297 2226 1352 dum
2252 1309 2423 1351 naves
2447 1292 2813 1349 ascenderant
2839 1292 3178 1347 Teucrorum
3207 1287 3365 1344 fustis
3394 1285 3460 1340 ad
3489 1284 3644 1353 ripam

2096 1390 2546 1455 incursantibus,
2606 1389 2664 1443 in
2713 1387 2952 1458 praedam
2996 1405 3011 1441 :
3071 1386 3419 1456 captivantur
3467 1388 3649 1434 matres

2094 1482 2289 1538 liberis
2324 1481 2530 1537 relictis
2555 1490 2609 1536 et
2672 1491 2920 1536 econtra.
2969 1480 3074 1533 Alii
3116 1491 3337 1548 aequore
3373 1471 3645 1543 compressi

2098 1585 2438 1646 merguntur,
2475 1588 2703 1644 gemmae
2734 1582 3093 1642 sparguntur,
3154 1580 3210 1624 et
3244 1567 3475 1624 invicem
3505 1581 3561 1619 se
3581 1561 3649 1631 ip

2098 1683 2192 1723 sos
2214 1669 2332 1723 sine
2351 1666 2553 1736 pietate
2575 1666 2923 1737 pandantur:
2956 1672 3016 1718 ut
3051 1678 3238 1718 verum
3296 1661 3390 1726 sit,
3417 1654 3556 1727 quod
3583 1658 3650 1706 lu-

2098 1763 2177 1832 git
2210 1761 2433 1830 impius,
2463 1761 2680 1815 nemine
2711 1766 3092 1829 persequente.
3132 1754 3278 1823 Quid
3293 1754 3466 1810 dicam
3490 1750 3655 1816 ?opu-

2095 1862 2264 1910 testas
2292 1853 2446 1912 Pera:
2486 1855 2503 1909 ι
2538 1868 2572 1909 o
2605 1868 2833 1926 pravum
2864 1860 2919 1908 et
2951 1850 3233 1908 insulsum
3286 1858 3501 1903 tuorum
3536 1856 3652 1896 con-

2095 1948 2303 2003 silium.

2165 2043 2428 2097 Oratores
2493 2052 2701 2098 terrore
2758 2038 3016 2098 concussi
3083 2053 3113 2093 a
3166 2037 3499 2094 Perensibus
3559 2030 3657 2102 regi

2094 2146 2156 2192 ut
2182 2134 2362 2191 claves
2385 2133 2641 2201 offerant,
2685 2134 3000 2190 mittuntur.
3040 2133 3139 2189 Ille
3194 2127 3554 2204 Perjucunde,
3584 2127 3660 2180 in-

2098 2228 2349 2297 telligens
2394 2226 2543 2297 quod
2580 2234 2906 2295 potestatem
2953 2240 3062 2279 non
3124 2224 3388 2288 habeant,
3427 2220 3662 2288 suscipit,

2096 2321 2154 2374 in
2193 2334 2494 2388 servosque
2543 2317 2843 2375 foederatos
2888 2326 3158 2388 acceptat.
3205 2314 3506 2374 Constituit
3536 2311 3663 2367 ‘I'eu-
3736 2312 3745 2317 ’

2096 2426 2250 2466 crum
2285 2422 2593 2477 rectorem;
2626 2411 2856 2467 ascribit
2885 2409 3019 2465 fisco
3047 2410 3294 2464 omnium
3330 2409 3661 2479 perfugarum

2097 2504 2701 2560 substantiam:turres
2756 2518 3086 2570 murumque
3145 2502 3388 2558 civitatis
3421 2500 3556 2555 dirui
3588 2501 3663 2567 jn-

2098 2594 2642 2662 bct:obtemperant,
2688 2604 2738 2650 et
2784 2609 2844 2649 se
2861 2605 2921 2647 ut
2961 2595 3094 2650 salvi
3139 2595 3273 2658 sint,
3343 2593 3394 2650 ei
3436 2591 3668 2660 neglecto

2097 2683 2302 2739 Genua:
2342 2685 2605 2739 mandato
2638 2685 2975 2761 manciparat,
3030 2687 3343 2756 turrimque
3407 2686 3463 2741 in
3522 2683 3670 2754 cujus

2099 2780 2350 2832 acunline
2380 2776 2586 2833 Christi
2619 2779 2835 2847 signum
2876 2781 3083 2841 crucis,
3119 2797 3147 2832 a
3215 2797 3331 2850 quo
3363 2793 3415 2836 et
3439 2778 3671 2834 denomi-

2102 2874 2357 2936 nabatur,
2409 2887 2587 2940 usque
2627 2873 2694 2925 ad
2756 2871 3113 2928 fundamenta
3168 2878 3345 2930 everti
3400 2876 3668 2930 tolerant:

2103 2966 2295 3033 sicque
2331 2964 2427 3033 qui
2456 2964 2616 3018 liberi
2655 2976 2830 3030 erant,
2887 2981 3189 3037 pacemque
3228 2968 3529 3032 tenebant,
3565 2965 3673 3035 jatn

2103 3057 2249 3113 servi
2282 3066 2411 3112 sunt
2440 3072 2552 3112 non
2587 3056 2708 3113 sine
2742 3058 3104 3129 poenitudine,
3126 3074 3159 3113 a
3182 3075 3293 3130 qua
3328 3062 3417 3115 vix
3442 3072 3668 3129 unquam

2096 3149 2315 3205 liberari
2344 3158 2621 3220 poterunt,
2652 3150 2762 3206 nisi
2792 3165 2886 3217 per
2908 3162 2960 3206 te
2985 3161 3039 3207 et
3063 3166 3130 3207 ex
3160 3161 3211 3207 te
3245 3155 3506 3221 pontifice
3525 3167 3671 3208 sum-

2097 3257 2225 3307 mo;
2263 3258 2424 3311 quem
2455 3250 2514 3297 ut
2548 3242 2689 3300 Deus
2725 3244 2933 3300 attinet
2966 3247 3033 3300 ad
3071 3247 3374 3302 vindictam
3397 3286 3416 3310 ,
3460 3260 3699 3304 oraunus,

2104 3333 2403 3398 fidentius,
2444 3337 2832 3406 supplicesque
2867 3352 3175 3407 precamur.
3221 3340 3423 3397 Datum
3442 3356 3513 3398 ex
3546 3338 3678 3394 Chio

2104 3425 2172 3481 16
2211 3427 2467 3497 Augusti,
2512 3426 2794 3483 MCDLIII.

416 3604 2811 3642 Mm

551 3764 1451 3931 ISIDORUS
1567 3777 1729 3934 S.
1831 3782 2009 3931 Β.

2091 3781 2273 3932 Ε.
2378 3779 3603 4053 CARDINALIS§

1775 4205 2331 4300 NOTITIA.

1336 4374 1752 4440 Purpurrufocta,
1778 4379 2020 4434 Monachil
2054 4384 2194 4450 17H,
2234 4394 2378 4451 parte
2419 4387 2507 4452 Ill,
2548 4403 2595 4454 p.
2632 4391 2762 4458 l05.)

2014 4551 2086 4562 .-

488 4659 736 4716 Isidorus
799 4659 1317 4765 Thessalonicensis
1351 4705 1365 4732 ,
1429 4670 1736 4726 monachus
1801 4671 2382 4748 SanctiCSammnm
2411 4689 2733 4755 ρορηιοτυη,
2790 4689 3057 4755 moribus,
3128 4691 3234 4749 mu
3298 4707 3364 4750 ac
3420 4693 3692 4765 religione

417 4752 605 4822 Blasii,
633 4763 691 4808 et
724 4752 892 4809 abbas
917 4754 1105 4811 Sancti
1140 4752 1400 4812 Demetrii
1422 4757 1994 4833 Constantinopolita-

418 4844 498 4909 ni,
530 4844 977 4914 archiepiscopus
1038 4845 1442 4916 Ruthcnorum,
1501 4867 1625 4905 cum
1682 4855 1749 4909 ad
1813 4860 1999 4914 conci-

416 4942 549 4993 lium
575 4935 953 4994 Florentinum
978 4941 1033 4995 in
1064 4944 1347 4997 consortio
1370 4940 1715 5002 Bessarionis
1743 4950 1999 5015 venissu,

418 5046 484 5085 ac
514 5031 808 5097 utriusque
867 5030 1067 5098 virtus,
1109 5034 1361 5090 doctrina
1399 5046 1455 5090 et
1487 5035 1663 5106 pietas
1693 5054 1801 5094 non
1837 5044 2000 5097 modo

417 5124 521 5194 ipsi
564 5122 812 5196 pontifici
850 5124 1123 5191 llatuano,
1156 5128 1250 5182 sed
1302 5139 1356 5183 ct
1390 5132 1487 5203 tuti
1554 5133 1789 5189 concilio
1837 5148 2000 5203 quam

419 5218 655 5273 maxime
683 5217 1028 5287 probaretur,
1078 5220 1241 5275 ambo
1281 5223 1348 5275 ab
1387 5201 1648 5292 .Engeuio
1668 5222 1760 5291 IV,
1792 5201 2004 5296 iii—ipso

418 5310 644 5364 Patrum
675 5325 942 5367 consessu
988 5311 1041 5364 in
1076 5327 1295 5367 sacrum
1331 5325 1582 5370 senatum
1642 5319 1824 5373 allecti
1848 5332 2001 5386 sunt,

419 5398 664 5455 Isidorus
712 5402 929 5471 quidem
980 5403 1084 5457 sub
1140 5404 1300 5459 titulo
1348 5408 1651 5477 presbyteri
1709 5413 2003 5469 cardinalis

419 5487 685 5543 SS.Petri
705 5505 756 5546 et
784 5492 1132 5559 Marcellini;
1173 5493 1465 5553 Bessarion
1528 5510 1844 5558 sanctorum
1907 5505 2000 5560 XII

421 5579 832 5647 Apostolorum.
862 5583 1045 5638 Refert
1067 5585 1376 5640 Alexander
1408 5588 1688 5658 Guagnius
1723 5590 1998 5649 Veronen-

420 5671 499 5726 sis
531 5672 584 5725 in
618 5688 716 5726 sua
773 5671 1058 5731 Sarmatis:
1097 5676 1328 5746 Europa:
1376 5680 1773 5751 descriptione,
1802 5686 1894 5740 ubi
1930 5689 2000 5743 de

424 5764 826 5828 Iiutbenorum,
879 5764 1303 5830 Moscovitarum
1363 5773 1702 5843 aliorumque
1751 5779 1996 5846 ejusdem

825 5986 857 6011 Ι

2105 4775 2236 4845 agit,
2276 4777 2540 4831 Isidorum
2593 4779 2950 4845 cardinalem,
3013 4792 3301 4854 postquam
3357 4785 3416 4841 in
3486 4784 3697 4857 synodo

2107 4866 2422 4923 Florentina
2447 4870 2723 4927 Ecclesias
2756 4870 3119 4943 Ruthenicas,
3187 4875 3420 4946 abjectis
3474 4877 3699 4933 Graeco-

2112 4976 2228 5013 rum
2256 4963 2474 5029 ritibus,
2514 4981 2641 5020 cum
2674 4962 2923 5022 Romana
2959 4965 3209 5023 Ecclesia
3236 4968 3535 5037 univisset,
3566 4984 3698 5040 pou.

2112 5047 2273 5103 tificis
2303 5049 2532 5124 jussujn
2553 5051 2809 5109 Russiam
2836 5070 3139 5124 reversum,
3195 5058 3380 5128 ibique
3401 5074 3536 5114 cum
3570 5076 3697 5131 pro-

2110 5143 2346 5210 positum
2379 5160 2562 5208 suum,
2586 5155 2642 5201 et
2689 5164 2800 5201 rem
2839 5149 2952 5218 iam
3000 5151 3317 5208 conclusam
3366 5162 3713 5224 exponeret,

2108 5249 2314 5306 eosque
2344 5253 2406 5290 ex
2456 5238 2620 5294 verbo
2667 5239 2760 5295 Dei
2822 5242 2889 5295 ad
2949 5245 3215 5299 unitatem
3263 5254 3318 5301 et
3340 5248 3695 5301 concordiam

2109 5324 2234 5383 fidei
2253 5330 2381 5385 instt
2396 5343 2571 5396 ueret,
2591 5344 2832 5404 captum,
2851 5345 2904 5390 et
2922 5335 3081 5393 bonis
3116 5320 3376 5394 omnibus
3393 5341 3697 5409 spoliatum

2108 5422 2161 5473 in
2198 5437 2474 5479 carcerem
2493 5426 2802 5496 conjectum
2844 5410 3008 5484 esse.
3059 5429 3233 5486 Fuere
3269 5446 3511 5501 namque
3537 5428 3578 5486 ii
3606 5445 3700 5501 pu-

2108 5510 2246 5579 puli,
2275 5528 2339 5566 ex
2366 5529 2476 5583 quo
2501 5517 2668 5571 semel
2702 5518 2935 5583 ritus,et
2968 5536 3187 5578 errores
3241 5521 3565 5578 Graecorum
3598 5521 3701 5575 im-

2109 5588 2384 5669 biberant,
2413 5605 2549 5660 adeo
2574 5623 2763 5663 eorum
2781 5620 3000 5668 tenaces
3019 5614 3426 5682 observatores,
3498 5623 3560 5669 ut
3579 5613 3700 5668 nul-

2107 5690 2175 5745 lis
2229 5701 2551 5749 czeterorum
2621 5695 2904 5756 Grazcismi
2955 5702 3330 5774 professorum
3398 5705 3695 5768 cesserint,

2107 5781 2296 5838 multis
2316 5788 2476 5839 etiam
2506 5794 2910 5852 praeesscrint.
