4028 6406
371 445 473 504 $743

1845 449 2176 514 ΝΟΥΙΤΙΛ.

3536 412 3640 507 eis

447 549 520 605 De
538 547 733 605 Isidori
797 563 926 604 vero
981 549 1279 609 cardinalis
1320 553 1442 609 vitae
1484 552 1752 624 periculo,
1800 556 1951 612 aliis-
1983 575 2030 630 Α
2131 559 2346 615 Etlluxit
2371 559 2570 617 deinde
2595 576 2699 614 non
2753 575 2977 631 parvum
3022 568 3259 628 tempus,
3323 558 3375 612 in
3402 573 3511 629 quo
3541 575 3639 614 nee.

371 659 478 713 que
510 642 773 698 aerumnis
803 644 954 713 apud
979 644 1263 702 Rutbenos
1315 648 1592 716 perpessis
1637 648 1954 704 distinctius

373 751 542 805 agens
570 733 896 803 Micbovius,
925 735 1003 790 ait
1055 751 1178 790 eum
1241 751 1392 791 anno
1434 737 1641 794 “40in
1698 738 1953 793 [iussiam

374 829 604 880 missum
660 842 767 880 una
820 843 942 880 rum
990 828 1380 898 diplomatibus
1424 829 1739 899 apostolicis
1781 830 1958 900 plum-

373 918 512 978 beis,
545 918 967 986 etimperatoris
998 919 1584 990 Constantinopolitani
1635 921 1818 976 aureis
1875 922 1958 974 in-

373 1019 554 1062 trasse
583 1009 636 1062 in
671 1007 912 1063 Sandech
943 1009 1200 1080 oppidum
1236 1010 1472 1066 l‘oloniaa
1503 1011 1636 1067 feria
1691 1009 1756 1066 VI
1796 1011 1958 1065 Para-

371 1117 583 1166 sceves,
613 1101 793 1171 ibique
825 1117 918 1172 per
944 1102 1235 1173 Sbigneum
1267 1106 1581 1176 episcopum
1635 1105 1957 1162 Cracovien-

373 1207 489 1247 sem
518 1191 756 1260 hospitio
791 1196 1199 1265 perhumaniter
1265 1197 1433 1260 fuisse
1456 1208 1752 1268 receptum,
1807 1207 1860 1253 et
1889 1198 1955 1252 ad

373 1281 762 1338 celebrandum
792 1285 996 1351 divina,
1046 1300 1194 1341 more
1253 1301 1353 1342 suo
1418 1286 1629 1352 Graeco.
1675 1295 1937 1356 tantilla"

374 1376 636 1430 Ecclesiae
662 1374 922 1434 Romanae
947 1377 1244 1440 reunitum,
1301 1378 1598 1433 admissum
1683 1377 1952 1432 Unionem

375 1479 557 1523 tamen
588 1468 736 1522 illam
763 1467 1018 1524 Ecclesia‘
1051 1469 1259 1524 Latina:
1290 1484 1414 1523 cum
1466 1467 1656 1524 Graeca
1707 1468 1955 1523 brevius-

375 1557 501 1612 cule
527 1559 779 1622 durasse.
817 1557 1044 1622 Graecis,
1095 1566 1151 1615 et
1185 1559 1452 1615 Rutbenis
1495 1560 1643 1615 illam
1680 1557 1958 1614 irridenti-

377 1649 506 1711 bus.
540 1657 592 1702 et
619 1650 954 1720 contemptui
982 1649 1333 1716 habentibus,
1397 1659 1559 1721 atque
1628 1651 1776 1716 inde,
1825 1650 1954 1702 dum

377 1739 624 1795 isidorus
649 1739 947 1798 eardinalis
975 1737 1044 1796 ad
1085 1758 1216 1799 suos
1283 1742 1654 1814 suﬂ‘raganeos
1719 1744 1772 1797 in
1817 1740 1955 1795 Rus-

379 1831 544 1893 siam,
571 1845 634 1885 ac
669 1831 946 1889 Mosellam
988 1834 1250 1896 venisset,
1277 1844 1331 1890 et
1390 1835 1536 1888 illam
1587 1835 1840 1889 unionem
1879 1833 1958 1888 eis

2060 651 2540 720 llungari'l’urcas,
2576 671 2673 708 nec
2709 654 2899 709 Turcaz
2927 655 3214 724 llungaros
3261 653 3430 708 armis
3465 652 3633 706 laces-

2060 759 2180 799 sere
2207 755 2672 815 praesumpserunt
2703 763 2716 796 ς
2750 763 2846 802 sua
2879 759 3149 817 quemque
3171 743 3458 798 calamitas
3493 742 3634 797 domi

2059 836 2351 891 attonitum
2385 837 2597 892 tenuit:
2654 836 3036 891 cruentissima
3092 835 3292 906 quippe
3332 832 3633 888 Varnensis
3685 834 3691 839 ’

2060 942 2236 998 pugna
2269 928 2417 983 vires
2441 930 2724 998 utriusque
2743 928 2912 998 partis
2944 929 3193 983 eliscrat.
3253 927 3368 981 Nec
3412 925 3631 988 Turcis,

2059 1033 2236 1087 neque
2265 1017 2543 1088 Hu-ngaris
2579 1035 2644 1073 ex
2681 1019 2822 1073 bello
2852 1019 3084 1073 idoneus
3137 1027 3256 1072 erat
3298 1035 3313 1085 ;
3383 1018 3486 1072 hos
3520 1017 3632 1069 llu-

2062 1107 2274 1175 niades,
2340 1109 2462 1164 illos
2522 1109 2805 1164 Calibassa
2859 1109 3036 1162 alieno
3092 1106 3310 1160 nomine
3362 1105 3633 1174 guberna-

2060 1203 2135 1257 vit
2169 1221 2183 1256 :
2215 1201 2447 1258 ferocior
2474 1200 2772 1263 lluniades,
2832 1202 3020 1270 reique
3078 1198 3331 1252 militaris
3389 1196 3634 1267 peritior,

2063 1294 2414 1361 ignominiam
2451 1293 2648 1348 Varum.
2675 1301 2950 1362 acceptam
2983 1290 3230 1345 oblivisci
3293 1305 3398 1343 non
3431 1297 3634 1358 potuu.

2061 1386 2217 1441 Unde
2249 1384 2366 1440 dies
2403 1393 2704 1454 noctesque
2737 1383 3122 1447 meditabatur,
3183 1395 3419 1449 quonam
3484 1388 3637 1450 pacto

2061 1475 2673 1538 abolereinfamiam,et
2701 1474 2970 1530 resarcire
3009 1474 3205 1528 damna
3248 1473 3482 1526 maxime
3517 1485 3636 1541 pos-

2061 1577 2162 1625 scl.
2200 1568 2357 1635 Spem
2388 1569 2526 1622 bene
2557 1566 2807 1638 gerendae
2839 1566 2916 1619 rei
2946 1565 3249 1620 Turcarum
3316 1563 3471 1633 quies
3505 1577 3639 1630 prze'

2063 1659 2202 1723 buit,
2243 1659 2334 1728 qui
2361 1657 2470 1728 jam
2501 1659 2710 1728 pridem
2747 1656 2954 1711 nullum
3008 1656 3130 1710 belli
3197 1665 3515 1725 apparatum
3550 1668 3639 1706 os-

2062 1750 2371 1812 tenderant,
2404 1750 2549 1804 vires
2580 1749 2688 1803 illis
2760 1759 2924 1818 atque
2976 1749 3193 1802 animos
3257 1745 3501 1801 defuisse
3561 1760 3640 1798 ra-

2062 1852 2171 1906 tus,
2195 1853 2404 1912 tempus
2429 1842 2683 1895 idoneum
2715 1841 3053 1896 existimavit
3108 1840 3164 1896 in
3226 1854 3334 1909 quo
3361 1839 3645 1909 pristinam

381 1921 725 1990 pradicaret,
756 1938 854 1994 per
877 1924 1150 1996 principes
1165 1925 1397 1981 Mosellae
1417 1937 1659 1995 captum,
1681 1933 1734 1979 et
1759 1925 1811 1978 in
1839 1938 1960 1978 car-

2071 1947 2392 2002 recuperare
2419 1933 2648 2001 gloriam
2703 1941 2911 2003 posset,
2967 1930 3291 2002 Turcasque
3319 1939 3641 2002 pessumda-

380 2028 512 2070 cere
550 2015 846 2078 reclusum,
875 2017 1040 2072 rebus
1099 2018 1356 2073 omnibus
1397 2018 1689 2086 spoliatum
1753 2015 1953 2070 fuisse:

378 2105 510 2160 inde
542 2115 722 2162 tamen
760 2108 922 2178 paulo
949 2117 1094 2179 post,
1130 2108 1348 2166 favente
1387 2109 1520 2176 Deo,
1543 2107 1666 2182 fuga
1689 2107 1954 2178 elapsum,

377 2194 611 2252 Romam
636 2197 882 2254 rediisse.
912 2198 1036 2255 llaec
1067 2201 1391 2258 Micbovius.

453 2288 775 2347 Transactis
802 2293 1084 2348 nonnullis
1127 2292 1317 2348 Roma:
1345 2293 1646 2358 mensibus,
1716 2291 1959 2347 Isidorus

383 2383 458 2439 ab
488 2383 734 2454 Eugenio
759 2384 1287 2454 Constantinopolim
1316 2386 1518 2441 missus
1549 2393 1634 2440 est
1657 2382 1955 2454 legatustad

383 2475 798 2545 imperatorem,
831 2485 890 2529 ut
929 2477 1304 2542 concordiam,
1365 2485 1419 2532 et
1467 2475 1792 2532 Christianze
1835 2475 1955 2529 fidei

381 2567 591 2630 faedus.
622 2583 786 2636 quam
810 2555 992 2622 Grzeci'
1017 2583 1140 2622 cum
1162 2568 1355 2622 Latina
1395 2567 1636 2622 Ecclesia
1670 2566 1958 2621 Florentiae

378 2658 554 2714 semel
580 2656 810 2727 professi
847 2657 1086 2727 fuerant,
1119 2674 1218 2714 sua
1270 2660 1674 2724 adhortatione,
1723 2674 1961 2727 ιιι-πέδαι-

381 2747 573 2819 tiaque
622 2757 828 2803 sartarn
867 2757 1068 2804 tectam
1118 2757 1388 2804 servaret.
1443 2747 1654 2804 Mortuo
1696 2747 1957 2818 Eugenio.

381 2839 492 2896 sub
519 2852 840 2894 successore
870 2838 1092 2893 Nicolao
1113 2839 1175 2901 V,
1211 2839 1405 2894 eodem
1443 2853 1670 2893 munere
1706 2838 1956 2905 fungens,

382 2931 460 2986 ibi
489 2932 807 3001 permansit,
841 2931 1036 2984 ttnitati
1073 2931 1150 2984 illi
1182 2913 1708 2986 servandte'omnem
1737 2945 1957 2999 operam

382 3022 677 3077 adhibens.
702 3021 770 3075 At
801 3036 924 3076 cum
959 3020 1135 3076 Graeci
1186 3022 1544 3077 nihilominus
1597 3023 1649 3076 in
1683 3023 1960 3092 perfidiam

382 3122 552 3190 atque
574 3113 819 3168 haeresim
881 3113 1025 3169 fmde
1085 3113 1278 3183 relapsi
1348 3113 1594 3180 fuissent,
1655 3114 1958 3170 certissima

384 3207 722 3262 vindicantis
745 3205 997 3261 Numinis
1027 3205 1310 3276 punitione
1337 3207 1537 3260 factum
1590 3217 1696 3269 est,
1731 3216 1788 3259 ut
1850 3223 1957 3260 non

391 3299 567 3352 multo
599 3297 848 3368 post,die
874 3299 1084 3354 scilicet
1110 3297 1335 3368 Spiritui
1361 3305 1552 3353 sancto
1583 3313 1740 3352 sacra
1781 3299 1958 3366 (cujus

387 3406 488 3460 per
517 3405 788 3444 summam
824 3391 1156 3460 impietatem
1217 3390 1624 3458 processionem
1676 3404 1740 3443 ex
1796 3388 1957 3444 Patre

384 3493 441 3539 et
469 3483 608 3539 Filio
631 3485 1100 3554 impugnavcrant,
1121 3483 1458 3538 validissimo
1482 3481 1673 3536 Turcae
1694 3483 1959 3537 succincti

383 3577 659 3640 exercitu,
689 3575 1250 3645 Constantinopolim,
1283 3574 1583 3629 Orientalis
1608 3574 1820 3643 imperii
1874 3589 1962 3628 ra-

388 3679 511 3739 pttt,
541 3676 596 3722 et
627 3667 808 3722 sedent
829 3676 1239 3737 expugnarent,
1265 3674 1322 3721 et
1345 3674 1558 3732 captant
1600 3680 1770 3733 usque
1797 3664 1862 3717 atl
1885 3667 1964 3717 in—

390 3761 761 3815 ternecionem
785 3759 1372 3816 barbaraimmanitate
1407 3763 1709 3811 vastarent.
1763 3754 1837 3808 De
1865 3771 1965 3809 cu-

387 3856 482 3926 jus
525 3852 864 3907 memorabili
899 3850 1139 3915 excidio,
1193 3853 1453 3919 quoniam
1475 3850 1562 3904 hic
1597 3850 1747 3904 locus
1770 3863 1967 3918 oppor-

393 3961 562 4004 tunus
583 3946 818 4009 videtur,
854 3943 1032 4000 fusius
1065 3945 1360 4008 disserere,
1423 3943 1562 3997 baud
1617 3943 1855 3998 alienum
1902 3941 1972 3995 ab

394 4040 650 4096 instituto
679 4039 954 4094 existimo.
976 4035 1178 4091 Verum
1212 4035 1460 4090 historiae
1494 4035 1689 4099 series,
1716 4042 1775 4088 ut
1805 4034 1970 4103 probe

393 4132 754 4204 intelligatur,
779 4129 943 4200 paulo
976 4129 1144 4183 altius
1173 4126 1472 4198 repetenda
1516 4127 1689 4181 venit.

469 4223 601 4279 Post
623 4229 906 4276 cruentam
970 4219 1117 4273 illam
1149 4234 1410 4288 pugnam,
1443 4232 1602 4288 quam
1625 4219 1693 4272 ad
1737 4216 1972 4272 Varnam

394 4315 604 4371 editam
640 4327 808 4383 supra
858 4312 912 4366 in
959 4309 1078 4364 Vita
1109 4308 1312 4363 Juliani
1375 4308 1671 4364 cardinalis
1706 4322 1976 4362 memora-

399 4406 620 4470 vimus,
673 4404 1008 4466 Amuratbes
1063 4400 1364 4457 Turcarum
1435 4401 1726 4470 imperator
1786 4398 1979 4452 Adria-

400 4497 642 4569 nopolim
671 4509 946 4558 reversus,
982 4492 1090 4548 Deo
1127 4507 1226 4548 suo
1256 4506 1378 4562 quae
1413 4491 1585 4545 victor
1617 4490 1838 4555 fecerat,
1877 4505 1976 4544 vo-

2067 2039 2148 2087 re,
2180 2025 2379 2092 quibus
2409 2025 2453 2079 si
2494 2025 2676 2080 adsint
2709 2025 3008 2090 exercitus,
3034 2025 3423 2094 imperatorem
3463 2033 3642 2078 tamen

2065 2131 2287 2185 prorsus
2321 2115 2634 2171 defuturum
2661 2115 3052 2182 arbitrabatur,
3089 2130 3190 2171 nec
3221 2115 3395 2182 magis
3456 2113 3646 2168 cxiSti-

2067 2209 2324 2262 mandum
2347 2210 2644 2264 exercitum
2677 2209 2798 2263 sine
2825 2209 2982 2273 duce,
3047 2222 3210 2276 quam
3265 2208 3453 2261 ducem
3486 2220 3646 2259 excr-

2064 2301 2174 2353 citu
2206 2309 2504 2355 carentem.
2539 2298 2758 2355 Coactis
2815 2301 2996 2368 itaque
3044 2306 3265 2367 repente
3331 2298 3506 2366 copiis
3575 2311 3642 2349 ex

2067 2393 2361 2464 llungaria,
2419 2393 2704 2450 accersitis
2746 2393 2910 2448 etiam
2966 2391 3331 2446 Bohcmorum
3397 2389 3646 2450 auxiliis,

2067 2481 2527 2541 mercenariorum
2575 2499 2794 2555 quoque
2825 2483 3056 2537 militum
3093 2497 3197 2536 non
3255 2481 3450 2547 exigua
3483 2494 3644 2531 manu

2066 2580 2356 2645 conducta,
2387 2579 2589 2635 ducere
2623 2578 2926 2633 exercitum
2956 2576 3007 2630 in
3035 2576 3242 2630 Turcas
3265 2574 3479 2637 statuit,
3510 2588 3647 2640 qttns

2065 2671 2218 2741 prius
2299 2685 2707 2740 aggressurum,
2760 2677 2925 2738 atque
2975 2665 3350 2721 confecturum
3385 2663 3647 2725 credidit,

2069 2777 2232 2832 quam
2257 2762 2556 2818 novissime
2608 2778 2673 2816 ex
2747 2759 3021 2829 llungaria
3075 2759 3427 2812 nuntiaretur
3463 2773 3477 2809 :
3513 2769 3634 2807 eam

2069 2857 2232 2912 rebus
2255 2855 2508 2925 gerendis
2529 2852 2802 2909 solertiam
2829 2866 2892 2906 ac
2964 2849 3300 2904 celeritatem
3378 2846 3646 2900 adhibuit.

2069 2948 2372 3004 Consilium
2409 2946 2528 3016 ejus
2583 2943 2878 3014 Gregorius
2932 2941 3136 2996 Serviat:
3190 2941 3413 3008 despota
3448 2946 3645 3005 prater

2069 3042 2228 3096 [idem
2285 3039 2466 3094 datam
2514 3037 2818 3090 Turcarum
2879 3034 3112 3087 duribus
3171 3031 3448 3101 patefecit,

2073 3147 2350 3202 gnumque
2375 3130 2518 3201 genti
2537 3127 2836 3198 periculum
2856 3125 3172 3191 imminens,
3199 3122 3371 3191 majus
3389 3120 3649 3176 ostendit.

2143 3225 2384 3279 Perculsi
2409 3238 2472 3275 eo
2499 3221 2695 3276 nuntio
2719 3219 2911 3273 Turcze
2938 3217 3066 3288 quid
3104 3224 3327 3286 agerent
3357 3231 3463 3269 non
3517 3214 3650 3270 satis

2065 3313 2464 3383 intelligebant.
2496 3310 2826 3364 Amuratbes
2853 3308 2960 3378 jam
2991 3307 3176 3362 senior
3209 3305 3456 3373 religioni
3486 3312 3650 3370 atque

2062 3407 2196 3468 Otio,
2233 3412 2292 3460 ut
2325 3414 2447 3458 ante
2475 3402 2731 3463 diximus,
2765 3399 3042 3463 addictus,
3074 3397 3224 3466 regni
3278 3411 3438 3451 curas
3499 3397 3651 3460 abje-

2063 3502 2233 3550 cerat.
2267 3493 2604 3547 Mabamctcs
2639 3499 2798 3544 aetate
2825 3488 3023 3554 minor,
3063 3496 3270 3540 tantam
3293 3486 3416 3542 belli
3453 3486 3654 3540 molem

2067 3586 2211 3642 ferre
2237 3599 2398 3656 posse
2425 3599 2534 3638 non
2588 3581 2920 3636 credebatur
2954 3595 2968 3633 :
2997 3579 3295 3632 Calibassa:
3340 3578 3652 3631 defuturam

2066 3679 2432 3738 obedientiam
2467 3675 2749 3744 putabant,
2786 3671 3168 3742 quanibilest
3203 3672 3256 3723 in
3292 3668 3436 3724 bello
3476 3669 3651 3737 magis

2069 3771 2468 3828 necessarium.
2499 3766 2802 3836 Trepidarc
2835 3765 3021 3835 igitur,
3054 3771 3309 3838 aestuare,
3337 3760 3500 3814 modo
3521 3761 3675 3838 huc,

2074 3864 2236 3920 modo
2263 3864 2391 3916 illuc
2417 3861 2769 3914 fluctuantem
2800 3857 3040 3911 animum
3067 3863 3408 3917 convertere,
3439 3853 3652 3906 nullum

2073 3957 2358 4014 consilium
2391 3955 2524 4008 Satis
2555 3953 2771 4020 plaeere
2813 3949 3146 4004 haerentibus
3179 3944 3230 3998 in
3254 3943 3653 3998 deliberatione.

2074 4051 2329 4119 satrapis,
2364 4047 2495 4100 nihil
2531 4043 2752 4098 tandem
2794 4040 3076 4098 salubrius
3104 4038 3281 4092 visum
3303 4052 3464 4105 quam
3498 4051 3654 4090 revo-

2075 4157 2201 4198 care
2231 4140 2297 4195 ab
2328 4140 2443 4192 otio
2472 4136 2827 4193 Amuratbem
2865 4151 2880 4198 ;
2909 4147 3084 4200 neque
3107 4130 3354 4186 veterani
3393 4128 3496 4183 sub
3550 4127 3657 4181 alio

2079 4227 2367 4284 militaturi
2395 4225 2781 4289 credebantur,
2807 4237 2904 4278 nec
2933 4222 3205 4275 fortunam
3239 4219 3362 4273 belli
3391 4227 3658 4274 cuuctan~

2077 4319 2203 4374 dam
2229 4316 2657 4381 arbitrabantur,
2689 4329 2851 4384 quam
2892 4313 2993 4368 sub
3025 4326 3093 4367 co
3123 4311 3216 4380 qui
3247 4310 3463 4363 vincere
3522 4325 3658 4364 con-

2079 4407 2516 4476 suesset.llujus
2536 4406 2821 4463 sententiae
2860 4403 3142 4458 Calibassa
3188 4410 3380 4454 auctor
3426 4401 3548 4454 fuit.
3601 4401 3656 4454 ln

2080 4517 2187 4573 qua
2212 4517 2269 4555 re
2291 4481 2617 4554 Maliumctis
2640 4499 2881 4550 animum
2909 4494 3265 4548 vehementer
3286 4490 3533 4556 offendit,
3559 4508 3660 4544 en-

403 4601 457 4646 ta
483 4588 768 4662 persolvit.
804 4587 940 4641 Exin
983 4584 1213 4640 volvens
1238 4585 1443 4648 animo,
1475 4583 1621 4652 regni
1647 4597 1808 4636 curas
1838 4598 1965 4636 verae

2079 4594 2354 4665 pientisin
2393 4607 2455 4645 ea
2487 4590 2834 4656 expeditione
2898 4601 3020 4640 sese
3069 4585 3244 4638 virum
3301 4583 3598 4636 ostendere
3635 4599 3654 4646 ;

403 4682 689 4737 felicitatis
721 4688 976 4750 expertes
997 4691 1141 4740 csse,
1168 4673 1588 4731 inconstantiam
1619 4687 1834 4754 quoque
1864 4672 1976 4725 for-

403 4784 550 4829 tuna:
574 4772 872 4844 prudenter
903 4770 1134 4835 veritus,
1173 4782 1294 4836 quae
1331 4765 1464 4820 nulli
1521 4775 1789 4834 perpetuo
1836 4764 1980 4819 bona

403 4875 516 4934 cst,
547 4865 863 4924 .accersitis
898 4862 1303 4933 Provinciarum
1347 4857 1670 4926 majoribus,
1702 4855 1979 4910 Mahume-

402 4973 514 5014 tem
537 4974 603 5012 ex
627 4958 814 5012 liberis
837 4957 954 5012 suis
982 4964 1110 5009 natu
1137 4953 1398 5024 majorem
1435 4966 1532 5020 pro
1559 4966 1616 5005 se
1645 4965 1821 5019 regem
1849 4963 1982 5002 con-

403 5047 600 5106 stituit.
625 5049 745 5122 ipse
772 5049 1038 5120 privatam
1079 5047 1325 5116 dilegens
1357 5045 1521 5097 vitam
1551 5043 1604 5096 in
1635 5042 1820 5097 Asiam
1857 5054 1983 5110 pro-

405 5146 602 5213 fectus,
644 5160 770 5199 cum
827 5145 1018 5212 paucis
1064 5138 1359 5210 voluptarii
1404 5136 1492 5191 sui
1533 5135 1628 5190 otii
1685 5134 1983 5190 comitibus

404 5237 655 5307 religioni
696 5236 911 5290 cuidam
944 5233 1202 5289 solitaria:
1231 5246 1354 5287 sese
1398 5228 1631 5285 addixit.
1678 5228 1982 5294 Calibassa,

406 5333 554 5386 inter
575 5339 829 5399 satrapas
857 5328 1164 5383 Turcarum
1203 5323 1395 5394 opibus
1425 5330 1477 5376 et
1509 5323 1834 5376 auctoritate
1865 5335 1984 5374 ma.

399 5425 512 5495 jor,
538 5421 832 5480 Mabumeti
862 5421 974 5491 regi
997 5417 1272 5474 declarato
1300 5414 1443 5486 quod
1463 5414 1701 5470 nondum
1726 5403 1822 5484 per
1851 5421 1986 5467 aeta—

405 5529 512 5573 tem
575 5527 737 5585 aptus
785 5520 932 5567 esset
963 5512 1211 5578 imperio,
1254 5509 1584 5577 gubernator
1615 5507 1799 5570 datus,
1833 5505 1987 5558 elon-

407 5618 535 5679 gato
562 5608 827 5660 Amurate
849 5604 1032 5658 omnia
1079 5599 1521 5654 administrabat.
1570 5597 1783 5666 Reliqui
1819 5599 1986 5649 Amu-

407 5702 547 5762 ratis
583 5699 676 5753 filii
719 5711 946 5751 numero
974 5693 1270 5754 sexdecim,
1306 5707 1373 5745 ne
1409 5705 1546 5761 quas
1603 5688 1894 5743 Mabumeti
1917 5688 1984 5741 ad

405 5792 700 5863 imperium
726 5785 1090 5844 elat0'turbas
1120 5785 1175 5839 in
1247 5798 1412 5853 regno
1469 5782 1791 5845 excitarent,
1837 5795 1987 5834 more

404 5885 585 5956 gentis
616 5881 789 5938 necati
823 5890 974 5942 sunt,

2083 4684 2435 4753 verentisque
2464 4697 2531 4736 ne
2561 4679 2847 4747 imperium
2869 4677 3169 4740 amitteret,
3197 4676 3241 4727 si
3277 4683 3434 4744 pater
3463 4673 3660 4726 iterum

2083 4791 2310 4847 regnum
2361 4779 2708 4828 assmneret:
2750 4777 2810 4821 ut
2857 4778 2984 4822 sunt
3034 4766 3312 4820 hominum
3367 4764 3659 4819 mutabiles

2083 4870 2414 4922 voluntates.
2440 4861 2588 4916 Missi
2621 4873 2754 4926 ergo
2813 4855 2972 4926 legati
3029 4853 3388 4908 Amurathem
3437 4868 3692 4915 revocas

2083 4975 2232 5024 vere,
2267 4955 2360 5026 qui
2385 4959 2703 5021 comparato
2739 4947 2970 5002 terribili
2997 4960 3120 4999 mox
3149 4943 3394 5000 exercitu
3423 4944 3480 4996 ‘iu
3541 4944 3658 4995 lins-

2087 5067 2193 5110 tem
2221 5050 2516 5124 profectus,
2546 5062 2653 5101 non
2679 5046 2835 5099 aliter
2865 5056 3028 5113 quam
3065 5043 3109 5097 si
3139 5033 3210 5097 ‘ad
3245 5041 3481 5110 praedam
3529 5055 3654 5107 per-

2085 5151 2295 5216 gerent,
2331 5141 2541 5194 alacres
2571 5135 2772 5190 milites
2794 5133 2972 5188 duxit.

2155 5233 2274 5290 Jam
2305 5229 2602 5284 illuniades
2636 5241 2762 5280 cum
2819 5225 2993 5292 c0piis
3035 5220 3292 5290 Sophiam
3342 5218 3659 5283 transierat,

2090 5325 2487 5398 prostratisque
2535 5319 2628 5389 qui
2662 5323 3022 5373 occurrerant
3077 5314 3316 5368 locorum
3365 5310 3660 5380 praefectis.

2091 5413 2316 5469 hostiles
2350 5425 2509 5479 agros
2540 5408 2646 5462 late
2703 5405 3014 5475 populatus,
3067 5403 3183 5456 loco
3213 5401 3304 5470 qui
3339 5400 3533 5454 Basilia
3565 5416 3662 5454 vo-

2089 5509 2245 5555 catur
2293 5509 2473 5552 castra
2521 5503 2797 5563 posuerat,
2834 5504 2957 5547 cum
3003 5493 3296 5545 adventare
3347 5491 3664 5545 Atuuratbis

2090 5591 2366 5646 exercitus
2399 5588 2702 5641 nuntiatur.
2730 5586 2842 5639 Non
2866 5582 3201 5652 exspectavit
3233 5580 3510 5636 Huniades
3540 5599 3665 5652 pro-

2093 5682 2298 5747 vocari,
2350 5682 2500 5750 prior
2529 5681 2644 5745 ipse
2690 5679 2903 5733 sublato
2940 5677 3179 5728 clamore
3229 5691 3462 5744 pugnam
3518 5676 3664 5728 iniit.

2093 5775 2402 5828 (Ztnnmisso
2437 5771 2622 5840 pra'lio
2651 5785 2851 5836 anceps
2885 5766 2975 5820 diu
3009 5775 3283 5820 certamen
3333 5767 3507 5819 haesit.
3547 5765 3661 5832 Qua

2098 5876 2248 5938 parte
2281 5864 2535 5936 pugnavit
2562 5862 2859 5925 llttniatlcs,
2901 5859 3005 5911 fusi
3045 5858 3230 5916 ltuslf‘s
3267 5869 3410 5928 tergit
3442 5857 3660 5921 dedere,

3524 3045 3647 3082 ma-
3730 3021 3734 3028 ’
