4028 6448
354 432 457 500 si"!
718 414 721 417 ’
1364 436 1729 498 lSlDORUS
1800 438 1858 502 s.
1904 438 1981 499 R.
2024 439 2092 502 ιι).
2131 439 2606 501 CABDINALIS
3508 438 3608 502 913

352 565 459 635 nec
510 564 676 623 parva
704 559 914 619 strages
957 549 1101 602 edita
1135 566 1147 601 :
1182 548 1295 618 pari
1343 549 1503 604 modo
1528 560 1579 605 et
1606 550 1935 608 Amuratbes
1967 553 2010 611 Δ
2034 553 2333 624 jurandum
2369 556 2625 625 perjurus
2691 556 2856 609 etiam
2907 540 3115 617 intulit,
3153 553 3313 608 simul
3343 561 3396 609 et
3431 569 3614 621 gerere

355 646 412 699 in
446 659 615 701 cornu
654 658 756 699 suo
783 643 955 697 virtor
988 641 1276 712 ilungaros
1310 640 1472 698 fudit.
1499 642 1783 699 Postremo
1811 659 1937 701 cum

355 732 537 788 victor
571 731 828 787 victorem
861 730 1194 796 incurreret,
1229 746 1337 786 non
1357 734 1611 789 tulerunt
1631 734 1935 792 Christiani

359 823 663 880 Turcarum
686 813 977 895 imp-etum,
1010 823 1102 895 qui
1144 839 1462 896 quanquam
1490 825 1693 885 virtute
1718 835 1944 897 prasta-

358 924 503 980 rcnt,
529 930 759 971 numero
812 928 991 973 tamen
1023 918 1289 986 superati,
1319 932 1425 971 n0n
1459 926 1569 973 tam
1622 919 1748 975 victi
1778 934 1942 987 quam

357 1005 708 1063 multitudine
741 1008 990 1078 oppressi
1027 1023 1091 1063 ac
1116 1008 1249 1065 lassi
1280 1010 1546 1079 compulsi
1576 1012 1939 1078 sunt,‘cedere.

358 1096 636 1153 lluuiadcs
676 1106 966 1168 postquam
1009 1115 1142 1155 suos
1192 1115 1371 1171 neque
1419 1100 1582 1156 minis
1615 1118 1791 1171 neque
1823 1117 1945 1170 prc-

356 1190 509 1245 cibtts
543 1189 741 1247 sistere
774 1200 982 1259 posset,
1031 1205 1154 1246 cum
1201 1192 1392 1263 paucis
1443 1207 1666 1248 suormu
1693 1210 1757 1248 ex
1798 1193 1943 1248 bello

358 1280 619 1354 profugit.
682 1280 835 1336 Multi
901 1280 1194 1353 llungarite
1247 1296 1523 1354 proceres,
1584 1293 1637 1339 et
1693 1283 1941 1338 nonnulli

323 1373 734 1429 Ecclesiarum
790 1374 1068 1429 antistites
1116 1375 1169 1431 in
1212 1390 1278 1432 eo
1329 1376 1516 1446 prtulio
1555 1377 1821 1432 cecidere.
1853 1376 1946 1430 Fi-

357 1463 561 1545 delium
597 1465 788 1535 viginti
835 1465 1003 1521 millia
1063 1466 1370 1525 desiderata
1402 1478 1556 1536 sunt,
1597 1483 1697 1525 nec
1771 1470 1948 1525 minor

359 1556 602 1613 hostium
646 1558 955 1614 occisorum
994 1574 1260 1615 numerus
1319 1568 1457 1616 erat.
1485 1559 1734 1631 Emptam
1775 1562 1951 1616 multo

360 1649 628 1721 sanguine
678 1649 969 1706 victoriam
1041 1651 1377 1709 Amurathes
1438 1652 1661 1707 domum
1722 1653 1946 1709 retulit:

361 1756 539 1813 neque
557 1742 826 1811 fugientes
842 1742 1188 1819 Christianos
1213 1742 1499 1800 insecutus
1512 1753 1617 1808 est,
1642 1759 1820 1812 neque
1838 1744 1953 1815 glo-

361 1834 663 1891 riabundus
690 1836 831 1892 inter
853 1851 983 1892 suos
1001 1836 1290 1907 magniﬁca
1318 1836 1744 1906 verbajactavit,
1763 1851 1945 1907 neque

2045 649 2232 718 erepit.
2273 648 2577 703 Senserunt
2607 646 2726 715 ejus
2778 646 3020 701 animum
3054 646 3252 705 Graeci.
3297 644 3615 700 ditiidentes-

2044 756 2154 810 quo
2190 741 2306 795 suis
2329 741 2563 808 viribus,
2601 740 2819 795 hortat‘u
2853 739 3090 794 maxime
3135 725 3330 794 lsidori
3370 739 3615 795 cardina-

2048 833 2137 895 lis,
2171 834 2236 891 ad
2270 830 2590 888 Latinorqu
2626 848 2756 903 opes
2786 831 3168 902 confugerant,
3207 832 3427 902 iugibus
3450 833 3620 900 lacry-

2046 925 2153 979 mis
2179 939 2370 978 eorum
2411 923 2612 979 auxilia
2662 932 2718 978 et
2749 923 3105 992 implorantes
3137 934 3192 977 et
3218 933 3620 992 exspectantes.

2046 1017 2115 1070 At
2165 1014 2365 1082 surde,
2413 1016 2543 1087 proh
2573 1016 2790 1086 pudor!
2819 1027 3121 1070 nostrorum
3144 1015 3440 1081 principum
3474 1032 3624 1069 aures

2048 1111 2190 1180 {me
2219 1108 2421 1177 (inquit
2451 1108 2818 1177 ingemiscens
2844 1109 2947 1161 hoc
2971 1107 3089 1161 loco
3125 1105 3327 1161 Encas
3362 1106 3623 1176 Sylvius),

2048 1201 2220 1254 clausi
2236 1201 2398 1255 loculi
2409 1215 2428 1265 ;
2446 1202 2569 1256 αεεὶ
2585 1199 2746 1265 oculi,
2764 1201 2856 1268 qui
2882 1198 3102 1253 cadente
3119 1198 3346 1265 Grecla,
3366 1199 3625 1253 ruituram

2049 1291 2366 1347 Christiana:
2397 1290 2669 1359 religionis
2702 1291 2964 1359 reliquam
2995 1299 3201 1359 partem
3233 1292 3335 1343 nun
3372 1289 3627 1353 uiderunt,

2048 1385 2284 1451 quamvis
2297 1384 2517 1452 privatis
2534 1399 2787 1453 quemque
2815 1393 2906 1437 aut
2941 1383 3104 1443 odiis.
3125 1392 3219 1436 aut
3237 1381 3628 1436 commoditati-

2052 1476 2146 1529 bus
2159 1472 2675 1539 intentum,salutem
2693 1473 2959 1542 publicam
2986 1471 3277 1543 neglexisse
3296 1471 3626 1526 crediderim.

2121 1566 2460 1621 Mahumetes
2509 1565 2714 1619 interea
2766 1565 2976 1619 coactis
3011 1561 3254 1633 undique
3298 1564 3501 1633 copiis,
3537 1562 3634 1615 mi-

2053 1658 2212 1715 rabili
2287 1667 2574 1728 apparatu,
2648 1654 3236 1719 formidandorauimo
3294 1665 3347 1711 ct
3403 1656 3630 1724 impetu,

2056 1763 2200 1806 terra
2232 1750 2482 1819 marique
2517 1750 2723 1819 regiam
2774 1749 2966 1805 urbem
3014 1763 3328 1819 aggressus,
3366 1748 3634 1802 cunirulis

2058 1859 2123 1899 ac
2144 1841 2626 1898 lalentibus'fossis
2649 1842 2913 1897 altissime
2935 1842 3096 1906 actis,
3122 1856 3314 1910 aggere
3337 1841 3451 1895 late
3472 1841 3633 1907 edite,

364 1935 573 1983 utante
596 1937 935 1993 assueverat,
966 1928 1196 1985 hilarem
1251 1928 1467 1985 vultum
1495 1930 1753 1984 ostendit.
1782 1930 1954 1985 lutcr-
1983 1918 2027 1974 Β
2057 1942 2244 2005 ponte,
2280 1950 2387 2004 qua
2435 1933 2625 1989 Peram
2679 1932 2941 2004 Oppidum
2992 1945 3187 1987 versus
3248 1946 3399 1985 mare
3454 1946 3636 1984 murus

364 2026 625 2090 rogatus,
669 2020 929 2091 quidnam
966 2022 1176 2079 tristior
1220 2034 1384 2090 esset,
1419 2033 1475 2078 ct
1513 2037 1611 2079 cur
1655 2037 1765 2078 non
1792 2022 1952 2078 victis

364 2111 622 2170 hostibus
670 2115 1022 2172 cxsuitareti
1083 2116 1323 2182 Nollent,
1379 2118 1582 2186 inquit,
1613 2118 1807 2187 sapius
1858 2117 1956 2172 hoc

365 2204 524 2262 modo
554 2207 761 2264 sincere
793 2224 812 2263 :
845 2209 1157 2280 iubensque
1192 2223 1319 2267 vasa
1353 2209 1560 2279 colligi,
1602 2198 1795 2279 copias
1831 2224 1954 2279 quia

365 2296 1021 2373 superfuerantddomum
1043 2302 1279 2358 remisit.
1298 2301 1412 2358 Nec
1436 2302 1530 2358 diu
1549 2310 1736 2373 postca
1759 2302 1952 2357 relicto

368 2386 664 2448 Mahumeti
700 2392 931 2464 imperio
960 2393 1031 2449 ad
1065 2393 1238 2450 otium
1267 2408 1546 2459 reversus,
1579 2393 1856 2452 enervatis
1885 2408 1948 2447 ex

366 2496 570 2538 venere
603 2483 814 2539 viribus
841 2484 1000 2550 obiit,
1039 2498 1187 2540 anno
1224 2485 1417 2542 salutis
1449 2485 1608 2551 1451,
1657 2486 1833 2541 aetatis
1859 2485 1950 2552 63,

369 2573 586 2644 imperii
633 2572 726 2630 33.
759 2572 973 2642 Corpus
1018 2575 1139 2645 ejus
1173 2591 1324 2632 more
1354 2575 1625 2648 majorum
1682 2577 1736 2635 iu
1780 2575 1959 2633 Bursa

371 2665 669 2737 sepultum.
700 2666 788 2723 Ea,
807 2676 895 2723 est
922 2667 1191 2737 Bithyniae
1219 2668 1434 2735 civitas,
1458 2678 1511 2725 et
1544 2669 1769 2726 Asiatici
1803 2671 1953 2740 regni

373 2769 564 2831 caput.
624 2759 796 2816 Paulo
857 2770 1148 2831 antequam
1210 2763 1562 2827 excessisstn,
1621 2763 1954 2818 Amurathcs

374 2869 601 2910 uxorem
633 2853 882 2922 duxerat,
912 2854 1074 2909 tiliam
1107 2854 1443 2924 Sponderbcl
1481 2854 1681 2911 nobilis
1716 2855 1768 2909 in
1818 2853 1954 2909 Pen-

374 2947 591 3003 deracia
648 2955 904 3019 sati-apte,
960 2963 1028 3001 ex
1080 2963 1187 3018 qua
1251 2957 1438 3002 natum
1500 2948 1670 3003 tilium
1736 2947 1958 3002 nomine

375 3036 706 3107 Chiiapium,
728 3048 941 3109 sextum
963 3046 1076 3093 tum
1100 3047 1349 3107 agentem
1372 3052 1642 3102 mensem,
1660 3037 1955 3093 Calibassae

379 3120 620 3184 moriens
681 3127 1107 3184 commendavit.
1180 3128 1278 3184 ille
1345 3128 1672 3184 lilahumetis
1724 3129 1955 3199 gratiam

2054 2027 2210 2082 alluit
2270 2025 2443 2093 urbis,
2488 2024 2846 2096 longitudinis
2879 2027 2945 2078 ad
2998 2023 3108 2078 duo
3159 2019 3329 2076 millia
3383 2035 3635 2090 passuum

2055 2121 2252 2191 raptim
2279 2127 2583 2183 exstructo,
2610 2119 2857 2173 turribus
2891 2116 3090 2189 ligneis
3118 2131 3183 2170 eo
3215 2130 3391 2191 usque
3418 2113 3636 2175 erectis,

2054 2222 2114 2268 ut
2146 2227 2337 2267 muros
2374 2209 2627 2282 quamvis
2658 2208 2960 2263 altissimos
2978 2207 3328 2269 excederent,
3361 2206 3638 2260 machina-

2057 2313 2389 2369 mentorum,
2464 2310 2979 2371 tormentorumque
3050 2284 3358 2370 mnitiplici'
3399 2298 3639 2353 adhibito

2056 2413 2255 2469 genere
2298 2392 2612 2469 oppugnata
2666 2405 2750 2451 cst
2813 2395 2961 2459 urbs,
3013 2393 3341 2463 defensaque
3406 2392 3635 2448 summis

2059 2491 2317 2558 utrinque
2349 2488 2575 2545 viribus.
2611 2485 2729 2543 Non
2767 2485 2959 2558 paucis
2987 2495 3111 2556 post
3139 2485 3336 2540 diebus
3361 2485 3428 2538 ad
3461 2495 3639 2539 extre-

2058 2598 2205 2638 mum
2246 2598 2382 2637 voce
2408 2581 2674 2653 praeconis
2706 2581 2837 2636 totis
2870 2581 3068 2636 castris
3117 2578 3472 2647 iuclamutum
3505 2586 3587 2630 est
3618 2592 3635 2629 :

2059 2677 2257 2743 Quinto
2283 2675 2553 2730 Kalendas
2603 2674 2741 2729 Maii
2779 2672 2971 2727 milites
3001 2689 3179 2727 omnes
3211 2670 3480 2740 jejunium
3515 2686 3639 2723 san-

2057 2767 2315 2837 cti/irent.
2347 2776 2589 2836 sequente
2632 2765 2717 2819 die
2750 2767 2801 2819 in
2831 2766 2994 2819 armis
3026 2763 3223 2829 adsint,
3263 2764 3439 2817 urbem
3466 2774 3640 2816 extre-

2061 2860 2163 2913 mis
2206 2858 2402 2913 viribus
2456 2860 2837 2928 oppugnaturi,
2877 2857 3052 2910 triduo
3089 2857 3355 2910 civitatein
3415 2854 3639 2907 militum

2058 2950 2622 3019 direptiouifuturam.
2672 2949 2980 3004 Constituta
3019 2942 3107 3003 dic
3133 2949 3399 3017 jejunium
3431 2947 3495 2999 ani
3530 2964 3628 2999 no-

2059 3051 2202 3099 ctem
2244 3055 2420 3111 usque
2442 3049 2718 3096 servatum
2753 3058 2767 3095 :
2795 3042 2921 3095 exin
2953 3039 3267 3094 lucrnlibtts
3292 3039 3466 3093 stellis
3499 3037 3641 3091 iuri:

2065 3136 2303 3189 tationcs
2350 3146 2413 3186 ac
2461 3130 2714 3186 convivia
2766 3131 2972 3200 passim
3025 3129 3234 3191 habita,
3286 3136 3340 3181 ct
3389 3127 3641 3197 quiSqnis

381 3219 611 3288 perﬁdia
638 3219 903 3287 initurus,
936 3227 990 3275 ct
1020 3230 1246 3275 matrem
1285 3229 1339 3277 et
1362 3237 1590 3290 puerum
1614 3222 1663 3276 ei
1692 3221 1954 3291 prodidit.
1986 3256 2031 3315 (π
2065 3221 2324 3287 amicum,
2355 3219 2745 3289 prepinquum,
2794 3227 3100 3288 notumque
3145 3216 3355 3281 habuit,
3406 3231 3530 3271 cum
3581 3232 3643 3270 eo
3728 3282 3731 3285 Ἴ

378 3308 718 3371 Mallumetes
757 3313 1044 3368 accersitis
1078 3312 1325 3383 triginta,
1369 3323 1423 3366 ut
1458 3314 1635 3379 aiunt,
1669 3314 1958 3380 matronis,
1990 3305 2030 3317 ’⁸
2066 3311 2257 3366 hilaris
2311 3310 2567 3380 epulatus
2622 3319 2745 3378 est;
2779 3319 2947 3380 atque
3005 3309 3096 3363 ubi
3128 3309 3262 3363 satis
3318 3308 3642 3372 lielluatum,

380 3418 504 3473 qua:
526 3418 758 3475 puerum
780 3413 1199 3474 cognoscerent,
1231 3416 1520 3478 postquam
1553 3416 1758 3463 certam
1788 3408 1958 3462 Amu-

382 3499 556 3555 rathis
600 3497 843 3555 sobolem
894 3513 1013 3554 esse
1060 3499 1328 3562 constitit,
1367 3498 1764 3567 strangulatum
1800 3499 1960 3554 matri

386 3592 558 3647 lilium
605 3588 865 3655 reddidit,
906 3590 1183 3662 lunasque
1243 3592 1397 3663 regio
1445 3608 1599 3649 more
1652 3593 1957 3647 fraternum

381 3683 562 3751 duxit,
603 3684 847 3755 auspicia
874 3685 1024 3755 regni
1060 3683 1368 3741 fratricidio
1416 3699 1764 3741 consecratis.
1799 3683 1957 3740 lleul

384 3793 547 3846 quam
579 3776 801 3835 felicius
830 3779 971 3848 apud
1011 3776 1222 3833 Turcas
1269 3779 1499 3849 privatis
1541 3793 1704 3847 quam
1739 3776 1960 3847 regibus

385 3870 544 3927 liberi
572 3878 877 3928 nascuntur
898 3871 913 3926 l

459 3962 802 4035 Mahumetes
854 3963 1026 4034 igitur
1085 3963 1349 4019 defuncto
1406 3962 1705 4016 Amnratbe
1768 3961 1965 4031 guber.

388 4054 585 4110 uacula
611 4055 828 4125 imperii
863 4070 926 4109 ex
958 4065 1090 4111 voto
1123 4054 1379 4121 adeptus,
1416 4053 1667 4108 instituta
1699 4048 1963 4122 majorum

389 4160 491 4215 pro
514 4147 739 4214 ingenio
760 4145 1023 4199 correxit.
1049 4142 1222 4212 Leges
1247 4146 1364 4211 ipse
1389 4158 1519 4197 suas
1546 4143 1693 4198 dumi
1720 4142 1967 4211 forisque

392 4234 539 4298 tulit,
569 4234 828 4288 terarium
886 4233 1258 4304 locupletavit,
1297 4247 1434 4287 nova
1468 4218 1753 4302 vectigalia
1808 4248 1970 4287 exco-

393 4325 608 4396 gitavit,
634 4325 823 4396 copias
856 4326 1031 4392 auxit,
1071 4324 1239 4393 inque
1289 4337 1549 4393 proceres
1592 4333 1876 4393 suspectos
1916 4333 1970 4377 et

396 4418 605 4474 aulicos
630 4418 826 4476 sterire
841 4433 909 4473 ac
928 4418 1326 4474 contumeliose
1361 4430 1521 4489 agere
1542 4418 1730 4497 coepit.
1758 4416 1858 4471 llic
1887 4425 1973 4472 est

397 4512 487 4567 ille
523 4510 865 4569 Maltumetcs
894 4510 1061 4581 hujus
1093 4511 1332 4565 nominis
1356 4508 1426 4576 ll,
1456 4510 1553 4580 qui
1583 4508 1970 4564 Constantino-

2066 3412 2325 3472 tanquam
2356 3414 2415 3455 se
2450 3400 2714 3470 deinceps
2754 3414 3036 3469 nunquam
3076 3399 3252 3454 visuri
3284 3407 3492 3465 essent,
3526 3414 3643 3450 um-

2062 3490 2264 3562 plexati
2287 3489 2705 3558 exosculatique
2736 3488 2898 3544 simul
2923 3488 3175 3544 ultimum
3210 3487 3330 3542 vale
3361 3487 3635 3541 dixerunt.

2062 3584 2122 3638 in
2154 3584 2289 3639 urbe
2310 3590 2494 3638 autem
2518 3581 2836 3638 sacerdotes
2883 3581 2950 3636 ad
2980 3581 3304 3637 instantiam
3341 3579 3536 3635 lsidori
3556 3595 3643 3635 sa—

2065 3692 2188 3731 cras
2246 3675 2520 3746 imagines
2574 3673 2838 3738 ferentes,
2886 3686 3150 3744 sequente
3188 3673 3410 3744 p0pnio,
3452 3674 3643 3727 urbem

2064 3769 2324 3829 lustrare;
2343 3767 2606 3821 auxilium
2628 3767 2693 3821 de
2710 3765 2852 3822 coelo
2871 3772 3075 3835 petere,
3091 3779 3319 3834 corpora
3330 3761 3644 3834 jejuniisaf-

2064 3856 2246 3927 lligere
2259 3869 2420 3928 atque
2433 3854 2775 3910 orationibus
2791 3854 3028 3910 universi
3049 3855 3194 3909 cives
3210 3855 3513 3919 intendere,
3529 3855 3647 3909 sub-

2066 3959 2253 4004 secuta
2292 3961 2452 4003 nocte
2471 3948 2536 4002 ad
2553 3962 2651 4003 sua
2670 3947 2903 4017 quisque
2940 3946 3056 4000 loca
3083 3945 3421 4001 defendenda
3445 3934 3641 4001 redire.

2138 4038 2311 4095 Erant
2350 4040 2490 4094 muri
2528 4038 2682 4093 urbis
2713 4046 2770 4094 et
2818 4038 3110 4093 altitudine
3158 4048 3213 4093 et
3283 4036 3646 4094 crassitudine

2069 4139 2186 4187 toto
2214 4132 2349 4185 orbe
2379 4130 2646 4191 celebres.
2676 4130 2773 4185 sed
2802 4132 2871 4184 ob
2902 4128 3226 4186 vetustatem
3253 4138 3309 4185 et
3329 4130 3643 4187 Graecorum

2072 4223 2339 4279 incuriam
2359 4222 2541 4291 pinnis
2559 4236 2621 4277 ac
2644 4224 3064 4293 prepuguaculis
3094 4224 3252 4290 nudi,
3284 4225 3645 4280 antemuralia

2072 4330 2202 4372 vero
2259 4323 2568 4386 opportune
2632 4318 2997 4371 communita.
3065 4314 3124 4370 in
3162 4317 3247 4370 itis
3277 4313 3454 4371 Grzuci
3500 4317 3647 4371 salu.
3743 4385 3749 4389 _

2073 4412 2180 4463 tem
2225 4422 2479 4478 posuere.
2532 4407 2738 4461 Armati
2786 4408 2988 4462 milites
3016 4407 3160 4462 inter
3199 4422 3385 4463 nmros
3415 4416 3468 4463 ct
3499 4418 3646 4461 ante-
3733 4450 3739 4457 .

2075 4499 2305 4582 muralia
2345 4513 2575 4571 pugnam
2611 4499 2891 4555 sustinere
2941 4498 3325 4554 decreverunt.
3376 4497 3646 4570 'l‘riangu-

396 4603 666 4675 peiitanis
697 4602 901 4658 bellum
943 4601 1151 4665 intulit,
1182 4601 1251 4657 de
1271 4615 1382 4673 quo
1414 4615 1563 4656 nunc
1600 4601 1805 4655 referre
1836 4614 1973 4669 prae-
1998 4590 2052 4651 Ι)
2079 4592 2245 4647 larem
2285 4605 2424 4661 pene
2485 4589 2643 4645 urbis
2690 4589 2918 4644 formam
2969 4588 3141 4643 fuisse
3205 4587 3428 4643 tradunt
3463 4606 3478 4642 :
3513 4591 3649 4644 duas

398 4705 564 4752 eunte
599 4695 779 4753 Aine:
819 4694 1004 4765 Sylvio
1041 4694 1188 4748 haud
1226 4694 1462 4750 alienum
1502 4692 1685 4746 fuerit.
1716 4691 1973 4748 Volverat

394 4789 511 4858 jam
579 4787 787 4857 pridem
854 4786 1040 4841 animo
1100 4783 1463 4851 Mahumetes,
1511 4798 1747 4854 quonam
1814 4785 1976 4841 modo

399 4875 937 4946 Constantinopolim
994 4874 1226 4930 alterum
1260 4875 1312 4928 in
1344 4870 1570 4929 Oriente
1596 4872 1825 4928 Romam
1866 4873 1973 4929 sibi

402 4969 659 5039 subigere
711 4975 936 5038 posset;
988 4981 1162 5038 neque
1208 4967 1352 5022 enim
1406 4965 1475 5021 ad
1533 4966 1973 5035 suam‘gloriam

405 5063 682 5135 pertinere
709 5060 1103 5124 arbitrabatur,
1135 5060 1325 5115 urbem
1359 5058 1413 5114 in
1443 5058 1624 5115 medio
1671 5056 1975 5114 Turcarum

405 5158 567 5213 sitam
591 5169 738 5218 esse,
769 5167 892 5223 quat
914 5167 1016 5209 suo
1050 5153 1279 5222 imperio
1306 5165 1414 5206 non
1446 5160 1684 5222 pareret,
1718 5162 1981 5219 tantoque

408 5249 586 5320 majus
612 5247 738 5304 inde
774 5243 982 5302 nomini
1022 5260 1123 5300 suo
1166 5244 1334 5300 decus
1360 5245 1640 5311 accedere,
1663 5244 1709 5300 si
1739 5258 1860 5298 eam
1886 5259 1979 5299 ur-

330 5356 342 5363 ‘
409 5343 529 5396 hem
573 5347 932 5411 expugnaret,
988 5345 1195 5409 quanto
1254 5335 1630 5406 progenitores
1685 5337 1771 5391 sui
1836 5335 1980 5390 idem

406 5429 612 5495 conati,
636 5429 855 5499 turpius
899 5444 928 5482 a
977 5426 1175 5497 coeptis
1205 5425 1568 5482 destitissent.
1621 5424 1759 5481 Cum
1790 5426 1981 5495 paucis

412 5522 579 5590 igitur
610 5522 787 5591 lisque
836 5519 1119 5577 ﬁdissimis
1170 5518 1574 5573 cowmunieato
1614 5518 1862 5582 consilio,
1888 5534 1980 5573 ca-

412 5615 633 5670 stellum
680 5614 833 5682 juxta
879 5614 1032 5668 littus
1079 5611 1147 5665 ad
1188 5612 1388 5666 ostium
1436 5609 1666 5682 Bospori
1717 5613 1880 5682 paulo
1914 5613 1982 5663 ab

414 5706 546 5761 urbe
571 5706 848 5764 remetius,
881 5704 1025 5758 aliud
1046 5702 1420 5769 dissimulans,
1452 5702 1755 5758 incredibili
1790 5704 1983 5758 celeri-

415 5809 525 5852 tate
545 5793 815 5851 exstruxit
830 5804 990 5862 atque
1008 5794 1236 5848 munivit
1256 5810 1268 5847 :
1292 5793 1491 5847 bellum
1513 5793 1710 5847 deinde
1731 5794 1849 5846 ttrbi
1876 5810 1979 5846 non

420 5888 582 5949 modo
604 5885 821 5952 indixit,
847 5884 939 5939 sed
972 5892 1158 5937 contra
1195 5902 1222 5935 ’ξ
1250 5884 1361 5938 ulta
1386 5883 1610 5947 fmdcra,
1647 5892 1840 5939 contra
1873 5887 1984 5948 ius.

2076 4696 2262 4756 partes
2297 4684 2454 4740 alluit
2507 4697 2659 4738 mare
2695 4699 2711 4736 :
2751 4697 2853 4738 nec
2891 4682 3035 4736 muri
3070 4683 3266 4736 desunt
3310 4682 3381 4737 ad
3432 4683 3647 4752 prepui-

2077 4778 2281 4834 sandes
2313 4775 2539 4833 navales
2563 4776 2799 4846 impetus
2828 4775 3035 4831 idonei.
3069 4774 3223 4841 Quod
3248 4775 3522 4845 reliquum
3545 4785 3646 4836 est,

2078 4870 2144 4927 ad
2177 4879 2380 4924 terram
2415 4881 2647 4938 vergens
2675 4876 2798 4936 post
2828 4867 2937 4923 alta
2973 4868 3175 4922 mtenia
3208 4877 3267 4929 et.
3288 4867 3649 4923 antemuraiia

2078 4963 2283 5033 ingenti
2306 4962 2577 5018 clauditur
2605 4959 2776 5017 fossa.
2799 4961 3050 5031 Cmptum
3080 4969 3162 5015 cst
3196 4961 3439 5030 praelium
3463 4961 3656 5030 paulu-

2080 5058 2195 5113 lum
2230 5063 2355 5112 ante
2383 5055 2586 5123 lucem,
2618 5068 2742 5109 eum
2786 5054 2949 5110 miles
2990 5054 3167 5108 Turca
3212 5052 3440 5123 periculi
3490 5068 3651 5124 quam

2080 5162 2251 5204 morte
2304 5145 2599 5218 patientior
2630 5155 2797 5210 esset,
2849 5159 2914 5199 ac
2961 5145 3189 5200 vulnera
3236 5153 3293 5200 et
3329 5147 3649 5216 sanguinem

2081 5241 2390 5311 praedarum
2420 5238 2711 5296 dulcedine
2757 5245 3039 5309 pensaret.
3114 5238 3424 5309 Pugnatum
3478 5249 3557 5295 est
3597 5238 3650 5293 in

2083 5332 2331 5405 tenebris
2405 5330 2612 5399 majore
2688 5328 2993 5381 Turcarum
3058 5328 3324 5398 pernicie,
3385 5329 3440 5383 in
3517 5344 3652 5398 quos

2084 5426 2188 5480 tela
2252 5436 2486 5492 superne
2537 5420 2910 5475 vibrabantur.
2975 5419 3044 5470 At
3100 5428 3388 5489 postquam
3451 5420 3650 5483 illuxit,

2084 5519 2211 5574 dato
2264 5516 2422 5584 signo
2459 5514 2700 5583 undique
2742 5525 2849 5565 non
2905 5512 3085 5568 solum
3126 5510 3649 5577 Constantinopolis,

2087 5611 2181 5664 sed
2232 5616 2287 5663 et
2314 5608 2428 5678 ipsa
2491 5608 2653 5660 etiam
2704 5605 2858 5671 Pera,
2917 5605 3143 5672 nequid
3205 5605 3391 5659 auxilii
3448 5605 3651 5659 Grzecis

2089 5710 2398 5772 praestaret,
2432 5697 2753 5768 oppugnari
2772 5691 2951 5766 empta
2990 5704 3094 5751 est.
3128 5688 3237 5749 Sua
3266 5695 3651 5766 cuiquclcgio-
3707 5709 3720 5719 ·

2090 5799 2138 5847 ni
2170 5809 2448 5846 murorum
2488 5806 2613 5858 pars
2642 5805 2703 5843 ac
2739 5798 3017 5858 portarum
3049 5785 3333 5846 attributa,
3365 5796 3423 5841 ut
3450 5788 3651 5840 discre-

2090 5898 2175 5941 tus
2207 5886 2358 5939 labor
2394 5885 2561 5938 fortes
2590 5893 2751 5941 atque
2778 5884 3001 5940 ignavos
3042 5880 3425 5943 distiuuucrct,
3457 5891 3510 5933 ct
3537 5893 3646 5946 ipsa
