4028 6412
403 389 506 454 949

1884 399 2210 463 NOTITIA.

3529 419 3538 429 '
3572 395 3676 459 910

405 508 761 563 conuentione
794 508 1012 565 decoris
1043 512 1281 567 militum
1307 514 1486 571 virtus
1521 516 1698 586 magis
1727 532 1792 571 ac
1820 517 1995 585 magis
2024 526 2065 579 Α
2100 533 2273 587 natiue
2303 515 2539 581 amplius
2568 514 2768 568 milites
2799 528 2862 569 ex
2899 512 3109 567 Latinis
3137 509 3456 577 Graecisque
3495 511 3671 577 perie-

408 599 827 656 aecenderetur.
850 599 975 658 Pari
1001 605 1166 661 modo
1195 617 1251 662 et
1274 610 1500 664 navales
1529 609 1665 663 socii
1692 608 1991 664 attributas

408 701 595 760 partes
626 692 885 748 invadere
902 693 1092 763 jussit.
1114 697 1491 755 Admoveutttr
1516 700 1634 754 urbi
1656 700 1855 770 ligneae
1879 708 1993 753 tur-

412 797 522 836 res.
543 780 884 839 Convectant
920 785 1121 843 milites
1168 787 1448 854 dolabras,
1480 789 1651 845 falces
1681 790 1992 860 scalasque.

415 875 479 930 Et
504 875 615 947 jam
656 876 821 934 elatis
871 895 1044 951 super
1076 882 1255 951 capita
1288 884 1485 949 scutis,
1516 885 1688 939 densa
1723 885 1996 940 testudine

410 967 739 1025 succedunt.
790 969 966 1029 Gmci
1020 988 1279 1028 saxorum
1333 975 1575 1045 pondera
1629 976 1993 1045 provolvunt,

412 1060 699 1131 disiectam
760 1072 927 1134 atque
1007 1064 1318 1123 ﬂuitantem
1389 1067 1724 1124 testudinem
1788 1068 1997 1124 lanceis

414 1154 709 1227 t-ontisque
770 1166 1211 1228 perscrutantur,
1264 1160 1442 1216 donec
1497 1161 1679 1214 soluta
1738 1175 1998 1230 compage

416 1254 729 1315 scutorum,
794 1265 1102 1323 exsangues
1172 1252 1494 1324 lacerasque
1552 1261 1996 1323 prostraverunt.

418 1339 506 1395 Fit
557 1350 770 1413 strages
819 1359 1015 1417 magna
1056 1361 1071 1401 :
1108 1352 1163 1400 et
1214 1346 1329 1417 jam
1374 1345 1570 1401 Turcte
1617 1344 2000 1401 deficientibus

418 1434 619 1488 animis
662 1433 979 1507 languidius
1027 1450 1293 1510 pugnant.
1327 1438 1431 1493 Sed
1461 1439 1616 1497 adest
1662 1438 1999 1494 Mahumetes

419 1525 789 1582 fortissimum
818 1544 1099 1601 quemque
1126 1532 1460 1587 nominatim
1516 1533 1786 1594 vocitans,
1832 1541 2001 1602 utque

413 1619 468 1671 itt
505 1617 751 1687 praelium
784 1620 1036 1687 redeant,
1070 1622 1403 1681 adhortatur
1437 1642 1452 1678 :
1484 1626 1585 1681 hos
1614 1623 1853 1695 praemiis
1883 1623 2004 1678 alli-

413 1713 512 1773 cit,
568 1710 691 1768 illos
745 1712 917 1770 minis
962 1714 1231 1773 deterret.
1268 1717 1617 1774 Instauratur
1670 1731 1737 1771 ex
1791 1717 2003 1785 integro

417 1808 698 1858 certamen
725 1819 742 1861 ε
770 1803 964 1860 Turcae
1000 1819 1196 1862 rursus
1236 1807 1507 1862 subruere
1539 1821 1781 1870 murum,
1811 1813 2003 1875 portas

2100 628 2176 675 re,
2204 610 2398 680 partim
2424 608 2751 662 vulneribus-
2781 620 2810 659 a
2844 612 2998 674 tergo
3031 603 3298 668 confossi,
3320 603 3515 670 partim
3536 618 3673 657 con-

2099 703 2349 757 versione
2373 699 2642 769 oppressi.
2678 698 2876 767 Etjam
2910 696 3090 753 hostis
3155 695 3503 765 superiorem
3551 711 3673 748 tnu-

2100 809 2219 847 rum
2252 791 2497 859 tenebat,
2528 806 2774 861 saxaque
2814 790 2868 845 itt
2908 792 3062 844 cives
3103 789 3423 852 devolvens,
3491 788 3678 855 ingre-

2096 889 2373 944 dientibus
2397 887 2514 942 suis
2537 886 2743 942 auxilio
2765 894 2902 940 erat.
3430 938 3441 949 ,

2171 980 2284 1036 Iloc
2320 981 2487 1035 modo
2518 986 2676 1046 capta
2708 979 2866 1040 urbe,
2898 977 3057 1031 caesis
3107 975 3366 1029 omnibus
3395 974 3489 1044 qui
3541 974 3679 1027 resi-

2099 1082 2244 1126 stet'e
2276 1072 2393 1125 ausi
2426 1079 2574 1130 sunt,
2616 1071 2668 1124 in
2702 1069 2923 1137 rapinas
2968 1068 3294 1121 catervatim
3360 1074 3444 1120 est
3509 1066 3677 1118 itum.

2101 1164 2228 1217 Erat
2262 1162 2527 1217 victorum
2549 1160 2797 1215 infinitus
2819 1173 2988 1227 prope
3006 1171 3292 1221 numerus,
3315 1157 3367 1209 itt
3388 1155 3674 1210 libidinem

2100 1264 2154 1308 t-t
2189 1254 2454 1309 saevitiam
2488 1252 2800 1321 corruptior
2833 1268 2848 1309 :
2908 1264 3019 1305 non
3047 1249 3307 1320 dignitas.
3344 1263 3452 1301 non
3519 1255 3676 1311 aetas,

2100 1365 2209 1403 non
2233 1363 2400 1404 sexus
2425 1361 2760 1417 quemquam
2794 1344 3136 1413 protegebat.
3181 1340 3383 1410 Stupra
3414 1340 3678 1409 ctcdibus.

2102 1440 2274 1495 caedes
2305 1440 2517 1508 stupris
2552 1438 2948 1493 miscebantur.
3017 1434 3190 1489 Senes
3245 1442 3437 1489 exacta
3498 1442 3680 1494 tetate,

2104 1532 2333 1588 feminas
2361 1532 2498 1587 viles
2526 1530 2592 1585 ad
2627 1530 2863 1599 pncdam
2901 1529 2954 1583 in
2995 1526 3295 1583 ludibrium
3346 1527 3636 1580 trahebant
3666 1541 3681 1582 :

2104 1623 2195 1677 ubi
2220 1622 2408 1676 adulta
2446 1621 2622 1687 virgo,
2666 1629 2761 1677 aut
2795 1619 2920 1689 quis
2957 1618 3135 1674 forma
3160 1617 3496 1683 conSpicuus
3544 1616 3685 1672 inci-

2103 1714 2348 1770 dissetin
2374 1728 2569 1767 manus
2603 1711 2951 1781 rapientium,
2991 1709 3237 1764 divulsus
3287 1710 3434 1778 ipsos
3467 1715 3683 1775 postve.

2108 1823 2195 1863 mo
2227 1807 2542 1877 direptores
2572 1805 2627 1861 in
2651 1814 2898 1860 mutuam
2932 1802 3236 1874 perniciem
3270 1801 3489 1870 agebat.
3548 1800 3684 1854 Dum

418 1903 672 1963 quatere,
701 1895 879 1953 innixi
904 1896 1176 1965 humeris,
1210 1906 1266 1953 et
1297 1913 1465 1973 super
1489 1899 1739 1954 iteratam
1768 1896 2001 1954 testttdi-
2036 1879 2076 1933 Β
2108 1901 2420 1969 pecuniam,
2448 1900 2533 1955 vel
2564 1898 2752 1969 gravia
2779 1896 3110 1967 templorum
3144 1895 3284 1948 dona
3314 1892 3418 1948 sibi
3452 1893 3688 1961 quisque

422 2002 544 2040 netu
570 1989 903 2048 scandentes
933 2005 1200 2061 prensare
1227 1993 1471 2049 hostium
1506 1992 1610 2050 tela
1664 1991 2002 2061 brachiaque

421 2081 727 2137 nituntur:
763 2084 960 2141 iterum
1017 2085 1218 2156 integri
1268 2101 1395 2144 cum
1445 2086 1679 2149 sauciis,
1738 2083 2004 2141 semiani-

420 2192 538 2234 mes
570 2191 694 2232 cum
725 2177 1136 2248 exspirantibus
1171 2180 1527 2235 evolvuntur.
1566 2176 1824 2233 Cernitur
1854 2176 2003 2231 varia

416 2268 771 2337 pereuntium
803 2268 1003 2336 forma,
1038 2280 1093 2324 et
1124 2270 1363 2341 plurima
1407 2272 1603 2326 mortis
1628 2271 1831 2339 imago.

489 2358 636 2416 Inter
663 2361 777 2417 btec
799 2360 1042 2419 Joannes
1066 2358 1437 2430 Iustinianus,
1470 2362 1608 2432 apud
1637 2360 1884 2416 Genuam
1917 2358 2007 2413 Li-
2063 2360 2073 2368 '

418 2467 618 2520 gurutn
643 2454 996 2523 melropolim
1020 2452 1191 2507 nobili
1236 2452 1356 2509 loco
1389 2460 1576 2517 natus,
1625 2451 1719 2521 qui
1751 2453 2007 2520 superio-

420 2544 577 2599 rbus
616 2544 812 2600 diebus
858 2547 1010 2601 solus
1063 2546 1258 2601 urbem
1320 2544 1640 2600 defendisse
1692 2542 2005 2604 videbatur,

420 2635 662 2702 graviter
695 2637 1037 2702 vulneratus,
1065 2636 1157 2692 ubi
1200 2635 1419 2691 ﬂuitare
1466 2633 1795 2704 sanguinem
1844 2648 2006 2687 suum

421 2726 839 2787 animadvertit.
899 2743 970 2783 ne
1024 2736 1253 2784 caeteros
1315 2727 1641 2789 deterreret,
1702 2724 2008 2779 remedium

420 2833 696 2888 quarens,
726 2817 865 2875 clam
885 2835 1008 2877 sese
1034 2835 1231 2891 pugnae
1260 2818 1544 2874 subduxit.
1588 2816 1694 2872 Sed
1745 2816 2016 2871 Constan,

424 2920 577 2970 tinus
618 2913 939 2985 imperator,
972 2922 1031 2968 ut
1060 2914 1254 2970 abesse
1302 2908 1679 2968 Iustinianum
1731 2908 2011 2980 cognovit,

426 3022 538 3077 quo
571 3007 696 3063 ierit
718 3008 1123 3078 percontatur?
1162 3004 1469 3070 Proditum,
1502 3019 1565 3058 ac
1594 3004 1904 3067 inventum,
1947 3016 2015 3056 ne

431 3114 664 3171 pugnam
686 3098 928 3165 deserat,
946 3099 1109 3153 enixe
1123 3105 1299 3168 rogat.
1322 3096 1419 3152 Ille
1435 3096 1605 3151 nihilo
1626 3095 1798 3164 magis
1822 3092 2016 3157 ﬂexus,

428 3189 627 3260 aperiri
674 3199 886 3261 portam
946 3189 1126 3261 jubet,
1187 3204 1295 3258 qua
1355 3198 1652 3244 curaturus
1704 3185 1902 3241 vulnus
1952 3184 2007 3239 itt

430 3280 618 3337 urbem
646 3281 850 3351 redeat.
894 3281 1065 3337 Erant
1119 3281 1267 3336 enim
1323 3281 1592 3335 obserata:
1624 3277 2004 3345 urbEsjanoae,

428 3375 631 3444 quibus
655 3374 723 3430 ad
750 3375 1117 3431 antemuralia
1151 3374 1377 3445 patebat
1411 3372 1541 3437 iter,
1568 3388 1635 3426 ne
1666 3386 1772 3440 qua
1804 3368 2015 3436 fugien-

430 3469 482 3521 di
515 3468 748 3525 facultas
781 3468 941 3524 milizi
969 3476 1145 3530 esset,
1186 3483 1251 3522 ac
1282 3474 1575 3537 propterea
1626 3463 1825 3519 fortius
1872 3460 2014 3517 hosti

433 3581 470 3615 ι’.
494 3564 714 3619 sisteret
750 3579 765 3616 :
806 3562 866 3617 fit
910 3563 1122 3617 interea
1181 3560 1468 3616 remissior
1527 3555 1799 3620 defensio,
1868 3551 2013 3623 quod

432 3642 627 3713 Tu'rca:
666 3655 1041 3718 advertentes,
1094 3653 1333 3709 instante
1385 3651 1625 3707 maxime
1686 3647 2015 3710 Maltumcte,

431 3748 617 3805 acrius
648 3748 998 3805 incumbunt.
1036 3748 1099 3801 Et
1129 3746 1386 3817 quoniam
1413 3759 1541 3814 pars
1583 3746 1724 3795 tnttri
1761 3741 1872 3810 jam
1907 3748 2019 3795 tor-

436 3842 636 3898 mentis
703 3841 878 3897 aeneis
933 3839 1190 3909 disiecta,
1244 3837 1447 3894 fossam
1509 3849 1705 3904 magna
1750 3848 1817 3888 ex
1862 3840 2021 3902 parte

431 3933 772 4005 oppleverat.
790 3948 890 4003 per
921 3932 1111 3988 ruinas
1132 3932 1280 4000 ipsas
1305 3929 1657 3989 scandentes,
1678 3922 2022 3979 antemurale

436 4027 839 4092 conscendunt,
895 4024 1228 4094 Graecosque
1281 4023 1604 4093 perterritos
1645 4020 1767 4074 loco
1826 4019 2020 4073 detur-

437 4124 592 4177 bant.
612 4120 795 4182 Porta,
816 4133 936 4190 qua:
951 4117 1263 4174 Iustiniano
1280 4116 1748 4184 sauciopotuerat,
1768 4108 2023 4165 omnibus

438 4219 625 4280 aperta
663 4209 842 4281 fugam
894 4207 1262 4278 profusiorem
1313 4203 1512 4260 reddit.
1550 4203 1706 4258 'I‘unc
1750 4199 2023 4255 Constan-

438 4306 614 4368 tinus,
643 4316 755 4373 non
791 4309 852 4356 ut
881 4303 1271 4372 imperatorem
1331 4298 1540 4360 decuit,
1570 4294 1882 4363 pugnando,
1927 4292 2024 4348 sed

442 4396 657 4470 fugiens
717 4394 772 4450 itt
817 4392 956 4464 ipsis
1001 4399 1175 4462 porta:
1206 4390 1500 4461 angustiis,
1545 4403 1672 4443 cum
1708 4384 2021 4449 cecidisset,

441 4488 847 4559 erumpentium
892 4483 1242 4539 multitudine
1298 4494 1613 4549 oppressus,
1670 4478 2024 4547 calcatusque

2105 1993 2370 2060 traheret,
2404 1993 2616 2063 majore
2639 1992 2876 2048 aliorum
2912 1991 2960 2045 vi
3018 1988 3399 2045 trnncabatttr.
3440 1987 3689 2056 Cumque

2105 2085 2159 2138 itt
2186 2085 2432 2141 exercitu
2458 2085 2702 2140 maximo
2736 2100 2800 2142 ac
2831 2087 3082 2147 dissono,
3135 2100 3201 2139 ex
3258 2084 3476 2140 civibus
3525 2082 3688 2137 soi-iis

2105 2187 2269 2247 atque
2290 2178 2533 2233 externis
2555 2177 2808 2245 conﬂato,
2840 2178 3073 2233 diversae
3097 2178 3317 2245 linguze,
3346 2176 3483 2231 varii
3508 2189 3688 2229 mores

2106 2280 2269 2338 atque
2307 2268 2590 2339 cupidines
2626 2279 2830 2337 essent,
2871 2270 3019 2325 aliud
3049 2271 3246 2338 cuique
3273 2272 3357 2324 fas
3392 2268 3683 2334 nefasque,

2109 2361 2243 2416 nihil
2289 2361 2538 2416 illicitum
2594 2371 2708 2415 leto
2768 2361 2952 2416 triduo
3012 2360 3503 2429 Constantinopoli
3560 2359 3686 2413 fttit.

2110 2453 2395 2523 Templum
2434 2453 2677 2521 Sophim,
2709 2452 3009 2509 Iustiniani
3068 2454 3303 2509 Caesaris
3365 2467 3528 2523 opus,
3573 2458 3686 2525 toto

2109 2549 2244 2602 orbe
2294 2547 2674 2611 dccantatum,
2721 2554 2777 2600 et
2826 2545 2910 2599 cui
2976 2543 3287 2615 comparari
3339 2544 3572 2597 alterum
3625 2555 3691 2595 eo

2112 2654 2355 2711 tempore
2391 2655 2500 2694 non
2547 2640 2744 2709 potuit,
2794 2641 3060 2695 nudatum
3123 2652 3279 2692 sacra
3340 2633 3692 2706 supellectili,

2113 2737 2179 2790 ad
2208 2750 2403 2790 omnes
2435 2733 2735 2802 spurcitias
2764 2734 2943 2803 patuit
2973 2750 2988 2789 :
3025 2747 3263 2801 namque
3307 2730 3434 2785 illuc
3456 2730 3505 2784 vi
3571 2743 3697 2798 per-

2116 2839 2301 2883 tracta:
2338 2828 2573 2897 captivae
2603 2827 2843 2896 virgines
2866 2840 3038 2880 sacrm
3069 2834 3236 2892 atque
3270 2823 3557 2894 profante.
3613 2821 3697 2874 vi-

2114 2922 2236 2975 duae
2256 2929 2420 2989 atque
2456 2928 2740 2985 matronte,
2777 2920 3053 2972 decennes
3086 2919 3254 2970 etiam
3314 2915 3469 2984 ptteri
3525 2922 3693 2982 atque

2117 3011 2665 3084 puellae,inexpleliili
2697 3009 3188 3077 spttrcissimorunt
3222 3022 3423 3060 canum
3483 3005 3698 3059 libidini

2118 3112 2172 3157 et
2200 3102 2444 3166 luxuriat,
2475 3104 2649 3155 donec
2671 3099 2919 3154 efﬂarent
2964 3100 3198 3161 animas,
3235 3097 3511 3152 inservire
3563 3106 3696 3152 sunt

2120 3208 2342 3251 coactae.
2368 3194 2505 3250 Ossa
2542 3198 2864 3262 martyrum,
2895 3207 3018 3261 quae
3072 3190 3291 3245 fuerant
3326 3192 3380 3244 itt
3421 3190 3512 3244 illa
3563 3191 3701 3243 urbe

2120 3288 2532 3358 pretiosissima,
2568 3287 2800 3341 canibus
2816 3286 3026 3354 objecta
3049 3295 3102 3337 et
3132 3283 3344 3338 suibus.
3369 3282 3697 3338 Sanctorum

2119 3378 2381 3447 imagines
2409 3389 2504 3431 aut
2528 3378 2643 3431 luto
2674 3376 2893 3431 ftedatte
2924 3386 3018 3429 aut
3054 3375 3204 3431 ferro
3246 3375 3459 3440 deletae,
3496 3375 3691 3429 altaria

2118 3472 2301 3527 diruta
2327 3478 2493 3539 atque
2514 3484 2731 3535 eversa.
2770 3468 2824 3521 ltt
2862 3469 3333 3537 reliquistemplis
3387 3479 3480 3522 ant
3543 3470 3702 3536 lupa-

2066 3604 2071 3609 ι
2118 3561 2275 3616 naria
2302 3559 2658 3615 meretricum
2719 3556 2886 3624 facta,
2933 3568 3029 3614 aut
3055 3575 3328 3628 equorum
3362 3559 3602 3614 stabula.
3642 3559 3699 3613 Itt

2119 3660 2365 3708 sacratos
2403 3650 2516 3706 Deo
2553 3650 2704 3705 viros
2731 3689 2745 3713 ,
2808 3650 3095 3718 religiosos
3138 3664 3204 3703 ac
3253 3651 3574 3707 sacerdotes
3633 3652 3704 3705 ita

2123 3744 2265 3800 fmde
2289 3744 2532 3799 saevitum
2564 3752 2673 3806 est,
2697 3753 2756 3796 ttt
2801 3743 2997 3796 modus
3060 3742 3418 3811 detestabilis,
3469 3758 3579 3813 quo
3615 3758 3707 3798 ve-

2123 3837 2231 3890 xati
2267 3847 2433 3905 atque
2460 3836 2638 3891 enecti
2682 3844 2831 3899 sunt,
2869 3834 3183 3902 neutiquam
3216 3835 3444 3888 honeste
3503 3834 3699 3888 referri

2122 3937 2308 4000 queat.
2364 3927 2446 3982 Ad
2498 3928 2614 3983 haec
2675 3927 2855 3981 adacti
2908 3936 3038 3981 sunt
3100 3929 3240 3981 servi
3272 3928 3596 3982 verberibus
3621 3937 3705 3980 at-

2125 4034 2231 4088 que
2250 4018 2561 4083 tormentis,
2579 4016 2923 4071 dominorum
2946 4017 3127 4071 abdita
3145 4018 3380 4072 scrutari
3402 4032 3464 4071 ac
3487 4031 3703 4080 eruere;

2126 4112 2334 4167 inventi
2365 4113 2467 4166 hac
2498 4119 2617 4165 arte
2635 4109 2857 4165 maximi
2891 4110 3160 4173 thesauri,
3185 4126 3322 4179 quos
3345 4111 3399 4164 in
3427 4110 3548 4179 ipso
3577 4109 3704 4164 belli

2128 4203 2402 4272 principio
2438 4203 2694 4258 infelices
2724 4202 3080 4259 sttﬂ'oderunt
3132 4205 3304 4260 cives.
3370 4203 3606 4269 Quibus,
3662 4203 3709 4257 si

2128 4310 2225 4364 pro
2252 4293 2571 4351 defensione
2607 4295 2762 4350 urbis
2785 4296 2868 4350 usi
2903 4294 3157 4358 fuissent,
3181 4310 3337 4351 suam
3378 4296 3523 4351 baud
3544 4297 3710 4351 dubie

2129 4388 2316 4452 vitam,
2353 4386 2545 4456 patria:
2572 4387 2878 4445 libertatem
2928 4396 3265 4442 servassent.
3311 4386 3416 4440 Sed
3462 4402 3630 4441 avaro
3657 4388 3709 4440 in

2130 4493 2325 4533 surum
2354 4477 2500 4532 nulla
2526 4488 2789 4547 potestas.
2812 4477 2918 4545 Ipsi
2953 4480 3161 4532 interea
3193 4492 3330 4532 auro
3355 4478 3620 4543 emuncti,
3648 4495 3712 4533 ac

446 4580 678 4637 interiit.
710 4579 767 4634 Itt
792 4586 941 4633 tanta
978 4576 1334 4631 multitudine
1364 4581 1726 4643 pugnatorum
1771 4571 1881 4624 duo
1911 4579 2028 4623 tan-
2052 4577 2106 4639 υ
2135 4584 2290 4625 more
2320 4584 2575 4639 pecorum
2611 4570 2664 4622 itt
2697 4578 2877 4624 castra
2906 4570 3194 4639 protracti,
3230 4578 3355 4638 post
3385 4570 3622 4624 ludibria
3643 4572 3711 4625 ad

445 4689 560 4731 tum
603 4672 807 4744 reperti
844 4678 997 4735 sunt,
1042 4669 1137 4738 qui
1186 4683 1248 4723 se
1288 4669 1437 4723 viros
1480 4661 1853 4728 ostenderint,
1890 4660 2029 4717 alter

446 4768 691 4831 Graecus,
726 4765 865 4823 alter
894 4760 1161 4827 Dalmata,
1202 4754 1541 4827 Theophilus
1584 4752 1947 4821 Palteologus,
1976 4757 2030 4804 et

446 4859 689 4916 Ioannes
729 4856 987 4918 Selavus,
1031 4855 1127 4923 qui
1160 4851 1350 4921 lugere
1390 4860 1548 4917 turpe
1580 4843 1856 4908 arbitrati,
1903 4856 2028 4897 cum

448 4953 544 5008 diu
586 4948 896 5008 incredibili
947 4946 1140 5017 vigore
1181 4945 1491 5001 Turcarntn
1546 4940 1812 5009 impetum
1864 4932 2030 4990 susti-

452 5044 724 5108 nuissent,
778 5037 1096 5108 multosque
1145 5036 1599 5103 obtruncassent,
1631 5030 1869 5097 denique
1918 5041 2026 5081 non

450 5147 562 5191 tarn
591 5133 724 5190 victi
750 5146 915 5204 quam
964 5130 1235 5184 vincendo
1291 5123 1499 5194 fatigati
1553 5122 1700 5175 inter
1754 5119 2026 5174 cadavera

452 5227 698 5284 hostium
762 5223 1096 5280 occubuere.
1156 5217 1500 5274 Iustinianus
1548 5214 1603 5269 in
1656 5211 1848 5268 Peram
1887 5225 2033 5280 aegre

450 5322 741 5385 eluctatus,
774 5330 911 5375 cum.
933 5311 1259 5368 tumultibus
1293 5307 1610 5378 perturbata
1655 5304 1867 5368 omnia,
1904 5316 2029 5367 nec,

450 5426 616 5485 quem
641 5409 879 5465 maxime
901 5404 1196 5478 quatrebat,
1222 5402 1492 5457 medicum
1518 5396 1875 5456 invenissset.
1904 5394 2032 5450 inde

451 5505 647 5559 Chium
680 5501 979 5571 navigavit,
1030 5498 1219 5567 ibique
1263 5511 1358 5550 seu
1410 5508 1475 5546 ex
1526 5490 1769 5544 vulneris
1819 5488 2031 5541 acerbi-

454 5605 585 5660 tate,
622 5609 720 5649 seu
756 5608 820 5647 ex
877 5590 1049 5645 animi
1085 5586 1347 5643 maestitia
1380 5585 1436 5637 itt
1475 5585 1720 5635 morbum
1760 5581 2033 5644 incidens,

457 5686 723 5756 inglorius
755 5684 922 5738 vitam
963 5682 1133 5736 finivit
1171 5699 1185 5735 :
1220 5680 1349 5733 felix
1390 5676 1636 5748 profecto
1692 5677 2035 5741 multumque

457 5776 784 5842 laudandus,
823 5776 869 5830 si
908 5777 960 5828 itt
994 5775 1126 5844 ipsis
1156 5780 1484 5842 oppugnata:
1543 5768 1697 5822 urbis
1746 5767 2027 5820 moenibus

461 5871 703 5931 animam
734 5868 1064 5928 exhalasset.
1102 5864 1159 5921 In
1207 5865 1457 5935 ingressu
1534 5872 1705 5932 porta:
1739 5859 2033 5931 Octingenti

2133 4678 2302 4717 unum
2336 4676 2533 4716 ontnes
2557 4661 2708 4715 vario
2741 4661 2934 4714 mortis
2965 4676 3166 4730 genere
3215 4660 3490 4716 interfecti
3560 4675 3709 4717 sunt.

2133 4753 2503 4808 Simulacrum
2525 4750 2810 4815 Crttcil'txi,
2875 4766 3036 4820 quem
3101 4750 3357 4819 colimus,
3419 4762 3474 4807 et
3522 4769 3710 4809 verum

2132 4843 2300 4900 Deum
2324 4859 2444 4898 esse
2476 4843 2738 4909 fatemur,
2770 4842 3128 4911 (horrendum
3166 4843 3341 4908 dictu,
3378 4852 3544 4914 atque
3612 4844 3711 4900 ait-

2132 4938 2270 5009 ditu)
2305 4938 2454 4994 tubis
2475 4952 2540 4992 ac
2595 4937 2870 5004 tympanis
2920 4935 3317 5003 praeeuntibus,
3387 4948 3600 5006 raptum
3644 4953 3711 4990 ex

2134 5030 2271 5085 urbe
2292 5030 2485 5084 hostes
2512 5028 2584 5085 ad
2643 5027 2881 5080 tentoria
2932 5025 3206 5089 deferunt,
3272 5036 3436 5098 sputo
3490 5029 3714 5097 lutoque

2136 5122 2368 5183 fwdant,
2402 5127 2457 5173 et
2479 5119 2553 5174 ad
2595 5128 2798 5172 nostra:
2817 5117 3106 5187 religionis
3135 5119 3449 5175 irrisionent
3509 5120 3709 5175 iterum

2134 5209 2286 5265 ctuci
2324 5208 2548 5278 aﬂiguut
2574 5224 2589 5263 :
2621 5207 2746 5261 exin
2777 5207 2942 5276 pileo,
2973 5223 3138 5277 quem
3167 5209 3441 5263 sartulutn
3493 5225 3709 5276 vocant,

2135 5302 2302 5371 capiti
2332 5301 2455 5369 ejus
2482 5298 2764 5370 imposito,
2796 5314 2999 5354 corona
3035 5301 3278 5368 undique
3307 5300 3447 5354 facta
3499 5300 3681 5355 Succla
3701 5331 3715 5341 -

2136 5403 2287 5447 munt
2316 5409 2331 5448 :
2366 5390 2463 5445 Hic
2489 5402 2563 5445 est
2595 5391 3026 5446 Christianorum
3074 5389 3217 5443 Deus
3244 5405 3261 5453 ;
3314 5400 3423 5443 tum
3480 5390 3715 5460 lapides.

2141 5489 2423 5554 lutumque
2459 5483 2730 5552 jactatttes
2790 5483 2945 5537 miris
2978 5482 3342 5536 deltouestattt
3379 5483 3577 5537 tnodis.
3612 5485 3715 5539 Sed

2141 5578 2277 5632 nihil
2309 5577 2421 5630 hinc
2455 5576 2657 5632 obsunt
2689 5574 2801 5629 Deo
2839 5585 3027 5629 nostro
3065 5575 3259 5629 coelum
3289 5573 3516 5644 tenenti,
3542 5578 3719 5647 inquit

2140 5672 2241 5724 hoc
2274 5669 2390 5720 loco
2425 5665 2631 5720 {Encas
2658 5666 2900 5734 Sylvius,
2936 5682 3035 5721 nec
3057 5666 3396 5734 majestatem
3429 5669 3547 5737 ejus
3582 5686 3718 5739 quo-

2140 5778 2246 5831 quo
2271 5761 2429 5815 modo
2474 5760 2797 5813 imminttetc
2862 5767 3111 5827 possunt,
3166 5760 3323 5829 cujus
3387 5777 3450 5816 ea
3494 5764 3717 5832 cstglo-

2142 5857 2238 5923 tia,
2277 5870 2338 5910 ca
2372 5851 2699 5918 sublimitas,
2732 5867 2794 5907 ea
2831 5851 3185 5908 beatitudinis
3212 5855 3496 5927 perfectio,
3531 5865 3589 5909 ut
3616 5870 3715 5917 nec
