4028 6460
351 394 486 456 951.

1347 399 1716 462 lSIDORUS
1753 405 1816 464 S.
1860 405 1931 464 R.
1983 405 2043 468 Ε.
2093 408 2560 473 CARDINALlS
3501 411 3596 483 952

354 520 615 580 laudibus
641 525 895 584 humanis
918 530 1129 596 extolli,
1187 547 1286 586 nec
1323 531 1602 588 humiliari
1657 537 1940 606 vitupcriis
1975 521 2017 577 Α
2048 520 2360 577 “Graiorum
2388 538 2672 578 “"memm
2706 523 3022 586 ίηῖῖδτιηίτπ
3044 537 3275 594 corpora
3312 527 3597 600 Passimia'

361 631 655 684 pravorum
681 622 872 688 possit.
888 619 996 676 Nos
1018 623 1123 677 ista
1139 623 1364 690 laedunt,
1387 636 1553 696 atque
1570 628 1936 692 confundunt,

367 709 460 776 qui
498 724 593 778 per
623 709 890 779 ignaviam
927 722 1092 782 atque
1150 715 1440 784 desidiam,
1487 718 1618 772 dum
1660 721 1773 776 veri
1846 722 1936 776 Dei

361 801 566 854 cultum
604 805 777 872 pzrire
803 805 1064 869 sinimus,
1099 817 1150 862 et
1178 808 1232 863 in
1257 809 1360 864 hoc
1392 811 1595 865 saeculo
1625 811 1824 867 bonum
1845 830 1940 886 go-

361 909 505 960 mt-n,
529 903 582 949 et
605 897 657 948 in
685 895 1022 964 alterospetn
1044 900 1241 954 salutis
1265 901 1592 958 amittimus.
1614 904 1754 968 Quin
1777 903 1940 973 igitur

357 999 392 1052 p
429 985 551 1042 sitis
580 987 740 1044 bellis
769 999 1035 1045 coeuntes
1069 991 1364 1046 Christiani
1388 993 1527 1050 hanc
1559 1003 1764 1050 tantam
1801 998 1939 1066 inju-

358 1079 493 1132 riam
532 1081 917 1136 vindicamus?

426 1167 557 1223 Post
587 1170 701 1226 haec
731 1171 1056 1228 eonvivatus
1085 1171 1446 1240 Mahumetes,
1469 1193 1592 1232 cum
1628 1178 1789 1232 solito
1819 1181 1938 1248 plus

355 1263 466 1314 vini
488 1263 854 1331 adhibuisset,
883 1273 944 1319 ut
960 1268 1278 1336 sanguinem
1297 1271 1814 1341 truculentusmero
1838 1271 1938 1324 ad-

357 1353 533 1422 deret,
550 1355 826 1426 principes
843 1358 1246 1430 optimatesque
1269 1363 1512 1416 civitatis
1533 1374 1741 1433 captos,
1776 1363 1939 1433 inque

356 1455 711 1515 conspectum
753 1449 1029 1506 admissos
1060 1462 1348 1522 postquam
1372 1457 1539 1522 probe
1581 1457 1691 1512 illis
1733 1456 1942 1514 illusis-

355 1545 458 1602 set,
481 1538 724 1595 crudelis
753 1551 806 1596 et
849 1543 1239 1612 sanguinarius
1269 1545 1514 1601 carnifex
1544 1546 1689 1603 ftede
1712 1549 1939 1606 misere-

355 1646 463 1697 que
483 1629 725 1701 jugulari
753 1633 942 1701 jussit.
981 1633 1260 1692 Sirelueas
1303 1639 1558 1710 princeps
1584 1639 1681 1695 alti
1713 1643 1945 1712 sangtti:

357 1721 466 1788 nis,
489 1724 580 1792 qui
609 1725 749 1794 apud
778 1725 1195 1782 Constantinum
1222 1729 1517 1798 plurimum
1538 1740 1774 1800 poterat,
1800 1746 1941 1787 casso

360 1818 490 1865 ante
515 1812 706 1868 oculos
737 1815 929 1885 majori
962 1818 1098 1882 tilio,
1127 1818 1323 1885 altero,
1360 1820 1506 1889 quod
1535 1821 1818 1891 speciosus
1849 1837 1942 1878 es-

359 1911 466 1968 set,
495 1901 562 1956 ad
590 1903 815 1960 illicitos
837 1922 972 1962 usus
995 1918 1296 1976 reservato,
1326 1911 1504 1966 securi
1526 1927 1817 1983 percussus
1836 1925 1940 1968 est.
1977 1901 1984 1957 ῗ

363 1993 482 2049 Duo
516 1995 640 2064 ejus
677 1997 768 2053 alii
799 1999 892 2053 tilii
942 2001 1330 2058 occitlerantin
1371 2004 1532 2060 bello.
1565 2003 1800 2061 Uxorem
1830 2007 1941 2060 int-

360 2086 637 2152 peratoris
666 2087 1036 2157 Constantini,
1058 2093 1214 2160 tilias,
1245 2095 1562 2166 primasque
1600 2097 1742 2153 aula:
1778 2098 1944 2169 virgi-

361 2193 479 2246 nes,
519 2194 584 2235 ac
616 2191 896 2239 matronas
928 2185 1204 2256 principes
1231 2185 1394 2252 iuSsit
1416 2200 1684 2259 tyrannus
1737 2190 1788 2244 in
1813 2206 1944 2244 cou-

357 2268 562 2324 viviutn
591 2273 811 2328 adduci.
832 2273 909 2330 lbi
935 2276 1171 2346 primum
1209 2279 1277 2334 ab
1300 2281 1416 2350 ipso
1438 2280 1944 2347 Mabutnete,aliis-

356 2379 461 2425 que
491 2361 737 2430 ejusdem
773 2369 1014 2438 satrapis
1078 2381 1471 2441 constttpratte,
1509 2375 1736 2442 posmae
1800 2373 1965 2439 nihil

359 2451 670 2507 valentibus
716 2457 971 2524 precibus
1005 2462 1057 2511 in
1091 2457 1266 2528 frusta
1307 2460 1470 2513 diSset
1489 2469 1556 2514 tae
1583 2471 1736 2516 sunt.
1767 2461 1943 2530 Caput

365 2541 711 2600 Constantini
731 2546 800 2599 ab
818 2548 1043 2603 invento
1060 2549 1326 2606 cadavere
1346 2550 1648 2620 desectum,
1666 2551 1942 2624 hastaeque

367 2637 617 2703 afﬁxum,
631 2648 692 2693 ut
707 2640 967 2695 omnibus
987 2640 1222 2697 ludibrio
1239 2653 1406 2708 esset,
1423 2660 1519 2712 per
1538 2645 1689 2700 urbis
1706 2649 1942 2716 compita

291 2725 300 2734 “
359 2740 410 2783 et
440 2740 619 2784 castra
653 2733 889 2786 maximo
913 2749 1036 2788 t-um
1065 2737 1266 2804 probro
1301 2738 1682 2792 circumlatum
1716 2749 1820 2793 est.
1844 2738 1944 2791 Fe-

364 2830 512 2887 runt,
535 2822 624 2890 qui
655 2826 841 2894 copias
859 2824 1187 2882 Mahumetis
1211 2838 1519 2898 compertas
1543 2830 1807 2893 habuere,
1835 2839 1944 2884 tre—

363 2923 519 2967 centa
557 2913 724 2971 fuisse
774 2917 943 2972 millia
985 2928 1372 2987 pugnatorum,
1404 2921 1497 2990 qui
1530 2922 1720 2976 urbem
1781 2922 1939 2976 uobi-

363 3007 628 3060 liSSitllalll
686 3025 716 3062 a
772 3020 917 3064 terra
964 3013 1363 3082 omingnarint;
1420 3029 1449 3067 a
1515 3015 1652 3068 mari
1717 3015 1938 3084 triginta

365 3098 559 3166 millia,
607 3102 870 3156 trecentis
921 3103 1056 3158 velis
1099 3104 1392 3158 adnotatis.
1443 3104 1622 3174 Atque
1655 3105 1728 3159 ita
1764 3086 1940 3175 cxp’u-

2042 615 2219 669 centia
2247 615 2626 685 explorabant,
2652 617 2862 685 ingenti
2893 617 3019 672 elati
3051 618 3250 689 gaudio
3275 631 3599 688 repererunt,

2041 716 2093 759 et
2120 707 2368 777 ejusdem
2393 708 2683 776 praecisum
2703 719 2868 780 caput
2926 724 3087 765 roseo
3115 719 3433 765 contectum
3468 713 3600 779 pileo

2045 799 2212 853 hastae
2242 799 2490 871 infigunt;
2521 815 2584 855 ac
2609 801 2882 856 clamante
2909 818 3181 872 prmcone,
3205 804 3352 859 Illud
3385 823 3493 860 esse
3523 824 3602 860 ca-

2040 899 2134 958 put
2174 891 2471 946 cardinalis
2496 892 2742 959 Rutheni,
2770 908 2866 962 per
2904 904 3078 964 captae
3109 895 3350 952 civitatis
3379 900 3605 968 compita

2042 983 2267 1052 viasque
2299 985 2470 1038 multa
2509 999 2633 1039 cum
2671 984 2929 1040 irrisione
2967 986 3389 1044 circumferunt.
3416 989 3609 1045 Illeiu-

2045 1074 2201 1128 terim
2229 1074 2384 1130 vivus
2408 1075 2550 1145 apud
2585 1075 2888 1131 Turcarum
2919 1077 3225 1147 principem
3259 1081 3494 1136 sordidis
3515 1083 3608 1138 de-

2042 1171 2278 1226 sdnatus
2299 1170 2620 1227 ministeriis
2643 1173 2866 1228 latebat.
2893 1175 3010 1241 Qua
3030 1176 3301 1230 servitute
3326 1191 3432 1232 non
3455 1178 3613 1232 multo

2044 1268 2164 1327 post
2216 1260 2383 1330 (quod
2422 1260 2547 1316 vilis
2575 1251 2873 1318 homuncio
2914 1265 3277 1334 crederetur)
3339 1268 3613 1337 persolutis

2045 1351 2308 1407 trecentis
2359 1353 2572 1422 aSperis
2625 1363 2931 1424 exemptus,
2966 1365 3284 1413 transverso
3319 1373 3483 1414 cursu
3515 1360 3613 1415 lio-

2044 1455 2189 1494 mam
2223 1441 2492 1508 pervenit.
2527 1442 2629 1498 Ubi
2656 1458 2683 1498 a
2717 1442 2946 1500 Nicoluo
2969 1447 3015 1502 ν
3053 1445 3211 1503 Pont.
3248 1447 3396 1502 Max.
3445 1450 3615 1504 multis

2045 1532 2364 1588 muneribus
2418 1533 2472 1588 in
2507 1534 2680 1589 vicem
2712 1535 2962 1591 laborum
2995 1539 3258 1605 donatus,
3319 1541 3462 1595 trino
3503 1556 3617 1596 sen-

2045 1620 2147 1674 sim
2174 1621 2514 1691 episcopatu,
2540 1625 2797 1681 nimirum
2829 1627 3146 1696 Sabinensi,
3181 1631 3534 1700 Corphieusi,
3561 1647 3618 1687 ac

2047 1712 2372 1780 Nicasiensi,
2394 1725 2590 1773 auctus
2620 1729 2706 1774 est
2733 1736 2746 1769 ε
2785 1722 2987 1789 quibus
3029 1739 3153 1778 cum
3191 1739 3386 1779 novem
3415 1725 3619 1780 circiter

2047 1806 2206 1861 annis
2250 1823 2462 1865 summa
2494 1810 2618 1866 vita:
2652 1810 2962 1881 integritate
2983 1822 3148 1884 atque
3177 1816 3471 1884 prudentia
3493 1831 3618 1886 prteo

2047 1897 2262 1964 fuisset,
2301 1901 2518 1956 tandem
2557 1918 2702 1959 anno
2733 1905 2890 1970 1463,
2925 1907 3010 1961 die
3032 1906 3102 1962 27
3157 1908 3372 1978 Aprilis
3419 1918 3615 1964 natura:

2050 1990 2290 2046 debitum
2317 1993 2503 2049 Rome
2527 1996 2783 2060 exsolvit,
2813 2013 3012 2068 magno
3045 2001 3298 2055 omnium
3331 2001 3474 2055 luctu
3502 2009 3616 2071 post

2047 2085 2255 2150 obitum
2293 2087 2552 2143 conditus
2584 2087 2652 2143 ad
2691 2087 2953 2145 Sanctum
2993 2090 3216 2146 Petrum
3248 2093 3305 2147 in
3342 2092 3616 2148 Vaticano.

2120 2175 2194 2232 De
2231 2177 2448 2234 lsidoro
2476 2181 2757 2237 cardinale
2779 2197 2948 2253 agens
2969 2182 3253 2240 Laonicus
3281 2184 3620 2258 Chalcondy-

2049 2271 2128 2326 las
2149 2271 2262 2326 haec
2294 2274 2454 2328 habet
2483 2291 2498 2332 :
2539 2273 2606 2329 In
2645 2277 2743 2330 hac
2770 2293 2947 2331 rerum
3001 2277 3156 2332 turba
3180 2279 3478 2334 miserabili
3506 2280 3525 2345 (
3541 2280 3618 2333 lo-

2046 2365 2236 2434 quitur
2291 2365 2358 2420 de
2408 2367 2564 2423 urbis
2615 2367 3258 2440 Constantinopolitaute
3293 2371 3618 2442 direptione)

2047 2468 2229 2525 captus
2260 2466 2335 2512 est
2371 2458 2663 2512 cardiualis
2696 2457 2941 2516 Isidorus
2981 2460 3364 2516 Sarmatarum
3391 2463 3618 2524 antistes,

2045 2549 2344 2618 quiductus
2369 2552 2420 2605 in
2445 2551 2720 2606 Galatiam
2759 2555 2936 2607 urbem
2971 2557 3215 2608 t-enditus
3250 2565 3351 2619 est,
3389 2557 3476 2609 sed
3501 2570 3622 2608 cou-

2047 2656 2235 2693 sceusa
2267 2642 2390 2694 navi
2418 2643 2654 2712 profugit
2684 2645 2736 2697 in
2768 2643 3207 2714 Peloponnesum.
3229 2647 3293 2701 Si
3319 2662 3408 2699 rex
3437 2645 3622 2698 Turca-

2049 2748 2165 2785 rum
2199 2733 2367 2787 virum
2394 2735 2532 2788 [tunc
2565 2736 2811 2799 novisset,
2858 2737 3104 2792 videlicet
3148 2739 3294 2809 quod
3340 2736 3619 2792 cartliitalis

2047 2834 2200 2890 esset,
2231 2836 2369 2880 certe
2397 2843 2514 2880 eum
2539 2829 2921 2895 interfecisset;
2948 2834 3065 2882 mm
3096 2845 3212 2883 eum
3244 2831 3385 2884 inter
3415 2837 3621 2883 ca‘teros

2047 2919 2277 2971 occisum
2303 2927 2513 2984 putaret
2542 2960 2553 2979 ,
2585 2919 2786 2973 nullam
2824 2921 2938 2990 ejus
2976 2921 3234 2974 rationem
3296 2921 3532 2975 habebat.
3565 2917 3620 2972 lu

2049 3010 2288 3064 concilio
2317 3008 2637 3067 Florentino
2666 3013 2769 3066 sub
2817 3012 3062 3079 Eugenio
3091 3011 3154 3067 IV
3179 3013 3475 3076 celebrato,
3504 3024 3622 3080 pro-

2049 3102 2288 3158 cessioni
2321 3100 2560 3172 Spiritus
2589 3104 2762 3158 sancti
2819 3119 2884 3158 ex
2911 3103 3073 3159 Patre
3111 3115 3166 3158 et
3201 3103 3370 3169 Filio,
3433 3101 3620 3158 tertius

364 3197 521 3258 gnata
549 3189 1006 3262 quinquagesimo
1037 3202 1192 3248 sexto
1234 3193 1303 3248 ab
1343 3193 1631 3249 obsidione
1668 3196 1758 3250 die
1800 3195 1946 3250 Con-
1974 3202 2014 3258 C
2050 3203 2172 3265 post
2207 3193 2597 3265 imperatorem
2629 3194 2946 3251 Graecorum
2969 3211 3068 3265 pro
3097 3195 3381 3251 Dorotlteo
3405 3195 3627 3262 patriar-

366 3284 747 3352 stantinopoli,
766 3285 1056 3354 imperium
1077 3286 1514 3340 Christianorum
1549 3287 1940 3356 imperatorum

368 3379 419 3431 iu
442 3376 665 3432 Oriente
694 3394 843 3434 anno
876 3380 1071 3436 salutis
1105 3381 1246 3435 1455
1275 3382 1514 3447 finitum,
1548 3385 1731 3439 nobile
1765 3395 1819 3440 et
1845 3401 1941 3440 an-

369 3473 734 3541 t‘quissitnutu
772 3491 787 3528 :
826 3474 971 3545 quod
1015 3476 1121 3531 sub
1169 3485 1439 3545 potestate
1480 3477 1726 3533 ﬁdelium
1785 3479 1945 3535 annis

367 3564 661 3616 duraverat
692 3564 989 3634 nonaginta
1016 3573 1072 3620 et
1093 3580 1203 3620 uno
1233 3581 1401 3636 supra
1431 3578 1652 3622 centum
1687 3575 1741 3622 et
1771 3568 1942 3624 mille.

369 3656 430 3708 ιοῖι
451 3658 594 3724 quod
629 3666 820 3710 notatu
849 3657 1259 3729 dignissimum,
1286 3657 1684 3715 Constantinus
1716 3656 1945 3726 Magnus

369 3748 583 3804 Helenae
603 3749 764 3814 lilius,
787 3751 996 3820 primus
1021 3750 1149 3805 illud
1179 3749 1451 3816 fundavit,
1483 3762 1538 3808 et
1562 3753 1739 3808 erexit
1768 3770 1782 3807 :
1807 3753 1945 3807 alter

372 3857 498 3895 vero
546 3841 944 3899 Consmntinns
996 3842 1088 3896 XV
1117 3843 1435 3914 imperator,
1487 3844 1672 3899 itidem
1731 3843 1948 3899 Helena:

367 3936 540 4000 liiins,
579 3935 709 3991 illttd
741 3937 926 3990 amisit
955 3953 967 3989 :
1001 3945 1062 3990 ut
1089 3935 1304 3990 initium
1334 3937 1425 3991 lini
1453 3935 1835 3991 concordarct.

442 4028 500 4081 lu
524 4029 625 4082 bac
646 4014 979 4089 calamitate,
1001 4036 1054 4079 et
1073 4028 1295 4095 publico
1317 4027 1669 4104 nobilissimae.
1688 4027 1839 4082 urbis
1856 4043 1949 4083 ex-

371 4121 518 4174 cidio
544 4119 784 4174 Isidorus
807 4119 1121 4182 cardinalis,
1172 4119 1493 4185 pontiiicius
1521 4135 1585 4171 ea
1616 4118 1944 4188 tempestate

373 4214 436 4265 ad
466 4210 888 4266 Constantinum
919 4210 1148 4275 legatus,
1177 4223 1205 4260 a
1237 4209 1494 4262 Barbaris
1514 4209 1578 4263 ad
1597 4225 1781 4264 necem
1805 4226 1952 4279 qure-

371 4306 658 4373 situs,quo
681 4317 739 4357 se
769 4299 1212 4371 prtesentissima:
1246 4298 1387 4354 cladi
1423 4300 1684 4368 eriperet,
1706 4300 1951 4354 lervente

373 4395 607 4449 tumultu
629 4395 853 4448 mutatis
885 4407 1118 4462 propere
1159 4407 1282 4446 cum
1303 4391 1541 4458 jacentis
1572 4392 1839 4446 cadavere
1863 4408 1950 4447 ve-

372 4491 570 4556 stibus,
596 4505 659 4543 ac
684 4488 1006 4558 fugientium
1043 4485 1213 4539 turbae
1248 4484 1521 4540 immistus
1547 4484 1680 4538 urbe
1709 4484 1948 4539 excessit

2053 3287 2155 3341 cita
2208 3286 2660 3342 Antiochenohis
2722 3287 2908 3342 verbis
2953 3285 3282 3354 subscripsit
3336 3283 3628 3342 :lsidorus

2053 3378 2389 3448 metropolita
2424 3377 2739 3431 ’Kioviensis
2805 3377 3068 3447 totiusque
3101 3375 3347 3446 Russite,
3387 3390 3434 3433 et
3463 3379 3625 3432 locum

2056 3484 2233 3525 tenens
2255 3458 2562 3540 apostolica:
2595 3471 2732 3524 sedis
2753 3469 3076 3523 sanctissimi
3103 3471 3435 3538 patriarcha:
3462 3467 3624 3523 donti-

2054 3563 2108 3616 ni
2141 3562 2395 3615 Πονουιεὶ
2417 3562 2550 3616 satis
2585 3561 2779 3614 habens
2813 3561 3120 3630 subscripsi.
3149 3561 3205 3615 lu
3242 3565 3438 3619 eadem
3467 3574 3626 3632 syno-

2053 3654 2367 3724 do'pluries
2410 3654 2607 3708 lsidori
2645 3655 2854 3708 mentio
2915 3655 3224 3726 ingeritur;
3263 3656 3512 3712 sessione
3542 3653 3628 3712 25.

2053 3762 2178 3801 eum
2215 3745 2283 3802 de
2309 3747 2662 3818 processione
2681 3744 2922 3816 Spiritus
2947 3748 3123 3802 sancti
3155 3759 3433 3814 ageretur,
3466 3745 3630 3802 lsido-

2057 3855 2149 3893 t'us
2179 3847 2305 3894 ante
2338 3838 2720 3896 Bessarionetu
2754 3839 2892 3893 dixit
2926 3856 2943 3896 :
2981 3838 3220 3894 Dicimus
3253 3838 3488 3905 Spiritus
3510 3854 3626 3892 san-

2057 3931 2128 3983 cti
2155 3931 2535 3997 processionem
2568 3929 2715 3984 Filio
2741 3946 2943 4000 quoque
2963 3931 3122 3984 tribui
3153 3947 3254 3984 non
3275 3936 3450 3986 solum
3475 3948 3504 3982 a
3532 3928 3631 3982 Pa-

2059 4021 2225 4074 tribus
2252 4019 2704 4085 Occidentalibus,
2736 4021 2824 4075 sed
2847 4023 3008 4074 etiam
3045 4021 3436 4076 Orientalibus.
3483 4019 3627 4083 Qua-

2055 4124 2271 4183 propter
2308 4131 2518 4184 aaquum
2541 4124 2641 4180 est,
2671 4122 2728 4168 ut
2755 4125 2962 4169 sanctos
2989 4122 3194 4168 nostros
3223 4125 3493 4184 sequentes
3519 4125 3630 4165 cum

2056 4207 2298 4261 Romana
2328 4205 2567 4264 Ecclesia
2598 4207 3002 4279 conjungamur.
3244 4261 3247 4264 .

2131 4301 2261 4354 Erat
2292 4308 2474 4354 autem
2521 4300 2762 4355 Isidorus
2806 4297 3110 4358 cardinalis
3137 4302 3226 4356 vir
3269 4303 3630 4364 undecunque

2058 4392 2432 4460 doctissimus,
2455 4393 2740 4462 theologus
2763 4394 3071 4449 Graecorum
3093 4396 3344 4466 insignis,
3367 4395 3420 4449 in
3439 4387 3630 4446 divinis

2059 4483 2358 4554 Scripturis
2379 4485 2622 4554 apprime
2646 4493 2920 4548 versatus,
2938 4485 3160 4555 ingenio
3183 4486 3400 4542 subtilis
3416 4494 3468 4539 et
3488 4494 3629 4542 acer.

373 4554 685 4638 incolumis.
724 4554 945 4642 \lerutn,
980 4578 1072 4648 qtti
1102 4577 1365 4632 etnentito
1419 4577 1567 4630 cultu
1604 4585 1832 4630 mortem
1871 4577 1951 4633 ef-
1981 4554 2030 4614 D
2059 4577 2112 4630 in
2137 4574 2379 4630 dicendo
2403 4589 2672 4630 nervosus
2694 4583 2747 4629 et
2780 4576 3002 4644 gravis:
3041 4576 3161 4646 ejus
3183 4574 3493 4632 facundiam
3515 4581 3632 4625 tan-

374 4680 607 4744 l'ugerat,
631 4674 771 4727 haud
798 4672 913 4742 pari
939 4671 1156 4726 fortuna
1191 4670 1508 4723 servitutem
1531 4669 1709 4723 evasit
1734 4685 1747 4720 :
1778 4669 1948 4739 siqui-

373 4769 496 4821 dem
534 4765 602 4818 ab
639 4763 1058 4833 insequentibus
1118 4761 1420 4816 victoribus
1469 4770 1686 4830 captus,
1735 4770 1790 4815 et
1821 4762 1946 4830 quis

375 4866 519 4912 esset
547 4857 618 4911 ob
641 4872 822 4911 rasum
849 4863 1092 4909 mentum
1122 4863 1441 4923 vestemque
1467 4855 1810 4923 peregrinam
1843 4870 1949 4908 non

379 4949 623 5017 agnitus.
672 4948 1034 5003 nihilominus
1067 4947 1118 5000 itt
1153 4947 1473 5001 servitutem
1530 4945 1798 5001 abductus
1844 4955 1950 5002 est.

380 5014 586 5097 interea
611 5041 867 5104 cadaver,
893 5039 1038 5110 quod
1057 5047 1412 5108 purpuratum
1445 5036 1706 5092 Ecclesia:
1726 5046 1951 5092 senato-

382 5150 492 5191 rem
530 5149 594 5189 ex
625 5113 823 5202 injecta
854 5131 1046 5186 lsidori
1081 5139 1232 5185 veste
1260 5128 1649 5193 mentiebatur,
1683 5131 1778 5199 qui
1809 5129 1953 5186 desi-

2059 4684 2221 4738 quam
2251 4683 2316 4721 ex
2347 4683 2529 4737 ungue
2557 4667 2771 4721 leonem
2805 4705 2822 4730 ,
2849 4682 2918 4722 ex
2949 4667 3336 4737 epistola,qua
3373 4669 3426 4721 in
3456 4665 3627 4720 Thra-

2057 4762 2140 4816 cia
2172 4758 2418 4830 Byzantii
2448 4757 2814 4828 direptionem
2852 4766 2906 4812 et
2951 4759 3210 4814 acerbum
3273 4759 3440 4812 funus
3476 4751 3628 4809 luxit.

2060 4850 2262 4905 Paulus
2292 4849 2578 4903 Cortesius
2598 4847 2664 4903 de
2684 4848 3028 4902 cardinalatu
3055 4856 3396 4918 perspectam
3427 4839 3629 4897 habuit.

2062 4945 2249 4999 Dictus
2293 4943 2498 4998 alicubi
2551 4942 2815 5012 facundus
2854 4941 3163 4998 (irtecorum
3193 4945 3403 5006 doctor,
3437 4947 3488 4993 et
3516 4947 3630 5004 gett-

2065 5043 2128 5096 tis
2159 5039 2336 5093 decus.
