4028 6422
305 432 313 441 ο
336 400 446 462 953

376 553 781 566 m—

1224 408 1321 466 M)
1364 409 2016 474 CllRlSTtFlDELES
2059 414 2152 473 DE
2196 413 2425 473 CAPTA
2464 413 2705 475 CPOLL

3464 392 3599 475 best

1640 728 2302 843 [SIDORUS

425 915 541 989 ἰν*
975 950 1455 1013 CARDINALIS
1502 954 1960 1028 RUTHENUS,
1991 956 2418 1017 EPISCOI‘US
2477 960 2946 1022 FABINENSIS~

1563 1075 1917 1135 LEGATUS
1948 1075 2407 1146 PONTIFlClS,

1285 1225 1736 1291 UNIVERSIS
1808 1216 2649 1293 CHRISTIFIDELIBUS.

1504 1388 1804 1452 (Reussner,
1857 1389 1940 1439 ubi
1981 1403 2158 1453 supra,
2198 1404 2248 1452 p.
2295 1389 2428 1453 104.)

393 1694 616 1762 Audite,
642 1706 836 1747 omnes
856 1704 1067 1762 gentes,
1091 1690 1278 1745 audite
1298 1698 1353 1747 et
1376 1691 1604 1750 auribus
1633 1689 1918 1764 percipite,

2036 1670 2231 1729 Turcae
2263 1674 2611 1732 contumeliis
2642 1683 2986 1748 opportunas
3022 1693 3289 1748 personas
3325 1689 3386 1737 ut
3425 1696 3607 1739 mere-

336 1785 430 1856 qui
463 1784 726 1840 habitatis
757 1783 946 1839 orbem
979 1783 1022 1836 '.
1053 1781 1255 1837 Audite
1278 1783 1395 1837 haec
1420 1782 1630 1849 omnia,
1656 1783 1748 1853 qui
1784 1780 1918 1836 iide-

338 1876 445 1928 lem
477 1875 630 1930 orbis
680 1883 892 1945 partcm
945 1874 1210 1945 incolitis,
1258 1878 1520 1945 ministri,
1567 1889 1818 1947 pastores
1858 1883 1916 1933 et

337 1965 619 2036 principes
657 1968 902 2021 omnium
954 1967 1327 2024 Ecclesiarum
1363 1971 1567 2026 Christi
1603 1989 1617 2026 :
1670 1970 1914 2027 universi

334 2074 559 2130 quoque
592 2073 749 2130 reges
780 2072 845 2113 ac
878 2058 1162 2129 principes
1192 2056 1557 2122 Christicolae,
1597 2070 1664 2113 ac
1695 2055 1891 2111 univer

334 2167 434 2210 sus
460 2151 678 2207 Domini
712 2150 944 2222 populus
972 2165 1097 2205 cum
1130 2149 1397 2221 religiosis
1427 2150 1662 2206 cunctis.
1689 2148 1913 2216 Audite,

336 2244 589 2313 inquam,
615 2251 672 2297 et
700 2252 891 2297 notum
931 2240 1003 2296 sit
1037 2238 1218 2302 vobis.
1271 2240 1416 2309 quod
1457 2254 1767 2311 praeursor
1797 2238 1912 2295 veri

335 2333 695 2399 Antichristi,
717 2331 1031 2388 Turcorum
1060 2331 1316 2402 princeps
1329 2331 1686 2391 et’dominus.
1721 2345 1915 2387 servus

335 2436 520 2482 autem
547 2431 627 2479 tot
648 2423 1064 2486 daemoniorum,
1107 2435 1241 2492 quot
1284 2423 1568 2481 vitiorum.
1615 2422 1777 2489 cuius
1802 2438 1915 2479 no-

337 2531 466 2573 men
513 2524 597 2571 est
649 2514 951 2580 Mahumet,
987 2515 1248 2571 inimicus
1273 2515 1457 2571 cruris
1477 2514 1709 2580 Christi,
1742 2515 1917 2570 haeres

334 2608 415 2665 rei
441 2615 494 2662 et
519 2607 758 2663 nominis
784 2608 932 2664 illius
963 2608 1125 2677 primi
1172 2606 1665 2677 pseudoprophetas
1698 2645 1715 2669 ,
1755 2615 1811 2662 et
1840 2607 1918 2661 la-

336 2694 482 2747 toris
520 2694 657 2765 lcgis
687 2696 1059 2764 spurcissimae
1089 2698 1489 2766 Agarenorum,
1526 2696 1673 2752 filius
1702 2695 1917 2752 Satame

338 2783 592 2838 omnium
629 2783 1094 2851 flagitiosissimus
1118 2803 1133 2842 :
1157 2786 1250 2854 qtti
1284 2785 1444 2841 furiis
1477 2787 1726 2843 invectus
1755 2796 1809 2842 et
1834 2787 1918 2841 in-

334 2875 512 2939 sania,
540 2877 1328 2948 sanguinemChristianorum
1358 2877 1479 2934 sine
1509 2878 1916 2937 intermissione

332 2969 488 3035 sitit;
526 2983 628 3025 nec
657 2968 935 3042 exstingui
961 2968 1105 3025 valet
1134 2969 1256 3039 ejus
1289 2970 1414 3026 sitis
1444 2980 1572 3042 post
1608 2986 1797 3028 eorum
1828 2971 1916 3025 in-

335 3076 594 3115 numeras
626 3062 839 3128 caedes;
873 3068 1136 3131 tantoque
1167 3061 1298 3117 odio
1322 3071 1515 3118 contra
1545 3062 1825 3119 Christum
1856 3072 1913 3119 et

333 3153 577 3208 membra
610 3153 731 3224 ejus
766 3162 1056 3218 movetur,
1088 3162 1149 3208 ut
1190 3153 1415 3209 eradere
1447 3170 1648 3209 nomen
1682 3155 1803 3225 ejus
1845 3161 1913 3212 de

333 3254 482 3298 terra
514 3244 721 3299 nitatur
743 3262 758 3309 ;
782 3252 837 3299 et
866 3244 1114 3313 inspecto
1136 3245 1321 3315 aliquo
1342 3244 1660 3301 Christiano
1692 3246 1795 3302 sibi
1817 3248 1913 3303 ob-

334 3339 518 3391 vianie
557 3349 617 3392 se
667 3337 795 3393 inde
853 3336 1135 3392 existimat
1179 3336 1545 3401 sordidatum,
1599 3347 1659 3391 ut
1718 3324 1913 3393 oculos

332 3429 538 3493 abluat,
577 3431 632 3481 et
670 3441 755 3489 os,
819 3426 1163 3481 immundum
1197 3441 1255 3481 se
1289 3425 1556 3497 proﬁtens
1582 3424 1758 3495 prius.
1793 3423 1912 3479 Hoc

335 3518 505 3586 igitur
532 3525 643 3572 tam
680 3517 925 3573 terribile
968 3529 1021 3572 et
1060 3517 1399 3573 horrendum
1434 3526 1767 3581 monstrum,
1798 3517 1913 3571 cxi-

333 3610 590 3680 gcntibus
616 3610 899 3667 tlemeritis
937 3608 1396 3676 Christianorum,
1450 3609 1605 3681 justo
1647 3608 1739 3663 Dei
1765 3609 1911 3680 judi-

332 3704 446 3769 cio,
475 3701 532 3757 in
565 3717 660 3757 eos
693 3702 885 3758 saevire
917 3715 980 3757 ac
996 3702 1237 3773 grassari
1270 3700 1598 3772 permissus.
1632 3701 1910 3756 civitatem

335 3795 674 3863 imperialem
731 3796 939 3849 Novam
1005 3793 1266 3860 Romam,
1318 3794 1445 3849 olim
1509 3792 1912 3858 felicissimam,

338 3901 486 3940 nunc
520 3885 907 3952 miserrimam,
947 3892 1004 3939 et
1029 3886 1178 3939 omni
1210 3883 1527 3939 calamitate
1561 3897 1907 3954 oppressam,

335 3978 896 4046 Constantinopolim,
951 3975 1044 4031 diu
1099 3977 1380 4032 obsessam
1423 3976 1589 4047 cepit,
1627 3989 1912 4047 expugna-

336 4072 437 4138 vit,
464 4058 724 4139 spoliavlt
754 4067 1011 4124 omnibus
1043 4070 1224 4129 bonis.
1252 4078 1308 4123 et
1331 4082 1467 4139 pene
1499 4066 1735 4123 delevit.

409 4163 546 4231 Quis
594 4171 777 4218 autem
842 4164 929 4234 (ut
970 4152 1152 4218 verbis
1207 4169 1329 4215 utar
1369 4161 1716 4231 prophetae‘)
1765 4162 1916 4217 dabit

338 4256 511 4326 capiti
541 4270 664 4311 meo
692 4270 915 4325 aquam,
949 4263 1005 4308 et
1037 4253 1216 4309 oculis
1240 4253 1376 4309 meis
1404 4252 1609 4309 fontem
1649 4252 1918 4324 lacryma-

343 4363 468 4402 rum
495 4388 511 4414 ,
561 4357 620 4402 ut
658 4348 876 4417 plorare
923 4346 1132 4401 valeam
1165 4346 1254 4401 die
1286 4360 1351 4400 ac
1390 4354 1552 4402 nocte
1592 4344 1917 4401 interfectos

339 4438 529 4508 populi
591 4437 765 4500 illius.
816 4446 874 4493 et
939 4422 1360 4493 sceleratissima
1422 4436 1714 4505 sacrilegia
1757 4440 1813 4490 in
1858 4451 1923 4492 ea

339 4538 572 4599 captura
596 4537 903 4599 perpetrata
921 4528 944 4580 ?
960 4527 1098 4594 Quis
1121 4526 1284 4596 hujus
1301 4526 1691 4581 horribilitatis
1712 4539 1926 4580 memor

342 4639 456 4679 non
506 4620 905 4691 Obstupescat?
944 4635 1053 4674 non
1102 4618 1441 4688 lethargicus
1494 4617 1629 4673 fiat?
1666 4632 1775 4672 non
1812 4631 1928 4688 pra:

341 4715 533 4770 dolore
562 4714 906 4769 obmutescat
932 4712 957 4765 τ
985 4709 1095 4766 Nec
1120 4720 1302 4765 tamen
1335 4717 1534 4766 cuncta
1557 4708 1805 4766 enormia
1831 4726 1927 4766 ex-

345 4807 587 4878 plicabo,
632 4819 702 4861 ne
752 4804 855 4873 piae
902 4817 1068 4858 aures
1119 4801 1314 4857 audire
1355 4799 1670 4871 refugiant:
1708 4801 1804 4856 sed
1860 4818 1926 4857 ex

345 4896 701 4967 paucissimis
749 4894 939 4950 relatis
978 4894 1291 4964 cogitentur
1326 4892 1456 4947 alia.
1522 4890 1623 4948 Hic
1652 4892 1929 4948 nefandus

346 5000 618 5059 tyrannus
665 4985 984 5042 nominibus
1034 4984 1389 5053 blasphemiae
1439 4983 1662 5054 plenus,
1697 4986 1925 5042 civitate

347 5088 590 5150 recepta,
634 5089 763 5151 post
817 5076 1290 5149 ,tlecapitationem
1354 5076 1700 5146 imperatoris
1735 5120 1751 5145 ,
1801 5095 1923 5134 cum

349 5170 503 5225 omni
547 5184 647 5226 sua
686 5168 947 5240 progenie
971 5176 1025 5222 et
1057 5167 1378 5234 nobilitate,
1428 5169 1702 5238 plurimos
1736 5170 1930 5225 ferreis

353 5262 590 5318 manicis
633 5269 689 5316 et
738 5259 1099 5329 compedibus
1152 5257 1426 5327 alligatos,
1453 5274 1516 5314 ac
1547 5260 1706 5316 collis
1736 5276 1926 5315 eorum

352 5354 578 5408 funibus
610 5353 830 5418 cinctis,
856 5360 1010 5407 extra
1051 5350 1240 5405 urbem
1273 5349 1502 5406 dedutit
1531 5371 1555 5419 ς,
1584 5353 1785 5431 milites
1812 5354 1931 5424 ejus

354 5447 592 5509 nobiles,
617 5445 885 5514 plebeios,
915 5444 1219 5499 monachos
1246 5452 1302 5498 ct
1343 5445 1852 5510 monachas,mares
1880 5457 1933 5503 et

370 5539 627 5600 feminas,
658 5536 861 5591 virtute
878 5543 932 5589 et
964 5534 1278 5590 conditione
1309 5537 1625 5606 praeclaros,
1662 5540 1934 5612 vitupera-

357 5628 541 5683 biliter
570 5627 876 5690 detractos,
909 5624 1098 5680 multis
1135 5624 1355 5694 injuriis
1485 5623 1676 5685 affecit.
1828 5628 1928 5689 Ubi

434 5829 450 5859 ¹
476 5824 613 5881 Jocl.
646 5841 684 5892 ι,
707 5826 759 5878 “1.
840 5826 860 5856 ’
889 5822 1088 5877 Jvrem.
1131 5839 1205 5888 Ix,
1237 5822 1291 5880 ‘2.

2038 1764 2265 1821 triculas
2293 1774 2350 1821 et
2389 1767 2444 1821 in
2475 1767 2726 1839 lupanari
2753 1771 3076 1838 prostitutas
3110 1773 3437 1842 trahebant;
3476 1777 3604 1831 talia

2035 1862 2092 1908 et
2123 1864 2270 1911 tanta
2305 1867 2499 1913 contra
2527 1873 2621 1915 eas
2646 1861 2903 1928 agebant,
2931 1872 3136 1922 auanta
3171 1865 3238 1920 de
3277 1866 3453 1922 brutis
3482 1868 3610 1922 ani-

2023 1940 2279 2003 malibus.
2326 1954 2382 1999 et
2430 1944 2615 2014 qualia
2668 1950 2791 2003 sine
2832 1947 3036 2002 rubore
3080 1944 3186 2003 fari
3221 1948 3450 2007 minime
3475 1951 3605 2021 quis

2020 2032 2235 2087 valeat:
2258 2034 2699 2092 adolescentulos
2722 2036 3013 2108 utriusque
3036 2053 3207 2094 sexus
3234 2053 3264 2095 a
3283 2042 3605 2109 parentibus

1992 2124 2405 2194 ~segregabant,
2426 2127 2714 2183 etdivisim
2739 2129 2807 2184 de
2827 2129 2910 2186 eis
2931 2129 3111 2200 pretio
3134 2131 3560 2203 negotiabantur
3586 2151 3600 2187 :

2021 2213 2260 2273 infantes
2332 2232 2525 2274 coram
2605 2221 2953 2290 genitoribus
3017 2223 3138 2279 suis
3203 2232 3264 2278 ttt
3317 2225 3604 2295 agniculos

2022 2308 2368 2376 mactabam;
2430 2319 2636 2366 matres
2700 2311 2851 2377 filiis,
2914 2320 2971 2367 et
3030 2313 3198 2384 geniti
3239 2316 3603 2385 genitricibus

2022 2402 2382 2471 privabantur
2412 2418 2429 2460 :
2458 2406 2703 2475 germani
2748 2421 2778 2460 a
2820 2407 3113 2472 fratribus,
3140 2424 3345 2464 uxores
3374 2425 3404 2464 a
3438 2410 3597 2475 viris,

2021 2511 2196 2553 nurus
2230 2511 2260 2550 a
2291 2499 2565 2553 socrubns
2592 2498 2912 2568 lugentibus
2950 2508 3007 2555 et
3047 2500 3393 2557 ululantibus
3416 2515 3605 2571 segre-

2020 2587 2333 2657 gabantur:
2377 2588 2644 2658 disiuncti
2681 2590 3079 2660 consanguinei
3120 2598 3176 2647 et
3214 2592 3376 2646 amici
3422 2592 3475 2645 in
3512 2592 3603 2646 di-

2020 2678 2193 2735 versis
2210 2679 2527 2748 regionibus
2551 2682 2693 2737 servi
2733 2683 2938 2738 venditi
2972 2685 3314 2740 ducebantur
3331 2724 3345 2738 .
3369 2684 3414 2741 0
3436 2699 3603 2754 quam

2020 2787 2219 2827 amara:
2264 2773 2554 2845 lacrymael
2592 2791 2625 2831 ο
2657 2784 2864 2845 quanta
2907 2777 3190 2847 suspiria!
3247 2791 3281 2833 ο
3318 2784 3455 2846 quot
3480 2776 3599 2831 cla-

2022 2868 2159 2921 mosi
2201 2868 2475 2940 singultus
2526 2870 2672 2927 inter
2719 2872 2929 2927 amicos
2961 2878 3016 2925 et
3052 2880 3243 2935 notos,
3273 2885 3395 2942 qua:
3434 2870 3607 2926 mise-

2022 2958 2224 3015 rabiles
2283 2976 2447 3017 voces
2502 2963 2899 3018 cmittebantur
2948 2962 3093 3018 inter
3150 2970 3336 3016 tantas
3398 2962 3601 3025 caedes,

2021 3051 2339 3117 servitutes,
2370 3055 2726 3125 expulsiones
2755 3064 2810 3109 et
2840 3055 3242 3110 contumelias!
3280 3053 3589 3123 Principes.

2019 3143 2259 3200 barones
2296 3153 2352 3200 et
2381 3145 2614 3213 domini,
2652 3146 3042 3213 bubulcorum,
3074 3144 3473 3217 porcariorum,
3503 3144 3605 3199 ho-

2021 3234 2375 3291 inuncionum
2423 3236 2603 3293 effecti
2654 3247 2785 3293 sunt
2828 3238 3057 3305 famuli;
3091 3237 3234 3292 intra
3267 3236 3599 3291 decennium

2019 3341 2224 3391 pueros
2308 3327 2377 3383 ad
2441 3329 2582 3385 ritus
2646 3344 2759 3384 sua:
2810 3328 3031 3400 perfidae
3099 3336 3259 3384 scctzr
3309 3326 3605 3397 compelle-

2020 3418 2168 3471 bant.

2089 3587 2231 3644 lleul
2276 3591 2557 3656 quomodo
2586 3589 2947 3647 obscuratum
2977 3601 3064 3648 est
3093 3604 3290 3647 aurum
3326 3589 3601 3663 fulgidum

2017 3680 2301 3750 sapientia)
2343 3696 2442 3751 per
2494 3682 2750 3737 tenebras
2789 3683 3146 3753 ignorantiae:
3183 3699 3383 3738 aurum
3415 3681 3598 3752 digni-

2019 3774 2147 3829 tatis
2201 3788 2299 3843 per
2345 3773 2748 3844 ignobilitatem
2810 3774 3435 3845 servitutislquomodo
3474 3788 3601 3827 ηιμ-ι

2020 3875 2165 3922 tatus
2209 3875 2295 3923 est
2336 3867 2491 3923 color
2520 3865 2760 3936 optimus
2783 3865 2985 3923 Grtecte
3013 3866 3341 3938 eloquentiae
3372 3866 3429 3921 in
3457 3867 3591 3921 bar-

2019 3958 2224 4026 bariem
2271 3955 2525 4014 Turciatl
2580 3956 2815 4028 Lapides
2860 3959 3180 4027 sanctuarii,
3214 3960 3262 4016 si
3308 3961 3402 4032 qui
3432 3968 3601 4018 erant

2018 4059 2338 4108 constantes
2372 4050 2427 4105 in
2461 4050 2589 4118 ﬁde,
2619 4049 2854 4122 dispersi
2884 4062 3018 4108 sunt
3048 4053 3103 4106 in
3140 4053 3321 4124 capite
3345 4052 3599 4112 omnium

2021 4146 2233 4198 viarum
2265 4140 2513 4210 iacentes
2564 4142 2846 4212 prostrati.
2906 4142 2984 4201 De
3036 4144 3251 4200 caeteris
3289 4154 3601 4209 taceamus,

2021 4250 2143 4302 qua:
2185 4239 2420 4286 humana
2451 4241 2604 4299 sum,
2637 4234 2732 4287 sed
2774 4233 2842 4288 de
2868 4233 3111 4302 injuriis,
3140 4235 3595 4291 subsannationi-

2026 4321 2149 4378 bus.
2178 4317 2558 4404 contumeliis,
2583 4319 2895 4389 Opprobriis
2944 4322 3190 4379 scelestis
3244 4340 3373 4396 erga
3410 4326 3596 4381 divina

2029 4423 2144 4477 quae
2163 4409 2344 4476 lingua
2358 4408 2536 4463 valeat
2556 4412 2863 4479 explicare?
2886 4414 3013 4482 quis
3033 4414 3343 4471 intellectus
3365 4433 3562 4486 capere
3576 4420 3609 4472 ἲ

2028 4517 2148 4571 quae
2169 4515 2327 4556 aures
2351 4500 2626 4570 patienter
2646 4502 2878 4558 audire?
2908 4503 2968 4556 Ni
2997 4504 3176 4571 fallor,
3202 4522 3496 4574 numquam
3524 4509 3598 4563 ita

2032 4594 2392 4650 inbonoratus
2420 4595 2586 4650 Deus.
2619 4594 2780 4659 Deus,
2813 4604 3081 4651 venerunt
3120 4608 3311 4667 gentes
3339 4598 3607 4669 gehennae

2026 4689 2222 4743 deditae
2253 4688 2307 4741 in
2347 4687 2722 4742 hzereditatem
2758 4696 2929 4752 tuam,
2961 4703 3083 4756 quae
3128 4688 3299 4743 lsrael
3327 4699 3411 4743 est
3436 4697 3489 4744 te
3515 4690 3599 4743 vi—

2026 4782 2162 4837 dens
2185 4795 2283 4852 per
2303 4780 2487 4835 ﬁdem.
2514 4779 2834 4836 Polluerunt
2854 4779 3115 4849 templum
3135 4789 3385 4836 sanctum
3422 4790 3603 4847 tuum,

2027 4874 2324 4932 ecclesiam
2365 4869 2766 4947 nobilissimam
2801 4868 2862 4925 S.
2893 4868 3112 4941 Sophiae
3142 4886 3251 4926 una
3280 4887 3405 4926 cum
3439 4873 3601 4927 aliis:

2030 4965 2292 5038 imagines
2342 4960 2564 5025 Domini
2627 4960 2798 5016 nostri
2855 4959 2984 5017 Jesu
3032 4961 3275 5029 Christi,
3318 4972 3376 5020 et
3408 4962 3605 5019 Matris

2030 5058 2169 5129 ejus,
2200 5056 2441 5127 Virginis
2470 5053 2814 5124 glorioste,ct
2838 5054 3157 5108 sanctorum
3188 5069 3253 5109 ac
3284 5062 3602 5110 sanctarum

2033 5152 2143 5218 Dei,
2180 5150 2417 5222 insignia
2444 5147 2673 5202 viviiicze
2721 5146 2905 5201 crucis
2936 5155 3333 5216 conspuentes,
3360 5144 3608 5201 confrin-

2031 5251 2244 5313 gentes,
2271 5237 2663 5297 conculcantes
2692 5253 2708 5303 ;
2747 5245 3105 5292 sacrosancta
3129 5235 3450 5303 Evangelia,
3475 5234 3608 5291 Mis-

2031 5333 2165 5388 salia
2209 5341 2264 5388 et
2311 5329 2552 5399 reliquos
2598 5327 2846 5382 ecclesia:
2892 5327 3063 5382 libros
3093 5326 3482 5393 dilacerantes,
3517 5325 3609 5381 de-

2033 5432 2338 5494 turpantes,
2369 5420 2789 5482 comburentes;
2812 5430 3002 5472 sacras
3019 5425 3201 5471 vestes
3231 5411 3606 5480 sacerdotum,

2037 5508 2358 5584 reliquaque
2401 5518 2728 5567 ornamenta
2772 5508 3021 5565 ecclesia:
3058 5505 3395 5573 scindentes,
3425 5504 3492 5559 ad
3524 5505 3610 5560 in-

2034 5609 2353 5662 dumentum
2415 5620 2577 5660 suum
2629 5611 2686 5658 et
2743 5611 2998 5658 ornatum
3056 5605 3357 5666 sumentes,
3384 5596 3470 5654 vel
3504 5614 3608 5668 pro

2035 5697 2127 5752 vili
2159 5697 2336 5770 pretio
2358 5694 2708 5752 conferentes
2741 5711 2756 5763 ;
2790 5710 2919 5750 vasa
2947 5691 3160 5748 Domini
3192 5698 3248 5745 et
3274 5691 3398 5761 ejus
3431 5691 3606 5746 culus
