4028 6474
458 400 568 465 955

461 601 724 668 conﬂata,
768 604 834 658 ad
867 602 1127 674 profanos
1162 620 1297 660 usus
1326 605 1753 663 transferentes.

536 694 847 750 Posuerunt
887 693 1123 765 denique
1167 710 1364 751 carnes
1417 706 1743 753 sanctorum
1792 710 2035 764 tuorum,

466 788 757 843 morticina
804 801 1087 843 servorum
1151 798 1393 855 tuorum,
1446 792 1711 862 reliquias
1751 791 2035 849 beatorum

463 891 785 946 corporum,
851 891 1009 933 escas
1062 879 1382 935 volatilibus
1425 882 1598 936 coeli:
1650 882 2075 965 (Ιίεικξι-είειιιίξες

465 966 594 1021 hinc
621 967 749 1024 inde
800 982 1006 1035 carnes
1067 979 1387 1026 sanctorum
1437 980 1679 1040 tuorum,
1721 990 1861 1044 quos
1895 978 2043 1031 occi-

465 1059 692 1128 debant,
732 1060 926 1118 bestiis
957 1071 1119 1117 terra:
1149 1081 1163 1117 :
1196 1079 1304 1117 non
1335 1072 1477 1132 erat,
1512 1066 1606 1134 qui
1639 1066 1916 1136 sepeliret.
1950 1068 2041 1122 ΛΙ-

466 1152 606 1206 taria
653 1150 1020 1217 suﬂ'oderunt,
1052 1152 1376 1210 invocantes
1406 1170 1601 1210 nomen
1625 1156 1897 1212 maledicti
1933 1158 2041 1212 Ilia-

463 1244 691 1309 ltometi,
746 1244 1035 1301 laudantes
1066 1262 1191 1301 eum
1228 1249 1293 1302 de
1323 1248 1574 1303 victoria.

535 1335 743 1391 Omitto
770 1352 883 1408 pra:
912 1339 1142 1408 pudore,
1179 1340 1320 1407 quod
1348 1340 1688 1411 mingebant,
1709 1342 2041 1399 stercoriza.

463 1427 641 1493 bant“
667 1428 854 1483 omnia
911 1429 1294 1499 vituperabilia
1339 1433 1674 1488 exercebant
1706 1434 1759 1487 itt
1795 1434 2039 1503 templis,

465 1516 801 1587 imaginibus
857 1525 912 1574 et
966 1521 1215 1591 reliquiis
1259 1523 1523 1591 sanctis;
1572 1536 1765 1581 sancta
1811 1527 2042 1581 canibus

466 1608 707 1671 dabant;
756 1612 1083 1679 margaritas
1131 1623 1609 1669 sacramentorum
1658 1623 1785 1670 ante
1835 1631 2034 1687 porcos

470 1695 858 1764 proﬁciebant.
922 1697 1061 1754 Dum
1104 1700 1220 1757 haec
1263 1703 1471 1766 recolo,
1515 1715 1664 1759 totus
1707 1722 1771 1759 ex
1812 1708 2042 1763 horrore

462 1791 870 1846 contremisco:
920 1807 1024 1848 nee
1055 1794 1284 1849 ulterius
1313 1796 1449 1864 stylo
1480 1812 1707 1853 exarare
1745 1816 1888 1870 queo
1920 1803 2043 1857 illo-

1518 399 1819 461 ISIDORI
1860 402 1962 462 AD
2000 402 2655 464 CHRISTIFIDELES

458 510 736 579 dedicata,
760 510 812 566 iit
835 511 914 568 eis
941 512 1288 568 comedentes
1310 520 1365 568 et
1388 511 1657 578 bibentes,
1691 514 1744 568 in
1776 513 2045 584 reliquum
2073 526 2122 584 Α

3577 406 3667 470 956

2234 514 2330 570 llis
2373 515 2741 571 atrocisstmis
2773 515 2938 571 rebus
2971 528 3079 570 non
3112 520 3397 571 contentus
3435 516 3675 575 callid'ssi-

2147 622 2271 663 mus
2309 615 2365 663 et
2394 608 2825 663 cruentissimus
2858 607 3227 675 Maltometus,
3263 606 3674 666 Christicolarum

2143 714 2400 755 summus
2447 699 2749 763 inimicus,
2804 700 2870 754 ad
2922 700 3188 755 ulteriora
3234 715 3294 754 se
3340 700 3601 756 extendit:
3634 714 3680 757 et

2146 791 2399 846 triremes
2424 790 2570 844 inter
2587 805 2813 861 magnas
2833 799 2887 847 et
2911 805 3111 861 parvas
3128 790 3239 859 jam
3257 797 3469 846 centum
3494 800 3681 858 septua-

2143 881 2289 951 ginta
2318 883 2641 953 praeparavit
2669 922 2685 946 ,
2706 890 2760 937 et
2791 881 2859 938 ad
2892 897 3043 938 mare
3076 880 3323 951 Algmum
3358 881 3502 936 misit
3528 884 3585 935 ad
3609 888 3677 936 in-

2142 971 2290 1027 sulas
2323 972 2591 1042 Cycladas
2626 970 2731 1027 sibi
2767 971 3159 1042 subjiciendus.

2216 1061 2431 1119 Exinde
2486 1079 2546 1119 se
2615 1073 2892 1135 praeparat
2956 1079 3080 1119 cum
3135 1063 3350 1118 inﬁnito
3377 1062 3699 1118 exercituad‘

2144 1162 2255 1207 tres
2315 1152 2481 1208 urbes
2524 1153 2797 1210 notabiles
2831 1163 2884 1207 et
2914 1162 3168 1222 potentes
3198 1167 3363 1222 prope
3413 1151 3668 1209 Danubium

2144 1242 2280 1300 sitas
2346 1244 2780 1315 transmigrare,
2850 1260 3061 1314 easque
3135 1259 3481 1314 expugnare:
3544 1259 3673 1296 unam

2144 1350 2309 1407 quant
2360 1334 2612 1392 Periston
2674 1350 3084 1406 nuncupamus,
3125 1335 3356 1389 alteram
3401 1333 3676 1396 Forabium,

2140 1428 2357 1482 tertiam
2404 1426 2832 1498 Bellogradum,
2889 1428 3185 1483 intendens
3230 1436 3353 1497 post
3397 1435 3552 1481 totam
3581 1442 3678 1494 pcr-

2141 1532 2366 1572 currere
2416 1514 2711 1589 Ungariatn
2745 1556 2764 1583 ,
2817 1532 3052 1587 eamque
3091 1516 3353 1587 spoliare.
3408 1515 3677 1578 devastare,

2140 1617 2467 1665 conterere:
2515 1619 2574 1665 ut
2605 1610 2879 1664 neminem
2918 1617 3067 1665 retro
3099 1625 3159 1664 se
3183 1609 3423 1664 dimittat
3452 1607 3679 1675 impedire

2145 1702 2212 1755 ad
2236 1701 2345 1755 alia
2380 1701 2499 1756 loca
2530 1701 2813 1770 proﬁcisci
2841 1701 3142 1757 volentem.
3170 1699 3313 1767 Quin
3341 1689 3579 1754 etiamad
3596 1696 3686 1753 ita-

2143 1792 2271 1866 liam
2314 1808 2478 1862 quam
2511 1793 2676 1849 citius
2714 1792 3111 1866 transmigrare
3144 1791 3467 1857 contendit,
3514 1804 3684 1860 praepa-

470 1898 593 1938 rum
620 1883 858 1952 piacula,
894 1893 950 1941 et
990 1885 1116 1940 lidel
1149 1885 1481 1942 Christianw
1507 1889 1790 1960 religionis
1815 1892 2004 1948 irrisio
2024 1923 2045 1933 -
2081 1905 2124 1963 Β
2153 1897 2277 1937 rare
2313 1898 2535 1953 quoque
2571 1892 2807 1938 60mm"
2833 1883 3014 1952 801038
3048 1896 3280 1953 "138033
3311 1891 3364 1937 θῑ
3395 1894 3574 1949 Panas
3601 1889 3688 1935 ιτε-

466 1991 569 2034 nes
588 1990 641 2032 et
656 1978 924 2034 dedecora
949 1978 1168 2049 injecta.
1187 1978 1514 2036 Monasteria
1534 1993 1642 2037 tam
1661 1983 2050 2041 monachorum

470 2086 636 2140 quam
673 2071 990 2127 monialium
1017 2073 1343 2130 invadentes
1365 2077 1549 2130 omnia
1565 2077 1923 2151 diripiebant,
1951 2080 2055 2154 eji-.

464 2163 675 2219 cientes
696 2163 819 2219 illos
836 2164 903 2219 de
920 2165 1348 2222 habitationibus
1370 2166 1506 2234 suis,
1535 2169 1874 2225 xenodochia
1897 2171 2051 2227 inﬁr-

474 2269 685 2309 morum
705 2255 1080 2311 destruebant.
1105 2256 1217 2312 Etsi
1236 2259 1305 2314 de
1323 2259 1507 2316 multis
1522 2270 1577 2314 et
1594 2261 1803 2335 magnis
1820 2261 2049 2319 excidiis

477 2361 545 2399 ac
606 2349 948 2405 exterminiis
1029 2349 1316 2405 civitatum
1388 2351 1824 2422 historiograpbi
1881 2357 2046 2409 etiam

469 2438 756 2505 gentilium
816 2441 1077 2506 referant,
1132 2443 1246 2498 fere
1292 2445 1441 2499 nulla
1491 2458 1682 2515 posset
1711 2447 2044 2503 desolatiuni

469 2531 636 2600 hujus
671 2516 974 2603 communi.
1028 2533 1254 2589 Nullum
1288 2536 1522 2591 incolam
1550 2539 1696 2595 intra
1730 2539 1922 2596 urbem
1954 2556 2044 2597 re-

468 2622 788 2692 liquerunt:
831 2641 941 2680 non
995 2624 1272 2692 Graecum,
1314 2643 1425 2684 non
1466 2626 1746 2698 Latinum,
1791 2649 1901 2687 non
1946 2633 2046 2687 Ar-

465 2717 734 2781 menium,
769 2733 877 2773 non
907 2718 1156 2775 Judaeum
1185 2737 1201 2787 ;
1245 2721 1437 2776 urbem
1480 2724 1653 2797 ipsam
1683 2725 1796 2783 suis
1831 2725 2046 2782 civibus

466 2807 756 2878 nudatam,
796 2811 954 2879 quasi
1004 2814 1284 2869 desertam
1316 2814 1668 2883 en‘eeerunt‘;
1703 2817 1823 2887 ipse
1852 2832 2043 2873 eorum

464 2911 621 2956 actus
644 2910 700 2956 et
729 2917 896 2971 opera
932 2895 1170 2973 propriis
1197 2907 1372 2963 oculis
1408 2908 1539 2975 vidi,
1598 2920 1649 2963 et
1683 2925 1808 2965 cum
1850 2911 2049 2983 aliqui-

462 2992 570 3045 bus
603 2995 1074 3050 constantissimis
1103 2996 1240 3053 viris
1269 3014 1375 3053 una
1411 3001 1565 3068 plura
1598 3015 1891 3070 perpessus
1922 3019 2043 3057 sum

464 3084 609 3138 mala
638 3092 690 3139 et
719 3084 969 3154 pericula
994 3102 1010 3142 :
1047 3089 1170 3145 licet
1201 3091 1267 3145 de
1310 3095 1568 3148 manibus
1598 3110 1787 3151 eorum
1828 3111 1914 3150 nte
1938 3096 2048 3152 cri-

465 3176 650 3243 puerit
691 3176 856 3242 Deus,
886 3187 944 3233 ιιι
967 3170 1162 3234 Ionam
1187 3182 1256 3237 de
1289 3199 1479 3240 ventre
1507 3187 1613 3240 ceti
1640 3228 1655 3242 .

2154 1982 2365 2039 cenlas,
2391 1986 2557 2028 naves
2589 1986 2811 2042 magnas
2846 1970 3062 2038 viginti,
3091 1968 3425 2040 pedestrium
3451 1978 3499 2022 et
3526 1979 3689 2036 eques-

2153 2066 2319 2119 trium
2373 2064 2713 2120 exercituum
2770 2065 2911 2118 ultra
2958 2074 3180 2117 centum
3228 2061 3442 2116 millia:
3486 2067 3537 2116 et
3562 2059 3632 2115 sic
3664 2072 3689 2111 a

2155 2155 2495 2227 Dyrrhachio
2541 2155 2918 2211 Brundusium
2977 2153 3215 2211 transire
3263 2152 3553 2219 contendit,
3590 2166 3691 2223 qua

2150 2246 2351 2301 civitas
2384 2245 2489 2301 sita
2518 2253 2606 2300 est
2637 2244 2691 2299 in
2726 2259 2897 2313 regno
2925 2243 3154 2314 Apuliae.

2221 2337 2565 2407 Quapropter
2614 2338 2900 2409 deprecor,
2932 2351 3104 2392 exoro
3136 2350 3303 2407 atque
3333 2337 3579 2392 exhortor
3610 2348 3692 2388 vos

2147 2445 2344 2485 omnes
2368 2430 2755 2491 Christicolas.
2790 2439 2851 2485 ut
2879 2430 2997 2484 zelo
3037 2428 3162 2485 lidel
3196 2440 3251 2485 et
3279 2428 3593 2486 Christianae
3620 2442 3692 2482 re-

2152 2522 2374 2593 ligionis
2427 2536 2528 2592 pro
2589 2531 2773 2577 vestra
2842 2521 3096 2577 libertate
3156 2521 3338 2592 gladio
3369 2519 3692 2591 accingamini

2147 2623 2336 2668 contra
2394 2622 2502 2668 tam
2559 2613 2712 2668 diros
2760 2613 2948 2668 hostes
2988 2612 3163 2668 divini
3212 2614 3433 2677 cultus,
3463 2621 3515 2667 et
3541 2611 3694 2666 omnis

2147 2705 2544 2771 sanctimoniae,
2588 2713 2644 2761 et
2688 2706 2814 2761 vitze
2864 2705 3140 2761 moralis:
3194 2715 3251 2762 et
3302 2707 3476 2778 primo
3503 2704 3693 2777 quidem

2146 2798 2475 2868 abjicientcs
2510 2814 2733 2854 omnem
2784 2799 3192 2855 dissensionem
3233 2808 3399 2870 atque
3432 2795 3699 2853 aemulatio.

2145 2907 2295 2954 nem,
2339 2893 2683 2947 remittentes
2723 2892 2956 2948 invicem
2989 2892 3271 2959 oﬂ'ensast,
3315 2894 3455 2949 sicut
3483 2900 3532 2947 et
3557 2888 3696 2947 Citri-

2145 2989 2265 3039 stus
2295 2982 2528 3038 donavit
2563 2984 2844 3049 omnibus,
2874 2999 3066 3054 pacem
3095 2994 3149 3040 et
3171 2988 3436 3041 unionem
3473 2997 3695 3040 summo-

2146 3088 2277 3144 pere
2321 3075 2468 3129 inter
2489 3090 2586 3130 vos
2613 3076 3026 3145 amplectamini
3057 3095 3071 3132 :
3114 3088 3172 3133 ut
3205 3081 3346 3134 uniti
3381 3089 3435 3134 et
3466 3077 3696 3132 fortiores

2154 3166 2282 3221 inde
2358 3164 2559 3231 cll‘ecti,
2620 3169 2965 3224 conﬁdentes
3015 3169 3070 3222 in
3122 3171 3402 3242 adjtttorio
3452 3165 3697 3223 Altissimi

540 3267 866 3336 Expugmu
919 3271 1400 3342 ροηεεκηιίηοροη
1450 3276 1641 3331 peram
1676 3295 1782 3336 non
1813 3282 2042 3335 multum
2072 3252 2118 3311 Β
2152 3258 2334 3327 (cujus
2383 3266 2468 3313 est
2502 3259 2738 3314 victoria
2789 3271 2844 3315 et
2912 3260 3117 3316 bellum
3141 3302 3156 3327 ,
3190 3278 3304 3319 non
3334 3260 3696 3328 multitudinis)

471 3357 600 3412 inde
632 3360 929 3416 distantem
959 3378 1302 3435 occuparunt
1335 3386 1348 3423 :
1381 3372 1582 3425 muenia
1616 3373 1737 3442 ejus
1772 3374 1839 3428 ad
1865 3376 2043 3432 solum

469 3464 644 3519 usque
677 3451 1034 3510 deducentes.
1086 3456 1163 3511 Ex
1188 3464 1474 3529 campanis
1495 3465 1859 3521 ecclesiarum
1890 3468 2048 3523 bom-

471 3545 670 3602 bardas
722 3546 1105 3604 conﬂaverunt
1135 3565 1150 3602 :
1198 3566 1444 3619 crucem,
1479 3573 1599 3625 quae
1636 3569 1755 3615 erat
1784 3559 1835 3613 in
1877 3577 2041 3615 cacu-

472 3636 619 3692 mine
643 3642 811 3695 turris
833 3641 975 3711 ejus,
1002 3658 1125 3699 cum
1151 3645 1263 3715 ipsa
1293 3650 1428 3703 turri
1453 3639 1867 3713 contriverunt:
1895 3671 2042 3711 rem-

476 3729 752 3799 publicam
783 3732 852 3788 ad
882 3734 1112 3797 nihilum
1144 3739 1515 3810 reduxerunt;
1537 3743 1783 3819 judicent
1814 3757 1868 3805 et
1898 3750 2052 3817 priu-

477 3821 681 3891 cipem‘
726 3825 850 3895 ejus
926 3827 1167 3889 Turcum
1245 3844 1647 3906 constitueptes
1696 3855 1713 3903 ;
1775 3841 2051 3915 pedagia,

477 3913 759 4007 quidagia,
809 3917 1194 3988 itnpositiones
1249 3934 1302 3978 et
1349 3929 1667 3999 gravamina
1715 3931 1829 3989 illic
1878 3913 2053 4007 appli-

479 4005 734 4061 eantibus
786 4008 869 4065 vel
914 4014 1364 4080 permanentibus
1407 4026 1609 4089 suapte
1643 4020 1921 4085 voluntate
1947 4035 2057 4081 sta~

478 4103 727 4150 luerunt.

2151 3350 2332 3420 ipsum
2375 3349 2637 3405 Satanam
2692 3368 2815 3407 cum
2854 3353 3187 3410 satellitibus
3211 3359 3332 3411 suis
3365 3357 3466 3416 sub
3492 3354 3698 3426 pedibus

2149 3443 2347 3497 vestris
2387 3452 2670 3499 conterere
2705 3444 2934 3501 valeatis
2956 3485 2971 3501 .
3014 3447 3165 3502 Licet
3194 3449 3342 3504 enim
3373 3449 3425 3504 in
3465 3448 3695 3503 multitu-

2153 3533 2281 3587 dine
2318 3533 2580 3596 conﬁdat,
2628 3546 2681 3590 et
2730 3535 2944 3591 feritate
2995 3553 3224 3599 suorum
3254 3550 3273 3604 ,‘
3319 3543 3500 3617 plures
3541 3549 3697 3594 tamen

2154 3635 2306 3692 sunt,
2342 3627 2435 3695 qui
2478 3627 2768 3683 nobiscum
2812 3639 2938 3685 sunt
2977 3649 2990 3684 :
3022 3631 3130 3687 imo
3175 3632 3441 3691 Dominus
3473 3635 3581 3705 ipse
3612 3631 3699 3686 mi-

2155 3712 2393 3769 litiarum
2420 3754 2437 3781 ,
2485 3730 2582 3785 pro
2618 3717 2777 3787 cujus
2810 3718 2917 3774 llde
2956 3729 3007 3775 et
3045 3723 3316 3792 religione
3343 3720 3696 3796 pugnatis,ita

2157 3814 2219 3862 ut
2247 3816 2467 3862 centum
2512 3824 2578 3863 cx
2628 3809 2788 3866 vobis
2842 3813 3094 3885 persequi
3134 3822 3188 3868 et
3223 3830 3487 3888 superare
3509 3815 3702 3869 valeant

2160 3897 2311 3954 mille
2338 3914 2401 3953 ex
2436 3897 2567 3965 illis,
2587 3910 2641 3956 et
2668 3901 2817 3957 inille
2847 3918 2913 3956 ex
2951 3905 3108 3963 vobis
3127 3907 3317 3967 decem
3351 3909 3539 3964 millia.
3567 3905 3702 3979 lgna-

2159 3990 2245 4044 via
2278 3991 2426 4045 enim
2456 3998 2511 4045 et
2545 3992 2818 4063 imperitia
2850 3995 2978 4050 belli
3011 3998 3091 4055 eis
3126 3998 3344 4059 innata.

2230 4080 2411 4146 rarae;
2447 4096 2589 4138 anno
2621 4083 2827 4143 Christi
2864 4072 3021 4145 ηεξ.
