4028 6474
309 413 321 425 ’
385 437 499 501 οῖιο
1345 433 1668 494 JOSEPIII
1703 431 2261 494 METHONENSIS
2286 428 2636 491 EPISCOPI
3553 415 3668 470 om

393 549 580 599 Romae
622 543 781 609 1577,
821 551 877 598 et
896 541 1078 613 lingua
1100 539 1198 597 Gr.
1227 539 1433 612 vulgari
1453 557 1580 596 cum
1599 542 1851 598 versione
1876 541 1994 598 Lat.
2057 540 2242 596 Romae
2306 540 2465 606 I628,
2498 541 2552 606 ι,
2622 546 2813 593 censet
2863 536 3043 594 Oudin
3077 531 3156 606 (l)
3198 531 3272 586 lle
3302 531 3670 601 Apologetiro

388 637 538 690 edito
591 635 958 691 ronieremlus
998 633 1231 690 Allatius
1251 633 1446 690 Exerr.
1498 635 1586 689 ΙΧ.
1633 652 1824 691 εοητα
1867 637 2294 708 Creyghtonum.
2349 636 2766 690 Antirrhcticum
2814 635 3103 688 secundum
3169 644 3357 690 contra
3413 633 3671 685 Marcum

392 730 706 798 Ephesinum
735 729 1013 787 citat-Nic.
1046 728 1384 800 Comneuus,
1417 747 1470 801 p.
1494 731 1624 795 292,
1658 731 1762 787 506
1785 743 1838 786 et
1862 732 1983 800 597,

1000 769 1013 785 .
1046 728 1384 800 Comneuus,
1417 747 1470 801 p.
1494 731 1624 795 292,
1658 731 1762 787 506
1785 743 1838 786 et
1862 732 1988 800 597,
2017 731 2257 787 Ρῑιεηοι.
2285 741 2591 802 mystagog.

464 851 541 924 (Ι)
570 849 639 906 Et
666 852 891 910 merito.
926 851 1063 909 Vide
1093 851 1363 908 Monitum
1398 861 1652 910 nostrum
1680 855 1962 925 Apologia:
1996 856 2303 925 prmﬁxum,
2345 853 2508 909 infra.
2543 853 2702 907 Eoi-r.

988 1171 1505 1306 ΙΩΑΝΝ
1512 1175 1749 1309 ΟΥ
1852 1071 3050 1311 ΠΡΩΤΟΙΕΡΕΩΣ

1668 1399 1809 1465 ΤΟΥ
1833 1409 2382 1468 ΠΛΟΥΣΙΔΔΗΝΟΥ

741 1570 986 1638 Διὰλεξις
1015 1570 1285 1642 γενομένη
1319 1569 1526 1642 μεταξὺ
1560 1565 1843 1633 Εὐλαόοὕς
1863 1583 2037 1634 τινος,
2069 1567 2167 1624 καὶ
2202 1565 2481 1634 Τελώνου,
2518 1565 2880 1624 Ῥακενδύτου
2919 1574 3005 1634 τι,
3041 1566 3138 1622 καὶ
3181 1567 3302 1632 ἑνὸς

457 1685 570 1739 τῶν
592 1682 818 1739 δώδεκα
847 1680 1125 1736 ἑνωτικῶν
1183 1679 1398 1752 ἱερέων,
1432 1680 1718 1752 παρόντων
1758 1679 1856 1734 καὶ
1897 1679 2107 1750 ἑτέρων
2133 1679 2305 1764 τριῷν
2352 1680 2560 1748 ἐκεῖσε,
2591 1677 2898 1749 ’Δκροατοῦ
2944 1678 3214 1751 δηλονότι,
3265 1681 3595 1750 Μάρτυροξ,

1691 1809 1703 1816 ’
1760 1800 1855 1856 καὶ
1873 1800 2278 1871 Δικαιοκρίτου.

883 1955 1069 2010 ΠΕΡΙ
1109 1955 1249 2009 ΤΗΣ
1270 1953 1628 2012 ΔΙΑΦΟΡΑΣ
1668 1956 1808 2010 ΤΗΣ
1829 1955 2063 2009 ΟΥΣΗΣ
2087 1955 2348 2011 ΜΕΣΟΝ
2367 1955 2675 2011 ΓΡΑΙΚΩΝ
2703 1957 2826 2012 ΚΑΙ
2845 1958 2942 2010 ΛΔ
2953 1955 3177 2012 ΤΙΝΩΝ

565 2113 680 2169 ET!
709 2115 796 2169 TE
829 2115 947 2171 ΚΑΙ
976 2117 1132 2172 ΠΕΡΙ
1164 2114 1300 2168 ΤΗΣ
1344 2113 1542 2169 ΙΕΡΑΣ
1573 2114 1690 2168 ΚΑΙ
1720 2113 1922 2167 ΑΓΙΔΣ
1951 2111 2274 2167 ΣΥΝΟΔΟΥ
2307 2112 2446 2166 ΤΗΣ
2477 2112 2570 2166 ΕΝ
2594 2111 2997 2186 ΦΛΩΡΕΝΤΙᾼ
3031 2111 3486 2168 ΓΕΝΟΜΕΝΗΣ.

657 2454 1479 2611 JOANNIS
1566 2453 3385 2614 ARCHIPRESBYTERI

1789 2726 2275 2792 PLUSIADENI

870 2881 1257 2962 Disceptatio
1305 2881 1477 2960 inter
1506 2883 1690 2944 Pium
1741 2897 2110 2960 quemdam,
2160 2880 2606 2954 Publicanum,
2659 2878 3175 2958 Rhacendytam,

511 3011 570 3067 et
616 3020 818 3068 unum
860 3021 936 3069 ex
989 3006 1334 3069 duodecim
1378 3007 1825 3070 sacerdotibus
1868 3007 1983 3088 qui
2027 3008 2340 3071 unionem
2399 3007 2680 3088 amplexi
2747 3006 3031 3082 fuerant,
3104 3000 3536 3078 prmsenlibus

1050 3134 1112 3192 et
1141 3127 1287 3189 aliis
1327 3127 1554 3198 tribus,
1582 3128 1898 3191 Auditore
1932 3128 2258 3204 videlicet,
2290 3131 2478 3194 Teste
2512 3136 2574 3190 et
2610 3127 2986 3193 Dicaeocrita

951 3295 1064 3354 DE
1116 3279 1730 3357 DIFFERENTIIS
1778 3293 2050 3358 INTER
2096 3288 2444 3356 GRAECOS
2497 3294 2619 3354 ET
2687 3293 3090 3371 LATINOS,

1107 3462 1211 3523 ET
1247 3462 1352 3522 DE
1395 3461 1956 3525 SACROSANCTA
1994 3460 2323 3526 SYNODO
2369 3461 2916 3527 FLORENTINA.

1372 3629 1450 3691 (L.
1474 3627 1654 3681 Allatio
1682 3631 1960 3692 interprete
1986 3631 2037 3679 in
2065 3631 2220 3681 Graec.
2257 3629 2452 3682 orthod.
2481 3635 2520 3680 t.
2542 3631 2606 3692 Ι.)

1970 3782 2044 3796 .-

894 3913 1466 3976 ΡΒΑΕΜΕυῙΤΑΤΙΟ.
1999 3919 2043 3976 Β
2194 3935 2198 3938 ’
2647 3915 3051 3973 ΠΡΟΘΕΩΡΙΑ.

463 4013 555 4070 Dei
585 4014 752 4069 timor
790 4012 845 4066 in
881 4012 1081 4066 animis
1110 4011 1355 4065 omnium
1408 4007 1690 4064 hominum
1743 4006 1966 4071 insidet,

2154 4008 2220 4062 Ὀ
2271 4007 2368 4062 τοῦ
2419 4009 2556 4073 Θεοῦ
2609 4009 2776 4075 φόϐος
2841 4009 3097 4079 ἔγκειται
3129 4010 3278 4084 πάσῃ
3336 4013 3657 4086 ἀνθρωπίνῃ

391 4106 664 4172 iidemque
702 4101 1065 4157 orthodoxam
1101 4110 1292 4169 aperto
1345 4099 1544 4168 capite,
1578 4108 1631 4153 et
1671 4099 1870 4164 libere,
1904 4096 1972 4150 li~

2072 4099 2242 4172 ψυχῇ,
2275 4102 2370 4154 καὶ
2406 4102 2505 4172 τὴν
2552 4101 2836 4172 ὀρθὸδοξον
2864 4102 3048 4156 πίστιν
3089 4106 3273 4176 γυμνῇ
3324 4109 3390 4176 τῇ
3447 4107 3657 4178 κεφαλῇ

306 4237 314 4248 .
397 4205 702 4264 εμιιιειηυε
767 4191 1107 4264 pronuntiat.
1171 4190 1517 4260 QuaprOpter
1586 4205 1695 4243 non
1758 4196 1896 4242 tanti

2077 4193 2169 4245 καὶ
2198 4192 2484 4262 παρρησίᾳ
2520 4193 2802 4262 κηρύττει.
2855 4193 2946 4246 Διὸ
2968 4194 3028 4246 οὐ
3071 4196 3231 4264 μόνον
3271 4196 3321 4248 οί
3365 4196 3460 4250 τοῦ
3500 4197 3661 4265 λόγου

391 4287 720 4359 eloquentia
788 4282 1029 4348 alumni,
1085 4294 1138 4337 ct
1226 4283 1320 4353 qui
1365 4281 1672 4352 disciplinis
1753 4294 1972 4350 operam

2075 4287 2362 4356 τρόφιμοι,
2386 4286 2482 4338 καὶ
2501 4286 2550 4337 οί
2584 4303 2647 4338 πε
2659 4287 2712 4356 pi
2739 4287 2928 4340 τοῦτον
2956 4288 3372 4352 σπουδάζοντες,
3410 4288 3548 4342 ἀλλὰ
3568 4290 3661 4341 καὶ

395 4388 618 4444 navant,
653 4380 749 4434 sed
795 4377 1033 4448 imperiti
1061 4377 1252 4438 etiam,
1289 4381 1345 4431 et
1385 4389 1568 4429 rerum
1601 4373 1845 4428 omnium
1875 4386 1973 4425 ru-

2079 4377 2308 4441 ἰδιῶται,
2361 4378 2456 4431 καὶ
2507 4378 2709 4442 πάντες
2781 4379 2925 4450 λόγῳ
3022 4382 3115 4433 καὶ
3164 4381 3311 4450 ἔργῳ
3370 4381 3665 4452 κηρύττειν

394 4475 515 4536 ιιι-ε,
547 4480 602 4527 et
622 4470 793 4526 verbo
820 4477 874 4526 ct
896 4483 1062 4540 opere
1086 4467 1413 4540 pratdicare,
1444 4475 1612 4534 atque
1640 4477 1760 4518 eam
1789 4461 1975 4518 defen-

2077 4467 2408 4539 ὀφείλουσιν,
2441 4469 2841 4540 ὑπερασπίζειν
2895 4489 2955 4524 τε
3035 4474 3134 4526 καὶ
3177 4474 3375 4544 μέχρις
3424 4473 3663 4543 αἵματος

391 4567 522 4620 dere
578 4565 797 4629 debent,
859 4573 916 4619 et
951 4577 1051 4632 pro
1115 4577 1179 4616 ea
1233 4561 1299 4615 ad
1356 4558 1735 4629 profusionem
1801 4570 1974 4625 usque

2079 4560 2219 4630 ὕπὲρ
2251 4559 2354 4630 τῆς
2384 4559 2622 4624 πίστεως
2653 4561 3042 4629 ἀγωνίζεσθαι,
3069 4564 3136 4617 ἂν
3171 4564 3334 4635 μόνον
3356 4564 3454 4633 τὴν
3499 4564 3668 4633 οὖρά-

393 4653 677 4716 sanguiuis
713 4652 767 4707 in
800 4659 1075 4707 certamen
1111 4659 1282 4721 atque
1335 4648 1637 4704 discrimen
1679 4645 1973 4709 devenire;

2079 4669 2190 4706 νιον
2206 4651 2486 4722 βασιλείαν
2503 4653 2611 4706 τῶν
2625 4654 2880 4722 ἐπιγείων
2906 4657 3266 4726 προκρίνωσι,
3283 4657 3455 4712 καὶτὰ
3469 4657 3666 4710 αἰώνια

394 4742 442 4796 si
478 4744 642 4799 modo
681 4744 907 4800 caeleste
940 4758 1165 4813 regnum
1212 4739 1447 4798 terrenis
1484 4741 1654 4806 hisce,
1682 4751 1738 4794 et
1771 4746 1979 4806 tempo-

2079 4743 2190 4795 τῶν
2235 4743 2610 4813 προσκαίρων,
2659 4744 2752 4796 καὶ
2800 4745 2870 4796 τὰ
2925 4745 3140 4815 φθαρτὰ
3196 4745 3304 4798 τῶν
3341 4747 3664 4814 ἀφθάρτων.

391 4835 600 4892 ralibus
654 4844 883 4901 aeterna,
932 4843 988 4889 et
1034 4833 1488 4902 corruptibilibus
1544 4829 1977 4901 incorruptibilia

2083 4831 2297 4900 Ὥσπερ
2328 4830 2422 4884 καὶ
2451 4831 2546 4884 νῦν
2583 4829 2781 4899 Emittit;
2813 4831 3087 4903 ἀνθρώπῳ
3115 4833 3222 4886 τινὶ
3286 4833 3492 4906 ἰδιώτῃ.
3523 4834 3667 4904 πλὴν

398 4936 744 4998 praeponunt.
790 4925 1260 4994 Quemadmodum
1309 4927 1413 4981 hoc
1473 4932 1718 4993 tempore
1783 4921 1982 4977 accidit

2083 4922 2322 4986 εὐλαϐεϊ,
2351 4921 2704 4994 διαλεχθῆναι
2737 4925 2876 4988 μετά
2906 4941 3052 4988 τινος
3081 4925 3342 4992 τελώνου,
3398 4927 3666 4981 τάναντία

398 5019 621 5075 indocto
670 5019 911 5086 cuidam,
945 5019 1056 5088 fpio
1103 5025 1309 5084 tamen,
1359 5031 1482 5071 cum
1516 5015 1839 5080 Publicano,
1893 5014 1980 5067 cui

2085 5014 2181 5083 τῆς
2215 5013 2434 5067 συνόδου
2494 5013 2843 5085 φρονοῦντος.
2899 5013 3162 5080 Εἰπόντες
3195 5015 3311 5088 γὰρ
3361 5018 3667 5089 ἀμφότεροι

396 5128 502 5169 non
535 5127 702 5167 unum
744 5110 887 5167 idem
910 5117 966 5167 et
999 5109 1214 5180 synodo
1255 5108 1639 5172 conveniebat,
1684 5108 1738 5162 in
1774 5118 1986 5163 sermo-

2090 5105 2310 5171 ίκανῶς,
2339 5107 2434 5159 καὶ
2471 5105 2596 5159 κατ’
2630 5106 2812 5176 ὀλίγον
2839 5107 3200 5179 ὑψηλοτέροις
3227 5111 3498 5180 νοήμασιν
3529 5114 3665 5168 ἀνα-

306 5195 326 5211 “
392 5221 515 5259 nem
569 5203 781 5260 venire.
828 5201 1074 5271 Namque
1120 5217 1244 5256 cum
1298 5201 1460 5256 ambo
1507 5199 1642 5256 satis
1695 5211 1897 5254 commc

2089 5198 2332 5268 γόμενοι,
2393 5199 2421 5252 ὁ
2471 5198 2657 5268 μέντοι
2712 5199 2946 5270 τελώνης
3006 5200 3304 5273 ὲπαπορῶν
3333 5203 3664 5276 ῥακενδύτην

388 5296 800 5361 disseruissent,
849 5301 906 5350 et
935 5259 1196 5363 paulatim
1242 5292 1308 5347 ad
1367 5292 1714 5348 sublimiores
1763 5301 1979 5348 senten-

2092 5259 2211 5343 τινὰ
2273 5259 2716 5360 προσεθιαλέσατο
2771 5259 3134 5363 συμμαχῆσαι
3185 5259 3357 5365 σῡτῷζ
3399 5295 3457 5348 '0
3513 5296 3569 5348 δέ
3601 5259 3662 5365 γε

389 5387 492 5442 tias
555 5389 1034 5456 preveherentur,
1105 5385 1447 5443 Publicanus
1478 5385 1755 5450 dubitans,
1818 5387 1980 5440 haesi-

2089 5381 2340 5451 Εὐλαόὴς
2379 5381 2595 5436 ἀκούων
2633 5399 2693 5435 τε
2733 5383 2831 5436 καὶ
2885 5384 3346 5455 ἀπολογούμενος,
3396 5388 3493 5440 καὶ
3542 5387 3663 5440 κατ’

389 5487 620 5546 tuisque
665 5479 1073 5551 llbaceudytam
1113 5479 1353 5544 accivit,
1410 5478 1502 5550 qui
1561 5478 1713 5532 daret
1758 5491 1978 5545 operam

2087 5475 2267 5542 ὀλίγον
2293 5476 2514 5552 ἀπορῶν
2538 5477 2651 5538 τοῖς
2701 5475 2886 5544 λόγοις
2922 5477 3114 5542 αὑτοῦ,
3171 5477 3272 5532 ἕνα
3316 5480 3382 5533 ἑκ
3427 5479 3538 5532 τῶν
3569 5478 3661 5532 δώ-

389 5571 762 5638 ailjutabilem.
820 5573 1202 5629 Verumtamen
1256 5571 1386 5627 Pius
1449 5571 1681 5627 audiens
1749 5585 1980 5640 respon-

2087 5566 2218 5618 δεκα
2256 5565 2533 5619 ἐνωτικῶν
2589 5566 3035 5635 προσεκαλέσατο
3099 5566 3297 5639 Ἰερέα,
3354 5569 3448 5621 καὶ
3494 5567 3660 5628 οὕτως

391 5667 661 5730 deusque,
720 5671 773 5716 ct
828 5663 1381 5718 sermocinationibus
1444 5659 1594 5716 illius
1647 5661 1978 5731 pedetentim

2085 5660 2133 5712 οί
2209 5659 2306 5712 δύο
2403 5661 2690 5730 παρόντων
2759 5662 2851 5715 καὶ
2935 5663 3140 5731 ἐτέρων
3218 5663 3386 5732 τριῶν
3448 5661 3658 5730 προσώ-

390 5753 676 5820 ambigens
731 5770 795 5808 ex
847 5755 1137 5811 duodecim
1187 5755 1374 5809 unioni
1422 5753 1652 5807 addictis
1714 5752 1976 5807 sacerdo-

2087 5769 2206 5805 πων
2306 5749 2702 5821 διαλεχθέντες,
2775 5752 3150 5824 συνεπέραναν
3219 5754 3312 5808 τὸν
3387 5754 3653 5820 διάλογον.

395 5855 501 5896 tvm
553 5842 822 5913 advocat,
867 5855 922 5899 ct
985 5848 1087 5901 hoc
1139 5847 1299 5901 modo
1354 5847 1515 5900 ambo
1558 5842 1917 5916 praesentibus
1969 5845 2090 5902 aliis
2145 5846 2323 5902 tribus
2361 5845 2780 5914 disputationem
2843 5848 3159 5918 prosecuti,
3227 5848 3441 5916 dialogo
3493 5845 3651 5902 linem

395 5942 665 6000 iecerunt.
