4028 6418
338 365 442 431 961
1260 360 1764 442 DlSCEPTATlO
1793 360 1944 421 PRO
1980 356 2196 420 CONC.
2234 356 2608 420 FLORENT.
3493 355 3606 418 96!

341 479 517 536 Εἰσὶν
556 471 669 534 οὖν
707 476 781 531 τὰ
828 478 1121 559 πρόσωπα
1159 476 1268 545 τῆς
1306 477 1636 543 διαλέξεως
1699 475 1924 543 ταύτης
1949 510 1997 566 Α

2365 474 2613 528 Persona:
2642 471 2802 544 hujus
2830 470 3258 528 Dissertatiouis.

1013 563 1222 602 ταυτα.

2094 653 2248 718 Pius,
2278 652 2500 707 Manus!
2524 649 2788 723 Mongus.|

2097 744 2471 817 Rhacendyta,
2501 744 2780 815 Bulgares.

2095 835 2450 900 Publicauus,
2476 835 2715 890 Joannes
2742 835 3117 892 Damasanus.

2099 928 2445 994 Dicaeocrita,
2480 928 2738 984 Antonius
2777 928 3072 1000 Sagredus.

2095 1019 2433 1086 Catholicus,
2465 1021 2698 1076 Joannes
2730 1021 2980 1078 sacerdos
3015 1021 3393 1081 Plusiadenus.

2095 1111 2348 1180 Auditor,
2385 1113 2640 1184 Georgius
2676 1113 2979 1172 Phalierus.

2099 1205 2298 1273 TeStis,
2331 1204 2567 1262 Joannes
2599 1207 2924 1264 Tzurduues.

412 662 706 731 Μανουὴλ
732 661 764 716 ὃ
797 663 1099 731 Μουγγὸς,
1125 661 1399 732 [εὐλαϐής.

423 755 480 807 '0
508 752 884 822 Βουλγάρης,
924 753 1316 823 Ῥακενδύτης.

425 843 709 910 Ἰωάννης·
738 844 773 897 ὁ
800 843 1207 911 Δαμασαίνης,
1237 841 1512 914 Τελὼνης.

425 933 742 998 Ἀντώνιος
776 936 808 988 ὀ
837 934 1158 1002 Σατρέὂος,
1196 935 1605 1007 Δικαιοκρίτης.

425 1025 714 1093 Ἰωάννης
741 1024 933 1094 Ιερεὺς
968 1029 1000 1078 ό
1045 1027 1539 1096 Πλουσιαδηνός,
1594 1026 1921 1089 Καθολικός.

415 1117 710 1189 Ιέώργιος
741 1120 774 1172 ό
797 1117 1116 1186 Φαλίερος,
1165 1118 1496 1189 ⁹Δκροατής.

415 1206 704 1277 Ἰωάννης
730 1210 764 1261 ὁ
801 1204 1228 1276 Τζουρδούνης,
1256 1207 1508 1278 Μάρτυς.

808 1300 1092 1371 solum
1113 1301 1468 1373 προλογίζει.

429 1394 516 1447 Ἐν
575 1396 674 1465 μιᾷ
723 1392 831 1446 τῶν
872 1391 1119 1463 ἡμερῶν,
1172 1393 1481 1465 καθήμενος
1524 1395 1688 1458 αὐτὸς
1748 1401 1807 1448 ἐν
1846 1393 1928 1464 τῷ

2102 1389 2199 1445 His
2231 1390 2428 1447 diebus
2474 1391 2673 1449 sedens
2710 1394 2828 1463 ipse
2863 1393 2918 1448 in
2947 1393 3168 1450 olilcina
3206 1395 3356 1452 circa
3399 1411 3602 1452 secun-

349 1482 607 1554 ἐμπορίῳ
629 1471 758 1552 napi.
798 1481 950 1551 ὥραν
1008 1481 1140 1552 μίαν
1195 1483 1288 1534 καὶ
1315 1483 1487 1554 ἥμισυ
1548 1485 1649 1555 τῆς
1691 1485 1925 1556 ἡμέρας,

2058 1482 2158 1536 lam
2208 1490 2262 1538 et
2308 1482 2590 1538 dimidiam
2635 1485 2743 1538 diei
2777 1485 2992 1551 horam,
3020 1485 3374 1555 magistratus
3404 1503 3612 1557 praeco.

349 1571 534 1625 ἀκούω
562 1572 655 1625 τοῦ
691 1571 931 1644 κήρυκος
985 1577 1084 1644 τῆς
1135 1574 1385 1641 ἐξουσίας
1419 1575 1656 1644 βοῶντος
1715 1575 1928 1646 μεγάλῃ

2058 1587 2154 1627 nem
2209 1573 2476 1629 columna:
2536 1573 2785 1631 ecclesiae
2837 1573 3028 1630 Sancti
3081 1575 3286 1642 Marci,
3343 1587 3611 1634 consuetu

353 1669 534 1737 φωνῇ,
568 1667 699 1736 περὶ
727 1667 818 1720 τὸν
849 1666 1008 1720 κίονα
1057 1668 1294 1731 ἑστῶτος
1347 1669 1448 1738 τῆς
1503 1668 1801 1737 ἐκκλησίας
1831 1667 1928 1721 τοῦ

2058 1664 2240 1720 .cilicet
2293 1679 2607 1734 praeconum
2663 1666 2806 1730 loco,
2859 1666 3243 1732 inhaerentem,
3297 1677 3352 1723 et
3412 1683 3608 1740 magna

369 1759 558 1827 ’Δγίου
596 1757 852 1828 Μάρκου,
885 1760 945 1812 ἐν
980 1758 1056 1829 τῷ
1081 1759 1300 1830 συνήθει
1339 1759 1543 1830 δηλαδὴ
1567 1761 1660 1812 καὶ
1687 1758 1932 1828 εἰθισμέ-

2058 1768 2168 1809 νοοο
2217 1754 2602 1810 iuclamantem
2660 1757 2848 1823 audio,
2890 1758 3152 1828 videoque
3199 1741 3614 1816 multitudinem

351 1868 430 1922 νῳ
461 1850 630 1921 τόπῳ,
659 1851 754 1904 καὶ
776 1849 984 1920 πλῆθος
1004 1851 1138 1904 λαοῦ
1171 1852 1525 1923 προσδραμδν
1547 1853 1760 1922 ἤκουε.
1789 1851 1932 1922 Ἐγὼ

2058 1861 2232 1917 nagna
2292 1846 2604 1918 frequentia
2663 1849 3082 1906 circumfusam.
3135 1849 3251 1922 Ego
3319 1852 3614 1923 strepitum

350 1945 409 1996 δὲ
448 1943 618 2013 μόνην
649 1942 834 2013 φωνὴν
856 1941 1093 2009 ἀκούων,
1153 1945 1392 2013 ἱστάμην
1427 1944 1662 2014 βλέπων.
1707 1943 1935 2014 ID.qu-

2062 1949 2251 1994 antum
2279 1940 2536 2006 audiens,
2568 1947 2831 2012 stansque
2857 1943 3410 2006 circumspectabam.
3439 1945 3620 2001 Aliso.

352 2033 543 2103 θείσης
599 2029 693 2086 οὖν
721 2033 824 2100 τῆς
867 2032 1174 2103 κηρύξεως,
1229 2028 1362 2102 ἦλθέ
1403 2050 1489 2097 τις
1535 2033 1674 2104 πρὸς
1729 2033 1933 2102 τούμὸν

2060 2040 2152 2087 nto
2181 2031 2400 2099 edicto,
2444 2035 2679 2090 accessit
2731 2033 2954 2104 quidam
2984 2035 3038 2090 in
3089 2035 3364 2093 oﬂicinam
3411 2053 3614 2100 meam,

351 2127 648 2195 ἐμπόριον,
682 2127 740 2177 ἐν
766 2119 811 2193 ᾧ
862 2125 1044 2178 είώθει
1077 2126 1282 2190 ἐκεῖνος
1335 2125 1624 2198 καθῆσθαι,
1674 2129 1770 2182 καὶ
1796 2126 1935 2196 λαμ-

2058 2137 2090 2175 η
2117 2136 2223 2191 qua
2249 2122 2386 2178 alias
2419 2123 2512 2178 ille
2536 2124 2761 2188 morari,
2795 2140 2861 2182 ac
2881 2126 3165 2195 vectigalia
3199 2127 3418 2197 exigere
3441 2127 3618 2198 (nam-

2597 1301 2732 1356 Ps'us
2759 1303 3042 1372 praefatur.

353 2218 540 2272 6ivesv
569 2217 638 2273 τὰ
664 2218 822 2288 τέλη,
898 2216 1137 2288 τελώνης
1194 2218 1299 2288 γὰρ
1356 2214 1448 2289 ἦν,
1484 2219 1544 2272 δν
1599 2220 1836 2290 ὴρῦμην,
1868 2219 1934 2273 Τί

355 2310 607 2380 βούλεται
659 2311 693 2381 ἡ
757 2309 917 2380 καινὴ
973 2308 1113 2380 αὕτη
1185 2311 1440 2380 κήρυξις,
1502 2311 1585 2364 ὅτι
1653 2314 1750 2367 καὶ
1793 2312 1934 2382 πλῆο

353 2402 448 2464 θος
477 2400 680 2472 ἕστηκε
715 2400 807 2453 τοῦ
863 2399 996 2453 λαοῦ
1025 2402 1129 2452 οὐκ
1153 2399 1334 2468 ὀλίγον
1380 2397 1576 2453 ἀκοῦον
1607 2416 1623 2466 ;
1659 2398 1783 2451 είπέ
1815 2415 1931 2468 μοι.

432 2490 728 2558 Τελὼνης.
768 2492 831 2546 Οί
858 2491 1067 2546 δώδεκα
1095 2491 1264 2562 ἱερεῖς
1308 2493 1358 2544 οἱ
1401 2491 1498 2560 τὴν
1521 2491 1684 2560 νῆσον
1717 2491 1812 2544 καὶ
1837 2491 1936 2562 τὴν

356 2585 512 2640 πόλιν
548 2587 732 2639 πᾶσαν
756 2585 1101 2656 συγχέοντες,
1135 2583 1426 2639 καὶταῦτα
1451 2585 1721 2639 ποιοῦσιν.

425 2763 578 2820 Εὐλ.
609 2761 675 2817 Τί
695 2763 798 2829 δή;

479 2765 504 2792 ’“
563 2805 578 2820 .
609 2764 725 2817 Τίδ
781 2778 798 2829 ;

602 2764 766 2909 Δίοτέ
838 2853 1441 2926 Λατινοφρονήσαντες,
1503 2853 1780 2924 βιάζονται
1841 2869 1936 2907 και

356 2950 482 3013 τοῦς
514 2948 711 3011 ἄλλους
767 2948 996 3018 ποιῆσαι
1039 2948 1108 3000 τὰ
1168 2947 1278 3000 τῶν
1329 2946 1580 3002 Λατίνων
1635 2946 1933 3017 φρονῆσαι.

430 3135 581 3190 Εὐλ.
613 3132 784 3186 Τοῦτο
817 3131 869 3184 τί
892 3133 1048 3197 ἐστι;
1079 3130 1292 3200 Φράσον
1344 3147 1436 3199 μοι
1462 3130 1652 3201 τάχος.

2035 2227 2140 2282 que
2187 2221 2309 2267 erat
2355 2211 2717 2284 Publicauus)
2755 2225 3028 2272 sueverat.
3066 2215 3145 2271 Ex
3203 2232 3271 2273 eo
3324 2217 3616 2274 sciscitor:

2035 2301 2246 2358 Novum
2297 2302 2432 2359 illud
2484 2303 2771 2372 edictum,
2822 2306 2953 2377 quid
2984 2307 3136 2372 velit,
3199 2321 3325 2363 cum
3363 2307 3620 2378 frequens

2038 2395 2328 2451 multitudo
2360 2396 2428 2450 ad
2457 2397 2790 2452 audiendum
2827 2398 3160 2466 accurrerit,
3199 2399 3367 2455 dicito
3396 2401 3554 2455 mibi.

2110 2484 2456 2540 Publicanus.
2489 2485 2789 2542 Duodecim
2829 2489 3147 2544 sacerdotes
3173 2527 3190 2554 ,
3227 2490 3320 2558 qui
3357 2489 3618 2557 insulam,

2037 2589 2092 2634 et
2120 2578 2311 2634 urbem
2349 2581 2663 2636 universam
2721 2594 2930 2664 susque
2974 2580 3152 2652 deque
3181 2580 3443 2648 habuere,
3473 2581 3624 2640 illius

2036 2684 2203 2724 causa
2234 2681 2384 2725 sunt.

2110 2760 2262 2816 Pius.
2302 2761 2632 2827 Quomodo?
2749 2751 2754 2756 ’

2108 2851 2266 2907 Publ.
2301 2853 2378 2908 Illi
2421 2869 2547 2908 cum
2595 2852 2922 2911 Latinorum
2967 2855 3213 2926 dogmati
3267 2857 3624 2925 adhaeserint,

2039 2952 2242 3016 cogunt
2271 2947 2529 3017 reliquos,
2563 2955 2622 3002 ut
2654 2961 2761 3003 uno
2785 2961 3063 3004 consensu
3095 2962 3221 3004 cum
3257 2947 3467 3004 Latinis
3493 2949 3624 3019 jun-

2037 3047 2256 3108 gantur.

2113 3129 2268 3183 Pius.
2311 3128 2454 3195 Quid
2489 3129 2542 3185 id
2577 3130 2697 3186 est?
2724 3129 2989 3200 Expedita
3023 3144 3185 3200 quam
3215 3129 3496 3186 ocissime.

441 3181 580 3279 ,ν
1243 3181 1255 3184 ἡ
1449 3181 1710 3290 ροιλίῖατέ
1721 3235 1812 3291 ρες
1841 3219 1937 3274 καὶ

2115 3221 2274 3278 Publ.
2321 3221 2525 3278 ﬂorum
2578 3181 2909 3288 noxamfae
2956 3181 3259 3293 perniciem
3294 3224 3466 3280 nostri
3524 3239 3626 3295 pa-

361 3317 677 3373 διδάσκαλοι
707 3315 1087 3383 ἐννοήσαντες,
1119 3311 1366 3376 ἐδίδαξαν
1406 3311 1502 3364 τοῦ
1530 3310 1774 3382 Χριστοῦ
1805 3311 1942 3382 πρό-

363 3414 526 3476 θατα,
589 3410 666 3481 μὴ
703 3408 1097 3478 συγκοινωνεϊν
1141 3407 1347 3475 αὐτοῖς,
1399 3406 1536 3477 μηδέ
1588 3408 1668 3470 si;
1723 3408 1820 3470 τὰς
1852 3408 1944 3460 ἐκ·

364 3503 591 3574 κλησίας
621 3501 803 3557 αὐτῶν
849 3500 1218 3572 είσέρχεσθαι,
1277 3499 1414 3568 μηδὲ
1466 3497 1708 3569 χρῆσθαι
1756 3498 1942 3560 αὐτοῖς

361 3597 422 3652 τὸ
451 3595 712 3662 παράπαν
735 3592 1062 3664 ὡςίεριῦσι.
1097 3591 1160 3646 Οἳ
1215 3591 1485 3663 μαθόντες
1529 3592 1794 3643 κατεῖπον
1847 3590 1942 3642 all--

362 3689 474 3741 τῶν
501 3689 558 3739 ἐν
587 3689 652 3756 τῇ
687 3684 926 3754 ἐξουσίᾳ.
971 3683 1035 3736 Ἦ
1066 3682 1111 3736 δ’
1139 3681 1358 3747 ἐξουσία
1395 3679 1492 3733 νῦν
1515 3680 1813 3750 διωρίσατο
1842 3679 1942 3731 αὕη

364 3783 478 3842 τοῖς
511 3779 601 3833 διὰ
638 3778 732 3831 τοῦ
761 3779 1008 3858 κῄρυκος
1031 3773 1137 3840 ἕως
1168 3772 1393 3844 ἡμερῶν
1420 3771 1566 3826 ὀκτὼ
1593 3769 1942 3842 ἐμφανισθῆ-
1991 3772 2002 3777 ”

365 3888 458 3924 ναι
485 3873 552 3940 τῇ
578 3868 820 3938 ἐξουσίᾳο
851 3869 899 3921 εἱ
934 3867 991 3920 δέ
1029 3864 1127 3938 μὴ,
1159 3863 1282 3918 κατ’
1312 3862 1496 3918 αὐτῶν
1517 3858 1847 3930 ἀποφήναιτ’
1878 3859 1945 3914 ἂν

367 3968 400 4034 ὴ
442 3960 684 4025 ἐξουσία.

438 4053 586 4108 seu.
622 4048 779 4113 Τίνες
816 4049 958 4103 εἰσὶν
984 4047 1169 4115 οὖτοι;

442 4143 581 4200 Tal.
643 4141 1026 4212 Μακρογένης,
1084 4137 1492 4210 ’Δσπρογένης,
1563 4137 1658 4190 καὶ
1711 4134 1945 4200 Masta-

370 4236 474 4308 μού
479 4236 632 4308 ρδης.

434 4333 587 4386 Εὑλ.
660 4327 997 4397 Ἐϐουλόμην
1058 4324 1256 4395 μαθεῖν
1333 4324 1389 4377 τί
1439 4322 1588 4377 οὗτοι
1643 4323 1947 4388 ἐδίδασκον,

367 4423 491 4478 ὄθεν
516 4422 550 4492 ἡ
573 4420 792 4486 ἐξουσία
811 4416 934 4472 κατ’
963 4417 1148 4472 αὐτῶν
1175 4417 1454 4488 ἀγορεύει.

447 4605 580 4657 Tel.
651 4601 962 4655 Ἐδίδασκον
1017 4598 1323 4668 ἀπέχεσθαι
1375 4596 1487 4649 τῶν
1529 4595 1954 4667 Λατινοφρόνων

2043 3323 2228 3368 rentes
2261 3324 2316 3368 et
2355 3314 2605 3384 magistri
2650 3314 3200 3384 comprehendentes,
3239 3315 3448 3372 Christi
3495 3331 3626 3371 oves

2045 3399 2420 3466 edocuerunt,
2454 3417 2521 3455 ne
2553 3416 2660 3456 una
2686 3417 2810 3458 cum
2849 3402 2932 3458 eis
2965 3404 3173 3470 vivant,
3201 3420 3384 3475 neque
3431 3406 3487 3461 in
3530 3421 3622 3462 ec-

2043 3493 2242 3547 clesias
2273 3508 2464 3547 eorum
2499 3494 2803 3562 introeant,
2824 3509 3001 3567 neque
3027 3497 3139 3553 illis
3163 3499 3334 3555 veluti
3368 3501 3630 3556 sacerdo-

2045 3585 2190 3640 tibus
2225 3592 2472 3639 utantur.
2509 3583 2606 3640 Rei
2641 3586 2822 3652 gnari,
2847 3587 2900 3640 in
2925 3587 3018 3657 jus
3049 3602 3145 3643 eos
3166 3589 3312 3659 apud
3337 3591 3628 3661 magistra-

2044 3688 2158 3732 tum
2190 3686 2478 3732 vocarunt.
2505 3677 2859 3748 Magistratus
2887 3669 3035 3734 nunc
3059 3679 3168 3736 illis
3192 3696 3294 3752 per
3313 3697 3622 3754 praeconem

2045 3771 2259 3826 dierum
2307 3781 2431 3826 octo
2482 3771 2775 3827 terminum
2827 3772 3188 3843 praescripsit,
3241 3782 3301 3830 ut
3346 3789 3530 3830 coram
3567 3793 3631 3833 se

2046 3870 2435 3932 compareant;
2476 3863 2561 3920 sin
2601 3863 2786 3920 minus
2820 3865 2874 3919 in
2905 3880 3000 3923 eos
3023 3867 3294 3922 sententia
3321 3866 3582 3924 ferretur.

2120 4038 2276 4099 Pius.
2307 4041 2542 4108 Quinam
2579 4049 2713 4097 sunt
2747 4041 2846 4097 lii?

2120 4133 2282 4189 Publ.
2316 4133 2709 4205 Lengobarbus
2730 4173 2746 4200 ,
2781 4134 3128 4192 Albobarbus
3151 4178 3176 4204 τ
3200 4147 3254 4194 et
3298 4136 3635 4194 Maleamur-

2049 4226 2168 4283 des.

2127 4317 2277 4374 Pius.
2307 4318 2574 4390 Cuperem
2603 4319 2854 4388 equidem
2891 4323 3056 4382 seire.
3095 4338 3350 4393 quaenam
3388 4323 3479 4378 illa
3512 4322 3632 4379 fue-

2053 4411 2184 4474 rint,
2218 4425 2341 4478 quae
2373 4410 2462 4464 isti
2499 4412 2731 4478 docent;
2762 4412 2832 4466 ob
2859 4428 2983 4483 qua:
3003 4416 3172 4470 etiam
3203 4417 3556 4486 magistratus
3581 4418 3642 4472 in

1988 4517 2035 4572 ι)
2062 4519 2156 4557 eos
2179 4503 2588 4558 animadvertit.

2131 4593 2288 4650 Publ.
2325 4596 2623 4659 Docebant,
2669 4595 2974 4651 cavendum
3021 4598 3176 4653 nobis
3219 4615 3344 4654 esse
3400 4601 3475 4656 ab
3513 4602 3642 4657 istis

369 4693 584 4748 τούτων
632 4691 845 4746 δώδεκα
905 4690 1117 4762 ἱερέων,
1176 4689 1253 4753 ὼς
1307 4688 1407 4759 τὴν
1445 4688 1730 4758 ἡμετέραν
1771 4685 1952 4738 πίστιν

2058 4685 2346 4740 duodecim
2373 4684 2770 4750 sacerdotibus,
2798 4687 2893 4755 qui
2927 4685 3152 4743 Latinos
3179 4688 3488 4754 imitantur,
3514 4700 3636 4745 tan-

371 4787 644 4857 ἀφέντων,
675 4786 768 4839 καὶ
793 4784 1107 4838 ἑνωθέντων
1138 4781 1417 4844 Λατίνοις.

444 4962 593 5018 Εὺλ.
637 4963 712 5016 Οὐ
748 4959 987 5032 δύναμαι
1018 4960 1264 5014 συνιέναι
1313 4955 1422 5011 οὐδ’
1443 4955 1696 5010 ὁπωσοῦν
1725 4952 1835 5007 τῶν
1875 4951 1961 5004 λε-

372 5073 439 5126 γο
447 5058 648 5124 μένων.

449 5143 589 5199 Tel.
633 5143 750 5196 Οὐκ
791 5136 844 5196 εί
869 5141 934 5194 σὺ
969 5142 1033 5194 ἐκ
1065 5141 1165 5210 τῆς
1194 5137 1404 5203 πόλεως
1432 5137 1672 5206 ταύτης;

447 5239 598 5291 Εῠλ.
658 5236 768 5289 Καὶ
800 5234 942 5288 πάνυ
979 5233 1081 5304 μὲν
1132 5230 1248 5287 οὖν.
1293 5232 1383 5287 Ἑν
1439 5229 1619 5302 ταύτῃ
1676 5229 1785 5298 γὰρ
1837 5229 1963 5282 ἀνε-

370 5332 615 5400 τράφην.

455 5426 587 5479 Τελ.
626 5422 750 5485 Πῶς
798 5415 894 5475 οὖν
937 5420 1040 5474 οὐκ
1077 5418 1252 5488 ἔγνως
1299 5418 1368 5473 τὰ
1419 5420 1790 5491 πεπραγμένα
1830 5419 1964 5490 δῆλα.

374 5518 490 5578 τοῖς
522 5516 696 5570 πᾶσιν
721 5515 884 5583 ὄντας

450 5608 605 5665 eos.
647 5607 838 5679 ’ῐερεϊς
865 5605 976 5676 ἐγὼ
1009 5605 1112 5660 οὐκ
1152 5604 1328 5673 ἔγνων
1351 5603 1508 5660 ἐᾶσαι
1542 5605 1640 5676 τὴν
1671 5606 1778 5660 τῶν
1798 5607 1964 5677 Γραι-

379 5698 491 5752 κῶν
521 5701 727 5764 πίστιν,
755 5702 850 5754 καὶ
873 5700 1144 5762 Λατίνους
1186 5697 1466 5766 γενέσθαι.
1510 5697 1582 5750 Σὺ
1609 5699 1664 5750 δέ
1722 5715 1812 5767 μοι
1851 5699 1965 5751 Λα-

379 5791 712 5862 τινέφρονας
728 5795 824 5847 καὶ
846 5792 946 5862 τὴν
974 5789 1256 5862 ἡμετέραν
1284 5792 1471 5845 πίστιν
1495 5791 1729 5852 ἀφέντας
1763 5790 1964 5859 λέγεις,

2058 4792 2222 4846 quam
2251 4776 2320 4831 ab
2347 4777 2453 4831 illis
2485 4776 2578 4845 qui
2623 4775 2784 4833 ﬁdem
2819 4787 3065 4833 nostram
3097 4777 3468 4850 deseruerint,
3506 4798 3636 4836 cum

2059 4867 2272 4924 Latinis
2307 4867 2467 4923 uniti.

2133 4963 2290 5020 Pius.
2328 4962 2556 5019 Penitus
2585 4979 2695 5019 non
2719 4962 2900 5033 capio,
2941 4976 3064 5033 qua:
3098 4962 3214 5033 ipse
3245 4963 3411 5020 dicis.

2133 5143 2292 5198 Publ.
2327 5143 2521 5198 Nonne
2558 5157 2625 5198 ex
2660 5141 2764 5198 hac
2801 5140 2938 5196 urbe
2974 5141 3083 5196 es?

2138 5236 2301 5290 Pius.
2340 5237 2407 5291 Et
2436 5235 2677 5291 maxime
2707 5233 2950 5305 quidem,
2979 5241 3033 5290 et
3063 5234 3121 5289 in
3155 5235 3273 5305 ips:
3304 5235 3587 5290 educatus.

2142 5412 2299 5469 Pnbl.
2327 5412 2614 5480 Quomodo
2660 5414 2847 5484 itaque
2877 5427 2998 5480 qua
3026 5420 3200 5483 gesta,
3249 5421 3642 5485 compertaque

2066 5506 2320 5561 omnibus
2352 5512 2500 5569 sunt,
2533 5503 2800 5575 ignoras?

2139 5597 2290 5652 Pius.
2323 5595 2440 5651 Non
2477 5612 2718 5667 agnosco
2758 5597 2874 5667 ipse
2900 5597 3214 5652 sacerdotes
3236 5637 3251 5659 ,
3285 5597 3379 5667 qui
3421 5597 3644 5656 Graeco-

2071 5707 2190 5746 rum
2228 5691 2332 5745 ﬁde
2385 5690 2600 5755 eiurata
2626 5689 2810 5744 Latini
2863 5687 2991 5744 facti
3025 5691 3170 5754 sint;
3203 5697 3259 5743 tu
3305 5705 3468 5760 porro
3502 5691 3641 5746 mihi

2071 5800 2187 5848 eos,
2235 5795 2285 5840 et
2329 5801 2451 5841 cum
2496 5776 2705 5841 Latinis
2736 5785 3057 5847 sentientes,
3087 5783 3414 5854 desertaque
3450 5787 3650 5845 nostra
