4028 6434
365 379 473 446 9ὃ5
1282 381 1784 442 DISCEPTATIO
1816 379 1968 440 PRO
2007 379 2219 440 CONC.
2264 377 2641 438 FLORENT.
3537 373 3643 436 966

365 510 510 566 τριοι
547 492 638 546 ἔπ’
670 492 931 564 ἀληθείας
961 491 1072 544 εἰσὶ
1101 491 1198 561 τῆς
1246 492 1537 561 ὀρθοδόξου
1577 495 1841 555 πίστεως,
1871 491 1942 544 διὲ

2099 499 2214 543 xtra
2241 489 2604 544 orthodoxam
2650 486 2810 542 ﬁdem
2849 485 3152 551 ducantur,
3193 483 3340 556 quod
3372 498 3492 538 sese
3523 486 3646 539 uni-

372 589 434 640 τὸ
467 586 743 655 ἑνωθῆναι
774 587 969 646 αὐτοὺς
993 587 1060 654 τῇ
1085 585 1289 656 συνόδῳ
1322 588 1389 656 τῇ
1412 588 1470 638 ὲν
1501 585 1816 654 Φλωρεντίᾳ
1841 581 1942 654 πρὸ

2099 582 2236 636 srint
2259 597 2367 636 non
2395 580 2568 635 multo
2589 587 2716 633 ante
2739 576 3024 634 celebratze
3047 578 3254 649 synodo
3279 576 3646 632 Florentinas?

363 678 568 748 μικροῦ
585 678 858 750 γινομένῃ
875 693 889 741 ;
1117 727 1128 737 ,

448 772 610 824 Ῥακ.
641 770 756 822 Καὶ
786 769 931 823 πάνυ
967 769 1064 840 μὶν
1090 766 1212 844 οὖν,
1258 769 1446 839 ἐχθροί
1476 769 1585 822 eis:
1648 770 1741 821 καὶ
1791 769 1950 823 ἀλλό-

355 879 505 934 τριοι
546 865 646 932 τῆς
675 863 987 926 εὐσεϐείας,
1026 863 1122 918 καὶ
1153 863 1248 916 τοῦ
1273 861 1510 930 ἀληθοῦς
1534 863 1632 916 καὶ
1675 862 1948 932 πατρικοῦ

355 955 739 1026 φρονήματος,
776 956 871 1008 καὶ
897 955 927 1007 ὁ
967 955 1352 1021 συγκοινωνῶν
1404 954 1589 1016 αὐτοῖς
1631 954 1949 1024 ἀφωρισμέ-

357 1067 447 1112 νος
477 1048 648 1102 ἐστίν.
1877 1067 1880 1070 ’

429 1145 583 1197 Εὐλ.
627 1140 775 1210 Ἐγὼ
817 1140 1036 1211 ίδιὼτης
1082 1141 1181 1204 ὢν,
1223 1140 1419 1211 δέομαί
1466 1155 1584 1203 σου,
1624 1141 1767 1194 κατὰ
1813 1139 1949 1192 πεῦ-

357 1253 444 1288 σιν
513 1213 608 1288 καὶ
661 1236 959 1304 ἀπόκρισιν
1025 1234 1256 1301 ποιῆσαι
1321 1237 1414 1285 τὸν
1468 1232 1654 1300 λόγον.
1707 1233 1781 1284 Ού
1838 1234 1949 1301 γὰρ

353 1329 597 1396 δύναμαι
652 1327 901 1396 μακροὺς
962 1326 1316 1390 ἀποτείνειν,
1372 1322 1492 1377 ἀλλ’
1553 1323 1664 1376 οὐδ’
1726 1324 1948 1377 ἀκούειν

352 1418 572 1488 λόγους.

441 1512 608 1567 Ῥακ.
639 1511 780 1580 Λέγε
833 1510 864 1563 δ
886 1508 1086 1572 θέλεις,
1115 1509 1212 1562 καὶ
1261 1509 1352 1561 ἐπὶ
1379 1509 1548 1561 πᾶσιν
1580 1506 1949 1578 ἀποκριθήσο-

359 1621 486 1673 μαι.
524 1604 722 1668 Καλῶς
753 1605 864 1673 γὰρ
921 1603 1060 1672 εφης
1112 1601 1374 1668 γενέσθαι
1436 1600 1536 1671 τὴν
1582 1601 1821 1666 διάλεξιν
1861 1602 1951 1658 διὰ

355 1696 614 1765 βραχέων
645 1696 844 1759 λόγων.

430 1791 581 1840 Εἰιλ.
624 1786 871 1855 Ἐρωτῶ·
918 1787 1072 1838 Διατί
1105 1785 1333 1853 ἐχθροὺς
1372 1785 1573 1847 αὐτοὺς
1617 1784 1798 1852 λέγεις
1851 1787 1952 1855 τῆς

355 1876 648 1947 ὀρθοδόξου
682 1878 922 1940 πίστεως
939 1893 956 1941 ;

442 1971 609 2024 Ῥακ.
642 1969 745 2022 Διὰ
773 1969 836 2022 τὸ
865 1967 1312 2038 ἀπώσασθαιτὴν
1344 1968 1626 2040 ὀροόδοξον
1653 1968 1836 2023 πίστιν
1855 1969 1948 2022 καὶ

359 2064 632 2133 ἑνωθῆναι
668 2060 948 2122 Λατίνοις.

429 2155 581 2210 Εὑλ.
626 2155 766 2208 Ποία
835 2154 984 2207 ἐστὶν
1017 2156 1050 2223 ἡ
1102 2153 1381 2224 ὀρθόδοξος
1429 2153 1631 2218 πίστις,
1695 2153 1949 2222 ἐπιθυμῶ

368 2247 592 2318 μαθεῖν.

439 2342 603 2393 Ῥιικ.
639 2341 703 2393 'ii
734 2339 1010 2408 θρησκεία
1033 2337 1130 2391 καὶ
1156 2334 1421 2406 ὁμολογία
1443 2337 1604 2408 ἡμῶν
1635 2335 1744 2390 τῶν
1774 2337 1946 2405 Γραι-

355 2450 492 2487 κων.

425 2525 572 2578 Εὑλ.
605 2524 711 2577 Καὶ
737 2524 771 2595 ἡ
794 2521 1051 2592 ἀλλοτρία
1076 2519 1257 2584 πίστις
1289 2520 1371 2582 τίς
1392 2521 1539 2572 εστιν
1578 2537 1592 2584 ;

444 2619 609 2672 Ῥακ.
652 2617 720 2670 Ἥ
751 2617 862 2670 τῶν
890 2617 1161 2670 Λατίνων.

434 2712 582 2764 Ε’ὺλ.
613 2708 820 2762 Οὐκοῦν
843 2709 891 2761 oi
919 2710 1142 2761 Λατῖνοι
1165 2707 1267 2760 οὐκ
1295 2706 1436 2760 εἰσὶν
1459 2703 1763 2778 δρθύδοξοι2

445 2802 610 2857 Ῥωι.
647 2793 896 2872 οὐδαμῆ.

438 2895 587 2949 Εείλ.
619 2895 730 2948 Καὶ
761 2893 856 2947 νῦν
911 2893 1164 2961 ἐγίνοντο
1195 2889 1515 2963 ἑτερόδοξοι,
1547 2892 1580 2962 ἦ
1614 2891 1724 2961 πρὸ
1752 2890 1946 2944 πολλοῦ

355 2987 460 3058 τὴν
492 2988 676 3040 πίστιν
710 2985 1002 3040 ἀπώλεσαν
1021 3001 1036 3039 :

445 3081 609 3135 Ῥακ.
643 3081 756 3151 Πρὸ
790 3079 1170 3133 πεντακοσίων
1205 3077 1436 3148 χρόνων.

435 3172 586 3225 Εὐλ.
622 3170 732 3222 Καὶ
791 3170 842 3221 εί
905 3168 1013 3238 πρὸ
1049 3169 1426 3220 πεντακοσίων
1464 3166 1694 3235 χρόνων,
1753 3166 1830 3228 ὡς
1883 3165 1948 3218 σὺ

356 3267 509 3336 φῂς,
567 3263 617 3315 oi
685 3263 907 3315 Λατῖνοι
953 3261 1054 3330 τὴν
1118 3261 1298 3312 πίστιν
1360 3257 1672 3318 ἀπώλεσαν,
1705 3258 1894 3310 διατί¹

357 3354 627 3424 ἡμέτεροι
682 3350 957 3422 ὀρθόδοξοι
1017 3351 1173 3412 ὅντες
1234 3349 1434 3410 αὐτοὺς
1475 3348 1574 3400 οὐκ
1613 3347 1944 3417 ἐστήριξανς

355 3447 499 3512 Φησὶ
543 3444 654 3514 γὰρ
688 3445 717 3495 ὁ
762 3443 950 3505 κοινὸς
999 3441 1327 3502 διδάσκαλος
1368 3440 1530 3510 ἡμῶν
1558 3453 1618 3491 τε
1652 3439 1945 3501 κάκείνων,

363 3536 597 3605 Ἔγειρε
631 3533 904 3586 πεσόντα
937 3531 1047 3584 τὸν
1076 3526 1354 3598 ἀδελφόν
1379 3541 1521 3582 σου.

445 3630 612 3681 Ῥακ.
650 3623 722 3677 Εὖ
755 3624 935 3692 λέγεις
956 3637 970 3652 ·
999 3621 1115 3674 ἀλλ’
1139 3621 1240 3674 οὐκ
1276 3620 1573 3690 ἠθέλησαν.

439 3724 586 3777 Εὐλ.
626 3719 847 3786 ’Δπορῶ
885 3716 982 3770 ἐπὶ
1009 3713 1207 3786 τούτῳ.

454 3817 606 3884 Ἀκρ.
633 3812 803 3870 Τοῦτο
836 3811 1164 3880 ααφήνισον,
1214 3808 1266 3862 τί
1309 3805 1508 3877 δηλοῦν
1562 3805 1815 3876 βούλεται
1863 3804 1945 3869 τὸ,

368 3907 534 3960 Αὐτοὶ
566 3907 668 3958 οὐκ
697 3903 864 3971 ὴθέλη
873 3917 972 3954 σαν
995 3918 1010 3964 ;

452 3997 615 4051 'Pax.
657 3995 720 4047 Οί
749 3993 977 4066 Γραικοὶ
1012 3991 1278 4046 ικάλεσαν
1327 3991 1454 4052 τοὺς
1485 3987 1752 4049 Λατίνους
1805 3985 1950 4041 διδά-

369 4091 478 4158 ξαι,
516 4090 606 4142 καὶ
637 4088 894 4160 στηρίξαι
921 4085 1124 4149 αὐτοὺς
1153 4085 1213 4138 ἐν
1241 4085 1309 4154 τῇ
1348 4083 1564 4138 πίστει.
1600 4080 1769 4135 Αὐτοὶ
1803 4079 1861 4133 δὲ
1887 4080 1948 4132 οὐ

365 4177 748 4242 κατεδέξαντο,
779 4175 889 4229 οὐδ’
925 4173 1201 4244 ἠθέλησαν
1223 4170 1554 4226 ἐπακοῦσαι.

439 4268 592 4325 Εὐλ.
626 4268 808 4335 Δεῖξόν
836 4285 928 4338 μοι
959 4267 1179 4329 θᾶττον,
1217 4264 1349 4318 πότε
1398 4264 1600 4326 αὐτοὺς
1658 4261 1950 4326 ἐκάλεσαν,

364 4365 463 4418 καὶ
497 4363 653 4416 αὐτοὶ
677 4364 780 4415 οὐκ
807 4361 1155 4424 ὑπήκουσαν.
1172 4356 1579 4427 Φοδοῦμαιγάρ
1611 4357 1810 4426 μήπως
1835 4354 1951 4408 ἐστὶ

364 4457 480 4509 πᾶν
507 4454 846 4508 τούναντίον.

447 4549 611 4603 Ῥακ.
649 4547 942 4608 Πολλάκις.
989 4543 1133 4598 Ἀλλ’
1161 4542 1316 4597 αὐτοὶ
1343 4542 1447 4594 οὐκ
1475 4539 1769 4610 ἠθέλησαν.

429 4641 578 4694 Εὐλ.
615 4641 692 4692 Οὐ
725 4637 868 4692 θέλω
897 4637 1094 4705 λόγους
1123 4633 1350 4689 ἀκούειν
1381 4631 1598 4696 κενοὺς,
1652 4630 1768 4683 ἀλλ’
1801 4629 1942 4684 ὀιπὸ-

359 4733 531 4798 δειξιν
565 4731 766 4802 ἀληθῆ.

447 4827 614 4879 Ῥακ.
654 4825 842 4883 Οὕτως
879 4823 1064 4876 ἀκούω
1110 4819 1268 4886 κάγὼ
1325 4815 1436 4871 τῶν
1490 4812 1710 4867 πολλῶν
1760 4812 1947 4879 λεγόν-

358 4935 496 4970 των.

435 5013 588 5064 Εὑλ.
621 5008 698 5060 Οὐ
716 5006 826 5060 τῶν
851 5006 1068 5061 πολλῶν
1087 5002 1202 5071 ιγὼ
1216 5001 1390 5056 ἐθέλω
1407 4998 1654 5064 ἀκούειν,
1685 4997 1824 5050 ἀλλὰ
1840 4995 1948 5050 τῶν

299 5121 316 5133 “
360 5103 706 5158 διδασκάλων
738 5099 841 5168 τῆς
886 5096 1240 5167 Ἐκκλησίας.

454 5191 620 5243 Ῥακ.
659 5188 855 5250 Καλῶς
899 5187 1056 5256 ἔφης.
1098 5185 1212 5240 Καὶ
1249 5184 1416 5254 ἡμεῖς
1442 5181 1554 5236 τῶν
1607 5180 1948 5236 διδασκάλων

363 5282 682 5346 ἀκούοντες,
721 5281 829 5333 τῶν
862 5279 1110 5332 Λατίνων
1135 5275 1491 5348 ὲσχίσθημεν.

445 5373 589 5428 Εὺλ.
624 5373 740 5427 Νῦν
767 5371 922 5443 ἥκεις
959 5371 1096 5440 πρὸς
1200 5365 1312 5437 ἐγὼ
1336 5367 1623 5438 βούλομαι.

451 5573 620 5627 Ῥακ.
667 5570 734 5622 Τί
767 5567 950 5638 βούλει
969 5584 984 5634 ;

439 5665 589 5718 Εὺλ.
641 5658 976 5732 ’Δρίθμησόν
1005 5675 1096 5727 μοι
1119 5658 1247 5720 τοὺς
1265 5657 1624 5718 διδασκάλους
1660 5654 1784 5707 κατ’
1837 5654 1957 5705 ὄνο-

375 5774 473 5826 μα,
504 5749 578 5808 ὧν
606 5751 917 5835 ἐπακούσας
945 5749 1193 5804 Λατίνων
1221 5749 1498 5821 ὲσχίσθης.

458 5847 625 5900 Ῥακ.
663 5845 900 5913 Ἔχομεν
966 5843 1174 5894 Φώτιον
1239 5843 1460 5910 πρῶτον
1511 5840 1960 5898 κατὰ’Λατίνων

1898 3225 2021 3310 oic

2127 766 2287 821 Rhac.
2328 767 2397 822 Et
2427 767 2668 822 maxime
2708 766 2928 835 quidem
2961 776 3095 822 sunt
3121 765 3333 831 hostes,
3372 775 3427 820 et
3451 766 3646 858 adver:

2052 858 2182 913 sarii
2236 857 2480 929 pietatis,
2535 867 2591 914 et
2624 858 2760 923 veri,
2809 857 3083 928 patriique
3115 857 3406 925 dogmatis.
3454 857 3519 912 Et
3547 859 3645 928 qui

2057 961 2180 1002 cum
2212 949 2293 1003 eis
2321 947 2722 1013 communicat,
2747 954 2828 1002 cst
2859 946 3392 1002 excommunicatus.

2123 1135 2272 1191 Pius.
2288 1138 2404 1208 Ego
2428 1138 2581 1194 rudis
2603 1151 2727 1192 cum
2749 1137 2851 1192 sim
2871 1163 2888 1204 -,
2911 1138 3078 1194 etiam
3103 1145 3265 1208 atque
3287 1138 3450 1192 etiam
3475 1135 3642 1201 insto,

2053 1236 2116 1280 ut
2150 1243 2436 1282 sermones
2460 1229 2762 1284 secundum
2793 1229 3307 1299 interrOgationcm,
3333 1238 3387 1283 et
3414 1244 3641 1298 respou-

2052 1320 2260 1374 sionem
2315 1321 2669 1391 dirigantur:
2712 1322 2909 1391 longos
2933 1322 3080 1377 enim
3127 1336 3410 1376 sermones
3462 1337 3642 1390 neque

2055 1411 2168 1480 ipse
2195 1411 2418 1478 durere,
2445 1413 2513 1466 ab
2536 1427 2715 1478 neque
2742 1413 2864 1467 aliis
2892 1413 3199 1467 iusinuatos
3233 1411 3422 1466 audire
3463 1412 3642 1468 valeo.

2125 1498 2297 1554 Rhac.
2329 1500 2422 1554 Dic
2445 1502 2590 1570 quod
2615 1501 2784 1566 lubet,
2814 1510 2869 1556 et
2894 1500 2948 1555 in
2972 1501 3230 1555 omnibus
3255 1501 3599 1569 respondebo
3622 1517 3638 1566 ;

2051 1591 2221 1659 probe
2271 1591 2420 1646 enim
2453 1593 2665 1660 dixisti,
2695 1594 2849 1650 brevi
2885 1609 3141 1650 sermone
3181 1593 3640 1664 disceptationem

2053 1697 2176 1737 esse
2208 1683 2608 1739 extricmdam.

2127 1781 2280 1837 Pius.
2316 1783 2619 1854 Interrogo.
2665 1785 2784 1853 Qua
2825 1787 2894 1842 de
2917 1802 3081 1843 causa
3131 1787 3282 1858 ipsos
3325 1786 3644 1843 orthodoxa:

1981 1866 2025 1927 Β
2055 1874 2175 1930 ﬁdei
2213 1876 2402 1930 hostes
2443 1878 2771 1948 nuncupas?

2124 1959 2296 2015 Rhac.
2314 1960 2472 2028 Quod
2497 1973 2639 2018 recta
2665 1963 2770 2021 ﬁde
2788 1964 2992 2035 reiecta
3013 1981 3136 2021 cum
3157 1964 3365 2022 Latinis
3389 1966 3446 2022 iu
3469 1982 3642 2022 unum

2051 2056 2387 2112 coaluerint.

2121 2145 2273 2200 Pius.
2307 2145 2565 2213 Quaenam
2597 2150 2670 2205 sit
2695 2149 2830 2206 ﬁdes
2862 2151 3194 2217 orthodoxa,
3230 2153 3395 2223 cupio
3419 2153 3582 2210 scire.

2115 2322 2290 2379 Rhac.
2331 2323 2562 2394 Religio,
2606 2333 2661 2380 et
2693 2327 2965 2396 professio
2991 2327 3333 2384 Graecorum.

2122 2511 2279 2568 Pius.
2309 2514 2501 2569 Aliena
2539 2530 2668 2570 vero
2703 2516 2833 2572 ﬁdes
2858 2529 3110 2587 quaenam
3143 2518 3268 2576 est?
3335 2493 3338 2496 ﬁ

2124 2603 2294 2660 Rhac.
2327 2604 2674 2663 Latinorum.

2125 2695 2278 2752 Pius.
2307 2695 2485 2754 Latini
2519 2701 2704 2772 itaque
2728 2703 3020 2761 orthodoxi
3052 2721 3162 2762 non
3192 2707 3359 2764 sunt!

2123 2786 2288 2844 Bliac.
2330 2789 2473 2847 Non.
3406 2785 3412 2789 ’

2129 2880 2277 2936 Pius.
2318 2881 2551 2941 Nuncne
2617 2888 2783 2943 alieni
2813 2905 2841 2943 a
2878 2891 2979 2946 ﬁde
3016 2889 3145 2947 facti
3172 2900 3323 2962 sunt,
3362 2907 3432 2950 an
3475 2897 3644 2962 multo

2014 2993 2021 2999 ·
2051 2983 2211 3028 antea
2246 2973 2406 3030 ﬁdem
2433 2978 2730 3033 amiserunt
2757 2982 2780 3033 ’ί

2125 3065 2290 3123 thac.
2324 3068 2466 3124 Ante
2491 3071 2823 3142 quingentos
2853 3089 3048 3130 annos.

2132 3158 2290 3216 Pius.
2324 3159 2392 3216 Et
2438 3164 2482 3217 si
2514 3173 2641 3219 ante
2672 3165 3006 3236 quingentos
3035 3183 3210 3226 annos
3237 3168 3417 3226 Latini
3453 3172 3637 3240 ﬁdem,

2061 3258 2121 3304 ut
2153 3258 2210 3304 tu
2245 3253 2473 3320 astruis,
2511 3255 2833 3323 amiserunt,
2867 3273 3034 3329 quam
3072 3261 3140 3314 ob
3173 3276 3396 3317 causam
3436 3269 3634 3331 nostri,

2056 3358 2180 3397 cum
2215 3358 2402 3402 essent
2434 3349 2754 3417 orthodoxi,
2813 3367 2908 3409 eos
2944 3367 3053 3407 non
3093 3353 3477 3411 instruxerunt
3511 3373 3642 3413 cou-

2057 3437 2501 3520 ﬁrmaruntque?
2531 3443 2620 3496 Ait
2666 3445 2810 3499 enim
2855 3449 3168 3502 communis
3225 3459 3409 3505 noster
3441 3459 3495 3504 et
3526 3451 3645 3506 illn-

2058 3544 2176 3582 rum
2212 3533 2476 3598 magister
2505 3549 2522 3589 :
2561 3533 2720 3604 Erige
2747 3536 2970 3603 fratrem
3001 3546 3170 3605 tuum,
3204 3541 3296 3609 qui
3324 3543 3533 3597 cecidit.

2129 3618 2292 3674 Rlzac.
2319 3620 2468 3676 Bene
2495 3623 2576 3676 ais
2605 3639 2620 3688 ;
2656 3625 2751 3678 sed
2780 3627 3097 3683 noluerunt.

2129 3709 2282 3766 Pius.
2317 3713 2374 3767 lu
2410 3714 2512 3768 hoc
2545 3713 2746 3769 haereo.

2132 3803 2376 3862 Auditor.
2430 3805 2542 3861 lloc
2595 3809 2824 3875 extrica,
2873 3809 3002 3879 quid
3047 3810 3325 3881 signiﬁcat
3369 3813 3525 3883 illud,
3560 3815 3644 3870 me
3682 3792 3700 3815 '

2057 3899 2337 3951 noluerunt
2358 3898 2384 3952 ?

2137 3987 2306 4041 Rhac.
2345 3987 2516 4044 Grarci
2555 3988 2781 4046 Latinos
2831 3993 3259 4062 accersiverunt,
3304 4003 3364 4050 ut
3403 3995 3644 4055 instrue-

2061 4088 2187 4135 rent
2213 4093 2266 4133 et
2287 4081 2680 4137 conﬁrmarent
2707 4083 2761 4138 in
2791 4085 2931 4140 ﬁde:
2955 4086 3033 4140 illi
3056 4103 3188 4144 vero
3215 4103 3398 4160 neque
3424 4090 3638 4161 dignati

2059 4181 2210 4238 sunt,
2243 4188 2424 4241 neque
2447 4175 2740 4232 voluerunt
2769 4177 2980 4234 audire.

2134 4263 2285 4320 Pius.
2347 4267 2584 4323 Ostende
2633 4269 2766 4322 mihi
2814 4270 2989 4338 ocius,
3049 4275 3266 4341 quando
3318 4275 3441 4330 illos
3484 4291 3645 4332 voca-

2059 4367 2206 4426 runt,
2233 4368 2286 4413 et
2312 4376 2418 4418 non
2453 4361 2762 4417 audierunt.
2800 4361 3001 4420 Vereor
3031 4367 3201 4434 enim,
3236 4381 3304 4422 ne
3333 4369 3642 4438 oppositum

2059 4452 2156 4504 sit.

2129 4539 2303 4596 Rhac.
2333 4541 2565 4610 Saepius,
2608 4543 2702 4598 sed
2738 4543 2844 4613 ipsi
2882 4545 3200 4605 noluerunt.
3248 4545 3253 4550 ’

2124 4631 2276 4686 Pius.
2312 4631 2496 4689 Mittas
2527 4634 2659 4689 mihi
2685 4650 2970 4696 sermones
3000 4639 3215 4710 inanes,
3255 4640 3452 4696 aﬁ'erto
3479 4656 3645 4713 argu-

2049 4733 2229 4778 menta
2262 4739 2415 4780 νοτε.

2121 4813 2289 4870 Rhac.
2323 4817 2415 4871 Sic
2441 4817 2690 4887 intelligo
2720 4827 2775 4872 et
2805 4819 2946 4888 ipse,
2990 4820 3272 4891 plerisque
3305 4820 3360 4876 id
3390 4837 3645 4877 asseren-

2052 4908 2222 4963 tibus.

2131 4999 2280 5056 Pius.
2326 5001 2462 5057 Nolo
2504 5018 2665 5058 aures
2707 5003 2985 5074 plerisque
3023 5005 3284 5076 praebere,
3331 5007 3426 5062 sed
3457 5011 3645 5063 docto—

2053 5092 2210 5148 ribus
2238 5093 2516 5149 Ecclesizn.

2129 5186 2298 5241 Rhac.
2337 5187 2504 5243 Recte
2537 5196 2642 5244 est.
2688 5190 2754 5243 Et
2777 5205 2877 5245 nos
2928 5191 3252 5247 doctoribus
3298 5196 3505 5249 nostris
3545 5210 3646 5250 au-

2057 5278 2270 5336 dientes
2303 5295 2333 5334 a
2365 5277 2573 5334 Latinis
2604 5278 2763 5351 scissi
2791 5296 3006 5338 sumus.

2131 5377 2281 5430 Pius.
2327 5372 2656 5441 lmmigrasti
2701 5372 2981 5444 ingenium
3015 5389 3218 5441 meum,
3253 5375 3320 5429 ad
3353 5375 3645 5429 arbitrium

2063 5485 2243 5526 meum
2283 5465 2552 5536 loqueris.

2134 5561 2303 5616 thac.
2341 5557 2481 5623 Quid
2514 5557 2610 5611 tibi
2648 5556 2702 5610 in
2735 5557 2924 5612 animo
2955 5559 3078 5613 est?

2135 5653 2285 5708 Pius.
2325 5651 2520 5705 Profer
2566 5648 2697 5703 mihi
2751 5652 3077 5706 nominatim
3120 5651 3400 5722 doctores,
3444 5653 3648 5721 quibus

2067 5761 2288 5811 suasus,
2321 5759 2350 5797 a
2379 5741 2590 5795 Latinis
2623 5749 2673 5795 te
2702 5741 3019 5811 sejunxisti.

2138 5835 2300 5892 Rhac.
2361 5833 2637 5889 Habemus
2680 5833 2965 5904 Photium,
3021 5837 3114 5908 qui
3170 5852 3362 5896 contra
3418 5833 3659 5896 Latinos
