4028 6404
351 375 462 441 969

1280 356 1772 422 DISCEPTATIO
1814 354 1965 416 PRO
2009 351 2224 412 CONC.
2270 347 2644 409 FLORENI‘.

3509 345 3617 410 970

351 492 590 564 ψασθαι,
616 488 731 543 ἀλλ’
760 488 918 542 αὐτοὶ
972 484 1077 557 πρὸ
1130 482 1224 536 τοῦ
1274 481 1580 550 σχίσματος
1610 476 1790 539 ὄντες,
1819 473 1936 536 πῶς

2072 468 2135 523 ed
2191 483 2314 522 cum
2365 474 2490 521 ante
2525 464 2764 520 schisma
2802 463 3075 527 vixerint,
3107 463 3381 535 quomodo
3423 479 3518 522 eos
3551 467 3616 521 ad

355 585 594 655 ὤφειλον
650 580 846 645 αὐτοὺς
919 577 1104 633 καλεῖν
1187 575 1267 638 εἰς
1344 570 1613 642 ὀρθότητα
1686 567 1796 621 τῶν
1851 565 1936 617 δο-

361 681 587 748 γμάτων
603 695 618 742 ;

435 772 574 826 Εὺλ.
608 769 777 822 Ὥστε
798 768 847 822 οἱ
874 767 1116 829 Λατῖνοι,
1143 760 1418 834 ὁροόδοξοι
1440 758 1549 830 πρὸ
1583 756 1674 810 τοῦ
1708 754 1939 826 σχίσμα-

371 883 460 927 τος
483 858 644 934 ἦσαν.

451 956 613 1011 Ῥακ.
649 951 957 1024 Ὁμολογεῖ),
992 949 1075 1003 ὅτι
1098 945 1374 1019 όρθόδοξοι
1401 939 1563 1014 ἦσαν.
1595 941 1671 995 Οὐ
1699 942 1808 1011 γὰρ
1844 937 1940 992 δύο

366 1066 537 1119 ναμαι
565 1047 722 1101 τοῦτο
742 1042 1113 1116 ἀρνήσασθαι.
1147 1039 1368 1094 Μᾶλλον
1412 1036 1457 1088 δ’
1515 1033 1758 1104 ἔφθασας
1787 1028 1939 1100 ἀριθ-

366 1141 489 1208 μὼν
525 1141 622 1194 καὶ
667 1138 930 1198 Λατίνους
985 1134 1205 1201 ἁγίους,
1267 1130 1320 1184 οῖ
1360 1130 1498 1181 εἰσιν
1549 1125 1940 1192 Αὐγουστῖνος,

361 1232 670 1301 ι’ρηγόριος
720 1233 748 1283 6
801 1229 1086 1297 Διάλογος,
1164 1223 1514 1295 Ἱερώνυμος,
1593 1218 1942 1291 Ἀμϐρόσιος,

361 1331 462 1379 καὶ
518 1328 672 1379 Λέων
702 1328 730 1378 6
767 1326 966 1392 μέγας.
1010 1321 1175 1376 Ἀλλὰ
1226 1318 1430 1378 πάντες
1492 1312 1643 1368 οὗτοι
1692 1311 1797 1380 πρὸ
1847 1308 1942 1362 τοῦ

362 1419 670 1488 σχισματος
717 1412 886 1485 ἦσαν,
923 1413 1017 1467 καὶ
1067 1411 1304 1480 διαφορά
1345 1408 1448 1462 οὐκ
1493 1403 1563 1479 ἦν
1589 1406 1712 1459 τότε
1777 1403 1945 1474 μέσον

360 1508 620 1580 Γραικῶν
680 1511 776 1562 καὶ
835 1507 1108 1562 Λατενων.
1175 1502 1336 1559 Μετὰ
1413 1500 1588 1555 ταῦτα
1646 1497 1943 1568 γενομένου

361 1603 463 1656 τοῦ
517 1602 841 1671 σχίσματος,
898 1600 1056 1654 αὐτοὶ
1087 1599 1167 1661 εἰς
1200 1596 1462 1665 ἀλλότρια
1503 1593 1753 1662 δόγματα
1783 1592 1946 1643 ἔκπε-

363 1697 576 1760 σόντες,
631 1693 733 1747 οὐκ
767 1691 1148 1763 ἠϐουλήθησαν
1173 1690 1255 1741 ἔτι
1294 1688 1426 1758 ἡμῖν
1459 1684 1750 1754 ἑνωθῆναι.

440 1787 591 1840 Eii}.
645 1783 835 1847 Πάλιν,
865 1783 940 1847 ὡς
973 1783 1238 1853 προέφην,
1271 1779 1406 1851 ἐρῶ.
1454 1776 1610 1832 Διατῑ
1655 1777 1705 1829 οἱ
1743 1776 1941 1845 ἡμέτε-

2048 565 2198 617 recta
2230 559 2488 628 dogmata
2517 556 2914 614 remeassem?

2120 736 2270 792 Pius.
2303 735 2484 791 Latini
2512 736 2699 806 itaque
2734 742 2860 792 ante
2890 734 3132 792 schisma
3167 733 3471 791 orthodoxe
3501 750 3626 791 sen-

2050 828 2275 884 tiebant.

2119 922 2286 978 Rhac.
2321 920 2440 978 Non
2479 921 2693 978 inficias
2739 936 2825 978 eo.
2864 921 3034 976 Erant
3077 919 3395 976 orthodoxi.
3441 919 3499 974 Id
3531 933 3626 974 ne-

2048 1032 2179 1089 gare
2211 1032 2321 1071 non
2368 1014 2564 1082 audeo,
2597 1030 2772 1086 eoque
2817 1015 3184 1086 potissimum,
3219 1014 3365 1085 quod
3401 1013 3625 1068 Latinos

2051 1111 2342 1166 sanctitate
2395 1109 2738 1180 percelebres
2789 1110 3166 1175 recensueris,
3233 1107 3627 1179 Augustinum.

2051 1202 2376 1274 Gregorium
2429 1201 2735 1272 Dialogum,
2787 1198 3200 1272 Hieronymum,
3254 1198 3628 1262 Ambrosium,

2051 1296 2290 1351 Leonem
2319 1293 2598 1365 Magnum.
2635 1293 2740 1348 Sed
2778 1293 2831 1347 hi
2862 1307 3054 1348 oinnes
3089 1300 3215 1346 ante
3249 1291 3492 1348 schisma
3525 1291 3629 1345 ilo-

2050 1405 2232 1454 ruere,
2268 1403 2370 1442 nec
2405 1398 2564 1443 erant
2611 1389 2754 1442 inter
2807 1385 3028 1441 Graecos
3075 1397 3130 1438 et
3162 1385 3382 1441 Latinos
3411 1395 3632 1440 contro-

2051 1481 2244 1536 versize
2291 1496 2392 1536 nec
2469 1479 2595 1534 ﬁdei
2646 1479 2959 1535 diversitas:
3025 1477 3377 1533 Postmodum
3439 1489 3631 1533 exorto

2054 1574 2355 1629 schismate
2419 1570 2598 1626 Latini
2655 1571 2709 1624 in
2759 1571 2993 1626 adversa
3051 1570 3307 1638 dogmata
3367 1569 3626 1640 prolapsi,

2054 1666 2352 1722 noluerunt
2383 1664 2616 1734 amplius
2648 1663 2934 1718 nobiseum
2955 1663 3239 1733 conjungi.

2126 1755 2281 1812 Pius.
2314 1755 2553 1823 Rursus,
2594 1765 2652 1810 ut
2701 1764 2756 1809 et
2803 1764 2968 1809 antea
3013 1755 3281 1820 dixeram,
3323 1753 3632 1808 inculcabo.

365 1898 456 1951 ροι
485 1879 684 1940 αὐτοὺς
727 1843 832 1930 οὖιι
875 1843 1522 1946 δατήριξανς-Ἕιρθασας
1579 1869 1690 1940 γὰρ
1747 1843 1940 1931 εἰπὼν,

2072 1849 2233 1916 ξυστθ
2273 1863 2370 1904 eos
2404 1847 2592 1918 lnostri
2633 1848 2689 1902 in
2733 1847 2942 1918 frugem
2986 1862 3095 1901 non
3135 1846 3438 1901 reduxere?
3476 1844 3639 1899 Nam-

367 1973 454 2023 ὅτι
484 1970 590 2040 πρὸ
620 1967 716 2022 τοῦ
778 1967 1077 2038 σχίσμα-,τος
1133 1965 1268 2036 ἡμῖν
1321 1961 1598 2034 ἡνωμένοι
1636 1956 1807 2030 ἦσαν,
1851 1959 1949 2011 καὶ

368 2059 646 2130 όρθόδοξοι
678 2058 800 2130 μεθ’
826 2058 988 2129 ἡμῶν
1019 2055 1290 2128 ὑπῆρχον,
1320 2054 1414 2107 καὶ
1449 2052 1661 2106 σύνοδοι
1689 2052 1950 2120 οἱκουμε·

369 2156 526 2210 νικαὶ
557 2155 829 2223 ὲγένοντο,
864 2151 929 2214 ἃς
965 2150 1242 2222 ἐπλήρουν
1271 2163 1331 2201 τε
1363 2148 1459 2200 καὶ
1496 2145 1769 2213 ἔπραττον
1785 2143 1952 2212 Γραι-

370 2251 467 2304 κοὶ
493 2247 632 2318 ὁμοῦ
657 2247 754 2302 καὶ
781 2247 1026 2310 Λατῖνοι,
1057 2243 1156 2297 καὶ
1180 2242 1310 2305 τοὺς
1339 2239 1653 2311 alpes-moi);
1706 2236 1952 2306 ἀμφότε-

376 2359 468 2414 ροι
503 2343 759 2412 ἠλαυνον,
792 2338 890 2394 καὶ
939 2336 1248 2406 ἀναθέματι
1305 2331 1713 2388 καθυπέσαλον.
1749 2330 1860 2384 Καὶ
1902 2330 1952 2382 οἱ

368 2433 649 2505 αἱρετικοὶ
708 2431 901 2502 ἐχθροὶ
949 2427 1207 2498 Γραικῶν
1235 2427 1330 2480 καὶ
1376 2424 1630 2481 Λατίνων
1681 2423 1955 2491 ἐλέγοντο.

372 2529 494 2584 Νῦν
562 2529 642 2592 δὲ,
687 2525 763 2588 ὡς
825 2524 956 2595 φῂς,
1027 2523 1078 2577 οι
1131 2523 1360 2576 Λατῖνοι
1411 2522 1492 2582 εἰς
1556 2516 1816 2589 ἀλλότρια
1865 2515 1960 2568 εκ-

370 2622 634 2684 σεεσόντες
655 2617 924 2688 δόγματα,
961 2615 1092 2686 ἡμῖν
1116 2611 1385 2680 ὲνωθῆναι
1409 2609 1471 2663 οὐ
1499 2607 1804 2680 βούλονται.
1834 2603 1958 2668 Πῶς

371 2713 436 2766 δὲ
466 2711 628 2765 τοῦτο
651 2708 1002 2779 δειχθήσεται
1033 2703 1162 2772 λέγε
1197 2719 1290 2774 μοι
1321 2700 1510 2772 τάχος.

466 2887 635 2941 ἰἀκ.
683 2883 826 2952 Ἐγὼ
858 2881 986 2939 ἄλλο
1012 2882 1112 2935 οὐκ
1141 2880 1252 2952 ἔχω
1286 2895 1369 2932 σοι
1391 2875 1584 2944 δεῖξαι,
1617 2875 1652 2946 ἧ
1702 2876 1785 2930 ὅτι
1831 2893 1959 2929 πενο

376 2981 620 3036 τακόσια
653 2977 748 3046 ἔτη
778 2976 941 3039 εἰσὶν,
977 2971 1072 3042 ἀφ’
1110 2966 1172 3024 οὗ
1215 2970 1396 3024 αὐτῶν
1452 2967 1808 3040 ἔσχὶσθημεν,
1866 2968 1962 3022 καὶ

375 3077 479 3130 νῦν
505 3071 906 3144 κεχωρισμένοι
937 3067 1130 3136 ἐσμέν.

468 3168 634 3233 Ἀκρ..
649 3164 726 3218 Οὐ
752 3162 962 3223 δίκαιος
995 3152 1151 3220 οὗτος
1172 3158 1200 3211 ό
1232 3155 1391 3224 λόγος
1411 3153 1579 3221 δοκεῖ,
1638 3154 1844 3225 μᾶλλον
1902 3154 1958 3208 δέ
1986 3198 2033 3258 c

375 3278 446 3331 γε
469 3261 562 3311 καὶ
591 3255 1002 3312 ἀναπόδεικτος.

457 3352 609 3406 Εὺλ.
672 3346 746 3401 Τὸ
791 3345 902 3415 γὰρ
951 3342 1154 3406 εἰπεῖν,
1195 3341 1280 3394 ὅτι
1336 3338 1600 3402 πολυετες
1649 3337 1712 3390 τὸ
1756 3336 1961 3406 σχίσμα

389 3445 531 3507 ἔστι,
570 3442 678 3506 πᾶς
723 3457 810 3503 τις
871 3436 1240 3508 ὁμολογήσειν
1294 3433 1411 3487 ἀλλ’
1472 3431 1570 3500 οὐχ
1626 3429 1790 3499 ἱκανή
1843 3430 1960 3481 ἐστι

396 3535 749 3606 παραστῆσαι
779 3532 908 3596 τοὺς
938 3531 1208 3592 Λατίνους
1253 3525 1571 3598 αἱρετικοὺς
1616 3524 1651 3594 ἡ
1705 3521 1962 3576 πολυετξα

391 3627 551 3700 αὕτη.

473 3724 638 3777 Ῥακ.
673 3720 786 3775 Καὶ
814 3718 958 3774 πάνυ
987 3715 1090 3788 μὶν
1117 3710 1234 3770 οὖν.
1281 3714 1374 3768 Ἐν
1399 3713 1511 3782 γὰρ
1553 3711 1666 3770 τοῖς
1697 3723 1937 3761 πεντακο

381 3817 521 3878 σίοις
551 3814 773 3884 χρόνοις
803 3810 1016 3873 τούτοις
1078 3810 1302 3879 εἴχομεν
1355 3803 1554 3872 σοφούς
1577 3820 1638 3854 τε
1672 3801 1765 3853 καὶ
1798 3801 1959 3872 ῥήτο-

385 3924 509 3978 ρας,
543 3905 644 3959 καὶ
669 3901 1046 3973 πατριάρχας,
1077 3900 1175 3953 καὶ
1226 3896 1489 3970 βασιλεῖς,
1540 3893 1590 3948 οἳ
1622 3891 1962 3964 προηγοῦντο

387 3999 486 4052 τοῦ
524 3999 826 4068 ηἰσματος
853 3997 949 4049 καὶ
991 3991 1088 4048 τοῦ
1141 3988 1453 4064 χωρισμοῦ,
1493 3986 1620 4057 ἐμοὶ
1679 3985 1848 4051 δοκεῖ,
1895 3984 1960 4038 δι’

389 4089 548 4145 οὐδδν
602 4088 750 4156 ἄλλο,
795 4087 829 4159 ἢ
882 4087 966 4141 ὅτι
1027 4084 1103 4149 ὡς
1153 4081 1468 4153 αἰρετικοὺς
1498 4077 1696 4139 αὐτοὺς
1749 4073 1962 4146 ὑπεφή-

385 4185 574 4256 φιζον.

458 4278 612 4332 Eii}.
648 4273 784 4329 Οὐδὲ
811 4271 972 4328 τοῦτο
999 4269 1125 4334 τοὺς
1158 4268 1426 4335 Λατίνους
1469 4270 1784 4340 αἱρετικοῦς
1817 4283 1967 4338 παρ-

386 4373 537 4443 ιστᾴ.

474 4464 639 4518 Ῥαῶ
709 4459 873 4516 Ἀλλά
910 4459 965 4515 τί
1007 4458 1359 4528 ισχυρότερον
1405 4457 1615 4510 τούτων
1661 4455 1727 4510 σὺ
1758 4454 1965 4519 θέλειςς

2053 1959 2161 2016 que
2187 1942 2394 2009 dixisti,
2425 1951 2554 1998 ante
2600 1941 2839 1997 schisma
2880 1956 2988 1995 una
3015 1941 3300 1996 nobiseum
3336 1940 3641 1995 orthodoxe

2053 2034 2316 2101 sensisse,
2377 2048 2478 2089 nec
2528 2048 2560 2088 ιι
2605 2041 2798 2087 nostro
2861 2032 3202 2088 commercio
3247 2031 3637 2097 abhorruisse;

2055 2127 2404 2198 synodosque
2451 2124 2796 2180 universales
2826 2138 2950 2179 esse
2978 2122 3279 2178 celebratas
3303 2167 3317 2189 ,
3357 2138 3498 2193 quas
3531 2138 3640 2177 una

2055 2217 2220 2274 simul
2283 2215 2463 2273 Latini
2517 2225 2573 2272 et
2609 2215 2786 2272 Graeci
2843 2217 3146 2286 cogebant,
3219 2214 3640 2286 frequentiaque

2055 2309 2401 2380 angustiores
2435 2308 2755 2376 reddebant,
2788 2317 2840 2363 et
2879 2312 3098 2380 utrique
3152 2308 3428 2377 pellebant
3462 2308 3636 2364 haere-

2059 2405 2219 2471 ticos,
2244 2411 2298 2459 et
2324 2403 2658 2459 anathemati
2708 2403 3077 2472 subiiciebant
3112 2419 3125 2456 :
3166 2410 3222 2458 et
3271 2403 3509 2458 liaaretici
3564 2402 3640 2456 illi

2059 2505 2174 2551 tum
2201 2495 2429 2564 Grazcis,
2456 2506 2570 2551 tum
2599 2495 2810 2552 Latinis
2833 2497 3288 2552 adversabantur.
3308 2495 3463 2552 Nunc
3485 2513 3638 2563 vero,

2060 2599 2120 2644 ut
2151 2588 2251 2650 ais.
2269 2588 2474 2656 Latini,
2509 2591 2562 2644 in
2608 2589 2783 2644 aliena
2817 2589 3056 2660 prolapsi
3098 2591 3375 2660 dogmata,
3399 2601 3642 2647 nostram

2061 2682 2324 2738 unionem
2357 2691 2632 2740 recusant.
2671 2679 2910 2739 Ostende
2939 2681 2992 2738 id
3026 2697 3191 2754 quam
3232 2683 3494 2740 ocissime
3528 2699 3647 2739 ver-

2061 2775 2154 2843 bo,
2188 2777 2234 2831 si
2269 2785 2445 2845 potes.

2134 2865 2302 2921 Rhac.
2330 2867 2443 2937 Ego
2467 2881 2574 2922 non
2603 2866 2747 2921 aliud
2777 2867 3062 2922 ostendam
3091 2877 3451 2939 prmtcrquam
3498 2868 3646 2937 quod

2065 2975 2094 3014 a
2124 2961 2439 3032 quingentis
2465 2961 2621 3016 annis
2639 2959 2799 3018 scissi
2832 2962 3020 3028 simus,
3041 2972 3095 3017 et
3127 2977 3272 3018 nunc
3298 2960 3480 3018 adhuc
3507 2961 3647 3017 divi-

2065 3051 2266 3106 dimur.

2140 3145 2278 3198 .tud.
2316 3144 2472 3198 "and
2518 3145 2720 3200 decora
2755 3145 2866 3200 haec
2909 3147 3087 3202 oratio
3122 3146 3337 3203 videtur
3359 3187 3375 3214 ,
3406 3146 3518 3202 imo
3544 3162 3649 3218 po-

2067 3237 2175 3294 tius
2209 3238 2604 3308 improbabilis.

2139 3330 2294 3386 Pius.
2323 3331 2493 3386 Nemo
2513 3332 2658 3386 enim
2688 3331 3044 3399 inliciabitur,
3069 3333 3273 3389 multos
3326 3333 3526 3388 abhinc
3551 3348 3652 3388 an-

2063 3437 2166 3477 nos
2215 3421 2454 3477 scbisma
2493 3432 2742 3476 exortqu
2778 3437 2941 3486 esse;
2977 3424 3072 3478 sed
3121 3439 3390 3477 annorum
3445 3423 3647 3477 multo-

2064 3539 2186 3578 rum
2216 3523 2453 3594 spatium
2479 3538 2585 3577 non
2609 3537 2762 3592 aeque
2788 3531 2912 3592 pote
2937 3528 3022 3575 est
3069 3518 3136 3572 ad
3185 3515 3647 3582 convincendum,

2063 3615 2302 3670 Latinos
2326 3615 2616 3669 luereticos
2646 3629 2787 3669 esse.

2135 3706 2300 3765 Rliac.
2339 3705 2452 3761 lmo
2507 3706 2732 3776 optime.
2805 3705 2862 3758 In
2913 3704 3016 3758 hoc
3045 3706 3190 3757 enim
3229 3703 3650 3773 quingentorum

2065 3814 2334 3856 annorum
2378 3799 2614 3853 decursu
2650 3812 2755 3852 non
2791 3795 3015 3851 deluere
3059 3797 3355 3865 sapientes,
3388 3805 3442 3849 et
3471 3806 3651 3848 orato-

2066 3909 2175 3959 res,
2229 3901 2284 3948 et
2331 3892 2679 3964 patriarchae,
2729 3901 2786 3944 et
2817 3889 3178 3960 imperatores
3231 3887 3548 3943 schismatis
3593 3899 3652 3941 et

2065 3985 2431 4056 separationis
2464 3995 2922 4056 propugnatores,
2960 3995 3070 4036 non
3103 3980 3172 4035 ob
3201 3981 3360 4034 aliam
3398 3995 3648 4046 causam,

2067 4079 2113 4133 si
2151 4087 2297 4134 recte
2322 4077 2440 4150 ipse
2465 4078 2724 4146 conjicio,
2758 4077 2864 4132 nisi
2891 4075 3035 4146 quod
3063 4089 3158 4130 eos
3188 4083 3448 4145 tanquam
3483 4076 3653 4129 luere-

2071 4173 2211 4227 ticos
2233 4171 2698 4227 condemnabam.

2145 4264 2300 4320 Pius.
2333 4263 2517 4336 Neque
2548 4264 2648 4320 hoc
2691 4262 2980 4321 haereticos
3006 4276 3128 4318 esse
3171 4261 3394 4316 Latinos
3420 4259 3650 4316 evincit.

2141 4446 2306 4502 Rhac.
2336 4449 2419 4501 An
2455 4445 2545 4501 his
2581 4445 2843 4500 validiora
2876 4443 3162 4513 exposcis?

463 4559 618 4613 Εὐλ.
647 4555 900 4626 Κρινὲτω
949 4554 978 4606 6
1024 4554 1140 4615 τοῖς
1191 4549 1487 4621 ἡμετέροις
1541 4549 1724 4618 λόγοις
1777 4547 1960 4618 κριτὴς

2141 4540 2295 4593 Pius.
2329 4535 2547 4593 .Iudicet
2586 4537 2682 4608 qui
2725 4538 2933 4593 nostris
2969 4538 3196 4590 interest
3251 4543 3503 4602 astatque
3541 4548 3656 4588 ser-

380 4649 592 4715 καθεζό
599 4665 784 4719 μενος.

457 4748 586 4797 Δικ.
653 4739 883 4794 Σύνοδον
925 4737 1344 4806 οἱκουμενικὴν,
1401 4732 1595 4803 ὥσπερ
1653 4734 1712 4786 ἐν
1764 4732 1972 4804 ἑκάστῃ
2055 4773 2060 4777 .

374 4838 603 4907 αἱρέσει
637 4833 878 4901 ἐγένετο,
911 4831 1008 4884 καὶ
1062 4827 1415 4899 διαλεχθῆναι
1451 4827 1545 4880 καὶ
1600 4825 1728 4897 ὅρον
1787 4824 1964 4878 εκθεῖ-

373 4950 501 4995 ναι,
535 4928 635 4984 καὶ
659 4925 780 4982 κατ’
804 4923 987 4979 αὐτῶν
1011 4922 1314 4992 ἀποφῆναι,
1362 4919 1458 4973 καὶ
1485 4919 1610 4972 τότε
1653 4916 1730 4981 ὡς
1759 4919 1967 4984 αἱρετι-

372 5023 523 5084 acab;
550 5015 1019 5089 ἀποστρέφεσθαι,
1056 5014 1118 5068 οὐ
1145 5013 1292 5066 δοκεῖ
1346 5011 1556 5066 δίκαιον
1607 5005 1772 5075 εῖναι,
1831 5007 1970 5062 ἀλλὰ

377 5113 598 5190 μᾶλλον
619 5109 817 5172 ἀσεϐὲς
845 5107 940 5161 καὶ
966 5106 1357 5176 ἀπάνθρωπον,
1383 5103 1790 5158 ἁποὸἁλλεσθαι
1813 5099 1970 5155 ἀδελ-

371 5211 527 5282 φοὺς
561 5206 895 5276 ὁμοπῖστους
927 5200 1053 5270 δίχα
1096 5197 1392 5254 καθολικοῦ
1443 5199 1537 5251 καὶ
1579 5191 1968 5266 οἰκουμενικοῦ

376 5303 706 5376 κριτηρίου.

2075 4632 2333 4687 monibus
2367 4629 2556 4699 jndex.

2146 4722 2265 4777 Dic.
2293 4719 2658 4776 Convocanda
2693 4730 2814 4775 erat
2836 4717 3162 4773 universalis
3181 4714 3441 4787 synodus,
3464 4730 3657 4786 quern-

2073 4817 2367 4872 admodum
2431 4815 2486 4870 in
2543 4813 2666 4869 aliis
2702 4812 3000 4868 ltmresibus
3027 4809 3230 4866 factum
3258 4818 3362 4874 est,
3398 4809 3452 4864 in
3481 4823 3658 4878 eaque

2073 4918 2197 4980 post
2251 4907 2430 4964 varias
2480 4905 2918 4962 concertationes
2967 4902 3294 4974 proferenda
3352 4903 3651 4967 sententia,

2077 4998 2670 5068 dcterminandumque
2721 5006 2914 5052 contra
2963 5011 3092 5062 eos,
3133 5005 3247 5049 tum
3297 4995 3510 5049 demum
3564 5006 3659 5045 eos

2079 5108 2338 5166 tanquam
2389 5092 2678 5148 hazreticos
2735 5089 3000 5146 aversari.
3075 5085 3462 5142 Verumtamen
3531 5100 3656 5139 cum

2078 5189 2228 5245 nulla
2275 5185 2516 5257 synodus
2557 5184 2834 5239 celebrata
2883 5183 2980 5248 sit,
3022 5196 3202 5252 neque
3235 5195 3467 5250 usquam
3493 5193 3660 5246 appa-

2079 5293 2217 5349 reat,
2261 5282 2406 5335 haud
2442 5279 2656 5350 justum
2682 5276 2922 5341 videtur,
2957 5277 3091 5345 quin
3127 5275 3236 5328 inio
3273 5273 3547 5342 iniquum,
3580 5279 3661 5322 at-

372 5365 502 5476 que
533 5365 891 5454 inhumanum
919 5403 1038 5462 est,
1073 5391 1194 5446 sine
1243 5385 1514 5444 catholico
1569 5379 1973 5451 universalique
2003 5377 2212 5448 judicio
2245 5376 2492 5446 ejusdem
2563 5371 2685 5427 ﬁdei
2727 5370 2924 5425 fratres
2954 5389 2988 5426 ιι
3019 5370 3178 5425 nobis
3220 5368 3462 5424 seclusus
3533 5365 3661 5423 odio

376 5493 675 5570 prosequi.

479 5591 642 5644 'Pax.
685 5584 828 5640 Ἀλλ’
856 5580 1104 5650 εγένοντο
1130 5577 1226 5632 καὶ⁵
1251 5575 1486 5630 σύνοδοι.

469 5683 618 5738 tam.
648 5677 758 5733 nos
791 5677 894 5748 at);

483 5776 650 5829 Ῥακ.
718 5770 810 5826 Ἐν
844 5763 1163 5836 Λουγδούνῳ
1193 5763 1260 5832 τῇ
1282 5761 1458 5824 πόλει,
1490 5758 1523 5828 ἢ
1559 5755 1654 5811 καὶ
1690 5751 1852 5824 ὀγδόη
1881 5749 1966 5802 λέ-

378 5885 578 5944 γεται.

407 5960 414 5964 ”
604 5959 874 6022 Ρηιιοι..
907 5956 1028 6019 (in.
1065 5951 1267 6016 CLIX.

2143 5561 2308 5616 Rhac.
2341 5557 2446 5613 Sed
2474 5560 2682 5610 coactae
2712 5561 2844 5606 sunt
2875 5551 3094 5623 synodi.

2144 5654 2299 5708 Pius.
2330 5646 2609 5707 Ubinam?

2139 5745 2312 5800 Illinc.
2353 5744 2408 5798 In
2464 5741 2597 5796 urbe
2643 5735 3022 5810 Lugdunensi,
3070 5751 3190 5806 qua:
3244 5742 3296 5788 et
3347 5743 3547 5790 octava
3579 5731 3669 5788 di-

2086 5841 2249 5894 citur.

3233 5916 3304 5981 31
