  <div class='ocr_page' id='page_1' title='image "/cluster/home/n/w/nwhite01/storage/ocr_20150623/159/coo.31924054870641/494.png"; bbox 0 0 4028 6418; ppageno 0'>
   <div class='ocr_carea' id='block_1_1' title="bbox 354 420 466 482">
    <p class='ocr_par' dir='ltr' id='par_1_1' title="bbox 354 420 466 482">
     <span class='ocr_line' id='line_1_1' title="bbox 354 420 466 482; baseline -0.009 -6"><span class='ocrx_word' id='word_1_1' title='bbox 354 420 466 482; x_wconf 71' lang='grc'><strong>973</strong></span> 
     </span>
    </p>
   </div>
   <div class='ocr_carea' id='block_1_2' title="bbox 1295 411 2656 478">
    <p class='ocr_par' dir='ltr' id='par_1_2' title="bbox 1295 411 2656 478">
     <span class='ocr_line' id='line_1_2' title="bbox 1295 411 2656 478; baseline 0.001 -3"><span class='ocrx_word' id='word_1_2' title='bbox 1295 415 1790 475; x_wconf 74' lang='lat' dir='ltr'><strong>DISCEPTA&#39;I‘IO</strong></span> <span class='ocrx_word' id='word_1_3' title='bbox 1832 414 1979 472; x_wconf 60' lang='lat' dir='ltr'><strong>Pili)</strong></span> <span class='ocrx_word' id='word_1_4' title='bbox 2021 411 2232 473; x_wconf 70' lang='lat' dir='ltr'><strong>CONC.</strong></span> <span class='ocrx_word' id='word_1_5' title='bbox 2282 415 2656 478; x_wconf 67' lang='lat' dir='ltr'><strong>FLORENT.</strong></span> 
     </span>
    </p>
   </div>
   <div class='ocr_carea' id='block_1_3' title="bbox 3521 422 3626 484">
    <p class='ocr_par' dir='ltr' id='par_1_3' title="bbox 3521 422 3626 484">
     <span class='ocr_line' id='line_1_3' title="bbox 3521 422 3626 484; baseline 0.019 -2"><span class='ocrx_word' id='word_1_6' title='bbox 3521 422 3626 484; x_wconf 53' lang='lat'><strong>97.1</strong></span> 
     </span>
    </p>
   </div>
   <div class='ocr_carea' id='block_1_4' title="bbox 431 529 1924 606">
    <p class='ocr_par' dir='ltr' id='par_1_4' title="bbox 431 533 1924 605">
     <span class='ocr_line' id='line_1_4' title="bbox 431 533 1924 605; baseline -0.003 -16"><span class='ocrx_word' id='word_1_7' title='bbox 431 539 590 602; x_wconf 73' lang='grc' dir='ltr'>Ἀκρ.</span> <span class='ocrx_word' id='word_1_8' title='bbox 620 534 736 588; x_wconf 67' lang='grc' dir='ltr'>Νῦν</span> <span class='ocrx_word' id='word_1_9' title='bbox 770 537 793 586; x_wconf 75' lang='grc' dir='ltr'>ὁ</span> <span class='ocrx_word' id='word_1_10' title='bbox 845 534 1035 605; x_wconf 69' lang='grc' dir='ltr'>Πατὴρ</span> <span class='ocrx_word' id='word_1_11' title='bbox 1066 533 1404 604; x_wconf 70' lang='grc' dir='ltr'>ἀμφιϐάλλει</span> <span class='ocrx_word' id='word_1_12' title='bbox 1446 536 1587 588; x_wconf 74' lang='grc' dir='ltr'>κατὰ</span> <span class='ocrx_word' id='word_1_13' title='bbox 1644 535 1734 587; x_wconf 66' lang='grc' dir='ltr'><strong>τὸν</strong></span> <span class='ocrx_word' id='word_1_14' title='bbox 1783 535 1924 601; x_wconf 51' lang='grc' dir='ltr'>λόγοι</span> 
     </span>
    </p>
   </div>
   <div class='ocr_carea' id='block_1_5' title="bbox 2030 529 3622 606">
    <p class='ocr_par' dir='ltr' id='par_1_5' title="bbox 2121 529 3622 606">
     <span class='ocr_line' id='line_1_5' title="bbox 2121 529 3622 606; baseline 0.005 -22"><span class='ocrx_word' id='word_1_15' title='bbox 2121 531 2262 584; x_wconf 73' lang='lat' dir='ltr'><strong>And.</strong></span> <span class='ocrx_word' id='word_1_16' title='bbox 2297 530 2450 586; x_wconf 82' lang='lat' dir='ltr'><strong>Nunc</strong></span> <span class='ocrx_word' id='word_1_17' title='bbox 2475 529 2630 585; x_wconf 83' lang='lat' dir='ltr'><strong>Pater</strong></span> <span class='ocrx_word' id='word_1_18' title='bbox 2667 534 2763 586; x_wconf 90' lang='lat' dir='ltr'><strong>iste</strong></span> <span class='ocrx_word' id='word_1_19' title='bbox 2794 532 3023 600; x_wconf 60' lang='lat' dir='ltr'><strong>haesitat,</strong></span> <span class='ocrx_word' id='word_1_20' title='bbox 3062 543 3119 588; x_wconf 91' lang='lat' dir='ltr'><strong>ut</strong></span> <span class='ocrx_word' id='word_1_21' title='bbox 3147 550 3208 588; x_wconf 88' lang='lat' dir='ltr'><strong>cx</strong></span> <span class='ocrx_word' id='word_1_22' title='bbox 3242 535 3420 588; x_wconf 68' lang='lat' dir='ltr'><strong>verbis</strong></span> <span class='ocrx_word' id='word_1_23' title='bbox 3450 536 3622 606; x_wconf 69' lang='lat' dir='ltr'><strong>ipsius</strong></span> 
     </span>
    </p>
   </div>
   <div class='ocr_carea' id='block_1_6' title="bbox 356 647 547 683">
    <p class='ocr_par' dir='ltr' id='par_1_6' title="bbox 356 647 547 683">
     <span class='ocr_line' id='line_1_6' title="bbox 356 647 547 683; baseline -0.021 0"><span class='ocrx_word' id='word_1_24' title='bbox 356 647 547 683; x_wconf 84' lang='grc' dir='ltr'>αυτου.</span> 
     </span>
    </p>
   </div>
   <div class='ocr_carea' id='block_1_7' title="bbox 441 715 1934 791">
    <p class='ocr_par' dir='ltr' id='par_1_7' title="bbox 441 715 1934 791">
     <span class='ocr_line' id='line_1_7' title="bbox 441 715 1934 791; baseline -0.009 -9"><span class='ocrx_word' id='word_1_25' title='bbox 441 719 580 774; x_wconf 59' lang='lat'><strong>£131-</strong></span> <span class='ocrx_word' id='word_1_26' title='bbox 620 719 679 771; x_wconf 75' lang='grc' dir='ltr'><strong>Εῑ</strong></span> <span class='ocrx_word' id='word_1_27' title='bbox 709 715 798 791; x_wconf 76' lang='grc' dir='ltr'><strong>ἦν,</strong></span> <span class='ocrx_word' id='word_1_28' title='bbox 825 718 1002 786; x_wconf 79' lang='grc' dir='ltr'>ἐφάνη</span> <span class='ocrx_word' id='word_1_29' title='bbox 1041 718 1128 772; x_wconf 81' lang='grc' dir='ltr'><strong>ἄν.</strong></span> <span class='ocrx_word' id='word_1_30' title='bbox 1176 717 1249 770; x_wconf 85' lang='grc' dir='ltr'><strong>Τδ</strong></span> <span class='ocrx_word' id='word_1_31' title='bbox 1278 717 1334 770; x_wconf 66' lang='grc' dir='ltr'><strong>δὲ</strong></span> <span class='ocrx_word' id='word_1_32' title='bbox 1369 719 1564 783; x_wconf 82' lang='grc' dir='ltr'>εἰπεῖν,</span> <span class='ocrx_word' id='word_1_33' title='bbox 1620 719 1722 782; x_wconf 84' lang='grc' dir='ltr'>ὅτι,</span> <span class='ocrx_word' id='word_1_34' title='bbox 1790 737 1806 769; x_wconf 82' lang='grc' dir='ltr'><strong>ι</strong></span> <span class='ocrx_word' id='word_1_35' title='bbox 1839 719 1934 782; x_wconf 79' lang='grc' dir='ltr'>Τίς</span> 
     </span>
    </p>
   </div>
   <div class='ocr_carea' id='block_1_8' title="bbox 369 808 1934 880">
    <p class='ocr_par' dir='ltr' id='par_1_8' title="bbox 369 808 1934 880">
     <span class='ocr_line' id='line_1_8' title="bbox 369 808 1934 880; baseline -0.003 -14"><span class='ocrx_word' id='word_1_36' title='bbox 369 808 533 877; x_wconf 70' lang='grc' dir='ltr'>οἶδεν;</span> <span class='ocrx_word' id='word_1_37' title='bbox 574 831 591 861; x_wconf 73' lang='grc' dir='ltr'><strong>ι</strong></span> <span class='ocrx_word' id='word_1_38' title='bbox 658 809 820 863; x_wconf 86' lang='grc' dir='ltr'>τοῦτο</span> <span class='ocrx_word' id='word_1_39' title='bbox 875 810 1176 880; x_wconf 70' lang='grc' dir='ltr'>ἁμφίδολον</span> <span class='ocrx_word' id='word_1_40' title='bbox 1238 809 1510 879; x_wconf 75' lang='grc' dir='ltr'>ὑπάρχεισ</span> <span class='ocrx_word' id='word_1_41' title='bbox 1559 810 1664 861; x_wconf 70' lang='grc' dir='ltr'><strong>ἀπὸ</strong></span> <span class='ocrx_word' id='word_1_42' title='bbox 1713 811 1769 861; x_wconf 80' lang='grc' dir='ltr'><strong>δὲ</strong></span> <span class='ocrx_word' id='word_1_43' title='bbox 1825 810 1934 862; x_wconf 79' lang='grc' dir='ltr'><strong>τῶν</strong></span> 
     </span>
    </p>
   </div>
   <div class='ocr_carea' id='block_1_9' title="bbox 371 902 1929 973">
    <p class='ocr_par' dir='ltr' id='par_1_9' title="bbox 371 902 1929 973">
     <span class='ocr_line' id='line_1_9' title="bbox 371 902 1929 973; baseline -0.001 -13"><span class='ocrx_word' id='word_1_44' title='bbox 371 905 684 972; x_wconf 72' lang='grc' dir='ltr'>ἀμφιϐόλων</span> <span class='ocrx_word' id='word_1_45' title='bbox 709 904 865 956; x_wconf 78' lang='grc' dir='ltr'>οὐδὲν</span> <span class='ocrx_word' id='word_1_46' title='bbox 925 904 1220 969; x_wconf 74' lang='grc' dir='ltr'>συνάγεται</span> <span class='ocrx_word' id='word_1_47' title='bbox 1277 903 1474 972; x_wconf 70' lang='grc' dir='ltr'>ἀληθὲς</span> <span class='ocrx_word' id='word_1_48' title='bbox 1533 902 1929 973; x_wconf 76' lang='grc' dir='ltr'>συμπέρασμα.</span> 
     </span>
    </p>
   </div>
   <div class='ocr_carea' id='block_1_10' title="bbox 361 993 1936 1062">
    <p class='ocr_par' dir='ltr' id='par_1_10' title="bbox 361 993 1936 1062">
     <span class='ocr_line' id='line_1_10' title="bbox 361 993 1936 1062; baseline -0.001 -12"><span class='ocrx_word' id='word_1_49' title='bbox 361 999 576 1051; x_wconf 73' lang='grc' dir='ltr'>Μᾶλλον</span> <span class='ocrx_word' id='word_1_50' title='bbox 641 997 750 1049; x_wconf 80' lang='grc' dir='ltr'>ἀπὸ</span> <span class='ocrx_word' id='word_1_51' title='bbox 821 996 1012 1048; x_wconf 77' lang='grc' dir='ltr'>τούτου</span> <span class='ocrx_word' id='word_1_52' title='bbox 1061 993 1156 1046; x_wconf 82' lang='grc' dir='ltr'><strong>τοῦ</strong></span> <span class='ocrx_word' id='word_1_53' title='bbox 1223 994 1384 1062; x_wconf 80' lang='grc' dir='ltr'>λόγου</span> <span class='ocrx_word' id='word_1_54' title='bbox 1437 995 1514 1055; x_wconf 86' lang='grc' dir='ltr'><strong>είς</strong></span> <span class='ocrx_word' id='word_1_55' title='bbox 1570 994 1808 1062; x_wconf 63' lang='grc' dir='ltr'>ὑποψίαν</span> <span class='ocrx_word' id='word_1_56' title='bbox 1875 997 1936 1049; x_wconf 68' lang='grc' dir='ltr'><strong>ἄν</strong></span> 
     </span>
    </p>
   </div>
   <div class='ocr_carea' id='block_1_11' title="bbox 359 1106 603 1156">
    <p class='ocr_par' dir='ltr' id='par_1_11' title="bbox 359 1106 603 1156">
     <span class='ocr_line' id='line_1_11' title="bbox 359 1106 603 1156; baseline 0.008 -16"><span class='ocrx_word' id='word_1_57' title='bbox 359 1107 478 1155; x_wconf 83' lang='grc' dir='ltr'>γεις</span> <span class='ocrx_word' id='word_1_58' title='bbox 517 1106 603 1156; x_wconf 73' lang='grc' dir='ltr'>με.</span> 
     </span>
    </p>
   </div>
   <div class='ocr_carea' id='block_1_12' title="bbox 445 1179 1210 1243">
    <p class='ocr_par' dir='ltr' id='par_1_12' title="bbox 445 1179 1210 1243">
     <span class='ocr_line' id='line_1_12' title="bbox 445 1179 1210 1243; baseline -0.004 -8"><span class='ocrx_word' id='word_1_59' title='bbox 445 1182 610 1235; x_wconf 73' lang='grc' dir='ltr'>Ῥαιι.</span> <span class='ocrx_word' id='word_1_60' title='bbox 641 1180 706 1233; x_wconf 86' lang='grc' dir='ltr'>Τί</span> <span class='ocrx_word' id='word_1_61' title='bbox 743 1181 804 1232; x_wconf 69' lang='grc' dir='ltr'>σὺ</span> <span class='ocrx_word' id='word_1_62' title='bbox 838 1179 1168 1243; x_wconf 73' lang='grc' dir='ltr'><strong>ὑποπτεύεις</strong></span> <span class='ocrx_word' id='word_1_63' title='bbox 1197 1197 1210 1243; x_wconf 87' lang='grc'>;</span> 
     </span>
    </p>
   </div>
   <div class='ocr_carea' id='block_1_13' title="bbox 434 1271 1928 1342">
    <p class='ocr_par' dir='ltr' id='par_1_13' title="bbox 434 1271 1928 1342">
     <span class='ocr_line' id='line_1_13' title="bbox 434 1271 1928 1342; baseline -0.002 -14"><span class='ocrx_word' id='word_1_64' title='bbox 434 1273 580 1328; x_wconf 77' lang='grc' dir='ltr'><strong>Εὐλ.</strong></span> <span class='ocrx_word' id='word_1_65' title='bbox 617 1273 940 1326; x_wconf 82' lang='grc' dir='ltr'>Ὑποπτεύω</span> <span class='ocrx_word' id='word_1_66' title='bbox 965 1276 1073 1326; x_wconf 80' lang='grc' dir='ltr'>πᾶν</span> <span class='ocrx_word' id='word_1_67' title='bbox 1103 1273 1437 1338; x_wconf 73' lang='grc' dir='ltr'>τούναντίον,</span> <span class='ocrx_word' id='word_1_68' title='bbox 1471 1273 1606 1342; x_wconf 71' lang='grc' dir='ltr'>ὅπερ</span> <span class='ocrx_word' id='word_1_69' title='bbox 1638 1289 1702 1326; x_wconf 90' lang='grc' dir='ltr'>συ</span> <span class='ocrx_word' id='word_1_70' title='bbox 1725 1271 1928 1338; x_wconf 80' lang='grc' dir='ltr'>λέγεις.</span> 
     </span>
    </p>
   </div>
   <div class='ocr_carea' id='block_1_14' title="bbox 352 1364 1925 1436">
    <p class='ocr_par' dir='ltr' id='par_1_14' title="bbox 352 1364 1925 1436">
     <span class='ocr_line' id='line_1_14' title="bbox 352 1364 1925 1436; baseline -0.001 -17"><span class='ocrx_word' id='word_1_71' title='bbox 352 1369 418 1420; x_wconf 83' lang='grc' dir='ltr'><strong>Εἰ</strong></span> <span class='ocrx_word' id='word_1_72' title='bbox 449 1369 560 1436; x_wconf 68' lang='grc' dir='ltr'><strong>γὰρ</strong></span> <span class='ocrx_word' id='word_1_73' title='bbox 590 1369 731 1418; x_wconf 79' lang='grc' dir='ltr'><strong>κατά</strong></span> <span class='ocrx_word' id='word_1_74' title='bbox 755 1366 1004 1419; x_wconf 80' lang='grc' dir='ltr'>Λατίνων</span> <span class='ocrx_word' id='word_1_75' title='bbox 1027 1367 1083 1418; x_wconf 83' lang='grc' dir='ltr'>ἐν</span> <span class='ocrx_word' id='word_1_76' title='bbox 1107 1369 1171 1434; x_wconf 80' lang='grc' dir='ltr'>τῇ</span> <span class='ocrx_word' id='word_1_77' title='bbox 1203 1365 1406 1435; x_wconf 82' lang='grc' dir='ltr'><strong>συνόδῳ</strong></span> <span class='ocrx_word' id='word_1_78' title='bbox 1440 1364 1622 1435; x_wconf 67' lang='grc' dir='ltr'>ἐκείνῃ</span> <span class='ocrx_word' id='word_1_79' title='bbox 1654 1366 1925 1435; x_wconf 70' lang='grc' dir='ltr'>ἐπράχθη,</span> 
     </span>
    </p>
   </div>
   <div class='ocr_carea' id='block_1_15' title="bbox 351 1457 1930 1530">
    <p class='ocr_par' dir='ltr' id='par_1_15' title="bbox 351 1457 1930 1530">
     <span class='ocr_line' id='line_1_15' title="bbox 351 1457 1930 1530; baseline -0.001 -18"><span class='ocrx_word' id='word_1_80' title='bbox 351 1457 503 1530; x_wconf 81' lang='grc' dir='ltr'>εἶχον</span> <span class='ocrx_word' id='word_1_81' title='bbox 534 1464 597 1514; x_wconf 82' lang='grc' dir='ltr'>ἂν</span> <span class='ocrx_word' id='word_1_82' title='bbox 635 1460 931 1528; x_wconf 81' lang='grc' dir='ltr'>οίΓραικοὶ</span> <span class='ocrx_word' id='word_1_83' title='bbox 955 1459 1054 1522; x_wconf 76' lang='grc' dir='ltr'><strong>τὰς</strong></span> <span class='ocrx_word' id='word_1_84' title='bbox 1103 1458 1340 1528; x_wconf 77' lang='grc' dir='ltr'>βίϐλους,</span> <span class='ocrx_word' id='word_1_85' title='bbox 1377 1457 1564 1528; x_wconf 87' lang='grc' dir='ltr'>ῶσπερ</span> <span class='ocrx_word' id='word_1_86' title='bbox 1616 1461 1796 1527; x_wconf 77' lang='grc' dir='ltr'>χρυσᾶ.</span> <span class='ocrx_word' id='word_1_87' title='bbox 1841 1460 1930 1525; x_wconf 79' lang='grc' dir='ltr'>ἐγ-</span> 
     </span>
    </p>
   </div>
   <div class='ocr_carea' id='block_1_16' title="bbox 353 1549 1930 1620">
    <p class='ocr_par' dir='ltr' id='par_1_16' title="bbox 353 1549 1930 1620">
     <span class='ocr_line' id='line_1_16' title="bbox 353 1549 1930 1620; baseline -0.002 -14"><span class='ocrx_word' id='word_1_88' title='bbox 353 1554 553 1606; x_wconf 82' lang='grc' dir='ltr'>κόλπια</span> <span class='ocrx_word' id='word_1_89' title='bbox 581 1552 1012 1620; x_wconf 79' lang='grc' dir='ltr'><strong>φυλαττομένας,</strong></span> <span class='ocrx_word' id='word_1_90' title='bbox 1054 1553 1140 1613; x_wconf 86' lang='grc' dir='ltr'><strong>είς</strong></span> <span class='ocrx_word' id='word_1_91' title='bbox 1183 1551 1244 1603; x_wconf 79' lang='grc' dir='ltr'>τὸ</span> <span class='ocrx_word' id='word_1_92' title='bbox 1299 1549 1570 1603; x_wconf 79' lang='grc' dir='ltr'>δεικνύειν</span> <span class='ocrx_word' id='word_1_93' title='bbox 1630 1552 1744 1612; x_wconf 87' lang='grc' dir='ltr'>τοῖς</span> <span class='ocrx_word' id='word_1_94' title='bbox 1790 1550 1930 1619; x_wconf 77' lang='grc' dir='ltr'>μετὰ</span> 
     </span>
    </p>
   </div>
   <div class='ocr_carea' id='block_1_17' title="bbox 2043 624 2259 693">
    <p class='ocr_par' dir='ltr' id='par_1_17' title="bbox 2043 624 2259 693">
     <span class='ocr_line' id='line_1_17' title="bbox 2043 624 2259 693; baseline 0.005 -16"><span class='ocrx_word' id='word_1_95' title='bbox 2043 624 2259 693; x_wconf 80' lang='lat' dir='ltr'><strong>colligo.</strong></span> 
     </span>
    </p>
   </div>
   <div class='ocr_carea' id='block_1_18' title="bbox 2115 717 3618 790">
    <p class='ocr_par' dir='ltr' id='par_1_18' title="bbox 2115 717 3618 790">
     <span class='ocr_line' id='line_1_18' title="bbox 2115 717 3618 790; baseline 0.001 -19"><span class='ocrx_word' id='word_1_96' title='bbox 2115 717 2272 772; x_wconf 81' lang='lat' dir='ltr'><strong>Pius.</strong></span> <span class='ocrx_word' id='word_1_97' title='bbox 2312 717 2365 772; x_wconf 90' lang='lat' dir='ltr'><strong>Si</strong></span> <span class='ocrx_word' id='word_1_98' title='bbox 2396 728 2559 786; x_wconf 82' lang='lat' dir='ltr'><strong>esset,</strong></span> <span class='ocrx_word' id='word_1_99' title='bbox 2587 719 2930 790; x_wconf 88' lang='lat' dir='ltr'><strong>apparuisset</strong></span> <span class='ocrx_word' id='word_1_100' title='bbox 2966 720 3176 788; x_wconf 87' lang='lat' dir='ltr'><strong>utique.</strong></span> <span class='ocrx_word' id='word_1_101' title='bbox 3215 723 3278 773; x_wconf 77' lang='lat' dir='ltr'><strong>At</strong></span> <span class='ocrx_word' id='word_1_102' title='bbox 3305 721 3618 786; x_wconf 86' lang='lat' dir='ltr'><strong>enuntiare,</strong></span> 
     </span>
    </p>
   </div>
   <div class='ocr_carea' id='block_1_19' title="bbox 2045 811 3612 882">
    <p class='ocr_par' dir='ltr' id='par_1_19' title="bbox 2045 811 3612 882">
     <span class='ocr_line' id='line_1_19' title="bbox 2045 811 3612 882; baseline 0.003 -20"><span class='ocrx_word' id='word_1_103' title='bbox 2045 831 2063 862; x_wconf 76' lang='grc' dir='ltr'><strong>ε</strong></span> <span class='ocrx_word' id='word_1_104' title='bbox 2104 811 2241 876; x_wconf 85' lang='lat' dir='ltr'><strong>Quis</strong></span> <span class='ocrx_word' id='word_1_105' title='bbox 2269 811 2417 865; x_wconf 86' lang='lat' dir='ltr'><strong>scit?</strong></span> <span class='ocrx_word' id='word_1_106' title='bbox 2452 832 2469 863; x_wconf 79' lang='grc' dir='ltr'><strong>ι</strong></span> <span class='ocrx_word' id='word_1_107' title='bbox 2516 813 2830 882; x_wconf 74' lang='lat' dir='ltr'><strong>ambiguum</strong></span> <span class='ocrx_word' id='word_1_108' title='bbox 2857 823 2935 866; x_wconf 89' lang='lat' dir='ltr'><strong>est</strong></span> <span class='ocrx_word' id='word_1_109' title='bbox 2998 822 3162 882; x_wconf 90' lang='lat' dir='ltr'><strong>atque</strong></span> <span class='ocrx_word' id='word_1_110' title='bbox 3199 814 3492 868; x_wconf 88' lang='lat' dir='ltr'><strong>incertunt.</strong></span> <span class='ocrx_word' id='word_1_111' title='bbox 3538 811 3612 867; x_wconf 84' lang='lat' dir='ltr'><strong>Ex</strong></span> 
     </span>
    </p>
   </div>
   <div class='ocr_carea' id='block_1_20' title="bbox 2037 903 3620 974">
    <p class='ocr_par' dir='ltr' id='par_1_20' title="bbox 2037 903 3620 974">
     <span class='ocr_line' id='line_1_20' title="bbox 2037 903 3620 974; baseline 0.001 -18"><span class='ocrx_word' id='word_1_112' title='bbox 2037 903 2307 971; x_wconf 81' lang='lat' dir='ltr'><strong>ambiguis</strong></span> <span class='ocrx_word' id='word_1_113' title='bbox 2384 904 2720 974; x_wconf 81' lang='lat' dir='ltr'><strong>incertisque</strong></span> <span class='ocrx_word' id='word_1_114' title='bbox 2798 905 2944 957; x_wconf 83' lang='lat' dir='ltr'><strong>nulla</strong></span> <span class='ocrx_word' id='word_1_115' title='bbox 3024 919 3152 959; x_wconf 82' lang='lat' dir='ltr'><strong>vera</strong></span> <span class='ocrx_word' id='word_1_116' title='bbox 3216 904 3436 958; x_wconf 74' lang='lat' dir='ltr'><strong>elicitur</strong></span> <span class='ocrx_word' id='word_1_117' title='bbox 3485 920 3620 958; x_wconf 81' lang='lat' dir='ltr'><strong>con-</strong></span> 
     </span>
    </p>
   </div>
   <div class='ocr_carea' id='block_1_21' title="bbox 2038 993 3611 1067">
    <p class='ocr_par' dir='ltr' id='par_1_21' title="bbox 2038 993 3611 1067">
     <span class='ocr_line' id='line_1_21' title="bbox 2038 993 3611 1067; baseline 0.004 -22"><span class='ocrx_word' id='word_1_118' title='bbox 2038 994 2232 1048; x_wconf 89' lang='lat' dir='ltr'><strong>clusio.</strong></span> <span class='ocrx_word' id='word_1_119' title='bbox 2288 993 2397 1047; x_wconf 85' lang='lat' dir='ltr'><strong>luto</strong></span> <span class='ocrx_word' id='word_1_120' title='bbox 2438 994 2539 1048; x_wconf 88' lang='lat' dir='ltr'><strong>hoc</strong></span> <span class='ocrx_word' id='word_1_121' title='bbox 2579 1006 2668 1048; x_wconf 92' lang='lat' dir='ltr'><strong>tuo</strong></span> <span class='ocrx_word' id='word_1_122' title='bbox 2718 1010 2972 1050; x_wconf 89' lang='lat' dir='ltr'><strong>sermone</strong></span> <span class='ocrx_word' id='word_1_123' title='bbox 3020 1010 3106 1050; x_wconf 87' lang='lat' dir='ltr'><strong>me</strong></span> <span class='ocrx_word' id='word_1_124' title='bbox 3136 996 3191 1049; x_wconf 91' lang='lat' dir='ltr'><strong>in</strong></span> <span class='ocrx_word' id='word_1_125' title='bbox 3243 997 3611 1067; x_wconf 84' lang='lat' dir='ltr'><strong>suspicionem</strong></span> 
     </span>
    </p>
   </div>
   <div class='ocr_carea' id='block_1_22' title="bbox 2037 1085 2278 1141">
    <p class='ocr_par' dir='ltr' id='par_1_22' title="bbox 2037 1085 2278 1141">
     <span class='ocr_line' id='line_1_22' title="bbox 2037 1085 2278 1141; baseline 0.004 -4"><span class='ocrx_word' id='word_1_126' title='bbox 2037 1085 2278 1141; x_wconf 82' lang='lat' dir='ltr'><strong>adducis.</strong></span> 
     </span>
    </p>
   </div>
   <div class='ocr_carea' id='block_1_23' title="bbox 2115 1179 2828 1250">
    <p class='ocr_par' dir='ltr' id='par_1_23' title="bbox 2115 1179 2828 1250">
     <span class='ocr_line' id='line_1_23' title="bbox 2115 1179 2828 1250; baseline 0.008 -20"><span class='ocrx_word' id='word_1_127' title='bbox 2115 1179 2278 1235; x_wconf 70' lang='lat' dir='ltr'><strong>ll/iac.</strong></span> <span class='ocrx_word' id='word_1_128' title='bbox 2309 1179 2449 1246; x_wconf 82' lang='lat' dir='ltr'><strong>Quid</strong></span> <span class='ocrx_word' id='word_1_129' title='bbox 2491 1181 2828 1250; x_wconf 78' lang='lat' dir='ltr'><strong>suspicaris?</strong></span> 
     </span>
    </p>
   </div>
   <div class='ocr_carea' id='block_1_24' title="bbox 2115 1271 3616 1342">
    <p class='ocr_par' dir='ltr' id='par_1_24' title="bbox 2115 1271 3616 1342">
     <span class='ocr_line' id='line_1_24' title="bbox 2115 1271 3616 1342; baseline 0.004 -16"><span class='ocrx_word' id='word_1_130' title='bbox 2115 1271 2266 1326; x_wconf 83' lang='lat' dir='ltr'><strong>Pius.</strong></span> <span class='ocrx_word' id='word_1_131' title='bbox 2300 1273 2564 1342; x_wconf 86' lang='lat' dir='ltr'><strong>Suspicor</strong></span> <span class='ocrx_word' id='word_1_132' title='bbox 2591 1274 2774 1328; x_wconf 85' lang='lat' dir='ltr'><strong>omnia</strong></span> <span class='ocrx_word' id='word_1_133' title='bbox 2809 1275 2914 1330; x_wconf 89' lang='lat' dir='ltr'><strong>tuis</strong></span> <span class='ocrx_word' id='word_1_134' title='bbox 2943 1276 3122 1329; x_wconf 81' lang='lat' dir='ltr'><strong>verbis</strong></span> <span class='ocrx_word' id='word_1_135' title='bbox 3160 1277 3454 1331; x_wconf 89' lang='lat' dir='ltr'><strong>contraria.</strong></span> <span class='ocrx_word' id='word_1_136' title='bbox 3493 1276 3616 1332; x_wconf 63' lang='lat' dir='ltr'><strong>Ete-</strong></span> 
     </span>
    </p>
   </div>
   <div class='ocr_carea' id='block_1_25' title="bbox 2036 1367 3607 1440">
    <p class='ocr_par' dir='ltr' id='par_1_25' title="bbox 2036 1367 3607 1440">
     <span class='ocr_line' id='line_1_25' title="bbox 2036 1367 3607 1440; baseline 0.001 -20"><span class='ocrx_word' id='word_1_137' title='bbox 2036 1367 2148 1420; x_wconf 88' lang='lat' dir='ltr'><strong>nim</strong></span> <span class='ocrx_word' id='word_1_138' title='bbox 2200 1367 2245 1422; x_wconf 90' lang='lat' dir='ltr'><strong>si</strong></span> <span class='ocrx_word' id='word_1_139' title='bbox 2294 1376 2485 1422; x_wconf 87' lang='lat' dir='ltr'><strong>contra</strong></span> <span class='ocrx_word' id='word_1_140' title='bbox 2521 1367 2748 1422; x_wconf 75' lang='lat' dir='ltr'><strong>Latinos</strong></span> <span class='ocrx_word' id='word_1_141' title='bbox 2773 1383 2837 1422; x_wconf 91' lang='lat' dir='ltr'><strong>ea</strong></span> <span class='ocrx_word' id='word_1_142' title='bbox 2872 1370 2922 1422; x_wconf 92' lang='lat' dir='ltr'><strong>in</strong></span> <span class='ocrx_word' id='word_1_143' title='bbox 2966 1371 3175 1440; x_wconf 87' lang='lat' dir='ltr'><strong>synodo</strong></span> <span class='ocrx_word' id='word_1_144' title='bbox 3213 1382 3393 1425; x_wconf 86' lang='lat' dir='ltr'><strong>actum</strong></span> <span class='ocrx_word' id='word_1_145' title='bbox 3436 1381 3607 1436; x_wconf 83' lang='lat' dir='ltr'><strong>esset,</strong></span> 
     </span>
    </p>
   </div>
   <div class='ocr_carea' id='block_1_26' title="bbox 2037 1459 3615 1532">
    <p class='ocr_par' dir='ltr' id='par_1_26' title="bbox 2037 1459 3615 1532">
     <span class='ocr_line' id='line_1_26' title="bbox 2037 1459 3615 1532; baseline 0.003 -21"><span class='ocrx_word' id='word_1_146' title='bbox 2037 1468 2352 1513; x_wconf 84' lang='lat' dir='ltr'><strong>servassent</strong></span> <span class='ocrx_word' id='word_1_147' title='bbox 2383 1459 2484 1514; x_wconf 84' lang='lat' dir='ltr'><strong>sibi</strong></span> <span class='ocrx_word' id='word_1_148' title='bbox 2513 1460 2686 1516; x_wconf 73' lang='lat' dir='ltr'><strong>Graeci</strong></span> <span class='ocrx_word' id='word_1_149' title='bbox 2717 1461 2904 1526; x_wconf 80' lang='lat' dir='ltr'><strong>libros,</strong></span> <span class='ocrx_word' id='word_1_150' title='bbox 2935 1472 3191 1532; x_wconf 82' lang='lat' dir='ltr'><strong>tanquam</strong></span> <span class='ocrx_word' id='word_1_151' title='bbox 3228 1479 3393 1517; x_wconf 86' lang='lat' dir='ltr'><strong>aurea</strong></span> <span class='ocrx_word' id='word_1_152' title='bbox 3436 1464 3615 1516; x_wconf 86' lang='lat' dir='ltr'><strong>moni-</strong></span> 
     </span>
    </p>
   </div>
   <div class='ocr_carea' id='block_1_27' title="bbox 2035 1549 3611 1621">
    <p class='ocr_par' dir='ltr' id='par_1_27' title="bbox 2035 1549 3611 1621">
     <span class='ocr_line' id='line_1_27' title="bbox 2035 1549 3611 1621; baseline 0.004 -19"><span class='ocrx_word' id='word_1_153' title='bbox 2035 1549 2103 1603; x_wconf 89' lang='lat' dir='ltr'><strong>lia</strong></span> <span class='ocrx_word' id='word_1_154' title='bbox 2139 1550 2191 1604; x_wconf 90' lang='lat' dir='ltr'><strong>in</strong></span> <span class='ocrx_word' id='word_1_155' title='bbox 2228 1563 2446 1620; x_wconf 87' lang='lat' dir='ltr'><strong>pectore</strong></span> <span class='ocrx_word' id='word_1_156' title='bbox 2478 1553 2678 1608; x_wconf 79' lang='lat' dir='ltr'><strong>futuris</strong></span> <span class='ocrx_word' id='word_1_157' title='bbox 2713 1554 3026 1608; x_wconf 84' lang='lat' dir='ltr'><strong>hominibus</strong></span> <span class='ocrx_word' id='word_1_158' title='bbox 3057 1555 3352 1621; x_wconf 84' lang='lat' dir='ltr'><strong>ostensuri,</strong></span> <span class='ocrx_word' id='word_1_159' title='bbox 3390 1571 3496 1610; x_wconf 88' lang='lat' dir='ltr'><strong>non</strong></span> <span class='ocrx_word' id='word_1_160' title='bbox 3529 1556 3611 1608; x_wconf 61' lang='lat' dir='ltr'><strong>lno</strong></span> 
     </span>
    </p>
   </div>
   <div class='ocr_carea' id='block_1_28' title="bbox 353 1626 1924 1718">
    <p class='ocr_par' dir='ltr' id='par_1_28' title="bbox 353 1642 1924 1714">
     <span class='ocr_line' id='line_1_28' title="bbox 353 1642 1924 1714; baseline -0.001 -18"><span class='ocrx_word' id='word_1_161' title='bbox 353 1646 551 1710; x_wconf 81' lang='grc' dir='ltr'>ταῦτα,</span> <span class='ocrx_word' id='word_1_162' title='bbox 583 1645 665 1697; x_wconf 84' lang='grc' dir='ltr'>ὅτι</span> <span class='ocrx_word' id='word_1_163' title='bbox 705 1645 928 1707; x_wconf 81' lang='grc' dir='ltr'><strong>δικαίως</strong></span> <span class='ocrx_word' id='word_1_164' title='bbox 959 1645 1140 1697; x_wconf 76' lang='grc' dir='ltr'>αὐτῶν</span> <span class='ocrx_word' id='word_1_165' title='bbox 1187 1643 1593 1714; x_wconf 72' lang='grc' dir='ltr'>ἐχωρίσθησαν.</span> <span class='ocrx_word' id='word_1_166' title='bbox 1659 1642 1813 1695; x_wconf 77' lang='grc' dir='ltr'>Ἐπεὶ</span> <span class='ocrx_word' id='word_1_167' title='bbox 1872 1643 1924 1696; x_wconf 77' lang='grc' dir='ltr'><strong>δὲ</strong></span> 
     </span>
    </p>
   </div>
   <div class='ocr_carea' id='block_1_29' title="bbox 2030 1626 3613 1718">
    <p class='ocr_par' dir='ltr' id='par_1_29' title="bbox 2030 1626 3613 1718">
     <span class='ocr_line' id='line_1_29' title="bbox 2030 1626 3613 1718; baseline 0.008 -28"><span class='ocrx_word' id='word_1_168' title='bbox 2030 1641 2171 1708; x_wconf 87' lang='lat' dir='ltr'><strong>juria</strong></span> <span class='ocrx_word' id='word_1_169' title='bbox 2199 1657 2257 1695; x_wconf 91' lang='lat' dir='ltr'><strong>se</strong></span> <span class='ocrx_word' id='word_1_170' title='bbox 2285 1626 2499 1697; x_wconf 84' lang='lat' dir='ltr'><strong>abillis</strong></span> <span class='ocrx_word' id='word_1_171' title='bbox 2542 1655 2842 1714; x_wconf 87' lang='lat' dir='ltr'><strong>separatos.</strong></span> <span class='ocrx_word' id='word_1_172' title='bbox 2881 1646 3016 1700; x_wconf 83' lang='lat' dir='ltr'><strong>Cum</strong></span> <span class='ocrx_word' id='word_1_173' title='bbox 3057 1663 3186 1702; x_wconf 75' lang='lat' dir='ltr'><strong>vero</strong></span> <span class='ocrx_word' id='word_1_174' title='bbox 3219 1645 3361 1718; x_wconf 91' lang='lat' dir='ltr'><strong>apud</strong></span> <span class='ocrx_word' id='word_1_175' title='bbox 3393 1646 3613 1702; x_wconf 67' lang='lat' dir='ltr'><strong>Grmcos</strong></span> 
     </span>
    </p>
   </div>
   <div class='ocr_carea' id='block_1_30' title="bbox 353 1735 1928 1806">
    <p class='ocr_par' dir='ltr' id='par_1_30' title="bbox 353 1735 1928 1806">
     <span class='ocr_line' id='line_1_30' title="bbox 353 1735 1928 1806; baseline -0.001 -18"><span class='ocrx_word' id='word_1_176' title='bbox 353 1738 512 1806; x_wconf 83' lang='grc' dir='ltr'><strong>παρὰ</strong></span> <span class='ocrx_word' id='word_1_177' title='bbox 539 1738 638 1805; x_wconf 81' lang='grc' dir='ltr'>μὲν</span> <span class='ocrx_word' id='word_1_178' title='bbox 666 1740 777 1800; x_wconf 81' lang='grc' dir='ltr'>τοῖς</span> <span class='ocrx_word' id='word_1_179' title='bbox 805 1737 1059 1806; x_wconf 83' lang='grc' dir='ltr'>Γραικοῖς</span> <span class='ocrx_word' id='word_1_180' title='bbox 1085 1735 1264 1805; x_wconf 75' lang='grc' dir='ltr'>βίϐλος</span> <span class='ocrx_word' id='word_1_181' title='bbox 1299 1737 1359 1788; x_wconf 84' lang='grc' dir='ltr'><strong>οῦ</strong></span> <span class='ocrx_word' id='word_1_182' title='bbox 1415 1737 1667 1804; x_wconf 80' lang='grc' dir='ltr'>φαίνεται</span> <span class='ocrx_word' id='word_1_183' title='bbox 1703 1736 1928 1806; x_wconf 75' lang='grc' dir='ltr'><strong>οὐδεμία</strong></span> 
     </span>
    </p>
   </div>
   <div class='ocr_carea' id='block_1_31' title="bbox 353 1827 1925 1899">
    <p class='ocr_par' dir='ltr' id='par_1_31' title="bbox 353 1827 1925 1899">
     <span class='ocr_line' id='line_1_31' title="bbox 353 1827 1925 1899; baseline -0.004 -13"><span class='ocrx_word' id='word_1_184' title='bbox 353 1831 501 1886; x_wconf 73' lang='grc' dir='ltr'>κατὰ</span> <span class='ocrx_word' id='word_1_185' title='bbox 527 1831 777 1885; x_wconf 81' lang='grc' dir='ltr'>Λατίνων</span> <span class='ocrx_word' id='word_1_186' title='bbox 802 1829 902 1899; x_wconf 85' lang='grc' dir='ltr'>τῆς</span> <span class='ocrx_word' id='word_1_187' title='bbox 939 1829 1157 1882; x_wconf 83' lang='grc' dir='ltr'>συνόδου</span> <span class='ocrx_word' id='word_1_188' title='bbox 1186 1827 1425 1899; x_wconf 66' lang='grc' dir='ltr'>ἐκείνης,</span> <span class='ocrx_word' id='word_1_189' title='bbox 1467 1830 1618 1898; x_wconf 73' lang='grc' dir='ltr'>παρὰ</span> <span class='ocrx_word' id='word_1_190' title='bbox 1671 1828 1728 1880; x_wconf 77' lang='grc' dir='ltr'><strong>δὲ</strong></span> <span class='ocrx_word' id='word_1_191' title='bbox 1763 1828 1925 1880; x_wconf 79' lang='grc' dir='ltr'>Λατί-</span> 
     </span>
    </p>
   </div>
   <div class='ocr_carea' id='block_1_32' title="bbox 2034 1735 3612 1812">
    <p class='ocr_par' dir='ltr' id='par_1_32' title="bbox 2034 1735 3612 1812">
     <span class='ocr_line' id='line_1_32' title="bbox 2034 1735 3612 1812; baseline 0.006 -27"><span class='ocrx_word' id='word_1_192' title='bbox 2034 1735 2218 1790; x_wconf 89' lang='lat' dir='ltr'><strong>nullus</strong></span> <span class='ocrx_word' id='word_1_193' title='bbox 2253 1737 2388 1792; x_wconf 81' lang='lat' dir='ltr'><strong>libcr</strong></span> <span class='ocrx_word' id='word_1_194' title='bbox 2423 1738 2570 1793; x_wconf 84' lang='lat' dir='ltr'><strong>illius</strong></span> <span class='ocrx_word' id='word_1_195' title='bbox 2603 1741 2794 1808; x_wconf 83' lang='lat' dir='ltr'><strong>synodi</strong></span> <span class='ocrx_word' id='word_1_196' title='bbox 2846 1751 3035 1794; x_wconf 86' lang='lat' dir='ltr'><strong>contra</strong></span> <span class='ocrx_word' id='word_1_197' title='bbox 3062 1741 3286 1797; x_wconf 88' lang='lat' dir='ltr'><strong>Latinos</strong></span> <span class='ocrx_word' id='word_1_198' title='bbox 3329 1754 3612 1812; x_wconf 86' lang='lat' dir='ltr'><strong>appareat,</strong></span> 
     </span>
    </p>
   </div>
   <div class='ocr_carea' id='block_1_33' title="bbox 2035 1825 3614 1902">
    <p class='ocr_par' dir='ltr' id='par_1_33' title="bbox 2035 1825 3614 1902">
     <span class='ocr_line' id='line_1_33' title="bbox 2035 1825 3614 1902; baseline 0.008 -27"><span class='ocrx_word' id='word_1_199' title='bbox 2035 1827 2177 1893; x_wconf 85' lang='lat' dir='ltr'><strong>apud</strong></span> <span class='ocrx_word' id='word_1_200' title='bbox 2227 1825 2453 1882; x_wconf 86' lang='lat' dir='ltr'><strong>Latinos</strong></span> <span class='ocrx_word' id='word_1_201' title='bbox 2488 1845 2616 1883; x_wconf 87' lang='lat' dir='ltr'><strong>vero</strong></span> <span class='ocrx_word' id='word_1_202' title='bbox 2650 1828 2982 1896; x_wconf 77' lang='lat' dir='ltr'><strong>inveniatur,</strong></span> <span class='ocrx_word' id='word_1_203' title='bbox 3027 1831 3157 1901; x_wconf 92' lang='lat' dir='ltr'><strong>quin</strong></span> <span class='ocrx_word' id='word_1_204' title='bbox 3190 1841 3243 1886; x_wconf 90' lang='lat' dir='ltr'><strong>et</strong></span> <span class='ocrx_word' id='word_1_205' title='bbox 3290 1834 3430 1902; x_wconf 87' lang='lat' dir='ltr'><strong>apud</strong></span> <span class='ocrx_word' id='word_1_206' title='bbox 3465 1831 3614 1888; x_wconf 65' lang='lat' dir='ltr'><strong>Grac-</strong></span> 
     </span>
    </p>
   </div>
   <div class='ocr_carea' id='block_1_34' title="bbox 355 1887 1924 1996">
    <p class='ocr_par' dir='ltr' id='par_1_34' title="bbox 355 1887 1924 1994">
     <span class='ocr_line' id='line_1_34' title="bbox 355 1887 1924 1994; baseline -0.004 -16"><span class='ocrx_word' id='word_1_207' title='bbox 355 1944 468 1986; x_wconf 86' lang='grc' dir='ltr'>νοις</span> <span class='ocrx_word' id='word_1_208' title='bbox 489 1925 828 1994; x_wconf 84' lang='grc' dir='ltr'>εὑρίσκεται,</span> <span class='ocrx_word' id='word_1_209' title='bbox 856 1887 1103 1992; x_wconf 47' lang='grc' dir='ltr'>’μάλιστα</span> <span class='ocrx_word' id='word_1_210' title='bbox 1125 1923 1180 1976; x_wconf 80' lang='grc' dir='ltr'>δὲ</span> <span class='ocrx_word' id='word_1_211' title='bbox 1213 1925 1306 1975; x_wconf 70' lang='grc' dir='ltr'><strong>καλ⁵</strong></span> <span class='ocrx_word' id='word_1_212' title='bbox 1339 1887 1488 1991; x_wconf 69' lang='grc' dir='ltr'>παρὰ</span> <span class='ocrx_word' id='word_1_213' title='bbox 1534 1887 1807 1990; x_wconf 79' lang='grc' dir='ltr'>Γραικοῖς,</span> <span class='ocrx_word' id='word_1_214' title='bbox 1837 1922 1924 1973; x_wconf 68' lang='grc' dir='ltr'>καὶ</span> 
     </span>
    </p>
   </div>
   <div class='ocr_carea' id='block_1_35' title="bbox 2030 1887 3611 1996">
    <p class='ocr_par' dir='ltr' id='par_1_35' title="bbox 2035 1921 3611 1996">
     <span class='ocr_line' id='line_1_35' title="bbox 2035 1921 3611 1996; baseline 0.006 -24"><span class='ocrx_word' id='word_1_215' title='bbox 2035 1934 2150 1985; x_wconf 87' lang='lat' dir='ltr'><strong>cos,</strong></span> <span class='ocrx_word' id='word_1_216' title='bbox 2195 1921 2560 1992; x_wconf 86' lang='lat' dir='ltr'><strong>iuclamctque</strong></span> <span class='ocrx_word' id='word_1_217' title='bbox 2602 1925 2872 1978; x_wconf 85' lang='lat' dir='ltr'><strong>actionem</strong></span> <span class='ocrx_word' id='word_1_218' title='bbox 2908 1925 3051 1978; x_wconf 86' lang='lat' dir='ltr'><strong>illam</strong></span> <span class='ocrx_word' id='word_1_219' title='bbox 3093 1942 3189 1996; x_wconf 92' lang='lat' dir='ltr'><strong>pro</strong></span> <span class='ocrx_word' id='word_1_220' title='bbox 3212 1925 3422 1981; x_wconf 84' lang='lat' dir='ltr'><strong>Latinis</strong></span> <span class='ocrx_word' id='word_1_221' title='bbox 3467 1943 3611 1987; x_wconf 87' lang='lat' dir='ltr'><strong>esse.</strong></span> 
     </span>
    </p>
   </div>
   <div class='ocr_carea' id='block_1_36' title="bbox 353 2010 1930 2088">
    <p class='ocr_par' dir='ltr' id='par_1_36' title="bbox 353 2010 1930 2088">
     <span class='ocr_line' id='line_1_36' title="bbox 353 2010 1930 2088; baseline -0.004 -18"><span class='ocrx_word' id='word_1_222' title='bbox 353 2018 476 2088; x_wconf 81' lang='grc' dir='ltr'>βοᾷ,</span> <span class='ocrx_word' id='word_1_223' title='bbox 501 2018 584 2070; x_wconf 82' lang='grc' dir='ltr'><strong>ὅτι</strong></span> <span class='ocrx_word' id='word_1_224' title='bbox 618 2018 650 2087; x_wconf 79' lang='grc' dir='ltr'>ἡ</span> <span class='ocrx_word' id='word_1_225' title='bbox 677 2017 880 2087; x_wconf 81' lang='grc' dir='ltr'>πρᾶξις</span> <span class='ocrx_word' id='word_1_226' title='bbox 911 2013 1096 2083; x_wconf 74' lang='grc' dir='ltr'>ἐκείνη</span> <span class='ocrx_word' id='word_1_227' title='bbox 1120 2014 1258 2084; x_wconf 80' lang='grc' dir='ltr'>ὑπὲρ</span> <span class='ocrx_word' id='word_1_228' title='bbox 1291 2015 1539 2068; x_wconf 83' lang='grc' dir='ltr'>Λατίνων</span> <span class='ocrx_word' id='word_1_229' title='bbox 1570 2010 1660 2084; x_wconf 78' lang='grc' dir='ltr'>ἧν,</span> <span class='ocrx_word' id='word_1_230' title='bbox 1693 2013 1930 2083; x_wconf 72' lang='grc' dir='ltr'>ὑποψίαν</span> 
     </span>
    </p>
   </div>
   <div class='ocr_carea' id='block_1_37' title="bbox 357 2106 1929 2180">
    <p class='ocr_par' dir='ltr' id='par_1_37' title="bbox 357 2106 1929 2180">
     <span class='ocr_line' id='line_1_37' title="bbox 357 2106 1929 2180; baseline -0.003 -17"><span class='ocrx_word' id='word_1_231' title='bbox 357 2129 452 2180; x_wconf 86' lang='grc' dir='ltr'><strong>μοι</strong></span> <span class='ocrx_word' id='word_1_232' title='bbox 501 2109 730 2180; x_wconf 76' lang='grc' dir='ltr'>παρέχει</span> <span class='ocrx_word' id='word_1_233' title='bbox 789 2109 1054 2178; x_wconf 79' lang='grc' dir='ltr'><strong>μεγάλην,</strong></span> <span class='ocrx_word' id='word_1_234' title='bbox 1105 2107 1307 2177; x_wconf 80' lang='grc' dir='ltr'>μᾶλλον</span> <span class='ocrx_word' id='word_1_235' title='bbox 1353 2107 1409 2159; x_wconf 81' lang='grc' dir='ltr'><strong>δὲ</strong></span> <span class='ocrx_word' id='word_1_236' title='bbox 1469 2107 1562 2160; x_wconf 71' lang='grc' dir='ltr'><strong>καὶ</strong></span> <span class='ocrx_word' id='word_1_237' title='bbox 1595 2108 1657 2160; x_wconf 71' lang='grc' dir='ltr'>σὺ</span> <span class='ocrx_word' id='word_1_238' title='bbox 1690 2106 1929 2176; x_wconf 76' lang='grc' dir='ltr'>ἔφθασας</span> 
     </span>
    </p>
   </div>
   <div class='ocr_carea' id='block_1_38' title="bbox 355 2198 1932 2271">
    <p class='ocr_par' dir='ltr' id='par_1_38' title="bbox 355 2198 1932 2271">
     <span class='ocr_line' id='line_1_38' title="bbox 355 2198 1932 2271; baseline -0.001 -15"><span class='ocrx_word' id='word_1_239' title='bbox 355 2203 548 2268; x_wconf 85' lang='grc' dir='ltr'>εἰπὼν,</span> <span class='ocrx_word' id='word_1_240' title='bbox 577 2203 659 2255; x_wconf 84' lang='grc' dir='ltr'>ὅτι</span> <span class='ocrx_word' id='word_1_241' title='bbox 684 2202 828 2266; x_wconf 78' lang='grc' dir='ltr'>τινὲς</span> <span class='ocrx_word' id='word_1_242' title='bbox 850 2200 957 2253; x_wconf 86' lang='grc' dir='ltr'><strong>τῶν</strong></span> <span class='ocrx_word' id='word_1_243' title='bbox 982 2198 1236 2270; x_wconf 84' lang='grc' dir='ltr'>Γραικῶν</span> <span class='ocrx_word' id='word_1_244' title='bbox 1292 2202 1349 2253; x_wconf 82' lang='grc' dir='ltr'><strong>ὲν</strong></span> <span class='ocrx_word' id='word_1_245' title='bbox 1397 2200 1534 2271; x_wconf 80' lang='grc' dir='ltr'>αὐτῇ</span> <span class='ocrx_word' id='word_1_246' title='bbox 1579 2200 1932 2270; x_wconf 68' lang='grc' dir='ltr'>ιλατινοφρό-</span> 
     </span>
    </p>
   </div>
   <div class='ocr_carea' id='block_1_39' title="bbox 353 2310 550 2364">
    <p class='ocr_par' dir='ltr' id='par_1_39' title="bbox 353 2310 550 2364">
     <span class='ocr_line' id='line_1_39' title="bbox 353 2310 550 2364; baseline -0.005 -16"><span class='ocrx_word' id='word_1_247' title='bbox 353 2311 425 2364; x_wconf 86' lang='grc' dir='ltr'><strong>νη</strong></span> <span class='ocrx_word' id='word_1_248' title='bbox 434 2310 550 2347; x_wconf 85' lang='grc' dir='ltr'>σαν.</span> 
     </span>
    </p>
   </div>
   <div class='ocr_carea' id='block_1_40' title="bbox 415 2379 1926 2452">
    <p class='ocr_par' dir='ltr' id='par_1_40' title="bbox 415 2379 1926 2452">
     <span class='ocr_line' id='line_1_40' title="bbox 415 2379 1926 2452; baseline -0.002 -13"><span class='ocrx_word' id='word_1_249' title='bbox 415 2386 588 2439; x_wconf 73' lang='grc' dir='ltr'>Ῥακ.</span> <span class='ocrx_word' id='word_1_250' title='bbox 626 2379 796 2438; x_wconf 74' lang='grc' dir='ltr'>Εῑπόν</span> <span class='ocrx_word' id='word_1_251' title='bbox 824 2397 928 2450; x_wconf 89' lang='grc' dir='ltr'>σοι,</span> <span class='ocrx_word' id='word_1_252' title='bbox 976 2385 1066 2436; x_wconf 71' lang='grc' dir='ltr'><strong>καὶ</strong></span> <span class='ocrx_word' id='word_1_253' title='bbox 1117 2384 1280 2438; x_wconf 81' lang='grc' dir='ltr'>πάλιν</span> <span class='ocrx_word' id='word_1_254' title='bbox 1319 2381 1428 2451; x_wconf 71' lang='grc' dir='ltr'>ἐρῶ</span> <span class='ocrx_word' id='word_1_255' title='bbox 1469 2399 1572 2448; x_wconf 86' lang='grc' dir='ltr'>σοι,</span> <span class='ocrx_word' id='word_1_256' title='bbox 1624 2383 1705 2436; x_wconf 79' lang='grc' dir='ltr'>ὅτι</span> <span class='ocrx_word' id='word_1_257' title='bbox 1757 2385 1813 2435; x_wconf 84' lang='grc' dir='ltr'><strong>ὲν</strong></span> <span class='ocrx_word' id='word_1_258' title='bbox 1857 2386 1926 2452; x_wconf 78' lang='grc' dir='ltr'>τῇ</span> 
     </span>
    </p>
   </div>
   <div class='ocr_carea' id='block_1_41' title="bbox 353 2475 1928 2549">
    <p class='ocr_par' dir='ltr' id='par_1_41' title="bbox 353 2475 1928 2549">
     <span class='ocr_line' id='line_1_41' title="bbox 353 2475 1928 2549; baseline -0.004 -18"><span class='ocrx_word' id='word_1_259' title='bbox 353 2479 561 2548; x_wconf 83' lang='grc' dir='ltr'>συνόδῳ</span> <span class='ocrx_word' id='word_1_260' title='bbox 587 2478 774 2549; x_wconf 65' lang='grc' dir='ltr'>ἐκείνῃ</span> <span class='ocrx_word' id='word_1_261' title='bbox 823 2476 1198 2547; x_wconf 82' lang='grc' dir='ltr'>ὕπερίσχυσαν</span> <span class='ocrx_word' id='word_1_262' title='bbox 1248 2475 1297 2528; x_wconf 87' lang='grc' dir='ltr'><strong>οί</strong></span> <span class='ocrx_word' id='word_1_263' title='bbox 1343 2475 1583 2541; x_wconf 81' lang='grc' dir='ltr'>Λατῖνοι,</span> <span class='ocrx_word' id='word_1_264' title='bbox 1644 2479 1738 2529; x_wconf 70' lang='grc' dir='ltr'><strong>καὶ</strong></span> <span class='ocrx_word' id='word_1_265' title='bbox 1771 2476 1928 2526; x_wconf 83' lang='grc' dir='ltr'>κατέ-</span> 
     </span>
    </p>
   </div>
   <div class='ocr_carea' id='block_1_42' title="bbox 351 2567 1927 2638">
    <p class='ocr_par' dir='ltr' id='par_1_42' title="bbox 351 2567 1927 2638">
     <span class='ocr_line' id='line_1_42' title="bbox 351 2567 1927 2638; baseline -0.001 -16"><span class='ocrx_word' id='word_1_266' title='bbox 351 2587 554 2624; x_wconf 76' lang='grc' dir='ltr'>σπεισαν</span> <span class='ocrx_word' id='word_1_267' title='bbox 589 2573 681 2624; x_wconf 80' lang='grc' dir='ltr'><strong>καὶ</strong></span> <span class='ocrx_word' id='word_1_268' title='bbox 711 2571 838 2633; x_wconf 80' lang='grc' dir='ltr'>τοὺς</span> <span class='ocrx_word' id='word_1_269' title='bbox 895 2567 1165 2638; x_wconf 76' lang='grc' dir='ltr'>Γραικοὺς</span> <span class='ocrx_word' id='word_1_270' title='bbox 1213 2568 1472 2633; x_wconf 78' lang='grc' dir='ltr'>δέξασθαι</span> <span class='ocrx_word' id='word_1_271' title='bbox 1524 2571 1618 2622; x_wconf 70' lang='grc' dir='ltr'><strong>καὶ</strong></span> <span class='ocrx_word' id='word_1_272' title='bbox 1651 2567 1927 2637; x_wconf 81' lang='grc' dir='ltr'>φρονῆσαι</span> 
     </span>
    </p>
   </div>
   <div class='ocr_carea' id='block_1_43' title="bbox 351 2659 1927 2731">
    <p class='ocr_par' dir='ltr' id='par_1_43' title="bbox 351 2659 1927 2731">
     <span class='ocr_line' id='line_1_43' title="bbox 351 2659 1927 2731; baseline -0.003 -14"><span class='ocrx_word' id='word_1_273' title='bbox 351 2665 423 2717; x_wconf 72' lang='grc' dir='ltr'>τὰ</span> <span class='ocrx_word' id='word_1_274' title='bbox 455 2663 670 2716; x_wconf 78' lang='grc' dir='ltr'>ἑαυτῶν</span> <span class='ocrx_word' id='word_1_275' title='bbox 724 2662 863 2715; x_wconf 84' lang='grc' dir='ltr'>ἀλλὰ</span> <span class='ocrx_word' id='word_1_276' title='bbox 891 2661 1147 2731; x_wconf 79' lang='grc' dir='ltr'>λυθείσης</span> <span class='ocrx_word' id='word_1_277' title='bbox 1186 2663 1286 2731; x_wconf 83' lang='grc' dir='ltr'><strong>τῆς</strong></span> <span class='ocrx_word' id='word_1_278' title='bbox 1343 2659 1584 2722; x_wconf 81' lang='grc' dir='ltr'><strong>συνόδου,</strong></span> <span class='ocrx_word' id='word_1_279' title='bbox 1632 2659 1692 2710; x_wconf 84' lang='grc' dir='ltr'><strong>τὸ</strong></span> <span class='ocrx_word' id='word_1_280' title='bbox 1743 2661 1927 2712; x_wconf 74' lang='grc' dir='ltr'>πλεῖον</span> 
     </span>
    </p>
   </div>
   <div class='ocr_carea' id='block_1_44' title="bbox 353 2751 1713 2827">
    <p class='ocr_par' dir='ltr' id='par_1_44' title="bbox 353 2751 1713 2827">
     <span class='ocr_line' id='line_1_44' title="bbox 353 2751 1713 2827; baseline -0.002 -18"><span class='ocrx_word' id='word_1_281' title='bbox 353 2758 525 2827; x_wconf 80' lang='grc' dir='ltr'>μέρος</span> <span class='ocrx_word' id='word_1_282' title='bbox 552 2755 713 2808; x_wconf 75' lang='grc' dir='ltr'>πάλιν</span> <span class='ocrx_word' id='word_1_283' title='bbox 748 2751 996 2825; x_wconf 79' lang='grc' dir='ltr'><strong>ἐσχίσθη,</strong></span> <span class='ocrx_word' id='word_1_284' title='bbox 1030 2754 1138 2806; x_wconf 89' lang='grc' dir='ltr'><strong>τῶν</strong></span> <span class='ocrx_word' id='word_1_285' title='bbox 1169 2753 1418 2824; x_wconf 84' lang='grc' dir='ltr'>Γραικῶν</span> <span class='ocrx_word' id='word_1_286' title='bbox 1447 2751 1713 2824; x_wconf 85' lang='grc' dir='ltr'>δηλονότι.</span> 
     </span>
    </p>
   </div>
   <div class='ocr_carea' id='block_1_45' title="bbox 427 2844 1928 2915">
    <p class='ocr_par' dir='ltr' id='par_1_45' title="bbox 427 2844 1928 2915">
     <span class='ocr_line' id='line_1_45' title="bbox 427 2844 1928 2915; baseline -0.003 -13"><span class='ocrx_word' id='word_1_287' title='bbox 427 2849 573 2902; x_wconf 75' lang='grc' dir='ltr'><strong>Εὐλ.</strong></span> <span class='ocrx_word' id='word_1_288' title='bbox 617 2845 758 2914; x_wconf 81' lang='grc' dir='ltr'><strong>Ἐγὼ</strong></span> <span class='ocrx_word' id='word_1_289' title='bbox 786 2847 843 2900; x_wconf 82' lang='grc' dir='ltr'><strong>οὐ</strong></span> <span class='ocrx_word' id='word_1_290' title='bbox 869 2845 1106 2915; x_wconf 83' lang='grc' dir='ltr'>δύναμαι</span> <span class='ocrx_word' id='word_1_291' title='bbox 1147 2845 1382 2913; x_wconf 78' lang='grc' dir='ltr'>συνάψαι</span> <span class='ocrx_word' id='word_1_292' title='bbox 1419 2849 1488 2898; x_wconf 64' lang='grc' dir='ltr'>τὰ</span> <span class='ocrx_word' id='word_1_293' title='bbox 1513 2845 1666 2914; x_wconf 76' lang='grc' dir='ltr'>παρὰ</span> <span class='ocrx_word' id='word_1_294' title='bbox 1705 2844 1800 2897; x_wconf 89' lang='grc' dir='ltr'>σοῦ</span> <span class='ocrx_word' id='word_1_295' title='bbox 1848 2847 1928 2898; x_wconf 81' lang='grc' dir='ltr'>εί-</span> 
     </span>
    </p>
   </div>
   <div class='ocr_carea' id='block_1_46' title="bbox 353 2931 1921 3014">
    <p class='ocr_par' dir='ltr' id='par_1_46' title="bbox 353 2931 1921 3014">
     <span class='ocr_line' id='line_1_46' title="bbox 353 2931 1921 3014; baseline -0.003 -19"><span class='ocrx_word' id='word_1_296' title='bbox 353 2945 595 3014; x_wconf 82' lang='grc' dir='ltr'>ρημένα.</span> <span class='ocrx_word' id='word_1_297' title='bbox 633 2938 896 2993; x_wconf 80' lang='grc' dir='ltr'>Δοκοῦσιν</span> <span class='ocrx_word' id='word_1_298' title='bbox 930 2934 1023 2992; x_wconf 82' lang='grc' dir='ltr'><strong>οῦν</strong></span> <span class='ocrx_word' id='word_1_299' title='bbox 1057 2955 1149 3007; x_wconf 87' lang='grc' dir='ltr'><strong>μοι</strong></span> <span class='ocrx_word' id='word_1_300' title='bbox 1201 2938 1422 2990; x_wconf 65' lang='grc' dir='ltr'>ἐναντία</span> <span class='ocrx_word' id='word_1_301' title='bbox 1472 2935 1723 3006; x_wconf 74' lang='grc' dir='ltr'>ἀλλήλοις</span> <span class='ocrx_word' id='word_1_302' title='bbox 1757 2931 1921 2991; x_wconf 76' lang='grc' dir='ltr'>εἶναι.</span> 
     </span>
    </p>
   </div>
   <div class='ocr_carea' id='block_1_47' title="bbox 350 3026 1926 3106">
    <p class='ocr_par' dir='ltr' id='par_1_47' title="bbox 350 3026 1926 3106">
     <span class='ocr_line' id='line_1_47' title="bbox 350 3026 1926 3106; baseline -0.004 -17"><span class='ocrx_word' id='word_1_303' title='bbox 350 3036 470 3106; x_wconf 73' lang='grc' dir='ltr'><strong>Πρδ</strong></span> <span class='ocrx_word' id='word_1_304' title='bbox 528 3033 712 3101; x_wconf 85' lang='grc' dir='ltr'>ὀλίγου</span> <span class='ocrx_word' id='word_1_305' title='bbox 747 3034 854 3101; x_wconf 80' lang='grc' dir='ltr'>γὰρ</span> <span class='ocrx_word' id='word_1_306' title='bbox 885 3026 1043 3093; x_wconf 82' lang='grc' dir='ltr'>εἶπας</span> <span class='ocrx_word' id='word_1_307' title='bbox 1076 3031 1158 3084; x_wconf 76' lang='grc' dir='ltr'>ὅτι</span> <span class='ocrx_word' id='word_1_308' title='bbox 1198 3028 1340 3084; x_wconf 76' lang='grc' dir='ltr'>κατὰ</span> <span class='ocrx_word' id='word_1_309' title='bbox 1375 3029 1625 3084; x_wconf 86' lang='grc' dir='ltr'>Λατίνων</span> <span class='ocrx_word' id='word_1_310' title='bbox 1658 3031 1692 3100; x_wconf 79' lang='grc' dir='ltr'>ἡ</span> <span class='ocrx_word' id='word_1_311' title='bbox 1727 3031 1926 3100; x_wconf 83' lang='grc' dir='ltr'>πρᾶξις</span> 
     </span>
    </p>
   </div>
   <div class='ocr_carea' id='block_1_48' title="bbox 347 3121 1924 3198">
    <p class='ocr_par' dir='ltr' id='par_1_48' title="bbox 347 3121 1924 3198">
     <span class='ocr_line' id='line_1_48' title="bbox 347 3121 1924 3198; baseline -0.004 -16"><span class='ocrx_word' id='word_1_312' title='bbox 347 3131 452 3198; x_wconf 82' lang='grc' dir='ltr'><strong>τῆς</strong></span> <span class='ocrx_word' id='word_1_313' title='bbox 503 3126 722 3180; x_wconf 81' lang='grc' dir='ltr'>συνόδου</span> <span class='ocrx_word' id='word_1_314' title='bbox 781 3126 996 3191; x_wconf 74' lang='grc' dir='ltr'>ἐκείνης</span> <span class='ocrx_word' id='word_1_315' title='bbox 1031 3123 1278 3190; x_wconf 75' lang='grc' dir='ltr'>ὲγένετο’</span> <span class='ocrx_word' id='word_1_316' title='bbox 1348 3121 1624 3192; x_wconf 71' lang='grc' dir='ltr'>ἐλεγχθεὶς</span> <span class='ocrx_word' id='word_1_317' title='bbox 1684 3123 1742 3175; x_wconf 82' lang='grc' dir='ltr'><strong>δὲ</strong></span> <span class='ocrx_word' id='word_1_318' title='bbox 1794 3123 1924 3194; x_wconf 85' lang='grc' dir='ltr'>παρ’</span> 
     </span>
    </p>
   </div>
   <div class='ocr_carea' id='block_1_49' title="bbox 2032 2011 3612 2088">
    <p class='ocr_par' dir='ltr' id='par_1_49' title="bbox 2032 2011 3612 2088">
     <span class='ocr_line' id='line_1_49' title="bbox 2032 2011 3612 2088; baseline 0.005 -27"><span class='ocrx_word' id='word_1_319' title='bbox 2032 2011 2404 2078; x_wconf 84' lang='lat' dir='ltr'><strong>suspicionem</strong></span> <span class='ocrx_word' id='word_1_320' title='bbox 2439 2013 2568 2068; x_wconf 82' lang='lat' dir='ltr'><strong>milii</strong></span> <span class='ocrx_word' id='word_1_321' title='bbox 2596 2014 2791 2081; x_wconf 87' lang='lat' dir='ltr'><strong>injicit,</strong></span> <span class='ocrx_word' id='word_1_322' title='bbox 2824 2031 3058 2085; x_wconf 85' lang='lat' dir='ltr'><strong>eamque</strong></span> <span class='ocrx_word' id='word_1_323' title='bbox 3099 2033 3370 2088; x_wconf 81' lang='lat' dir='ltr'><strong>magnam,</strong></span> <span class='ocrx_word' id='word_1_324' title='bbox 3402 2028 3511 2070; x_wconf 87' lang='lat' dir='ltr'><strong>tum</strong></span> <span class='ocrx_word' id='word_1_325' title='bbox 3547 2034 3612 2069; x_wconf 84' lang='lat' dir='ltr'><strong>eo</strong></span> 
     </span>
    </p>
   </div>
   <div class='ocr_carea' id='block_1_50' title="bbox 2032 2103 3610 2174">
    <p class='ocr_par' dir='ltr' id='par_1_50' title="bbox 2032 2103 3610 2174">
     <span class='ocr_line' id='line_1_50' title="bbox 2032 2103 3610 2174; baseline 0.008 -20"><span class='ocrx_word' id='word_1_326' title='bbox 2032 2103 2401 2171; x_wconf 85' lang='lat' dir='ltr'><strong>potissimum,</strong></span> <span class='ocrx_word' id='word_1_327' title='bbox 2445 2106 2590 2174; x_wconf 90' lang='lat' dir='ltr'><strong>quod</strong></span> <span class='ocrx_word' id='word_1_328' title='bbox 2623 2119 2678 2161; x_wconf 93' lang='lat' dir='ltr'><strong>et</strong></span> <span class='ocrx_word' id='word_1_329' title='bbox 2723 2117 2780 2162; x_wconf 91' lang='lat' dir='ltr'><strong>tu</strong></span> <span class='ocrx_word' id='word_1_330' title='bbox 2830 2118 2988 2163; x_wconf 82' lang='lat' dir='ltr'><strong>antea</strong></span> <span class='ocrx_word' id='word_1_331' title='bbox 3033 2111 3274 2174; x_wconf 78' lang='lat' dir='ltr'><strong>dixeras,</strong></span> <span class='ocrx_word' id='word_1_332' title='bbox 3320 2113 3610 2166; x_wconf 88' lang='lat' dir='ltr'><strong>nonnullos</strong></span> 
     </span>
    </p>
   </div>
   <div class='ocr_carea' id='block_1_51' title="bbox 2030 2193 3330 2258">
    <p class='ocr_par' dir='ltr' id='par_1_51' title="bbox 2030 2193 3330 2258">
     <span class='ocr_line' id='line_1_51' title="bbox 2030 2193 3330 2258; baseline 0.008 -11"><span class='ocrx_word' id='word_1_333' title='bbox 2030 2209 2096 2248; x_wconf 89' lang='lat' dir='ltr'><strong>ex</strong></span> <span class='ocrx_word' id='word_1_334' title='bbox 2121 2193 2324 2249; x_wconf 70' lang='lat' dir='ltr'><strong>Gratcis</strong></span> <span class='ocrx_word' id='word_1_335' title='bbox 2354 2193 2676 2252; x_wconf 88' lang='lat' dir='ltr'><strong>Latinorum</strong></span> <span class='ocrx_word' id='word_1_336' title='bbox 2704 2209 2993 2254; x_wconf 65' lang='lat' dir='ltr'><strong>sententiae</strong></span> <span class='ocrx_word' id='word_1_337' title='bbox 3013 2201 3330 2258; x_wconf 72' lang='lat' dir='ltr'><strong>adhaesisse.</strong></span> 
     </span>
    </p>
   </div>
   <div class='ocr_carea' id='block_1_52' title="bbox 2102 2370 3608 2453">
    <p class='ocr_par' dir='ltr' id='par_1_52' title="bbox 2102 2370 3608 2453">
     <span class='ocr_line' id='line_1_52' title="bbox 2102 2370 3608 2453; baseline 0.007 -28"><span class='ocrx_word' id='word_1_338' title='bbox 2102 2370 2268 2427; x_wconf 84' lang='lat' dir='ltr'><strong>Rhac.</strong></span> <span class='ocrx_word' id='word_1_339' title='bbox 2305 2371 2425 2427; x_wconf 88' lang='lat' dir='ltr'><strong>Dixi</strong></span> <span class='ocrx_word' id='word_1_340' title='bbox 2469 2375 2604 2442; x_wconf 87' lang='lat' dir='ltr'><strong>tibi,</strong></span> <span class='ocrx_word' id='word_1_341' title='bbox 2645 2376 2934 2448; x_wconf 85' lang='lat' dir='ltr'><strong>dicamque</strong></span> <span class='ocrx_word' id='word_1_342' title='bbox 2971 2378 3169 2434; x_wconf 87' lang='lat' dir='ltr'><strong>iterum</strong></span> <span class='ocrx_word' id='word_1_343' title='bbox 3208 2396 3271 2435; x_wconf 90' lang='lat' dir='ltr'><strong>ea</strong></span> <span class='ocrx_word' id='word_1_344' title='bbox 3311 2381 3361 2434; x_wconf 88' lang='lat' dir='ltr'><strong>itt</strong></span> <span class='ocrx_word' id='word_1_345' title='bbox 3395 2383 3608 2453; x_wconf 82' lang='lat' dir='ltr'><strong>synodo</strong></span> 
     </span>
    </p>
   </div>
   <div class='ocr_carea' id='block_1_53' title="bbox 2030 2462 3608 2544">
    <p class='ocr_par' dir='ltr' id='par_1_53' title="bbox 2030 2462 3608 2544">
     <span class='ocr_line' id='line_1_53' title="bbox 2030 2462 3608 2544; baseline 0.008 -27"><span class='ocrx_word' id='word_1_346' title='bbox 2030 2462 2234 2518; x_wconf 67' lang='lat' dir='ltr'><strong>Grazcis</strong></span> <span class='ocrx_word' id='word_1_347' title='bbox 2273 2463 2502 2521; x_wconf 90' lang='lat' dir='ltr'><strong>Latinos</strong></span> <span class='ocrx_word' id='word_1_348' title='bbox 2539 2469 2853 2538; x_wconf 84' lang='lat' dir='ltr'><strong>superiores</strong></span> <span class='ocrx_word' id='word_1_349' title='bbox 2893 2469 3066 2527; x_wconf 81' lang='lat' dir='ltr'><strong>fuisse</strong></span> <span class='ocrx_word' id='word_1_350' title='bbox 3091 2511 3106 2537; x_wconf 90' lang='lat'><strong>,</strong></span> <span class='ocrx_word' id='word_1_351' title='bbox 3159 2475 3608 2544; x_wconf 84' lang='lat' dir='ltr'><strong>persuasisscque</strong></span> 
     </span>
    </p>
   </div>
   <div class='ocr_carea' id='block_1_54' title="bbox 2031 2556 3605 2632">
    <p class='ocr_par' dir='ltr' id='par_1_54' title="bbox 2031 2556 3605 2632">
     <span class='ocr_line' id='line_1_54' title="bbox 2031 2556 3605 2632; baseline 0.006 -22"><span class='ocrx_word' id='word_1_352' title='bbox 2031 2556 2234 2612; x_wconf 68' lang='lat' dir='ltr'><strong>Graecis</strong></span> <span class='ocrx_word' id='word_1_353' title='bbox 2277 2559 2528 2628; x_wconf 88' lang='lat' dir='ltr'><strong>accipere</strong></span> <span class='ocrx_word' id='word_1_354' title='bbox 2576 2566 2629 2614; x_wconf 82' lang='lat' dir='ltr'><strong>et</strong></span> <span class='ocrx_word' id='word_1_355' title='bbox 2672 2562 2861 2616; x_wconf 84' lang='lat' dir='ltr'><strong>cadent</strong></span> <span class='ocrx_word' id='word_1_356' title='bbox 2915 2573 3076 2632; x_wconf 79' lang='lat' dir='ltr'><strong>atque</strong></span> <span class='ocrx_word' id='word_1_357' title='bbox 3119 2565 3192 2618; x_wconf 90' lang='lat' dir='ltr'><strong>illi</strong></span> <span class='ocrx_word' id='word_1_358' title='bbox 3241 2567 3463 2620; x_wconf 84' lang='lat' dir='ltr'><strong>sentire.</strong></span> <span class='ocrx_word' id='word_1_359' title='bbox 3501 2566 3605 2621; x_wconf 82' lang='lat' dir='ltr'><strong>Sed</strong></span> 
     </span>
    </p>
   </div>
   <div class='ocr_carea' id='block_1_55' title="bbox 2031 2650 3612 2727">
    <p class='ocr_par' dir='ltr' id='par_1_55' title="bbox 2031 2650 3612 2727">
     <span class='ocr_line' id='line_1_55' title="bbox 2031 2650 3612 2727; baseline 0.008 -25"><span class='ocrx_word' id='word_1_360' title='bbox 2031 2650 2277 2705; x_wconf 80' lang='lat' dir='ltr'><strong>absoluta</strong></span> <span class='ocrx_word' id='word_1_361' title='bbox 2311 2652 2522 2722; x_wconf 85' lang='lat' dir='ltr'><strong>synodo</strong></span> <span class='ocrx_word' id='word_1_362' title='bbox 2572 2655 2856 2724; x_wconf 87' lang='lat' dir='ltr'><strong>potissima</strong></span> <span class='ocrx_word' id='word_1_363' title='bbox 2902 2673 3030 2727; x_wconf 87' lang='lat' dir='ltr'><strong>pars</strong></span> <span class='ocrx_word' id='word_1_364' title='bbox 3057 2658 3226 2714; x_wconf 83' lang='lat' dir='ltr'><strong>scissa</strong></span> <span class='ocrx_word' id='word_1_365' title='bbox 3259 2672 3364 2725; x_wconf 86' lang='lat' dir='ltr'><strong>est,</strong></span> <span class='ocrx_word' id='word_1_366' title='bbox 3394 2657 3612 2716; x_wconf 69' lang='lat' dir='ltr'><strong>Graeco-</strong></span> 
     </span>
    </p>
   </div>
   <div class='ocr_carea' id='block_1_56' title="bbox 2030 2744 2422 2800">
    <p class='ocr_par' dir='ltr' id='par_1_56' title="bbox 2030 2744 2422 2800">
     <span class='ocr_line' id='line_1_56' title="bbox 2030 2744 2422 2800; baseline 0.01 -4"><span class='ocrx_word' id='word_1_367' title='bbox 2030 2758 2152 2798; x_wconf 89' lang='lat' dir='ltr'><strong>rum</strong></span> <span class='ocrx_word' id='word_1_368' title='bbox 2195 2744 2422 2800; x_wconf 86' lang='lat' dir='ltr'><strong>scilicet.</strong></span> 
     </span>
    </p>
   </div>
   <div class='ocr_carea' id='block_1_57' title="bbox 2105 2842 3609 2923">
    <p class='ocr_par' dir='ltr' id='par_1_57' title="bbox 2105 2842 3609 2923">
     <span class='ocr_line' id='line_1_57' title="bbox 2105 2842 3609 2923; baseline 0.011 -28"><span class='ocrx_word' id='word_1_369' title='bbox 2105 2842 2262 2896; x_wconf 84' lang='lat' dir='ltr'><strong>Pt&#39;us.</strong></span> <span class='ocrx_word' id='word_1_370' title='bbox 2329 2844 2450 2914; x_wconf 88' lang='lat' dir='ltr'><strong>lpse</strong></span> <span class='ocrx_word' id='word_1_371' title='bbox 2477 2845 2736 2917; x_wconf 88' lang='lat' dir='ltr'><strong>equidem</strong></span> <span class='ocrx_word' id='word_1_372' title='bbox 2775 2849 2918 2903; x_wconf 89' lang='lat' dir='ltr'><strong>ltaud</strong></span> <span class='ocrx_word' id='word_1_373' title='bbox 2949 2850 3136 2916; x_wconf 85' lang='lat' dir='ltr'><strong>valeo,</strong></span> <span class='ocrx_word' id='word_1_374' title='bbox 3179 2869 3300 2923; x_wconf 58' lang='lat' dir='ltr'><strong>qua</strong></span> <span class='ocrx_word' id='word_1_375' title='bbox 3336 2866 3390 2907; x_wconf 86' lang='grc' dir='ltr'><strong>ιιι</strong></span> <span class='ocrx_word' id='word_1_376' title='bbox 3443 2854 3609 2917; x_wconf 88' lang='lat' dir='ltr'><strong>dicis,</strong></span> 
     </span>
    </p>
   </div>
   <div class='ocr_carea' id='block_1_58' title="bbox 2029 2937 3610 3009">
    <p class='ocr_par' dir='ltr' id='par_1_58' title="bbox 2029 2937 3610 3009">
     <span class='ocr_line' id='line_1_58' title="bbox 2029 2937 3610 3009; baseline 0.008 -18"><span class='ocrx_word' id='word_1_377' title='bbox 2029 2937 2414 3004; x_wconf 86' lang='lat' dir='ltr'><strong>committere;</strong></span> <span class='ocrx_word' id='word_1_378' title='bbox 2437 2953 2677 3009; x_wconf 85' lang='lat' dir='ltr'><strong>namque</strong></span> <span class='ocrx_word' id='word_1_379' title='bbox 2700 2940 2805 2996; x_wconf 90' lang='lat' dir='ltr'><strong>sibi</strong></span> <span class='ocrx_word' id='word_1_380' title='bbox 2825 2945 3106 3000; x_wconf 82' lang='lat' dir='ltr'><strong>adversari</strong></span> <span class='ocrx_word' id='word_1_381' title='bbox 3133 2946 3412 3002; x_wconf 75' lang='lat' dir='ltr'><strong>ridentur.</strong></span> <span class='ocrx_word' id='word_1_382' title='bbox 3440 2948 3610 3004; x_wconf 84' lang='lat' dir='ltr'><strong>Paulo</strong></span> 
     </span>
    </p>
   </div>
   <div class='ocr_carea' id='block_1_59' title="bbox 2028 3030 3608 3100">
    <p class='ocr_par' dir='ltr' id='par_1_59' title="bbox 2028 3030 3608 3100">
     <span class='ocr_line' id='line_1_59' title="bbox 2028 3030 3608 3100; baseline 0.008 -16"><span class='ocrx_word' id='word_1_383' title='bbox 2028 3041 2156 3086; x_wconf 89' lang='lat' dir='ltr'><strong>ante</strong></span> <span class='ocrx_word' id='word_1_384' title='bbox 2197 3030 2474 3100; x_wconf 86' lang='lat' dir='ltr'><strong>siquidem</strong></span> <span class='ocrx_word' id='word_1_385' title='bbox 2509 3031 2730 3088; x_wconf 81' lang='lat' dir='ltr'><strong>dixeras</strong></span> <span class='ocrx_word' id='word_1_386' title='bbox 2763 3034 3034 3091; x_wconf 84' lang='lat' dir='ltr'><strong>adversus</strong></span> <span class='ocrx_word' id='word_1_387' title='bbox 3063 3036 3292 3094; x_wconf 86' lang='lat' dir='ltr'><strong>Latinos</strong></span> <span class='ocrx_word' id='word_1_388' title='bbox 3332 3045 3608 3098; x_wconf 79' lang='lat' dir='ltr'><strong>actionem</strong></span> 
     </span>
    </p>
   </div>
   <div class='ocr_carea' id='block_1_60' title="bbox 2029 3121 3610 3198">
    <p class='ocr_par' dir='ltr' id='par_1_60' title="bbox 2029 3121 3610 3198">
     <span class='ocr_line' id='line_1_60' title="bbox 2029 3121 3610 3198; baseline 0.008 -21"><span class='ocrx_word' id='word_1_389' title='bbox 2029 3121 2179 3178; x_wconf 89' lang='lat' dir='ltr'><strong>illius</strong></span> <span class='ocrx_word' id='word_1_390' title='bbox 2224 3121 2421 3193; x_wconf 82' lang='lat' dir='ltr'><strong>synodi</strong></span> <span class='ocrx_word' id='word_1_391' title='bbox 2479 3134 2758 3193; x_wconf 82' lang='lat' dir='ltr'><strong>peractam</strong></span> <span class='ocrx_word' id='word_1_392' title='bbox 2812 3125 3024 3194; x_wconf 80' lang='lat' dir='ltr'><strong>fuisse;</strong></span> <span class='ocrx_word' id='word_1_393' title='bbox 3073 3139 3259 3198; x_wconf 85' lang='lat' dir='ltr'><strong>postea</strong></span> <span class='ocrx_word' id='word_1_394' title='bbox 3320 3134 3610 3190; x_wconf 79' lang='lat' dir='ltr'><strong>convictus</strong></span> 
     </span>
    </p>
   </div>
   <div class='ocr_carea' id='block_1_61' title="bbox 350 3213 1924 3296">
    <p class='ocr_par' dir='ltr' id='par_1_61' title="bbox 350 3213 1924 3291">
     <span class='ocr_line' id='line_1_61' title="bbox 350 3213 1924 3291; baseline -0.004 -17"><span class='ocrx_word' id='word_1_395' title='bbox 350 3219 513 3291; x_wconf 71' lang='grc' dir='ltr'>ἐμοῦ,</span> <span class='ocrx_word' id='word_1_396' title='bbox 534 3220 611 3284; x_wconf 84' lang='grc' dir='ltr'>ὡς</span> <span class='ocrx_word' id='word_1_397' title='bbox 637 3220 738 3290; x_wconf 82' lang='grc' dir='ltr'><strong>οὐχ</strong></span> <span class='ocrx_word' id='word_1_398' title='bbox 764 3217 994 3289; x_wconf 80' lang='grc' dir='ltr'>εὓρηται</span> <span class='ocrx_word' id='word_1_399' title='bbox 1016 3213 1196 3285; x_wconf 81' lang='grc' dir='ltr'>βίϐλος</span> <span class='ocrx_word' id='word_1_400' title='bbox 1221 3214 1352 3268; x_wconf 79' lang='grc' dir='ltr'>ποτὲ</span> <span class='ocrx_word' id='word_1_401' title='bbox 1379 3214 1733 3287; x_wconf 82' lang='grc' dir='ltr'>μαρτυροῦσα</span> <span class='ocrx_word' id='word_1_402' title='bbox 1753 3218 1924 3282; x_wconf 70' lang='grc' dir='ltr'>τουτὶ,</span> 
     </span>
    </p>
   </div>
   <div class='ocr_carea' id='block_1_62' title="bbox 2030 3213 3608 3296">
    <p class='ocr_par' dir='ltr' id='par_1_62' title="bbox 2031 3219 3608 3292">
     <span class='ocr_line' id='line_1_62' title="bbox 2031 3219 3608 3292; baseline 0.01 -23"><span class='ocrx_word' id='word_1_403' title='bbox 2031 3229 2302 3286; x_wconf 90' lang='lat' dir='ltr'><strong>nusquam</strong></span> <span class='ocrx_word' id='word_1_404' title='bbox 2364 3231 2634 3288; x_wconf 86' lang='lat' dir='ltr'><strong>apparere</strong></span> <span class='ocrx_word' id='word_1_405' title='bbox 2687 3219 2914 3287; x_wconf 90' lang='lat' dir='ltr'><strong>librum,</strong></span> <span class='ocrx_word' id='word_1_406' title='bbox 2957 3222 3052 3292; x_wconf 90' lang='lat' dir='ltr'><strong>qui</strong></span> <span class='ocrx_word' id='word_1_407' title='bbox 3094 3221 3146 3277; x_wconf 90' lang='lat' dir='ltr'><strong>id</strong></span> <span class='ocrx_word' id='word_1_408' title='bbox 3195 3233 3445 3291; x_wconf 88' lang='lat' dir='ltr'><strong>testetur,</strong></span> <span class='ocrx_word' id='word_1_409' title='bbox 3502 3230 3608 3284; x_wconf 90' lang='lat' dir='ltr'><strong>alio</strong></span> 
     </span>
    </p>
   </div>
   <div class='ocr_carea' id='block_1_63' title="bbox 349 3308 1926 3383">
    <p class='ocr_par' dir='ltr' id='par_1_63' title="bbox 349 3308 1926 3383">
     <span class='ocr_line' id='line_1_63' title="bbox 349 3308 1926 3383; baseline -0.005 -15"><span class='ocrx_word' id='word_1_410' title='bbox 349 3316 545 3383; x_wconf 71' lang='grc' dir='ltr'>ιτάραν</span> <span class='ocrx_word' id='word_1_411' title='bbox 595 3313 885 3382; x_wconf 75' lang='grc' dir='ltr'>ὲτρᾶπης,</span> <span class='ocrx_word' id='word_1_412' title='bbox 941 3310 1026 3364; x_wconf 78' lang='grc' dir='ltr'><strong>ὅτι</strong></span> <span class='ocrx_word' id='word_1_413' title='bbox 1073 3309 1451 3380; x_wconf 84' lang='grc' dir='ltr'>ὐπερίσχυσαν</span> <span class='ocrx_word' id='word_1_414' title='bbox 1493 3309 1542 3362; x_wconf 85' lang='lat' dir='ltr'><strong>ol</strong></span> <span class='ocrx_word' id='word_1_415' title='bbox 1591 3308 1810 3362; x_wconf 77' lang='grc' dir='ltr'>Λατῖνοι</span> <span class='ocrx_word' id='word_1_416' title='bbox 1868 3308 1926 3362; x_wconf 76' lang='grc' dir='ltr'><strong>ὲν</strong></span> 
     </span>
    </p>
   </div>
   <div class='ocr_carea' id='block_1_64' title="bbox 353 3399 1924 3476">
    <p class='ocr_par' dir='ltr' id='par_1_64' title="bbox 353 3399 1924 3476">
     <span class='ocr_line' id='line_1_64' title="bbox 353 3399 1924 3476; baseline -0.004 -17"><span class='ocrx_word' id='word_1_417' title='bbox 353 3407 509 3476; x_wconf 70' lang='grc' dir='ltr'>αὐτῇ,</span> <span class='ocrx_word' id='word_1_418' title='bbox 545 3409 640 3459; x_wconf 64' lang='grc' dir='ltr'><strong>καὶ⁵</strong></span> <span class='ocrx_word' id='word_1_419' title='bbox 671 3401 1006 3456; x_wconf 74' lang='grc' dir='ltr'>κατέπεισαν</span> <span class='ocrx_word' id='word_1_420' title='bbox 1046 3401 1140 3454; x_wconf 71' lang='grc' dir='ltr'><strong>καὶ</strong></span> <span class='ocrx_word' id='word_1_421' title='bbox 1177 3401 1302 3463; x_wconf 77' lang='grc' dir='ltr'>τοὺς</span> <span class='ocrx_word' id='word_1_422' title='bbox 1338 3400 1641 3471; x_wconf 78' lang='grc' dir='ltr'>ἡμετέρους</span> <span class='ocrx_word' id='word_1_423' title='bbox 1669 3399 1924 3466; x_wconf 80' lang='grc' dir='ltr'>δέξασθαι</span> 
     </span>
    </p>
   </div>
   <div class='ocr_carea' id='block_1_65' title="bbox 359 3491 1926 3565">
    <p class='ocr_par' dir='ltr' id='par_1_65' title="bbox 359 3491 1926 3565">
     <span class='ocr_line' id='line_1_65' title="bbox 359 3491 1926 3565; baseline -0.004 -15"><span class='ocrx_word' id='word_1_424' title='bbox 359 3499 427 3550; x_wconf 71' lang='grc' dir='ltr'>τὰ</span> <span class='ocrx_word' id='word_1_425' title='bbox 458 3497 653 3551; x_wconf 67' lang='grc' dir='ltr'>αὐτῶν·</span> <span class='ocrx_word' id='word_1_426' title='bbox 689 3495 784 3549; x_wconf 70' lang='grc' dir='ltr'><strong>καὶ</strong></span> <span class='ocrx_word' id='word_1_427' title='bbox 831 3491 990 3558; x_wconf 77' lang='grc' dir='ltr'>αὖθις</span> <span class='ocrx_word' id='word_1_428' title='bbox 1035 3493 1143 3565; x_wconf 77' lang='grc' dir='ltr'><strong>φῂς</strong></span> <span class='ocrx_word' id='word_1_429' title='bbox 1169 3533 1184 3558; x_wconf 89' lang='grc'><strong>,</strong></span> <span class='ocrx_word' id='word_1_430' title='bbox 1221 3495 1304 3547; x_wconf 82' lang='grc' dir='ltr'><strong>ὅτι</strong></span> <span class='ocrx_word' id='word_1_431' title='bbox 1347 3492 1487 3562; x_wconf 79' lang='grc' dir='ltr'>μετὰ</span> <span class='ocrx_word' id='word_1_432' title='bbox 1537 3492 1636 3562; x_wconf 81' lang='grc' dir='ltr'>τὴν</span> <span class='ocrx_word' id='word_1_433' title='bbox 1683 3491 1926 3546; x_wconf 78' lang='grc' dir='ltr'>διάλυσιν</span> 
     </span>
    </p>
   </div>
   <div class='ocr_carea' id='block_1_66' title="bbox 359 3579 1925 3660">
    <p class='ocr_par' dir='ltr' id='par_1_66' title="bbox 359 3579 1925 3660">
     <span class='ocr_line' id='line_1_66' title="bbox 359 3579 1925 3660; baseline -0.003 -18"><span class='ocrx_word' id='word_1_434' title='bbox 359 3590 458 3660; x_wconf 74' lang='grc' dir='ltr'>τῆς</span> <span class='ocrx_word' id='word_1_435' title='bbox 502 3590 716 3644; x_wconf 80' lang='grc' dir='ltr'>συνόδου</span> <span class='ocrx_word' id='word_1_436' title='bbox 747 3587 912 3641; x_wconf 84' lang='grc' dir='ltr'>πάλιν</span> <span class='ocrx_word' id='word_1_437' title='bbox 959 3579 1312 3656; x_wconf 70' lang='grc' dir='ltr'>ἐσχίσθησαν,</span> <span class='ocrx_word' id='word_1_438' title='bbox 1348 3586 1443 3638; x_wconf 79' lang='grc' dir='ltr'>καὶ</span> <span class='ocrx_word' id='word_1_439' title='bbox 1491 3585 1664 3653; x_wconf 77' lang='grc' dir='ltr'>ὀλίγοι</span> <span class='ocrx_word' id='word_1_440' title='bbox 1696 3585 1925 3656; x_wconf 75' lang='grc' dir='ltr'>ἔμειναν</span> 
     </span>
    </p>
   </div>
   <div class='ocr_carea' id='block_1_67' title="bbox 353 3677 1926 3750">
    <p class='ocr_par' dir='ltr' id='par_1_67' title="bbox 353 3677 1926 3750">
     <span class='ocr_line' id='line_1_67' title="bbox 353 3677 1926 3750; baseline -0.003 -16"><span class='ocrx_word' id='word_1_441' title='bbox 353 3684 420 3735; x_wconf 71' lang='grc' dir='ltr'>τὰ</span> <span class='ocrx_word' id='word_1_442' title='bbox 443 3683 690 3736; x_wconf 84' lang='grc' dir='ltr'>Λατίνων</span> <span class='ocrx_word' id='word_1_443' title='bbox 719 3677 1063 3750; x_wconf 82' lang='grc' dir='ltr'>φρονοῦντες.</span> <span class='ocrx_word' id='word_1_444' title='bbox 1102 3679 1234 3733; x_wconf 79' lang='grc' dir='ltr'>Ἰδοὺ</span> <span class='ocrx_word' id='word_1_445' title='bbox 1259 3677 1352 3731; x_wconf 84' lang='grc' dir='ltr'><strong>οῦν</strong></span> <span class='ocrx_word' id='word_1_446' title='bbox 1377 3677 1468 3730; x_wconf 65' lang='grc' dir='ltr'>καὶ</span> <span class='ocrx_word' id='word_1_447' title='bbox 1495 3678 1624 3738; x_wconf 77' lang='grc' dir='ltr'>τοὺς</span> <span class='ocrx_word' id='word_1_448' title='bbox 1653 3677 1926 3746; x_wconf 77' lang='grc' dir='ltr'>Γραικοὺς</span> 
     </span>
    </p>
   </div>
   <div class='ocr_carea' id='block_1_68' title="bbox 347 3763 1920 3844">
    <p class='ocr_par' dir='ltr' id='par_1_68' title="bbox 347 3763 1920 3844">
     <span class='ocr_line' id='line_1_68' title="bbox 347 3763 1920 3844; baseline -0.006 -14"><span class='ocrx_word' id='word_1_449' title='bbox 347 3775 533 3839; x_wconf 78' lang='grc' dir='ltr'>καλεῖς</span> <span class='ocrx_word' id='word_1_450' title='bbox 566 3773 1005 3844; x_wconf 76' lang='grc' dir='ltr'>Λατινόφρονας.</span> <span class='ocrx_word' id='word_1_451' title='bbox 1039 3770 1252 3841; x_wconf 71' lang='grc' dir='ltr'>Φράσον</span> <span class='ocrx_word' id='word_1_452' title='bbox 1284 3787 1373 3839; x_wconf 89' lang='grc' dir='ltr'><strong>μοι</strong></span> <span class='ocrx_word' id='word_1_453' title='bbox 1404 3763 1522 3835; x_wconf 80' lang='grc' dir='ltr'>οὗν,</span> <span class='ocrx_word' id='word_1_454' title='bbox 1555 3770 1605 3820; x_wconf 85' lang='grc' dir='ltr'><strong>τί</strong></span> <span class='ocrx_word' id='word_1_455' title='bbox 1644 3769 1920 3838; x_wconf 80' lang='grc' dir='ltr'>δηλοῦσιν,</span> 
     </span>
    </p>
   </div>
   <div class='ocr_carea' id='block_1_69' title="bbox 344 3862 1926 3938">
    <p class='ocr_par' dir='ltr' id='par_1_69' title="bbox 344 3862 1926 3938">
     <span class='ocr_line' id='line_1_69' title="bbox 344 3862 1926 3938; baseline -0.003 -16"><span class='ocrx_word' id='word_1_456' title='bbox 344 3868 492 3938; x_wconf 71' lang='grc' dir='ltr'>ᾇπερ</span> <span class='ocrx_word' id='word_1_457' title='bbox 527 3865 624 3921; x_wconf 90' lang='grc' dir='ltr'><strong>νῦν</strong></span> <span class='ocrx_word' id='word_1_458' title='bbox 690 3865 894 3934; x_wconf 84' lang='grc' dir='ltr'>λέγεις,</span> <span class='ocrx_word' id='word_1_459' title='bbox 927 3864 1012 3917; x_wconf 84' lang='grc' dir='ltr'>ὅτι</span> <span class='ocrx_word' id='word_1_460' title='bbox 1067 3862 1291 3917; x_wconf 84' lang='grc' dir='ltr'>ὲναντία</span> <span class='ocrx_word' id='word_1_461' title='bbox 1325 3862 1578 3932; x_wconf 80' lang='grc' dir='ltr'>ἀλλήλοις</span> <span class='ocrx_word' id='word_1_462' title='bbox 1627 3863 1926 3934; x_wconf 71' lang='grc' dir='ltr'>διαρρήδην</span> 
     </span>
    </p>
   </div>
   <div class='ocr_carea' id='block_1_70' title="bbox 271 3961 532 4023">
    <p class='ocr_par' dir='ltr' id='par_1_70' title="bbox 271 3961 532 4023">
     <span class='ocr_line' id='line_1_70' title="bbox 271 3961 532 4023; baseline 0.008 -15"><span class='ocrx_word' id='word_1_463' title='bbox 271 4005 275 4008; x_wconf 75' lang='grc'><strong>,</strong></span> <span class='ocrx_word' id='word_1_464' title='bbox 350 3961 491 4011; x_wconf 80' lang='grc' dir='ltr'>εἰσίν</span> <span class='ocrx_word' id='word_1_465' title='bbox 515 3977 532 4023; x_wconf 85' lang='grc'>;</span> 
     </span>
    </p>
   </div>
   <div class='ocr_carea' id='block_1_71' title="bbox 436 4047 1741 4124">
    <p class='ocr_par' dir='ltr' id='par_1_71' title="bbox 436 4047 1741 4124">
     <span class='ocr_line' id='line_1_71' title="bbox 436 4047 1741 4124; baseline -0.002 -20"><span class='ocrx_word' id='word_1_466' title='bbox 436 4051 604 4106; x_wconf 77' lang='grc' dir='ltr'>Ῥακ.</span> <span class='ocrx_word' id='word_1_467' title='bbox 636 4051 823 4117; x_wconf 69' lang='grc' dir='ltr'>Οὕτως</span> <span class='ocrx_word' id='word_1_468' title='bbox 857 4051 1133 4124; x_wconf 74' lang='grc' dir='ltr'>ἐπράχθη,</span> <span class='ocrx_word' id='word_1_469' title='bbox 1169 4054 1264 4104; x_wconf 75' lang='grc' dir='ltr'><strong>καὶ</strong></span> <span class='ocrx_word' id='word_1_470' title='bbox 1290 4047 1437 4103; x_wconf 75' lang='grc' dir='ltr'>οὕτω</span> <span class='ocrx_word' id='word_1_471' title='bbox 1465 4065 1547 4102; x_wconf 91' lang='grc' dir='ltr'>σοι</span> <span class='ocrx_word' id='word_1_472' title='bbox 1572 4047 1741 4116; x_wconf 79' lang='grc' dir='ltr'>λέγω.</span> 
     </span>
    </p>
   </div>
   <div class='ocr_carea' id='block_1_72' title="bbox 423 4139 1922 4214">
    <p class='ocr_par' dir='ltr' id='par_1_72' title="bbox 423 4139 1922 4214">
     <span class='ocr_line' id='line_1_72' title="bbox 423 4139 1922 4214; baseline 0 -21"><span class='ocrx_word' id='word_1_473' title='bbox 423 4146 549 4194; x_wconf 76' lang='lat' dir='ltr'><strong>Am.</strong></span> <span class='ocrx_word' id='word_1_474' title='bbox 588 4143 679 4193; x_wconf 87' lang='grc' dir='ltr'>Δεῖ</span> <span class='ocrx_word' id='word_1_475' title='bbox 716 4143 814 4214; x_wconf 80' lang='grc' dir='ltr'><strong>τὴν</strong></span> <span class='ocrx_word' id='word_1_476' title='bbox 852 4142 1118 4212; x_wconf 79' lang='grc' dir='ltr'>ἀλήθειαν</span> <span class='ocrx_word' id='word_1_477' title='bbox 1173 4139 1383 4210; x_wconf 85' lang='grc' dir='ltr'>λέγειν,</span> <span class='ocrx_word' id='word_1_478' title='bbox 1431 4140 1524 4192; x_wconf 75' lang='grc' dir='ltr'><strong>καὶ</strong></span> <span class='ocrx_word' id='word_1_479' title='bbox 1577 4140 1654 4210; x_wconf 81' lang='grc' dir='ltr'>μὴ</span> <span class='ocrx_word' id='word_1_480' title='bbox 1706 4140 1776 4193; x_wconf 64' lang='grc' dir='ltr'>τὰ</span> <span class='ocrx_word' id='word_1_481' title='bbox 1822 4140 1922 4208; x_wconf 85' lang='grc' dir='ltr'>τῆς</span> 
     </span>
    </p>
   </div>
   <div class='ocr_carea' id='block_1_73' title="bbox 347 4230 1920 4302">
    <p class='ocr_par' dir='ltr' id='par_1_73' title="bbox 347 4230 1920 4302">
     <span class='ocr_line' id='line_1_73' title="bbox 347 4230 1920 4302; baseline -0.002 -15"><span class='ocrx_word' id='word_1_482' title='bbox 347 4231 488 4295; x_wconf 78' lang='grc' dir='ltr'>ἰδίας</span> <span class='ocrx_word' id='word_1_483' title='bbox 525 4230 790 4302; x_wconf 78' lang='grc' dir='ltr'>ὀρέξεως,</span> <span class='ocrx_word' id='word_1_484' title='bbox 820 4231 966 4300; x_wconf 68' lang='grc' dir='ltr'>απερ</span> <span class='ocrx_word' id='word_1_485' title='bbox 997 4233 1090 4284; x_wconf 74' lang='grc' dir='ltr'><strong>καὶ</strong></span> <span class='ocrx_word' id='word_1_486' title='bbox 1125 4230 1519 4295; x_wconf 81' lang='grc' dir='ltr'>ἀναπόδεικτα,</span> <span class='ocrx_word' id='word_1_487' title='bbox 1557 4232 1790 4294; x_wconf 79' lang='grc' dir='ltr'>καὶτοῖς</span> <span class='ocrx_word' id='word_1_488' title='bbox 1824 4231 1920 4284; x_wconf 80' lang='grc' dir='ltr'><strong>ἀν⁸</strong></span> 
     </span>
    </p>
   </div>
   <div class='ocr_carea' id='block_1_74' title="bbox 343 4321 1184 4394">
    <p class='ocr_par' dir='ltr' id='par_1_74' title="bbox 343 4321 1184 4394">
     <span class='ocr_line' id='line_1_74' title="bbox 343 4321 1184 4394; baseline -0.002 -16"><span class='ocrx_word' id='word_1_489' title='bbox 343 4321 590 4394; x_wconf 82' lang='grc' dir='ltr'>θρώποις</span> <span class='ocrx_word' id='word_1_490' title='bbox 622 4325 826 4394; x_wconf 80' lang='grc' dir='ltr'>μισητὰ</span> <span class='ocrx_word' id='word_1_491' title='bbox 877 4323 1184 4392; x_wconf 82' lang='grc' dir='ltr'>φαίνονται.</span> 
     </span>
    </p>
   </div>
   <div class='ocr_carea' id='block_1_75' title="bbox 415 4407 1921 4487">
    <p class='ocr_par' dir='ltr' id='par_1_75' title="bbox 415 4407 1921 4487">
     <span class='ocr_line' id='line_1_75' title="bbox 415 4407 1921 4487; baseline -0.001 -17"><span class='ocrx_word' id='word_1_492' title='bbox 415 4417 568 4471; x_wconf 72' lang='grc' dir='ltr'><strong>Εὐλ.</strong></span> <span class='ocrx_word' id='word_1_493' title='bbox 609 4416 894 4487; x_wconf 76' lang='grc' dir='ltr'>Ἔμειναν,</span> <span class='ocrx_word' id='word_1_494' title='bbox 932 4416 1037 4486; x_wconf 73' lang='grc' dir='ltr'><strong>φῂς</strong></span> <span class='ocrx_word' id='word_1_495' title='bbox 1059 4455 1074 4482; x_wconf 91' lang='grc'><strong>,</strong></span> <span class='ocrx_word' id='word_1_496' title='bbox 1105 4415 1204 4470; x_wconf 84' lang='grc' dir='ltr'><strong>καί</strong></span> <span class='ocrx_word' id='word_1_497' title='bbox 1234 4431 1380 4478; x_wconf 87' lang='grc' dir='ltr'>τινες</span> <span class='ocrx_word' id='word_1_498' title='bbox 1412 4407 1637 4485; x_wconf 79' lang='grc' dir='ltr'>Γραικοὶ</span> <span class='ocrx_word' id='word_1_499' title='bbox 1669 4413 1736 4468; x_wconf 76' lang='grc' dir='ltr'><strong>τὰ</strong></span> <span class='ocrx_word' id='word_1_500' title='bbox 1761 4413 1921 4468; x_wconf 86' lang='grc' dir='ltr'>Λατί-</span> 
     </span>
    </p>
   </div>
   <div class='ocr_carea' id='block_1_76' title="bbox 339 4508 836 4580">
    <p class='ocr_par' dir='ltr' id='par_1_76' title="bbox 339 4508 836 4580">
     <span class='ocr_line' id='line_1_76' title="bbox 339 4508 836 4580; baseline 0 -15"><span class='ocrx_word' id='word_1_501' title='bbox 339 4527 453 4565; x_wconf 90' lang='grc' dir='ltr'>νων</span> <span class='ocrx_word' id='word_1_502' title='bbox 483 4508 836 4580; x_wconf 81' lang='grc' dir='ltr'>φρονοῦντες.</span> 
     </span>
    </p>
   </div>
   <div class='ocr_carea' id='block_1_77' title="bbox 426 4601 986 4672">
    <p class='ocr_par' dir='ltr' id='par_1_77' title="bbox 426 4601 986 4672">
     <span class='ocr_line' id='line_1_77' title="bbox 426 4601 986 4672; baseline 0.004 -16"><span class='ocrx_word' id='word_1_503' title='bbox 426 4605 588 4658; x_wconf 78' lang='grc' dir='ltr'>⁹Ρακ.</span> <span class='ocrx_word' id='word_1_504' title='bbox 625 4601 813 4665; x_wconf 76' lang='grc' dir='ltr'>Οὕτως</span> <span class='ocrx_word' id='word_1_505' title='bbox 846 4601 986 4672; x_wconf 67' lang='grc' dir='ltr'>ἔχει.</span> 
     </span>
    </p>
   </div>
   <div class='ocr_carea' id='block_1_78' title="bbox 413 4689 1916 4765">
    <p class='ocr_par' dir='ltr' id='par_1_78' title="bbox 413 4689 1916 4765">
     <span class='ocr_line' id='line_1_78' title="bbox 413 4689 1916 4765; baseline -0.003 -18"><span class='ocrx_word' id='word_1_506' title='bbox 413 4697 560 4753; x_wconf 71' lang='grc' dir='ltr'><strong>Εὺλ.</strong></span> <span class='ocrx_word' id='word_1_507' title='bbox 607 4694 696 4747; x_wconf 83' lang='grc' dir='ltr'><strong>Ἐν</strong></span> <span class='ocrx_word' id='word_1_508' title='bbox 725 4694 835 4765; x_wconf 77' lang='grc' dir='ltr'>γὰρ</span> <span class='ocrx_word' id='word_1_509' title='bbox 892 4691 1069 4763; x_wconf 84' lang='grc' dir='ltr'>τούτῳ</span> <span class='ocrx_word' id='word_1_510' title='bbox 1121 4689 1440 4762; x_wconf 86' lang='grc' dir='ltr'>θαυμαστόν</span> <span class='ocrx_word' id='word_1_511' title='bbox 1494 4691 1680 4755; x_wconf 81' lang='grc' dir='ltr'>ἐστιν,</span> <span class='ocrx_word' id='word_1_512' title='bbox 1729 4690 1814 4744; x_wconf 86' lang='grc' dir='ltr'><strong>δτι</strong></span> <span class='ocrx_word' id='word_1_513' title='bbox 1867 4690 1916 4742; x_wconf 74' lang='grc' dir='ltr'>οἱ</span> 
     </span>
    </p>
   </div>
   <div class='ocr_carea' id='block_1_79' title="bbox 344 4782 1920 4858">
    <p class='ocr_par' dir='ltr' id='par_1_79' title="bbox 344 4782 1920 4858">
     <span class='ocr_line' id='line_1_79' title="bbox 344 4782 1920 4858; baseline -0.003 -16"><span class='ocrx_word' id='word_1_514' title='bbox 344 4787 599 4858; x_wconf 72' lang='grc' dir='ltr'>Γραικοὶ,</span> <span class='ocrx_word' id='word_1_515' title='bbox 631 4787 698 4840; x_wconf 83' lang='grc' dir='ltr'><strong>τὰ</strong></span> <span class='ocrx_word' id='word_1_516' title='bbox 731 4783 984 4853; x_wconf 84' lang='grc' dir='ltr'>Γραικῶν</span> <span class='ocrx_word' id='word_1_517' title='bbox 1018 4783 1270 4854; x_wconf 80' lang='grc' dir='ltr'>ἀφέντες,</span> <span class='ocrx_word' id='word_1_518' title='bbox 1292 4784 1363 4836; x_wconf 75' lang='grc' dir='ltr'>τὰ</span> <span class='ocrx_word' id='word_1_519' title='bbox 1385 4783 1632 4837; x_wconf 83' lang='grc' dir='ltr'>Λατίνων</span> <span class='ocrx_word' id='word_1_520' title='bbox 1659 4782 1920 4852; x_wconf 63' lang='grc' dir='ltr'>φρονοῦν-</span> 
     </span>
    </p>
   </div>
   <div class='ocr_carea' id='block_1_80' title="bbox 346 4872 1916 4948">
    <p class='ocr_par' dir='ltr' id='par_1_80' title="bbox 346 4872 1916 4948">
     <span class='ocr_line' id='line_1_80' title="bbox 346 4872 1916 4948; baseline -0.003 -18"><span class='ocrx_word' id='word_1_521' title='bbox 346 4895 436 4941; x_wconf 88' lang='grc' dir='ltr'><strong>τες</strong></span> <span class='ocrx_word' id='word_1_522' title='bbox 479 4877 722 4948; x_wconf 77' lang='grc' dir='ltr'>ἕμειναν,</span> <span class='ocrx_word' id='word_1_523' title='bbox 757 4879 805 4930; x_wconf 84' lang='grc' dir='ltr'><strong>εί</strong></span> <span class='ocrx_word' id='word_1_524' title='bbox 838 4875 984 4930; x_wconf 74' lang='grc' dir='ltr'>κατὰ</span> <span class='ocrx_word' id='word_1_525' title='bbox 1020 4872 1282 4930; x_wconf 76' lang='grc' dir='ltr'>’Λατίνων</span> <span class='ocrx_word' id='word_1_526' title='bbox 1334 4876 1367 4944; x_wconf 77' lang='grc' dir='ltr'><strong>ἡ</strong></span> <span class='ocrx_word' id='word_1_527' title='bbox 1429 4875 1630 4944; x_wconf 78' lang='grc' dir='ltr'>πρᾶξις</span> <span class='ocrx_word' id='word_1_528' title='bbox 1675 4875 1916 4942; x_wconf 80' lang='grc' dir='ltr'>ἐγένετο,</span> 
     </span>
    </p>
   </div>
   <div class='ocr_carea' id='block_1_81' title="bbox 341 4965 1922 5036">
    <p class='ocr_par' dir='ltr' id='par_1_81' title="bbox 341 4965 1922 5036">
     <span class='ocr_line' id='line_1_81' title="bbox 341 4965 1922 5036; baseline -0.002 -15"><span class='ocrx_word' id='word_1_529' title='bbox 341 4967 532 5036; x_wconf 81' lang='grc' dir='ltr'>ὥσπερ</span> <span class='ocrx_word' id='word_1_530' title='bbox 569 4966 742 5021; x_wconf 76' lang='grc' dir='ltr'>εἰπὼν</span> <span class='ocrx_word' id='word_1_531' title='bbox 786 4967 1050 5036; x_wconf 72' lang='grc' dir='ltr'>ἔφθασας,</span> <span class='ocrx_word' id='word_1_532' title='bbox 1093 4965 1273 5019; x_wconf 90' lang='grc' dir='ltr'>καίτοι</span> <span class='ocrx_word' id='word_1_533' title='bbox 1317 4981 1381 5034; x_wconf 87' lang='grc' dir='ltr'><strong>γε</strong></span> <span class='ocrx_word' id='word_1_534' title='bbox 1440 4965 1922 5036; x_wconf 77' lang='grc' dir='ltr'>ἰσχυρογνώμονές</span> 
     </span>
    </p>
   </div>
   <div class='ocr_carea' id='block_1_82' title="bbox 341 5055 1912 5134">
    <p class='ocr_par' dir='ltr' id='par_1_82' title="bbox 341 5055 1912 5134">
     <span class='ocr_line' id='line_1_82' title="bbox 341 5055 1912 5134; baseline -0.002 -20"><span class='ocrx_word' id='word_1_535' title='bbox 341 5062 450 5114; x_wconf 85' lang='grc' dir='ltr'>είσι</span> <span class='ocrx_word' id='word_1_536' title='bbox 482 5064 549 5134; x_wconf 79' lang='grc' dir='ltr'>τῇ</span> <span class='ocrx_word' id='word_1_537' title='bbox 599 5060 840 5132; x_wconf 73' lang='grc' dir='ltr'>σφετέρᾳ</span> <span class='ocrx_word' id='word_1_538' title='bbox 887 5059 1101 5112; x_wconf 73' lang='grc' dir='ltr'>ἑαυτῶν</span> <span class='ocrx_word' id='word_1_539' title='bbox 1158 5057 1309 5128; x_wconf 75' lang='grc' dir='ltr'>δόξῃ,</span> <span class='ocrx_word' id='word_1_540' title='bbox 1358 5055 1453 5111; x_wconf 74' lang='grc' dir='ltr'>καὶ</span> <span class='ocrx_word' id='word_1_541' title='bbox 1499 5057 1912 5126; x_wconf 83' lang='grc' dir='ltr'>δεισιδαίμονες.</span> 
     </span>
    </p>
   </div>
   <div class='ocr_carea' id='block_1_83' title="bbox 341 5147 1922 5225">
    <p class='ocr_par' dir='ltr' id='par_1_83' title="bbox 341 5147 1922 5225">
     <span class='ocr_line' id='line_1_83' title="bbox 341 5147 1922 5225; baseline 0.003 -17"><span class='ocrx_word' id='word_1_542' title='bbox 341 5156 530 5218; x_wconf 77' lang='grc' dir='ltr'>Οὐδεὶς</span> <span class='ocrx_word' id='word_1_543' title='bbox 553 5155 660 5225; x_wconf 79' lang='grc' dir='ltr'>γὰρ</span> <span class='ocrx_word' id='word_1_544' title='bbox 690 5151 884 5216; x_wconf 80' lang='grc' dir='ltr'>εῦνους</span> <span class='ocrx_word' id='word_1_545' title='bbox 912 5155 981 5205; x_wconf 67' lang='grc' dir='ltr'>τὰ</span> <span class='ocrx_word' id='word_1_546' title='bbox 1011 5147 1137 5204; x_wconf 76' lang='grc' dir='ltr'>κατ’</span> <span class='ocrx_word' id='word_1_547' title='bbox 1164 5148 1355 5216; x_wconf 78' lang='grc' dir='ltr'>αὑτοῦ,</span> <span class='ocrx_word' id='word_1_548' title='bbox 1390 5149 1528 5204; x_wconf 76' lang='grc' dir='ltr'>ἀλλὰ</span> <span class='ocrx_word' id='word_1_549' title='bbox 1558 5151 1626 5202; x_wconf 82' lang='grc' dir='ltr'>τὰ</span> <span class='ocrx_word' id='word_1_550' title='bbox 1657 5150 1794 5219; x_wconf 83' lang='grc' dir='ltr'>ὑπὲρ</span> <span class='ocrx_word' id='word_1_551' title='bbox 1823 5150 1922 5218; x_wconf 81' lang='grc' dir='ltr'><strong>τῆς</strong></span> 
     </span>
    </p>
   </div>
   <div class='ocr_carea' id='block_1_84' title="bbox 341 5241 1920 5324">
    <p class='ocr_par' dir='ltr' id='par_1_84' title="bbox 341 5241 1920 5324">
     <span class='ocr_line' id='line_1_84' title="bbox 341 5241 1920 5324; baseline -0.006 -17"><span class='ocrx_word' id='word_1_552' title='bbox 341 5253 567 5308; x_wconf 81' lang='grc' dir='ltr'>συνόδου</span> <span class='ocrx_word' id='word_1_553' title='bbox 613 5255 823 5324; x_wconf 77' lang='grc' dir='ltr'>φρονεῖ.</span> <span class='ocrx_word' id='word_1_554' title='bbox 865 5251 928 5305; x_wconf 82' lang='lat' dir='ltr'><strong>El</strong></span> <span class='ocrx_word' id='word_1_555' title='bbox 959 5249 1070 5319; x_wconf 74' lang='grc' dir='ltr'>γὰρ</span> <span class='ocrx_word' id='word_1_556' title='bbox 1105 5248 1246 5318; x_wconf 80' lang='grc' dir='ltr'>ὑπὲρ</span> <span class='ocrx_word' id='word_1_557' title='bbox 1282 5245 1536 5315; x_wconf 85' lang='grc' dir='ltr'>Γραικῶν</span> <span class='ocrx_word' id='word_1_558' title='bbox 1579 5241 1670 5322; x_wconf 63' lang='grc' dir='ltr'>ἦν,</span> <span class='ocrx_word' id='word_1_559' title='bbox 1704 5248 1806 5298; x_wconf 77' lang='grc' dir='ltr'><strong>οὐκ</strong></span> <span class='ocrx_word' id='word_1_560' title='bbox 1853 5246 1920 5298; x_wconf 83' lang='grc' dir='ltr'><strong>ἂν</strong></span> 
     </span>
    </p>
   </div>
   <div class='ocr_carea' id='block_1_85' title="bbox 340 5339 1920 5419">
    <p class='ocr_par' dir='ltr' id='par_1_85' title="bbox 340 5339 1920 5419">
     <span class='ocr_line' id='line_1_85' title="bbox 340 5339 1920 5419; baseline -0.008 -16"><span class='ocrx_word' id='word_1_561' title='bbox 340 5347 617 5419; x_wconf 70' lang='grc' dir='ltr'>ἐσχίζοντο</span> <span class='ocrx_word' id='word_1_562' title='bbox 653 5344 749 5400; x_wconf 80' lang='grc' dir='ltr'><strong>ἀπ’</strong></span> <span class='ocrx_word' id='word_1_563' title='bbox 792 5344 974 5399; x_wconf 78' lang='grc' dir='ltr'>αὐτῶν</span> <span class='ocrx_word' id='word_1_564' title='bbox 1012 5343 1062 5395; x_wconf 81' lang='lat' dir='ltr'><strong>oi</strong></span> <span class='ocrx_word' id='word_1_565' title='bbox 1114 5341 1368 5413; x_wconf 78' lang='grc' dir='ltr'>Γραικοὶ.</span> <span class='ocrx_word' id='word_1_566' title='bbox 1402 5339 1517 5394; x_wconf 75' lang='grc' dir='ltr'>ἀλλ’</span> <span class='ocrx_word' id='word_1_567' title='bbox 1556 5341 1756 5392; x_wconf 76' lang='grc' dir='ltr'>ἐκεῖνοι</span> <span class='ocrx_word' id='word_1_568' title='bbox 1811 5339 1920 5391; x_wconf 75' lang='grc' dir='ltr'><strong>ἀπὸ</strong></span> 
     </span>
    </p>
   </div>
   <div class='ocr_carea' id='block_1_86' title="bbox 339 5429 1920 5504">
    <p class='ocr_par' dir='ltr' id='par_1_86' title="bbox 339 5429 1920 5504">
     <span class='ocr_line' id='line_1_86' title="bbox 339 5429 1920 5504; baseline -0.006 -13"><span class='ocrx_word' id='word_1_569' title='bbox 339 5437 549 5491; x_wconf 82' lang='grc' dir='ltr'>τούτων</span> <span class='ocrx_word' id='word_1_570' title='bbox 601 5433 687 5490; x_wconf 75' lang='grc' dir='ltr'><strong>ἄν.</strong></span> <span class='ocrx_word' id='word_1_571' title='bbox 755 5436 1044 5488; x_wconf 84' lang='grc' dir='ltr'>Δείκνυται</span> <span class='ocrx_word' id='word_1_572' title='bbox 1098 5433 1155 5486; x_wconf 79' lang='grc' dir='ltr'>δὲ</span> <span class='ocrx_word' id='word_1_573' title='bbox 1211 5432 1412 5504; x_wconf 78' lang='grc' dir='ltr'>μᾶλλον</span> <span class='ocrx_word' id='word_1_574' title='bbox 1448 5433 1558 5484; x_wconf 68' lang='grc' dir='ltr'>ἀπὸ</span> <span class='ocrx_word' id='word_1_575' title='bbox 1613 5429 1703 5484; x_wconf 89' lang='grc' dir='ltr'><strong>τοῦ</strong></span> <span class='ocrx_word' id='word_1_576' title='bbox 1756 5430 1920 5498; x_wconf 80' lang='grc' dir='ltr'>λόγου</span> 
     </span>
    </p>
   </div>
   <div class='ocr_carea' id='block_1_87' title="bbox 337 5522 1922 5596">
    <p class='ocr_par' dir='ltr' id='par_1_87' title="bbox 337 5522 1922 5596">
     <span class='ocr_line' id='line_1_87' title="bbox 337 5522 1922 5596; baseline -0.006 -13"><span class='ocrx_word' id='word_1_577' title='bbox 337 5530 554 5594; x_wconf 68' lang='grc' dir='ltr'>τούτου,</span> <span class='ocrx_word' id='word_1_578' title='bbox 592 5530 675 5582; x_wconf 85' lang='grc' dir='ltr'><strong>δτι</strong></span> <span class='ocrx_word' id='word_1_579' title='bbox 722 5528 864 5596; x_wconf 83' lang='grc' dir='ltr'>ὑπὲρ</span> <span class='ocrx_word' id='word_1_580' title='bbox 920 5525 1164 5580; x_wconf 85' lang='grc' dir='ltr'>Λατίνων</span> <span class='ocrx_word' id='word_1_581' title='bbox 1221 5525 1256 5595; x_wconf 78' lang='grc' dir='ltr'><strong>ἡ</strong></span> <span class='ocrx_word' id='word_1_582' title='bbox 1309 5523 1513 5595; x_wconf 76' lang='grc' dir='ltr'>πρᾶξις</span> <span class='ocrx_word' id='word_1_583' title='bbox 1571 5524 1788 5592; x_wconf 76' lang='grc' dir='ltr'>ἐγένετο</span> <span class='ocrx_word' id='word_1_584' title='bbox 1821 5522 1922 5592; x_wconf 83' lang='grc' dir='ltr'>τῆς</span> 
     </span>
    </p>
   </div>
   <div class='ocr_carea' id='block_1_88' title="bbox 343 5615 1919 5690">
    <p class='ocr_par' dir='ltr' id='par_1_88' title="bbox 343 5615 1919 5690">
     <span class='ocr_line' id='line_1_88' title="bbox 343 5615 1919 5690; baseline -0.005 -16"><span class='ocrx_word' id='word_1_585' title='bbox 343 5622 563 5674; x_wconf 78' lang='grc' dir='ltr'>συνόδου</span> <span class='ocrx_word' id='word_1_586' title='bbox 623 5621 864 5690; x_wconf 76' lang='grc' dir='ltr'>ἐκείνης’</span> <span class='ocrx_word' id='word_1_587' title='bbox 900 5619 990 5672; x_wconf 72' lang='grc' dir='ltr'>διὰ</span> <span class='ocrx_word' id='word_1_588' title='bbox 1024 5617 1183 5670; x_wconf 85' lang='grc' dir='ltr'>τοῦτο</span> <span class='ocrx_word' id='word_1_589' title='bbox 1219 5616 1560 5687; x_wconf 78' lang='grc' dir='ltr'>ἐσχίσθησαν</span> <span class='ocrx_word' id='word_1_590' title='bbox 1606 5617 1656 5668; x_wconf 89' lang='grc' dir='ltr'><strong>οί</strong></span> <span class='ocrx_word' id='word_1_591' title='bbox 1686 5615 1919 5686; x_wconf 82' lang='grc' dir='ltr'>Γραικοὶ</span> 
     </span>
    </p>
   </div>
   <div class='ocr_carea' id='block_1_89' title="bbox 341 5704 1921 5782">
    <p class='ocr_par' dir='ltr' id='par_1_89' title="bbox 341 5704 1921 5782">
     <span class='ocr_line' id='line_1_89' title="bbox 341 5704 1921 5782; baseline -0.006 -16"><span class='ocrx_word' id='word_1_592' title='bbox 341 5712 438 5766; x_wconf 82' lang='grc' dir='ltr'><strong>ἀπ’</strong></span> <span class='ocrx_word' id='word_1_593' title='bbox 472 5712 676 5776; x_wconf 59' lang='grc' dir='ltr'>αὐτῶν,</span> <span class='ocrx_word' id='word_1_594' title='bbox 718 5714 794 5782; x_wconf 77' lang='grc' dir='ltr'>μὴ</span> <span class='ocrx_word' id='word_1_595' title='bbox 833 5710 1166 5782; x_wconf 80' lang='grc' dir='ltr'>θελήσαντες</span> <span class='ocrx_word' id='word_1_596' title='bbox 1223 5709 1493 5780; x_wconf 79' lang='grc' dir='ltr'>ὲνωθῆναι</span> <span class='ocrx_word' id='word_1_597' title='bbox 1535 5708 1742 5773; x_wconf 73' lang='grc' dir='ltr'>αὐτοῖς,</span> <span class='ocrx_word' id='word_1_598' title='bbox 1780 5704 1921 5776; x_wconf 80' lang='grc' dir='ltr'>μηδὲ</span> 
     </span>
    </p>
   </div>
   <div class='ocr_carea' id='block_1_90' title="bbox 341 5801 1578 5880">
    <p class='ocr_par' dir='ltr' id='par_1_90' title="bbox 341 5801 1578 5880">
     <span class='ocr_line' id='line_1_90' title="bbox 341 5801 1578 5880; baseline -0.004 -21"><span class='ocrx_word' id='word_1_599' title='bbox 341 5807 441 5876; x_wconf 74' lang='grc' dir='ltr'>τῆς</span> <span class='ocrx_word' id='word_1_600' title='bbox 479 5806 702 5859; x_wconf 84' lang='grc' dir='ltr'>συνόδου</span> <span class='ocrx_word' id='word_1_601' title='bbox 741 5807 840 5876; x_wconf 77' lang='grc' dir='ltr'>τὴν</span> <span class='ocrx_word' id='word_1_602' title='bbox 871 5804 1051 5874; x_wconf 73' lang='grc' dir='ltr'>ψῆφον</span> <span class='ocrx_word' id='word_1_603' title='bbox 1076 5801 1353 5867; x_wconf 81' lang='grc' dir='ltr'>δέξασθαι.</span> <span class='ocrx_word' id='word_1_604' title='bbox 1573 5875 1578 5880; x_wconf 21' lang='grc' dir='ltr'><strong>ν</strong></span> 
     </span>
    </p>
   </div>
   <div class='ocr_carea' id='block_1_91' title="bbox 411 5894 1902 5965">
    <p class='ocr_par' dir='ltr' id='par_1_91' title="bbox 411 5894 1902 5965">
     <span class='ocr_line' id='line_1_91' title="bbox 411 5894 1902 5965; baseline -0.005 -12"><span class='ocrx_word' id='word_1_605' title='bbox 411 5902 538 5954; x_wconf 74' lang='lat' dir='ltr'><strong>Am.</strong></span> <span class='ocrx_word' id='word_1_606' title='bbox 570 5898 798 5964; x_wconf 81' lang='grc' dir='ltr'>Πιθανδς</span> <span class='ocrx_word' id='word_1_607' title='bbox 833 5897 860 5950; x_wconf 85' lang='grc' dir='ltr'>δ</span> <span class='ocrx_word' id='word_1_608' title='bbox 899 5898 1054 5965; x_wconf 81' lang='grc' dir='ltr'>λόγος</span> <span class='ocrx_word' id='word_1_609' title='bbox 1099 5895 1189 5949; x_wconf 86' lang='grc' dir='ltr'><strong>τοῦ</strong></span> <span class='ocrx_word' id='word_1_610' title='bbox 1244 5894 1518 5959; x_wconf 77' lang='grc' dir='ltr'>Εὐλαδοῦς</span> <span class='ocrx_word' id='word_1_611' title='bbox 1553 5897 1700 5951; x_wconf 78' lang='grc' dir='ltr'>κατᾶ</span> <span class='ocrx_word' id='word_1_612' title='bbox 1735 5896 1902 5958; x_wconf 74' lang='grc' dir='ltr'>πόδας</span> 
     </span>
    </p>
   </div>
   <div class='ocr_carea' id='block_1_92' title="bbox 2031 3310 3609 3380">
    <p class='ocr_par' dir='ltr' id='par_1_92' title="bbox 2031 3310 3609 3380">
     <span class='ocr_line' id='line_1_92' title="bbox 2031 3310 3609 3380; baseline 0.01 -19"><span class='ocrx_word' id='word_1_613' title='bbox 2031 3323 2357 3376; x_wconf 83' lang='lat' dir='ltr'><strong>conversus,</strong></span> <span class='ocrx_word' id='word_1_614' title='bbox 2408 3310 2749 3380; x_wconf 83' lang='lat' dir='ltr'><strong>superiores,</strong></span> <span class='ocrx_word' id='word_1_615' title='bbox 2779 3313 2884 3378; x_wconf 87' lang='lat' dir='ltr'><strong>ais,</strong></span> <span class='ocrx_word' id='word_1_616' title='bbox 2930 3313 3135 3370; x_wconf 60' lang='lat' dir='ltr'><strong>Gracis</strong></span> <span class='ocrx_word' id='word_1_617' title='bbox 3176 3314 3400 3372; x_wconf 88' lang='lat' dir='ltr'><strong>Latinos</strong></span> <span class='ocrx_word' id='word_1_618' title='bbox 3437 3319 3609 3376; x_wconf 79' lang='lat' dir='ltr'><strong>factos</strong></span> 
     </span>
    </p>
   </div>
   <div class='ocr_carea' id='block_1_93' title="bbox 2029 3395 3612 3479">
    <p class='ocr_par' dir='ltr' id='par_1_93' title="bbox 2029 3395 3612 3479">
     <span class='ocr_line' id='line_1_93' title="bbox 2029 3395 3612 3479; baseline 0.009 -27"><span class='ocrx_word' id='word_1_619' title='bbox 2029 3395 2139 3452; x_wconf 88' lang='lat' dir='ltr'><strong>illis</strong></span> <span class='ocrx_word' id='word_1_620' title='bbox 2177 3398 2518 3466; x_wconf 85' lang='lat' dir='ltr'><strong>persuasisse</strong></span> <span class='ocrx_word' id='word_1_621' title='bbox 2571 3408 2630 3454; x_wconf 93' lang='lat' dir='ltr'><strong>ut</strong></span> <span class='ocrx_word' id='word_1_622' title='bbox 2672 3398 2997 3456; x_wconf 84' lang='lat' dir='ltr'><strong>Latinorum</strong></span> <span class='ocrx_word' id='word_1_623' title='bbox 3051 3404 3308 3475; x_wconf 79' lang='lat' dir='ltr'><strong>dogmata</strong></span> <span class='ocrx_word' id='word_1_624' title='bbox 3357 3419 3612 3479; x_wconf 87' lang='lat' dir='ltr'><strong>accepta-</strong></span> 
     </span>
    </p>
   </div>
   <div class='ocr_carea' id='block_1_94' title="bbox 2030 3490 3608 3568">
    <p class='ocr_par' dir='ltr' id='par_1_94' title="bbox 2030 3490 3608 3568">
     <span class='ocr_line' id='line_1_94' title="bbox 2030 3490 3608 3568; baseline 0.009 -24"><span class='ocrx_word' id='word_1_625' title='bbox 2030 3498 2197 3545; x_wconf 87' lang='lat' dir='ltr'><strong>reut:</strong></span> <span class='ocrx_word' id='word_1_626' title='bbox 2246 3506 2579 3561; x_wconf 88' lang='lat' dir='ltr'><strong>rursumque</strong></span> <span class='ocrx_word' id='word_1_627' title='bbox 2633 3490 2812 3558; x_wconf 81' lang='lat' dir='ltr'><strong>addis,</strong></span> <span class='ocrx_word' id='word_1_628' title='bbox 2868 3493 3121 3550; x_wconf 89' lang='lat' dir='ltr'><strong>absoluta</strong></span> <span class='ocrx_word' id='word_1_629' title='bbox 3166 3503 3378 3568; x_wconf 84' lang='lat' dir='ltr'><strong>synodo</strong></span> <span class='ocrx_word' id='word_1_630' title='bbox 3405 3503 3608 3558; x_wconf 88' lang='lat' dir='ltr'><strong>scissos</strong></span> 
     </span>
    </p>
   </div>
   <div class='ocr_carea' id='block_1_95' title="bbox 2029 3578 3607 3655">
    <p class='ocr_par' dir='ltr' id='par_1_95' title="bbox 2029 3578 3607 3655">
     <span class='ocr_line' id='line_1_95' title="bbox 2029 3578 3607 3655; baseline 0.011 -23"><span class='ocrx_word' id='word_1_631' title='bbox 2029 3578 2219 3643; x_wconf 76' lang='lat' dir='ltr'><strong>fuisse,</strong></span> <span class='ocrx_word' id='word_1_632' title='bbox 2253 3589 2310 3636; x_wconf 90' lang='lat' dir='ltr'><strong>et</strong></span> <span class='ocrx_word' id='word_1_633' title='bbox 2336 3596 2538 3651; x_wconf 89' lang='lat' dir='ltr'><strong>paucos</strong></span> <span class='ocrx_word' id='word_1_634' title='bbox 2571 3584 2904 3638; x_wconf 86' lang='lat' dir='ltr'><strong>remansisse</strong></span> <span class='ocrx_word' id='word_1_635' title='bbox 2931 3588 3026 3655; x_wconf 91' lang='lat' dir='ltr'><strong>qui</strong></span> <span class='ocrx_word' id='word_1_636' title='bbox 3061 3602 3186 3640; x_wconf 93' lang='lat' dir='ltr'><strong>cum</strong></span> <span class='ocrx_word' id='word_1_637' title='bbox 3237 3589 3447 3647; x_wconf 86' lang='lat' dir='ltr'><strong>Latinis</strong></span> <span class='ocrx_word' id='word_1_638' title='bbox 3479 3612 3607 3649; x_wconf 88' lang='lat' dir='ltr'><strong>sen-</strong></span> 
     </span>
    </p>
   </div>
   <div class='ocr_carea' id='block_1_96' title="bbox 2031 3671 3606 3756">
    <p class='ocr_par' dir='ltr' id='par_1_96' title="bbox 2031 3671 3606 3756">
     <span class='ocr_line' id='line_1_96' title="bbox 2031 3671 3606 3756; baseline 0.01 -30"><span class='ocrx_word' id='word_1_639' title='bbox 2031 3672 2220 3726; x_wconf 92' lang='lat' dir='ltr'><strong>tirent.</strong></span> <span class='ocrx_word' id='word_1_640' title='bbox 2259 3671 2402 3726; x_wconf 88' lang='lat' dir='ltr'><strong>Ecce</strong></span> <span class='ocrx_word' id='word_1_641' title='bbox 2464 3675 2650 3743; x_wconf 91' lang='lat' dir='ltr'><strong>itaque</strong></span> <span class='ocrx_word' id='word_1_642' title='bbox 2685 3672 2884 3742; x_wconf 55' lang='lat' dir='ltr'><strong>Graeci,</strong></span> <span class='ocrx_word' id='word_1_643' title='bbox 2920 3687 2980 3730; x_wconf 92' lang='lat' dir='ltr'><strong>ut</strong></span> <span class='ocrx_word' id='word_1_644' title='bbox 3034 3679 3138 3744; x_wconf 84' lang='lat' dir='ltr'><strong>ais,</strong></span> <span class='ocrx_word' id='word_1_645' title='bbox 3198 3683 3390 3738; x_wconf 87' lang='lat' dir='ltr'><strong>eadem</strong></span> <span class='ocrx_word' id='word_1_646' title='bbox 3440 3695 3606 3756; x_wconf 91' lang='lat' dir='ltr'><strong>atque</strong></span> 
     </span>
    </p>
   </div>
   <div class='ocr_carea' id='block_1_97' title="bbox 2028 3761 3599 3843">
    <p class='ocr_par' dir='ltr' id='par_1_97' title="bbox 2028 3761 3599 3843">
     <span class='ocr_line' id='line_1_97' title="bbox 2028 3761 3599 3843; baseline 0.011 -28"><span class='ocrx_word' id='word_1_647' title='bbox 2028 3761 2210 3817; x_wconf 87' lang='lat' dir='ltr'><strong>Latini</strong></span> <span class='ocrx_word' id='word_1_648' title='bbox 2252 3763 2524 3820; x_wconf 85' lang='lat' dir='ltr'><strong>sentiunt.</strong></span> <span class='ocrx_word' id='word_1_649' title='bbox 2569 3764 2793 3835; x_wconf 84' lang='lat' dir='ltr'><strong>Explica</strong></span> <span class='ocrx_word' id='word_1_650' title='bbox 2835 3782 2965 3838; x_wconf 76' lang='lat' dir='ltr'><strong>ergo</strong></span> <span class='ocrx_word' id='word_1_651' title='bbox 2998 3769 3133 3824; x_wconf 90' lang='lat' dir='ltr'><strong>tttilti</strong></span> <span class='ocrx_word' id='word_1_652' title='bbox 3175 3775 3305 3843; x_wconf 85' lang='lat' dir='ltr'><strong>quid</strong></span> <span class='ocrx_word' id='word_1_653' title='bbox 3347 3777 3599 3843; x_wconf 89' lang='lat' dir='ltr'><strong>innuant,</strong></span> 
     </span>
    </p>
   </div>
   <div class='ocr_carea' id='block_1_98' title="bbox 2026 3857 3604 3934">
    <p class='ocr_par' dir='ltr' id='par_1_98' title="bbox 2026 3857 3604 3934">
     <span class='ocr_line' id='line_1_98' title="bbox 2026 3857 3604 3934; baseline 0.01 -25"><span class='ocrx_word' id='word_1_654' title='bbox 2026 3869 2147 3926; x_wconf 67' lang='lat' dir='ltr'><strong>quae</strong></span> <span class='ocrx_word' id='word_1_655' title='bbox 2188 3857 2348 3912; x_wconf 91' lang='lat' dir='ltr'><strong>modo</strong></span> <span class='ocrx_word' id='word_1_656' title='bbox 2377 3857 2621 3922; x_wconf 88' lang='lat' dir='ltr'><strong>asseris;</strong></span> <span class='ocrx_word' id='word_1_657' title='bbox 2681 3874 2806 3914; x_wconf 91' lang='lat' dir='ltr'><strong>nam</strong></span> <span class='ocrx_word' id='word_1_658' title='bbox 2860 3859 2966 3916; x_wconf 89' lang='lat' dir='ltr'><strong>sibi</strong></span> <span class='ocrx_word' id='word_1_659' title='bbox 2994 3860 3133 3931; x_wconf 87' lang='lat' dir='ltr'><strong>ipsis</strong></span> <span class='ocrx_word' id='word_1_660' title='bbox 3167 3865 3346 3934; x_wconf 84' lang='lat' dir='ltr'><strong>palam</strong></span> <span class='ocrx_word' id='word_1_661' title='bbox 3409 3867 3604 3925; x_wconf 83' lang='lat' dir='ltr'><strong>adver-</strong></span> 
     </span>
    </p>
   </div>
   <div class='ocr_carea' id='block_1_99' title="bbox 2026 3958 2244 4004">
    <p class='ocr_par' dir='ltr' id='par_1_99' title="bbox 2026 3958 2244 4004">
     <span class='ocr_line' id='line_1_99' title="bbox 2026 3958 2244 4004; baseline 0 0"><span class='ocrx_word' id='word_1_662' title='bbox 2026 3958 2244 4004; x_wconf 88' lang='lat' dir='ltr'><strong>santur.</strong></span> 
     </span>
    </p>
   </div>
   <div class='ocr_carea' id='block_1_100' title="bbox 2095 4040 3348 4112">
    <p class='ocr_par' dir='ltr' id='par_1_100' title="bbox 2095 4040 3348 4112">
     <span class='ocr_line' id='line_1_100' title="bbox 2095 4040 3348 4112; baseline 0.01 -16"><span class='ocrx_word' id='word_1_663' title='bbox 2095 4040 2261 4098; x_wconf 87' lang='lat' dir='ltr'><strong>thac.</strong></span> <span class='ocrx_word' id='word_1_664' title='bbox 2296 4042 2375 4098; x_wconf 87' lang='lat' dir='ltr'><strong>Ita</strong></span> <span class='ocrx_word' id='word_1_665' title='bbox 2410 4052 2594 4098; x_wconf 87' lang='lat' dir='ltr'><strong>actum</strong></span> <span class='ocrx_word' id='word_1_666' title='bbox 2628 4053 2748 4112; x_wconf 81' lang='lat' dir='ltr'><strong>est;</strong></span> <span class='ocrx_word' id='word_1_667' title='bbox 2782 4056 2836 4103; x_wconf 86' lang='lat' dir='ltr'><strong>et</strong></span> <span class='ocrx_word' id='word_1_668' title='bbox 2867 4047 2942 4102; x_wconf 86' lang='lat' dir='ltr'><strong>ita</strong></span> <span class='ocrx_word' id='word_1_669' title='bbox 2971 4048 3068 4103; x_wconf 90' lang='lat' dir='ltr'><strong>tibi</strong></span> <span class='ocrx_word' id='word_1_670' title='bbox 3098 4055 3348 4108; x_wconf 86' lang='lat' dir='ltr'><strong>enuntio.</strong></span> 
     </span>
    </p>
   </div>
   <div class='ocr_carea' id='block_1_101' title="bbox 2096 4133 3606 4218">
    <p class='ocr_par' dir='ltr' id='par_1_101' title="bbox 2096 4133 3606 4218">
     <span class='ocr_line' id='line_1_101' title="bbox 2096 4133 3606 4218; baseline 0.013 -30"><span class='ocrx_word' id='word_1_671' title='bbox 2096 4133 2216 4190; x_wconf 83' lang='lat' dir='ltr'><strong>Dic.</strong></span> <span class='ocrx_word' id='word_1_672' title='bbox 2256 4133 2469 4192; x_wconf 88' lang='lat' dir='ltr'><strong>Veritas</strong></span> <span class='ocrx_word' id='word_1_673' title='bbox 2500 4139 2768 4195; x_wconf 89' lang='lat' dir='ltr'><strong>edicenda</strong></span> <span class='ocrx_word' id='word_1_674' title='bbox 2806 4150 2913 4208; x_wconf 89' lang='lat' dir='ltr'><strong>est,</strong></span> <span class='ocrx_word' id='word_1_675' title='bbox 2963 4152 3019 4199; x_wconf 91' lang='lat' dir='ltr'><strong>et</strong></span> <span class='ocrx_word' id='word_1_676' title='bbox 3062 4159 3172 4200; x_wconf 88' lang='lat' dir='ltr'><strong>non</strong></span> <span class='ocrx_word' id='word_1_677' title='bbox 3203 4163 3265 4201; x_wconf 87' lang='lat' dir='ltr'><strong>ea</strong></span> <span class='ocrx_word' id='word_1_678' title='bbox 3295 4163 3417 4218; x_wconf 70' lang='lat' dir='ltr'><strong>qua:</strong></span> <span class='ocrx_word' id='word_1_679' title='bbox 3473 4163 3606 4207; x_wconf 87' lang='lat' dir='ltr'><strong>sunt</strong></span> 
     </span>
    </p>
   </div>
   <div class='ocr_carea' id='block_1_102' title="bbox 2025 4227 3605 4313">
    <p class='ocr_par' dir='ltr' id='par_1_102' title="bbox 2025 4227 3605 4313">
     <span class='ocr_line' id='line_1_102' title="bbox 2025 4227 3605 4313; baseline 0.01 -31"><span class='ocrx_word' id='word_1_680' title='bbox 2025 4227 2232 4299; x_wconf 84' lang='lat' dir='ltr'><strong>proprii</strong></span> <span class='ocrx_word' id='word_1_681' title='bbox 2267 4231 2568 4301; x_wconf 89' lang='lat' dir='ltr'><strong>appetitus,</strong></span> <span class='ocrx_word' id='word_1_682' title='bbox 2607 4249 2730 4302; x_wconf 73' lang='lat' dir='ltr'><strong>qua:</strong></span> <span class='ocrx_word' id='word_1_683' title='bbox 2763 4250 2867 4292; x_wconf 90' lang='lat' dir='ltr'><strong>nec</strong></span> <span class='ocrx_word' id='word_1_684' title='bbox 2894 4237 3263 4295; x_wconf 87' lang='lat' dir='ltr'><strong>demonstrari</strong></span> <span class='ocrx_word' id='word_1_685' title='bbox 3294 4253 3527 4313; x_wconf 89' lang='lat' dir='ltr'><strong>queunt,</strong></span> <span class='ocrx_word' id='word_1_686' title='bbox 3549 4256 3605 4301; x_wconf 92' lang='lat' dir='ltr'><strong>et</strong></span> 
     </span>
    </p>
   </div>
   <div class='ocr_carea' id='block_1_103' title="bbox 2025 4319 3118 4393">
    <p class='ocr_par' dir='ltr' id='par_1_103' title="bbox 2025 4319 3118 4393">
     <span class='ocr_line' id='line_1_103' title="bbox 2025 4319 3118 4393; baseline 0.011 -22"><span class='ocrx_word' id='word_1_687' title='bbox 2025 4319 2344 4375; x_wconf 80' lang='lat' dir='ltr'><strong>hominibus</strong></span> <span class='ocrx_word' id='word_1_688' title='bbox 2377 4323 2745 4378; x_wconf 86' lang='lat' dir='ltr'><strong>exsecrabilia</strong></span> <span class='ocrx_word' id='word_1_689' title='bbox 2778 4325 3118 4393; x_wconf 86' lang='lat' dir='ltr'><strong>judicantur.</strong></span> 
     </span>
    </p>
   </div>
   <div class='ocr_carea' id='block_1_104' title="bbox 2101 4408 3600 4491">
    <p class='ocr_par' dir='ltr' id='par_1_104' title="bbox 2101 4408 3600 4491">
     <span class='ocr_line' id='line_1_104' title="bbox 2101 4408 3600 4491; baseline 0.014 -29"><span class='ocrx_word' id='word_1_690' title='bbox 2101 4408 2255 4465; x_wconf 75' lang='lat' dir='ltr'><strong>Pius.</strong></span> <span class='ocrx_word' id='word_1_691' title='bbox 2313 4409 2744 4478; x_wconf 80' lang='lat' dir='ltr'><strong>Remanserunt,</strong></span> <span class='ocrx_word' id='word_1_692' title='bbox 2796 4417 3004 4488; x_wconf 87' lang='lat' dir='ltr'><strong>inquis,</strong></span> <span class='ocrx_word' id='word_1_693' title='bbox 3037 4429 3093 4474; x_wconf 93' lang='lat' dir='ltr'><strong>et</strong></span> <span class='ocrx_word' id='word_1_694' title='bbox 3146 4421 3369 4491; x_wconf 88' lang='lat' dir='ltr'><strong>quidam</strong></span> <span class='ocrx_word' id='word_1_695' title='bbox 3422 4425 3600 4483; x_wconf 71' lang='lat' dir='ltr'><strong>Graeci</strong></span> 
     </span>
    </p>
   </div>
   <div class='ocr_carea' id='block_1_105' title="bbox 2024 4501 2922 4565">
    <p class='ocr_par' dir='ltr' id='par_1_105' title="bbox 2024 4501 2922 4565">
     <span class='ocr_line' id='line_1_105' title="bbox 2024 4501 2922 4565; baseline 0.009 -9"><span class='ocrx_word' id='word_1_696' title='bbox 2024 4501 2344 4559; x_wconf 88' lang='lat' dir='ltr'><strong>Latinorum</strong></span> <span class='ocrx_word' id='word_1_697' title='bbox 2379 4508 2664 4561; x_wconf 68' lang='lat' dir='ltr'><strong>sententia:</strong></span> <span class='ocrx_word' id='word_1_698' title='bbox 2693 4507 2922 4565; x_wconf 88' lang='lat' dir='ltr'><strong>addicti.</strong></span> 
     </span>
    </p>
   </div>
   <div class='ocr_carea' id='block_1_106' title="bbox 1957 4591 2502 4653">
    <p class='ocr_par' dir='ltr' id='par_1_106' title="bbox 1957 4591 2502 4653">
     <span class='ocr_line' id='line_1_106' title="bbox 1957 4591 2502 4653; baseline 0.009 -5"><span class='ocrx_word' id='word_1_699' title='bbox 1957 4591 2002 4649; x_wconf 83' lang='grc' dir='ltr'><strong>Ι)</strong></span> <span class='ocrx_word' id='word_1_700' title='bbox 2101 4593 2271 4652; x_wconf 86' lang='lat' dir='ltr'><strong>Rhac.</strong></span> <span class='ocrx_word' id='word_1_701' title='bbox 2310 4595 2502 4653; x_wconf 86' lang='lat' dir='ltr'><strong>Plane.</strong></span> 
     </span>
    </p>
   </div>
   <div class='ocr_carea' id='block_1_107' title="bbox 2094 4686 3596 4771">
    <p class='ocr_par' dir='ltr' id='par_1_107' title="bbox 2094 4686 3596 4771">
     <span class='ocr_line' id='line_1_107' title="bbox 2094 4686 3596 4771; baseline 0.009 -29"><span class='ocrx_word' id='word_1_702' title='bbox 2094 4686 2251 4744; x_wconf 77' lang='lat' dir='ltr'><strong>Pius.</strong></span> <span class='ocrx_word' id='word_1_703' title='bbox 2283 4688 2345 4744; x_wconf 90' lang='lat' dir='ltr'><strong>In</strong></span> <span class='ocrx_word' id='word_1_704' title='bbox 2387 4690 2494 4748; x_wconf 85' lang='lat' dir='ltr'><strong>hoc</strong></span> <span class='ocrx_word' id='word_1_705' title='bbox 2539 4691 2904 4750; x_wconf 82' lang='lat' dir='ltr'><strong>admiratione</strong></span> <span class='ocrx_word' id='word_1_706' title='bbox 2939 4696 3164 4766; x_wconf 73' lang='lat' dir='ltr'><strong>dignum</strong></span> <span class='ocrx_word' id='word_1_707' title='bbox 3213 4708 3321 4763; x_wconf 86' lang='lat' dir='ltr'><strong>est,</strong></span> <span class='ocrx_word' id='word_1_708' title='bbox 3351 4699 3596 4771; x_wconf 62' lang='grc' dir='ltr'>ϐιαιως,</span> 
     </span>
    </p>
   </div>
   <div class='ocr_carea' id='block_1_108' title="bbox 2025 4782 3598 4860">
    <p class='ocr_par' dir='ltr' id='par_1_108' title="bbox 2025 4782 3598 4860">
     <span class='ocr_line' id='line_1_108' title="bbox 2025 4782 3598 4860; baseline 0.01 -23"><span class='ocrx_word' id='word_1_709' title='bbox 2025 4782 2292 4852; x_wconf 83' lang='lat' dir='ltr'><strong>neglectis</strong></span> <span class='ocrx_word' id='word_1_710' title='bbox 2314 4784 2547 4850; x_wconf 70' lang='lat' dir='ltr'><strong>Grarcis,</strong></span> <span class='ocrx_word' id='word_1_711' title='bbox 2565 4785 2888 4842; x_wconf 87' lang='lat' dir='ltr'><strong>Latinorum</strong></span> <span class='ocrx_word' id='word_1_712' title='bbox 2908 4804 2970 4844; x_wconf 86' lang='lat' dir='ltr'><strong>se</strong></span> <span class='ocrx_word' id='word_1_713' title='bbox 2989 4791 3275 4846; x_wconf 71' lang='lat' dir='ltr'><strong>sententia:</strong></span> <span class='ocrx_word' id='word_1_714' title='bbox 3296 4793 3598 4860; x_wconf 77' lang='lat' dir='ltr'><strong>addixisse,</strong></span> 
     </span>
    </p>
   </div>
   <div class='ocr_carea' id='block_1_109' title="bbox 2025 4875 3602 4947">
    <p class='ocr_par' dir='ltr' id='par_1_109' title="bbox 2025 4875 3602 4947">
     <span class='ocr_line' id='line_1_109' title="bbox 2025 4875 3602 4947; baseline 0.01 -19"><span class='ocrx_word' id='word_1_715' title='bbox 2025 4875 2079 4929; x_wconf 90' lang='lat' dir='ltr'><strong>in</strong></span> <span class='ocrx_word' id='word_1_716' title='bbox 2123 4891 2298 4946; x_wconf 86' lang='lat' dir='ltr'><strong>eaque</strong></span> <span class='ocrx_word' id='word_1_717' title='bbox 2329 4893 2735 4947; x_wconf 75' lang='lat' dir='ltr'><strong>perseverasse.</strong></span> <span class='ocrx_word' id='word_1_718' title='bbox 2773 4879 2831 4933; x_wconf 87' lang='lat' dir='ltr'><strong>Si</strong></span> <span class='ocrx_word' id='word_1_719' title='bbox 2873 4881 3142 4936; x_wconf 75' lang='lat' dir='ltr'><strong>adversus</strong></span> <span class='ocrx_word' id='word_1_720' title='bbox 3179 4882 3402 4940; x_wconf 88' lang='lat' dir='ltr'><strong>Latinos</strong></span> <span class='ocrx_word' id='word_1_721' title='bbox 3459 4891 3602 4943; x_wconf 90' lang='lat' dir='ltr'><strong>actio</strong></span> 
     </span>
    </p>
   </div>
   <div class='ocr_carea' id='block_1_110' title="bbox 2025 4967 3601 5036">
    <p class='ocr_par' dir='ltr' id='par_1_110' title="bbox 2025 4967 3601 5036">
     <span class='ocr_line' id='line_1_110' title="bbox 2025 4967 3601 5036; baseline 0.01 -16"><span class='ocrx_word' id='word_1_722' title='bbox 2025 4967 2118 5020; x_wconf 89' lang='lat' dir='ltr'><strong>illa</strong></span> <span class='ocrx_word' id='word_1_723' title='bbox 2162 4977 2384 5036; x_wconf 83' lang='lat' dir='ltr'><strong>peracta</strong></span> <span class='ocrx_word' id='word_1_724' title='bbox 2414 4977 2521 5033; x_wconf 86' lang='lat' dir='ltr'><strong>est,</strong></span> <span class='ocrx_word' id='word_1_725' title='bbox 2559 4979 2619 5024; x_wconf 91' lang='lat' dir='ltr'><strong>ut</strong></span> <span class='ocrx_word' id='word_1_726' title='bbox 2649 4980 2811 5026; x_wconf 90' lang='lat' dir='ltr'><strong>antea</strong></span> <span class='ocrx_word' id='word_1_727' title='bbox 2846 4973 3074 5027; x_wconf 85' lang='lat' dir='ltr'><strong>dixisti:</strong></span> <span class='ocrx_word' id='word_1_728' title='bbox 3129 4983 3184 5028; x_wconf 92' lang='lat' dir='ltr'><strong>et</strong></span> <span class='ocrx_word' id='word_1_729' title='bbox 3237 4978 3601 5036; x_wconf 85' lang='lat' dir='ltr'><strong>nihilominus</strong></span> 
     </span>
    </p>
   </div>
   <div class='ocr_carea' id='block_1_111' title="bbox 2026 5055 3602 5139">
    <p class='ocr_par' dir='ltr' id='par_1_111' title="bbox 2026 5055 3602 5139">
     <span class='ocr_line' id='line_1_111' title="bbox 2026 5055 3602 5139; baseline 0.008 -27"><span class='ocrx_word' id='word_1_730' title='bbox 2026 5055 2105 5112; x_wconf 75' lang='lat' dir='ltr'><strong>illi</strong></span> <span class='ocrx_word' id='word_1_731' title='bbox 2139 5059 2458 5128; x_wconf 73' lang='lat' dir='ltr'><strong>perticaces</strong></span> <span class='ocrx_word' id='word_1_732' title='bbox 2522 5072 2576 5116; x_wconf 90' lang='lat' dir='ltr'><strong>ct</strong></span> <span class='ocrx_word' id='word_1_733' title='bbox 2626 5063 2890 5133; x_wconf 85' lang='lat' dir='ltr'><strong>propositi</strong></span> <span class='ocrx_word' id='word_1_734' title='bbox 2943 5066 3029 5120; x_wconf 80' lang='lat' dir='ltr'><strong>sui</strong></span> <span class='ocrx_word' id='word_1_735' title='bbox 3088 5075 3312 5125; x_wconf 86' lang='lat' dir='ltr'><strong>tenaces</strong></span> <span class='ocrx_word' id='word_1_736' title='bbox 3367 5083 3516 5139; x_wconf 85' lang='lat' dir='ltr'><strong>sunt,</strong></span> <span class='ocrx_word' id='word_1_737' title='bbox 3548 5086 3602 5127; x_wconf 85' lang='lat' dir='ltr'><strong>ct.</strong></span> 
     </span>
    </p>
   </div>
   <div class='ocr_carea' id='block_1_112' title="bbox 2028 5150 3600 5228">
    <p class='ocr_par' dir='ltr' id='par_1_112' title="bbox 2028 5150 3600 5228">
     <span class='ocr_line' id='line_1_112' title="bbox 2028 5150 3600 5228; baseline 0.008 -24"><span class='ocrx_word' id='word_1_738' title='bbox 2028 5150 2430 5220; x_wconf 71' lang='lat' dir='ltr'><strong>superszitiosi.</strong></span> <span class='ocrx_word' id='word_1_739' title='bbox 2492 5152 2666 5208; x_wconf 88' lang='lat' dir='ltr'><strong>Nemo</strong></span> <span class='ocrx_word' id='word_1_740' title='bbox 2716 5161 2861 5209; x_wconf 86' lang='lat' dir='ltr'><strong>enim</strong></span> <span class='ocrx_word' id='word_1_741' title='bbox 2914 5157 3022 5212; x_wconf 83' lang='lat' dir='ltr'><strong>illis</strong></span> <span class='ocrx_word' id='word_1_742' title='bbox 3057 5173 3180 5228; x_wconf 64' lang='lat' dir='ltr'><strong>qua;</strong></span> <span class='ocrx_word' id='word_1_743' title='bbox 3229 5170 3446 5225; x_wconf 88' lang='lat' dir='ltr'><strong>contra,</strong></span> <span class='ocrx_word' id='word_1_744' title='bbox 3504 5166 3600 5217; x_wconf 73' lang='lat' dir='ltr'><strong>sed</strong></span> 
     </span>
    </p>
   </div>
   <div class='ocr_carea' id='block_1_113' title="bbox 2026 5241 3599 5318">
    <p class='ocr_par' dir='ltr' id='par_1_113' title="bbox 2026 5241 3599 5318">
     <span class='ocr_line' id='line_1_113' title="bbox 2026 5241 3599 5318; baseline 0.006 -21"><span class='ocrx_word' id='word_1_745' title='bbox 2026 5241 2139 5297; x_wconf 90' lang='lat' dir='ltr'><strong>illis</strong></span> <span class='ocrx_word' id='word_1_746' title='bbox 2171 5258 2293 5313; x_wconf 76' lang='lat' dir='ltr'><strong>quat</strong></span> <span class='ocrx_word' id='word_1_747' title='bbox 2351 5259 2448 5313; x_wconf 84' lang='lat' dir='ltr'><strong>pro</strong></span> <span class='ocrx_word' id='word_1_748' title='bbox 2485 5247 2700 5314; x_wconf 79' lang='lat' dir='ltr'><strong>synodo</strong></span> <span class='ocrx_word' id='word_1_749' title='bbox 2733 5257 2888 5309; x_wconf 84' lang='lat' dir='ltr'><strong>sunt,</strong></span> <span class='ocrx_word' id='word_1_750' title='bbox 2927 5265 3084 5318; x_wconf 65' lang='lat' dir='ltr'><strong>atquo</strong></span> <span class='ocrx_word' id='word_1_751' title='bbox 3120 5250 3305 5305; x_wconf 89' lang='lat' dir='ltr'><strong>animo</strong></span> <span class='ocrx_word' id='word_1_752' title='bbox 3361 5266 3599 5310; x_wconf 78' lang='lat' dir='ltr'><strong>tuentem</strong></span> 
     </span>
    </p>
   </div>
   <div class='ocr_carea' id='block_1_114' title="bbox 2029 5334 3600 5411">
    <p class='ocr_par' dir='ltr' id='par_1_114' title="bbox 2029 5334 3600 5411">
     <span class='ocr_line' id='line_1_114' title="bbox 2029 5334 3600 5411; baseline 0.004 -21"><span class='ocrx_word' id='word_1_753' title='bbox 2029 5336 2292 5406; x_wconf 89' lang='lat' dir='ltr'><strong>applicat.</strong></span> <span class='ocrx_word' id='word_1_754' title='bbox 2327 5334 2462 5390; x_wconf 82' lang='lat' dir='ltr'><strong>Nam</strong></span> <span class='ocrx_word' id='word_1_755' title='bbox 2500 5337 2545 5390; x_wconf 92' lang='lat' dir='ltr'><strong>si</strong></span> <span class='ocrx_word' id='word_1_756' title='bbox 2585 5353 2684 5406; x_wconf 90' lang='lat' dir='ltr'><strong>pro</strong></span> <span class='ocrx_word' id='word_1_757' title='bbox 2716 5335 2924 5393; x_wconf 77' lang='lat' dir='ltr'><strong>Grzecis</strong></span> <span class='ocrx_word' id='word_1_758' title='bbox 2950 5337 3166 5406; x_wconf 79' lang='lat' dir='ltr'><strong>fuisset,</strong></span> <span class='ocrx_word' id='word_1_759' title='bbox 3217 5357 3497 5411; x_wconf 90' lang='lat' dir='ltr'><strong>nunquam</strong></span> <span class='ocrx_word' id='word_1_760' title='bbox 3531 5349 3600 5396; x_wconf 84' lang='lat' dir='ltr'><strong>ab</strong></span> 
     </span>
    </p>
   </div>
   <div class='ocr_carea' id='block_1_115' title="bbox 2027 5427 3602 5502">
    <p class='ocr_par' dir='ltr' id='par_1_115' title="bbox 2027 5427 3602 5502">
     <span class='ocr_line' id='line_1_115' title="bbox 2027 5427 3602 5502; baseline 0.003 -18"><span class='ocrx_word' id='word_1_761' title='bbox 2027 5429 2132 5484; x_wconf 92' lang='lat' dir='ltr'><strong>illis</strong></span> <span class='ocrx_word' id='word_1_762' title='bbox 2158 5427 2355 5491; x_wconf 60' lang='lat' dir='ltr'><strong>Graeci,</strong></span> <span class='ocrx_word' id='word_1_763' title='bbox 2389 5430 2484 5482; x_wconf 88' lang='lat' dir='ltr'><strong>sed</strong></span> <span class='ocrx_word' id='word_1_764' title='bbox 2519 5428 2697 5484; x_wconf 90' lang='lat' dir='ltr'><strong>Latini</strong></span> <span class='ocrx_word' id='word_1_765' title='bbox 2727 5446 2757 5484; x_wconf 89' lang='lat' dir='ltr'><strong>a</strong></span> <span class='ocrx_word' id='word_1_766' title='bbox 2786 5429 2995 5486; x_wconf 71' lang='lat' dir='ltr'><strong>Grmcis</strong></span> <span class='ocrx_word' id='word_1_767' title='bbox 3033 5443 3452 5502; x_wconf 88' lang='lat' dir='ltr'><strong>separarentur.</strong></span> <span class='ocrx_word' id='word_1_768' title='bbox 3488 5437 3602 5490; x_wconf 91' lang='lat' dir='ltr'><strong>lmo</strong></span> 
     </span>
    </p>
   </div>
   <div class='ocr_carea' id='block_1_116' title="bbox 2024 5523 3601 5600">
    <p class='ocr_par' dir='ltr' id='par_1_116' title="bbox 2024 5523 3601 5600">
     <span class='ocr_line' id='line_1_116' title="bbox 2024 5523 3601 5600; baseline 0.005 -24"><span class='ocrx_word' id='word_1_769' title='bbox 2024 5537 2088 5576; x_wconf 90' lang='lat' dir='ltr'><strong>ex</strong></span> <span class='ocrx_word' id='word_1_770' title='bbox 2120 5524 2222 5576; x_wconf 88' lang='lat' dir='ltr'><strong>ltoc</strong></span> <span class='ocrx_word' id='word_1_771' title='bbox 2245 5535 2503 5576; x_wconf 87' lang='lat' dir='ltr'><strong>sermone</strong></span> <span class='ocrx_word' id='word_1_772' title='bbox 2528 5523 2711 5592; x_wconf 89' lang='lat' dir='ltr'><strong>potius</strong></span> <span class='ocrx_word' id='word_1_773' title='bbox 2734 5525 3045 5579; x_wconf 87' lang='lat' dir='ltr'><strong>ostenditur</strong></span> <span class='ocrx_word' id='word_1_774' title='bbox 3082 5527 3354 5581; x_wconf 87' lang='lat' dir='ltr'><strong>actionem</strong></span> <span class='ocrx_word' id='word_1_775' title='bbox 3407 5532 3601 5600; x_wconf 82' lang='lat' dir='ltr'><strong>synodi</strong></span> 
     </span>
    </p>
   </div>
   <div class='ocr_carea' id='block_1_117' title="bbox 2026 5613 3603 5689">
    <p class='ocr_par' dir='ltr' id='par_1_117' title="bbox 2026 5613 3603 5689">
     <span class='ocr_line' id='line_1_117' title="bbox 2026 5613 3603 5689; baseline 0.004 -20"><span class='ocrx_word' id='word_1_776' title='bbox 2026 5615 2179 5670; x_wconf 89' lang='lat' dir='ltr'><strong>illius</strong></span> <span class='ocrx_word' id='word_1_777' title='bbox 2219 5613 2434 5668; x_wconf 81' lang='lat' dir='ltr'><strong>Latinis</strong></span> <span class='ocrx_word' id='word_1_778' title='bbox 2488 5613 2734 5681; x_wconf 79' lang='lat' dir='ltr'><strong>lavisse,</strong></span> <span class='ocrx_word' id='word_1_779' title='bbox 2792 5629 3194 5689; x_wconf 87' lang='lat' dir='ltr'><strong>proptereaque</strong></span> <span class='ocrx_word' id='word_1_780' title='bbox 3251 5619 3471 5676; x_wconf 72' lang='lat' dir='ltr'><strong>Gra&#39;cos</strong></span> <span class='ocrx_word' id='word_1_781' title='bbox 3532 5625 3603 5676; x_wconf 88' lang='lat' dir='ltr'><strong>ab</strong></span> 
     </span>
    </p>
   </div>
   <div class='ocr_carea' id='block_1_118' title="bbox 2027 5707 3602 5786">
    <p class='ocr_par' dir='ltr' id='par_1_118' title="bbox 2027 5707 3602 5786">
     <span class='ocr_line' id='line_1_118' title="bbox 2027 5707 3602 5786; baseline 0.004 -22"><span class='ocrx_word' id='word_1_782' title='bbox 2027 5711 2138 5764; x_wconf 90' lang='lat' dir='ltr'><strong>illis</strong></span> <span class='ocrx_word' id='word_1_783' title='bbox 2188 5707 2425 5772; x_wconf 79' lang='lat' dir='ltr'><strong>divisos,</strong></span> <span class='ocrx_word' id='word_1_784' title='bbox 2480 5724 2606 5762; x_wconf 89' lang='lat' dir='ltr'><strong>eum</strong></span> <span class='ocrx_word' id='word_1_785' title='bbox 2660 5709 2878 5763; x_wconf 87' lang='lat' dir='ltr'><strong>illorum</strong></span> <span class='ocrx_word' id='word_1_786' title='bbox 2941 5713 3201 5768; x_wconf 79' lang='lat' dir='ltr'><strong>unionem</strong></span> <span class='ocrx_word' id='word_1_787' title='bbox 3253 5728 3602 5786; x_wconf 86' lang='lat' dir='ltr'><strong>respuerent,</strong></span> 
     </span>
    </p>
   </div>
   <div class='ocr_carea' id='block_1_119' title="bbox 2027 5800 3282 5870">
    <p class='ocr_par' dir='ltr' id='par_1_119' title="bbox 2027 5800 3282 5870">
     <span class='ocr_line' id='line_1_119' title="bbox 2027 5800 3282 5870; baseline 0.008 -18"><span class='ocrx_word' id='word_1_788' title='bbox 2027 5818 2126 5858; x_wconf 83' lang='lat' dir='ltr'><strong>nec</strong></span> <span class='ocrx_word' id='word_1_789' title='bbox 2162 5801 2366 5854; x_wconf 73' lang='lat' dir='ltr'><strong>vellent</strong></span> <span class='ocrx_word' id='word_1_790' title='bbox 2405 5800 2602 5870; x_wconf 84' lang='lat' dir='ltr'><strong>synodi</strong></span> <span class='ocrx_word' id='word_1_791' title='bbox 2642 5801 2922 5855; x_wconf 83' lang='lat' dir='ltr'><strong>decretum</strong></span> <span class='ocrx_word' id='word_1_792' title='bbox 2967 5803 3282 5862; x_wconf 88' lang='lat' dir='ltr'><strong>admittere.</strong></span> 
     </span>
    </p>
   </div>
   <div class='ocr_carea' id='block_1_120' title="bbox 2099 5892 3606 5970">
    <p class='ocr_par' dir='ltr' id='par_1_120' title="bbox 2099 5892 3606 5970">
     <span class='ocr_line' id='line_1_120' title="bbox 2099 5892 3606 5970; baseline 0.007 -23"><span class='ocrx_word' id='word_1_793' title='bbox 2099 5893 2219 5948; x_wconf 74' lang='lat' dir='ltr'><strong>Dic.</strong></span> <span class='ocrx_word' id='word_1_794' title='bbox 2267 5893 2575 5950; x_wconf 83' lang='lat' dir='ltr'><strong>Probabilis</strong></span> <span class='ocrx_word' id='word_1_795' title='bbox 2606 5892 2684 5949; x_wconf 81' lang='lat' dir='ltr'><strong>Pii</strong></span> <span class='ocrx_word' id='word_1_796' title='bbox 2719 5895 2949 5966; x_wconf 84' lang='lat' dir='ltr'><strong>hujusce</strong></span> <span class='ocrx_word' id='word_1_797' title='bbox 2993 5898 3171 5954; x_wconf 85' lang='lat' dir='ltr'><strong>oratio</strong></span> <span class='ocrx_word' id='word_1_798' title='bbox 3210 5911 3312 5965; x_wconf 74' lang='lat' dir='ltr'><strong>cat,</strong></span> <span class='ocrx_word' id='word_1_799' title='bbox 3357 5902 3606 5970; x_wconf 70' lang='lat' dir='ltr'><strong>prosi-ue</strong></span> 
     </span>
    </p>
   </div>
  </div>
