4028 6412
468 353 580 414 975

1385 357 1708 417 JUSEPIII
1749 357 2304 420 METllONENSlS
2337 359 2455 420 EPl
2469 358 2686 419 SCUPI

3615 362 3725 424 976

465 470 854 525 refutationem
887 484 995 541 prae
1023 485 1082 525 se
1116 470 1324 527 ferens.
1349 471 1433 526 Nu
1447 489 1514 528 nc
1547 474 1791 545 synodus
1815 476 2017 530 Florenl

2151 479 2323 550 φέρων
2363 479 2456 534 τὸν
2511 479 2754 550 ἔλεγχον.
2793 475 2907 531 Νῦν
2955 477 3065 547 γὰρ
3123 477 3342 546 ἐγένετο
3393 479 3614 544 σύνοδος
3665 485 3730 533 ἐν

466 565 604 630 tina,
647 564 964 628 ut,tradunt
992 563 1189 633 Graeci,
1227 581 1327 636 pro
1375 565 1609 633 Latinis,
1644 585 1764 635 quae
1794 586 1903 624 non
1935 584 2034 639 pro

465 658 700 726 Latinis,
729 657 822 714 sed
853 659 1039 729 potius
1083 674 1182 730 pro
1205 659 1435 716 veritate
1479 661 1754 716 celebrata
1787 670 1893 719 est.
1923 663 2037 718 Nec

462 769 583 810 eam
614 752 788 809 Graeci
839 763 1238 822 susceperunt;
1292 754 1427 821 quin
1482 752 1538 808 in
1584 769 1704 809 eam
1759 766 2036 809 conantur

460 843 937 915 inclamitantque.
973 843 1043 899 Et
1085 853 1219 901 tunc
1257 846 1532 902 celebrata
1562 857 1646 904 est
1689 855 1880 902 contra
1933 845 2037 902 La-

458 937 630 1004 tinos,
667 947 722 994 et
760 952 871 994 non
916 947 1302 1008 acceptarum.
1341 937 1406 993 Et
1462 939 1586 1010 quis
1616 938 1723 995 hoc
1763 955 1873 996 non
1910 939 2034 995 irri-

458 1029 613 1086 deret
640 1030 664 1084 ?

535 1121 702 1177 Illinc.
754 1121 1068 1180 Noluerunt
1131 1141 1255 1181 eam
1317 1125 1617 1198 suscipere,
1682 1127 2032 1192 Dicaocrita,

457 1216 753 1287 synodum,
815 1217 964 1288 quod
993 1217 1050 1272 in
1080 1231 1146 1274 ea
1177 1217 1318 1274 male
1353 1218 1604 1291 dogmata
1645 1219 1832 1276 habita
1881 1229 2031 1277 sunt.

524 1390 680 1447 Pius.
703 1388 1038 1447 Postmodun
1097 1391 1444 1450 celebratane
1476 1403 1560 1451 est
1605 1394 1712 1449 alia
1742 1395 1986 1466 synodus
2011 1396 2034 1451 ἲ

523 1567 692 1624 Rhac.
724 1569 792 1624 Et
823 1571 1083 1628 maxime.

520 1662 680 1717 Pius.
715 1661 988 1720 Ubinam?

523 1752 692 1808 lec.
718 1755 780 1809 In
805 1755 922 1825 ipsa
956 1755 1173 1811 urbium
1201 1758 1386 1826 regina
1411 1759 1511 1815 sub
1537 1757 1797 1814 Michaele
1821 1758 2029 1814 Palaeo-

2136 573 2465 645 Φλωρεντίᾳ,
2520 572 2594 636 ῶς
2640 589 2806 642 φασιν
2858 573 2912 626 οί
2962 572 3211 642 Γραικοὶ,
3249 571 3390 642 ὑπὲρ
3441 573 3726 639 Λατίνων,

2139 667 2257 737 ἥτις
2307 667 2405 738 οὐχ
2454 667 2596 737 ὑπὲρ
2643 665 2910 733 Λατίνιον,
2968 665 3086 721 ἀλλ’
3137 664 3278 734 ὑπὲρ
3303 662 3402 732 τῆς
3458 664 3738 734 ἀληθείας

2139 759 2362 830 μᾶλλον.
2406 760 2517 813 Kal
2561 760 2661 813 οὐκ
2703 759 2954 825 ἐδέξαντο
3003 758 3175 829 αὐτὴν
3204 758 3256 812 οί
3285 757 3542 829 Γραικοὶ,
3581 759 3736 814 ἀλλὰ

2141 852 2446 924 πράττουσί
2493 870 2550 905 τε
2604 853 2697 907 καὶ
2740 852 2960 920 λέγουσι
3009 852 3130 906 κατ’
3162 851 3354 920 αὐτῆς.
3419 852 3535 906 Kal
3592 854 3731 905 τότε

2139 945 2390 1017 ἐπράχθη
2445 946 2588 1000 κατὰ
2619 948 2890 1014 Λατίνων,
2954 948 3046 999 καὶ
3080 945 3178 1016 οὐχ
3207 943 3565 1012 ὑπεδέξαντο.
3617 945 3725 999 Καὶ

2135 1038 2220 1102 τίς
2251 1039 2317 1093 ἂν
2350 1036 2511 1092 τοῦτο
2541 1040 2616 1110 μὴ
2660 1041 3012 1112 μυκτηρίσῃ;

2215 1130 2380 1186 Ῥακ.
2405 1132 2521 1185 Οὐκ
2550 1131 2824 1202 ἠθέλησαν
2850 1131 3130 1199 δέξασθαι,
3161 1133 3549 1202 Δικαιοκριτα,
3567 1130 3694 1184 ὲκεί-

2134 1242 2235 1295 νην
2264 1225 2362 1296 τὴν
2404 1224 2657 1292 σύνοδον,
2707 1227 2790 1280 ὅτι
2822 1225 3011 1290 κακῶς
3052 1225 3111 1278 ὲν
3147 1225 3286 1295 αὐτῇ
3341 1221 3600 1295 ἐπράχθη
3641 1224 3707 1276 τὸ.

2133 1317 2246 1372 τῶν
2272 1317 2592 1388 δογμάτων.

2208 1407 2357 1466 Εὺλ.
2427 1410 2537 1465 Ka‘t
2597 1410 2740 1480 μετὰ
2791 1407 2967 1466 ταῦτα
3011 1409 3110 1464 οὐκ
3142 1411 3362 1466 ἐγένετο
3416 1409 3557 1479 ἄλλη
3591 1405 3721 1461 σύν-

2134 1502 2299 1570 οδος;

2215 1595 2379 1650 Ῥακ.
2430 1595 2596 1649 Ἀλλὰ
2644 1597 2751 1651 ναί.

2205 1685 2355 1741 Εὺλ.
2391 1686 2501 1741 ῐῐοῦ
2529 1688 2596 1758 δή
2625 1705 2640 1756 ;

2217 1780 2371 1835 Ῥακ.
2419 1781 2510 1836 Ἐν
2541 1783 2680 1853 αὐτῇ
2726 1785 2793 1855 τῇ
2830 1783 3195 1858 βασιλευούσῃ
3251 1786 3362 1838 τῶν
3409 1784 3628 1837 πόλεων
3659 1781 3728 1834 ἐν

449 1848 574 1918 lngo
623 1848 973 1918 imperatore,
1008 1855 1061 1905 "et
1099 1849 1272 1907 Vecco
1304 1853 1622 1922 patriarcha
1665 1851 2017 1909 Constatino-

2151 1871 2207 1942 τῷ
2237 1873 2414 1944 καιρῷ
2465 1839 2686 1946 Μιχαὴλ
2737 1839 3008 1946 eadem;
3055 1839 3587 1946 τοῦιὶιαλαιολόγου,
3621 1877 3728 1929 καὶ

449 1940 712 2009 politano.

519 2033 669 2089 Pius.
697 2034 835 2101 Quid
869 2036 925 2092 in
961 2051 1023 2093 ea
1052 2046 1259 2108 gestum
1291 2038 1416 2092 est?

519 2125 683 2181 thac.
719 2127 919 2184 Eadem
955 2144 1077 2200 quas
1106 2137 1160 2184 et
1189 2129 1445 2202 Lugdini.

519 2309 671 2365 Pius.
721 2311 1068 2382 Rursumque
1108 2313 1162 2368 in
1189 2328 1254 2368 ea
1283 2312 1458 2370 Grzeci
1503 2314 1668 2387 aliqui
1701 2313 2021 2372 Latinorum

443 2401 686 2472 dogmati
723 2403 1043 2458 adhaesere?
1429 2409 1432 2412 ’

519 2490 689 2546 lec.
723 2492 909 2549 Plures
951 2493 1139 2551 multis
1174 2495 1422 2564 partibus
1456 2497 1510 2551 in
1554 2512 1749 2553 eorum
1802 2509 2024 2554 senten-

445 2584 575 2638 tiam
605 2583 844 2650 iverunt,
889 2594 942 2638 et
977 2583 1278 2656 imperator
1307 2579 1422 2658 ipse
1480 2598 1534 2643 et
1566 2590 1901 2658 patriarcha.

517 2673 674 2730 Pius.
712 2674 838 2732 Post
868 2677 1015 2732 illam
1053 2687 1244 2734 coacta
1276 2691 1359 2736 est
1388 2681 1494 2734 alia
1523 2682 1804 2753 synodus?

519 2769 688 2824 Illinc.
723 2765 868 2830 llaec,
909 2784 1029 2838 qua:
1055 2767 1348 2826 Florentia:
1377 2771 1560 2828 habita
1588 2783 1691 2830 est.

514 2863 666 2917 Pius.
698 2861 750 2916 In
787 2877 849 2916 ea
883 2863 1011 2931 quid
1043 2872 1227 2919 actum
1253 2866 1378 2920 est?

514 2952 678 3007 Rhac.
711 2951 912 3007 Eadem
946 2952 1000 3007 in
1033 2953 1170 3024 ipsa,
1210 2971 1330 3025 qua:
1363 2966 1417 3012 et
1447 2958 1502 3013 in
1537 2959 1660 3016 aliis
1691 2961 2022 3018 concordata

440 3056 590 3101 sunt.

518 3140 668 3198 Pius.
703 3143 952 3202 Etiamne
1010 3146 1064 3201 in
1091 3148 1208 3217 ipsa
1237 3147 1412 3205 Graeci
1448 3149 1516 3204 ad
1549 3151 1878 3206 sententiam
1917 3149 2020 3208 La-

443 3234 683 3287 tinorum
716 3249 1000 3291 accessere
1029 3235 1053 3290 ἲ

515 3322 680 3379 Rhac.
721 3325 992 3382 Universa
1039 3327 1302 3398 synodus,
1353 3337 1408 3384 et
1459 3341 1778 3402 imperator,
1823 3342 1878 3388 et
1923 3348 2020 3404 pa-

442 3417 717 3482 triarcha,
763 3429 816 3472 et
862 3427 975 3472 tata
1028 3421 1266 3490 denique
1299 3423 1689 3494 congregatio,
1735 3425 2016 3498 archiepi—

443 3511 615 3579 scopi,
679 3511 949 3582 episcopi,
989 3511 1238 3580 abbates,
1266 3514 1546 3580 cruciferi,
1586 3517 2016 3585 hieromonachi,

441 3602 778 3668 Sacerdotes,
814 3613 867 3658 et
893 3602 1136 3670 diaconi,
1168 3616 1246 3671 et,
1276 3614 1334 3661 ut
1364 3608 1530 3663 verbo
1557 3609 1866 3678 expediam,
1899 3627 2019 3667 om-

441 3709 540 3749 nes
573 3694 638 3748 ad
678 3710 846 3749 unum
879 3694 1198 3752 Latinorum
1223 3699 1576 3769 opinionibus
1614 3701 2013 3773 subscripsere.

441 3786 553 3841 Ileu
592 3787 761 3843 mala!
797 3785 962 3844 Solus
993 3787 1262 3862 Ephesius
1290 3791 1522 3850 antistes
1557 3793 1612 3849 in
1648 3793 1752 3850 ﬁde
1779 3797 2018 3865 perstitit

443 3877 772 3929 orthodoxa.

511 3966 660 4020 Pius.
697 3964 778 4022 Tu
809 3982 937 4024 vero
964 3983 1124 4040 quem
1156 3974 1449 4042 sequeris?
1482 3975 1706 4041 multos,
1736 3991 1805 4032 an
1839 3993 2009 4033 unum

441 4056 626 4110 hunc?

513 4145 676 4203 Rhac.
712 4147 902 4206 ‘llunc.
947 4150 1400 4226 Quandoquidem
1442 4159 1558 4230 ipse
1585 4161 1738 4218 solus
1780 4161 1836 4217 in
1871 4171 2016 4219 recta

441 4239 788 4309 professione
822 4246 1103 4301 remansit.

511 4354 663 4414 Pius.
698 4355 761 4412 Et
786 4360 1075 4417 duodecim
1109 4362 1184 4428 hi,
1212 4379 1351 4435 quos
1377 4364 1698 4425 Latinorum
1729 4375 2016 4431 sententia:

439 4451 688 4507 addit-los
721 4456 1075 4525 nuncupusti,
1109 4473 1248 4528 quos
1275 4463 1625 4534 sequuntur?

508 4563 674 4619 Illinc.
711 4565 989 4638 Synodum
1024 4579 1080 4625 et
1111 4570 1312 4641 plures.

509 4675 628 4729 Dic.
648 4676 952 4736 lndemnati
977 4692 1104 4736 sunt
1133 4686 1246 4740 veri
1279 4685 1331 4741 hi
1363 4689 1846 4758 sacerdotes,dum
1877 4700 2010 4759 obe-

437 4766 596 4823 diunt
629 4771 860 4841 synodo,
897 4773 1149 4845 partique
1175 4779 1320 4836 illius
1351 4783 1670 4851 potissimam

515 4968 658 5023 Pius.
692 4970 883 5026 Habeo
934 4974 1030 5030 tibi
1074 4975 1323 5048 ingentes
1354 4983 1585 5054 gratias.
1618 4983 1865 5061 Namque
1891 5009 2010 5064 quae

435 5061 489 5113 in
516 5062 741 5118 exordio
774 5065 936 5137 hujus
969 5068 1381 5138 disceptationis
1411 5091 1442 5131 a
1471 5076 1644 5136 fratre
1678 5061 2006 5155 Publica—no,

433 5164 490 5207 et
520 5169 548 5207 a
592 5164 644 5210 te
674 5171 820 5212 nunc
865 5159 934 5215 de
967 5160 1051 5218 his
1096 5163 1386 5224 duodecim
1437 5175 1819 5234 sacerdotibus
1862 5179 2008 5236 dicta

433 5257 585 5312 sunt,
634 5249 860 5319 pulchre
912 5253 1107 5322 calleo,
1151 5266 1418 5334 teneoque
1462 5281 1603 5337 quos
1639 5272 1845 5328 vocatis
1881 5289 2005 5328 cum

433 5337 641 5395 Latinis
706 5343 1024 5412 sentientes,
1064 5354 1118 5402 et
1149 5355 1672 5416 excommunicatos.
1704 5358 1770 5415 lli
1816 5378 2010 5433 nempe

430 5434 578 5528 quod
609 5450 730 5489 sese
767 5437 1120 5508 subjecerint,
1161 5447 1625 5515 quemadmodum
1678 5465 1730 5509 et
1763 5453 1839 5509 illi
1868 5455 2009 5528 Lug-

432 5523 717 5593 dunensis,
744 5541 795 5583 et
822 5531 912 5586 alii
942 5532 1585 5608 Constantinopolitauze,
1624 5559 1680 5601 et
1709 5563 1858 5603 nunc
1883 5523 2008 5605 oni—-

431 5630 528 5669 nes
559 5615 867 5677 Graecorum
898 5630 1308 5696 prastantiores
1337 5630 1880 5711 Florentinas'synodi
1911 5641 2005 5698 de-

429 5718 592 5762 cretis
616 5752 628 5772 ,
661 5725 1049 5784 mincupantur
1083 5735 1113 5773 a
1148 5723 1303 5778 vobis
1375 5723 1567 5783 Latine
1607 5731 1906 5789 sentientes
1952 5746 2005 5792 et

428 5798 775 5869 heterodori,
818 5816 1075 5877 tanquam
1122 5816 1214 5882 qui
1259 5817 1466 5884 eiurata
1502 5819 1816 5880 Grmcorum
1870 5827 1996 5898 ﬁde,

2040 4546 2092 4609 ι)

2129 1961 2338 2016 Βὲκκου
2371 1965 2716 2036 πατριάρχου
2751 1968 3408 2034 Κωνσταντινουπόλεως.

2197 2054 2344 2110 Εὐλ.
2389 2057 2499 2110 Kal
2532 2057 2583 2110 τί
2623 2057 2687 2129 δὴ
2728 2059 2787 2112 ὲν
2834 2059 2974 2131 αὐτῇ
3023 2060 3310 2132 ὲπράχθη;

2209 2150 2373 2204 Ῥακ.
2434 2151 2516 2205 Τά
2562 2153 2705 2206 αὐτὰ
2758 2156 2854 2208 καὶ
2891 2155 2950 2209 ἐν
2998 2157 3178 2228 αὐτῇ,
3234 2153 3427 2224 ῶσπερ
3479 2154 3595 2206 κάν
3643 2157 3733 2226 τῇ

2127 2242 2448 2314 Δουγδούνῳ
2481 2243 2760 2316 ἐπράχθη.

2201 2337 2353 2391 Εὐλ.
2393 2337 2502 2391 Kal
2553 2337 2717 2392 πάλιν
2752 2336 2980 2410 ἔμειναν
3026 2341 3086 2394 ὲν
3129 2340 3268 2413 αύτῇ
3298 2339 3522 2413 Γραικοί
3563 2356 3734 2402 τινες

2125 2427 2192 2481 τὰ
2227 2429 2472 2484 Λατίνων
2501 2431 2832 2502 φρονοῦντες
2860 2450 2875 2500 ;

2208 2517 2370 2573 Ῥακ.
2411 2521 2520 2574 Kal
2575 2522 2723 2593 μάλα
2765 2523 2974 2592 πολλοὶ,
3011 2524 3110 2579 καὶ
3171 2521 3335 2589 αὐτὸς
3386 2525 3414 2578 ὁ
3447 2523 3729 2594 βασιλεὺς

2127 2614 2223 2665 καὶ
2259 2613 2287 2664 δ
2319 2616 2695 2686 πατριάρχης.

2200 2707 2350 2760 Εὺλ.
2386 2707 2494 2759 Kal
2549 2709 2768 2777 ἐγένετο
2799 2709 2880 2764 ἔτι
2914 2710 3048 2783 ἄλλη
3088 2711 3308 2778 σύνοδος
3339 2712 3460 2782 μετ’
3487 2712 3674 2782 αὐτήν
3704 2729 3723 2776 ;

2211 2795 2376 2853 Ῥακ.
2414 2797 2561 2870 Αὕτη
2605 2801 2636 2870 ἡ
2682 2799 2779 2854 νῦν
2830 2804 2888 2855 ἐν
2918 2805 3228 2880 Φλωρεντίᾳ
3264 2805 3557 2876 γενομένη.

2202 2891 2347 2944 Εὺλ.
2383 2892 2494 2945 Kal
2531 2895 2588 2946 ὲν
2625 2893 2788 2966 αὐτῇ,
2819 2896 3030 2966 ἐρωτῶ,
3073 2899 3125 2952 τί
3155 2899 3446 2970 ἐπράχθης

2206 2981 2370 3034 Ῥακ.
2403 2981 2482 3036 Τὰ
2512 2983 2654 3037 αὐτὰ
2683 2987 2807 3050 ταῖς
2851 2988 2959 3059 πρὸ
2985 2988 3153 3060 αὐτῆς
3184 2989 3278 3044 καὶ
3302 2991 3359 3043 ὲν
3398 2990 3538 3059 αὐτῇ
3578 3007 3726 3044 συν-

2129 3073 2348 3144 εκφωνή
2358 3071 2448 3142 θη.

2201 3162 2352 3221 Εὑλ.
2385 3167 2652 3237 Ἔμειναν
2681 3169 2737 3224 δὲ
2769 3171 2864 3226 καὶ
2897 3172 2954 3227 ἐν
2986 3173 3124 3246 αὐτῇ
3177 3174 3342 3230 πάλιν
3370 3174 3602 3246 Γραικοὶ
3634 3177 3724 3229 τὰ.

2119 3257 2368 3312 Λατίνων
2402 3261 2733 3329 φρονοῦντες
2756 3283 2769 3328 ;

2199 3349 2361 3406 Ῥακ.
2406 3353 2564 3408 Πᾶσα
2619 3356 2651 3424 ἠ
2693 3355 2936 3421 σύνοδος,
2979 3359 3078 3413 καὶ
3127 3357 3405 3430 βασιλεὺς,
3460 3361 3562 3414 καὶ
3597 3379 3720 3415 πικ-

2117 3445 2388 3515 τριάρχης
2420 3487 2435 3513 ,
2472 3449 2566 3502 καὶ
2621 3449 2654 3519 ἡ
2699 3451 2818 3520 μετ’
2866 3453 3051 3506 αὐτῶν
3105 3455 3454 3527 συνάθροισις
3501 3459 3671 3512 πᾶσα
3701 3501 3722 3520 .

2115 3534 2568 3606 άρχιεπίσκοποι,
2609 3543 2930 3611 ἐπίσκοποι,
2963 3546 3278 3618 ἡγούμενοι,
3309 3552 3720 3622 σταυροφὸροι,

2119 3625 2486 3699 ίερομόναχοι,
2523 3633 2711 3702 ίερεῖς,
2749 3636 2847 3688 καὶ
2893 3637 3154 3705 διάκονοι,
3186 3642 3280 3692 καὶ
3329 3639 3518 3704 ἁπλῶς
3561 3644 3718 3698 πάν-

2115 3735 2210 3782 τες
2264 3721 2785 3795 ξλατινοφρόνησαν.
2846 3728 2951 3783 Φεῦ
3010 3730 3119 3784 τῶν
3177 3731 3394 3786 κακῶνέ
3430 3733 3616 3798 Μόνος
3683 3740 3714 3789 6

2129 3811 2360 3884 Ἐφέσου
2406 3816 2699 3890 ἀρχιερεὺς
2727 3818 2946 3892 ἔμεινεν
2997 3825 3054 3877 ὲν
3086 3827 3152 3896 τῇ
3185 3824 3455 3897 ὀρθοδόξῳ
3485 3829 3712 3886 πίστει.

2184 3993 2334 4049 Εὑλ.
2365 3996 2475 4050 Kal
2500 3997 2641 4052 τίσιν
2680 4001 2843 4067 αὐτὸς
2870 4003 3100 4077 συνέπῃ,
3130 4008 3244 4070 τοῖς
3280 4007 3519 4079 πολλοῖς,
3559 4010 3596 4081 ἦ
3627 4013 3716 4084 τῷ

2118 4083 2201 4139 ἑνὶ
2231 4086 2405 4156 τούτῳ
2428 4105 2444 4154 ;

2199 4176 2362 4268 ξΡακ.
2383 4179 2594 4268 Τούτῳ,
2645 4184 2772 4239 ἐπεὶ
2827 4187 2995 4258 μόνος
3043 4190 3209 4255 αὐτὸς
3264 4191 3484 4264 ἔμεινεν
3531 4196 3592 4248 ἐν
3635 4199 3712 4268 τῇ

2117 4264 2253 4337 ὀρθῇ
2285 4267 2572 4342 ὁμολογίᾳ.

2190 4375 2341 4432 Eia/1.
2395 4381 2508 4435 Kal
2556 4385 2605 4438 οί
2649 4384 2858 4442 δώδεκα
2909 4383 3082 4459 οὗτοι,
3141 4391 3236 4458 οὓς
3284 4395 3709 4468 Δατινόφρονας

2115 4469 2271 4542 ἔφης,
2295 4471 2404 4527 τίσι
2436 4476 2762 4534 συνέπονται
2788 4498 2802 4546 ;

2197 4587 2354 4643 Ῥακ.
2392 4589 2468 4660 Τῇ
2499 4592 2703 4664 συνόδῳ
2732 4595 2954 4662 καὶτοῖς
2972 4600 3209 4667 πολλοῖς.

2181 4709 2309 4760 Δικ.
2364 4707 2754 4784 Ἀκατάκριτοί
2802 4719 2942 4772 εἰσιν
2981 4722 3032 4774 οῖ
3078 4722 3300 4793 ἀληθεῖς
3344 4725 3509 4795 ἱερεῖς
3538 4726 3700 4786 οῦτοι

2116 4801 2559 4874 ὑποτασσόμενοι
2591 4811 2660 4879 τῇ
2703 4812 2934 4885 συνόδῳ,
2965 4813 3060 4870 καὶ
3094 4819 3208 4882 τοῖς
3241 4819 3454 4876 πλείοσι
3483 4823 3596 4878 τῶν
3631 4826 3700 4879 ἐν

2111 4894 2270 4964 αὐτῇ.
3032 4909 3038 4911 ’

2183 5009 2332 5064 Εὐλ.
2369 5010 2620 5084 Χάριτας
2657 5016 2909 5089 ὁμολογῶ
2937 5039 3021 5076 σοι
3056 5024 3278 5090 πολλάς.
3315 5028 3529 5098 Συνῆκα
3576 5030 3702 5104 γὰρ

2110 5098 2312 5168 ἄριστα
2365 5106 2434 5158 τὰ
2483 5108 2543 5160 ὲν
2585 5112 2896 5182 προοιμίοις
2929 5116 3200 5187 εἰρημένα
3232 5121 3383 5188 παρὰ
3410 5119 3503 5174 τοῦ
3533 5098 3702 5178 ads);

2115 5191 2221 5260 φοῦ
2262 5192 2536 5261 Τελὼνου,
2571 5202 2666 5252 καὶ
2710 5204 2865 5274 παρὰ
2909 5206 3004 5264 σοῦ
3053 5208 3170 5274 νῦν,
3205 5210 3344 5280 ὑπὲρ
3374 5213 3482 5266 τῶν
3523 5213 3702 5269 δώδε-

2109 5298 2183 5374 κα
2239 5287 2467 5338 τουτωνὶ
2519 5289 2733 5359 ἱερέων,
2784 5293 2878 5358 οῦς
2918 5315 3055 5365 φατε
3103 5301 3699 5374 Λατινόςρρονας,ναὶ

2107 5373 2557 5466 άφωρισμένους,
2593 5382 2675 5436 ὅτι
2720 5385 2810 5440 διὰ
2849 5387 2910 5441 τὸ
2959 5391 3303 5463 ὑποταγῆναι
3330 5373 3428 5448 καὶ
3459 5395 3691 5466 αὐτοὺς,

2109 5463 2301 5534 ὥσπερ
2345 5470 2590 5535 ἐκείνους
2626 5474 2684 5526 ὲν
2725 5479 2791 5548 τῇ
2824 5480 3168 5552 Λουτδούνῳ,
3204 5485 3302 5538 καὶ
3332 5485 3459 5551 τοὺς
3487 5488 3692 5568 ἄλλους

2107 5557 2165 5609 ἐν
2198 5556 2801 5634 Κωνσταντινουπῦλει,
2851 5571 2947 5623 καὶ
2990 5570 3086 5625 νῦν
3145 5575 3358 5639 πάντας
3401 5579 3530 5646 τοὺς
3574 5561 3687 5632 τῶν

2107 5649 2359 5717 Γραικῶν
2404 5655 2737 5726 προκρίτους
2797 5662 2864 5731 τῇ
2892 5663 3166 5733 ἀποφάσει
3202 5669 3302 5738 τῆς
3352 5670 3410 5722 ἐν
3439 5670 3683 5743 Φλωρεν-

2105 5741 2198 5811 τίᾳ
2235 5744 2478 5810 συνόδου,
2532 5747 2750 5804 καλεῖτε
2795 5753 3206 5827 Λατινὸφρονας
3233 5799 3246 5822 ,
3305 5759 3401 5813 καὶ
3435 5764 3681 5832 ἑτεροδό-

2108 5833 2253 5906 ξους,
2283 5837 2378 5890 καὶ
2408 5839 2488 5893 ὅτι
2517 5841 2614 5912 τὴν
2655 5843 2762 5898 τῶν
2793 5845 3044 5914 Γραικῶν
3077 5849 3260 5906 πίστιν
3291 5853 3544 5922 ἀφέντες,
3575 5857 3672 5926 τὴν
