4028 6408
360 436 474 498 9'7

1299 437 1800 523 DlSCEPTATlQ
1842 435 1989 494 rno
2029 433 2242 492 omne.
2278 428 2652 489 FLORENT.

3510 408 3570 466 υτ
3582 408 3614 466 8

359 549 476 601 τῶν
511 549 759 601 Λατίνων
794 549 1067 617 ἐδέξαντο.
1095 541 1351 606 Ἐπεισιν
1371 547 1467 606 οὖν
1504 567 1596 619 μοι
1628 549 1730 602 κᾶν
1759 544 1933 615 τούτῳ

2061 541 2354 595 .atinorum
2387 533 2752 606 susceperint.
2787 529 2902 585 lioe
2941 539 3074 582 sane
3105 531 3302 594 praeter
3343 517 3445 571 alia
3509 517 3614 569 mi-

365 641 438 694 τὰ.
471 639 702 692 πλεῖστα
739 640 1066 712 θαυμάζειν.

452 732 612 786 Ῥακ.
648 731 715 786 Τί
745 734 872 804 περὶ
901 735 1098 789 τούτου
1129 735 1472 806 Ormisdam;

453 821 592 875 an.
622 822 928 893 Θαυμάζω,
958 824 1044 879 δτι
1068 825 1132 880 οὐ
1159 826 1398 898 δύναμαι
1445 825 1784 893 συμϐιϐάσαι
1814 821 1942 885 τοὺς

382 913 678 986 ἡμετέρους
705 915 921 986 λόγους.

444 1012 570 1065 Δικ.
630 1011 761 1066 Kal).=
793 1012 1016 1082 ἀληθῶς
1061 1013 1396 1084 ἀσυμφωνία
1437 1013 1671 1085 μεγίστη
1699 1012 1846 1066 ἔστιν
1883 1011 1942 1064 ὲν

366 1101 580 1167 αὐτοῖς.

455 1191 613 1250 Ῥακ.
660 1195 796 1251 Τίνα
830 1197 1188 1269 ἀσυμφωνίαν
1225 1199 1283 1252 ιν
1336 1200 1448 1260 τοῖς
1495 1197 1782 1271 ἡμετέροις
1810 1196 1943 1268 δρᾷς

366 1284 594 1354 λόγοις;
626 1290 741 1343 Οὐκ
768 1288 914 1344 ἔστιν
939 1289 1134 1354 οὕτως,
1167 1291 1242 1355 ὡς
1272 1290 1448 1362 ἔφην;

447 1381 597 1439 Εὺλ.
655 1386 798 1456 Ὅρα
851 1387 917 1441 τὸ
973 1387 1319 1459 ἁξύμϐλητον
1374 1388 1471 1441 καὶ
1533 1389 1594 1440 τὸ
1687 1387 1945 1456 διάφορον

372 1475 490 1530 τῶν
534 1478 827 1548 ἡμετέρων
872 1479 1071 1548 λόγων.
1109 1479 1334 1550 Πρῶτον
1375 1479 1478 1548 μὲν
1526 1479 1687 1550 ἔφης.
1714 1479 1796 1532 δτι
1832 1480 1865 1548 ἡ
1890 1479 1947 1530 ὲν

371 1562 698 1636 Λουγδούνῳ
740 1565 956 1629 σύνοδος
989 1569 1131 1622 κατὰ
1152 1567 1399 1622 Λατίνων
1428 1563 1514 1639 ἦν,
1541 1570 1635 1622 καὶ
1677 1569 1759 1622 ὅτι
1794 1568 1947 1636 ἔμει-

371 1672 474 1707 ναν
508 1657 694 1709 πολλοὶ
724 1658 832 1712 τῶν
872 1660 1126 1732 Γραικῶν
1155 1662 1492 1732 φρονοῦντες
1539 1661 1608 1715 τὰ
1642 1661 1753 1714 τῶν
1783 1661 1948 1716 Λατίο

373 1767 507 1813 νων,
543 1749 593 1802 οἳ
627 1754 722 1805 καὶ
757 1752 1018 1824 ἐφθειραν
1067 1756 1136 1810 τὰ
1197 1754 1406 1826 βιϐλία,
1460 1753 1536 1823 μὴ
1587 1752 1947 1822 εὑρίσκεσθαι

377 1840 615 1910 βοῶντας
639 1843 736 1914 τὴν
770 1847 892 1900 κατ’
923 1846 1102 1900 αὐτῶν
1155 1847 1360 1918 κρίσιν·
1391 1842 1498 1900 είτ’
1533 1846 1696 1917 ἔφης.
1721 1846 1805 1900 ὅτι
1829 1845 1952 1914 ί.γέ-

376 1952 505 1990 νετο
550 1937 645 1991 καὶ
687 1939 825 2010 ἄλλη
883 1940 1106 2005 σύνοδος
1153 1943 1210 1995 ἑν
1250 1938 1829 1996 Κωνσταντινουπόλει
1881 1936 1950 1991 τὰ

377 2025 522 2078 αὐτὰ
549 2030 616 2118 τῇ
651 2030 711 2083 ἐν
757 2029 1084 2100 Λουγδούνῳ
1115 2031 1210 2084 καὶ
1237 2029 1378 2102 αὕτη
1411 2030 1740 2102 φρονήσασα
1766 2046 1827 2083 τε
1855 2029 1952 2082 xui.

375 2119 657 2187 πράξασα,
699 2123 796 2175 καὶ
848 2125 906 2176 εν
950 2124 1090 2195 αὐτῇ
1135 2123 1364 2193 ἔμειναν
1393 2124 1624 2194 Γραικοί
1654 2139 1803 2186 τινες
1841 2120 1950 2175 Λα-

375 2217 896 2286 τινοφρονὴσαντες.
959 2218 1072 2272 Καὶ
1121 2218 1396 2272 τελευτῶν
1439 2217 1806 2289 ὡμολόγησας
1850 2215 1951 2285 τὴν

377 2309 442 2361 ὲν
489 2311 610 2371 ταῖς
663 2309 903 2380 ἡμέραις
957 2310 1116 2380 ἡμῶν
1158 2310 1466 2380 γενομένην
1516 2309 1577 2363 ὲν
1617 2308 1948 2380 Φλωρεντία,

374 2402 478 2454 καὶ
516 2401 688 2471 αὐτὴν
717 2403 785 2454 τὰ
831 2403 995 2473 ὅμοια
1025 2405 1145 2465 ταῖς
1173 2401 1280 2474 πρὸ
1306 2394 1488 2472 ἀὐτῆς
1527 2402 1950 2472 ἐκφωνὴσασαν,

343 2497 478 2564 ,καὶ
529 2495 731 2563 πλῆθος
779 2495 916 2549 πολὺ
967 2496 1077 2549 τῶν
1108 2496 1356 2567 Γραικῶν
1385 2495 1571 2566 ἔμεινε
1603 2493 1839 2566 φρονοῦν
1883 2494 1952 2548 τὰ

377 2588 480 2654 τῆς
514 2587 734 2640 συνόδου
762 2587 986 2658 ταύτης,
1018 2587 1144 2659 ἣτις
1165 2591 1232 2644 τὰ
1259 2589 1370 2644 τῶν
1400 2590 1650 2643 Λατίνων
1675 2589 1950 2655 ἐδόξασεν.

380 2678 532 2745 Ὅρα
556 2672 650 2731 οὖν
677 2677 795 2742 πῶς
829 2695 920 2748 μοι
948 2677 1259 2748 Θαυμάζειν
1291 2680 1476 2732 ἔπεισι
1521 2677 1634 2732 τῶν
1666 2678 1956 2748 ὑμετέρων

379 2773 580 2836 λόγων,
607 2773 688 2825 ὅτι
735 2774 797 2826 οὐ
833 2772 1304 2843 συμπιραὶνουσιν
1356 2773 1555 2843 ἀληθῆ.
1609 2775 1794 2843 Ἐφης
1845 2773 1953 2845 γὰρ

377 2862 486 2926 τὴν
535 2862 591 2914 ὲν
649 2861 970 2933 Λουγδούνῳ
1017 2863 1237 2918 σύνοδον
1301 2864 1445 2919 κατὰ
1483 2865 1734 2918 Λατίνων
1788 2861 1954 2929 εἶναι,

382 2951 484 3004 καὶ
522 2948 622 3020 τὴν
656 2951 713 3002 ιν
765 2951 1349 3008 Κωνσταντινουπόλει
1373 2994 1389 3020 ,
1422 2955 1491 3009 τὰ
1530 2954 1669 3009 αὐτὰ
1716 2958 1784 3027 τῇ
1815 2955 1954 3027 αὐτῇ

381 3045 676 3110 λέγουσαν,
731 3039 853 3098 εἶτα
903 3044 978 3114 μὴ
1030 3043 1335 3114 δυνάμενος
1381 3047 1480 3116 τὴν
1517 3050 1779 3120 ἀλήθειαν
1822 3050 1958 3120 κρύ-

2043 650 2134 690 ror
2163 633 2420 688 maxime.

2117 724 2285 779 Rhac.
2328 721 2470 790 Quid
2503 720 2646 776 istuc
2673 714 2872 771 mirum
2902 707 3160 767 videtur?

2116 815 2266 871 Pius.
2311 814 2560 870 Demiror
2604 810 2786 882 plane,
2835 805 2930 878 qui
2980 815 3194 874 nequeo
3241 807 3464 855 nostros
3517 792 3617 850 bos

1942 943 1953 962 κ
2045 923 2326 967 sermones
2361 903 2716 963 concordare.

2119 1005 2234 1062 Dic.
2270 1005 2336 1060 Et
2365 1019 2492 1060 vero
2523 1003 2665 1058 inter
2704 1013 2765 1056 se
2804 996 2884 1054 illi
2921 987 3340 1065 disjunctissimi
3369 993 3500 1044 sunt
3558 991 3614 1039 et

2046 1099 2284 1155 maxime
2313 1096 2536 1152 diversi.

2114 1187 2280 1244 Rhac.
2303 1187 2478 1255 Quam
2499 1182 2922 1250 discrepantiam
2945 1176 3150 1234 nostris
3178 1175 3234 1231 in
3260 1169 3614 1231 sermonibus

2047 1279 2448 1350 apprehendis?
2473 1278 2666 1334 Annon
2702 1276 2777 1330 ita
2807 1280 2914 1337 est,
2945 1281 3002 1325 ιιι
3035 1270 3145 1326 dixi
3171 1269 3194 1323 ?

2117 1371 2269 1426 Pius.
2327 1372 2535 1426 ilabeto
2569 1369 2664 1425 tibi
2707 1378 2926 1423 tuorum
2985 1376 3303 1419 sermonum
3346 1371 3618 1415 summam

2047 1465 2446 1520 dissensionem
2491 1479 2555 1518 ac
2597 1462 3042 1532 discrepantiam.
3089 1456 3334 1511 Primum
3396 1453 3616 1523 quidem

2048 1558 2334 1613 asseruisti
2385 1557 2802 1628 Lugdunensem
2850 1551 3122 1624 synodum
3171 1556 3361 1604 contra
3399 1545 3624 1599 Latinos

2048 1661 2292 1706 coactam
2348 1651 2536 1712 fuisse,
2564 1658 2616 1706 et
2639 1665 2701 1704 ex
2733 1647 2934 1704 Graecis
2963 1645 3252 1716 plerosque
3300 1638 3620 1693 Latinorum

2051 1745 2335 1801 sententiae
2363 1760 2649 1801 assensum
2677 1741 2996 1813 praebuisse,
3027 1738 3120 1809 qui
3153 1748 3207 1792 et
3233 1735 3400 1790 libros
3429 1746 3624 1787 corru-

2051 1847 2280 1911 perunt,
2323 1854 2389 1893 ne
2420 1845 2609 1892 contra
2655 1851 2751 1890 eos
2794 1835 2960 1888 latum
3002 1833 3055 1884 in
3109 1827 3320 1899 synodo
3355 1824 3623 1894 judicium

2055 1928 2426 2000 publicarent.
2459 1925 2730 1982 Addidisti
2763 1933 2816 1979 et
2845 1922 3002 1976 aliam
3043 1917 3310 1991 synodum
3356 1914 3629 1969 Constan-

2052 2019 2281 2090 tinopoli
2329 2020 2663 2076 celebratam
2699 2017 2888 2073 eadem
2918 2057 2934 2081 ,
2988 2028 3110 2080 qua:
3148 2019 3202 2066 et
3243 2002 3629 2078 Lugdunensis

2051 2114 2382 2170 sentientem
2437 2119 2493 2168 et
2515 2110 2909 2174 stabilientem,
2938 2107 2991 2161 in
3016 2106 3132 2175 ipsa
3162 2115 3381 2173 quoque
3410 2097 3630 2154 Graecos

2051 2203 2266 2261 Latinis
2301 2198 2912 2260 obsecundasse.Nnnc
2939 2197 3157 2253 demum
3201 2193 3382 2248 fassus
3404 2205 3486 2253 es,
3531 2202 3629 2242 no-

2051 2309 2166 2356 atro
2196 2298 2302 2354 hoc
2329 2293 2744 2352 aevoFlorentiaa
2766 2291 3033 2364 synodum
3064 2286 3392 2342 celebratam
3428 2280 3628 2338 similia

2052 2389 2432 2462 superioribus
2482 2385 2832 2446 decrevisse.
2875 2382 3260 2452 ingentemque
3313 2374 3631 2430 Graecorum

2053 2481 2455 2538 multitudinem
2480 2493 2605 2533 cum
2633 2475 2842 2548 synodo
2871 2473 3137 2535 sensisse,
3162 2483 3282 2538 quae
3306 2464 3627 2519 Latinorum

2053 2575 2383 2632 sententiam
2415 2568 2818 2641 comprobavit.
2845 2563 3146 2622 Considera
3175 2562 3356 2630 itaque
3385 2557 3505 2612 ideo
3543 2570 3632 2610 me

2053 2673 2274 2730 tuorum
2321 2675 2637 2717 sermonum
2670 2657 3038 2713 admiratione
3077 2649 3439 2708 commoveri,
3482 2646 3630 2715 quod

2054 2771 2185 2812 vera
2216 2770 2324 2809 non
2355 2751 2709 2810 concludant.
2735 2747 2929 2808 Dixisti
2961 2745 3172 2802 scilicet
3197 2742 3464 2811 synodum
3488 2737 3633 2808 [mg-

2057 2847 2357 2903 dunensem
2389 2849 2582 2898 contra
2609 2839 2837 2897 Latinos
2865 2836 3058 2899 fuisse,
3084 2844 3138 2890 et
3167 2828 3634 2898 Constantinopo-

2055 2942 2280 2996 litanam
2322 2954 2351 2994 a
2392 2935 2745 3008 Lugdunensi
2798 2934 3020 2989 minime
3072 2930 3386 2994 diversam;
3441 2939 3629 2996 postea

2059 3051 2183 3092 cum
2215 3049 2322 3088 non
2353 3047 2546 3104 posses
2576 3031 2852 3086 occultare
2884 3025 3168 3080 veritatem
3198 3067 3212 3090 ,
3256 3020 3420 3076 veluti
3455 3021 3634 3073 lucer-

380 3141 505 3209 ψαι,
543 3140 732 3212 ῶσπερ
751 3142 840 3194 τδν
861 3112 1056 3212 λύχνον
1083 3112 1188 3196 ὑπό
1214 3144 1307 3196 τὸν
1339 3112 1543 3213 μόδιον,
1580 3112 1701 3198 {sui
1743 3112 1958 3217 φανερὰ

2062 3145 2186 3186 nam
2226 3127 2329 3185 sub
2372 3125 2582 3188 modio,
2613 3119 3056 3194 quandoquidem
3097 3118 3274 3188 palam
3326 3123 3409 3168 est
3457 3112 3636 3166 omni-

384 3237 541 3288 ἐστιν
575 3235 660 3304 (ὲν
706 3235 831 3295 ταῖς
883 3235 1121 3304 ἡμέραις
1171 3235 1279 3308 γὰρ
1323 3237 1482 3308 ἡμῶν
1547 3213 1803 3306 ἐγένετο,
1863 3213 1958 3292 καὶ

2061 3223 2165 3280 bus
2232 3221 2378 3294 (nam
2409 3219 2497 3274 his
2529 3217 2734 3273 nostris
2777 3215 2969 3272 diebus
3007 3220 3227 3284 peracta
3257 3217 3363 3274 est,
3394 3215 3449 3263 et
3488 3213 3636 3276 palt‘l

383 3328 588 3389 πάντες
619 3325 1026 3397 γινώσκουσιν),
1053 3325 1414 3400 ὡμολόγησας
1442 3328 1592 3383 ἄκων
1628 3330 1723 3384 καὶ
1751 3331 1960 3402 ταύτην

2063 3315 2364 3384 omnibus),
2410 3313 2591 3370 fassus
2634 3327 2714 3378 es,
2765 3311 2892 3365 licet
2922 3308 3163 3373 invitus,
3223 3304 3363 3359 itane
3417 3316 3635 3371 quoque

389 3419 590 3489 δηλαδῆ
619 3419 719 3484 τὴν
765 3420 824 3473 ὲν
876 3417 1193 3492 Φλωρεντίᾳ
1231 3423 1557 3494 γενομένην,
1595 3423 1662 3478 τὰ
1703 3424 1846 3478 αὐτὰ
1889 3425 1966 3479 εί-

399 3515 603 3568 ποῦσαν
632 3517 752 3580 ταῖς
789 3515 896 3587 πρὸ
945 3517 1140 3585 αὐτῆς.
1183 3517 1318 3570 ’Λπδ
1347 3516 1457 3571 τῶν
1507 3519 1616 3571 σῶν
1661 3519 1844 3574 τοίνυν
1874 3521 1965 3587 λό-

397 3624 510 3674 γων
542 3607 1011 3678 συμπεραίνομεν,
1035 3607 1118 3662 ὅτι
1152 3607 1307 3661 οὐδὲν
1331 3608 1530 3678 ἀληθὲς
1571 3609 1732 3679 ἔφης.
1761 3612 1820 3664 Εί
1857 3612 1966 3684 γὰρ

325 3739 334 3750 .
391 3698 490 3752 νῦν
535 3701 592 3753 ἐν
661 3700 730 3769 τῇ
779 3699 1093 3772 Φλωρεντὲᾳ
1152 3699 1291 3771 ὑπὲρ
1365 3701 1618 3754 Λατίνων
1671 3702 1964 3773 ἐπράχθη,

387 3791 581 3862 ὥσπερ
632 3790 884 3860 φαίνεται
935 3791 1271 3863 διαῤῥὴδην,
1309 3791 1374 3846 σὺ
1428 3790 1485 3844 δὲ
1537 3790 1708 3861 ἔφθης
1757 3791 1962 3856 εἰπὼν,

387 3886 562 3938 ὅτιτὰ
596 3884 737 3938 αὐτὰ
791 3883 886 3938 καὶ
936 3881 1078 3954 αὓτη
1126 3887 1192 3955 τῇ
1227 3885 1286 3937 ὲν
1329 3884 1654 3953 Λουγδούνῳ
1682 3887 1776 3938 καὶ
1806 3887 1874 3955 τῇ
1911 3887 1966 3938 ὲν

392 3979 973 4032 Κωνσταντινουπόλει
1037 3976 1277 4048 ἔπραξεν
1308 4018 1340 4042 ,-
1373 3977 1575 4038 ,ἕπεται
1646 3971 1966 4050 ἀναγκαίως

403 4069 550 4124 κατὰ
594 4071 656 4122 τὺ
699 4071 1198 4143 συγκεχωρημένον
1247 4072 1399 4142 παρὰ
1453 4070 1570 4134 σοῦ,
1600 4073 1682 4126 ὅτι
1720 4073 1969 4125 κάκεῖναι

397 4160 548 4230 ὑπὲρ
579 4163 820 4217 Λατίνων
854 4159 1016 4234 ἦσαν.
1071 4163 1172 4218 Διὰ
1229 4163 1392 4218 τοῦτο
1443 4165 1538 4218 καὶ
1567 4164 1690 4218 τότε
1747 4164 1842 4216 καὶ
1874 4161 1970 4215 νῦν

393 4256 700 4325 ὑπέμειναν
723 4258 772 4311 οί
806 4258 1017 4312 συνετοὶ
1047 4256 1159 4309 ⁸τῶν
1195 4257 1450 4328 Γραικῶν
1477 4259 1546 4329 τῇ
1570 4256 1803 4329 ἀληθείᾳ
1832 4257 1970 4327 μετὰ

392 4349 508 4401 τῶν
539 4350 773 4403 συνόδων
821 4349 912 4403 καὶ
951 4349 1059 4402 τῶν
1090 4349 1338 4403 Λατίνιον
1372 4349 1789 4419 ὁμολογοῦντες.

480 4442 646 4496 Ῥακ.
679 4439 964 4508 Ἔμειναν,
1003 4439 1218 4510 ἀληθῶς
1270 4439 1430 4509 ἔφης,
1473 4439 1642 4505 τινὲς,
1671 4440 1772 4491 οὐκ
1813 4440 1870 4490 ἐν
1903 4439 1967 4508 τῇ

393 4531 533 4603 ὀρθῇ
571 4532 671 4600 τῆς
705 4534 942 4595 πίστεως
993 4530 1280 4602 ὁμολογίᾳ,
1321 4532 1390 4601 τῇ
1448 4529 1561 4583 τῶν
1610 4531 1857 4584 Λατίνων
1910 4530 1968 4582 δὲ

2063 3406 2432 3462 Fiorentinam
2465 3403 2757 3477 synodum,
2798 3399 3110 3470 superiores
3159 3405 3425 3460 secutam,
3445 3390 3633 3445 eadem

2067 3499 2474 3571 pronuntiasse.
2522 3496 2658 3551 Tuis
2699 3509 2832 3562 ergo
2880 3491 3065 3547 verbis
3121 3486 3522 3546 concludimus.
3583 3490 3637 3533 te

2067 3592 2387 3660 longissime
2431 3605 2458 3640 a
2498 3601 2627 3642 vero
2667 3585 2928 3641 abfuisse.
2979 3582 3190 3636 Etenim
3237 3579 3280 3631 si
3319 3593 3466 3631 nunc
3507 3574 3635 3627 Flo-

2067 3685 2280 3740 rentina
2329 3697 2426 3751 pro
2472 3679 2700 3743 Latinis,
2749 3686 2808 3731 ιιι
2851 3681 3098 3744 apertum
3174 3668 3638 3732 manifestumque

2065 3787 2152 3834 est
2180 3775 2455 3841 omnibus,
2495 3772 2760 3828 celebrata
2793 3779 2870 3823 est
2903 3768 2981 3839 (tu
3017 3779 3148 3818 vero
3193 3762 3410 3816 dixeras
3443 3756 3635 3811 eadem

2069 3870 2139 3924 ab
2169 3871 2308 3940 ipsa.
2337 3883 2459 3936 quze
2500 3873 2554 3921 et
2592 3879 2619 3918 a
2647 3857 2995 3930 Lugdunensi
3043 3866 3100 3910 et
3136 3844 3640 3916 Constantinopoli-

2069 3973 2194 4018 tana
2231 3961 2517 4018 terminata
2570 3954 2782 4026 inisse),
2823 3949 3136 4008 necessario
3184 3943 3434 4016 sequitur
3465 3956 3529 3994 ex
3567 3938 3637 3990 iis

2070 4075 2194 4129 qua:
2234 4058 2344 4126 jam
2375 4057 2489 4126 ipse
2524 4065 2908 4115 concesseras,
2941 4062 3035 4104 eas
3076 4045 3239 4100 etiam
3294 4053 3392 4110 pro
3427 4034 3637 4092 Latinis

2069 4169 2194 4209 esse
2223 4159 2458 4205 coactas.
2485 4147 2891 4217 Proptereaqne
2915 4154 2967 4197 et
3017 4150 3147 4193 tunc
3169 4146 3222 4192 et
3251 4148 3400 4189 nunc
3425 4130 3640 4199 sapien-

2071 4246 2238 4298 tiores
2265 4241 2576 4297 Grzecorum
2639 4253 2760 4291 cum
2793 4232 3014 4307 synodis
3058 4228 3372 4298 Latinisque
3406 4223 3460 4278 itt
3497 4221 3642 4275 veri-

2071 4337 2199 4392 t'atis
2229 4332 2573 4389 confessione
2607 4329 2935 4401 perstitisse.

2147 4429 2311 4482 li/tac.
2352 4425 2734 4488 Perstiterunt,
2766 4435 2888 4474 vere
2911 4415 3116 4481 dixisti,
3148 4412 3418 4470 nonnulli.
3449 4418 3503 4463 at
3527 4426 3635 4463 non

2072 4523 2126 4579 in
2155 4531 2314 4576 rectae
2349 4518 2472 4573 iidei
2506 4513 2855 4570 confessione
2881 4548 2896 4573 ,
2929 4507 3022 4564 sed
3069 4506 3123 4560 in
3156 4505 3477 4560 Latinorum
3510 4519 3638 4556 scn-

393 4595 533 4694 δόξ’ςῖ
589 4595 1001 4693 βεϐαιωῦἑντες,
1029 4595 1244 4692 *γυμνῇ*
1279 4595 1595 4694 στῇ-κεφαλῄ
1656 4621 1960 4691 ἀνακηρύτ·

2075 4615 2242 4670 tentia
2287 4609 2618 4672 conﬁrmati,
2648 4620 2810 4675 quam
2852 4607 3037 4671 aperto
3068 4598 3246 4668 capite
3293 4595 3588 4666 praedicant
3621 4611 3642 4647 :~

395 4732 571 4770 τουσιο
625 4718 720 4772 καὶ⁸
783 4716 874 4770 διὰ
905 4716 1064 4772 τοῦτο
1120 4714 1519 4786 Λατινόφρονας
1559 4714 1768 4777 αὐτοὺς·
1794 4717 1969 4785 ἀναμ-

394 4811 638 4882 φιϐόλως
678 4808 955 4865 ἁποκαλοῦ
965 4827 1086 4878 μεν.

483 4906 635 4970 Ἄκρ.
668 4901 844 4955 Βαὸαὶ
884 4900 984 4970 τῆς
1026 4900 1265 4972 τόλμηςί
1311 4899 1477 4970 βαϐαί
1499 4899 1512 4952 i

473 4995 624 5052 Εὺλ.
675 4995 839 5052 Ἐλεῶ
869 5014 931 5052 σε
964 4997 1062 5063 τῆς
1111 4995 1341 5065 τόλμης.
1372 4995 1574 5063 μᾶλλον
1601 4993 1662 5047 δὲ
1699 4991 1973 5064 Θαυμάζω

397 5084 508 5138 κὰν
536 5085 735 5157 τούτῳ.
766 5087 842 5151 ὼς
898 5087 992 5139 καὶ
1045 5085 1104 5138 ὲν
1148 5084 1260 5146 τοῖς
1312 5082 1494 5145 ἄλλοις
1542 5084 1656 5147 τοῖς
1688 5083 1842 5153 παρὰ
1873 5082 1968 5137 σοῦ

400 5178 526 5246 είρη
537 5179 743 5246 μένοις.

483 5267 650 5322 ‘Pax.
691 5267 757 5322 Τί
783 5285 866 5322 σοι
894 5267 956 5322 τὸ
984 5267 1400 5337 Θαυμαζόμενον
1426 5283 1442 5332 ;
1496 5264 1729 5336 φράσον.

476 5361 630 5415 Εὺλ.
677 5361 891 5414 ’Λκούω
931 5379 1052 5426 σου,
1097 5361 1181 5414 ὅτι
1212 5360 1397 5421 καλεῖς
1433 5359 1838 5426 Λατινόφρονας
1874 5357 1974 5409 πᾶ-

400 5469 505 5505 σαν
529 5452 627 5523 τὴν
654 5452 762 5505 τῶν
803 5452 1053 5523 Γραικῶν
1092 5450 1444 5518 Ἐκκλησίαν,
1477 5450 1576 5519 τὴν
1622 5449 1975 5516 ’Λνειτολικὴν

399 5543 631 5612 δηλαδὴ,
661 5544 759 5596 καὶ
793 5542 1053 5613 βασιλεῖς,
1100 5540 1196 5594 καὶ
1220 5541 1588 5609 πατριάρχας,
1620 5537 1976 5607 ἀρχιεπισκό-

401 5653 562 5700 πους,
600 5639 954 5701 ἐπισκόπους,
991 5632 1356 5703 ἡγουμένους,
1412 5630 1840 5700 σταυροφόρους,
1877 5630 1974 5682 καὶ

402 5728 532 5789 τοὺς
557 5727 805 5789 λοιποὺς,
859 5726 956 5779 καὶ⁵
1005 5725 1066 5778 οὐ
1118 5721 1246 5784 τοὺς
1275 5718 1484 5774 δώδεκα
1516 5719 1695 5789 μόνον.
1733 5719 1792 5772 Εἰ
1817 5717 1911 5771 οὖν
1943 5721 1976 5786 ἡ

405 5817 726 5886 ’Λνατολικὴ
794 5814 1089 5884 Ἐκκλησία
1123 5813 1271 5866 πᾶσα
1308 5812 1376 5866 τὰ
1416 5810 1524 5863 τῶν
1549 5808 1792 5863 Λατίνων
1821 5809 1978 5880 sappi-

407 5927 558 5976 νησε,
589 5912 681 5963 καὶ
711 5911 758 5963 oi
792 5908 1017 5973 δώδκα,
1055 5903 1134 5973 οἷς
1176 5905 1480 5973 ἐγκαλεῖτε,
1512 5903 1579 5958 τὰ
1621 5903 1718 5972 τῆς
1764 5902 1978 5956 Ἀνατο-

2075 4717 2468 4778 proptereaque
2497 4716 2591 4756 eos
2621 4714 2745 4754 cum
2770 4695 2982 4751 Latinis
3027 4691 3332 4747 sentientes
3371 4688 3490 4742 sine
3528 4687 3649 4741 ullo

2073 4799 2237 4855 dubio
2271 4806 2670 4864 nuncupamus.

2145 4889 2286 4944 Aud.
2323 4889 2482 4955 Papae
2514 4879 2834 4940 audaciam!
2875 4877 3072 4950 papa-i

2145 4983 2296 5038 Pius.
2337 4980 2557 5036 Miseret
2587 4992 2674 5031 tne
2717 4985 2864 5028 tuam
2901 4969 3223 5033 audaciam;
3253 4980 3428 5036 neque
3459 4965 3639 5020 minus

2074 5078 2314 5134 demiror
2339 5075 2406 5130 de
2440 5075 2562 5138 hoc,
2589 5084 2754 5142 quam
2787 5068 2855 5122 de
2881 5065 3002 5121 aliis
3035 5063 3144 5118 tuis
3172 5061 3358 5117 dictis.

2147 5257 2314 5312 Bima.
2346 5252 2494 5320 Quid
2523 5258 2607 5307 est
2642 5247 2785 5318 quod
2826 5243 3156 5302 admiraris?
3186 5241 3371 5296 eil‘are.

2153 5348 2303 5400 Pius.
2338 5345 2513 5398 Audio
2551 5341 2648 5394 abs
2682 5350 2732 5393 te
2762 5339 3071 5391 universam
3107 5332 3418 5388 Graecorum
3455 5325 3644 5381 Eccle-

2077 5442 2238 5504 siam,
2265 5435 2593 5492 Orientaletn
2624 5445 2838 5500 nempe,
2871 5430 3250 5497 imperatores,
3281 5419 3641 5491 patriarchas,

2080 5529 2540 5597 arcltiepiscopos,
2581 5523 2869 5593 episcopos
2893 5560 2908 5585 ,
2941 5519 3181 5582 abbates,
3212 5514 3529 5582 crucigeros
3589 5517 3646 5564 et

2080 5623 2319 5692 reliquos
2357 5632 2575 5681 omnes,
2615 5631 2722 5669 non
2754 5609 3043 5667 duodecim
3087 5617 3295 5662 tantum
3329 5604 3647 5660 sacerdotes
3759 5652 3761 5655 .

2079 5727 2132 5771 et
2153 5715 2376 5769 Latinos
2401 5715 2551 5765 inter
2572 5725 2631 5764 se
2657 5705 3006 5763 concorditer
3035 5713 3360 5769 congruere.
3391 5698 3573 5763 Quare
3598 5695 3645 5749 si

2081 5810 2337 5864 universa
2393 5801 2688 5858 Orientalis
2740 5796 2986 5854 Ecclesia
3029 5794 3349 5848 Latinorum
3407 5787 3645 5858 dogmati
3742 5808 3748 5816 -

2083 5897 2328 5963 adhaesit,
2383 5902 2435 5949 et
2488 5902 2742 5964 praeterea
2782 5889 2837 5945 hi
2871 5885 3179 5951 duodecim,
3227 5896 3362 5953 quos
3404 5880 3456 5933 in
3500 5876 3650 5947 judi-
