4028 6430
551 364 658 428 979

1475 377 1795 440 JOSEPHI
1834 382 2337 446 METHONENSI
2350 390 2390 447 S
2426 389 2771 455 EPISCOPI
3390 452 3396 463 .
3628 409 3715 474 980

545 479 691 533 cium
729 483 963 545 vocatis.
986 500 1155 542 unum
1199 487 1448 561 idemque
1476 507 1599 547 cum
1637 493 1904 551 Orientali
1936 496 2093 553 Eccle

2193 535 2199 554 ι
2227 501 2388 574 λικῆς
2431 505 2763 577 Ἐκκλησίας
2789 508 3076 580 φρονοῦσι,
3115 513 3399 577 τουτέστιν,
3432 516 3722 592 ἆπερὲκείνη

540 572 624 626 sia
648 575 911 642 sentiunt,
940 577 1041 634 hoc
1070 590 1152 635 est
1184 596 1290 635 non
1316 581 1532 641 diversa
1559 586 1629 641 ab
1652 602 1714 643 ca
1738 598 1946 667 tenent,
1979 606 2120 659 quo-

539 666 706 719 modo
742 666 1111 727 heterodoxos
1141 681 1199 728 et
1266 671 1591 739 Latinorum
1643 666 1930 735 sententia:
1966 680 2123 737 addi-

544 762 663 815 ctus
714 760 1000 828 appellatis
1025 778 1120 819 eos
1168 766 1262 834 qui
1313 784 1436 822 cum
1497 767 1763 825 Orientali
1824 781 2121 844 vestraque

534 832 804 917 Ecclesia,
825 851 979 910 vobis
1016 855 1181 912 etiam
1209 859 1420 924 invitis,
1450 860 1705 917 eumdem
1739 862 1986 919 animum
2019 865 2121 920 ha-

537 942 705 1001 bent?

604 1033 771 1090 Rhac.
808 1034 1096 1105 Univet‘sa,
1131 1048 1194 1096 ut
1220 1042 1321 1108 ais,
1353 1045 1647 1104 Urientalis
1684 1046 1949 1116 Ecclesia,
1993 1065 2119 1122 quae

531 1135 586 1179 et
617 1132 858 1197 synodus
907 1140 963 1185 et
994 1129 1170 1186 Latini
1214 1150 1361 1191 nunc
1390 1136 1579 1190 dicunt
1636 1140 1842 1211 omnia,
1905 1157 2116 1199 necnon

526 1206 583 1274 hi
612 1219 904 1278 duodecim
938 1225 1285 1282 concorditer
1312 1238 1517 1290 tenent.
1550 1230 1788 1303 ideoque
1846 1249 1942 1292 eos
1988 1251 2115 1292 cum

526 1309 738 1368 Latinis
763 1320 1061 1374 scutFentes
1089 1336 1398 1393 nuncupam
1411 1338 1495 1381 us.

603 1404 754 1464 Pius.
787 1404 939 1464 Haud
988 1412 1189 1468 decore
1222 1414 1479 1487 justeque
1518 1417 1723 1482 facitis,
1772 1419 1869 1491 qui
1898 1419 2113 1478 duode-

525 1502 632 1552 cim
659 1503 806 1557 Solos
836 1518 957 1559 cum
987 1503 1197 1563 Latinis
1222 1508 1428 1564 sentire
1464 1510 1670 1577 dicitis.
1718 1527 1844 1568 cum
1898 1521 1955 1570 et
1988 1514 2110 1569 uni-

524 1608 679 1647 versa
714 1593 1008 1659 Orientalis
1064 1597 1307 1655 Ecclesia
1344 1603 1417 1660 ita
1475 1604 1857 1675 compellanda
1905 1615 2050 1662 esset
2089 1625 2107 1676 ;

521 1687 964 1759 quandoquidem
993 1692 1083 1747 illa
1113 1694 1346 1763 primum
1381 1710 1410 1748 a
1450 1692 1776 1753 Latinorum
1833 1700 2107 1755 sententia

521 1786 693 1839 Slelil.
721 1783 787 1840 Hi
846 1803 975 1842 vero
1025 1797 1149 1859 post
1200 1787 1537 1845 Orientalem
1593 1791 1919 1863 Ecclesiam,
1981 1801 2104 1849 tan-

521 1890 684 1945 quam
710 1877 802 1945 qui
832 1894 950 1933 eam
986 1878 1183 1947 secuti,
1215 1879 1362 1937 illius
1388 1883 1629 1955 vestigiis
1654 1885 1993 1943 institerunt.

592 1965 758 2028 lec.
789 1968 963 2025 Probe
984 1971 1124 2027 dicis
1154 1991 1170 2037 ;
1202 1988 1359 2044 reque
1391 1978 1538 2031 enim
1567 1991 1667 2031 nos
1718 1988 1771 2032 et
1800 1978 1929 2049 ipsi,
1978 1987 2103 2033 tau-

519 2072 681 2127 quam
715 2076 836 2130 quae
861 2063 1197 2131 impietatem
1224 2067 1533 2136 admiserit,
1567 2078 1621 2133 et
1655 2070 1806 2135 hisce
1836 2082 2097 2142 tanquam

516 2155 607 2223 qui
643 2153 719 2211 illi
771 2157 1087 2225 ignoranter
1119 2157 1468 2227 adhmserint,
1502 2165 1932 2230 exposmlantus.
1962 2162 2100 2225 Hinc

514 2254 627 2321 tiam
675 2247 844 2316 illam,
901 2258 1015 2307 tum
1046 2251 1148 2310 ltus
1192 2255 1382 2311 eadem
1440 2264 1607 2326 atque
1659 2255 1836 2312 Latini
1892 2261 2098 2317 sentire

509 2339 830 2399 astruimus.

583 2427 699 2486 Dic.
735 2433 1011 2505 Propitius
1036 2438 1115 2494 sis
1148 2439 1303 2507 mihi,
1341 2439 1508 2508 Deus,
1541 2445 1631 2514 qui
1665 2444 1863 2501 similia
1899 2447 2094 2520 impie-

512 2524 644 2581 tatis
682 2526 840 2597 plena
872 2531 1038 2586 verba
1063 2533 1249 2589 audio.

582 2615 747 2673 Pius.
775 2620 1109 2690 Expostulas
1137 2626 1322 2695 itaque
1347 2627 1613 2686 Orientali
1642 2630 1922 2699 Ecclesia,
1945 2633 2092 2706 quod

511 2706 834 2764 Latinorum
875 2711 1117 2781 dagntati
1150 2718 1486 2775 adhaeserit?

580 2794 749 2859 Rliac.
786 2803 863 2856 ita
917 2813 1024 2859 est.
1082 2805 1527 2883 Expostulamus,
1588 2828 1710 2869 cum
1763 2812 2087 2872 Latinorum

508 2896 840 2950 sententiam
865 2900 1197 2969 amplexata,
1229 2901 1554 2963 Latinorum
1587 2906 1841 2978 dogmata
1872 2917 2089 2967 consta-

506 2985 764 3043 biliverit.

580 3080 725 3133 Aud.
758 3080 922 3138 Pater
947 3083 1036 3140 ltic
1062 3085 1228 3143 animi
1261 3089 1613 3147 contentione
1643 3090 1909 3151 decertat.

582 3168 738 3226 Pius.
774 3171 830 3226 Si
860 3177 1043 3245 itaque
1097 3179 1396 3237 Orientalis
1446 3179 1691 3243 Ecclesia
1765 3183 2082 3241 Latinorum

504 3261 865 3329 Opinionibus
894 3282 1202 3335 assensum,
1236 3278 1296 3329 ut
1318 3282 1375 3327 tu
1401 3275 1505 3342 ais,
1539 3275 1790 3344 praabttit,
1823 3294 1930 3335 una
1962 3295 2086 3336 cum

506 3351 842 3413 Occidentali
875 3359 1019 3415 facta
1059 3371 1162 3430 est,
1222 3372 1278 3419 et
1332 3380 1494 3423 nemo
1543 3377 1739 3424 contra
1807 3369 1906 3427 ibit
1939 3388 1955 3453 ξ
1985 3373 2091 3430 hoc

505 3448 652 3501 enim
688 3458 743 3503 et
770 3448 1093 3522 Symbolum
1118 3455 1230 3511 vult
1271 3473 1433 3512 unam
1468 3475 1591 3517 csse
1618 3460 1821 3519 debere
1851 3448 2085 3523 catholi-

505 3553 631 3607 cam
659 3539 986 3601 Ecclesiam.
1015 3545 1170 3615 Quod
1194 3551 1239 3603 si
1264 3549 1387 3607 duae
1412 3561 1467 3608 et
1493 3556 1753 3625 Opinione
1783 3564 1840 3613 et
1865 3558 2089 3630 dagma-

505 3644 561 3689 te
591 3650 698 3690 una
733 3635 871 3694 facta
899 3648 1005 3707 est,
1054 3653 1104 3699 et
1146 3643 1264 3700 haec
1311 3662 1416 3701 una
1470 3646 1718 3707 Ecclesia
1767 3665 1835 3707 ex
1871 3652 2086 3711 duabus

504 3727 705 3800 linguis
732 3732 1061 3791 concinnata
1088 3737 1386 3807 aberravit,
1413 3749 1469 3795 et
1492 3740 1725 3798 alienam
1750 3753 1938 3801 secuta
2003 3756 2088 3803 est

504 3836 605 3891 per
626 3839 686 3879 so
712 3824 893 3894 iidem,
927 3842 1176 3898 quaenam
1207 3829 1371 3887 fuerit
1390 3834 1495 3887 alia
1527 3833 1768 3892 Ecclesia
1822 3838 2085 3894 orthodo-

500 3928 597 3977 xa,
623 3929 788 3984 quam
836 3917 955 3987 ipse
996 3923 1289 3990 sequeris?
1328 3923 1394 3977 Et
1433 3925 1558 3995 quis
1622 3939 1676 3984 te
1731 3929 1787 3984 in
1820 3930 1925 3987 (ide
1991 3932 2080 3987 in?

501 4007 711 4061 struit?
744 4008 847 4067 Ubi
885 4011 1012 4065 item
1043 4011 1353 4070 Graecorum
1396 4017 1530 4074 lides
1585 4030 1750 4092 atque
1779 4022 1971 4094 religio
2002 4039 2087 4080 re-

504 4098 742 4153 mansit?
769 4098 870 4154 Cui
912 4101 1031 4169 ipse
1066 4102 1323 4160 Ecclesia:
1377 4112 1763 4178 reverentiam,
1824 4113 2086 4170 obedien-

508 4190 639 4241 tiam
667 4197 722 4243 ει
753 4190 1079 4261 religionem.
1119 4195 1383 4253 exhibes?
1443 4205 1488 4253 Α
1520 4216 1627 4271 qua
1657 4202 1987 4274 baptismum
2020 4224 2085 4265 ac

504 4288 849 4335 sacramenta
875 4284 1118 4353 accipis?
1628 4333 1631 4336 ι
2048 4337 2053 4343 η

572 4368 740 4426 Rlzac.
784 4372 1004 4431 llontini
1034 4376 1087 4432 in
1118 4392 1230 4448 quo
1285 4378 1419 4437 tides
1460 4383 1769 4442 orthodoxa
1825 4403 2083 4453 perman-

502 4466 656 4531 serit,
693 4466 946 4539 religiose
1000 4468 1369 4531 obedientiam
1412 4485 1467 4531 et
1510 4478 1880 4534 reverentiam
1921 4482 2078 4539 exhi-

502 4558 604 4615 beo
633 4576 650 4624 ;
677 4559 879 4631 illeque
917 4562 1047 4619 mihi
1077 4574 1162 4621 est
1194 4563 1438 4623 Ecclesia
1471 4578 1527 4624 et
1557 4572 1838 4641 magister.
1938 4622 1941 4625 .

572 4655 711 4709 And.
740 4654 853 4709 Hoc
877 4654 944 4711 ad
980 4656 1095 4713 haec
1126 4674 1304 4728 usque
1358 4669 1604 4731 tempora
1637 4664 1942 4723 inauditum
1971 4679 2074 4737 est.

573 4747 727 4803 Pius.
756 4748 888 4814 Quis
916 4765 1047 4804 vero
1078 4751 1131 4803 in
1160 4751 1267 4804 lide
1296 4751 1615 4808 Graecorum
1671 4759 1929 4827 perstitit,
1987 4761 2079 4816 cui

500 4846 557 4892 tu
582 4840 945 4895 reverentiam
976 4841 1332 4901 exhibueris?

574 4925 742 4985 Rhac.
773 4929 889 4987 Dixi
922 4931 1038 5001 tibi,
1102 4936 1281 4993 solum
1337 4936 1636 5009 Ephesium
1678 4943 1983 5001 antistitem
2023 4943 2076 5001 in

500 5021 609 5077 lide
645 5021 956 5079 orthodoxa
988 5041 1391 5099 perseverasse,
1415 5034 1504 5087 cui
1541 5033 1658 5104 ipse
1708 5035 1994 5105 subjicior,
2023 5047 2078 5093 et

500 5131 665 5186 quem
691 5123 752 5171 ut
780 5117 1103 5187 magistrum
1139 5135 1400 5193 agnoseo.

573 5207 732 5265 Pius.
757 5206 880 5265 Tibi
913 5227 1132 5282 quoque
1160 5229 1261 5284 ego
1293 5215 1428 5283 dixi,
1464 5233 1572 5275 non
1595 5234 1788 5287 unum,
1827 5221 1924 5277 sed
1960 5220 2078 5291 pltt-

502 5316 591 5359 res
613 5318 737 5359 esse
759 5292 1089 5374 sequendos.
1118 5307 1383 5375 Primum,
1419 5312 1565 5382 quod
1594 5329 1736 5369 unus
1768 5313 1935 5370 homo
1966 5331 2072 5370 non

499 5394 633 5451 facit
661 5395 960 5453 Ecclesiam
993 5416 1010 5466 ;
1044 5399 1242 5456 deinde
1269 5417 1421 5467 vero,
1467 5405 1613 5474 quod
1665 5407 1754 5462 ille
1784 5416 1901 5461 atra
1966 5407 2075 5465 bile

501 5485 736 5554 agitatus
769 5486 1078 5559 desipit-bat
1101 5491 1319 5560 mentis,
1358 5509 1460 5550 nec
1488 5510 1716 5567 compos
1738 5499 1903 5553 animi
1931 5509 2070 5555 erat.

571 5572 736 5631 Rhac.
752 5575 829 5634 Ne
846 5593 1098 5637 sanctum
1114 5584 1289 5641 virum
1306 5584 1467 5640 dictis
1494 5588 1604 5641 tuis
1623 5587 1865 5643 dill'et'as.
1884 5588 2072 5660 Neque

499 5668 644 5725 enim
668 5677 815 5724 tanta
844 5675 1101 5742 praeditus
1140 5676 1414 5746 sapientia
1439 5678 1732 5749 quisquam
1762 5683 1906 5739 alius
1942 5683 2066 5742 fuit.

572 5758 712 5814 And.
743 5759 933 5830 Nemo,
966 5764 1264 5822 dummodo
1287 5778 1432 5824 recte
1458 5772 1654 5841 sapiat,
1692 5774 1805 5830 haec
1833 5775 1993 5833 dicet.

576 5849 727 5912 Pius.
760 5851 873 5911 Nec
904 5858 1067 5914 etiam
1097 5858 1211 5926 ipsa
1246 5862 1536 5939 synodus?

2232 595 2555 666 ἐφρόνησεν,
2611 602 2729 663 πῶς
2780 602 3125 673 ἐτεροδὸξους
3166 606 3377 675 τούτους
3413 612 3622 672 καλεῖτε.
3652 619 3724 669 καὶ

2228 685 2640 758 Λατινόφρονας
2682 731 2697 757 ,
2726 693 2849 755 τοὺς
2888 694 2954 746 τὰ
3003 695 3097 763 τῆς
3130 695 3483 769 ’Δνατολικῆς,
3510 703 3597 763 καὶ
3620 703 3724 771 ὑμε-

2221 777 2408 847 τέρας,
2442 782 2546 835 κὶν
2607 783 2685 855 μὴ
2728 783 2942 854 θέλητε,
2998 786 3319 860 Ἐκκλησίας
3364 794 3723 867 φρονήσανταςς

2301 1051 2464 1108 Ῥακ.
2504 1055 2681 1118 Πᾶσα,
2717 1055 2790 1119 ὡς
2843 1057 3000 1125 ἔφης,
3056 1058 3090 1128 ἡ
3118 1056 3428 1130 ’Λνατολικὴ
3480 1059 3717 1132 Ἐκκλησία

2220 1145 2289 1198 τὰ
2336 1146 2434 1218 τῆς
2486 1147 2708 1201 συνόδου
2746 1148 2843 1201 καὶ
2886 1149 2998 1211 τῶν
3026 1149 3274 1207 Λατίνων
3305 1151 3612 1223 ἐφρόνησαν.
3648 1154 3719 1207 Καὶ

2218 1239 2271 1293 οἱ
2297 1239 2507 1294 δώδεκα
2550 1241 2880 1313 ἐφρόνησαν,
2912 1243 2988 1305 ὡς
3021 1243 3185 1311 αὐτή,
3218 1241 3307 1296 Διδ
3337 1244 3426 1298 καὶ
3449 1245 3725 1317 Λατινόφροο

2217 1350 2314 1395 νας
2345 1332 2568 1396 τούτους
2602 1334 3012 1404 ἀποκαλούμεν.

2288 1426 2440 1481 Εὐλ.
2481 1426 2556 1481 Ού
2601 1426 2686 1481 δεῖ
2740 1428 2881 1483 κατὰ
2928 1429 3140 1483 δίκαιον
3187 1428 3349 1500 λόγον
3395 1428 3517 1495 τοὺς
3568 1428 3729 1483 δώδεκα

2217 1517 2384 1585 ἱερεῖς
2436 1515 2739 1574 ἀποκαλεῖν
2795 1520 3211 1594 Λατινόφρονας
3268 1518 3463 1592 μόνον,
3501 1519 3624 1574 ἀλλὰ
3661 1520 3729 1575 καὶ

2214 1609 2386 1683 αὐτὴν
2417 1612 2603 1667 πᾶσαν
2660 1611 2761 1685 τὴν
2792 1611 3150 1687 ’Δνατολικὴν
3187 1614 3517 1686 Ἐκκλησίαν
3539 1629 3553 1644 ·
3583 1613 3732 1683 ἐπειδὴ

2215 1702 2411 1773 πρώτη
2443 1703 2633 1775 εκείνη
2675 1703 2746 1757 τὰ
2787 1702 2899 1757 τῶν
2941 1705 3188 1761 Λατίνων
3220 1706 3483 1778 ἐφρόνησε
3505 1748 3520 1773 ,
3554 1704 3732 1764 τούτους

2211 1793 2268 1848 δὲ
2329 1795 2470 1864 μετὰ
2509 1797 2686 1856 ταῦτα
2722 1795 3057 1866 ἀποκαλεῖν,
3108 1794 3182 1863 ῶς
3239 1798 3423 1869 ἐκείνῃ
3483 1795 3737 1866 ἀκολουθή-

2217 1902 2438 1953 σαντας.

2295 1978 2454 2039 Ῥακ.
2495 1980 2693 2044 Καλῶς
2729 1980 2928 2048 λέγεις.
2965 1982 3165 2052 Ἦμεῖς
3194 1982 3309 2054 γὰρ
3330 1983 3427 2047 καὶ
3452 1980 3581 2054 αὐτῇ
3605 1983 3739 2048 ἐγκα-

2211 2071 2434 2142 λοῦμεν,
2476 2073 2551 2138 ὡς
2600 2073 3008 2147 δυσσεόησάσῃ,
3048 2077 3147 2128 καὶ
3188 2076 3425 2142 τούτοις,
3479 2074 3551 2137 ὡς
3597 2072 3762 2142 ἐκείνῃ,

2206 2166 2435 2238 ἀμαθῶς
2466 2167 2942 2238 δξακολουθήσασι.
2968 2166 3132 2221 Ὅθεν
3159 2167 3563 2238 Λατινόφρονας
3589 2164 3740 2219 κάκεί-

2206 2275 2329 2323 νους
2362 2258 2458 2313 καὶ
2488 2258 2711 2326 τούτους
2739 2259 3147 2330 ἀπκαλοῦμεν.

2271 2443 2395 2494 Δικ.
2434 2439 2624 2504 ’Ὶλεως
2655 2438 2816 2506 γενοῦ
2857 2455 2969 2509 μοι,
3028 2437 3153 2508 Θεὲ,
3215 2441 3478 2495 ἀκούοντι
3530 2436 3743 2525 ἀσεδείας

2200 2530 2482 2597 τοιαύτας.
3324 2530 3335 2543 ”

2269 2627 2423 2680 Εὑλ.
2474 2624 2590 2679 Οὐκ
2628 2618 2723 2680 οὖν
2776 2622 3031 2694 ἐγκαλεῖς
3064 2629 3167 2682 καὶ
3198 2630 3267 2703 τῇ
3302 2626 3620 2696 ’Λνατολικῇ
3654 2620 3749 2676 Ἐκ-

2197 2719 2401 2792 κλησίᾳ
2428 2717 2502 2784 ὡς
2534 2720 3097 2796 Λατινοφρονησὰσῃ;
3199 2722 3202 2725 ’

2281 2811 2447 2873 Ῥακ.
2505 2814 2652 2881 Ναὶ,
2731 2813 3075 2886 ἐγκαλοῦμεν
3105 2816 3243 2888 αὐτῇ
3273 2857 3290 2885 ,
3346 2815 3533 2881 καθὼς
3582 2811 3749 2884 ἀρτίως

2197 2902 2465 2973 ἤκουσας.
2500 2904 2727 2977 Ἐπειδὴ
2778 2904 2848 2959 τὰ
2901 2905 3011 2960 τῶν
3066 2906 3321 2963 Λατίνων
3380 2907 3631 2977 ἐδέξατο,
3679 2903 3753 2959 καὶ

2198 2994 2445 3067 ἐκύρωσε
2476 2996 2747 3064 δόγματα.

2279 3090 2433 3160 Ἀκρ.
2477 3091 2568 3144 Ἐν
2606 3095 2875 3165 πεισμονῇ
2907 3092 2935 3146 ό
2976 3092 3168 3164 Πατὴρ
3199 3094 3545 3165 διαλέγεται.

2264 3181 2415 3235 Εὺλ.
2456 3179 2518 3235 ΕΞ
2546 3177 2640 3236 οὗν
2668 3185 2701 3253 ἠ
2734 3181 3060 3257 Ἀνατολικὴ
3102 3185 3408 3255 Ἐκκλησία
3434 3186 3505 3240 τὰ
3540 3185 3646 3239 τῶν
3671 3183 3752 3237 Λα-

2197 3271 2360 3326 τίνων
2387 3272 2609 3346 ἔστερξε
2656 3276 2796 3330 κατὰ
2823 3275 2905 3343 σὲ,
2941 3278 3041 3348 μία
3072 3279 3215 3353 μετὰ
3241 3279 3347 3353 τῆς
3380 3281 3621 3351 Δυτικῆς
3647 3278 3746 3348 ὲγὲ·

2194 3384 2334 3435 νετο,
2388 3370 2486 3421 καὶ
2521 3370 2693 3434 οὐδεὶς
2727 3371 2968 3441 ἀντερεῖ.
3001 3373 3175 3428 Τοῦτο
3204 3378 3318 3449 γὰρ
3348 3380 3448 3433 καὶ
3472 3379 3535 3432 τὸ
3570 3377 3745 3448 Σύμϐο-

2192 3461 2285 3514 λον
2318 3460 2480 3530 ἁξιοῖ,
2524 3463 2654 3534 μίαν
2695 3464 2807 3518 δεῖν
2841 3462 2984 3529 εἶναι
3040 3468 3141 3538 τὴν
3188 3471 3508 3544 καθολικὴν
3556 3472 3756 3540 Ἐκκλη-

2195 3553 2339 3607 σίαν.
2369 3553 2436 3609 Ei
2468 3552 2523 3609 δὲ
2558 3554 2656 3625 μία
2684 3557 2739 3609 αἱ
2785 3558 2880 3611 δύο
2910 3559 3176 3628 γεγόνασι
3209 3562 3279 3636 τῇ
3308 3582 3373 3621 τε
3405 3563 3538 3639 δόξῃ
3577 3567 3668 3620 καὶ
3701 3559 3758 3631 τῷ

2199 3648 2536 3720 φρονήματι,
2566 3649 2663 3705 καὶ
2687 3649 2832 3722 αὕτη
2882 3652 2916 3723 ἡ
2945 3655 3044 3723 μία
3089 3654 3402 3730 Ἐκκλησία
3429 3662 3464 3731 ἡ
3517 3659 3579 3726 ἐξ
3611 3660 3761 3731 ἀμφο-

2178 3737 2367 3808 τέρων
2404 3739 2673 3807 γλωσσῶν
2724 3739 2824 3810 μία
2851 3743 3241 3815 κηρυττομὲνη
3269 3787 3288 3810 ,
3328 3748 3640 3821 ἐπλανήθη,
3673 3745 3755 3801 καὶ

2190 3830 2539 3902 ἐτεροδόξησε
2582 3829 2722 3915 κατὰ
2775 3833 2857 3900 σὲ,
2905 3834 3035 3889 ποία
3083 3836 3221 3907 ἄλλη
3266 3840 3588 3915 Ἐκκλησία
3621 3842 3757 3897 ἐστὶν

2189 3916 2224 3986 ἡ
2255 3916 2558 3986 ὀρθόδοξος,
2588 3912 2623 3991 ᾗ
2654 3918 2721 3973 σὺ
2751 3919 3199 3993 ὲξακολουσθεῖς;
3251 3929 3373 3985 Καὶ
3423 3912 3513 3998 τίς
3558 3933 3656 4005 μὲν
3678 3935 3761 4001 τὴν

2186 4007 2373 4064 πίστιν
2410 4011 2653 4066 διδάσκει
2685 4019 2783 4079 σε;
2846 4014 2960 4068 1Ῑοῦ
3009 4016 3066 4071 δὲ
3099 4017 3322 4087 ἔμεινεν
3380 4026 3416 4096 ἡ
3462 4026 3577 4084 τῶν
3623 4026 3762 4099 Γραι-

2188 4103 2302 4156 κῶν
2328 4105 2514 4169 πίστις
2541 4124 2601 4160 τε
2634 4108 2730 4162 καὶ
2757 4108 3030 4181 θρησκεία
3058 4129 3074 4178 ;
3106 4113 3246 4184 Ποία
3274 4114 3349 4170 δὲ’
3378 4119 3681 4191 Ἐκκλησία
3710 4117 3762 4171 σὺ

2189 4192 2288 4264 τὴν
2323 4195 2475 4263 αἰδῶ,
2515 4198 2798 4272 ὑποταγήν
2857 4220 2917 4256 τε
2953 4205 3046 4259 καὶ⁸
3096 4207 3402 4267 εὐλάϐειαν
3436 4213 3761 4285 ἀπονέμειςῖ

2187 4285 2284 4338 καὶ
2317 4285 2379 4339 τὸ
2427 4287 2716 4379 βάπτισμα
2771 4295 3163 4373 ἀπολαμσάνῃ,
3197 4304 3296 4359 καὶ
3341 4306 3415 4361 τὰ
3454 4312 3760 4379 μυστήριας

2269 4376 2439 4435 Ῥακ.
2485 4383 2574 4437 Ἐν
2624 4378 2670 4455 ᾧ
2718 4387 2783 4440 ἂν
2841 4390 3118 4465 ἀνθρώπῳ
3163 4395 3196 4465 ἡ
3250 4376 3550 4469 spondeo;
3600 4376 3763 4462 am.

2187 4469 2449 4545 ἑμμείνῃ,
2486 4474 2665 4548 τούτῳ
2704 4479 2952 4544 εὐλαϐῶς
2983 4484 3265 4556 ὑποταγὴν
3302 4494 3407 4545 καὶ
3444 4495 3587 4549 αἰδὼ
3629 4495 3766 4549 δίδωο
3796 4549 3800 4551 Α

2105 4579 2156 4640 D
2188 4584 2272 4637 μι,
2329 4568 2426 4621 καὶ
2482 4567 2803 4626 διδάσκαλον
2832 4575 2996 4630 αὐτὸν
3028 4581 3125 4633 καὶ
3158 4578 3508 4655 Ἐκκλησίαν
3540 4589 3763 4658 κατέχω.

2259 4658 2423 4728 Ἀκρ.
2468 4661 2641 4717 Τοῦτο
2667 4664 2771 4727 ἓως
2813 4667 2912 4720 καὶ
2946 4666 3040 4722 νῦν
3078 4672 3177 4725 οὐκ
3206 4675 3492 4750 ἠκούσθη.

2256 4743 2407 4808 Εὐλ.
2442 4755 2550 4808 Καὶ
2577 4756 2661 4818 τίς
2701 4756 2919 4827 ἔμεινεν
2949 4762 3006 4815 ὲν
3032 4760 3097 4835 τῇ
3131 4764 3241 4820 τῶν
3265 4743 3543 4839 Γραικῶν
3576 4775 3764 4839 πίστει,

2180 4837 2224 4911 ᾧ
2262 4843 2325 4897 σὺ
2368 4844 2465 4917 τὴν
2497 4847 2788 4903 εὐλάϐειαν
2823 4853 3133 4922 ἀποδίδωςς

2265 4936 2431 4992 Ῥακ.
2463 4937 2632 4994 Εἷπόν
2666 4959 2768 5007 σοι,
2807 4943 2887 4997 ὅτι
2919 4945 3080 5015 μόνος
3127 4950 3155 5002 ό
3197 4948 3445 5020 Ἐφέσου
3481 4958 3769 5031 ἀρχιερεὺς

2180 5028 2397 5098 ἔμεινεν
2423 5032 2479 5083 ἐν
2510 5035 2576 5103 τῇ
2606 5032 2874 5105 ὀρθοδόξῳ
2905 5037 3110 5107 πίστει,
3149 5035 3192 5110 ᾧ
3229 5028 3665 5121 ὗποτάσσομαι,
3689 5050 3769 5103 καὶ

2178 5124 2504 5179 διδάσκαλον
2536 5127 2665 5197 ἔχω.

2249 5219 2403 5274 Εὐλ.
2437 5215 2608 5273 Εἷπόν
2641 5239 2723 5275 σοι
2767 5224 2942 5292 κάγὼ,
2974 5229 3056 5281 ὅτι
3079 5229 3147 5287 ού.
3170 5229 3254 5284 δεῖ
3286 5231 3370 5302 τῷ
3398 5226 3489 5289 ἑνὶ
3516 5237 3769 5301 ἕπεσθαι,

2176 5310 2315 5363 ἀλλὰ
2344 5310 2461 5375 τοῖς
2511 5311 2746 5375 πολλοῖς.
2806 5316 3009 5385 Πρῶτα
3061 5318 3182 5388 μὲν,
3219 5323 3303 5375 ὅτι
3349 5318 3440 5391 εἷς
3485 5328 3774 5400 ἄνθρωπος

2175 5403 2237 5456 οὐ
2301 5406 2444 5457 ποιεί
2490 5403 2843 5475 Ἐκκλησίιψ
2881 5411 3074 5463 ἔπειτα
3145 5412 3222 5482 δὲ,
3265 5415 3351 5468 ὅτι
3411 5419 3774 5490 δεισιδαίμων

2175 5494 2271 5549 καὶ
2312 5500 2663 5567 σεσεισμένος
2699 5501 2791 5554 τὸν
2841 5502 2964 5554 νοῦν
3002 5505 3210 5568 ἐκεῖνος
3239 5507 3529 5582 ὑπῆρχεν.

2258 5590 2423 5645 Ῥακ.
2469 5591 2553 5663 Μὴ
2597 5594 2925 5663 συκοφάντει
2956 5597 3046 5651 τὸν
3100 5599 3245 5652 θεῖον
3293 5601 3485 5671 ἄνδρα
3534 5606 3766 5661 ἐκεῖνον.

2173 5680 2354 5737 Πλείω
2390 5684 2498 5752 γὰρ
2532 5684 2641 5737 τῶν
2681 5685 2857 5738 ἄλλων
2892 5688 3100 5750 ἐκεῖνος
3154 5690 3399 5758 ἐφρόνει.

2257 5777 2417 5842 Ἀκρ.
2452 5777 2640 5835 Οὐδεὶς
2670 5775 2730 5829 εὖ
2766 5781 2980 5849 φρονῶν
3006 5782 3150 5836 εἴποι
3184 5787 3362 5840 τοῦτο.

2244 5874 2388 5931 Εὐλ.
2429 5873 2605 5927 metm
2653 5888 2747 5947 της
2788 5875 3005 5931 συνόδου
3038 5878 3259 5949 πάσηςς
