4028 6402
268 412 378 475 εἷδό

1227 427 1731 494 DISCEPTATIO
1774 435 1922 496 PRO
1943 439 2156 502 CONC.
2190 443 2595 516 FLOREN'I‘.I

3411 451 3518 513 996

270 530 409 632 peti
448 529 503 582 δὲ
532 529 630 600 τὴν
665 531 722 592 ἐς
759 534 1334 596 Κωνσταντινοὺπολτν
1362 546 1543 599 αὑτῶν
1570 548 1836 604 ἐπάνοδον

1943 570 2090 620 sunt.
2144 569 2200 615 et
2245 561 2697 632 subscripserunt
2727 579 2743 629 ;
2773 572 2897 632 post
2949 580 3079 618 vero
3119 562 3519 620 Constantino-

265 621 569 694 διαρρήδην
602 627 775 697 ἐφάνη
802 631 915 695 τοῖς
953 634 1122 688 πᾶσιν
1153 637 1187 706 ἠ
1220 637 1402 692 αὐτῶν
1435 640 1656 712 γνώμη,
1679 643 1842 696 ὁποία

269 712 366 788 ἦν.
412 717 641 786 Ἔλεγον
683 723 792 792 γὰρ
829 725 858 778 δ
913 726 1035 796 μιν,
1072 746 1093 780 ε
1139 730 1510 803 Συνηρπάγην
1564 736 1700 800 ἐκεῖ,
1749 741 1844 792 καὶ

280 809 530 880 ὑπέκυψα
561 813 638 885 τῷ
667 815 1008 891 Λατινισμῷ,
1052 822 1148 876 καὶ
1177 824 1274 880 νῦν
1323 827 1590 896 μετανοῶ.
1639 830 1844 895 Κακῶς

285 904 649 994 γάρνέποίησα
672 924 686 940 ⁸
737 929 756 962 a
793 913 821 965 δ
853 911 931 975 δὲ,
965 932 984 967 ε
1041 915 1110 969 'll
1141 918 1262 988 χείρ
1307 921 1410 990 μού
1453 923 1603 976 ἔστιν
1633 925 1668 994 ἡ
1705 925 1843 979 ὑπο-

280 993 554 1063 γράψασα.
597 999 897 1072 Ἐκκόψατε
925 1005 1119 1078 αὑτὴν,
1145 1009 1228 1064 ὅτι
1258 1014 1444 1077 κακῶς
1471 1017 1777 1089 ὑπέγραψε.
1815 1038 1835 1072 ι

271 1088 383 1142 Καὶ
425 1091 598 1161 τούτῳ
625 1093 706 1165 τῷ
756 1096 945 1168 τρόπῳ
975 1100 1024 1154 oi
1062 1102 1314 1169 πλείονες
1367 1106 1576 1176 ελεγον.
1621 1088 1844 1166 Οὐκοῦν

268 1180 494 1234 σύνοδον
529 1184 668 1250 μετα
716 1186 902 1256 δώρων
930 1190 1325 1265 λυμηναμὲνην
1352 1199 1480 1264 τοὺς
1532 1201 1714 1268 ίεροὺς
1747 1203 1841 1258 ἄν·

265 1270 427 1340 δρας,
476 1273 554 1325 ἔτι
603 1277 701 1329 καὶ
749 1276 844 1348 βίᾳ.
896 1282 1206 1353 ποιήσασαν
1251 1288 1450 1354 αὐτοὺς
1497 1290 1839 1364 omnis“.

269 1365 405 1430 ἡμῖν
436 1365 536 1420 οὑκ
564 1367 774 1434 ἔξεστιν
799 1372 1192 1441 ὑποδέξασθαι,
1213 1381 1308 1436 xal.
1331 1382 1555 1452 μᾶλλον,
1583 1386 1659 1449 ὡς
1680 1386 1840 1456 εφην,

267 1457 317 1507 oi
367 1458 484 1510 ἐκεῖ
531 1461 948 1534 ὑπογράψαντες
991 1465 1096 1524 ὧδε
1131 1474 1394 1529 τάναντία
1424 1477 1561 1547 αὑτῇ
1597 1479 1840 1546 λέγουσι.

281 1549 343 1601 '0
387 1551 434 1602 δ’
477 1552 702 1622 Ἑφέσου
733 1559 796 1612 οὑ
832 1561 996 1627 μόνον
1029 1565 1129 1636 οὑχ
1169 1567 1508 1638 ὑπέγραψεν,
1559 1571 1699 1626 ἀλλὰ
1747 1572 1842 1626 καὶ

271 1643 448 1696 ἐλθὼν
487 1647 543 1710 ις
575 1649 1177 1723 Κωνσταντινοὺπολιν,
1221 1660 1514 1726 δπιστολάς
1547 1665 1643 1718 καὶ
1674 1667 1842 1733 κεφά-

271 1735 402 1788 λαια
437 1739 578 1793 κατά
604 1744 700 1811 τῆς
737 1746 959 1800 συνόδου
1003 1751 1099 1804 καὶ
1144 1752 1282 1815 τῶντ
1301 1755 1550 1809 Λατίνων
1581 1757 1840 1824 ὶξέδωκε.

274 1827 400 1891 Πῶς
423 1826 518 1884 οὗν
545 1833 698 1903 ἡμεῖς
731 1839 1026 1911 στέρξομεν
1057 1842 1297 1912 σύνοδον,
1319 1847 1388 1919 ἢν
1416 1848 1572 1902 αὐτοὶ
1609 1851 1659 1904 oi
1715 1866 1841 1904 συν-

265 1919 546 1990 τιθέμενοι
576 1925 976 1986 ἀποϐάλλουσιν
998 1949 1015 2000 ς

345 2194 490 2247 BM.
536 2194 679 2264 Ἐγώ
730 2215 812 2253 σοι
856 2200 950 2255 καὶ
1003 2203 1160 2258 τοῦτο
1186 2207 1548 2279 καθαρώτατα
1567 2211 1840 2286 διασαφηη

273 2285 422 2347 νίσω,
454 2290 548 2341 καὶ
585 2293 725 2359 μετά
766 2294 948 2365 πάτης
979 2298 1237 2365 ἀληθείας
1265 2302 1325 2354 τὸ
1353 2306 1588 2374 πρᾶγμά
1611 2323 1692 2360 σοι
1721 2285 1840 2378 διη-

275 2380 538 2451 τήσομαι.
586 2384 650 2437 Ei
685 2387 785 2455 μιν
819 2389 1173 2464 σκανδαλίζῃ,
1209 2393 1292 2448 δτι
1327 2396 1479 2468 δῶρα
1505 2399 1764 2464 λαϐὁντες
1789 2403 1840 2455 ei.

273 2473 516 2545 Πατέρες
547 2476 896 2550 ὑπέγραψαν,
928 2481 1088 2539 τοῦτο
1112 2487 1174 2540 οὑ
1217 2486 1301 2542 δεῖ
1325 2505 1385 2543 σε
1417 2493 1728 2561 ταράττειν.
1762 2495 1838 2548 Οὑ

269 2566 381 2638 γὰρ
428 2571 590 2635 μόνον
633 2574 690 2626 ὲν
720 2575 798 2644 τῷ
833 2576 975 2632 τέλει
1007 2581 1108 2651 τῆς
1154 2583 1373 2638 συνόδου
1407 2585 1534 2650 τοὺς
1562 2587 1840 2659 στατῆρας

265 2662 467 2717 ἔλαϐον
509 2669 558 2720 oi
593 2667 859 2740 Πατίρες,
889 2671 1144 2738 οὕστινας
1178 2676 1243 2733 σὺ
1279 2676 1434 2748 δῶρα
1484 2679 1706 2744 καλεῖςδ
1743 2681 1841 2735 καὶ

261 2755 380 2826 γὰρ
422 2757 563 2810 κατά
609 2759 816 2814 δίκαιον
847 2762 1008 2831 λόγον
1038 2767 1102 2820 οὑ
1127 2765 1300 2838 δῶρα,
1322 2767 1462 2823 ἀλλά
1493 2770 1840 2840 προμήθειαν

261 2848 378 2901 τῶν
422 2851 641 2920 τροφῶν
669 2851 852 2906 αὑτῶν
894 2855 1084 2910 ῑνεκεν
1115 2858 1259 2914 εῐποι
1291 2875 1376 2924 τις
1408 2859 1476 2915 ἄν
1496 2877 1510 2894 °
1539 2861 1599 2916 οὑ
1625 2863 1735 2932 γὰρ
1761 2860 1837 2916 εῖ-

265 2957 366 3010 χον
413 2943 613 2996 ἐκεῖνοι
659 2947 837 2999 ποιεῖν
893 2947 1289 3017 τάναλώματα,
1321 2951 1580 3008 ἀπελθεῖν
1609 2953 1664 3018 ῖς
1706 2953 1839 3008 ἰτα-

261 3036 388 3088 λίαν
421 3035 531 3089 ἀπὸ
560 3036 714 3108 ἡλίου
735 3039 1063 3096 Ἀνατολῶν.
1100 3042 1338 3114 Πένητες
1371 3044 1476 3114 γὰρ
1505 3040 1746 3116 ἧσαν.Ἦ
1773 3047 1837 3100 οὑ

264 3126 614 3196 γινώσκομεν
640 3131 740 3195 τὰς
775 3132 1084 3197 ῖπισκοπάς
1118 3151 1174 3189 τε
1212 3136 1308 3190 καὶ
1339 3138 1705 3209 μητροπόλεις
1736 3138 1838 3210 τῆς

277 3220 574 3288 ’Δνατολῆς
635 3223 671 3277 ἅ

1948 651 2114 724 polim
2165 654 2400 710 reditum
2443 656 2616 725 palam
2665 658 2926 712 omnibus
2993 673 3184 711 eorum
3215 659 3517 720 sententia,

1947 747 2129 820 qualis
2158 756 2329 814 esset,
2351 747 2612 803 innotuit.
2631 745 2877 820 Namque
2895 766 2959 804 ex
2992 751 3077 806 his
3095 750 3237 805 alius
3257 749 3470 806 dicebat
3499 768 3514 805 :

1950 860 1968 894 ε
2006 841 2084 897 lbi
2120 841 2386 898 seductus
2430 857 2576 908 sum,
2601 850 2652 896 et
2719 839 3031 897 Latinismu
3072 843 3399 910 subscripsi,
3463 854 3520 900 et

1945 951 2093 990 nunc
2125 950 2210 991 me
2235 934 2362 992 laeti
2395 935 2620 1004 paenitet
2651 934 2937 1003 ;iutprobe
2958 935 3103 990 enim
3134 936 3241 1002 egi.
3275 953 3294 986 ι
3338 935 3515 1000 Alius,

1952 1028 2176 1084 «Manus
2226 1043 2345 1083 mea
2370 1038 2480 1093 est,
2508 1043 2632 1099 qua
2655 1027 3007 1097 subscripsit,
3043 1029 3313 1085 abscidite
3341 1028 3511 1092 illam,

1944 1137 2068 1192 qua:
2111 1120 2322 1177 nefarie
2339 1120 2723 1190 subscripsit.»
2768 1119 2834 1176 Et
2867 1121 2968 1176 bas
2990 1122 3275 1192 potissima
3323 1137 3512 1176 eorum

1942 1230 2072 1286 pars
2127 1215 2274 1271 hunc
2325 1215 2382 1270 in
2432 1215 2656 1270 modum
2696 1231 2858 1270 Voces
2918 1215 3269 1282 conjiciebat.
3333 1215 3514 1284 Quare

1942 1307 2235 1373 synodum,
2292 1323 2415 1378 quae
2469 1306 2790 1363 muneribus
2840 1322 3034 1364 sacros
3078 1310 3227 1363 viros
3286 1306 3518 1375 decepe-

1943 1407 2049 1465 rat,
2106 1398 2188 1455 vel
2222 1398 2455 1455 vietiam
2496 1399 2720 1455 eosdem
2748 1407 3004 1465 coegerat
3044 1401 3112 1454 ad
3154 1399 3518 1456 subscribetk

1944 1491 2095 1556 dmn,
2155 1489 2299 1546 baud
2349 1489 2433 1546 fas
2472 1498 2558 1547 est
2615 1491 2773 1547 nobis
2832 1491 3104 1560 accipere,
3160 1499 3216 1546 et
3241 1491 3518 1562 praecipue

1941 1596 2068 1637 cum
2124 1581 2310 1652 quiin
2341 1597 2404 1638 ea
2465 1583 2920 1654 subscripserunt
2955 1583 3107 1638 hisce
3154 1581 3209 1637 iu
3265 1583 3518 1652 partibus

1941 1673 2021 1728 illi
2051 1675 2331 1730 contraria
2388 1686 2726 1732 asseverant.
2754 1675 3023 1746 Ephesius
3066 1690 3200 1730 vero
3233 1690 3340 1730 non
3399 1685 3517 1729 tan-

1945 1777 2058 1824 tum
2148 1784 2254 1823 non
2311 1769 2661 1839 subscripsit,
2728 1770 2910 1826 sedet
2981 1768 3518 1838 Constantinopolim

1945 1861 2212 1918 accedens
2278 1861 2544 1932 epistolas
2598 1869 2655 1917 et
2713 1862 2888 1930 capita
2936 1861 3202 1917 adversus
3249 1845 3519 1933 synodum

1873 1928 1916 1985 Β
1943 1954 2283 2024 Latinosque
2315 1928 2489 2026 ’ipsos
2525 1928 2847 2024 publicavit.
2881 1953 3170 2022 Quomodo
3201 1928 3391 2020 itaque
3421 1969 3522 2006 nos

1942 2063 2061 2100 eam
2099 2053 2368 2117 synodum
2425 2049 2847 2117 amplectentur,
2912 2063 3078 2118 quam
3117 2046 3244 2118 ipsi,
3277 2046 3371 2117 qtti
3401 2062 3521 2100 eam

1942 2128 2234 2203 fecerunt,
2275 2139 2534 2208 rejiciunt
2569 2136 2594 2190 ?

2015 2233 2169 2290 Pius.
2241 2233 2416 2290 Etiam
2470 2235 2574 2290 hoc
2624 2235 2722 2290 tibi
2763 2234 3076 2291 clarissime
3127 2233 3402 2300 enodabo,
3465 2245 3522 2290 et

1941 2329 2397 2399 quanwerissime
2462 2346 2574 2383 rem
2659 2329 2936 2395 narrabo;
3001 2343 3124 2384 nam
3176 2328 3221 2386 si
3281 2327 3519 2384 scanda-

1945 2422 2055 2476 lum
2114 2423 2344 2490 pateris,
2403 2421 2553 2492 quod
2615 2423 2940 2478 muneribus
3003 2421 3249 2491 acceptis
3330 2419 3522 2475 Patres

1943 2518 2418 2584 subscripserunt,
2471 2533 2540 2572 ne
2601 2516 2840 2571 turberis
2897 2519 3108 2570 animo.
3155 2515 3343 2586 Neque
3370 2515 3520 2569 enim

1944 2608 2193 2664 absoluta
2235 2609 2450 2680 synodo
2507 2617 2718 2664 tantum
2757 2617 2996 2665 stateras
3057 2609 3248 2665 Patres
3299 2623 3524 2676 accepi--

1946 2708 2094 2761 runt.
2147 2717 2271 2773 qua:
2327 2713 2384 2756 tu
2436 2717 2664 2758 munera
2725 2716 2891 2757 vocas
2931 2719 2948 2769 ;
2986 2718 3227 2773 namque
3292 2706 3339 2761 si
3401 2703 3524 2774 quis

1938 2792 2088 2861 juste
2123 2806 2188 2847 ac
2230 2801 2378 2848 recte
2428 2792 2576 2863 loqui
2637 2801 2808 2858 amat,
2836 2807 2934 2848 eos
2962 2808 3069 2848 non
3127 2810 3382 2856 munera.
3421 2794 3520 2850 sed

1945 2883 2318 2954 provisionem
2359 2885 2863 2954 comparandorum
2917 2886 3316 2942 alimentorum
3351 2903 3521 2942 causa

1947 2976 2292 3046 appellabit;
2331 2993 2510 3048 neque
2563 2976 2713 3032 enim
2764 2985 2926 3035 erant
2980 2978 3090 3034 illis
3134 2993 3392 3048 expensre
3453 2981 3523 3036 ad

1944 3069 2272 3125 veniendum
2297 3085 2364 3125 ex
2403 3069 2524 3140 ipso
2567 3079 2694 3125 ortu
2722 3070 2858 3126 solis
2903 3071 2956 3125 in
3005 3068 3240 3126 Italiam.
3299 3071 3517 3142 Paupe-

1946 3179 2034 3221 res
2083 3165 2230 3220 enim
2274 3171 2459 3220 erant.
2515 3165 2716 3220 Annon
2772 3165 2986 3221 scimus
3049 3166 3405 3237 episcopatus
3450 3183 3521 3222 ac

682 3223 881 3295 πάσης,
926 3228 1008 3280 ὅτι
1060 3229 1390 3285 πενίαταταί
1440 3233 1586 3299 είσι;
1616 3237 1838 3310 Ταύτην

1947 3255 2283 3326 metropoles
2328 3255 2500 3311 totius
2542 3251 2789 3312 Orientis
2823 3223 3208 3326 paupertatem
3243 3223 3353 3309 una
3393 3272 3522 3323 pcr-

264 3314 379 3385 γάρ
429 3316 834 3382 προύϐάλλοντο
883 3320 982 3391 τὴν
1037 3323 1316 3392 πρόφασιν
1345 3326 1394 3380 οῖ
1427 3327 1712 3399 ἡμέτεροι,
1757 3332 1840 3386 ὅτι

1949 3349 2094 3404 terre
2167 3348 2550 3418 gravissimam
2590 3349 2614 3402 ?
2654 3346 2815 3405 Hunc
2889 3349 3106 3406 scilicet
3186 3360 3516 3420 praetextum

277 3430 296 3461 ι
342 3410 456 3464 Οὐκ
497 3410 698 3481 ἔχομεν
731 3415 1063 3487 ἀναλώματα
1096 3419 1156 3485 ἑξ
1180 3421 1401 3477 οἰκείων
1421 3437 1440 3456 ⁸
1468 3423 1704 3498 πένητες
1730 3428 1842 3500 γάρ

277 3501 463 3569 ἐσμεν,
488 3503 746 3558 ἀπελθεῖν
774 3507 831 3569 ἐς
875 3507 1123 3562 Ἰταλίαν.
1158 3529 1176 3563 t
1212 3513 1312 3565 Διά
1335 3513 1497 3569 τοῦτο
1527 3517 1556 3570 δ
1584 3518 1842 3590 ἀοίδιμος

276 3590 477 3653 ἐκεῖνος
506 3594 602 3647 καὶ
632 3595 903 3666 μακάριος
933 3597 1012 3668 τῷ
1041 3600 1157 3653 δντι
1191 3601 1282 3655 καὶ
1317 3603 1462 3669 θεῖος
1490 3605 1652 3679 ἀνὴρ,
1676 3608 1843 3678 Εὑγί-

269 3705 381 3752 νιος
411 3688 611 3760 δηλαδὴ
641 3691 668 3744 δ
698 3692 797 3761 τῆς
829 3693 1211 3765 πρεσϐυτέρας
1264 3696 1488 3769 Ῥώμης
1521 3700 1839 3773 ἀρχιερεὺς,

263 3779 450 3832 πᾶσαν
483 3781 584 3848 τὴν
641 3783 905 3852 πρόσοδον
951 3784 1142 3850 αὑτοῦ,
1191 3789 1288 3842 καὶ
1319 3789 1382 3842 οὑ
1445 3791 1610 3859 μόνον
1643 3795 1838 3865 αὐτὴν,

259 3873 410 3926 ἀλλὰΔ
431 3877 528 3930 καὶ
551 3875 720 3946 σκεύη
755 3876 922 3931 αὑτοῦ
945 3879 1167 3950 ἀργυρᾶ
1194 3883 1289 3936 καὶ
1314 3885 1492 3954 χρυσᾶ
1519 3887 1843 3957 κατηνάλω-

267 3983 365 4020 σεν
391 3969 486 4022 ἀπὶ
513 3969 690 4042 τούτῳ
716 3971 795 4041 τῷ
832 3972 1001 4045 ἔργῳ,
1030 3976 1128 4029 καὶ
1155 3975 1471 4032 τελευταῖον
1498 3980 1600 4050 τὴν
1627 3982 1842 4053 μήτραν

268 4061 441 4114 αὑτοῦ
471 4063 720 4134 ἐνέχυρον
754 4064 924 4118 ἔδωκε
970 4068 1088 4130 τοῖς
1127 4069 1510 4142 Φλωρεντίοις,
1561 4076 1841 4146 τεσσαρά-

165 4192 167 4196 -
264 4173 437 4211 κοντα
489 4157 728 4226 χιλιάδας
778 4159 1066 4230 χρυσίνους
1103 4163 1238 4233 παρ’
1289 4165 1476 4218 αὑτῶν
1504 4166 1722 4221 δᾶνειον
1750 4168 1846 4223 λα·

259 4251 402 4312 ϐὼν.
458 4254 553 4306 καὶ
603 4253 888 4325 ὑπόχρεως
919 4253 1286 4324 δάγιώτατος
1335 4260 1544 4324 ἐκεῖνος
1599 4263 1840 4331 εγενετο,

171 4398 176 4404 ,
259 4348 353 4401 ἵνα
386 4347 462 4420 μὴ
497 4349 730 4420 γογγίσῃ
779 4365 864 4410 τις
905 4349 1014 4401 τῶν
1056 4348 1310 4420 Γραικῶν
1327 4351 1417 4406 διὰ
1445 4353 1506 4407 τὸ
1531 4356 1844 4427 σιτηρέσιον

230 4456 238 4506 ‘_
260 4440 454 4496 αὑτοῦ.
489 4442 626 4496 Ἀλλ’
651 4443 850 4497 ἐκεῖνοι
880 4441 961 4496 ἔτι
991 4441 1104 4496 τῶν
1130 4443 1408 4513 χρυσίνων
1437 4445 1608 4500 ὄντων
1638 4448 1699 4500 εν
1719 4451 1844 4512 ταῖς

257 4535 452 4608 χερσὶν
477 4535 659 4589 αὑτῶν
679 4537 1009 4592 κατελάλουν
1029 4534 1222 4604 αὑτοῦ,
1241 4535 1293 4589 oi
1314 4537 1630 4607 ἀχάριστοι,
1649 4537 1800 4600 ὥσπε
1807 4558 1841 4611 ρ

259 4629 358 4680 καὶ
389 4627 484 4682 νῦν
511 4628 593 4682 ἔτι
628 4627 894 4684 ποιοῦσιν.
930 4629 1261 4700 Πορεὺονται
1285 4630 1392 4701 γάρ
1421 4647 1569 4695 τινες
1601 4634 1719 4686 ἐκεῖ
1743 4633 1841 4704 ζη-

259 4722 484 4786 τοῦντες
528 4721 924 4793 ἐλεημοσύνην,
953 4721 1052 4776 καὶ
1098 4720 1347 4776 ελεοῦσιν
1380 4721 1580 4785 αὐτοὺς
1619 4725 1842 4794 πρῶτον

265 4817 295 4867 δ
319 4816 570 4880 πάππας,
618 4809 740 4868 εἷτα
790 4816 840 4868 οῖ
885 4814 1230 4886 καρδινωςεις
1248 4829 1266 4849 ·
1293 4813 1508 4869 ἀκεῖθεν
1537 4816 1596 4871 δὲ
1624 4817 1842 4890 ἐξερχό-

269 4921 438 4974 μενοι,
471 4905 663 4976 ὕϐρεις
691 4907 785 4958 καὶ
815 4904 1085 4977 λοιδορίας
1115 4904 1237 4959 κατ’
1265 4904 1449 4960 αὑτῶν
1477 4907 1842 4965 ἀναιδέστατα

261 4999 500 5070 χέουσιν.
525 4999 678 5054 Διατί
707 4996 820 5062 οὖν,
850 4997 972 5052 είπί
1000 5015 1112 5069 μοι,
1137 4998 1204 5051 τὰ
1229 4996 1472 5054 τοσαῦτα
1495 4999 1592 5054 καὶ
1614 5001 1843 5056 τοιαῦτα

255 5092 596 5163 ἀναλώματα
629 5091 1096 5163 προκατεϐἀ).ετο,
1145 5091 1242 5144 καὶ
1277 5090 1486 5160 ὑπέστη
1516 5093 1616 5164 τὴν
1641 5095 1842 5149 τοσαὺ-

251 5202 360 5256 την
413 5184 656 5254 ζημίαν;
691 5181 849 5246 Τίνος
895 5182 1122 5244 ἕνεκενς
1158 5183 1275 5236 Ἵνα
1317 5183 1561 5256 κερδήσῃ
1595 5185 1841 5253 ἐπίγειόν

247 5292 355 5343 τις
393 5275 462 5330 Ἢ
501 5277 589 5330 ἵνα
621 5275 759 5348 τύχῃ
793 5275 1040 5348 μείζονος
1078 5275 1434 5345 ἀξιώματοςς
1464 5277 1534 5330 ‘il
1562 5277 1648 5331 ῖνα
1678 5281 1838 5350 ﬂeti)-

249 5384 428 5421 σωσιν
462 5369 628 5422 αὑτὸν
657 5370 706 5422 οἱ
737 5368 966 5438 Γραικοὶ
1005 5367 1228 5438 μείζονα
1263 5370 1396 5439 παρ’
1425 5369 1454 5422 ὃ
1479 5364 1547 5442 ἦν
1573 5387 1587 5436 ;

1942 3441 2118 3499 nostri
2159 3441 2540 3512 proponebant
2579 3459 2593 3496 :
2635 3441 2776 3497 «Nos
2827 3458 2936 3498 non
2990 3443 3264 3498 habemus
3295 3459 3359 3497 ex
3395 3458 3525 3512 pro-
3635 3475 3653 3490 .

1943 3535 2078 3606 priis
2128 3550 2440 3604 expensas;
2475 3551 2654 3606 neque
2707 3535 2860 3589 enim
2911 3551 2940 3589 a
2989 3531 3221 3605 pecunia
3287 3537 3527 3602 perbene

1943 3626 2215 3688 valemus.
2275 3638 2335 3679 ut
2364 3624 2419 3679 in
2468 3623 2684 3678 Italiam
2737 3621 3191 3695 adnavigemusa
3229 3624 3354 3679 Ideo
3403 3641 3528 3694 per-

1941 3719 2174 3774 celebris
2204 3717 2316 3782 ille,
2349 3727 2406 3773 et
2432 3731 2562 3772 vere
2609 3717 2804 3774 beatus
2869 3728 2927 3773 et
2956 3717 3190 3773 divinus
3218 3717 3304 3772 vir
3349 3716 3525 3786 Euge-

1945 3813 2072 3868 nius
2105 3811 2347 3867 senioris
2375 3810 2566 3867 Romae
2622 3809 2826 3882 praesul
2857 3825 3052 3866 omnes
3096 3824 3234 3866 suos
3287 3807 3522 3870 reditus.

1945 3919 2050 3960 nec
2112 3920 2210 3959 eos
2255 3904 2460 3971 solum,
2510 3903 2606 3962 sed
2658 3912 2714 3958 et
2757 3902 3162 3974 supellectilem
3203 3911 3522 3972 argenteam

1942 4005 1998 4052 et
2049 4012 2272 4050 auream
2322 4011 2422 4064 pro
2457 3997 2564 4052 ltoc
2592 4011 2756 4066 opere
2795 3997 3170 4065 consumpsit,
3203 4002 3262 4051 et
3298 3995 3522 4050 tandem

1947 4091 2164 4144 mitram
2193 4105 2348 4146 suam
2373 4090 2754 4161 oppigneravit
2797 4087 3136 4146 Florentinis
3151 4089 3524 4161 quadraginta

1944 4198 2241 4237 aureorum
2313 4198 2600 4237 nummum
2631 4183 2878 4238 millibus
2930 4183 3196 4254 acceptis,
3258 4191 3312 4239 et
3365 4198 3529 4254 gran-

1943 4276 2065 4331 dem
2139 4277 2424 4348 pecuniam
2487 4276 2875 4333 sanctissimus
2920 4277 3013 4333 ille
3046 4277 3257 4342 debuit,
3302 4292 3370 4333 ne
3401 4277 3530 4346 quis

1944 4367 2268 4425 Graecorum
2300 4368 2516 4425 defectu
2578 4370 2840 4441 stipendii
2891 4371 3355 4425 obnmrmuraret.
3429 4369 3530 4422 Ve-

1945 4471 2256 4516 rumtamen
2293 4461 2396 4525 illi,
2446 4462 2530 4517 vel
2564 4471 2819 4517 tenentes
2870 4477 3130 4517 nummos
3169 4477 3365 4516 aureos
3416 4477 3528 4531 pra:

1950 4552 2224 4618 manibus,
2270 4552 2338 4608 de
2382 4568 2446 4608 eo
2477 4553 2676 4623 ingrati
2729 4552 3196 4622 obloquebantur,
3260 4554 3528 4623 quemad-

1947 4645 2168 4698 modum
2207 4660 2353 4701 nunc
2399 4660 2623 4715 quoque
2684 4645 2920 4700 faciunt.
2980 4644 3214 4712 Quidam
3271 4646 3417 4699 enim
3458 4663 3526 4699 co

1944 4736 2311 4808 eleemosynze
2344 4737 2736 4808 comparanda:
2773 4753 2942 4793 causa
2983 4737 3438 4806 proﬁciscuntur,
3468 4749 3526 4792 et

1945 4829 2013 4882 ab
2058 4828 2167 4885 illis
2240 4827 2309 4883 ad
2366 4829 2805 4884 miscricordiam
2862 4831 3160 4900 propensis
3228 4832 3527 4902 impetrant

1950 4925 2188 4990 primum
2236 4936 2265 4974 a
2323 4937 2489 4992 papa,
2550 4921 2756 4976 deinde
2818 4939 2846 4977 a
2908 4923 3340 4991 rardinalibus;
3401 4925 3530 4980 inde

1948 5016 2296 5084 postmodum
2357 5024 2627 5069 exeuntes
2662 5056 2678 5079 ,
2755 5015 2974 5083 injuriis
3031 5029 3096 5072 ac
3169 5017 3528 5073 contumeliis

1947 5107 2169 5161 eosdem
2209 5121 2373 5176 quau.
2405 5106 2882 5176 impudentissime
2928 5107 3310 5176 proscindunt.
3347 5109 3528 5174 Quare

1945 5211 2100 5266 ergo,
2163 5196 2252 5250 dic
2316 5199 2499 5265 sodes,
2562 5205 2642 5251 tot
2704 5206 2978 5268 tanta!qu
3019 5200 3290 5269 expensas
3340 5213 3528 5268 perso-

1947 5283 2075 5342 luta:
2131 5296 2306 5352 sunt,
2357 5296 2411 5344 et
2467 5297 2678 5344 tantum
2731 5289 2992 5346 damnum
3040 5306 3104 5346 ac
3135 5292 3525 5347 detrimentum

1948 5387 2235 5449 acceptum
2270 5381 2508 5436 ‘len‘are.
2569 5384 2651 5438 An
2702 5393 2762 5438 ut
2807 5383 3008 5439 terreni
3046 5384 3328 5455 quidpiam
3357 5383 3525 5438 lucri-

248 5463 628 5522 Iaceret?An_
651 5474 708 5518 ut
739 5462 1099 5533 ingentioretn
1136 5461 1467 5532 dignitatem
1526 5471 2028 5536 consequeretur?
2080 5471 2160 5527 An
2229 5481 2290 5527 ut
2341 5473 2518 5542 major
2577 5492 2742 5547 quam
2809 5486 2958 5532 esset
3012 5475 3081 5531 ab
3140 5475 3276 5548 ipsis
3320 5477 3526 5534 Graecis

250 5566 417 5618 ﬁeret
443 5561 468 5614 τ

339 5654 510 5710 Ῥωι.
539 5653 650 5709 Ναὶ
691 5654 779 5708 διὰ
819 5653 980 5708 τοῦτο
1008 5649 1240 5707 ὲκάλέσε
1271 5653 1397 5718 τοὺς
1424 5655 1721 5726 Γραικοὺς,
1749 5657 1838 5711 ῖνα

250 5748 427 5802 αὐτον
454 5744 852 5816 βεϐαιώσωσιν,
871 5747 952 5798 ὃτι
976 5745 1181 5808 ἱκανῶς
1204 5747 1351 5814 παρὰ
1376 5747 1472 5800 τοῦ
1508 5748 1838 5802 ἀντιπάππα

250 5840 577 5911 ἠνωχλεῖτο,
601 5842 694 5894 καὶ
727 5839 945 5902 σύνοδος
978 5839 1100 5892 κατ’
1128 5837 1294 5892 αὐτοῦ
1332 5839 1390 5891 ὲν
1429 5839 1686 5910 Βασιλεία
1717 5842 1839 5905 ὲγέο

249 5955 402 5994 sero.
439 5937 548 5990 Kal.
583 5937 631 5989 εἰ
664 5936 711 5988 οἱ
745 5933 1004 6005 ἡμέτεροι
1043 5933 1144 5986 οὑκ
1180 5932 1443 6004 ἀπῆλθον,
1475 5933 1834 6000 καταδικαζό-

2019 5656 2186 5713 Rnac.
2209 5658 2432 5716 Certum
2461 5670 2562 5726 est.
2595 5667 2882 5733 propterea
2916 5675 3254 5718 convocasse
3275 5659 3522 5730 Grzecos,

1947 5759 2007 5805 ut
2043 5752 2226 5822 ipsum
2287 5754 2733 5818 constabilirent,
2788 5770 2916 5808 cum
2969 5770 3074 5809 non
3129 5756 3403 5812 modicum
3456 5761 3527 5814 ab

1945 5844 2204 5913 antipapa
2241 5846 2522 5916 negotium
2556 5846 2938 5911 exhiberetur,
2966 5854 3036 5901 εει
3057 5852 3306 5919 synodus
3331 5859 3523 5906 contra

1944 5952 2069 5994 cum
2126 5935 2346 5995 Basilcat
2398 5937 2791 5997 celebraretur.
2853 5937 3010 6006 Quod
3069 5939 3114 5996 si
3174 5941 3352 5998 nostri
3407 5956 3516 5995 non
