4028 6412
257 392 362 452 98‘)

1222 406 1722 470 DlSCEP’l‘ATIO
1761 415 1911 474 PRO
1949 419 2141 481 (ΣΟΝο
2192 423 2566 482 FLOHENT.

3418 427 3524 490 990

263 514 373 575 psi;
411 513 502 562 καῖ
544 513 883 585 ἱερομδναχοε
925 522 1075 584 ὄντες
1100 538 1111 549 ⁸
1149 526 1241 576 καὶ
1275 527 1566 597 καθαίρετε
1597 534 1688 586 καὶ
1724 535 1823 603 ἀρ-

1935 537 1979 579 tet
2005 541 2140 586 alter
2177 533 2405 588 alterum
2425 549 2453 586 a
2481 535 2653 588 sacris
2674 535 2890 588 arcetis.
2912 533 3089 600 Quare
3111 551 3214 588 non
3257 538 3526 608 antipapa:

255 605 350 668 τδν
387 608 590 658 ποιεῖτε
639 603 718 671 εἷς
765 612 856 662 τὸν
903 613 1114 684 ἕτερον.
1162 620 1324 674 Ὥστε
1357 624 1416 676 οὑ
1450 625 1536 676 διὰ
1562 628 1651 678 τὸν
1680 630 1831 679 ἀντι-

261 698 513 760 mimum
544 697 621 762 ὡς
655 700 893 770 εἴρηται,
926 707 954 758 δ
990 707 1242 776 Εὑγένιος
1267 715 1492 768 ἐκάλεσε
1522 719 1648 782 τοὺς
1671 721 1833 788 Γραι-

264 791 413 850 κοὺς,
447 788 559 840 ἀλλ’
612 791 701 844 ἵνα
756 795 1153 872 εἰρηνοποιήσῃ
1205 804 1302 874 τὴν
1346 807 1698 876 Ἐκκλησίαν.
1735 815 1828 866 καὶ

273 881 468 951 συνάψῃ
494 883 562 934 τὰ
596 883 886 948 διεστῶτα,
915 895 1006 944 καὶ
1030 893 1095 945 τὰ
1121 895 1590 969 διεσκορπισμένα
1617 902 1712 956 τοῦ
1744 906 1829 958 δε-

266 977 520 1030 σποτικοῦ
556 979 814 1050 σώματος
863 987 998 1053 μέλη
1054 992 1393 1062 συναρμόσῃ,
1420 995 1513 1046 καὶ
1547 997 1828 1069 συναγάγῃ

256 1070 332 1131 είς
384 1069 442 1121 ἒν
478 1073 662 1136 μέλος.
708 1076 806 1128 Διὰ
840 1077 1000 1132 τοῦτο
1025 1084 1120 1133 καὶ
1148 1085 1215 1136 τὰ
1251 1083 1361 1138 [δια
1391 1087 1654 1154 χρήματα
1689 1091 1828 1157 μετὰ

249 1159 430 1228 χαρᾶς
466 1166 703 1237 έπεμψε.
740 1171 852 1226 Καὶ
881 1171 1046 1236 εὐθὺς
1081 1175 1187 1242 πρὸ
1217 1177 1310 1230 τοῦ
1339 1178 1578 1241 ἐξελθεῖν
1613 1182 1723 1234 τῶν
1754 1184 1829 1235 οξ-

249 1257 418 1309 κείων
472 1259 661 1321 οἴκων,
709 1262 901 1316 έλαὸεν
954 1265 1182 1331 ἕκαστος
1217 1269 1277 1322 τὸ
1309 1275 1644 1341 τεταγμένον
1677 1275 1827 1345 αὐτῷ

249 1352 588 1420 σιτηρέσιον.
645 1355 752 1406 Καὶ
787 1355 962 1421 οὕτως
1014 1360 1246 1431 ἔτρεφεν
1283 1365 1502 1428 αὑτοὺς,
1530 1366 1625 1419 ἀπ’
1653 1369 1826 1438 αὑτῆς

243 1440 497 1506 δηλονότι
520 1445 619 1512 τῆς
645 1446 862 1512 Πόλεως
896 1450 1058 1522 μέχρι
1083 1454 1285 1517 τέλους.
1319 1458 1428 1512 Καὶ
1454 1458 1540 1511 διὰ
1561 1460 1667 1512 τῶν
1697 1462 1831 1515 ἁνα-

241 1535 525 1602 λωμὰτων
568 1537 736 1592 αὑτοῦ
787 1535 951 1611 ἦλθον
1002 1547 1078 1605 είς
1120 1546 1217 1617 τὴν
1257 1547 1511 1611 Ἰταλίαν,
1546 1552 1642 1606 καὶ
1674 1551 1829 1623 βασι-

237 1629 396 1696 λεὺς,
429 1632 523 1686 καὶ
557 1634 922 1705 πατριάρχης.
956 1641 1049 1692 καὶ
1081 1643 1109 1694 ὁ
1139 1641 1325 1708 λοιπὸς
1353 1644 1556 1716 κλῆρος
1582 1662 1598 1677 ο
1633 1648 1730 1702 καὶ
1763 1647 1823 1700 οὐ

242 1727 414 1793 μόνον
443 1725 622 1788 τοῦτο,
651 1726 784 1782 ἀλλὰ
817 1731 912 1784 καὶ
941 1733 1277 1804 ὁπλοφόρους
1305 1737 1684 1806 ἐμισθώσαντο
1716 1740 1829 1794 δισ-

237 1817 461 1886 χιλίους
519 1818 753 1891 ἄνδρας,
810 1824 1030 1891 βλέπειν
1081 1827 1181 1897 τὴν
1255 1831 1826 1886 Κωνσταντινούπολιν

245 1909 424 1980 μέχρι
459 1913 560 1979 τῆς
609 1914 870 1969 ἐπανόδου
904 1917 999 1970 τοῦ
1033 1917 1326 1987 βασιλέως,
1350 1923 1439 1976 διὰ
1469 1923 1578 1978 τῶν
1608 1925 1822 1979 ἐκείνου

237 2003 576 2072 χρημάτων.
616 2005 726 2060 Καὶ
753 2009 854 2061 οὐκ
881 2011 1042 2073 εὐθὺς
1073 2012 1322 2076 ἐλθόντες
1366 2015 1682 2085 ήνώθησαν,
1707 2017 1824 2071 ἀλλ’

241 2093 586 2170 ἠγωνίζοντο
633 2096 914 2162 ἐνιαυτοὺς
952 2100 1044 2153 δύο
1080 2103 1148 2155 τὰ
1190 2104 1330 2175 μέρη
1377 2106 1694 2176 ἀμφότερα,
1729 2111 1826 2163 καὶ

242 2187 276 2238 ὁ
312 2188 461 2251 ἁγὼν
493 2191 586 2241 τὸν
622 2189 811 2256 ἀγῶνα
840 2193 1075 2261 ἐδέχετο,
1108 2196 1200 2248 καὶ
1235 2199 1268 2267 ή
1315 2198 1554 2266 διάλεξις
1585 2201 1682 2270 τὴν
1707 2204 1824 2256 διά·

251 2276 418 2340 λεξιν,
452 2279 544 2331 καὶ
593 2281 643 2332 οἱ
699 2281 1070 2354 διαλεγόμενοι
1103 2288 1202 2360 οὑχ
1253 2290 1483 2360 ἡσυχίαν
1521 2289 1676 2363 ἦγον,
1708 2295 1824 2349 ἀλλ’

256 2370 571 2439 ὴγρύπνουν
607 2376 702 2429 ἐπὶ
727 2378 903 2448 τούτῳ
932 2381 1267 2448 μελετῶντες
1291 2384 1464 2440 νύκτα
1488 2403 1548 2439 τε
1576 2387 1664 2440 καὶ
1689 2388 1828 2457 ἡμέ-

256 2480 377 2528 ραν,
409 2465 503 2518 καὶ
556 2468 890 2534 ἐσπούδαζον
937 2473 1168 2539 ἕκαστος
1219 2476 1696 2546 ὑπερασπίζεσθαι
1729 2481 1826 2536 τοῦ

248 2559 457 2611 οἰκείου
493 2560 716 2631 μέρους,
744 2563 849 2626 ἕως
879 2564 1002 2618 ὅτου
1036 2571 1414 2641 συνεπερὰνθη
1438 2573 1499 2626 τὸ
1524 2572 1708 2642 ἔργον,
1730 2574 1828 2630 καὶ

251 2649 552 2720 ὴνώθησαν
590 2655 728 2722 μετὰ
762 2659 964 2727 χαρᾶς,
996 2660 1094 2728 τῆς
1122 2660 1403 2728 ἀληθείας.
1429 2664 1524 2717 καὶ
1545 2666 1606 2717 οὑ
1637 2664 1828 2737 δώρων

244 2743 442 2806 ἕνεκα,
473 2745 568 2797 καὶ
614 2746 986 2818 ὑπεχώρησαν
1020 2750 1097 2820 τῷ
1127 2751 1382 2822 δόγματι.
1429 2755 1505 2825 μὴ
1540 2755 1829 2827 δυνάμενοι

246 2835 581 2902 ἀντιλέγειν,
613 2839 757 2894 οὕτω
802 2841 1075 2913 λαμπρῶς
1105 2847 1353 2916 φανέντι,
1381 2850 1476 2901 καὶ
1503 2849 1830 2922 ὑπέγραψαν

248 2929 615 2999 ἀγαλλόμενοι
643 2935 784 3005 μετὰ
811 2938 1124 3006 προθυμίας
1149 2941 1368 3009 ἀπάσης
1394 2960 1453 2996 τε
1481 2949 1578 2998 καὶ
1596 2947 1655 3000 οὑ
1686 2945 1828 3016 βίας,

244 3021 325 3084 ὼς
358 3022 568 3091 λέγετε.
601 3027 713 3078 Καὶ
740 3026 1086 3100 λειτουργίας
1129 3033 1429 3100 γενομένης
1455 3033 1774 3106 ἀνεγνώσθη
1801 3039 1831 3091 ὁ

248 3119 400 3184 ὅρος,
453 3119 550 3170 καὶ
585 3120 634 3172 οἱ
680 3121 945 3190 ἡμέτεροι
1003 3123 1433 3194 ἀρχιεπίσκοποι
1487 3129 1830 3201 ἐνδεδυμένοι

1934 637 2099 677 causa
2127 624 2636 692 EugeniusCraeeos
2658 628 2965 690 accersivit,
2994 628 3086 681 sed
3116 638 3171 680 ut
3227 645 3410 697 pacein
3457 632 3512 686 in

1939 715 2174 772 Ecclesia
2201 727 2573 786 componeret,
2610 728 2665 772 et
2697 719 2840 774 inter
2867 720 3134 775 discissos
3165 723 3520 776 concordiam

1934 810 2353 878 conglutinaret.
2378 821 2431 866 et
2453 812 2720 866 Dominici
2737 814 2982 877 corporis
2999 815 3245 884 dispersu
3275 815 3520 868 membra

1931 903 2309 973 conjungeret,
2369 914 2424 960 et
2490 906 2540 959 in
2600 921 2767 960 unum
2832 908 3098 963 obstricta
3145 921 3518 976 componeret.

1933 989 2223 1061 Propterea
2257 995 2508 1063 proprias
2532 1013 2748 1066 quoque
2782 999 3047 1065 pecunias
3102 1016 3212 1053 non
3265 1001 3385 1054 sine
3437 999 3520 1052 iu-

1933 1086 2270 1152 gentianimi
2327 1089 2757 1158 promptitudine
2800 1102 2853 1143 et
2903 1092 3102 1159 gaudio
3158 1093 3328 1149 misit.
3393 1093 3520 1146 Sta-

1935 1180 2139 1250 timque
2171 1182 2370 1252 singuli
2397 1193 2689 1252 antequam
2713 1184 2878 1237 domo
2910 1185 3329 1254 egrederentur,
3376 1203 3520 1256 pra:-

1930 1274 2194 1342 scriptum
2226 1276 2329 1329 sibi
2359 1276 2690 1343 stipendium
2734 1284 3018 1345 accepi-re,
3055 1288 3110 1332 et
3139 1280 3242 1332 bac
3303 1281 3518 1334 ratione

1930 1367 2146 1420 eosdem
2175 1367 2384 1437 abipso
2424 1369 2577 1422 urbis
2617 1367 3240 1438 Constantinopolitanae
3287 1386 3510 1440 egressu

1930 1458 1996 1511 ad
2035 1474 2336 1528 regressum
2363 1459 2416 1514 in
2447 1460 2620 1527 ipsam
2654 1461 2859 1526 alebat,
2890 1472 2944 1516 et
2980 1464 3237 1529 expensis
3268 1463 3410 1516 illius
3431 1478 3493 1515 ve

1933 1551 2358 1606 nereinltaliam
2380 1563 2434 1608 et
2462 1555 2777 1622 imperator,
2819 1564 2874 1609 et
2905 1554 3241 1623 patriarcha,
3281 1565 3337 1610 et
3388 1556 3518 1608 roli-

1929 1657 2068 1710 quus
2096 1643 2307 1708 clerus;
2333 1661 2506 1714 neque
2539 1645 2592 1700 id
2623 1648 2821 1712 solum,
2850 1647 2944 1704 sed
2977 1649 3172 1702 armati
3205 1649 3370 1703 etiam
3421 1649 3521 1703 ho-

1931 1737 2108 1791 mines
2134 1737 2216 1791 bis
2243 1737 2390 1791 mille
2423 1738 2666 1806 ejusdem
2692 1741 2924 1809 pecunia
2953 1741 3215 1796 conducti
3243 1739 3419 1807 fuere,
3450 1749 3512 1795 ut

1930 1825 1992 1874 da
2031 1822 2558 1897 Constantinopolim
2594 1828 2825 1884 reditum
2865 1830 3213 1900 imperatoris
3255 1831 3515 1886 defendi--

1931 1926 2070 1970 rent.
2104 1913 2288 1986 Neque
2333 1935 2436 1978 suo
2479 1935 2707 1980 accessu
2747 1921 2933 1978 subito
2981 1923 3240 1978 unionem
3281 1924 3518 1993 amplexi

1928 2018 2078 2073 sunt,
2101 2010 2193 2064 sed
2222 2026 2316 2079 per
2355 2013 2651 2068 continuos
2685 2016 2824 2070 duos
2880 2030 3057 2070 annos
3109 2027 3344 2085 utraque
3392 2031 3522 2086 pars

1926 2102 2387 2170 disputationilms
2410 2105 2780 2172 incumbebat,
2803 2117 2856 2162 et
2877 2109 3215 2163 concertatio
3231 2121 3486 2162 concerta
3505 2140 3518 2149 -

1928 2194 2134 2248 tionem
2158 2195 2483 2263 excipiebat,
2505 2207 2560 2252 et
2584 2212 2918 2267 congressus
2970 2215 3332 2268 congressuro
3363 2217 3379 2263 ;
3419 2217 3518 2253 ne-

1926 2303 2031 2355 que
2056 2287 2147 2355 qui
2180 2287 2640 2355 disputationibus
2668 2298 2958 2356 praeerant,
2994 2307 3231 2360 unquam
3259 2293 3504 2357 quiesce-

1928 2381 2076 2446 bant,
2115 2380 2207 2434 sed
2232 2391 2554 2449 argumenta
2575 2381 2762 2436 animo
2800 2382 3099 2448 volventes,
3156 2392 3349 2436 noctes
3373 2385 3519 2437 dies-

1926 2488 2034 2540 que
2055 2472 2468 2543 pervigilabant,
2489 2483 2542 2527 et
2562 2474 2794 2544 quisque
2813 2490 2910 2542 pro
2936 2475 3156 2530 tutanda
3176 2490 3274 2531 sua
3291 2488 3520 2530 senten-

1929 2566 2001 2620 tia
2029 2567 2198 2621 nimio
2219 2567 2908 2636 operesumebatoperam,
2961 2584 3252 2637 quousque
3299 2569 3517 2622 tandem

1929 2673 2018 2714 res
2040 2658 2243 2714 exitum
2266 2658 2476 2724 habuit,
2511 2667 2568 2714 et
2595 2659 2724 2716 unio
2757 2658 3002 2728 periei-ta
3038 2659 3141 2714 fuit
3165 2675 3289 2714 cum
3314 2660 3522 2726 gaudio

1930 2750 2198 2815 veritatis,
2234 2764 2345 2805 non
2381 2765 2670 2806 munerum
2707 2751 2903 2821 gratia,
2929 2766 3236 2820 manusque
3271 2751 3520 2820 dogmati

1930 2840 2216 2909 dederunt,
2232 2858 2352 2897 cum
2377 2853 2566 2898 contra
2587 2843 2796 2900 hiscere
2818 2859 2927 2896 non
2957 2852 3194 2910 possent,
3216 2843 3364 2897 claro
3385 2846 3522 2896 adeo

1931 2935 2268 3002 paternique,
2299 2933 2522 3003 laetique
2541 2935 2916 3004 subscripsere
2939 2936 3184 2990 volentes
3235 2936 3524 2988 lubentes-

1931 3037 2060 3089 que,
2085 3037 2190 3076 non
2210 3024 2408 3089 coacti,
2431 3033 2490 3078 ut
2519 3039 2614 3078 vos
2641 3022 2823 3080 dicitis
2859 3043 2872 3078 :
2907 3041 3176 3095 sacroque
3199 3027 3380 3080 missze
3429 3042 3521 3078 sa-

1933 3111 2390 3182 criﬁciOperacto,
2415 3113 2658 3169 deﬁnitio
2691 3115 2830 3170 lecta
2859 3127 2963 3181 est,
2997 3116 3278 3185 nostrique
3306 3117 3525 3170 archic-

245 3210 348 3272 τὰς
380 3212 536 3280 ἀρχιε
549 3212 777 3280 ρατικὰς
802 3214 996 3278 στολὰς
1028 3215 1270 3279 ἅπαντες
1296 3219 1354 3270 ἑν
1381 3220 1518 3291 αὐτῇ
1546 3217 1710 3294 ἦσαν,
1734 3224 1829 3278 καὶ

1935 3204 2142 3274 piscopi
2169 3205 2552 3262 arcbieraticis
2579 3207 3120 3264 vestimentisinduti
3152 3225 3346 3265 omnes
3394 3211 3526 3264 ade-

247 3305 417 3372 ὅρκου
447 3303 698 3369 δοθέντος
728 3307 785 3360 ὲν
811 3306 888 3378 τῷ
917 3310 1224 3383 δεσποτικῷ
1248 3311 1582 3390 σώματιῇδη
1618 3317 1830 3387 ἱερουρ-

252 3393 497 3461 γηθέντι,
521 3395 596 3458 ὡς
626 3396 768 3451 οὕτω
796 3402 1015 3469 φρονεῖν
1045 3402 1139 3454 καὶ
1169 3405 1450 3460 πιστεύειν
1477 3408 1557 3470 είς
1587 3408 1648 3460 τὸ
1679 3409 1828 3476 ἑξῆς.

259 3489 308 3539 oi.
343 3489 536 3552 πάντες
569 3490 825 3558 ἀσμένως
854 3493 913 3558 ἐξ
944 3495 1279 3565 ἀμφοτέρων
1322 3496 1434 3549 τῶν
1467 3498 1652 3570 μερῶν
1679 3499 1830 3567 ὦμο-

261 3600 383 3646 σαν,
411 3584 552 3639 οὕτω
589 3584 870 3638 πιστεύειν
914 3604 972 3639 τε
1022 3587 1118 3641 καὶ
1160 3592 1404 3658 φρονεῖν,
1433 3593 1530 3646 καὶ
1566 3593 1831 3664 ἀλλήλους

256 3679 392 3746 μετὰ
425 3677 682 3748 δακρύων
709 3680 804 3734 καὶ
831 3682 1010 3751 χαρᾶς
1041 3682 1274 3752 ἀπείρου
1311 3683 1644 3753 ἠσπάζοντο,
1669 3685 1745 3750 ὡς
1769 3688 1832 3742 τὸ

247 3772 515 3834 πολυετὲς
547 3773 701 3825 τουτὶ
736 3772 944 3844 σχίσμα
980 3775 1138 3843 ἔτυχε
1177 3774 1278 3844 τῆς
1313 3775 1531 3839 ἰάσεως,
1559 3779 1657 3830 καὶ
1687 3778 1830 3848 Χρι·

248 3865 463 3916 στιανοὶ
480 3862 755 3932 δρθόδοξοι
777 3865 1009 3935 Γραικοὶ
1037 3868 1129 3922 καὶ
1160 3869 1385 3924 Λατῖνοι
1412 3871 1471 3926 ὲν
1499 3871 1675 3944 ταύτῃ
1700 3873 1834 3943 ἀνη-

249 3957 622 4025 γορεύθησαν.
656 3959 767 4011 Καὶ
797 3960 825 4012 ὀ
864 3960 992 4029 ὄρος
1022 3962 1103 4022 είς
1143 3963 1320 4016 πᾶσαν
1368 3964 1470 4032 τὴν
1500 3966 1833 4036 οικουμένην

253 4045 566 4113 διὲδραμεν.
605 4048 910 4121 Ἑλληνιστὶ
958 4053 1054 4104 καὶ⁸
1089 4053 1394 4123 Ῥωμαϊστὶ
1417 4057 1832 4126 γεγραμμένος.

255 4141 367 4194 Καὶ
400 4141 581 4205 αὐτὸς,
613 4142 668 4196 δν
697 4144 878 4212 λέγεις
911 4143 1168 4214 Ἐφέσου,
1199 4149 1392 4215 παρὼν
1412 4143 1482 4220 ἦν
1511 4151 1648 4215 ὶκεῖ,
1681 4151 1828 4204 ἐνδε-

249 4235 488 4304 δυμένος
519 4238 611 4289 καὶ
646 4237 811 4301 αὐτὸς
859 4235 961 4307 τὴν
1009 4238 1410 4312 ἀρχιερατικὴν
1440 4243 1606 4297 αὑτοῦ
1640 4243 1834 4315 στολὴν

254 4329 399 4394 μετὰ
429 4328 539 4380 τῶν
571 4321 798 4395 λοιπῶν,
845 4331 941 4384 καὶ
973 4330 1179 4402 ὕμνους
1208 4333 1419 4388 ἔδωκαν
1467 4334 1546 4405 τῷ
1587 4337 1708 4407 Θεῷ
1741 4338 1836 4391 καὶ

246 4420 562 4488 δοξολογίας
587 4425 654 4476 τὰ
690 4423 830 4495 μέρη
866 4424 1182 4494 ἀμφοτέρα,
1212 4425 1288 4497 τῷ
1337 4427 1639 4497 συνάψαντι
1672 4430 1834 4483 πάλιν

247 4515 318 4567 τὰ
359 4514 496 4584 μέλη
529 4515 623 4567 τοῦ
653 4515 920 4585 μυστικοῦ
948 4515 1115 4570 αὐτοῦ
1139 4518 1420 4588 σώματος,
1448 4521 1706 4574 τοσοῦτον
1732 4522 1833 4591 ἥδη

249 4607 450 4676 χρόνον
482 4606 843 4678 διερρωγότα.
882 4608 991 4662 Καὶ
1021 4585 1248 4679 οὐρανὸς
1299 4610 1398 4680 μὲν
1442 4585 1832 4684 ηὐφράνθη-ἐἰῇ
1866 4585 1912 4644 D

249 4702 437 4770 ἡμέρᾳ
468 4701 677 4771 ἐκείνῃ,
707 4702 780 4770 γῆ
809 4700 866 4755 δὲ
893 4699 1283 4773 ἠγαλλιάσατο,
1320 4702 1416 4755 καὶ
1461 4702 1684 4772 ἄγγελοι
1722 4707 1835 4767 τοῖς

259 4793 568 4860 ἀνθρώποις
600 4794 944 4865 συνέχαιρον.
984 4795 1110 4858 Πῶς
1140 4789 1256 4858 οὖν,
1302 4795 1543 4866 ἀδελφοὶ,
1572 4798 1836 4870 τοιαύτην

261 4885 352 4935 καὶ
380 4887 651 4955 τοσαύτην
683 4886 860 4959 χαρὰν
891 4889 973 4952 είς
1007 4886 1190 4958 θλίψιν
1217 4887 1377 4958 ὑμεῖς
1409 4887 1504 4941 καὶ
1529 4891 1834 4960 κατήφειαν

259 4981 605 5044 μεταποιεῖτε
627 4995 645 5044 ;

335 5068 495 5123 Ῥακ.
538 5071 654 5124 Οὐκ
708 5070 970 5142 ἤκουσας,
1007 5075 1091 5128 ὅτι
1127 5075 1286 5128 αὑτοὶ
1318 5076 1544 5142 ἐκεῖνοι,
1597 5078 1647 5131 οἱ
1715 5078 1836 5132 ἐκεῖ

247 5159 673 5231 ὑπογράψαντες
698 5163 756 5213 ἐν
790 5165 1364 5221 Κωνσταντινουπόλει
1396 5169 1704 5237 γενόμενοι,
1734 5169 1829 5221 τὰ·

241 5252 446 5306 ναντία
502 5253 714 5321 ἔλεγον,
748 5256 841 5307 καὶ
885 5256 1035 5318 ὅπως
1081 5259 1109 5310 ὀ
1151 5257 1379 5326 Ἐφέσου
1425 5259 1527 5312 οὑκ
1581 5259 1834 5330 ἐπείσθη,

239 5345 374 5398 οὐδὲ
420 5345 734 5418 ὑπέγραψε,
773 5348 976 5417 μᾶλλον
1009 5349 1063 5401 δὲ
1099 5351 1193 5404 καὶ
1245 5352 1528 5422 στραφεὶς,
1555 5353 1695 5405 κατὰ
1725 5354 1833 5405 Λα-

239 5439 413 5491 τίνων
439 5439 812 5509 ξυνέγραφεν;
848 5442 1004 5496 Ἐπεὶ
1026 5443 1120 5497 οὖν
1147 5447 1378 5507 ἐκεῖνος,
1405 5447 1556 5507 ὅστις
1586 5445 1834 5516 ὑπῆρχεν

243 5525 331 5594 εἷς
363 5533 473 5584 τῶν
504 5533 928 5603 διαλεγομένων.
975 5537 1076 5606 οὐχ
1133 5537 1479 5606 ὑπέγραψεν,
1517 5539 1634 5600 πῶς
1667 5539 1832 5607 ἡμεῖς

242 5627 316 5694 τῇ
355 5627 558 5694 συνόδῳ
583 5628 760 5702 ταύτῃ
786 5631 1216 5698 συναινέσομεν;
1259 5626 1389 5684 Εἶτα
1425 5633 1519 5685 καὶ
1549 5635 1659 5695 τοῖς
1696 5634 1832 5686 ὑπο-

243 5721 499 5791 γράψασι
523 5724 843 5793 μεταμέλει,
868 5724 942 5786 ὡς
964 5725 1146 5787 κακῶς
1174 5727 1465 5796 ποιήσασιν
1489 5726 1828 5796 ὑπογράψαι,

245 5817 348 5866 καί
377 5815 468 5866 διὰ
494 5815 656 5868 τοῦτο
681 5818 778 5876 τὰς
805 5818 992 5886 χεῖρας
1017 5819 1095 5879 εἰς
1120 5818 1292 5886 τομὴν
1322 5819 1606 5882 ἑξέτεινον,
1639 5821 1731 5870 καὶ
1755 5819 1831 5888 τῷ

261 5907 494 5977 Ἐξέσου
559 5910 894 5982 συνηγόρων
996 5913 1088 5965 καὶ
1148 5914 1309 5968 αὑτὸν
1365 5914 1700 5984 ἐμακάριζον

1933 3312 2075 3369 rant,
2104 3309 2156 3356 et
2196 3301 2556 3372 jurejurando
2579 3319 2744 3374 super
2765 3304 2978 3359 Domini
3012 3319 3212 3374 corpus
3232 3304 3344 3372 jam
3392 3321 3527 3358 con-

1931 3403 2204 3448 secratum
2224 3393 2354 3448 dato
2388 3403 2746 3465 acceptoque,
2774 3397 2845 3448 ita
2880 3411 2940 3450 se
2959 3396 3166 3450 sentire
3185 3406 3239 3449 et
3260 3396 3314 3448 in
3343 3406 3527 3464 poste-

1932 3507 2055 3546 rum
2089 3491 2396 3546 credituros
2455 3504 2617 3544 omne
2643 3488 2800 3543 aride
2825 3489 3115 3558 utriusque
3157 3490 3327 3554 partis
3371 3488 3528 3554 jura-

1933 3587 2082 3647 runt,
2105 3580 2178 3634 ita
2204 3589 2392 3634 tenere
2415 3587 2468 3632 et
2487 3578 2734 3643 credere;
2761 3579 3079 3647 mutuisque
3100 3594 3160 3631 se
3178 3579 3528 3647 amplexibus

1932 3669 2391 3725 deosculabantur
2425 3683 2533 3722 non
2585 3670 2704 3722 sine
2763 3667 3021 3739 Iacrymis
3065 3677 3120 3722 et
3172 3669 3525 3724 inenarrabili

1933 3765 2131 3836 gaudio
2157 3780 2175 3828 ;
2202 3763 2346 3832 quod
2379 3763 2642 3817 diuturno
2667 3762 2952 3818 schismati
2975 3763 3276 3816 remedium
3295 3764 3528 3817 allatum

1931 3872 1988 3916 et
2013 3859 2316 3915 Christiani
2342 3856 2633 3913 orthodoxi
2665 3867 2781 3910 tum
2803 3855 2998 3923 Graeci,
3035 3867 3150 3910 tum
3211 3855 3390 3910 Latini
3463 3857 3521 3912 in

1933 3968 1997 4007 ea
2029 3953 2314 4007 acclamati
2354 3959 2504 4017 sunt,
2539 3961 2594 4006 et
2614 3950 2864 4006 definitio
2894 3965 2991 4020 per
3019 3958 3192 4004 totum
3244 3959 3520 4004 terrarum

1934 4049 2124 4102 orbem
2150 4046 2482 4113 convolavit,
2539 4045 2731 4100 Grmce
2780 4042 3134 4112 Romanoque
3182 4042 3525 4111 conscripta.

1949 4143 2015 4196 lit
2053 4157 2214 4212 quem
2258 4141 2374 4210 ipse
2404 4139 2568 4206 dicis,
2604 4138 2875 4210 Ephesius
2932 4139 3125 4193 aderat
3199 4154 3324 4193 cum
3374 4139 3524 4202 aliis,

1935 4236 2052 4292 suis
2077 4233 2457 4290 archieraticis
2518 4233 2766 4289 vestibus
2802 4232 3060 4300 amictus,
3097 4241 3152 4286 et
3184 4232 3414 4303 hymnos
3466 4243 3524 4286 et

1935 4331 2370 4387 collaudationes
2394 4345 2523 4399 pars
2550 4338 2786 4399 utraque
2811 4329 3070 4384 exhibuit
3097 4329 3228 4392 Deo,
3260 4329 3352 4396 qui
3405 4343 3528 4380 rur-

1935 4440 2032 4481 sus
2055 4425 2137 4479 sui
2161 4423 2409 4493 corporis
2425 4423 2638 4492 mystici
2673 4422 2912 4475 membra
2941 4430 3094 4474 tanto
3124 4418 3353 4473 discissa
3380 4430 3518 4472 tem-

1937 4535 2069 4588 pore
2097 4518 2150 4572 in
2180 4532 2348 4571 unum
2387 4516 2697 4571 coalescere
2763 4513 2913 4568 fecit.
2952 4511 3014 4565 Et
3044 4515 3244 4566 cm'um
3303 4511 3524 4580 quidem

1941 4627 2006 4665 eo
2046 4609 2136 4664 die
2188 4610 2429 4664 betatum
2481 4621 2588 4674 est,
2645 4616 2790 4662 terra
2856 4606 3152 4660 exsultavit
3208 4605 3408 4675 gaudio
3473 4613 3530 4658 et

1937 4703 2112 4772 angeli
2141 4716 2268 4756 cum
2303 4701 2618 4755 hominilms
2640 4699 2888 4769 ejusdem
2949 4697 3247 4765 voluptatis
3305 4699 3536 4764 partici-

1939 4811 2030 4865 pes
2061 4796 2188 4849 facti
2215 4804 2361 4850 sunt.
2397 4793 2515 4860 Qua
2545 4809 2710 4850 causa
2746 4792 2930 4862 itaque
2992 4791 3193 4846 fratres
3250 4794 3411 4846 talem
3463 4807 3529 4847 ac

1938 4899 2146 4942 tantam
2174 4889 2416 4943 laetitiam
2447 4887 2501 4942 in
2529 4900 2822 4941 mmrorem
2888 4899 2952 4941 ac
2983 4885 3256 4940 tristitiam
3283 4900 3531 4940 reiuniu~

1941 4984 2068 5036 tatis
2096 4982 2119 5035 ?
2611 5051 2616 5056 _

2014 5073 2183 5130 Rhac.
2218 5072 2410 5130 Nonne
2440 5053 2645 5130 audisti
2685 5088 2783 5130 eos
2810 5073 2960 5143 ipsos
2989 5073 3083 5142 qui
3136 5053 3352 5144 synodo
3393 5077 3530 5128 sub-

1943 5165 2313 5234 scripserunt,
2343 5182 2468 5220 cum
2494 5166 3032 5235 Constantinopolim
3064 5169 3368 5227 venissent,
3395 5181 3530 5222 con-

1941 5258 2108 5312 traria
2142 5257 2492 5313 asseruisse?
2527 5257 2824 5328 Ephesium
2862 5273 3042 5326 neque
3082 5275 3278 5314 manus
3306 5258 3529 5314 dedisse

1941 5364 2118 5417 neque
2157 5348 2582 5418 subscripsisse,
2625 5350 2736 5403 imo
2771 5364 3048 5403 reversum
3089 5351 3142 5403 in
3177 5350 3407 5417 patriam
3429 5350 3529 5402 ad-

1940 5457 2135 5496 versus
2170 5442 2393 5496 Latinos
2419 5441 2588 5495 multa
2616 5442 2824 5510 scripto
2849 5443 3148 5496 tradidisse
3175 5442 3196 5494 ?
3257 5442 3392 5496 Cum
3425 5443 3529 5497 ita-

1943 5536 2122 5605 queis
2160 5536 2334 5605 quiex
2365 5537 2785 5604 disputantibus
2821 5552 2966 5591 unus
3020 5535 3220 5596 fuerat,
3261 5549 3368 5588 non
3399 5535 3528 5588 sub-

1942 5629 2188 5697 scripsit,
2228 5631 2505 5696 quomodo
2535 5643 2637 5682 nos
2691 5628 2764 5680 illi
2799 5628 3006 5698 synodo
3071 5643 3370 5681 assensum
3430 5629 3526 5679 tri—

1940 5721 2215 5777 buemus?
2245 5721 2517 5775 Praeterea
2551 5736 2645 5775 eos
2691 5721 2788 5789 qui
2817 5722 3288 5787 subscripScraut,
3352 5723 3524 5788 paeni.

1943 5824 2016 5866 tet
2049 5815 2194 5882 quod
2226 5816 2436 5870 nefarie
2493 5817 2754 5883 egissent.
2797 5815 3030 5882 ideoque
3083 5831 3278 5870 ruamus
3325 5814 3392 5867 ad
3432 5832 3524 5867 υλ-

1937 5911 2229 5964 cidruelum
2265 5912 2688 5982 protcuicbaut,
2719 5918 2773 5968 et
2828 5910 3063 5981 Ephesio
3097 5909 3524 5980 patrocinabaih
