4028 6404
347 350 455 412 993

1305 339 1808 401 DISCEPTATIO
1849 339 1998 398 PRO
2029 341 2240 404 CUNC.
2290 342 2661 404 FLORENT.

3476 343 3587 409 994

351 463 411 514 Et
441 458 502 512 δὲ
549 455 642 509 καὶ
673 454 887 526 άληθῶς
917 453 1127 524 ἔλεγον,
1159 454 1297 527 ὅπερ
1330 459 1433 510 οὐκ
1471 452 1650 526 οἶμαι.
1701 455 1913 525 θαυμα·

2041 457 2072 508 d
2104 458 2486 519 cmmtiabant,
2518 457 2667 527 quod
2704 458 3110 523 IIOIICXiaﬁIIIO,
3141 459 3452 515 mirandum
3477 480 3586 518 non

349 553 477 607 στὸν
509 549 686 604 οὐδέν.
721 548 846 602 Ὀτι
873 549 968 600 καὶ
995 549 1052 600 ἐν
1095 549 1158 618 τῇ
1191 548 1402 619 μεγάλῃ
1441 547 1534 602 καὶ
1569 550 1761 618 πρώτῃ
1791 566 1922 600 συν-

349 644 455 712 ὁδῳ
502 643 568 711 τῇ
615 641 674 692 ὲν
705 639 928 710 Νικαία,
965 639 1103 708 μετὰ
1161 639 1261 708 τὴν
1313 639 1564 692 διάλυσιν
1607 638 1780 708 αὐτῆς
1814 638 1922 692 ἀπὺ

353 733 464 785 τῶν
491 730 822 799 τριακοσίων
853 729 983 782 δέκα
1014 729 1110 782 καὶ
1134 725 1278 780 ὀκτὼ
1304 729 1587 800 Πατέρων,
1615 729 1753 782 ἑπτά
1777 747 1922 793 τινες

362 827 428 894 τῇ
452 822 569 893 δόξῃ
613 819 708 873 τοῦ
759 820 972 890 Ἀρείου
1019 819 1423 890 ὑποκύψαντες,
1475 819 1666 888 ἔλεγόν
1702 837 1785 884 τε,
1826 819 1922 872 καὶ

362 917 595 985 Ima-sev
631 913 772 964 κατὰ
813 912 912 981 τῆς
946 912 1191 976 συνόδου,
1224 912 1316 964 καὶ
1354 911 1606 974 συνόδους
1660 911 1923 980 ἐκίνησαν

355 1005 583 1066 τοπικὰς
619 999 840 1064 πλείους
871 1003 902 1071 ἢ
938 1001 1259 1070 τριάκοντα,
1298 1001 1396 1072 τὴν
1433 1002 1678 1070 μεγάλην
1725 1003 1924 1070 ἀφορι-

348 1097 554 1162 ζούσας
583 1096 800 1148 σύνοδον
821 1111 832 1124 ·
854 1093 972 1148 ἀλλ’
1000 1095 1062 1147 οὐ
1089 1094 1174 1147 διὰ
1199 1092 1358 1147 τοῦτο
1381 1094 1416 1163 ἡ
1449 1093 1670 1154 σύνοδος
1697 1093 1923 1162 μείωσιν

346 1185 634 1255 Elaeam?)
677 1184 1032 1255 κατηργήθη,
1084 1183 1201 1237 ἀλλ’
1251 1184 1436 1254 ἔμεινε
1476 1184 1572 1236 καὶ
1619 1184 1771 1252 μένει
1815 1182 1927 1246 ἕως

347 1279 455 1346 τὴν
484 1278 728 1347 σήμερον
775 1279 897 1338 ταῖς
930 1277 1280 1346 ὑπογραφαῖς
1327 1275 1555 1330 ἐκείνων
1601 1267 1782 1332 αὐτῶν
1828 1277 1924 1330 καὶ

351 1369 466 1422 τῶν
513 1367 846 1439 τριακοσίων
873 1367 1008 1421 δέκα
1043 1369 1140 1422 καὶ
1163 1367 1331 1432 ὀκτὼ,
1361 1369 1456 1421 καὶ
1488 1368 1594 1431 ἕως
1621 1367 1716 1422 τοῦ
1759 1366 1854 1422 νῦν
1887 1371 1920 1438 ἡ

366 1460 672 1531 Ἐκκλησία
708 1460 907 1522 αὐτοὺς
939 1460 1227 1531 κηρύττει,
1260 1459 1361 1514 οὐκ
1397 1461 1620 1527 αὐτοὺς,
1650 1461 1788 1516 ἀλλὰ
1821 1463 1923 1533 τὴν

355 1553 656 1622 ὁμολογίαν
687 1553 889 1616 αὐτῶν,
921 1555 1014 1605 καὶ
1049 1552 1344 1623 θεοφόρους
1373 1553 1572 1617 αὐτοὺς
1601 1553 1698 1608 καὶ
1737 1553 1923 1622 ἁγίους

350 1645 651 1710 ἀποκαλεῖ,
683 1646 812 1708 τοὺς
872 1646 1388 1716 άποσκιρτήσαντας
1432 1645 1492 1711 ἐξ
1547 1645 1738 1716 αὐτῆς.
1773 1646 1922 1712 Ὅτι,

350 1736 432 1799 ὡς
465 1737 728 1800 πολλάκις
756 1737 996 1808 εἴρηται,
1048 1739 1080 1808 ὴ
1153 1736 1451 1808 Ἐκκλησία
1486 1738 1624 1808 μετὰ
1653 1738 1755 1808 τὴν
1803 1737 1922 1792 διά-

2021 557 2122 600 est.
2159 544 2292 600 Nam
2329 563 2520 616 magna
2571 557 2626 602 et
2676 550 2849 618 prima
2906 548 3122 604 Nic-mna
3180 551 3394 622 synodo
3429 553 3590 608 abso-

2023 638 2135 692 luta
2168 653 2197 691 a
2223 639 2484 693 trecentis
2505 649 2562 694 et
2596 641 2781 694 decem
2821 650 2880 696 et
2909 653 3034 697 octo
3067 641 3342 706 Patribus,
3381 635 3589 714 septem

2022 732 2310 786 sementim
2338 731 2452 785 Arii
2485 732 2939 798 succumbentes,
2968 737 3142 790 verbo
3164 745 3220 791 et
3239 737 3449 805 scripto
3501 755 3590 809 sy-

2025 823 2229 878 nodum
2265 826 2599 890 lacerabant,
2627 835 2682 880 et
2715 829 2956 897 synodos
3014 829 3215 884 locales
3275 832 3495 901 triginta
3531 841 3588 886 et
3690 810 3704 827 ’

2024 917 2211 988 plures
2245 929 2566 988 coegerunt,
2587 934 2706 989 quae
2759 935 3010 989 magnam
3039 925 3303 993 synodum
3362 927 3591 980 anathe-

2025 1018 2168 1062 mate
2203 1007 2508 1076 feriebant;
2547 1027 2725 1080 neque
2769 1024 3056 1082 propterea
3089 1020 3330 1087 synodus
3378 1020 3446 1076 de
3473 1022 3588 1090 dig-

2023 1098 2196 1152 uitate
2245 1113 2344 1153 sua
2392 1099 2598 1170 aliquid
2628 1103 2830 1161 amisit,
2861 1113 2952 1157 aut
2993 1104 3146 1159 irrita
3181 1106 3452 1163 declarata
3480 1120 3587 1174 est,

2025 1190 2120 1244 sed
2153 1190 2413 1260 perstitit,
2441 1202 2494 1246 et
2550 1203 2735 1249 manet
2763 1193 2829 1247 ad
2859 1194 2973 1251 hare
3029 1207 3294 1266 tempora,
3347 1199 3590 1257 subscri-

2022 1284 2304 1353 ptiouibus
2327 1301 2518 1342 eorum
2553 1297 2606 1344 et
2655 1298 3026 1344 trecentorum
3050 1299 3105 1345 et
3158 1291 3348 1348 decem
3378 1303 3432 1348 et
3463 1303 3591 1349 octo

2023 1379 2243 1434 Patrum
2277 1379 2508 1445 munita,
2542 1389 2598 1435 et
2630 1379 2873 1436 Ecclesia
2931 1396 3078 1436 nunc
3113 1397 3333 1452 quoque
3377 1384 3592 1455 publice

2025 1473 2324 1537 collaudat,
2353 1488 2463 1528 non
2505 1488 2623 1539 eos,
2657 1476 2753 1530 sed
2807 1489 2998 1530 eorum
3058 1474 3477 1546 professionem,
3537 1488 3592 1533 et

2025 1566 2269 1622 deil’eros
2323 1575 2381 1622 et
2409 1576 2632 1624 sanctos
2663 1575 2958 1640 nuncupat,
2994 1570 3090 1640 qui
3108 1569 3179 1625 ab
3212 1572 3400 1626 eadem
3441 1571 3594 1628 desi-

2024 1661 2249 1716 lierunt.
2283 1659 2463 1728 Quod,
2497 1671 2556 1717 ut
2606 1663 2806 1733 saepius
2837 1663 3045 1720 dictum
3108 1675 3216 1730 est,
3246 1664 3489 1722 Ecclesia
3524 1668 3590 1722 li-

2031 1753 2143 1805 nita
2163 1752 2395 1823 synodo,
2453 1767 2562 1807 non
2598 1763 2775 1819 curat,
2812 1755 2939 1825 quid
2979 1755 3070 1810 hic
3098 1758 3322 1828 cogitet,
3377 1769 3470 1813 aut
3503 1760 3592 1814 di-

354 1831 519 1882 λυσιν
545 1833 646 1900 τῆς
676 1831 916 1895 συνόδου,
940 1831 1156 1894 οὐδενὸς
1189 1832 1487 1901 φροντίζει,
1516 1832 1569 1885 τί
1600 1831 1770 1899 λέγει,
1805 1831 1838 1904 ἢ
1870 1832 1922 1886 τί

2035 1851 2142 1906 cat,
2167 1815 2260 1898 aut
2288 1815 2432 1914 agat.
2474 1843 2607 1899 Nam
2633 1845 2704 1900 ibi
2735 1815 2788 1900 in
2823 1815 3115 1916 congressu
3165 1815 3599 1921 uniuscujusque

359 1926 618 1993 πράττει,
648 1925 680 1994 ἢ
710 1924 763 1976 τί
795 1923 1072 1995 βούλεται.
1096 1924 1246 1979 Ἐκεῖ
1271 1925 1381 1996 γὰρ
1405 1927 1462 1979 ὲν
1482 1927 1548 1997 τῇ
1578 1927 1924 1997 συναθροίσει

355 2012 630 2082 λαμϐάνει
661 2013 898 2066 ἑκάστου
942 2014 1040 2083 τὴν
1069 2016 1380 2084 ὁμολογίαν,
1400 2016 1522 2086 ητις
1554 2019 1647 2069 καὶ
1677 2017 1924 2086 ἀπογρά-

354 2123 522 2173 gstitat
571 2106 630 2156 ὲν
689 2105 926 2176 οὐρανῷ,
960 2105 1084 2158 ὅθεν
1116 2107 1523 2176 ἁπαλειφθῆναι
1559 2109 1619 2161 οὐ
1677 2109 1920 2180 θεμιτόν.

360 2199 540 2250 Ὅταν
594 2197 651 2251 δὲ
687 2199 879 2270 ἐξέλθῃ
906 2198 1005 2266 τῆς
1054 2201 1479 2269 συναθροίσεως,
1511 2199 1563 2255 σε
1589 2217 1642 2252 τι
1685 2200 1795 2270 ἄρα
1831 2201 1927 2254 καὶ

370 2290 590 2360 πράξει,
624 2292 762 2360 ὅπερ
803 2293 920 2343 ἐκεῖ
949 2291 1326 2362 ὡμολόγησεν,
1378 2295 1437 2346 οὐ
1493 2293 1718 2347 δύναται
1755 2311 1928 2364 μετα-

367 2383 587 2453 τρέψαι.
654 2383 817 2437 Ὅθεν
869 2386 963 2439 καὶ
1024 2379 1172 2439 οῦτοι
1221 2388 1271 2440 εἰ
1337 2393 1790 2458 προφασῖζονται,
1847 2395 1930 2448 ὅτι

361 2475 532 2528 ἕνεκα
564 2475 778 2546 δώρων,
821 2477 915 2530 καὶ
947 2477 1127 2547 τιμῶν
1159 2480 1251 2531 καὶ
1290 2479 1412 2548 βίας
1446 2481 1563 2552 ἅμα
1616 2484 1928 2555 ήνὼοησαν,

363 2569 462 2619 καὶ
494 2568 844 2637 ὑπέγραψαν,
875 2568 1077 2631 ἀδίκως
1131 2567 1376 2638 λέγουσι,
1409 2575 1504 2625 καὶ
1533 2573 1634 2626 οὐκ
1687 2575 1930 2648 ἀληθῶς.

362 2660 488 2711 Ὀτι
525 2660 716 2712 οὐδένα
751 2660 983 2714 ὲσίασαν
1010 2662 1354 2734 ὑπογράψαι,
1386 2665 1524 2718 ἀλλὰ
1545 2667 1751 2730 πάντες
1790 2673 1932 2738 μετὰ,

365 2756 568 2824 χαρᾶς,
603 2754 680 2817 ὡς
709 2754 949 2826 εἴρηται,
985 2757 1079 2809 καὶ
1108 2757 1421 2828 ήνώῖὶησαν,
1454 2761 1548 2813 καὶ
1578 2761 1929 2832 ὑπέγραψαν.

366 2847 482 2899 Καὶ
513 2847 540 2896 ὁ
582 2844 811 2914 Ἐφέσου
843 2848 975 2911 ἐκεῖ,
1023 2846 1151 2900 ἔνθα
1207 2851 1235 2902 ὁ
1262 2850 1522 2920 Ἰωάννης
1553 2854 1930 2922 προεκαλεῖτο,

366 2939 484 2990 εδει
513 2938 695 2993 δοῦναι
741 2940 832 2992 τον
863 2939 1043 3006 λόγον.
1077 2940 1241 2994 Ὥστε
1275 2943 1478 3006 ἀδίκως
1523 2945 1807 3012 ἐγκαλεῖτε
1867 2949 1933 3019 τῇ

370 3028 603 3098 συνόδῳ,
634 3029 714 3082 ὅτι
745 3029 1048 3098 ἐπλανήθη,
1102 3030 1200 3082 καὶ
1230 3031 1312 3082 ὅτι
1341 3030 1428 3084 διὰ
1460 3030 1650 3102 δώρων
1679 3034 1938 3105 ὶποίησεν

369 3120 802 3191 ὑπογράψασθαι
860 3122 989 3184 τοὺς
1026 3121 1204 3192 ἱεροὺς
1263 3122 1463 3192 ἄνδρας
1510 3125 1758 3189 ἐκείνους
1785 3142 1800 3156 ο
1836 3127 1937 3180 οὐκ

369 3210 443 3284 ἦν
487 3215 596 3282 γάρ
636 3212 843 3279 οὕτως,
878 3213 980 3266 οὐκ
1029 3209 1131 3285 ἦν’
1172 3214 1292 3268 οὐδὲ
1324 3217 1540 3284 εγενετο
1583 3213 1758 3280 οὕτως
1803 3219 1939 3272 ἐκεί.

463 3306 624 3361 Ῥακ.
656 3306 847 3372 οὕτως
900 3306 996 3360 οῦν
1041 3308 1261 3376 ιγινετο
1285 3325 1300 3339 ⁸
1337 3309 1424 3364 διὰ
1458 3307 1617 3363 τοῦτο
1645 3312 1673 3363 ὁ
1712 3307 1940 3379 Ἐφέσου

371 3401 478 3454 οὐκ
505 3399 769 3470 ἠθέλησεν
796 3400 978 3464 αὐτοῖς
1023 3399 1313 3464 ἑνωθῆναι.

451 3495 598 3550 Εὺλ.
633 3489 788 3544 Οῦτω
813 3493 907 3545 καὶ
936 3496 963 3546 ὁ
989 3494 1209 3563 Ἀρειος
1239 3493 1338 3546 ούκ
1372 3493 1638 3563 ἠθέλησεν
1672 3495 1944 3564 ἑνωθῆναι

379 3590 444 3660 τῇ
468 3588 602 3656 ἁγίᾳ
635 3586 732 3638 καὶ
759 3586 972 3659 μεγάλῃ
994 3584 1185 3658 πρώτῃ
1215 3586 1418 3656 συνόδῳ
1439 3602 1452 3617 ·
1489 3588 1518 3640 ὀ
1574 3586 1838 3657 Εὑνόμιος
1874 3590 1942 3658 τῇ

374 3665 642 3752 δευτέρᾳ·
679 3681 707 3732 ὁ
763 3678 1052 3749 Νεστόριος
1090 3684 1152 3751 τῇ
1206 3681 1402 3751 τρίτῃ·
1439 3681 1466 3733 ὁ
1520 3681 1809 3750 Atéaxopo;
1875 3686 1945 3753 τῇ

375 3779 637 3848 τετάρτῃ,
675 3776 770 3828 καὶ
803 3775 921 3837 ταῖς
966 3773 1092 3843 ἑξῆς
1122 3773 1170 3825 oi
1209 3773 1417 3828 τούτων
1457 3772 1769 3827 ἀντίπαλοι.

457 3961 579 4010 Aur.
619 3956 682 4008 Ἦ
715 3955 943 4026 ἀλήθεια
973 3952 1144 4018 οὕτως
1179 3956 1312 4026 ἔχει.

468 4050 622 4104 Ῥακ.
664 4049 800 4103 Ἀλλ’
851 4051 1051 4102 ἐκεῖνοι
1091 4048 1357 4120 αἱρετικοὶ
1402 4041 1568 4118 ἦσαν,
1599 4044 1754 4110 οὗτος
1784 4045 1830 4099 δ’
1858 4045 1948 4100 εὐ-

383 4142 580 4211 λαῦὴς,
608 4142 698 4195 καὶ
730 4142 1032 4214 ὀρθόδοξος.

468 4235 625 4303 Ἀκρ.
658 4234 854 4306 Θαῦμά
887 4235 1024 4300 ἐστι,
1060 4232 1178 4297 πῶς
1231 4234 1329 4304 οὐχ
1379 4235 1578 4306 εὑρέθη
1639 4236 1732 4288 καὶ
1783 4234 1947 4297 ἄλλος

380 4331 616 4399 εὐλαόὴς
648 4329 746 4399 τῆς
773 4334 1006 4389 πίστεως
1034 4326 1127 4379 τοῦ
1162 4327 1402 4398 Χριστοῦ
1432 4331 1490 4380 ἐν
1516 4329 1698 4400 ἐκείνῃ
1725 4331 1790 4399 τῇ
1825 4328 1949 4398 ἱερᾷ

381 4425 754 4496 συναθροίσει,
789 4423 931 4493 πλὴν
961 4423 990 4476 ὁ
1048 4421 1278 4490 Ἐφέσου
1307 4423 1400 4473 κοιλ⁵
1453 4422 1634 4488 μόνος,
1671 4422 1805 4474 ἀλλὰ
1857 4423 1949 4474 καὶ

2029 1936 2426 2006 professionem
2457 1936 2676 2006 accipit,
2717 1954 2838 2006 quae
2868 1949 2922 1993 et
2977 1940 3031 1994 in
3088 1940 3227 1996 cmlo
3280 1942 3598 2010 adnotatur,

2031 2027 2177 2082 unde
2198 2027 2387 2082 abradi
2424 2043 2531 2082 non
2575 2029 2736 2085 valet.
2762 2028 2900 2084 Cum
2924 2045 3054 2085 vero
3076 2046 3108 2085 e
3135 2046 3434 2102 congressu
3459 2037 3596 2099 exit,

2031 2118 2296 2190 quidquid
2328 2121 2443 2188 ipse
2475 2129 2672 2191 patret,
2703 2136 2810 2175 non
2835 2129 3013 2191 potest
3040 2123 3184 2191 quod
3211 2123 3264 2176 in
3306 2139 3371 2178 ea
3417 2126 3599 2179 fassus

2031 2223 2142 2276 est,
2177 2213 2486 2268 immutare.
2541 2210 2682 2268 Hinc
2744 2224 2800 2270 et
2855 2214 2943 2270 isti
3005 2215 3133 2270 licet
3176 2217 3600 2284 tergiversentur

2037 2305 2355 2360 muneribus
2375 2314 2431 2362 et
2460 2303 2769 2362 honoribus
2787 2306 3025 2369 illectos.
3057 2315 3112 2361 et
3135 2308 3185 2360 vi
3217 2319 3440 2363 coactos
3470 2311 3595 2362 uni-

2039 2407 2120 2453 tos
2151 2395 2322 2452 fuisse
2347 2406 2401 2452 et
2434 2397 2858 2468 subscripsisse.
2907 2398 3095 2468 injurii
3130 2414 3262 2454 sane
3317 2408 3463 2464 sunt,
3500 2415 3600 2455 nec

2037 2503 2163 2542 vera
2193 2487 2548 2552 dicunt,cum
2605 2502 2796 2545 omnes
2849 2488 2952 2544 lati
3011 2490 3377 2559 promptique,
3433 2499 3489 2543 ut
3518 2490 3603 2544 di-

2039 2593 2185 2636 ctum
2215 2590 2319 2646 est,
2346 2591 2403 2637 et
2432 2580 2571 2636 uniti
2599 2591 2726 2639 sunt
2752 2592 2806 2638 et
2832 2583 3293 2652 subscripserunt.
3323 2581 3388 2636 Et
3420 2582 3603 2651 Ephe-

2041 2675 2123 2728 sio
2153 2692 2218 2730 eo
2247 2674 2300 2728 in
2332 2675 2472 2742 loco,
2499 2676 2551 2730 in
2584 2691 2696 2745 quo
2727 2691 2756 2730 a
2783 2673 2995 2732 Joanne
3016 2676 3426 2738 accersebatur,
3479 2677 3602 2729 red-

2040 2767 2216 2822 denda
2252 2771 2392 2824 ratio
2426 2778 2566 2822 erat.
2615 2767 2795 2834 Quare
2849 2769 3122 2822 immerito
3178 2771 3387 2838 synodo
3443 2784 3607 2836 espo-

2042 2860 2285 2925 stulatis,
2311 2875 2429 2914 eam
2467 2861 2745 2924 aberasse,
2768 2870 2822 2914 et
2851 2859 3177 2914 muneribus
3231 2873 3452 2914 sam-tos
3486 2860 3609 2912 illus

2044 2949 2194 3004 viros
2223 2953 2288 3004 ad
2321 2950 2776 3006 subscribendum
2801 2950 3154 3019 compulisse.
3181 2949 3296 3004 Non
3327 2951 3472 3004 enim
3533 2952 3608 3005 ita

2044 3050 2225 3097 actum
2250 3051 2326 3098 est
2353 3081 2370 3107 ,
2402 3058 2507 3099 non
2543 3051 2661 3110 cst;
2699 3059 2876 3114 neque
2897 3057 2984 3098 res
3015 3042 3086 3098 ibi
3116 3046 3185 3097 ita
3216 3053 3366 3114 gesta
3400 3053 3505 3100 est.

2113 3309 2280 3367 Rhac.
2307 3310 2396 3366 Sic
2428 3325 2560 3381 ergo
2591 3310 2713 3380 fuit,
2739 3312 2974 3384 ideoque
3025 3309 3293 3383 Ephesius
3348 3311 3613 3369 unionem

2045 3400 2262 3457 illorum
2281 3404 2571 3460 recusavit.

2116 3493 2266 3547 Pius.
2307 3493 2428 3548 Pari
2471 3495 2680 3551 ratione
2733 3507 2787 3552 et
2837 3497 3002 3554 Arius
3037 3510 3242 3553 sanctae
3295 3509 3352 3554 et
3405 3514 3616 3571 magna:

2045 3587 2232 3656 prima:
2259 3587 2448 3656 synodl
2483 3587 2741 3642 unionem
2792 3590 3125 3658 repudiavit,
3165 3589 3465 3644 Eunomius
3519 3605 3612 3644 se-

2045 3680 2256 3742 cundte,
2278 3677 2772 3743 Nestoriustertim,
2803 3680 3100 3736 Dioscorus
3138 3690 3366 3753 quarta,
3400 3689 3456 3735 et
3517 3696 3612 3734 ea-

2045 3786 2167 3827 rum
2205 3785 2327 3841 qua:
2381 3779 2565 3842 postea
2621 3772 2927 3828 subsecuta:
2981 3782 3131 3841 sunt,
3176 3784 3370 3828 earum
3415 3773 3616 3827 adrer-

2047 3864 2202 3920 sarﬁ.

2119 3955 2238 4012 Dic.
2272 3955 2422 4012 Dicta
2449 3957 2678 4026 hujusce
2709 3972 2797 4013 res
2821 3972 2985 4013 mera:
3002 3966 3150 4014 sunt.

2125 4051 2291 4106 “hac.
2319 4051 2426 4106 Sed
2463 4051 2796 4107 illilmreticl
2849 4060 3030 4119 erant,
3073 4050 3161 4108 hic
3211 4065 3344 4108 vero
3385 4051 3508 4124 pius
3565 4062 3620 4109 et

2050 4145 2409 4201 orthodusus.

2125 4238 2266 4293 And.
2323 4237 2518 4294 Mirum
2565 4253 2698 4294 sane
2720 4240 2854 4305 test,
2902 4255 3010 4295 non
3045 4255 3168 4297 esse
3232 4247 3506 4310 repertum
3568 4249 3623 4292 et

2051 4332 2218 4386 alium
2244 4331 2576 4386 Christiana:
2600 4331 2725 4386 lidei
2753 4333 3032 4386 addictum
3060 4332 3118 4386 in
3152 4331 3248 4386 illo
3294 4344 3455 4386 sacro
3493 4343 3624 4383 con-

2051 4438 2242 4493 gressu
2270 4432 2468 4492 praeter
2495 4437 2666 4477 unum
2696 4421 3012 4490 Ephesium.
3038 4423 3132 4475 sed
3157 4430 3212 4475 et
3241 4422 3618 4488 imperatorem

380 4520 656 4591 βασιλεὺς,
700 4517 797 4570 καὶ
831 4516 1202 4587 πατριάρχης,
1251 4516 1345 4567 καὶ
1401 4515 1552 4566 πᾶσα
1604 4516 1790 4582 ἐκείνη
1840 4513 1931 4564 τῶι

2053 4525 2106 4568 et
2131 4513 2524 4583 patriarcham,
2549 4522 2605 4568 et
2636 4513 2948 4567 universam
2988 4511 3135 4564 illam
3182 4522 3466 4563 sacrorum
3524 4507 3625 4559 lio-

381 4609 546 4681 ἱερῶν
568 4608 776 4678 ἀνδρῶν
799 4605 1018 4670 σύναξις
1037 4605 1240 4659 άπεσὰ)
1254 4622 1345 4658 ετο
1372 4607 1463 4658 τδν
1490 4607 1947 4676 Χριστιανισμὶν,

378 4705 476 4756 καὶ
506 4700 756 4771 ὲπώλησε
797 4699 894 4770 τὴν
947 4700 1042 4751 τοῦ
1099 4696 1338 4768 Χριστοῦ
1374 4697 1580 4762 πίστιν,
1642 4695 1738 4748 καὶ
1773 4695 1948 4764 παρέ-

377 4797 565 4848 δωκαν
621 4793 719 4855 τὰς
752 4792 930 4862 ψυχάς
983 4792 1165 4844 αὐτῶν
1202 4790 1280 4860 τῷ
1334 4789 1586 4858 διαϐόλῳ.
1621 4789 1794 4842 Τοῦτο
1843 4788 1954 4859 γὰρ

388 4887 586 4939 ἄτοπον
633 4883 864 4956 σφόδρα,
912 4885 1004 4938 καὶ
1045 4883 1432 4950 ἀσεϐέστατον,
1472 4884 1567 4937 καὶ
1613 4881 1838 4937 ἀκούειν
1889 4883 1952 4934 οὐ

383 4978 645 5048 δύναμαι.
1249 4961 1272 4974 λ

457 5073 610 5124 Εὺλ.
660 5068 944 5136 Ἐάσωμεν
969 5070 1069 5138 τῆς
1124 5067 1356 5130 ἀτοπίας
1403 5067 1608 5137 ταύτης
1659 5068 1723 5120 τὸ
1771 5067 1956 5139 μωρὸν

383 5166 566 5232 συμπὲ
579 5179 786 5234 ρασμα,
813 5165 908 5214 καὶ
935 5161 1288 5228 ἀναίσθητον,
1318 5160 1429 5222 τοῖς
1451 5160 1745 5213 ἀκούουσιν
1769 5160 1958 5228 ἐννοῆ-

2060 4608 2267 4660 minum
2289 4607 2791 4675 congregationem,
2842 4603 3324 4659 Christianismum
3381 4602 3622 4658 exuisse.
3715 4638 3724 4646 ς

2056 4713 2112 4755 et
2130 4699 2338 4754 Christi
2388 4699 2547 4753 tidem
2610 4698 2882 4763 amisisse,
2934 4696 3330 4765 tradidisseque
3374 4694 3625 4763 proprias

2057 4793 2270 4848 animas
2295 4792 2534 4847 diabolo.
2567 4791 2679 4847 Hoc
2695 4791 2948 4860 equidem
3004 4789 3302 4843 absurdum
3347 4796 3433 4843 est
3465 4787 3629 4840 nimis

2057 4896 2112 4940 et
2143 4885 2392 4954 impium,
2417 4894 2470 4940 ct
2497 4883 2611 4954 ipse
2629 4885 2822 4940 audire
2844 4899 2951 4938 non
2977 4881 3245 4938 sustineo.

2133 5070 2288 5126 Pius.
2371 5068 2608 5126 Absurdi
2664 5067 2896 5136 hujusce
2953 5064 3175 5120 stultam
3259 5063 3631 5130 insulsamque

2057 5163 2471 5218 conclusionem
2521 5160 2867 5216 auditoribus
2950 5157 3370 5214 examinandam
3427 5151 3634 5223 dijudi-

383 5274 501 5318 σαι,
532 5261 625 5308 καὶ
675 5257 882 5324 κρῖναι.
920 5253 991 5305 Συ
1017 5253 1074 5305 δὲ
1103 5249 1196 5304 νῦν
1224 5268 1316 5322 μοι
1358 5253 1590 5322 φράσον,
1623 5253 1676 5306 τί
1707 5255 1765 5305 ὲν
1815 5254 1931 5322 αὐτῇ

2063 5258 2400 5325 caudamque
2419 5255 2811 5324 relinquamus.
2861 5253 2941 5307 Tn
2973 5269 3139 5325 porro
3189 5265 3336 5307 nunc
3380 5247 3512 5302 mihi
3552 5245 3634 5299 di-

381 5345 675 5416 ἐπράλοης

2065 5351 2197 5411 cito,
2223 5349 2353 5418 quid
2384 5349 2438 5402 in
2469 5364 2529 5403 ea
2559 5356 2841 5418 peractum
2863 5348 2960 5400 sit.

471 5436 641 5490 Ῥακ.
671 5438 734 5490 Οἱ
773 5438 993 5490 Λατῖνοι
1037 5435 1311 5503 λέγουσιν,
1341 5436 1423 5490 ὅτι
1472 5456 1490 5490 ι
1537 5439 1611 5490 Τὸ
1638 5435 1864 5506 Πνεῦμα
1899 5454 1924 5488 τ

2141 5440 2304 5495 tiliae.
2329 5438 2508 5494 Latini
2537 5441 2749 5506 dicunt,
2789 5458 2807 5492 ι
2841 5438 3106 5510 Spiritum
3153 5444 3403 5494 sanctum
3434 5447 3502 5489 es
3535 5429 3638 5485 Pa-

384 5531 546 5598 ᾶγιον
571 5531 938 5601 ἐκπορεύεται
956 5533 1019 5583 ἐκ
1038 5530 1131 5583 τοῦ
1163 5531 1273 5582 ﬂat
1285 5530 1398 5600 ρδς,
1416 5531 1512 5583 καὶ
1537 5533 1600 5585 ὲκ
1628 5529 1720 5582 τοῦ
1742 5529 1870 5582 Υιοῦ
1888 5549 1902 5561 ·

2066 5543 2146 5588 tre
2195 5545 2248 5588 et
2277 5548 2340 5587 es
2363 5532 2500 5589 Filio
2537 5536 2855 5603 procedere.
2924 5550 2945 5585 ι
3009 5533 3116 5587 Nos
3165 5540 3346 5586 autem
3383 5527 3638 5592 dicimus,

393 5626 560 5695 ἡμεῖς
617 5625 673 5676 δὲ
717 5625 949 5694 λέγομεν
986 5642 1004 5676 ι
1043 5625 1106 5677 ὲκ
1136 5623 1230 5677 τοῦ
1269 5625 1481 5697 Πατρδις
1515 5625 1701 5695 μόνου.
1730 5644 1746 5675 ι
1785 5623 1860 5677 Β.
1900 5624 1931 5677 0

2073 5647 2089 5678 ε
2139 5643 2204 5681 ιιι
2254 5625 2417 5681 Patre
2475 5626 2615 5682 solo.
2681 5645 2698 5680 ι
2765 5625 3113 5689 Secundum,
3163 5623 3342 5678 Latini
3409 5623 3637 5678 dicunt:

388 5719 612 5770 Λατῖνοι
665 5717 935 5784 λέγουσιν,
966 5716 1047 5769 ὅτι
1086 5734 1104 5767 ι
1143 5717 1220 5767 Δι’
1266 5716 1479 5786 ἀζύμου
1511 5717 1718 5784 γίνεται
1770 5716 1828 5768 τὸ
1859 5709 1929 5768 ’το

2075 5737 2092 5769 ε
2130 5717 2266 5772 Tum
2297 5720 2346 5771 in
2384 5734 2524 5788 pauc
2548 5734 2764 5789 azytno,
2807 5728 2918 5772 tum
2948 5718 3003 5772 in
3057 5717 3384 5773 l'ermcutato
3447 5711 3642 5767 conﬁci

388 5809 630 5878 Χριστοῦ
698 5810 889 5880 σῶμα·
945 5828 963 5860 ›
1014 5811 1184 5878 ’ἡμεῖς
1233 5807 1345 5880 δ’]
1388 5810 1848 5879 arrange-96950::
1903 5827 1928 5862 τ

2071 5826 2203 5882 corp
2245 5808 2524 5868 sClu'isti.
2565 5830 2582 5864 ι
2639 5811 2774 5881 Nos,
2826 5829 2845 5863 ι
2911 5810 3176 5879 Azyuium
3229 5819 3488 5878 tauquam
3544 5802 3642 5858 Ju-
