4028 6454
550 340 659 402 999

1503 339 1819 401 JOSEPIII
1860 338 2177 400 ΜΕῚἮΟΝ
2188 336 2415 399 ENSIS
2460 332 2800 397 EPISCOPI

3659 332 3780 398 1000

559 472 614 511 ut
640 474 726 513 res
755 458 905 514 vobis
949 458 1189 529 apertius
1239 467 1442 528 pateat,
1474 458 1852 515 Occidentales
1902 459 2123 529 quidem

2231 456 2421 525 Ὅμως
2453 456 2542 508 διὰ
2589 456 2761 508 πλείω
2811 454 3117 520 σαφήνειαν
3171 448 3483 518 ὑμετέραν,
3535 448 3652 510 τοὺς
3702 454 3785 518 μὲν

560 552 749 607 Patres
774 564 827 607 et
849 553 1097 607 doctores
1128 552 1442 621 praeteribo,
1487 550 1796 607 Orientales
1829 567 1959 604 vero
2011 567 2128 604 Ina-

562 648 765 716 εῖδει-οδ
790 654 844 700 et
881 644 1068 701 Patres
1099 646 1202 700 hoc
1235 644 1377 700 idem
1407 656 1724 701 asserentes
1756 644 2055 699 adducam.

642 827 784 882 And.
813 830 1011 882 Animo
1072 827 1268 894 Patris,
1298 827 1544 895 domine,
1613 829 1852 884 remedia
1906 829 2124 886 adhibe.

560 918 663 973 Per
685 919 987 974 Orientales
1014 918 1200 974 Patres
1218 919 1560 990 propositum
1582 919 2020 976 demonstretur.

631 1100 794 1157 Rhac.
822 1101 1049 1157 Domine
1071 1116 1258 1165 senex,
1290 1116 1358 1155 ne
1383 1102 1587 1156 frustra
1618 1107 1833 1170 tempus
1864 1109 2128 1158 teramus.

554 1196 712 1262 Quod
749 1194 1155 1265 proposuimus.
1202 1194 1549 1263 paucioribus
1598 1194 1828 1264 explica,
1874 1196 2132 1267 dictaque

558 1288 744 1359 Testis
797 1288 1004 1357 scripto
1067 1287 1244 1341 tradat
1306 1286 1579 1342 ﬁdeliter:
1626 1301 1863 1358 namque
1923 1290 2132 1358 optime

559 1380 754 1443 calleo,
791 1380 998 1433 nullum
1037 1386 1089 1433 te
1130 1376 1346 1433 Patrem
1400 1387 1771 1447 ostensurum,
1828 1382 1920 1451 qui
1959 1366 2129 1446 dicat,

560 1470 826 1541 Spiritum
864 1460 1119 1526 sanctum
1147 1468 1442 1541 procedere
1471 1485 1534 1525 ex
1564 1469 1725 1527 Filio.

633 1652 825 1709 Testis.
863 1654 1056 1708 Annon
1119 1653 1272 1710 vides
1336 1670 1424 1711 tne
1462 1655 1690 1711 dextera
1753 1656 2025 1712 calamum
2058 1668 2132 1713 te-

563 1758 802 1812 nentem,
832 1746 1060 1802 sinistra
1112 1746 1389 1812 volumen,
1452 1755 1512 1805 ut
1543 1762 1665 1815 qua
1702 1746 1933 1803 dicenda
1980 1759 2130 1814 sunt,

558 1840 743 1895 onmia
769 1839 977 1909 scripto
1003 1838 1363 1909 eonsignem?
1758 1882 1759 1885 η

632 1931 786 1987 Catii.
820 1931 885 1985 Et
921 1945 1052 1987 sane
1076 1931 1283 2001 primus
1333 1939 1460 1987 ante
1507 1930 1665 1999 alios,
1700 1948 1892 2003 magna
1950 1932 2134 1990 Eccle-

560 2024 654 2078 siae
680 2024 934 2078 columna
968 2022 1183 2077 divinus
1218 2032 1273 2077 et
1308 2037 1468 2079 sacer
1519 2024 1854 2080 Athanasius
1908 2026 1963 2080 in
2018 2042 2132 2081 sua:

562 2120 685 2175 tidei
743 2119 1109 2189 professione,
1166 2134 1331 2189 quam
1389 2116 1609 2174 Liberio
1653 2134 1804 2190 papae
1862 2120 2127 2187 exhibuit,

561 2212 723 2280 cujus
788 2208 920 2265 illud
976 2209 1299 2279 principium
1346 2218 1431 2266 est
1474 2225 1489 2263 :
1528 2228 1549 2263 ι
1638 2211 1963 2280 Quicunque
2018 2212 2130 2266 vult

559 2302 743 2358 salvus
763 2316 909 2369 esse,
938 2320 958 2355 ι
1010 2320 1028 2353 ι
1070 2299 1311 2373 Spiritus
1342 2310 1594 2367 sanctus,
1630 2302 1735 2367 ait.‘
1786 2317 1816 2357 a
1852 2301 2017 2359 Patre
2076 2313 2131 2359 et

560 2394 698 2450 Filio
725 2410 831 2449 nou
886 2394 1084 2460 factus,
1145 2408 1255 2448 non
1313 2402 1557 2458 creatus,
1591 2408 1700 2449 non
1761 2393 2001 2465 genitus,
2032 2394 2127 2451 sed

561 2488 890 2557 procedens.
935 2504 954 2538 ι
991 2488 1072 2539 Att
1121 2487 1419 2557 quidquam
1453 2486 1755 2556 oppones?
1804 2487 1999 2543 Nonae
2046 2496 2131 2543 est

560 2593 785 2633 sanctus
810 2580 910 2633 iste
960 2588 1015 2633 et
1047 2576 1305 2633 Ecclesiae
1332 2576 1563 2632 doctor?

634 2756 796 2812 thac.
832 2756 933 2811 Per
958 2772 1063 2823 me,
1101 2762 1328 2811 sanctus
1377 2761 1459 2808 est
1503 2763 1558 2809 et
1606 2754 1837 2823 doctor;
1888 2764 2127 2813 attamen

559 2850 768 2906 dictum
806 2866 836 2905 a
866 2860 918 2907 te
977 2849 1202 2905 allatum
1256 2848 1310 2902 iu
1345 2848 1519 2903 dubio
1551 2858 1657 2915 est,
1704 2864 1775 2904 an
1825 2849 2129 2921 legitimum

560 2943 705 2997 illius
725 2944 817 2998 sit.

629 3034 785 3090 Catii.
824 3035 890 3091 Et
908 3036 1183 3106 quomodo
1208 3038 1452 3095 doctoris
1483 3039 1647 3109 hujus
1676 3038 1979 3107 legitimum
2017 3052 2126 3092 non

558 3128 747 3196 fuerit,
781 3144 908 3184 cum
941 3128 994 3184 id
1029 3130 1171 3186 idem
1204 3140 1416 3201 repetat
1455 3132 1657 3200 saepius
1688 3130 1812 3185 aliis
1855 3128 1973 3185 suis
2003 3144 2129 3185 ora-

558 3222 840 3277 tionibus?

625 3311 793 3367 thac.
820 3313 1073 3378 Quibus?

629 3402 785 3460 Catii.
812 3403 999 3471 Libro,
1033 3421 1197 3477 quem
1228 3407 1499 3464 adversus
1556 3406 1793 3464 Arianos
1833 3407 2129 3475 scripserat

558 3494 746 3551 multis
782 3495 835 3550 in
866 3495 998 3552 locis
1020 3497 1073 3552 id
1094 3497 1307 3565 asserit,
1342 3498 1433 3555 sed
1469 3499 1814 3571 potissimum
1843 3500 1933 3555 ubi
1951 3498 2125 3555 dicit:

559 3608 579 3640 ι
615 3587 682 3643 Ει
715 3590 829 3643 haec
856 3589 1074 3659 quidem
1113 3589 1316 3648 Judaeis
1345 3601 1607 3663 tanquam
1655 3592 1822 3647 homo
1865 3591 2127 3649 Dominus

554 3680 813 3736 dicebat:
858 3681 1150 3754 Discipulis
1186 3697 1314 3739 vero
1360 3684 1615 3741 deitatem
1676 3700 1741 3741 ac
1798 3684 2127 3757 magnitudi-

555 3789 679 3828 nem
716 3789 870 3830 suam
895 3777 1215 3842 ostendens,
1240 3794 1346 3833 non
1377 3777 1645 3834 minorem
1672 3793 1731 3834 se
1763 3776 1996 3849 Spiritu,
2028 3777 2124 3833 sed

555 3864 815 3935 majorem
871 3876 927 3922 et
963 3867 1228 3938 aequalem
1284 3884 1410 3926 esse
1449 3871 1788 3943 signiﬁcans,
1828 3871 2127 3926 exhibebat

552 3956 775 4027 quidem
806 3957 1098 4031 Spiritum,
1143 3961 1513 4032 dicebatque:
1554 3962 1668 4035 Ego
1707 3964 1861 4019 illum
1890 3965 2120 4030 mittam,

552 4063 603 4107 et
632 4054 726 4107 ille
769 4070 851 4107 me
883 4054 1228 4123 gloriﬁcabit.
1292 4074 1312 4110 ι
1375 4056 1691 4127 Cognovisti
1754 4059 1939 4129 itaque
1992 4060 2125 4131 quid

556 4147 789 4200 innuere
839 4146 974 4209 vult,
1018 4144 1283 4214 majorem
1343 4154 1399 4201 et
1432 4150 1700 4219 aqualem
1760 4149 1942 4219 ipsum
2002 4164 2129 4207 esse

555 4234 785 4304 Spiritu,
848 4236 1117 4306 aequalem
1188 4235 1493 4291 secundum
1567 4237 1971 4307 substantiam;
2056 4256 2128 4295 ex

559 4324 736 4380 tribus
764 4326 909 4380 enim
946 4323 1199 4395 personis
1254 4325 1405 4381 nulla
1436 4328 1631 4398 major,
1666 4339 1764 4384 aut
1796 4332 1995 4400 minor,
2034 4341 2130 4387 aut

553 4418 814 4486 essentia,
847 4427 941 4472 aut
970 4417 1261 4473 divinitate
1317 4426 1427 4485 est,
1485 4419 1584 4475 sed
1650 4435 1864 4477 summa
1902 4423 1957 4478 in
2020 4422 2126 4479 illis

2228 547 2490 610 Δυτικοὺς
2522 547 2733 615 ἁγίους,
2789 547 2886 598 καὶ
2922 542 3303 603 διδασκάλους
3358 541 3508 594 ἐάσω
3530 555 3543 567 ·
3597 542 3713 604 τοὺς
3742 544 3794 595 δὲ

2248 637 2612 701 Ανατολικοὺς
2633 636 2988 699 διδασκάλους
3010 651 3070 688 τε
3101 635 3205 689 καὶ
3241 631 3444 702 ἁγίους
3474 631 3680 702 ἐκθήσω
3701 649 3790 696 σοι,

2230 734 2389 788 τοῦτο
2417 735 2697 803 λέγοντας.

2314 827 2468 894 Ἀκρ.
2500 827 2873 899 θεράπευσον,
2906 824 3176 888 δέσποτα,
3207 840 3315 893 την
3346 822 3535 893 ψυχὴν
3582 825 3673 877 τοῦ
3705 828 3792 879 Πα-

2231 917 2385 987 τρός.
2417 919 2599 983 Δεῖξον
2629 916 2779 988 αὐτῷ
2806 916 2868 971 τὸ
2901 917 3306 989 προκείμενον,
3338 916 3413 968 δι’
3460 914 3787 971 Ἀνατολικῶν

2230 1009 2428 1077 ἁγίων.

2318 1098 2486 1158 Ῥακ.
2531 1103 2701 1174 Κύριε
2760 1103 3125 1176 πρεσϐύτερε,
3182 1099 3267 1170 μὴ
3302 1099 3685 1171 διατρίϐωμεν
3714 1099 3769 1152 τὸν

2233 1196 2430 1265 καιρὸν
2481 1197 2562 1259 εἰς
2615 1195 2813 1267 μάτην.
2863 1196 2929 1249 Ὃ
2974 1192 3367 1265 προεθέμεθα,
3412 1192 3776 1263 συντομώτερον

2231 1285 2381 1354 λέγε.
2414 1286 2525 1341 Καὶ
2578 1285 2926 1356 σημεωύσθω
2979 1285 3009 1339 6
3050 1286 3291 1354 Μάρτυς
3343 1285 3465 1345 τοῖς
3521 1282 3785 1352 εἰρημένοις

2233 1376 2442 1441 καλῶς.
2474 1377 2788 1447 Πέπεισμαι
2834 1377 2965 1445 γὰρ,
2998 1376 3080 1430 ὅτι
3114 1374 3323 1430 οὐδένα
3356 1372 3549 1444 δείξῃς
3582 1389 3667 1444 μοι
3709 1371 3787 1425 τῶν

2232 1469 2409 1536 ἁγίων
2466 1471 2530 1523 ἐκ
2582 1467 2678 1523 τοῦ
2712 1469 2845 1523 Υίοῦ
2889 1468 3122 1537 λέγοντα
3172 1468 3240 1521 τὸ
3274 1465 3519 1538 Πνεῦμα
3571 1467 3632 1520 τὸ
3673 1467 3788 1535 ἆγιον

2235 1560 2652 1629 ἐκπορεύεσθαι.

2304 1650 2491 1719 Μάρτ.
2513 1652 2625 1722 Οὐχ
2645 1651 2778 1724 ὁρᾷς
2806 1653 2872 1724 τῇ
2900 1653 3000 1723 μὲν
3026 1649 3178 1723 δεξιᾷ
3210 1651 3373 1723 χειρὶ
3408 1647 3709 1721 κρατοῦντα
3725 1646 3792 1700 τὸν

2235 1743 2501 1813 κάλαμον,
2530 1745 2596 1814 τῇ
2622 1744 2668 1798 δ’
2702 1744 2975 1817 ἀριστερᾷ
3003 1745 3063 1799 τὸ
3097 1743 3349 1815 βιϐλίον,
3372 1741 3726 1815 σημειοῦσθαι
3743 1739 3791 1792 τὰ

2161 1839 2205 1899 Β
2236 1832 2535 1902 εἰρημένας

2303 1926 2451 1980 Kal).
2488 1925 2700 1981 Λύτίκα
2742 1928 2853 1998 γὰρ
2886 1928 2916 1982 6
2949 1927 3123 1997 μέγας
3161 1930 3273 1999 τῆς
3322 1926 3658 1997 Ἐκκλησίας
3692 1923 3790 1978 στῦ-

2236 2017 2326 2082 λος
2359 2019 2388 2072 ό
2421 2017 2567 2083 θεῖος
2614 2019 2691 2091 τῷ
2739 2020 2852 2075 ὄντι
2897 2021 2994 2075 καὶ
3043 2020 3189 2087 ίερδς
3246 2020 3607 2085 Ἀθανάσιος,
3656 2019 3708 2071 ὲν
3745 2018 3792 2083 τῇ

2246 2110 2548 2183 Ὀμολογίᾳ
2578 2113 2677 2182 τῆς
2717 2113 2915 2168 ἑαυτοῦ
2964 2115 3230 2181 πίστεως,
3290 2117 3366 2186 ἧν
3416 2115 3637 2183 ἐξέθετο
3685 2111 3791 2180 πρὸς

2231 2204 2490 2274 Δισέριον
2516 2204 2776 2269 πάππαν,
2806 2202 2871 2279 ἧς
2900 2209 2933 2278 ἡ
2966 2207 3135 2279 ἀρχὴ,
3174 2225 3193 2259 ι
3229 2208 3437 2271 Ὅστις
3473 2208 3542 2262 ἂν
3572 2205 3791 2277 βούληται

2234 2295 2495 2365 σωθῆναι,
2520 2314 2617 2348 ι-
2643 2316 2661 2350 ι
2684 2298 2757 2351 Τὸ
2779 2299 3003 2368 Πνεῦμα
3047 2300 3108 2353 τὸ
3147 2301 3338 2369 ἇγιον,
3376 2300 3566 2367 φησιν,
3600 2298 3702 2351 ἀπὸ
3720 2294 3787 2348 τοῦ

2232 2388 2470 2457 Πατρδς,
2500 2396 2594 2444 καὶ
2650 2389 2747 2445 τοῦ
2782 2390 2934 2458 Υίοῦ,
2962 2393 3023 2446 οὐ
3057 2393 3315 2463 ποιητὸν,
3347 2394 3413 2447 οὐ
3444 2388 3788 2454 κτιστδν,οὐδὲ

2229 2481 2514 2552 γεννητὸν,
2550 2483 2666 2537 ἀλλ’
2697 2485 3057 2553 ἐκπορευτόν.
3101 2504 3121 2538 ι
3171 2486 3241 2542 Τί
3277 2487 3423 2556 πρὸς
3458 2487 3620 2540 τοῦτο
3673 2485 3785 2552 ἔχεις

2229 2576 2434 2638 είπεῖν;
2469 2575 2583 2629 Οὐκ
2613 2573 2760 2629 ἔστιν
2790 2576 2946 2646 ἅγιος
2977 2572 3160 2646 οὗτος,
3196 2582 3303 2635 καὶ
3338 2579 3443 2649 τῆς
3493 2576 3789 2646 Ἐκκλησὶις

2228 2665 2549 2730 διδάσκαλος
2570 2683 2586 2732 ;

2313 2758 2470 2815 Ῥακ.
2512 2760 2703 2829 Ἀγιον
2734 2760 2835 2831 μὲν
2879 2765 2975 2819 καὶ
3001 2763 3335 2821 διδάσκαλον
3366 2766 3502 2838 ἔχω,
3547 2765 3682 2833 πλὴν
3711 2764 3789 2828 ἀμ-

2232 2850 2530 2920 φιδάλλων,
2559 2853 2637 2926 μὴ
2662 2850 2804 2909 εἷναι
2824 2858 2926 2929 τὴν
2951 2857 3112 2930 ῥῆσιν
3134 2861 3353 2931 ταύτην
3380 2860 3616 2931 γνησίαν
3630 2853 3784 2910 αὑτοῦ.

2302 3037 2448 3090 Καθ.
2486 3037 2611 3103 Πῶς
2644 3039 2744 3093 οὐκ
2771 3040 2888 3096 ἔστι
2941 3044 3146 3117 γνησία
3176 3043 3280 3099 τοῦ
3310 3044 3638 3099 διδασκάλου
3664 3040 3786 3094 τοῦδε

2230 3127 2265 3197 ἢ
2298 3129 2459 3198 ῥῆσις
2488 3130 2651 3203 αὕτη,
2690 3134 2773 3187 ὅτι
2803 3136 2862 3189 εν
2893 3136 3109 3201 πολλοῖς
3137 3136 3329 3204 ἄλλοις
3359 3139 3542 3208 λόγοις
3566 3135 3718 3192 αὐτοῦ
3744 3133 3789 3187 τὸ

2231 3219 2365 3273 αὐτὸ
2406 3222 2566 3277 τοῦτο
2595 3223 2777 3293 λέγει;

2312 3312 2479 3368 Ῥακ.
2515 3314 2627 3369 Ποῦ
2655 3316 2720 3388 δή
2744 3334 2761 3385 ;

2301 3408 2448 3460 Καθ.
2482 3405 2575 3461 Ἐν
2626 3409 2704 3481 τῷ
2754 3410 2903 3466 κατὰ
2943 3412 3252 3483 Ἀρειανῶν
3284 3417 3484 3489 βιϐλίῳ
3538 3412 3715 3477 αὐτοῦ,
3741 3411 3786 3464 tv

2228 3497 2446 3563 πολλοῖς
2470 3501 2575 3572 μὲν
2594 3501 2782 3564 τόποις
2803 3503 2961 3559 τοῦτο
2981 3505 3156 3576 λέγει,
3181 3510 3396 3577 μᾶλλον
3411 3510 3470 3564 δὲ
3498 3512 3601 3564 κὰν
3617 3505 3784 3573 τούτῳ.

2229 3590 2360 3645 ἔνθα
2391 3595 2550 3665 φησὶ,
2589 3614 2609 3648 ι
2639 3595 2880 3651 Τοιαῦτα
2909 3598 3009 3669 μὶν
3037 3603 3150 3665 τοῖς
3184 3602 3474 3667 Ἰουδαίοις
3508 3601 3585 3667 ὡς
3606 3599 3783 3668 ἄνθρω-

2230 3699 2332 3749 πος
2365 3685 2395 3739 6
2431 3685 2634 3758 Κύριος
2666 3688 2821 3757 ἔλεγε
2848 3706 2865 3725 ⁸
2894 3694 3007 3757 τοῖς
3047 3693 3104 3747 δὲ
3140 3696 3424 3769 μαθηταῖς
3457 3698 3557 3769 τὴν
3585 3695 3781 3760 ϐιότητα

2229 3781 2325 3834 καὶ
2366 3780 2768 3851 μεγαλειότητα
2797 3781 3012 3849 δεικνὺς
3044 3786 3264 3855 ἑαυτοῦ,
3301 3791 3405 3845 οὐκ
3437 3791 3519 3844 ἔτι
3554 3789 3778 3842 ἐλάττονα

2229 3867 2429 3923 ἑαυτὸν
2457 3872 2554 3926 τοῦ
2590 3872 2932 3945 Πνεύματος,
2976 3877 3112 3931 ἀλλά
3137 3881 3369 3949 μείζονα
3417 3884 3513 3936 καὶ
3543 3882 3651 3935 ίσον
3675 3876 3779 3930 ὄντα

2231 3965 2538 4032 σημαίνων,
2565 3965 2737 4020 ἐδίδου
2775 3969 2876 4037 μὲν
2903 3968 2964 4022 τὸ
2994 3970 3247 4042 Πνεῦμα,
3284 3977 3383 4029 καὶ
3422 3976 3632 4043 ἔλεγεν,
3661 3964 3776 4034 Ἐγὼ

2229 4057 2379 4109 αὐτὸ
2406 4057 2749 4124 ἀποστελῶ,
2774 4060 3061 4132 κάκεῖνος
3092 4065 3199 4135 ἐμὲ
3230 4067 3508 4133 δοξάσει.
3541 4086 3560 4119 ι
3598 4065 3775 4130 Ἐγνως

2229 4147 2361 4217 ἄρα,
2391 4149 2444 4202 τί
2471 4149 2671 4221 δηλοῦν
2706 4152 2985 4222 βούλεται,
3022 4159 3084 4213 τὸ
3116 4159 3344 4229 μείζονα
3381 4163 3479 4215 καὶ
3512 4159 3621 4212 ἴσον
3642 4152 3773 4208 αὑτὸν

2230 4235 2370 4293 εἶναι
2415 4242 2512 4296 τοῦ
2543 4244 2898 4317 Πνεύματοςο
2933 4251 3048 4305 ἴσον
3080 4252 3182 4323 μὲν
3229 4255 3377 4308 κατὰ
3400 4254 3463 4307 τὸ
3484 4250 3769 4321 ὁμοούσιον⁶

2231 4332 2384 4386 οὐδὲν
2408 4334 2517 4405 γὰρ
2546 4336 2656 4391 τῶν
2693 4338 2864 4408 τριῶν
2894 4342 3210 4412 προσώπων
3244 4348 3434 4413 μεῖζον
3465 4344 3559 4397 καὶ
3585 4339 3771 4393 ἔλαττον

2231 4428 2299 4498 τῇ
2341 4427 2526 4500 οὐσία,
2566 4429 2662 4484 καὶ
2691 4434 2756 4504 τῇ
2791 4430 3035 4505 θεότητι,
3070 4436 3188 4489 ἀλλ’
3230 4437 3379 4509 ἄκρα
3417 4438 3627 4504 ἰσότης*
3679 4424 3769 4499 μεί-

553 4511 884 4582 requalitas:
919 4511 1208 4581 majorem,
1272 4510 1418 4582 quod
1478 4510 1548 4567 ab
1587 4528 1653 4568 eo
1711 4513 1930 4585 habeat,
1978 4517 2125 4588 quod

2233 4519 2362 4585 ζονα
2393 4520 2473 4589 δὲ,
2495 4524 2579 4577 ὅτι
2609 4524 2706 4578 ἀπ’
2740 4526 2956 4580 ἐκείνου
2983 4528 3042 4581 τὸ
3069 4523 3210 4583 εἶναι
3238 4529 3379 4600 ἔχει.

553 4604 648 4660 sit.

624 4695 793 4752 Rhac.
819 4694 1113 4767 Nunquam
1148 4712 1251 4767 ego
1278 4698 1421 4753 hanc
1447 4697 1784 4755 sententiam
1836 4702 2124 4774 conspexi.

553 4789 661 4844 Sed
689 4804 912 4844 recense
948 4788 1081 4843 mihi
1109 4798 1163 4844 et
1195 4790 1332 4847 alios
1356 4792 1633 4847 doctores.

622 4879 763 4933 Aud.
792 4880 1001 4936 Audias
1030 4891 1086 4936 tu
1129 4882 1529 4951 tantummodo,
1562 4883 1863 4958 ejiciasque
1928 4901 2125 4945 vanam

550 4982 722 5042 atque
750 4975 967 5027 inanem
995 4983 1343 5045 antecaptam
1379 4977 1567 5033 animo
1597 4978 1943 5049 opinionem.
1978 4981 2130 5037 Inter

549 5068 696 5119 enim
729 5065 833 5117 alia
886 5066 1051 5133 mala,
1093 5068 1296 5137 quibus
1342 5084 1521 5139 genus
1569 5069 1871 5125 humanum
1928 5086 2127 5127 cumu-

552 5158 728 5223 lastis,
762 5156 866 5211 hoc
903 5172 1122 5228 quoque
1160 5169 1264 5227 est,
1330 5160 1476 5215 nolle
1514 5161 1771 5232 cuiquam
1806 5179 1873 5218 ex
1928 5164 2128 5221 Catho-

550 5251 673 5305 Iteis
700 5248 766 5303 de
804 5248 1080 5303 similibus
1113 5250 1406 5305 disserenti
1473 5269 1641 5307 aures
1705 5256 1971 5323 praebere,
2031 5257 2127 5311 sed

551 5359 648 5397 eas
711 5341 987 5398 obturatis
1041 5357 1110 5396 ne
1162 5359 1389 5413 pravam
1447 5346 1823 5416 suspicionem
1869 5346 2126 5406 amolitos

552 5437 836 5505 paniteat.
901 5433 983 5488 Tu
1040 5450 1211 5501 vero,
1260 5438 1353 5507 qui
1392 5437 1721 5509 interrogas,
1784 5439 2127 5497 Catholicutu

552 5525 702 5579 audi.

622 5613 781 5668 Catii.
815 5615 1044 5688 Magnus
1105 5615 1364 5682 Basilius,
1429 5619 1570 5675 libro
1625 5619 1893 5677 adversus
1939 5621 2127 5677 Euno-

554 5708 723 5758 tnium
751 5711 914 5763 tertio
943 5710 1017 5761 ait
1052 5730 1063 5763 :
1102 5728 1118 5760 ι
1191 5712 1320 5775 Qua:
1355 5712 1500 5765 enim
1567 5715 1887 5781 necessitas,
1963 5718 2010 5770 si
2048 5718 2127 5771 di-

558 5799 764 5859 gnitate
815 5811 868 5854 et
916 5801 1112 5856 ordine
1170 5815 1363 5877 tertus
1412 5813 1497 5859 est
1559 5805 1802 5873 Spiritus
1876 5819 2123 5876 sanctus,

2311 4707 2469 4761 Ῥακ.
2505 4705 2721 4763 Οΰποτε
2756 4711 2857 4781 τὴν
2886 4713 3047 4784 ῥῆσιν
3083 4714 3197 4784 ἐγὼ
3216 4718 3427 4785 ταύτην
3455 4711 3612 4770 εἶδον.
3654 4704 3769 4764 Ἀλλ’

2234 4798 2541 4869 ἀριθμησόν
2572 4817 2667 4870 μοι
2711 4802 2808 4856 καὶ
2835 4802 3028 4870 ἄλλους
3061 4808 3171 4862 τῶν
3195 4809 3551 4863 διδασκάλων.

2301 4891 2468 4960 ’Axp.
2515 4893 2651 4947 Θέλε
2696 4896 2858 4964 μόνον
2906 4899 3150 4968 ἀκούειν,
3190 4905 3285 4959 καὶ
3345 4900 3642 4975 ἀπόρριψον
3688 4889 3767 4959 τὴν

2232 4984 2397 5054 κενὴν
2435 4986 2532 5038 καὶ
2584 4989 2823 5056 ματαίαν
2854 4990 3148 5063 πρόληψιν.
3202 4995 3311 5049 Σὺν
3335 4995 3443 5065 γὰρ
3474 4992 3581 5053 τοῖς
3612 4984 3764 5042 ἄλλοις

2232 5078 2445 5142 κακοῖς,
2475 5072 2557 5141 οἷς
2586 5079 2716 5142 τοὺς
2744 5080 3071 5151 ἀνθρώπους
3093 5086 3452 5158 ἐνεπλήσατε,
3482 5084 3539 5138 ἓν
3558 5084 3666 5135 ἐστι
3690 5071 3766 5125 καὶ

2230 5166 2410 5232 τοῦτο,
2437 5169 2498 5223 τὸ
2555 5170 2631 5241 μὴ
2665 5172 2877 5227 ἐθέλειν
2920 5175 3145 5231 ἀκούειν
3173 5180 3319 5245 τινὸς
3352 5180 3458 5233 τῶν
3490 5165 3760 5230 κιθολικῶν

2231 5261 2363 5330 περὶ
2406 5259 2614 5315 τούτων
2646 5262 3071 5335 διαλεγομένων,
3120 5270 3261 5324 ἀλλὰ
3316 5269 3511 5325 κλείειν
3554 5263 3617 5317 τὰ
3642 5251 3755 5314 ὦτα,

2231 5352 2322 5407 ἵνα
2373 5354 2449 5424 μὴ
2504 5353 2600 5425 τὴν
2640 5359 2880 5428 πονηρὰν
2919 5358 3181 5416 ὑπόνοιαν
3236 5361 3644 5436 ἀπορρίψαντες,
3685 5344 3751 5403 εἷς

2233 5444 2528 5515 μετάνοιαν
2581 5446 2837 5504 ἔλθωσιν.
2898 5451 2971 5506 Σὺ
3021 5454 3079 5507 δι
3141 5458 3268 5510 επεὶ
3317 5454 3519 5526 ἐρωτᾷς
3566 5438 3749 5516 μαθεῖν’

2230 5534 2468 5588 ἄκουσον
2498 5535 2591 5589 τοῦ
2620 5538 2950 5598 Καθολικοῢ.

2299 5630 2445 5683 Καθ.
2488 5629 2548 5683 Ὀ
2581 5630 2754 5700 μέγας
2801 5633 3080 5703 Βασίλειος
3106 5640 3166 5694 ὲν
3224 5643 3302 5713 τῷ
3356 5638 3470 5694 κατ’
3521 5621 3743 5693 Ηῦνομίου

2229 5719 2399 5790 τρίιῳ
2436 5723 2638 5790 φησίνο
2680 5746 2700 5777 ε
2736 5725 2832 5789 Τίς
2868 5730 2977 5803 γὰρ
3021 5732 3261 5805 ἀνάγκη,
3312 5738 3359 5789 εί
3407 5731 3477 5799 τῷ
3515 5722 3739 5805 ἀξιώμῖατι

2232 5812 2326 5866 καὶ
2355 5816 2423 5884 τῇ
2455 5814 2600 5880 τάξει
2629 5816 2812 5885 τρίτον
2841 5820 3081 5893 ὑπάρχει
3110 5828 3171 5879 τὸ
3196 5803 3609 5895 ιίνεῦμα,τρίτον
3627 5803 3738 5860 εἶναι
