4028 6408
435 393 563 456 ιῡοι

1379 399 1884 462 DISCEPTATIO
1913 401 2062 462 PRO
2091 398 2309 460 CONC.
2354 395 2724 461 FLORENT.

3531 392 3667 458 1003

425 503 572 580 ἀὐτὸ
599 502 696 556 καὶ
722 507 788 574 τῇ
823 504 1018 574 (ptiust;
1052 505 1343 576 ’Δξιὼματι
1380 507 1480 575 μὲν
1502 509 1629 577 γὰρ,
1660 506 1997 577 δευτερεύειν

2108 504 2320 556 tertium
2346 520 2467 558 esse
2502 519 2718 573 quoque
2752 512 2806 556 et
2841 511 3032 554 natura
3061 501 3084 554 ?
3117 500 3360 568 Namque
3398 497 3670 568 dignitate

433 594 525 646 τοῦ
559 592 712 657 Υίοῦ,
746 594 878 664 παρ’
906 595 1072 648 αὐτοῦ
1099 598 1168 648 τὸ
1198 591 1337 651 εἶναι
1371 598 1514 667 ἔχον,
1550 598 1643 648 καὶ
1671 598 1804 663 παρ’
1826 596 1995 650 αὑτοῦ

431 689 494 738 λα
505 686 732 756 μὸἀνον,
750 687 844 740 καὶ
865 675 1197 754 ἀναγγέλλον
1226 687 1380 756 ἡμῖν.
1409 687 1504 739 καὶ
1535 687 1670 748 ὅλως
1697 691 1797 756 τῆς
1818 686 1996 748 αἰτίας

431 777 640 845 ἐκείνης
689 775 1017 845 ἐξημμένον,
1052 779 1420 848 παραδίδωσιν
1467 777 1497 828 ὀ
1553 777 1651 846 τῆς
1705 776 1996 839 εὐσεϐείας

429 869 584 933 Μγος
612 881 626 896 ·
669 867 828 931 φύσει
866 867 923 919 δὲ
957 869 1115 938 τρίτῃ
1166 867 1491 937 κεχρῆσθαι,
1522 865 1649 918 οῦτε
1696 868 1849 936 παρὰ
1886 865 1996 920 τῶν

429 958 599 1026 ἁγίων
623 957 858 1026 Γραφῶν
886 958 1268 1026 δεδιδάγμεθα,
1291 955 1417 1009 οὕτε
1444 959 1586 1010 κατὰ
1611 956 1671 1009 τὸ
1699 956 1996 1011 ἀκόλουθον

427 1049 651 1102 suum
681 1047 1124 1117 συλλογίσασθαι.
1166 1067 1185 1100 ι
1988 1047 1990 1050 ’

515 1142 670 1192 Ἱάκ.
721 1139 810 1192 Ἐν
842 1141 1018 1210 τούτῳ
1069 1141 1131 1193 ού
1160 1140 1434 1193 δείκνυται
1461 1141 1788 1212 διαρρήδην,
1821 1141 1904 1193 ὅτι
1928 1141 1993 1192 ἐκ

430 1228 524 1280 τοῦ
561 1228 691 1282 Υίοῦ
721 1230 1088 1300 ἐκπορεύεται
1118 1230 1180 1282 τὸ
1207 1231 1431 1299 Πνεῦμα
1459 1231 1522 1283 τὸ
1555 1230 1736 1298 ἅγιον,
1767 1229 1883 1282 ἀλλ’
1914 1227 1998 1282 ὃτι

433 1321 564 1386 παρ’
598 1320 766 1372 αότοῦ
796 1320 856 1371 τὸ
885 1316 1026 1372 εἶναι
1061 1319 1196 1389 ἔχει,
1231 1322 1326 1374 καὶ
1359 1321 1490 1390 παρ’
1515 1320 1680 1374 αὐτοῦ
1704 1311 1995 1389 λαμῦάνει.

501 1411 644 1461 Καθ.
673 1409 787 1462 Ούκ
837 1409 1006 1477 ἔγνως
1039 1410 1142 1473 ἔτι,
1177 1411 1230 1463 τί
1261 1412 1321 1465 τὸ
1347 1407 1489 1466 εἶναι
1534 1412 1755 1464 νοεῖται.
1785 1409 1859 1461 Τὸ
1888 1407 1998 1478 γὰρ

431 1497 572 1566 ἔχειν
597 1499 728 1568 παρ’
768 1499 934 1552 αὐτοῦ
967 1500 1029 1553 τὺ
1056 1496 1220 1565 εἶναι,
1252 1501 1305 1554 τί
1348 1501 1480 1556 ἀλλο
1527 1501 1665 1571 πρὸς
1710 1499 1847 1555 Θεὸν
1901 1516 1998 1572 ση-

437 1592 641 1658 μαίνει,
680 1592 821 1661 «nam
861 1595 1225 1664 ἐκπορεύεται
1249 1593 1309 1659 ἐξ
1336 1593 1540 1661 αὐτοῦς

515 1682 672 1737 Ῥακ.
701 1683 853 1737 Θέλω
883 1685 1084 1738 εἰδέναι
1113 1687 1302 1755 σαφῶς
1333 1688 1458 1740 τινὰ
1513 1685 1620 1739 τῶν
1655 1686 1828 1755 ἁγίων
1859 1685 2001 1740 διδα-

433 1775 648 1829 σκάλων
695 1775 929 1843 λέγοντα
970 1777 1292 1846 διαρρήδην,
1336 1777 1420 1831 ὅτι
1463 1777 1525 1830 τὸ
1564 1776 1790 1846 Πνεῦμα
1837 1779 2002 1831 ἐκπο-

436 1865 652 1935 ρεύεται
686 1866 780 1918 καὶ
809 1867 874 1918 ἐκ
911 1866 1010 1920 τοῦ
1046 1866 1201 1923 Υίοῦ.

501 1981 647 2034 Kal).
683 1979 764 2033 Τὰ
806 1980 1050 2050 ὀνόματα
1080 1979 1182 2050 τῆς
1232 1981 1524 2051 ὑπάρξεως
1581 1979 1676 2034 τοῦ
1726 1978 1997 2048 παναγίου

433 2069 751 2140 Πνεύματος
779 2071 953 2124 πολλὰ
1000 2074 1131 2137 είσι,
1167 2073 1262 2126 καὶ
1298 2073 1357 2124 ὲν
1393 2072 1671 2142 διαφόροις
1702 2071 1883 2136 λέξεσι
1914 2071 2002 2124 λέ-

429 2177 644 2227 γονται,
675 2161 770 2214 x11
819 2162 1060 2232 χρῶνται
1111 2164 1303 2226 αὑταῖς
1353 2163 1401 2215 οἱ
1459 2163 1788 2227 διδάσκαλοι,
1821 2162 2001 2224 καθὼς

433 2253 740 2321 βούλονται,
773 2256 801 2306 ὁ
850 2254 951 2321 μὲν
981 2254 1178 2317 οὕτως,
1215 2259 1244 2308 6
1293 2256 1340 2308 δ’
1373 2254 1567 2317 οὕτως.
1611 2256 1690 2307 Δι’
1722 2255 1888 2308 αὐτοῦ
1937 2255 2000 2306 τὸ

429 2344 561 2397 ὅταν
609 2343 870 2415 ἀκούσης,
899 2346 983 2398 ὃτι
1025 2344 1088 2398 τὸ
1119 2345 1342 2414 Πνεῦμα
1386 2347 1446 2399 τὸ
1488 2346 1644 2415 ἅγιον
1688 2364 1707 2398 ι
1747 2346 2002 2413 πρόεισιν

431 2438 498 2488 ὲκ
513 2435 606 2488 τοῦ
632 2433 782 2502 Υίοῦ,
809 2437 1118 2506 προχεῖται,
1141 2438 1373 2506 ἐνίησιν,
1398 2437 1714 2503 ἀναὸλύξει,
1737 2437 1999 2507 πηγάζει,

432 2529 602 2588 ἔστιν,
637 2526 897 2596 ὑπάρχει,
933 2527 1048 2596 ἔχει
1076 2527 1138 2579 τδ
1182 2522 1358 2591 εἶναι,
1386 2527 1684 2594 λαμϐάνει,
1711 2527 1915 2580 δίδοται
1938 2528 2001 2579 ἐκ

431 2617 527 2669 τοῦ
558 2618 690 2671 Υίοῦ
722 2620 783 2670 τὸ
813 2618 1062 2688 Πνεῦμα,
1099 2616 1160 2682 ἐξ
1189 2618 1381 2683 αὐτοῦ,
1425 2619 1512 2672 διὰ
1555 2617 1748 2683 αὐτοῦ,
1781 2617 1870 2670 διὰ
1905 2616 2000 2670 τοῦ

437 2707 587 2771 Υίοῦ,
623 2707 916 2774 ἐκλάμπει,
951 2709 1366 2775 ἀποστέλλεται,
1433 2711 1740 2781 πέμπεται,
1770 2729 1790 2763 ι
1827 2712 1888 2766 ού
1921 2711 2005 2765 δεῖ

433 2814 494 2854 σε
516 2800 657 2851 νοεῖν
683 2800 830 2863 ἄλλο,
854 2799 887 2869 ἢ
915 2799 999 2852 ὅτι
1028 2801 1094 2853 ὲκ
1128 2800 1224 2854 τοῦ
1252 2802 1384 2854 Υίυῦ
1421 2803 1814 2873 ἐκπορεύεται.

518 2909 674 2962 Ῥακ.
722 2910 782 2962 Ei
818 2911 912 2962 καὶ
965 2911 1115 2965 ἔστιν
1149 2911 1343 2979 οὕτως,
1375 2912 1454 2975 ὡς
1485 2913 1690 2982 λέγεις,
1733 2914 1852 2969 ἀλλ’
1889 2917 2003 2986 ἐγὼ

423 3001 578 3053 οὕτω
627 3001 890 3072 βούλομαι
939 3003 1140 3057 εἰδέναι
1193 3005 1316 3056 τινὰ
1361 3005 1518 3073 ἅγιον
1551 3006 1803 3074 λέγοντα,
1842 3027 1861 3061 ι
1897 3009 1995 3064 Ἐκ

435 3095 530 3146 τοῦ
567 3094 696 3148 Υἱοῦ
735 3097 1093 3167 ἐκπορεύεται
1125 3097 1184 3151 τὸ
1217 3099 1441 3169 Πνεῦμα
1467 3100 1730 3178 meum.
1768 3121 1787 3155 ι

510 3212 653 3264 ιιάο.
682 3208 828 3278 Ἐγὼ
856 3211 1194 3282 πειράσομαι
1234 3213 1328 3267 καὶ
1374 3213 1533 3267 τοῦτό
1550 3231 1634 3268 σοι
1663 3211 1859 3282 δεῖξαι.

505 3323 694 3389 Μάρτ.
723 3323 928 3385 Ὄντως
957 3322 1095 3395 αῦτη
1135 3325 1284 3377 ἐστὶν
1310 3327 1344 3394 η
1372 3325 1552 3390 πίστις
1593 3329 1626 3398 η
1672 3330 1882 3401 ἀληθὴς
1910 3333 2006 3388 καὶ

435 3414 736 3483 ἀμώμητος
788 3413 883 3467 τοῦ
943 3414 1202 3486 Σωτῆρος
1253 3417 1515 3487 Χριστοῦ,
1554 3421 1588 3484 ἡ
1636 3421 2004 3495 ἐνεργουμένη

434 3507 756 3574 θαυμασίως
794 3507 853 3558 ὲν
886 3508 998 3570 τοῖς
1028 3507 1284 3578 καθαρῶς
1314 3511 1410 3562 καὶ
1455 3511 1698 3576 εύσιεῶς
1731 3516 1811 3577 εἰς
1841 3515 2008 3569 αὑτὸν

436 3597 809 3654 πιστεύουσιν.
849 3600 1156 3671 Φησὶγάρε
1205 3601 1269 3654 '0
1308 3603 1617 3657 πιστεύων
1659 3606 1749 3671 είς
1771 3605 1898 3675 ἐμὲ,
1932 3606 2007 3660 τὰ

431 3692 597 3760 ἔργα,
629 3690 667 3746 ἂ
697 3692 811 3760 ἐγὼ
839 3691 1008 3757 ποιῶ,
1039 3692 1317 3759 κάκεῖνος
1346 3695 1610 3762 ποιήσει,
1645 3695 1743 3750 καί
1766 3695 2006 3765 μείζονα

436 3782 660 3834 τούτων
691 3783 934 3850 ποιήσει
956 3797 971 3813 ³
1008 3786 1103 3858 καὶ
1141 3779 1233 3846 αὖ,
1270 3784 1413 3853 Ἐγὼ
1442 3784 1615 3839 δώσω
1649 3785 1794 3856 ὑμῖν
1817 3787 2007 3856 λόγον

437 3873 537 3925 καὶ
597 3873 821 3940 σοφίαν
870 3872 940 3925 ἐν
990 3873 1071 3938 τῷ
1131 3875 1403 3943 στόματι,
1458 3876 1822 3931 καταϐαλεῖν
1865 3875 2007 3943 τοὺς

436 3965 875 4030 ὑπεναντίους,
927 3965 1066 4034 πρὸς
1113 3967 1242 4030 τοὺς
1295 3968 1590 4036 μέλλοντας
1643 3969 1784 4038 ὑπὲρ
1841 3969 2006 4022 αὑτοῦ

443 4054 801 4122 ἀγωνίζεσθαι
827 4053 986 4108 τοῦτο
1015 4055 1210 4123 λέγων.
1253 4059 1520 4112 Ἐνταῦθα
1566 4059 1676 4128 ὁρῶ
1710 4058 2010 4129 θαυμάτων

441 4149 500 4198 τδ
557 4148 832 4215 μέγιστον,
881 4145 930 4198 εί
985 4150 1078 4202 καὶ
1131 4148 1221 4214 σὺ,
1251 4151 1454 4220 Πάτερ,
1504 4152 1644 4220 ὅπερ
1693 4150 1900 4220 βλέπω,
1947 4156 2006 4205 οὐ

440 4240 690 4308 συνορᾷς.

521 4354 682 4408 Ῥακ.
716 4354 782 4408 Τί
815 4356 932 4406 ἐστι
965 4353 1164 4422 τοῦτο;

510 4468 696 4536 Μάρτ.
729 4469 871 4539 Ὅρῶ
902 4470 1011 4542 γὰρ
1035 4472 1117 4525 ὃτι
1145 4472 1200 4523 oi
1225 4473 1322 4542 τῆς
1345 4473 1588 4537 ἐνώσεως
1621 4477 1808 4547 ίερεῑς,
1837 4479 1885 4531 εί
1917 4481 2009 4532 καὶ

436 4561 536 4630 οὐχ
567 4561 774 4630 ἥψαντο
803 4561 1151 4633 διαλεκτικῆς
1201 4563 1235 4634 ἢ
1270 4565 1485 4633 σοτείας,
1514 4549 1880 4636 διαλέγονται,
1911 4572 2007 4623 καὶ

442 4655 632 4720 σοφίαν
661 4651 898 4718 λαλοῦσι,
931 4655 1027 4707 καὶ
1056 4653 1336 4726 θεολογίαν
1370 4655 1603 4728 ἀρίστην
1633 4660 2002 4728 θεολογοῦσιν.

448 4740 641 4810 ἰ’μεϊς
679 4741 735 4794 δὲ
765 4741 816 4809 οἱ
857 4744 1118 4796 τάναντία
1167 4745 1372 4814 ταύτης
1407 4749 1730 4818 φρονοῦντες
1779 4753 1879 4806 οὐκ
1919 4755 2007 4806 ἑν-

438 4836 609 4885 νοείτε
665 4833 818 4886 οὐδὲν
867 4837 1065 4901 εἰπεῖν,
1100 4836 1192 4888 καὶ
1233 4836 1605 4907 τούλάχιστον,
1637 4841 1760 4894 οὐδὲ
1795 4841 1863 4894 τὰ
1915 4859 2008 4911 γε-

439 4925 754 4993 γραμμένα.
803 4926 935 4978 Ἀπὸ
960 4926 1149 4979 τούτου
1194 4932 1574 5000 συμπεραίνω,
1606 4933 1690 4985 ὅτι
1724 4934 1824 4986 οὐκ
1859 4933 2007 4986 ἔστιν

440 5021 495 5068 ἐν
528 5018 653 5085 ὑμῖν
683 5021 714 5090 ἡ
741 5019 833 5071 τοῦ
859 5019 1098 5091 Χριστοῦ
1145 5022 1350 5084 πίστις.
1375 5027 1474 5077 Διὰ
1505 5026 1666 5078 τοῦτο
1707 5026 1807 5078 οὐκ
1851 5028 2007 5095 ἐνερ-

439 5111 616 5174 γεῖται
654 5113 682 5162 ὁ
712 5110 806 5162 τοῦ
851 5110 1025 5182 Ἰησοῦ
1066 5115 1402 5186 προρῤηθεὶς
1449 5119 1506 5168 ὲν
1552 5117 1682 5186 ὑμῖν
1716 5117 1870 5184 λόγος
1896 5135 1910 5147 ·
1948 5120 2008 5171 ἐν

440 5201 647 5261 τούτοις
681 5201 736 5252 δὲ
773 5205 880 5264 τοῖς
909 5200 1184 5267 ἑνωτικοῖς
1219 5208 1310 5257 καὶ
1340 5207 1507 5274 μάλα.

512 5495 630 5546 Am.
676 5491 834 5559 Λέγε,
868 5492 1024 5561 κύριε
1057 5493 1418 5564 πρεσΰύτερε,
1449 5494 1570 5548 καθ’
1601 5497 1811 5564 είρμόν.
1843 5499 2006 5564 Λέγε.

512 5690 656 5746 Καθ.
707 5693 768 5745 '0
819 5691 1108 5761 ἱερώτατος
1152 5693 1376 5762 Νύσσης
1425 5693 1567 5760 θεῖος
1617 5697 1917 5773 Γρηγόριος
1951 5703 2010 5754 ἐν

437 5789 504 5856 τῇ
549 5786 623 5846 ei;
688 5785 768 5849 τὸ,
817 5781 1008 5851 Πάτερ
1045 5780 1230 5850 ἡμῶν,
1292 5785 1482 5858 ὁμιλίᾳ
1539 5789 1703 5842 αὑτοῦ
1746 5793 2004 5864 τετάρτῃ,

644 5881 916 5943 Ρηιιοι..
947 5881 1069 5942 Gn.
1107 5878 1304 5940 CLIX.

2039 4520 2088 4580 D

2049 593 2052 600 ’
2101 608 2130 645 a
2157 591 2295 646 Filio
2329 595 2630 647 secundum
2670 608 2812 654 esse,
2843 591 2911 644 ab
2939 605 3026 654 eo,
3054 593 3194 658 quod
3231 592 3321 656 sit,
3355 591 3669 654 habentem,

2100 693 2155 736 et
2181 686 2251 737 ab
2289 701 2354 737 eo
2385 685 2766 752 accipientem,
2810 697 2862 736 et
2897 683 3313 735 annnntiantem
3379 683 3558 740 nobis.
3616 683 3676 734 cl

2100 777 2326 828 omnino
2362 778 2430 828 ab
2463 789 2524 828 ea
2556 789 2721 828 causa
2768 773 3189 840 dependentem,
3224 774 3444 841 pietatis
3511 774 3672 827 nobis

2100 880 2280 919 sermo
2326 864 2510 918 tradit.
2541 862 2924 918 Verumtamen
2955 879 3060 917 non
3112 865 3185 916 uti
3242 861 3435 916 natura
3486 864 3669 927 tertia,

2101 970 2279 1024 neque
2305 971 2334 1006 a
2379 957 2590 1010 sanctis
2614 955 2917 1022 Seripturis
2961 954 3276 1022 didicimus,
3334 971 3512 1024 neque
3547 955 3676 1009 inde

2100 1063 2442 1116 consequens
2473 1048 2755 1102 cenclusio
2781 1047 3019 1102 elicitur.
3063 1064 3082 1098 ι

2170 1136 2336 1191 Rhac.
2376 1138 2455 1191 Ex
2494 1139 2598 1191 hoc
2654 1152 2763 1191 non
2795 1137 2972 1206 palam
3010 1135 3342 1201 ostenditur,
3402 1150 3467 1189 ex
3531 1134 3670 1189 Filio

2102 1226 2368 1298 Spiritum
2390 1238 2645 1284 sanctum
2697 1229 3018 1298 procedere.
3051 1226 3436 1282 Verumtamen
3482 1227 3552 1286 ab
3583 1242 3670 1291 eo,

2100 1321 2245 1389 quod
2269 1321 2341 1374 sit
2382 1321 2601 1387 habere,
2633 1330 2688 1374 et
2722 1321 2791 1375 ab
2813 1335 2878 1376 eo
2908 1321 3179 1388 accipere.

2172 1395 2332 1468 Caua.
2365 1410 2620 1466 Nondum
2654 1412 2891 1482 percipis
2924 1411 3055 1481 quid
3106 1411 3180 1465 sit
3209 1425 3353 1466 esse.
3425 1407 3672 1479 Namque

2099 1498 2304 1556 habere
2334 1503 2402 1556 ab
2448 1517 2515 1557 eo
2549 1502 2695 1572 quod
2734 1502 2802 1556 sit
2843 1503 2898 1556 in
2959 1502 3179 1568 divinis,
3241 1501 3368 1571 quid
3399 1499 3549 1554 aliud
3592 1500 3676 1553 in-

2102 1591 2243 1658 nuit,
2273 1593 2379 1648 nisi
2411 1607 2478 1646 ex
2510 1607 2576 1648 eo
2605 1593 2943 1662 procedere?

2173 1680 2347 1737 Rhac.
2399 1683 2457 1736 1d
2514 1697 2644 1737 vero
2684 1699 3033 1753 summopere
3071 1683 3253 1752 cupio,
3313 1682 3549 1752 aliquem
3605 1697 3674 1735 cx

2103 1773 2310 1830 sanctis
2339 1775 2680 1838 doctoribus,
2726 1776 2821 1844 qui
2884 1777 3062 1844 palam
3106 1783 3402 1844 aperteque
3439 1777 3672 1837 diceret,

2030 1847 2074 1902 Β
2102 1865 2268 1920 etiam
2300 1879 2369 1920 ex
2390 1863 2530 1922 Filio
2570 1865 2837 1935 Spiritum
2865 1866 3182 1934 procedere.

2171 1959 2327 2030 Catii.
2375 1973 2610 2030 Nomina
2650 1977 2988 2031 exsistentiae
3043 1976 3372 2030 sanctissimi
3426 1975 3670 2046 Spiritus

2101 2067 2268 2121 multa
2318 2077 2468 2130 sunt,
2505 2065 2870 2137 diversisque
2933 2067 3270 2122 dictionibus
3301 2068 3664 2137 explieantur,

2100 2159 2276 2229 iisque
2290 2160 2545 2215 doctores
2570 2170 2824 2223 utuntur,
2853 2159 3101 2225 utlubet,
3133 2161 3224 2215 hic
3250 2161 3468 2230 quidem
3489 2159 3588 2224 sic,
3615 2170 3672 2213 et

2100 2253 2238 2305 alius
2257 2253 2364 2305 alia
2383 2253 2615 2306 ratione.
2647 2252 2782 2307 Cum
2812 2267 2975 2321 porro
3005 2252 3265 2318 audieris,
3307 2269 3326 2302 ι
3364 2250 3464 2306 Per
3489 2252 3668 2320 ipsum

2102 2340 2342 2411 Spiritus
2365 2350 2591 2398 sanctis
2621 2344 2734 2398 exit
2753 2359 2817 2397 ex
2842 2341 3001 2407 Filio,
3026 2332 3358 2409 effunditur,
3419 2343 3672 2406 scaturit,

2101 2434 2309 2500 exsilit,
2339 2443 2441 2499 est,
2476 2434 2713 2501 exsistit,
2749 2435 2914 2489 habet
2945 2437 3090 2506 quod
3125 2435 3214 2500 sit,
3251 2436 3472 2505 ac'cipit,
3507 2436 3670 2489 datur

2101 2540 2167 2578 ex
2202 2524 2340 2580 Filio
2369 2526 2625 2595 Spiritus,
2662 2541 2725 2579 ex
2766 2529 2906 2596 ipso,
2945 2543 3044 2594 per
3074 2527 3280 2597 ipsum,
3325 2542 3422 2596 per
3471 2525 3670 2581 Filium

2101 2615 2301 2680 elucet,
2327 2618 2584 2682 mittitur,
2612 2617 2914 2687 delegatur,
2951 2637 2972 2672 ι
3004 2622 3412 2689 processionem
3431 2628 3672 2675 tantmuo

2103 2709 2266 2762 modo
2292 2709 2439 2762 illius
2463 2709 2562 2763 tibi
2583 2710 2768 2765 animo
2794 2709 2918 2781 fige.

2174 2907 2341 2965 Rhac.
2376 2909 2525 2966 Licet
2557 2911 2608 2996 id
2638 2913 2708 2965 ita
2729 2927 2789 2968 se
2821 2911 3038 2977 habent,
3082 2924 3139 2967 ut
3171 2922 3227 2967 tu
3263 2915 3426 2980 dicis,
3464 2917 3670 2973 nihilo-

2106 3003 2289 3056 minus
2310 3002 2555 3056 audirem
2599 3005 2760 3056 verba
2821 2997 3052 3072 alicujus
3109 3005 3373 3062 doctoris
3411 3001 3676 3075 dicentis,

2113 3112 2132 3146 ι
2162 3094 2240 3149 Ex
2266 3092 2410 3149 Filio
2441 3095 2682 3164 Spiritus
2712 3103 2933 3150 sanctus
2956 3095 3221 3164 procedit.
3247 3089 3282 3148 ἰ
3518 3097 3524 3102 ’

2031 3187 2079 3248 c
2181 3209 2333 3266 Catii.
2360 3209 2549 3264 Enitar
2569 3210 2674 3265 hoc
2709 3225 2928 3282 quoque
2959 3185 3363 3296 demonstrare.

2181 3324 2375 3380 Testis.
2401 3325 2571 3380 Plane
2597 3326 2711 3380 haec
2765 3334 2854 3382 est
2916 3325 3054 3382 ﬁdes
3106 3341 3234 3382 vera
3269 3333 3326 3384 et
3385 3328 3672 3398 inculpata

2108 3417 2413 3473 Salvatoris
2443 3417 2669 3481 Christi,
2701 3432 2824 3486 qua;
2857 3426 3124 3486 operatur
3179 3404 3586 3476 admirabiliter
3619 3421 3675 3475 in

2108 3510 2177 3565 iis
2201 3510 2294 3579 qui
2328 3524 2462 3578 pure
2492 3511 2693 3582 pieque
2724 3509 2776 3564 in
2800 3508 3004 3578 ipsum
3030 3511 3286 3576 credunt.
3345 3513 3436 3568 Ait
3473 3512 3638 3588 enim
3664 3529 3681 3566 :

2106 3600 2208 3667 Qui
2231 3603 2285 3654 in
2314 3617 2395 3654 me
2428 3602 2613 3666 credit,
2641 3617 2800 3670 opera
2826 3618 3062 3672 quaego
3092 3602 3256 3671 facio,
3283 3613 3331 3657 et
3355 3604 3466 3672 ipse
3493 3605 3680 3674 faciet,

2106 3702 2156 3747 et
2181 3693 2388 3762 majora
2413 3693 2516 3745 his.
2544 3691 2606 3746 Et
2633 3707 2827 3748 rursus
2855 3708 2870 3746 :
2897 3694 3010 3762 Ego
3067 3693 3204 3746 dabo
3270 3693 3416 3747 vobis
3467 3696 3683 3750 verbum

2107 3793 2158 3839 et
2176 3784 2493 3852 sapientiam
2517 3785 2575 3838 in
2607 3799 2696 3838 ore
2723 3783 2793 3836 ad
2851 3784 3264 3858 prosternendos
3312 3786 3679 3852 adversarios.

2109 3881 2216 3936 illis
2246 3881 2340 3951 qui
2359 3897 2460 3951 pro
2486 3895 2553 3936 eo
2585 3892 2860 3937 certamen
2885 3883 3118 3938 subituri
3149 3893 3302 3950 sunt,
3335 3883 3439 3938 hoc
3464 3883 3679 3939 dicens.

2111 3972 2211 4028 Hic
2243 3975 2360 4044 ipse
2386 3975 2609 4028 intueor
2639 3975 2842 4029 mirum
2877 3974 3215 4029 mirabilium
3249 3976 3496 4030 omnium
3562 3989 3682 4029 ma-

2113 4066 2340 4128 ximum,
2371 4065 2473 4120 etsi
2525 4076 2583 4120 tu
2635 4063 2818 4129 Pater.
2874 4064 3020 4136 quod
3086 4066 3202 4136 ipse
3264 4067 3504 4132 intueor,
3563 4081 3676 4122 non

2113 4158 2412 4228 conspicis.

2193 4359 2357 4415 Rhac.
2389 4357 2530 4425 Quid
2561 4359 2614 4414 id
2641 4359 2773 4416 est?

2190 4473 2377 4527 Testis.
2403 4472 2652 4543 Namque
2698 4476 3037 4542 experientia
3093 4475 3209 4545 ipsa
3255 4475 3484 4541 doceor,
3520 4479 3684 4533 unio-
3757 4533 3760 4536 .

2114 4565 2200 4619 nis
2232 4549 2574 4628 sacerdotes,
2609 4566 2710 4619 etsi
2746 4581 2926 4635 neque
2957 4567 3304 4621 dialecticam
3358 4583 3542 4637 neque
3591 4584 3686 4622 sa-

2113 4657 2375 4728 pientiam
2398 4657 2776 4725 degustarunt,
2807 4656 3117 4727 disputare,
3137 4657 3434 4725 disserere,
3463 4653 3687 4728 sapien-

2113 4755 2200 4802 ter
2227 4748 2518 4817 eIOqui,'et
2551 4763 2638 4803 res
2677 4750 3018 4820 tlieologicas
3049 4765 3212 4820 quam
3240 4751 3448 4819 optime
3470 4763 3689 4821 pertra-

2116 4849 2266 4895 ctare
2296 4858 2310 4895 :
2353 4857 2450 4896 vos
2481 4856 2612 4894 vero
2637 4822 2728 4911 qui
2779 4858 2899 4895 eam
2935 4843 3122 4897 hostili
3181 4845 3370 4897 animo
3401 4859 3688 4914 Oppugna-

2116 4932 2187 4986 tis
2216 4932 2282 4986 ad
2313 4932 2648 5001 loquendum
2716 4933 3240 5003 inveniendumque,
3306 4911 3682 5003 ineptissimos
3748 4911 3755 4926 ’

2115 5036 2260 5086 esse,
2296 5035 2356 5076 ut
2386 5035 2490 5076 nec
2523 5023 2729 5090 scripta
2757 5023 2926 5076 etiam
2958 5017 3264 5090 saepissime
3299 5024 3634 5092 percurratis
3671 5041 3685 5078 :

2115 5115 2244 5169 hinc
2277 5129 2450 5184 arguo
2479 5113 2684 5169 Clu-isti
2718 5111 2880 5168 [idem
2914 5129 3022 5169 non
3045 5114 3203 5169 vobis
3227 5115 3433 5176 inesse,
3460 5125 3688 5184 propter

2115 5221 2292 5274 caque
2319 5204 2453 5259 ‘Jesu
2489 5203 2700 5260 Clirisd
2735 5220 2900 5274 supra
2929 5205 3259 5260 recensitarn
3293 5218 3481 5259 vocem
3513 5204 3568 5258 in
3595 5219 3691 5260 vo-

2119 5297 2202 5349 bis
2227 5304 2333 5350 nou
2360 5299 2603 5367 operari,
2633 5297 2729 5352 sed
2764 5298 2818 5351 in
2844 5296 2934 5351 liis
2962 5294 3350 5364 qui’unionem
3386 5295 3690 5364 amplexati

2116 5396 2264 5451 sunt,
2295 5388 2594 5441 maximum
2629 5388 2682 5441 in
2710 5387 2953 5442 modum.

2189 5497 2306 5552 Dic.
2352 5500 2485 5568 Age,
2548 5515 2801 5569 sequere,
2871 5501 3092 5556 domine
3164 5516 3389 5566 senex;
3470 5501 3695 5556 modum

2119 5590 2333 5652 adhibe,
2365 5605 2528 5660 quem
2562 5599 2738 5646 tenes.
2771 5592 3082 5648 Ordinatim
3123 5593 3442 5673 oratiOnem
3465 5609 3690 5665 perage.

2189 5703 2346 5759 Catii.
2381 5701 2808 5765 Sacratissimus
2840 5709 3125 5780 Nyssenus
3156 5695 3479 5780 Gregorius,
3514 5708 3691 5764 homi-

2121 5793 2190 5847 li“
2220 5793 2278 5870 ‘._
2305 5792 2550 5870 ίηΡαιεν
2585 5809 2786 5868 noster,
2809 5800 2868 5860 in
2907 5799 3028 5871 ipso
3073 5801 3301 5856 exordio
3333 5800 3447 5852 haec
3484 5799 3644 5852 habet
3676 5814 3694 5851 :

3281 5895 3358 5956 32
