4028 6410
391 464 529 530 1005

1351 466 1858 530 DISCEPTATIO
1899 469 2053 530 PRO
2091 471 2304 534 CONC.
2350 473 2728 537 FLORENT-

3512 479 3656 546 1006

389 583 588 652 ἐπίσης
634 579 998 650 ἐκπορεύεται
1052 584 1205 652 παρὰ
1237 583 1450 654 Πατρὺς
1478 585 1574 638 καὶ¹
1612 584 1766 650 Υἰοῦ,
1813 585 1970 637 οὔδει

2094 585 2198 640 iter
2225 589 2470 656 procedit
2499 604 2528 642 a
2568 589 2734 645 Patre
2764 597 2820 645 et
2874 589 3039 657 Filio,
3069 605 3291 647 omnem
3319 591 3465 649 tollit
3515 607 3658 666 pra:-

392 677 526 741 μῖαν
581 675 844 728 κατέλιπε
900 674 1176 746 πρόφασιν
1223 677 1332 730 τῶν
1382 677 1696 747 ζητούντων
1753 677 1966 747 προφά-

383 785 517 832 σεις.

469 863 634 918 Ῥακ.
665 862 896 931 Μεγάλα
953 862 1047 916 καὶ
1101 861 1310 932 φοϐερά
1361 863 1431 916 τά
1482 863 1637 933 παρὰ
1689 863 1786 917 σοῦ
1815 865 1970 934 εἰρηο

386 957 546 1026 μένα,
590 957 741 1024 τέμιε
774 953 1143 1026 πρεσϐύτερε,
1180 957 1274 1008 καὶ
1323 956 1488 1009 ἱκανὰ
1520 955 1881 1010 διασκεδάσαι
1909 957 1973 1008 τὸ

385 1052 548 1115 νέφος
580 1047 688 1099 τῶν
715 1045 1016 1113 λογισμῶν.
1060 1045 1225 1098 Ἀλλά
1259 1047 1356 1100 καὶ
1400 1045 1481 1098 ἔτι
1527 1047 1606 1109 εἰς
1655 1046 1973 1113 ῖκανοποιη-

385 1159 472 1194 σιν
503 1141 780 1210 ἡμετέραν
825 1136 1002 1201 δεῖξόν
1059 1153 1151 1207 μοι
1198 1139 1292 1190 καὶ
1321 1136 1511 1209 ἕτερον
1558 1138 1716 1204 ἅγιον
1741 1137 1975 1206 λέγοντα

386 1232 533 1284 κατὰ
561 1230 811 1294 τούτους.

470 1325 618 1391 Ἀκρ.
658 1323 718 1376 Ὀ
748 1324 960 1385 τούτοις
997 1321 1074 1392 μὴ
1124 1321 1477 1389 πειθόμενος,
1514 1322 1622 1375 οὐδ’
1665 1323 1767 1376 ὅσα
1794 1321 1860 1375 ἄν
1888 1338 1974 1385 τις

383 1418 537 1490 εῖπῃ,
567 1414 950 1483 πεισθήσεται.

461 1511 604 1562 Καθ.
663 1504 930 1574 Κύριλλος
979 1507 1008 1559 ὁ
1051 1503 1324 1576 μακάριος
1368 1509 1426 1558 ιν
1465 1509 1533 1576 τῇ
1593 1505 1868 1577 ἑρμηνείᾳ
1906 1506 1975 1572 τῇ

385 1601 470 1660 εἰς
519 1599 608 1650 τὸν
640 1597 935 1667 προφήτην
978 1596 1136 1667 Ἰωήλ
1165 1614 1335 1666 φησιν
1356 1615 1368 1627 ·
1409 1616 1428 1650 t
1475 1589 1553 1670 ¹ᾙ
1584 1598 1683 1668 μὲν
1716 1597 1825 1668 γάρ
1857 1601 1978 1650 ἐστι

385 1691 541 1755 Θεὸς,
577 1690 672 1743 καὶ
719 1692 784 1742 ἐκ
833 1688 969 1741 Θεοῦ
1017 1691 1158 1742 κατὰ
1206 1694 1375 1757 φύσιν
1413 1693 1444 1744 ό
1470 1689 1623 1756 Υἱὸς,
1647 1692 1978 1758 γεγέννηται

295 1799 298 1802 ’
385 1784 497 1852 γᾶρ
527 1785 590 1835 ἐκ
623 1779 718 1833 τοῦ
751 1779 889 1833 Θεοῦ
926 1786 1022 1832 καὶ
1048 1780 1284 1849 Πατρὸς,
1322 1779 1456 1833 ῐδιον
1481 1778 1652 1832 αὑτοῦ
1679 1795 1740 1832 τε
1793 1780 1889 1832 καὶ
1919 1781 1980 1831 ὲν

2074 689 2278 734 textum
2314 692 2609 751 prmtextus
2639 684 3024 754 quaerentium.

2150 861 2316 917 thac.
2370 863 2521 918 Dicta
2570 875 2685 930 tua,
2732 879 2768 919 ο
2818 866 3136 922 venerande
3195 883 3387 936 senex,
3457 886 3660 944 magna

2075 962 2206 1009 sunt
2237 963 2293 1009 et
2321 956 2596 1010 terribilia
2657 966 2898 1028 aptaque
2960 960 3359 1029 cogitationum
3422 965 3657 1022 nebulas

2075 1045 2377 1101 discutere.
2405 1046 2513 1101 Sed
2532 1047 2735 1114 adhuc,
2767 1060 2826 1104 ut
2856 1052 3136 1108 cumulate
3171 1052 3532 1123 disputationi
3561 1071 3659 1112 sa-

2077 1137 2148 1191 tis
2183 1137 2293 1202 liat,
2326 1140 2554 1194 ostende
2587 1141 2720 1195 mihi
2754 1149 2811 1196 et
2843 1141 3011 1196 alium
3041 1151 3292 1199 sanctum
3317 1146 3506 1201 eadem
3531 1163 3658 1218 quae

2077 1237 2132 1282 ct
2160 1228 2214 1281 hi
2253 1233 2660 1289 enuntiantetn.

2154 1320 2294 1376 Aud.
2323 1323 2427 1389 Qui
2468 1324 2556 1379 Itis
2589 1341 2698 1381 non
2737 1327 3028 1396 suadetur,
3071 1345 3252 1403 neque
3275 1333 3322 1388 si
3358 1333 3465 1388 alia
3497 1335 3660 1390 iunu-
3713 1325 3722 1336 “

2080 1426 2230 1464 mera
2260 1412 2486 1477 dixerit,
2525 1417 2874 1474 suadebitur.

2149 1500 2308 1558 Cath.
2344 1503 2543 1562 Beatus
2574 1508 2838 1579 Cyrillus,
2873 1511 3338 1583 interpretatione
3371 1517 3426 1571 in
3447 1512 3682 1574 Joelem'

2082 1596 2430 1663 pmphetam,
2455 1599 2694 1654 scribit:
2735 1619 2754 1654 t
2789 1600 2847 1656 In
2886 1614 3153 1674 quantum
3195 1607 3343 1662 enim
3382 1607 3524 1665 Deus
3547 1621 3658 1673 est,

2081 1695 2135 1738 et
2156 1701 2221 1739 ex
2253 1685 2364 1742 Deo
2400 1690 2708 1746 secundum
2779 1703 3037 1750 naturam
3102 1695 3281 1753 Filius
3335 1711 3441 1764 est,
3496 1711 3662 1757 natus

2081 1777 2284 1846 quippe
2305 1787 2388 1833 est
2429 1794 2495 1834 ex
2524 1781 2632 1836 Deo
2681 1797 2736 1838 et
2762 1783 2950 1849 Patre,
2985 1790 3245 1858 proprius
3304 1791 3459 1848 illius
3488 1802 3544 1848 et
3605 1796 3665 1850 in

385 1875 559 1945 αὐτῷ,
604 1877 700 1929 καὶ
781 1872 839 1938 ἐξ
893 1871 1061 1926 αὑτοῦ
1115 1871 1178 1926 τὸ
1223 1871 1451 1942 Πνεῦμά
1511 1873 1666 1924 ἐστι’
1722 1871 1977 1942 καθάπερ

2094 1868 2226 1935 ipso,
2245 1875 2304 1922 et
2329 1883 2396 1923 ex
2429 1870 2548 1940 ipso
2577 1874 2821 1943 Spiritus
2850 1886 2974 1943 est;
3008 1881 3481 1948 quemadmodum
3507 1885 3666 1939 scili-

385 1963 580 2032 ἀμέλει
607 1963 702 2016 καὶ
727 1963 822 2014 ἀπ’
846 1960 1012 2014 αὐτοῦ
1039 1964 1240 2016 νοεῖται
1264 1962 1362 2015 τοῦ
1387 1960 1525 2014 Θεοῦ
1552 1961 1650 2015 καὶ
1677 1961 1912 2033 Πατρός.
1950 1979 1970 2014 s

2094 1967 2170 2012 cet
2199 1969 2254 2013 et
2279 1975 2346 2015 ex
2365 1937 2498 2032 ipso
2541 1937 2872 2036 intelligitur
2937 1937 3048 2026 υεὸ
3093 1983 3148 2027 et
3208 1972 3391 2028 Patre.
3427 1991 3448 2026 ι

384 2058 460 2110 Τὸ
489 2056 567 2120 δὲ,
619 2073 636 2106 t
674 2055 927 2126 καθάπερ
979 2055 1173 2125 ἀμέλει
1206 2056 1302 2109 καὶ
1340 2059 1406 2132 ἐκ
1451 2053 1548 2108 τοῦ
1597 2055 1830 2127 Πατρδς,
1863 2073 1884 2106 s
1920 2055 1975 2106 ἰῖ

384 2148 584 2219 δηλοῦν
632 2147 906 2218 βούλεται,
937 2149 971 2219 ἢ
1017 2149 1120 2215 ὅτι,
1150 2147 1346 2219 ὥσπερ
1393 2149 1460 2202 ὲκ
1494 2146 1590 2201 τοῦ
1639 2147 1856 2219 Πατρός
1883 2148 1975 2201 ἐκ·

385 2241 703 2312 πορεύεται,
743 2241 889 2296 οῦτω
920 2243 1016 2294 καὶ
1038 2244 1102 2296 ὲκ
1131 2243 1225 2295 τοῦ
1260 2242 1394 2295 Υῖοῦ
1425 2240 1832 2313 ὲκπορεύεται;

459 2339 585 2390 Δικ.
614 2337 833 2398 Δῖκαιος
866 2337 978 2397 τοῖς
1015 2333 1329 2404 νουνεχὶσιν
1358 2327 1516 2398 οὗτος
1544 2336 1574 2388 ό
1616 2335 1798 2402 λόγος.

469 2519 634 2574 Ῥακ.
665 2517 823 2571 Ἔστι
846 2515 944 2570 καὶ
976 2515 1136 2579 ἄλλος
1163 2531 1248 2578 τις
1279 2514 1391 2568 τῶν
1420 2514 1768 2570 διδασκάλων
1799 2513 1976 2583 λόγων

385 2611 612 2760 οῶιζξὸ.
643 2703 851 2765 Πάντες
873 2701 924 2755 οῖ
965 2700 1304 2755 Ἀνατολικοὶ
1343 2700 1440 2754 καὶ
1471 2701 1697 2754 Δυτικοὶ
1731 2701 1879 2768 ἅγιοι
1915 2700 1977 2754 τὸ

386 2803 523 2858 αὐτὸ
555 2801 828 2867 λέγουσιν.

469 2891 636 2946 Ῥακ.
679 2886 824 2956 Ἐγὼ
849 2884 975 2939 οῦτε
1001 2881 1164 2950 εἶδον,
1191 2882 1320 2939 οὔτε
1367 2884 1582 2954 ἡκουσά
1636 2900 1770 2938 ποτε
1800 2884 1974 2938 τοιού-

384 3003 498 3040 των
522 3001 536 3016 ·
577 2983 738 3054 μόνον
771 2980 828 3036 δι
882 2978 1178 3034 Καδάσιλά
1221 2994 1395 3041 τινος,
1429 2975 1670 3044 Ψελλοῦ,
1699 2977 1973 3032 Νικολάου

386 3077 681 3145 Μεθώνης,
747 3073 1087 3142 Παναρέτου,
1143 3071 1242 3124 καὶ
1297 3069 1497 3134 ἄλλων,
1563 3070 1660 3122 καὶ⁹
1722 3068 1820 3122 νῦν
1876 3073 1974 3126 τοῦ

398 3166 630 3239 Ἐφέσου
660 3167 872 3238 ηκουσα
897 3163 1160 3218 τάναντία
1183 3163 1436 3232 λέγοντος
1464 3159 1701 3228 τούτοις,
1734 3160 1878 3233 άπερ
1907 3165 1973 3218 σὺ

386 3261 623 3423 φῄίίκρ.
660 3353 772 3407 Καὶ
815 3350 928 3406 τίσι
974 3348 1184 3402 δίκαιον
1233 3347 1464 3402 ἕπεσθαι
1495 3352 1609 3414 τοῖς
1650 3349 1830 3418 ἁγίοις
1875 3352 1977 3422 τῆς

399 3447 737 3517 Ἐκκλησίας
779 3441 1147 3509 διδασκάλοις,
1203 3440 1238 3512 ἢ
1300 3441 1514 3505 τούτοις
1565 3443 1678 3506 τοῖς
1737 3443 1876 3512 μετὰ
1913 3441 1978 3496 τδ

387 3539 598 3612 σχίσμα
623 3540 719 3592 καὶ
751 3537 932 3608 μάχην
957 3534 1354 3605 συγγράψασις

473 3720 633 3775 Ῥακ.
667 3717 794 3777 Τοῖς
817 3713 1163 3776 διδασκάλοις
1193 3712 1605 3796 ἀναμφιϐόλως.

458 3815 604 3869 Καθ.
623 3810 691 3864 Ti
722 3825 805 3862 σοι
835 3807 987 3860 δοκεῖ
1007 3805 1104 3860 νῦν
1121 3823 1136 3871 ;
1165 3805 1448 3877 Αῖριτικοῖ
1477 3805 1622 3858 εἰσιν
1649 3803 1700 3858 οι
1724 3803 1976 3874 λέγοντες

383 3905 450 3961 τὸ
481 3901 704 3973 Πνεῦμα
737 3901 801 3953 ὲκ
832 3897 928 3954 τοῦ
965 3896 1135 3964 Υῖοῦς

470 3996 630 4050 Ῥακ.
703 3990 903 4053 Καθὼς
971 3988 1176 4060 ἀρτίως
1242 3990 1491 4062 ηκουσα,
1553 3989 1758 4059 ἥκιστα
1816 3985 1977 4040 τοῦτο

385 4091 656 4160 φήσαιμι.

460 4182 604 4234 Kal).
641 4177 706 4230 Tt
761 4171 856 4230 οῦν
903 4176 1042 4238 ὅλως
1076 4176 1228 4247 ἡμᾶς
1277 4171 1548 4243 μάχεσθις
1585 4173 1649 4226 Et
1697 4173 1804 4244 γὰρ
1835 4173 1975 4226 ἀπε·
2049 4181 2052 4184 ’

382 4271 578 4342 sum
607 4269 912 4341 διαρρήδην
945 4268 1008 4323 τὸ
1042 4265 1272 4335 Πνεῦμα
1303 4266 1366 4318 τὸ
1395 4264 1553 4334 ἅγιον
1593 4266 1974 4337 ὶκπορευόμε-

384 4382 481 4418 νον
515 4363 602 4418 διὰ
627 4364 720 4416 τοῦ
754 4360 889 4415 Υῖοῦ
920 4363 1016 4414 καὶ
1045 4360 1110 4414 bc
1139 4358 1234 4413 τοῦ
1271 4358 1406 4412 Υῖοῦ
1436 4359 1496 4410 ἐν
1521 4358 1648 4421 ταῖς
1672 4359 1781 4412 τῶν
1813 4357 1977 4429 ἱερῶν

383 4457 650 4525 Πατὲρων
697 4455 792 4510 καὶ
836 4451 1178 4508 διδασκάλων
1230 4448 1391 4521 ἡμῶν
1422 4450 1850 4520 άναντιῤῥήτοις
1880 4449 1975 4501 καὶ

387 4551 586 4618 σοφαῖς
649 4547 1029 4618 ύφηγήσεσιν,
1099 4539 1221 4596 εἶτα
1299 4544 1620 4613 συμφωνεῖν
1697 4542 1836 4611 τῷδε
1895 4540 1975 4610 τῷ

2082 2067 2270 2120 porro,
2315 2073 2335 2108 t
2372 2057 2840 2125 quemadmodum
2891 2063 3110 2119 scilicet
3169 2076 3226 2120 et
3281 2081 3347 2122 ex
3410 2065 3597 2132 Patre,
3635 2086 3655 2121 ι

2079 2145 2208 2213 quid
2241 2156 2421 2214 notat,
2455 2165 2646 2219 quam,
2678 2153 3151 2222 quemadmodum
3175 2173 3239 2213 ex
3265 2159 3431 2215 Patre
3466 2175 3665 2230 proce-

2078 2238 2176 2300 dit,
2208 2237 2282 2293 ita
2309 2240 2474 2295 etiam
2505 2244 2753 2312 procedit
2781 2261 2849 2300 ex
2872 2243 3049 2302 Filio?

2151 2329 2269 2386 Dic.
2300 2331 2480 2404 IEqua
2522 2345 2578 2391 et
2603 2335 2747 2392 bona
2799 2337 2914 2394 haec
2945 2340 3124 2396 oratio
3153 2339 3522 2410 prudentibus
3573 2356 3664 2398 re-

2080 2423 2384 2492 putabitur.

2152 2513 2323 2570 Rhac.
2357 2516 2526 2575 Estne
2555 2529 2820 2591 praeterea
2871 2525 3018 2582 allus
3070 2526 3348 2599 quispiam
3379 2543 3446 2585 es
3464 2529 3665 2587 docto-

2080 2605 2256 2669 ribus,
2294 2607 2390 2677 qui
2417 2609 2492 2662 ita
2526 2609 2829 2681 loquatur?

2151 2698 2310 2753 Catia.
2339 2698 2545 2758 Omnes
2568 2705 2747 2760 san'cti
2771 2703 3179 2765 Occidentales
3238 2717 3297 2765 et
3347 2710 3665 2770 Orientales

2078 2787 2222 2844 idem
2247 2791 2543 2850 aliirtnant.
2973 2873 2978 2878 δ

2151 2882 2317 2940 Rhac.
2349 2883 2462 2955 Ego
2514 2902 2692 2959 neque
2752 2889 2887 2956 vidi,
2943 2907 3124 2964 neque
3179 2909 3422 2965 unquam
3478 2895 3666 2953 audivi

2078 2977 2281 3033 similia
2315 2995 2332 3034 :
2367 2981 2750 3036 tantummodo
2783 2998 2896 3054 pre
2922 2986 3181 3042 manibus
3230 2986 3386 3043 luere
3407 2987 3669 3046 Cabasila

2078 3070 2325 3140 quidam,
2347 3073 2582 3140 Psellus,
2611 3073 2873 3132 Nicolaus
2923 3077 3324 3144 Methonensls,
3348 3080 3659 3136 Panaretus

2079 3170 2137 3215 et
2168 3161 2283 3218 alii.
2329 3162 2560 3220 Etnunc
2589 3167 2811 3223 demum
2845 3168 3146 3240 Ephesium
3205 3173 3418 3242 audivi,
3463 3174 3669 3246 quibus

2006 3277 2050 3335 ο
2084 3260 2145 3309 ιιι
2175 3253 2320 3312 dicis
2347 3259 2631 3316 contraria
2673 3260 3038 3318 dietitantem.

2156 3349 2300 3404 And.
2337 3350 2572 3417 Quinam
2596 3356 2783 3426 potius
2802 3357 3060 3413 audiendi
3090 3367 3221 3414 sunt
3275 3360 3452 3416 sancti
3474 3360 3669 3417 docto-

2084 3456 2173 3497 res
2197 3442 2480 3508 Ecclesiae,
2543 3461 2614 3500 an
2647 3447 2727 3502 illi
2785 3450 2876 3518 qui
2924 3458 3050 3520 post
3074 3451 3339 3518 schisma,
3368 3462 3421 3508 et
3455 3455 3663 3510 multas

2084 3538 2466 3592 contentiones
2532 3546 2588 3594 et
2663 3540 2815 3594 rixas
2880 3543 3279 3598 commentaria
3333 3545 3665 3601 ediderunt?

2156 3707 2326 3763 liltac.
2365 3708 2630 3765 Doctores
2655 3710 2868 3781 absque
2895 3709 3088 3768 dubio.

2153 3799 2309 3856 Calh.
2339 3801 2485 3867 Quid
2509 3818 2657 3858 nunc
2687 3803 2788 3858 tibi
2811 3804 3068 3860 videtur?
3103 3803 3355 3862 llaaretiei
3389 3809 3658 3881 sunt,qui

2084 3896 2301 3961 dicunt,
2325 3896 2594 3967 Spiritum
2627 3912 2694 3952 ex
2726 3897 2908 3953 Filio?

2155 3988 2322 4044 Rhac.
2359 3989 2564 4056 Exhis,
2603 4005 2726 4060 quae
2780 3990 2947 4047 modo
3008 3991 3222 4060 audivi,
3257 4009 3545 4066 nunquam
3606 3996 3665 4052 id

2082 4084 2336 4139 dixerim.

2155 4176 2313 4231 Cath.
2346 4175 2528 4243 Quare
2555 4177 2741 4249 itaque
2773 4179 2935 4238 nobis
2964 4181 3384 4238 adversamini?
3442 4183 3661 4242 Etenim

2082 4270 2128 4324 si
2171 4267 2504 4325 suﬂicieuter
2540 4270 2815 4342 planeque
2873 4271 3319 4330 demonstratum
3343 4286 3452 4344 est,
3485 4275 3668 4349 Spiri~

2085 4371 2199 4416 tum
2234 4369 2486 4416 sanctum
2520 4377 2616 4434 per
2659 4361 2858 4419 Filium
2883 4375 2942 4420 et
2971 4381 3040 4421 ex
3068 4365 3210 4421 Filio
3241 4369 3568 4437 procedere,
3591 4385 3662 4426 ex
3767 4404 3772 4406 -

2082 4462 2364 4508 sacrorum
2419 4453 2646 4511 Patrum
2723 4455 3128 4528 doctorumque
3179 4469 3496 4516 nostrorum
3569 4477 3664 4518 sa-

2082 4545 2361 4614 pientibus
2421 4547 2703 4620 ﬁrmisque
2762 4549 2900 4604 citra
2960 4551 3461 4608 contradictionem
3515 4569 3669 4610 com-

383 4644 620 4710 δόγματι
647 4640 709 4693 τὸ
745 4639 900 4710 παρὰ
935 4638 1035 4707 τῆς
1070 4634 1398 4705 Ῥωμαῖκῆς
1441 4633 1772 4702 Ἐκκλησίας
1804 4633 1863 4686 ἐν
1891 4631 1970 4703 τῷ

2094 4635 2394 4703 mentariis,
2426 4653 2528 4692 nos
2579 4647 2769 4708 postea
2822 4639 2990 4697 sitnili
3049 4642 3357 4710 sententiae,
3415 4646 3562 4716 quod
3630 4663 3662 4701 a

383 4733 656 4805 Συμϐόλῳ
701 4731 805 4800 τῆς
871 4728 1108 4789 πίστεως
1165 4723 1581 4795 κηρυττόμενον
1646 4723 1972 4791 ἐγνωκότες,

381 4826 490 4893 τὴν
521 4825 745 4894 εἰρήνην
775 4821 872 4875 καὶ
920 4819 1115 4873 ἕνωσιν
1158 4818 1265 4872 τῶν
1324 4814 1671 4886 Ἐκκλησιῶν
1705 4821 1974 4886 χρεωστι-

383 4915 505 4979 κῶς
534 4916 650 4986 ἅμα
681 4915 779 4968 καὶ
812 4912 1059 4975 εὐλαϐῶς
1087 4911 1260 4979 αὐτὴν
1281 4909 1535 4977 ἀσμένως
1567 4907 1972 4978 ὑπεδεξάμεθα,

384 5010 484 5060 καὶ
528 5008 629 5078 τὴν
682 5008 823 5076 μετὰ
859 5004 1160 5073 Ῥωμαίων
1212 5003 1493 5070 ὁμόνοιαν,
1539 5001 1636 5052 καὶ
1691 5001 1754 5054 τὸ
1793 5001 1972 5069 φίλιον

386 5097 782 5168 προειλόμεθα.
823 5096 876 5148 τί
907 5094 1020 5147 τῶν
1054 5094 1274 5147 ἀτόπων
1309 5089 1763 5161 διεπραξάμεθας
1800 5089 1975 5143 Πόθεν

386 5192 522 5260 ὑμῖν
565 5189 869 5257 ἑξεγένετο,
927 5187 1172 5256 ἀδελφοὶ,
1231 5187 1358 5247 τοὺς
1404 5183 1713 5256 ὁμοφύλους
1763 5199 1823 5235 τε
1881 5183 1977 5236 καὶ

383 5284 694 5351 ὁμογενεῖς,
731 5280 800 5333 ῖν⁹
831 5281 972 5332 εἴπω
999 5282 1092 5331 καὶ
1125 5278 1393 5347 συμφυεῖς
1419 5277 1568 5330 ἐστιν
1607 5277 1698 5329 ὅτε
1725 5276 1880 5344 ὑμῖν,
1900 5274 1978 5337 ὡς

385 5374 638 5436 ἐθνικοῦς
695 5373 791 5427 καὶ
843 5370 1180 5440 ἀλλοφύλους
1229 5370 1505 5440 ἡγεῖσθαι,
1534 5368 1632 5422 καὶ
1682 5369 1846 5439 ἀρὰς,
1882 5368 1979 5421 καὶ

388 5465 769 5536 βλασφημίας,
797 5464 896 5516 καὶ
945 5462 1311 5530 συκοφαντίας
1359 5459 1803 5530 ἁλλεπαλλήλους
1848 5461 1980 5531 συρ-

388 5565 623 5634 ράπτειν
669 5560 791 5614 καθ’
846 5559 1007 5629 ἡμῶν
1061 5558 1339 5630 ὁσημέραι
1372 5556 1434 5609 ού
1492 5555 1768 5620 παύεσθε;
1803 5554 1980 5609 Τοῦτο

386 5654 726 5724 παναληθες,
771 5651 848 5705 Οὐ
888 5653 998 5720 γὰρ
1048 5650 1331 5718 δυνηθείη,
1368 5649 1519 5712 ὅστις
1565 5649 1633 5702 ἂν
1662 5649 1771 5719 εἴη,
1803 5648 1979 5718 ἀρνή-

389 5748 612 5802 σασθαι.
654 5748 763 5798 Καὶ
805 5745 918 5813 γάρ
973 5745 1030 5795 ὲν
1063 5745 1184 5806 ταῖς
1221 5742 1518 5814 καπήλοις,
1551 5743 1609 5793 ὲν
1640 5745 1763 5804 ταῖς
1811 5742 1977 5805 ὁδοῖς,

387 5840 449 5892 ιν
487 5841 605 5900 ταῖς
647 5839 899 5908 ἀγοραῖς,
949 5835 1038 5888 διὰ
1087 5836 1307 5888 πάντων
1357 5835 1452 5887 καὶ⁵
1503 5833 1808 5904 πανταχοῦ,
1867 5832 1978 5886 τῶν

389 5930 666 5983 ἑνωτικῶν
719 5929 916 6000 ἱερέων
952 5925 1327 5996 κατασύρεται
1359 5926 1422 5979 τὸ
1458 5925 1782 5995 πολίτευμα,
1815 5926 1911 5979 καὶ
1939 5927 1973 5995 ἡ

2083 4726 2327 4783 Romana
2359 4728 2602 4786 Ecclesia
2634 4732 2688 4786 in
2731 4731 2990 4804 Symbolo
3012 4733 3137 4788 lidei
3163 4737 3499 4806 praedicatur
3531 4755 3664 4794 cou-

2081 4818 2313 4876 cordare
2342 4833 2758 4891 cognoscentes,
2798 4839 2988 4893 pacem
3051 4833 3104 4880 et
3151 4829 3412 4884 unionem
3471 4829 3666 4888 Eccle-
3779 4887 3782 4889 λ

2078 4911 2289 4968 siarum
2349 4914 2668 4970 necessario
2698 4926 2754 4970 et
2783 4928 3100 4974 reverenter
3140 4919 3377 4978 libentes
3429 4923 3664 4980 deescu-

2081 5005 2178 5061 lati
2210 5022 2427 5072 sumus,
2459 5016 2515 5063 et
2567 5010 2922 5066 concordiam
2991 5027 3118 5069 cum
3174 5013 3440 5074 Romanis
3497 5027 3665 5090 atque

2081 5097 2386 5153 amicitiam
2419 5100 2700 5167 inivituus,
2766 5103 2900 5172 quid
2955 5103 3184 5162 absurdi
3233 5108 3667 5165 commisimus?

2087 5189 2240 5245 Unde
2281 5190 2483 5246 factum
2516 5202 2621 5258 est,
2655 5192 2876 5260 fratres,
2915 5206 2974 5251 ut
3010 5212 3112 5254 vos
3129 5198 3381 5269 ejusdem
3419 5201 3666 5257 nationis

2083 5289 2140 5335 et
2165 5281 2407 5351 ejusdem
2438 5286 2676 5353 generis,
2700 5287 3002 5357 aliquando
3060 5292 3223 5345 etiam
3259 5301 3315 5347 et
3371 5294 3665 5363 sanguinis

2083 5371 2361 5438 homines,
2400 5384 2663 5447 tauquam
2707 5379 2964 5436 ethnicos
3015 5390 3069 5437 et
3098 5381 3311 5439 alienos
3344 5385 3669 5455 reputetis?

2080 5475 2136 5522 et
2169 5467 2344 5534 diras,
2371 5470 2622 5526 convicia
2671 5480 2727 5526 et
2768 5473 3082 5529 calumnias
3145 5475 3411 5530 continuo
3463 5485 3658 5532 contra

2080 5573 2176 5614 eos
2202 5569 2257 5614 et
2282 5560 2528 5628 quotidie
2590 5565 2930 5620 cunt-innare
2977 5581 3089 5621 non
3148 5565 3490 5623 desistatis?
3547 5569 3666 5625 lloc

2081 5651 2430 5706 verissimum
2465 5661 2572 5717 est,
2607 5669 2785 5724 neque
2823 5656 3256 5726 aliquisioﬁcias
3284 5658 3478 5728 iverit;
3505 5675 3663 5715 nam-

2083 5757 2190 5811 que
2220 5741 2274 5795 in
2303 5743 2596 5814 cauponis,
2633 5746 2836 5812 triviis,
2893 5748 3052 5814 luris,
3088 5749 3228 5805 locis
3285 5750 3342 5805 in
3398 5753 3663 5806 omnibus

2081 5837 2370 5888 calumniae
2404 5837 2615 5906 amplas
2649 5840 2974 5894 occasiones
3023 5842 3433 5910 nanciscentes,
3467 5855 3659 5898 sacer-

2082 5929 2298 5989 dotum.
2329 5929 2421 5997 qui
2457 5930 2719 5987 unionem
2753 5943 3110 6005 acceperunt,
3163 5936 3331 5992 vitam
3366 5942 3530 6005 atque
3567 5931 3663 5989 in-
3725 5982 3737 5990 .
