4028 6420
475 355 610 423 1011

1468 363 1788 428 IOSEPl—ll
1824 367 2373 431 METHONENSIS
2402 350 2748 436 EPlSCOPl

3581 383 3698 447 ibi?

546 477 669 534 Dic.
697 476 1154 550 Quandoquidem
1177 482 1326 548 silet,
1377 482 1500 550 hoc,
1530 492 1790 554 tanquam
1816 485 2035 538 cuicon‘

2230 491 2351 542 Δικ.
2395 489 2616 559 Ἐπειδὴ
2675 491 2876 559 σιωπᾷ,
2942 489 3016 554 ὡς
3070 493 3466 565 ἀναντίρρητον
3511 496 3697 560 πάντως

473 569 675 641 tradici
708 573 916 638 nequit,
951 575 1336 642 prrctermittit.
1382 575 1495 629 IIIIO
1520 578 1712 630 nolens
1745 577 1875 630 illud
1911 593 2051 646 pro-

474 674 746 727 pugnare,
779 662 1046 718 Catholici
1103 664 1562 720 demonstrationi
1612 681 1904 720 assensum
1959 681 2056 720 ex-

2159 582 2354 651 ἀφίηει
2387 581 2568 635 τοῦτο.
2598 584 2722 637 Ἰ-Στι
2752 584 2831 643 δὲ.
2880 584 2957 653 μὴ
2988 583 3160 638 θέλων
3207 585 3373 638 αὐτοῦ
3408 587 3698 654 ἀντέχεσθαι

2157 673 2259 737 ἔτι,
2303 677 2758 742 συγκατατίθεται
2797 678 2868 745 πῇ
2917 677 3012 729 τοῦ
3073 677 3378 731 Καθολικοῦ
3429 682 3699 748 ἀποφάσει.

476 751 651 832 bibet.
693 751 791 808 Hic
811 754 960 808 enim
992 770 1113 810 mos
1140 766 1226 811 est
1254 758 1673 825 disputantibus
1723 775 1829 812 non
1884 759 2035 814 Siiel't

2157 766 2330 834 Τοῦτο
2367 768 2476 838 γάρ
2504 769 2624 834 ἔθος
2655 772 2770 832 τοῖς
2799 770 3208 840 διαλεγομένοις
3243 773 3378 834 ἐστὶ,
3412 773 3486 842 μὴ
3519 778 3705 843 σιωπᾷν

473 843 529 898 in
552 829 758 914 aliquo,
803 845 971 914 quod,
995 845 1042 900 si
1077 847 1352 911 siluerint,
1403 849 1562 916 plane
1598 847 1836 904 fatentur
1875 863 1934 904 se
1973 849 2053 902 vi-

2155 861 2301 914 κατά
2348 877 2420 916 τι.
2455 863 2750 932 Σιωπήσας
2775 863 2858 928 δὲ,
2885 863 3160 916 δείκνυσιν
3191 865 3274 916 ὅτι
3305 864 3596 934 νενίκηται,
3624 868 3707 919 καὶ

470 945 590 992 ctos
617 951 760 1001 esse,
798 952 900 992 nec
930 939 1068 993 velle
1101 939 1169 994 de
1199 955 1266 994 eo
1299 941 1539 1009 amplius
1594 941 2035 1011 disceptationem

2153 952 2214 1004 οὐ
2249 952 2501 1022 βούλεται
2533 953 2614 1008 ἔτι
2651 955 2781 1025 περὶ
2809 954 3017 1008 ἐκείνου
3040 955 3245 1024 λέγειν.

471 1027 630 1084 inire.

543 1119 702 1176 Cum.
740 1121 856 1189 Dic,
893 1122 1054 1178 Pater
1083 1126 1412 1190 rexerendc,
1443 1139 1564 1194 quae
1614 1124 1668 1178 in
1701 1125 1931 1180 dubium
1959 1139 2050 1178 vo-

465 1225 582 1274 cas,
607 1219 662 1266 et
689 1213 1046 1280 respondebo.

541 1303 713 1363 Illinc.
749 1307 1039 1374 Quomodo
1066 1311 1263 1379 probat
1280 1309 1548 1381 synodus,
1581 1311 1796 1365 animas
1822 1310 2045 1381 purgari

461 1405 592 1467 post
622 1399 903 1454 mortem?

533 1487 694 1545 Cum.
717 1490 924 1547 Probat
968 1501 1024 1546 et
1066 1493 1410 1549 demonstrat
1439 1510 1563 1552 cum
1585 1495 1823 1563 ratione,
1850 1511 2047 1566 quem-

462 1578 760 1636 admodum
789 1591 846 1638 et
876 1585 1108 1654 reliqua.

539 1673 712 1730 Rhac.
745 1675 882 1745 Age,
909 1675 1081 1732 dicito
1118 1679 1276 1745 mihi,
1315 1681 1463 1736 unde
1511 1682 1620 1737 hoc
1674 1681 2043 1738 demonstrat.

529 1764 693 1821 Catii.
719 1769 968 1826 Primum
1002 1771 1222 1841 quidem
1247 1759 1502 1844 exemplo
1529 1777 1728 1842 nostri,
1764 1775 1909 1846 quod
1943 1790 2044 1830 nos

2227 1133 2370 1186 Καθ.
2408 1131 2572 1200 Λέγε.
2605 1132 2794 1204 Πάτερ
2849 1133 3121 1204 αἱδέσιμε,
3166 1134 3312 1206 ἅπερ
3362 1136 3600 1204 ἀπορεῖς,
3627 1139 3711 1192 καὶ

2150 1221 2561 1291 ἀποκρινοῦμαί
2594 1241 2697 1279 σοι.

2232 1312 2397 1370 Ῥακ.
2445 1315 2571 1378 Πῶς
2616 1317 2947 1388 παρίστησιν
2988 1319 3022 1390 ἡ
3077 1319 3296 1384 σύνοδος
3344 1320 3505 1392 αὕτη,
3534 1321 3614 1375 ὅτι
3663 1323 3712 1374 ai

2148 1401 2317 1473 ψυχαὶ
2345 1403 2703 1474 καθαίρονται
2740 1409 2879 1476 μετά
2910 1409 3177 1476 θάνατονς

2220 1499 2366 1551 Καθ.
2401 1498 2706 1568 Παρίστησι
2748 1503 2843 1554 καὶ
2876 1503 3224 1557 ἀποδεικνύει
3272 1505 3369 1558 καὶ
3401 1507 3559 1560 τοῦτο
3590 1507 3714 1576 μετᾶ

2145 1586 2328 1656 λόγου,
2366 1589 2556 1663 ὥσπερ
2586 1594 2682 1647 καὶ
2707 1595 2776 1647 τὰ
2806 1595 2994 1654 λοιπά.

2233 1681 2398 1737 Ῥακ.
2431 1684 2573 1749 Λέγε
2602 1703 2691 1755 μοι
2722 1685 2810 1757 δὴ,
2838 1689 3005 1742 πόθεν
3035 1689 3274 1745 δεικνύει
3310 1693 3491 1749 τοῦτο.

2218 1775 2364 1829 Καθ.
2401 1777 2626 1844 Πρῶτον
2675 1779 2776 1848 μὲν
2814 1783 2879 1833 ὲκ
2941 1784 3390 1854 παραδείγματος
3438 1786 3709 1854 ἡμετέρου.

460 1857 566 1927 ipsi
595 1856 834 1915 facimus
862 1879 877 1916 :
909 1861 1110 1918 deinde
1141 1865 1479 1920 testimoniis
1511 1876 1829 1922 sanctorum
1858 1866 2035 1924 Eccle-

2143 1865 2280 1936 ὅπερ
2325 1867 2480 1920 αὐτοὶ
2521 1869 2685 1938 ἡμεῖς
2724 1873 3030 1943 ποιοῦμενο
3081 1870 3203 1930 εἶτα
3252 1877 3362 1930 ἀπὸ
3405 1877 3709 1946 μαρτυριῶν

459 1949 558 2005 sia:
588 1951 903 2018 doctorum,
927 1960 982 2008 et
1003 1953 1073 2008 ab
1107 1953 1224 2024 ipsa
1260 1955 1339 2010 rei
1379 1965 1602 2012 natura.

535 2130 704 2188 Rnec.
737 2133 934 2189 Profer
965 2136 1102 2191 mihi
1124 2147 1378 2193 nostrum
1400 2139 1733 2210 exemplum,
1759 2141 1904 2211 quod
1943 2155 2044 2196 nos

455 2223 559 2292 ipsi
589 2225 826 2293 agimus.

529 2315 691 2371 ϐαιὴ.
720 2322 805 2372 An
830 2320 1017 2375 nescis
1047 2321 1228 2378 adhuc
1257 2323 1389 2394 quid
1446 2334 1642 2378 notent
1703 2323 2038 2388 oblationes,
2113 2357 2118 2360 -

453 2410 649 2483 colyba
713 2413 976 2478 candelae,
1010 2415 1216 2479 oleum,
1251 2416 1592 2486 psalmodize.
1641 2431 2043 2470 commemora-

456 2506 660 2569 tiones.
714 2514 771 2561 et
821 2507 1105 2561 memoria:
1166 2522 1268 2577 pro
1315 2508 1546 2563 mortuis
1577 2510 1632 2562 in
1667 2511 2042 2565 sacrosanCtis

457 2597 752 2654 sacriﬁciis
771 2597 796 2652 ῖ

533 2687 696 2745 Rhac.
729 2689 897 2764 Estne
924 2691 976 2747 id
1003 2693 1288 2762 ltoc,qnod
1316 2691 1494 2747 Latini
1541 2702 1863 2764 nuncupant
1901 2690 2041 2747 Pur-

453 2784 744 2854 gatorium,
770 2765 872 2839 nos
896 2785 1288 2857 Καθαρτήριον
1311 2786 1334 2840 2

527 2876 688 2932 Catii.
720 2875 838 2934 Hoc
854 2892 1053 2950 nempe
1081 2887 1188 2948 est,
1231 2890 1414 2936 etnon
1438 2881 1612 2937 aliud.

530 2967 700 3025 Rhac.
749 2969 1055 3027 ASseruisti
1107 2973 1443 3028 teSIimoniis
1501 2989 1724 3044 quoque
1778 2973 2040 3029 Ecclesia!

453 3060 746 3116 doctorum
783 3063 887 3117 hoc
917 3062 1151 3132 probare
1182 3066 1457 3134 synodum
1489 3081 1506 3132 ;
1549 3066 1826 3121 ostendito
1878 3066 2036 3120 mibi.

529 3273 690 3328 Catii.
733 3269 1002 3324 Per-curre
1031 3270 1259 3324 tertium
1301 3269 1506 3324 decreti
1558 3279 1760 3337 caput;
1791 3270 1866 3324 ibi
1891 3271 2037 3325 enim

451 3365 738 3422 cumulate
773 3363 1206 3433 disputavimus,
1254 3361 1459 3434 quibus
1517 3361 1789 3418 dubitatio
1852 3364 2039 3419 omnis

451 3457 698 3514 tolletur.
818 3514 838 3532 κ

523 3549 692 3604 Rhac.
723 3546 1097 3604 Procedamus
1123 3547 1236 3618 jam
1261 3545 1330 3602 ad
1360 3555 1644 3616 quartum.

525 3642 683 3697 Catii.
710 3640 768 3696 Si
801 3638 932 3710 quid
963 3639 1032 3695 de
1060 3637 1168 3694 hoc
1196 3636 1457 3706 ambigis,
1485 3635 1675 3691 eﬂ’are.

523 3733 698 3790 Rhac.
729 3733 848 3800 Qua
872 3731 1109 3799 ratione,
1141 3745 1268 3786 cum
1308 3731 1555 3786 nondum
1610 3727 1922 3785 communis
1950 3743 2034 3782 re-

447 3827 728 3887 surrectio
759 3826 1116 3893 successerit,
1148 3824 1282 3894 justi
1318 3824 1448 3879 item
1508 3830 1566 3878 et
1595 3832 1915 3892 peccatores
1941 3835 2035 3874 re-

447 3929 716 3992 ceperunt
741 3908 1045 3976 secundum
1107 3931 1228 3984 vos,
1259 3915 1371 3970 imo
1434 3913 1742 3970 secundum
1803 3911 2034 3981 hujusce

446 4013 642 4085 synodi
672 4012 983 4076 decretum,
1006 4024 1131 4079 quae
1147 4020 1531 4064 commeruere
1547 4005 1575 4058 ?

516 4103 678 4157 Cath.
715 4101 790 4155 De
821 4102 926 4154 boc
951 4114 1174 4168 quoque
1208 4101 1282 4153 ita
1310 4098 1662 4153 sentiendum
1699 4105 1805 4162 est,
1839 4111 2034 4166 quem-

445 4193 743 4250 admodum
781 4205 837 4245 et
860 4191 926 4244 de
951 4189 1209 4258 aliisjam
1240 4191 1378 4242 bene
1406 4187 1574 4241 nosti.
1615 4186 1712 4242 Dei
1783 4185 2030 4241 Ecclesia

444 4295 600 4341 tenet
631 4293 950 4339 sanctorum
998 4279 1218 4335 animas
1246 4295 1372 4333 cum
1436 4279 1545 4333 Deo
1573 4287 1628 4332 et
1657 4278 1872 4332 sanctis
1928 4291 2029 4328 an-

441 4377 606 4449 gelis,
623 4373 808 4430 statim
836 4382 1000 4442 atque
1019 4386 1086 4426 ex
1107 4371 1211 4425 hac.
1230 4370 1342 4424 vita
1360 4368 1728 4432 excesserint,
1757 4366 2024 4432 habitare,

439 4471 632 4526 multis
694 4468 1022 4541 praemunita
1079 4465 1386 4520 rationibus
1455 4471 1507 4515 et
1566 4459 2021 4526 circumstantiis,

441 4569 586 4618 utet
613 4560 668 4616 in
696 4560 821 4615 aliis
856 4559 1045 4614 rebus.

525 4747 679 4800 filiae.
703 4741 761 4796 St
789 4755 937 4796 nunc
967 4740 1021 4794 in
1059 4739 1198 4794 coelo
1226 4737 1767 4807 babitantjustorum
1800 4738 2018 4804 animae,

391 4859 398 4866 -
438 4843 495 4891 et
518 4834 827 4904 possident,
866 4841 924 4888 ut
955 4832 1057 4897 ais,
1101 4830 1306 4886 flustra
1332 4828 1601 4900 judicium
1636 4828 1810 4899 iieret,
1838 4839 1890 4885 et
1923 4826 2020 4900 ju-

439 4929 544 4986 dex
575 4928 792 4983 sederet
822 4927 876 4980 in
907 4926 1130 4980 throno.

509 5110 667 5168 ϐαιὴ.
699 5109 759 5165 Si
787 5109 1121 5173 diceremus,
1159 5116 1382 5162 sanctos
1434 5120 1671 5176 corpore
1700 5113 1754 5160 et
1828 5104 2018 5161 animo

438 5209 680 5278 perfecte
711 5205 1008 5275 recepisse,
1043 5213 1156 5258 tum
1191 5203 1294 5256 hoc
1335 5201 1637 5257 absurdum
1676 5216 1783 5255 non
1807 5199 2018 5256 absone

437 5309 784 5371 sequeretur.
817 5297 974 5351 Nunc
1001 5310 1130 5350 vero
1156 5309 1256 5349 nos
1283 5309 1395 5349 nou
1431 5294 1505 5348 ita
1525 5292 1882 5358 aﬂirmamus,
1917 5291 2014 5347 sed

437 5391 654 5443 animas
680 5397 893 5443 tantum
922 5385 1163 5456 perfecte
1185 5384 1452 5451 recipere,
1482 5388 1540 5434 ut
1570 5389 1799 5437 sanctus
1843 5378 2014 5435 Joan-

437 5495 540 5534 nes
573 5479 947 5534 Damascenus
998 5475 1188 5538 refert,
1223 5491 1242 5525 ι
1281 5473 1347 5527 Et
1383 5472 1681 5542 perfectam
1739 5472 1792 5526 iu
1861 5470 2017 5525 caelis

437 5585 700 5627 coronam
729 5577 1093 5640 receperunt;
1128 5586 1148 5620 ι
1205 5566 1353 5636 quod
1383 5565 1451 5620 de
1508 5565 1842 5634 corporibus
1901 5577 2009 5618 non

438 5660 727 5725 asseritur,
771 5661 864 5714 sed
899 5660 969 5714 de
996 5656 1216 5713 animis.
1249 5657 1307 5710 In
1356 5656 1566 5724 judicio
1593 5671 1722 5710 vero
1745 5663 1862 5708 tum
1898 5653 2017 5708 aui-

436 5767 563 5817 nne,
593 5759 709 5806 tum
741 5764 973 5820 corpora
1007 5748 1169 5805 simul
1202 5747 1373 5819 gloria
1404 5745 1792 5816 perfruantur.

2146 1956 2256 2010 τῶν
2283 1957 2457 2024 ἁγίων
2484 1959 2583 2029 τῆς
2617 1961 2946 2034 Ἐκκλησίας
2973 1965 3340 2033 διδασκάλων,
3373 1971 3468 2021 καὶ
3500 1970 3593 2022 ἀπ’
3620 1969 3708 2022 αὐ-

2145 2049 2246 2117 τῆς
2274 2051 2373 2119 τῆς
2401 2051 2496 2104 τοῦ
2525 2055 2852 2126 πράγματος
2882 2057 3120 2126 φύσεως,

2227 2142 2394 2198 Ῥακ.
2419 2146 2630 2216 Φράσον
2661 2167 2752 2218 μοι
2771 2151 2857 2218 δὴ,
2881 2151 2932 2204 τί
2957 2151 3016 2203 τὸ
3036 2153 3312 2224 ἡμέτερον
3345 2154 3707 2224 παράδειγμα.

2144 2233 2285 2304 ὅπερ
2320 2235 2480 2304 ἡμεῖς
2512 2239 2666 2292 αὐτοὶ
2702 2241 2988 2310 ποιοῦμεν.

2217 2331 2362 2383 Καθ.
2402 2330 2522 2383 Ἔτι
2547 2331 2649 2384 οὐκ
2679 2329 2876 2400 ἔγνως,
2915 2333 2970 2384 τί
3008 2332 3268 2401 δηλοῦσιν
3300 2336 3355 2388 αί
3384 2338 3704 2406 προσφορπὶ,

2146 2425 2241 2477 καὶ
2275 2425 2343 2478 τὰ
2372 2425 2594 2492 κόλυϐα,
2627 2427 2720 2481 καὶ
2763 2428 2812 2480 oi
2843 2429 3030 2498 κηροὶ,
3065 2431 3159 2483 καὶ
3193 2430 3254 2483 τὺ
3303 2432 3509 2494 ἔλαιον,
3544 2435 3630 2486 καὶ
3663 2434 3711 2484 αί

2143 2513 2478 2586 ψαλμῳδίαι,
2512 2519 2606 2572 καὶ
2636 2522 2706 2572 τά
2733 2523 3071 2590 μνημόσυνα.
3107 2522 3203 2576 καὶ
3227 2523 3288 2576 τὸ
3331 2525 3523 2594 μνείας
3555 2527 3715 2578 ποιεῖν

2145 2605 2287 2676 ὑπὲρ
2323 2607 2434 2661 τῶν
2461 2611 2888 2680 κεκοιμημένων
2917 2613 2975 2666 ὲν
3003 2615 3124 2676 ταῖς
3162 2614 3336 2685 ἱεραῖς
3364 2615 3651 2678 “huic;

2228 2700 2394 2756 Ῥακ.
2453 2703 2624 2756 Τοῦτό
2677 2706 2853 2768 ἐστιν.
2909 2705 3050 2775 ὅπερ
3115 2709 3165 2760 oi
3226 2708 3456 2762 Λατῖνοι
3510 2707 3718 2778 λέγουσι

2143 2794 2580 2865 Πουργατόριον,
2615 2795 2736 2867 ἦτοι
2761 2795 3149 2868 Καθαρτήριον
3173 2816 3188 2865 ;

2212 2889 2357 2941 Ka0.
2385 2886 2558 2940 Τοῦτό
2590 2887 2730 2954 ιστι,
2756 2891 2854 2944 καὶ
2883 2888 2983 2943 οὐκ
3015 2890 3166 2947 ἄλλο.
3489 2949 3500 2960 ,

2223 2977 2382 3032 Ῥακ.
2417 2977 2595 3047 Ἕφης
2620 2978 2702 3031 ὅτι
2733 2979 2830 3032 καὶ
2855 2979 2944 3032 διά
2988 2984 3314 3052 μαρτυριῶν
3333 2983 3450 3039 τῶν
3477 2987 3573 3055 τῆς
3602 2987 3716 3039 Ἐκο

2143 3069 2371 3141 κλησίας
2420 3069 2760 3125 διδασκάλων
2811 3072 2845 3143 ή
2882 3070 3103 3139 σύνοδος
3146 3075 3306 3130 τοῦτό
3349 3094 3418 3147 γε
3464 3081 3712 3151 παριστᾷ.

2145 3163 2331 3228 Δεῖξόν
2359 3180 2450 3234 μοι
2477 3163 2662 3222 τοῦτο.

2215 3259 2360 3312 Καθ.
2411 3257 2711 3327 ’Λνάγνωθι
2759 3261 2820 3314 τὸ
2865 3262 3054 3332 τρίτον
3096 3263 3190 3316 τοῦ
3235 3264 3362 3333 ὅρου
3399 3265 3714 3333 κεφάλαιον*

2143 3351 2258 3403 ἐκεῖ
2295 3350 2404 3420 γάρ
2433 3350 2636 3415 ίκανῶς
2670 3353 3004 3424 εἰρήκαμεν,
3039 3356 3131 3408 καὶ
3170 3357 3300 3428 περὶ
3327 3355 3495 3411 τοῦτο
3523 3359 3715 3428 πληρο-

2141 3443 2450 3516 φορηθήσῐιο

2217 3531 2387 3588 Ῥακ.
2424 3535 2686 3605 ’Ἄγωμεν
2715 3535 2781 3607 δὴ
2811 3537 2906 3591 καὶ
2932 3537 3025 3590 ἐπὶ
3057 3537 3118 3591 τὸ
3149 3537 3440 3608 τέταρτον.

2211 3626 2354 3678 Καθ.
2391 3623 2531 3692 Λέγε
2560 3625 2690 3696 περὶ
2720 3627 2938 3690 τούτου,
2964 3627 3069 3681 ὅσα
3097 3643 3159 3692 γε
3185 3627 3438 3697 ἀπορεῖς.

2221 3719 2380 3774 Ῥακ.
2413 3719 2540 3781 Πῶς
2596 3719 2765 3788 μήπω
2810 3719 2912 3790 τῆς
2965 3721 3157 3790 κοινῆς
3189 3718 3546 3789 ἀναστάσεως
3575 3739 3713 3790 γενο-

2141 3808 2336 3880 μένης,
2366 3811 2416 3862 οἱ
2455 3808 2658 3863 δίκαιοι
2694 3809 2992 3874 ἀπέλαϐον,
3037 3810 3133 3862 καὶ
3185 3812 3235 3864 oi
3285 3812 3607 3882 ἁμαρτωλοὶ
3650 3813 3712 3863 τά

2137 3902 2262 3954 κατ’
2294 3900 2453 3965 ἀξίαν
2498 3901 2684 3954 αὐτῶν
2735 3900 2858 3955 καθ’
2901 3901 3069 3971 ὑμᾶς,
3104 3900 3306 3970 μᾶλλον
3339 3902 3398 3954 δὲ
3440 3904 3584 3956 κατὰ
3629 3902 3711 3953 τὸν

2135 3991 2236 4062 τῆς
2267 3993 2488 4046 συνόδου
2519 3995 2752 4062 ταυτησὶ
2773 3995 2952 4063 εὸρον;

2207 4085 2351 4137 Καθ.
2383 4083 2550 4145 Σύνες
2579 4083 2676 4136 καὶ
2710 4085 2842 4154 περ)¹
2869 4085 3086 4149 τούτου,
3125 4084 3310 4156 Πάτερ
3343 4087 3613 4155 αίδέσιμε,
3643 4085 3710 4147 ὡς

2135 4175 2231 4228 καὶ
2281 4176 2411 4242 περὶ
2457 4175 2566 4227 τῶν
2611 4176 2788 4230 ἀλλων
2843 4178 3027 4240 καλῶς
3082 4178 3276 4246 ἔγνως.
3315 4180 3381 4232 'll
3435 4181 3530 4234 τοῦ
3583 4177 3707 4232 Θεοῦ

2146 4263 2440 4332 Ἐκκλησία
2469 4264 2681 4330 δοξάζει
2704 4267 2800 4331 τὰς
2836 4267 3015 4338 ψυχὰς
3046 4267 3153 4320 τῶν
3188 4270 3364 4337 ἁγίων
3393 4269 3708 4335 αὐλίζεσθαι

2135 4357 2274 4425 μετὰ
2318 4357 2413 4410 τοῦ
2456 4357 2614 4422 Θεοῦ,
2642 4359 2736 4411 καὶ
2787 4361 2895 4412 τῶν
2955 4362 3131 4428 ἁγίων
3189 4362 3442 4430 ἀγγέλων
3491 4364 3705 4423 εὐθέως,

2132 4444 2296 4514 ἡνίκα
2335 4446 2595 4513 ἐξέλθωσι
2641 4448 2734 4500 τοῦ
2784 4449 2912 4520 τῇδε
2949 4449 3094 4519 βίου,
3128 4452 3332 4514 πολλὰς
3370 4453 3573 4524 ἔχουσα
3621 4453 3708 4505 καὶ

2132 4539 2192 4590 ὲν
2221 4538 2398 4609 τούτῳ
2444 4539 2702 4610 ἀφορμάς
2748 4558 2809 4593 τε
2843 4541 2939 4594 καὶ⁵
2989 4543 3388 4613 παραστάσεις,
3414 4543 3491 4607 ὠς
3527 4546 3619 4597 καὶ
3655 4544 3706 4594 ἐν

2132 4631 2246 4692 τοῖς
2269 4629 2501 4693 λοιποῖς.

2217 4722 2383 4778 Ῥακ.
2419 4724 2482 4776 Ei
2515 4723 2611 4777 νῦν
2657 4724 2966 4789 αὐλίζονται
2994 4729 3054 4779 ὲν
3103 4726 3184 4794 τῷ
3211 4727 3428 4800 οὐρανῷ
3454 4730 3510 4782 al
3545 4729 3703 4797 ψυχαὶ

2135 4816 2244 4869 τῶν
2269 4817 2512 4883 δικαίων,
2547 4816 2641 4871 καὶ
2688 4819 3198 4888 ἀπολαμϐάνουσιν,
3231 4820 3309 4883 ὡς
3358 4823 3423 4874 σὺ
3459 4822 3583 4892 φῂς,
3618 4837 3705 4870 πε-

2138 4909 2328 4978 ρισσόν
2366 4911 2504 4973 ἐστι,
2533 4909 2631 4978 τὴν
2677 4911 2862 4980 κρίσιν
2905 4911 3182 4977 γενέσθαι,
3233 4912 3327 4963 καὶ
3377 4912 3470 4966 τὶν
3519 4911 3703 4980 κριτὴν

2135 5000 2230 5052 ἐπὶ
2258 4999 2450 5068 θρόνου
2475 5000 2717 5053 καθίσαι.

2208 5093 2351 5145 Καθ.
2385 5091 2446 5143 Εί
2475 5092 2578 5159 μὲν
2605 5092 2890 5160 ἐλέγομεν,
2912 5090 3150 5155 Τελείως
3184 5093 3462 5147 ἀπέλαϐον
3491 5095 3536 5146 οἱ
3565 5092 3699 5156 ἅγιοι

2131 5178 2278 5247 ψυχῇ
2326 5196 2385 5233 τε
2434 5179 2530 5232 καὶ
2579 5180 2818 5250 σώματι,
2849 5181 2968 5234 τότε
2994 5182 3220 5244 δικαίως
3254 5182 3321 5236 ἂν
3351 5178 3698 5253 ἐπηκολούθει

2131 5270 2286 5323 τουτὶ
2313 5271 2374 5323 τὸ
2402 5267 2606 5325 ἄτοπον
2632 5289 2644 5302 ·
2679 5271 2774 5324 νῦν
2802 5272 2857 5325 δὲ
2903 5273 3001 5343 οὐχ
3049 5271 3227 5337 οὕτως
3259 5275 3420 5344 ἡμεῖς
3451 5274 3695 5342 λέγομεν,

2130 5366 2247 5420 ἀλλ’
2291 5368 2375 5420 ὅτι
2423 5366 2517 5420 νῦν
2554 5367 3005 5437 ἀπολαμϐάνουσι
3044 5368 3184 5422 καθὸ
3212 5370 3384 5441 ψυχαὶ
3423 5371 3582 5441 μόνον
3612 5383 3692 5417 τε·

2129 5448 2311 5522 λείως,
2351 5460 2493 5514 κατά
2544 5459 2634 5511 τὸν
2691 5461 2836 5528 ίερὶν
2889 5461 3141 5531 Ἰωάννην
3192 5463 3284 5514 τὸν
3340 5458 3691 5530 Δαμασκηνὸν

2127 5553 2378 5620 λέγοντα,
2407 5571 2428 5605 ι
2468 5552 2579 5606 Καὶ
2628 5553 2837 5605 τέλειον
2887 5553 3164 5605 ἀπέλαϐον
3205 5553 3297 5605 τὸν
3351 5553 3608 5620 στέφανον
3637 5551 3689 5598 ἐν

2127 5646 2398 5713 οὐρανοῖς.
2442 5663 2460 5696 ι
2498 5645 2669 5696 Τοῦτο
2701 5643 2794 5696 οὖν
2844 5645 2903 5694 οὐ
2938 5645 3067 5714 περὶ
3097 5643 3206 5697 τῶν
3243 5644 3510 5714 σωμάτων
3542 5642 3682 5704 λέγε·

2127 5755 2241 5802 ται,
2261 5737 2394 5789 ἀλλὰ
2414 5735 2544 5806 περὶ
2565 5734 2674 5787 τῶν
2697 5735 2908 5804 ψυχῶν.
2947 5736 3035 5788 Ἐν
3057 5738 3123 5805 τῇ
3151 5736 3332 5805 κρίσει
3365 5736 3422 5787 δὲ
3455 5735 3516 5786 ai
3531 5729 3682 5801 ψυχαὶ

2128 5828 2265 5898 δμοῆ
2299 5827 2390 5882 καὶ
2418 5828 2486 5879 τὰ
2513 5827 2742 5897 σώματα
2771 5829 2834 5898 τῇ
2873 5826 2999 5897 δόξῃ
3025 5826 3494 5899 εὐφρανθήσονται
