4028 6408
324 400 464 467 1013
1315 413 1821 506 DlSCEI’TATli)
1859 414 2004 471 l‘l’d)
2046 417 2256 478 CONC.
2303 417 2672 477 FLOREN'I‘.

395 517 517 568 Δικ.
570 515 962 585 ’Ᾱληοὲστατος
1017 520 1110 574 καὶ
1161 521 1500 587 δικαιότατος
1535 517 1690 584 οὗτος
1737 525 1765 575 ὁ
1810 524 1945 584 λό-Λ

2078 528 2193 582 Dic.
2231 528 2528 585 Verissima
2553 527 2968 597 justissimaquc
2993 538 3078 584 est
3106 529 3221 584 lirec
3251 529 3448 583 oratiu.

329 623 447 674 γος.

402 699 573 754 Ῥεῖν.
613 703 838 770 Συνῆκα
866 704 894 757 ὃ
924 704 1129 771 λέγεις.
1163 706 1260 759 καὶ
1296 707 1628 778 πέπεισμαι,
1660 710 1741 762 ὅτι
1779 712 1905 760 πολ-

319 790 392 848 λά
435 793 786 860 εὑρίσκονται
835 795 930 847 καὶ
985 796 1256 866 Ἰδιόμελα
1307 798 1404 851 καὶ
1452 799 1746 869 Τροπάρια
1799 799 1907 851 τῶν

325 883 590 936 Κανὸνων
643 883 803 937 τοῦτο
859 885 1148 974 ξηλοῦντα,
1203 889 1298 942 καὶ
1356 889 1631 958 πολλαχοῦ
1685 890 1909 944 ἀλλοοεν

329 977 702 1046 μαρτυρεῖται
736 977 834 1045 μὲν
888 979 920 1046 ὴ
969 979 1080 1031 τῶν
1131 980 1304 1048 ἀγίων
1338 981 1671 1044 ἀπόλαυσις·
1706 981 1817 1049 ἐγὼ
1854 985 1911 1036 δὲ

328 1066 515 1136 ἀκμὴν
547 1067 760 1136 ἀπορῶ,
797 1067 917 1132 πῶς
939 1068 1168 1123 δύναται
1198 1069 1357 1124 τοῦτο
1383 1066 1544 1138 εἶναι,
1581 1072 1666 1126 ἵνα
1703 1077 1734 1144 ὴ
1766 1074 1912 1145 ψυχὴ

327 1161 500 1228 χωρὶς
537 1160 631 1213 τοῦ
658 1161 911 1230 σώματος
938 1163 1033 1216 νῦν
1065 1164 1438 1236 ἀπολαμϐάνῃ
1465 1184 1478 1229 ;

3454 414 3595 482 1οης

2083 699 2248 759 Rhac.
2283 703 2506 772 Peurepi
2543 704 2691 772 quod
2721 704 2882 767 dicis,
2917 718 3093 773 coque
3137 705 3394 758 suadcor.
3427 702 3593 764 Naui-

2010 809 2116 861 que
2191 793 2358 848 multa
2410 795 2764 849 inveniuntur
2813 803 2867 849 et
2916 795 3171 850 Idiumela
3230 805 3283 850 et
3329 794 3593 862 Troparia

2011 885 2296 939 Canonum
2321 885 2423 939 boc
2459 885 2843 948 monstrantia,
2877 895 2931 939 et
2961 901 3024 940 ex
3067 887 3253 941 uiultis
3284 887 3409 940 aliis
3464 886 3599 938 locis

2014 979 2329 1032 testimonia
2382 979 2523 1032 sumi
2570 987 2800 1048 possunt
2839 977 2907 1033 de
2953 979 3209 1033 l'ruitione
3253 987 3596 1032 sanctorum.

2016 1067 2407 1124 Verumtamen
2471 1071 2588 1137 ipse
2619 1084 2763 1123 nunc
2803 1069 3005 1132 haereo,
3038 1071 3315 1139 quomodo
3371 1069 3424 1122 id
3481 1067 3597 1122 ﬁeri

2017 1170 2204 1230 queat,
2237 1172 2298 1214 ut
2331 1161 2511 1215 anima
2537 1162 2746 1230 absque
2771 1175 3002 1231 corpore
3034 1161 3340 1230 possideat.

403 1256 545 1306 Ιιίιθ.
597 1253 672 1305 Οὐ
715 1252 796 1306 δεῖ
829 1271 887 1305 σε
923 1255 1180 1324 ἀπορεῖν,
1213 1253 1323 1307 ἔνθ’
1362 1257 1570 1327 ἀπορία
1621 1258 1722 1310 οὐκ
1772 1257 1913 1313 ἔστι.

2091 1254 2247 1309 Cath.
2285 1253 2657 1308 llmsitandnm
2697 1267 2803 1307 non
2834 1261 2940 1317 est,
2997 1252 3089 1306 ubi
3141 1250 3412 1306 limsitatio
3453 1249 3601 1304 nulla

333 1347 476 1400 Πᾶσι
529 1347 640 1416 γὰρ
679 1351 774 1401 καὶ
813 1348 1034 1416 τυφλοῖς
1078 1349 1238 1418 δῆλόν
1271 1351 1441 1413 ἐστιν,
1472 1351 1555 1402 ὄτι
1586 1352 1618 1420 ἡ
1655 1351 1804 1420 ψυχὴ
1834 1369 1915 1404 τι-

2058 1355 2103 1400 st
2136 1362 2150 1399 :
2209 1347 2466 1401 omnibus
2492 1346 2639 1400 enim
2680 1357 2732 1404 et
2773 1347 2932 1402 ca‘eis
2977 1353 3146 1415 patet,
3198 1342 3438 1397 animam
3477 1358 3604 1398 esse

335 1439 584 1507 μιωτέρα
613 1439 733 1491 ἐστὶ
767 1438 862 1492 τοῦ
901 1442 1180 1511 σώματος.
1217 1444 1312 1494 καὶ
1340 1443 1531 1511 κυρία·
1566 1444 1690 1496 κατ’
1727 1445 1925 1496 εἰκόνα

2063 1435 2403 1490 retiosiorem
2434 1452 2665 1509 corpore
2717 1447 2773 1493 et
2826 1437 3144 1492 dominam:
3184 1450 3422 1500 namque
3461 1434 3604 1488 facta

332 1527 446 1596 γὰρ
467 1527 606 1580 Θεοῦ
640 1527 890 1595 γέγονεν,
927 1529 1010 1582 διὸ
1058 1532 1152 1584 καὶ
1206 1531 1481 1594 ἀθάνατος
1512 1549 1527 1564 ο
1572 1533 1640 1586 τὸ
1663 1534 1718 1586 δὲ
1761 1535 1922 1603 σῶμα

2058 1535 2107 1582 st
2134 1528 2201 1582 ad
2237 1526 2529 1598 imaginem
2566 1529 2683 1595 Dei,
2718 1539 3118 1599 proptereaque
3147 1538 3202 1583 ct
3235 1527 3560 1583 immortalis
3590 1544 3606 1591 ;

340 1621 441 1672 καὶ
465 1619 650 1674 δοῦλόν
687 1621 807 1673 ἐστι
856 1622 958 1691 τῆς
999 1622 1204 1693 ψυχῆς,
1253 1625 1347 1677 καὶ
1398 1624 1638 1692 ὄργανον
1683 1624 1821 1695 πρὸς
1887 1625 1924 1678 ἀ

2059 1633 2226 1689 orpus
2257 1628 2436 1674 autem
2465 1623 2634 1676 servit
2667 1624 2886 1686 animae,
2925 1636 3102 1691 eoque
3128 1630 3385 1692 tanquam
3406 1621 3611 1676 instru-

340 1713 596 1781 βούλεται
652 1714 917 1782 πράττειν
942 1758 956 1778 ,
1001 1719 1097 1768 καὶ
1142 1716 1341 1782 θνητὸν
1372 1717 1618 1784 λέγεται,
1653 1719 1748 1770 καὶ
1782 1717 1921 1771 ἔστι.

2058 1719 2216 1766 ncnto
2250 1726 2351 1780 pro
2381 1713 2614 1768 arbitrio
2645 1715 2843 1776 utitur,
2893 1715 3210 1784 diciturqne
3241 1715 3494 1778 mortale,
3557 1721 3612 1766 ct

342 1808 436 1861 Διὸ
494 1809 528 1876 ἡ
575 1807 723 1878 ψυχὴ
761 1808 863 1876 μὲν
910 1806 984 1870 ὡς
1024 1808 1296 1874 ἀθάνατος
1355 1809 1762 1878 ἀπολαμϐάνει,
1792 1810 1926 1864 καθὸ

2058 1809 2136 1856 εει.
2168 1802 2462 1872 Propterea
2502 1805 2686 1858 anima
2715 1813 2773 1858 ut
2795 1806 3147 1872 immortalis,
3182 1821 3306 1860 cum
3333 1805 3404 1860 sit
3441 1805 3615 1858 domi-

338 1902 509 1970 κυρία
563 1903 660 1954 καὶ
711 1901 1023 1970 τιμιωτέρα
1078 1900 1172 1954 τοῦ
1225 1902 1515 1970 σώματος·
1557 1902 1616 1954 τὸ
1665 1901 1722 1954 δὲ
1768 1901 1928 1969 σῶμα

2058 1909 2100 1948 ia
2132 1903 2188 1951 et
2214 1895 2517 1966 pretiosior
2538 1911 2793 1967 corpore,
2853 1898 3045 1967 recipit
3077 1915 3090 1963 ;
3124 1913 3326 1967 corpus
3387 1896 3618 1950 mortale

341 1993 540 2063 θνητὸν
572 1991 654 2058 ὃν,
689 1990 844 2044 οὔπω
879 1991 1107 2058 ἀνέστη,
1145 1991 1257 2044 οὐδ’
1288 1991 1558 2044 ἀπέλαϐε.
1605 1991 1694 2046 Ἐν
1735 1993 1802 2060 τῇ
1835 1986 1928 2043 οὖν

2058 2004 2157 2042 ηιιιῐι
2193 1989 2287 2053 sit,
2320 1989 2560 2044 nondum
2594 1992 2920 2055 resurrexit,
2949 2006 3051 2046 nec
3082 1991 3311 2060 recepit.
3344 1990 3400 2046 In
3434 2005 3620 2046 resur-

342 2084 641 2138 άναστάσει
701 2084 1028 2137 ἐνδύσεται
1089 2084 1266 2138 τοῦτο
1315 2085 1352 2150 ὴ
1405 2083 1578 2153 ψυχὴ
1625 2083 1932 2153 ἄφθαρτον

2058 2083 2276 2138 ἐειίοηε
2315 2084 2501 2156 itaque
2532 2087 2713 2140 anima
2747 2087 2930 2141 induet
2978 2089 3076 2142 hoc
3127 2089 3429 2142 immortale
3457 2097 3506 2142 et
3541 2088 3620 2140 in-

344 2178 443 2232 καὶ
473 2177 782 2232 ἀθάνατον·
815 2178 957 2230 κατά
995 2177 1087 2230 τὸν
1123 2178 1399 2246 μακάριον
1437 2176 1673 2239 Παῦλον,
1717 2176 1813 2229 καὶ
1843 2177 1934 2228 οὖ-

341 2289 422 2325 τω
451 2271 543 2323 καὶ
576 2269 709 2322 αὐτὸ
748 2270 846 2322 σὺν
883 2271 950 2338 τῇ
986 2269 1132 2339 ψυχῇ
1181 2271 1247 2338 τῇ
1301 2269 1430 2340 δόξῃ
1462 2268 1929 2336 εὐφρανθήσεται.

343 2364 460 2418 Καὶ
487 2360 932 2432 παραδείγματος
965 2359 1150 2429 χάριν·
1198 2361 1225 2410 ὁ
1273 2356 1530 2427 βασιλεὺς
1561 2357 1770 2426 στήσας
1805 2356 1932 2409 Θέα-

344 2472 496 2522 τρον,
532 2455 718 2522 τίθησι
769 2451 921 2522 δῶρά
958 2467 1018 2503 τε
1070 2452 1167 2503 καὶ
1225 2451 1526 2516 στεφάνους
1569 2451 1680 2510 τοῖς
1713 2453 1934 2534 ⁸ἀγωνι-

343 2548 624 2616 ζομένοις,
655 2545 799 2614 ὑπὲρ
852 2538 928 2596 ὧν
968 2544 1222 2614 ἔρχονται
1273 2541 1461 2594 πολλοὶ
1493 2539 1806 2610 τρέχοντες,
1841 2539 1938 2592 καὶ

349 2640 753 2710 ἀγωνιζόμενοι
801 2639 858 2690 ὲν
898 2636 976 2706 τῷ
1029 2635 1232 2706 σταδίῳ
1255 2678 1270 2696 ,
1305 2635 1402 2688 καὶ
1438 2634 1570 2686 ὅταν
1617 2651 1703 2696 τις
1738 2633 1940 2702 νικήσῃ

352 2732 497 2802 μετά
538 2731 633 2784 τοῦ
677 2730 850 2782 ἵππου
911 2727 1080 2782 αὐτοῦ
1107 2767 1122 2790 ,
1182 2727 1280 2780 καὶ
1324 2724 1464 2796 λάϐῃ
1520 2726 1580 2778 τὸ
1635 2724 1937 2796 βραϐεῖον,

351 2827 537 2879 τάττει
569 2823 666 2877 τὸν
694 2823 868 2876 ἵππον
915 2823 975 2873 ἐν
1019 2819 1330 2872 ἀναπαύσει
1358 2858 1373 2880 ,
1406 2818 1503 2870 καὶ
1542 2817 1706 2879 αὐτὸς
1751 2833 1943 2869 συνευ-

354 2919 648 2988 φραίνεται
685 2916 765 2987 τῷ
792 2917 1008 2986 βασιλεῖ
1053 2913 1192 2984 μετά
1222 2910 1554 2980 διαδήματος
1587 2908 1662 2971 ὡς
1693 2907 1942 2977 νικητής.

352 3011 631 3072 Λυθέντος
664 3003 759 3062 οὖν
807 3007 902 3060 τοῦ
957 3006 1214 3075 θεάτρου,
1270 3002 1498 3056 ἱππεύει
1525 3000 1616 3054 τὸν
1661 3000 1826 3052 ῐππον
1851 2997 1947 3051 αὑο

349 3103 450 3156 τοῦ
483 3106 509 3156 ὁ
543 3101 770 3171 νικητὴς
805 3097 1258 3167 κεκοσμημένον.
1294 3096 1391 3148 καὶ
1420 3093 1691 3162 λαμϐάνει
1721 3090 1950 3154 διπλοῦς

359 3195 679 3260 στεφάνους,
729 3191 824 3245 καὶ
874 3191 1062 3259 ἵστησι
1101 3188 1385 3257 τρόπαιον,
1420 3187 1514 3237 καὶ
1551 3185 1808 3254 περιάγει
1841 3185 1944 3254 τὴν

358 3287 516 3338 πόλιν
567 3284 792 3354 κύκλῳ,
837 3280 1373 3352 συνευφραινόμενος
1405 3278 1486 3347 τῷ
1539 3277 1693 3348 ἵππῳ
1729 3276 1900 3330 αὐτοῦ
1927 3317 1942 3340 ,

358 3381 428 3434 δι’
460 3380 521 3434 οὗ
576 3380 668 3433 τὸν
715 3378 902 3446 ἀγῶνα
933 3377 1156 3446 1ἡνυσεν.
1191 3374 1349 3426 Οὖτω
1395 3373 1493 3424 καὶ
1534 3371 1567 3440 ἠ
1603 3369 1749 3440 ψυχὴ
1795 3370 1951 3436 νική-

363 3491 509 3527 σασα
540 3473 632 3525 τὸν
658 3469 905 3524 διάϐολον
947 3470 1006 3521 ὲν
1052 3470 1116 3537 τῇ
1152 3467 1298 3536 πάλῃ
1328 3463 1420 3518 τοῦ
1453 3459 1796 3533 προσκαίρου
1832 3461 1948 3530 βίου

360 3567 558 3620 τούτου
595 3563 734 3632 μετὰ
792 3560 889 3615 τοῦ
940 3559 1226 3628 σώματος,
1277 3554 1604 3620 ἀποτίοησιν
1655 3554 1713 3604 ἐν
1765 3555 1830 3621 τῇ
1861 3552 1948 3620 ’γῇ

359 3657 424 3710 τὸ
451 3657 635 3725 σῶμα,
667 3658 761 3708 καὶ
787 3650 927 3722 αὑτὴ
951 3650 1142 3722 τρέχει
1176 3648 1316 3718 πρὸς
1346 3645 1605 3713 οὐρανὸν,
1633 3643 1726 3696 καὶ
1763 3659 1949 3694 συνευ-

363 3752 652 3820 φραίνεται
678 3748 755 3818 τῷ
787 3747 985 3815 Κυρίῳ
1041 3742 1481 3813 στεφανηφόρος.
1544 3737 1818 3799 Λυοέντος
1859 3732 1952 3790 οὖν

365 3843 464 3894 τοῦ
501 3841 700 3904 αἰῶνος
743 3837 931 3892 τούτου
953 3875 970 3902 ,
1003 3837 1098 3890 καὶ
1133 3834 1440 3904 γενομένης
1500 3833 1597 3901 τῆς
1643 3832 1829 3896 κοινῆς
1860 3831 1952 3882 καὶ

363 3931 716 4000 παγκοσμίου
747 3929 1124 3990 ἀναστάσεως,
1156 3926 1438 3978 ἐνδύσεται
1471 3926 1502 3994 ἡ
1528 3924 1677 3994 ψυχὴ
1702 3923 1761 3974 τὸ
1794 3923 1954 3989 σῶμα

365 4024 827 4094 κεκοσμημένον,
882 4020 1170 4074 τουτέστιν
1217 4018 1500 4086 ἄφθαρτον
1555 4019 1647 4068 καὶ
1682 4016 1954 4070 ἀθάνατον

368 4120 511 4170 κατά
563 4118 656 4170 τὸν
707 4116 884 4186 μέγαν
925 4113 1273 4174 Ἀπὸστολον,
1322 4112 1427 4162 καὶ
1461 4110 1697 4178 λήψεται
1732 4108 1954 4165 διπλοῦς

369 4209 696 4277 στεφάνους,
755 4209 852 4258 καὶ
903 4203 1460 4272 συνευφρανῦήσεται
1501 4201 1578 4269 τῷ
1620 4199 1854 4269 σώματι,
1889 4199 1956 4252 δι’

365 4298 430 4356 οὗ
466 4303 558 4354 τὸν
591 4302 858 4369 πολέμιον
895 4299 1102 4366 ἔτρωσε
1135 4297 1232 4348 καὶ
1265 4296 1510 4362 ἐνίκησε.

456 4395 618 4448 Ἀκο.
670 4393 746 4444 Τὸ
805 4390 1167 4460 παράδειγμα
1210 4386 1372 4440 τοῦτο
1407 4387 1592 4439 ἱκανόν
1621 4388 1732 4439 ἐστι
1769 4387 1956 4439 πεῖσαι

370 4489 451 4538 πᾶ
462 4503 556 4538 σαν
587 4502 788 4554 ψυχην.

2037 2176 2396 2245 rorrnptibile,
2422 2185 2480 2231 ut
2514 2178 2705 2233 beatus
2729 2176 2929 2232 Paulus
2958 2179 3146 2244 tradit,
3174 2188 3227 2234 et
3257 2180 3338 2233 sic
3359 2187 3414 2232 et
3443 2179 3618 2245 ipsum

2035 2283 2160 2322 cum
2199 2268 2378 2321 anima
2409 2268 2462 2321 in
2495 2268 2664 2335 gloria
2697 2269 3086 2324 delectabitur.
3127 2268 3369 2338 Exempli
3396 2268 3571 2334 gratia
3605 2283 3619 2318 ε

2037 2376 2134 2415 rex
2182 2369 2378 2429 aperto
2422 2360 2656 2424 theatro,
2696 2375 2920 2416 munera
2944 2369 2997 2414 et
3018 2375 3251 2418 coronas
3278 2359 3622 2414 certantibus

2037 2452 2312 2530 proponit.
2342 2466 2442 2519 pro
2471 2452 2673 2520 quibus
2737 2453 2893 2506 multi
2951 2460 3359 2524 congregantur
3389 2452 3533 2506 inter
3562 2465 3624 2505 se

2039 2554 2205 2596 cursu
2237 2550 2612 2604 certantes.et
2675 2543 2798 2598 aliis
2850 2543 3248 2598 contendentes
3304 2543 3357 2597 in
3421 2541 3622 2597 stadio.

2041 2630 2232 2685 Victor
2254 2632 2527 2701 equestris
2575 2641 2796 2702 recepto
2854 2634 3078 2704 prtcmio
3115 2649 3315 2705 equum
3353 2635 3406 2688 in
3440 2632 3627 2703 quiete

2041 2725 2281 2792 reponit,
2316 2724 2435 2793 ipse
2459 2740 2564 2778 una
2591 2739 2715 2779 cum
2748 2740 2874 2792 rege
2913 2739 3118 2780 corona
3155 2735 3215 2779 ut
3269 2724 3448 2779 victor
3473 2724 3625 2778 redi-

2045 2815 2213 2869 initus
2253 2815 2490 2870 Iretatur.
2525 2815 2765 2870 Tlieatro
2791 2817 3000 2880 clauso,
3031 2816 3207 2871 victor
3228 2830 3428 2885 equum
3461 2830 3626 2870 suum

2048 2906 2374 2976 perpulchre
2396 2907 2726 2962 adornatum
2755 2911 3024 2974 ascendit,
3058 2918 3111 2963 et
3143 2924 3406 2964 coronam
3447 2909 3632 2977 dupli-

2046 3013 2163 3052 cem
2197 2999 2418 3068 accipit,
2451 3010 2504 3053 et
2530 3009 2793 3068 tropaeum
2826 3001 3008 3070 erigit,
3047 3007 3102 3055 et
3137 3002 3326 3056 urbem
3375 3001 3632 3055 circumit

2047 3104 2170 3144 enm
2200 3104 2339 3160 equo
2365 3106 2487 3154 suo,
2514 3106 2610 3160 per
2637 3107 2800 3160 quem
2837 3093 3118 3147 victoriam
3159 3103 3490 3148 consecutus
3523 3101 3632 3155 cst,

2048 3192 2282 3238 onustus
2339 3183 2524 3236 lmtitia
2553 3193 2608 3240 et
2636 3184 2901 3239 lubentia.
2933 3184 3023 3238 Sic
3053 3194 3106 3239 et
3141 3185 3319 3239 anima
3377 3196 3638 3252 superato

2056 3273 2276 3329 diabolo
2311 3274 2364 3328 in
2393 3275 2512 3329 vita.
2546 3274 2772 3344 hujusce
2811 3279 3159 3348 temporariae
3213 3278 3472 3334 conﬂictu
3509 3295 3635 3333 cum

2054 3383 2304 3436 corpore,
2341 3385 2546 3438 corpus
2589 3372 2642 3425 in
2675 3381 2823 3426 terra
2872 3373 3111 3443 reponit,
3153 3374 3273 3443 ipsa
3329 3375 3382 3428 in
3436 3373 3636 3429 cmlum

2053 3459 2335 3523 advolans,
2366 3471 2417 3514 et
2447 3471 2710 3517 coronata
2743 3479 2870 3518 cum
2907 3466 3137 3521 Domino
3188 3467 3405 3522 laetatur
3436 3485 3451 3522 :
3489 3477 3643 3536 post-

2055 3551 2275 3606 modum
2307 3552 2490 3608 soluto
2521 3569 2660 3618 aevo,
2694 3563 2750 3610 et
2773 3557 3055 3611 communi
3082 3557 3498 3627 universalique
3521 3571 3642 3610 om-

2057 3645 2207 3698 nium
2243 3653 2542 3701 consecuta
2571 3647 3008 3712 resurrectione,
3039 3649 3230 3704 induet
3270 3651 3454 3704 anima
3513 3666 3642 3704 cor-

2057 3753 2156 3805 pus
2189 3739 2540 3804 adornatum,
2575 3739 2994 3809 incorruptibile
3025 3755 3222 3809 nempe
3270 3749 3326 3796 et
3361 3741 3646 3795 immorta-

2055 3829 2106 3883 le
2137 3829 2325 3899 (verba
2354 3840 2486 3886 sunt
2519 3831 2700 3902 magni
2732 3831 2912 3899 Pauli)
2950 3849 2965 3898 ;
3004 3839 3061 3888 ct
3086 3833 3320 3902 accipiet
3366 3833 3642 3902 duplicem

2056 3936 2340 3986 coronam,
2403 3931 2459 3976 et
2531 3937 2654 3978 cum
2717 3937 2949 3994 corpore
3015 3939 3116 3994 per
3181 3925 3326 3995 quod
3391 3925 3648 3980 adversa-

2059 4013 2201 4066 rium
2240 4013 2555 4070 vulneravit
2614 4013 3038 4087 debellavitque,
3088 4015 3462 4072 cumulabitur
3510 4030 3650 4086 gau-

2057 4104 2183 4158 diis.

2139 4389 2284 4443 And.
2321 4390 2642 4460 Exemplum
2677 4389 2782 4445 hoc
2807 4391 2943 4446 satis
2973 4400 3057 4446 est
3086 4389 3152 4445 ad
3193 4390 3488 4459 quemlibet
3531 4406 3652 4461 per-

2063 4483 2429 4537 suadendum.

454 4574 618 4630 'Pax.
657 4575 852 4637 Καλῶς
888 4576 986 4629 καὶ
1009 4574 1331 4641 θαυμασίως
1365 4573 1566 4640 λέγεις.
1610 4573 1754 4626 Ἀλλ’
1783 4573 1863 4626 ἔτι
1896 4573 1945 4625 τί

2137 4573 2304 4631 Rhac.
2343 4575 2524 4630 Probe
2578 4584 2631 4629 ct
2665 4574 3068 4630 admirabiliter
3117 4575 3278 4630 dicis.
3335 4575 3439 4631 Sed
3489 4579 3650 4630 verba

369 4667 469 4722 τοῦ
502 4667 718 4722 Παύλου
756 4668 992 4732 ἀπορίαν
1024 4684 1114 4735 μοι
1144 4665 1355 4731 δίδωσι,
1383 4665 1466 4729 τὺ,
1509 4659 1686 4719 Οὗτοι
1736 4665 1961 4728 πάντες

362 4760 852 4833 μαρτυρηθέντες
897 4758 994 4810 διὰ
1031 4757 1142 4823 τῆς
1187 4757 1470 4821 πίστεως,
1499 4757 1610 4810 οὐκ
1638 4756 1963 4821 ἐκομίσαν-

366 4870 445 4906 το
475 4853 591 4919 τὴν
614 4850 1010 4919 ἐπαγγελίαν,
1035 4850 1132 4902 καὶ
1155 4849 1224 4901 τά
1256 4846 1448 4901 λοιπά.

450 4948 595 4999 Καθ.
636 4943 750 4996 Καὶ
780 4941 914 5010 περὶ
947 4940 1141 4993 τούτου
1193 4941 1380 4993 ίκανδν
1421 4938 1849 5010 ἀποδεδώκαμεν
1880 4938 1967 4992 λό-

377 5053 478 5104 γον
522 5038 587 5087 ὲν
636 5033 716 5104 τῷ
768 5035 1012 5104 τετάρτῳ
1067 5032 1350 5102 κεφαλαίῳ
1401 5033 1495 5084 τοῦ
1548 5033 1678 5102 ὅρου
1741 5032 1965 5102 πρδς-τδ

378 5128 555 5189 τέλος·
587 5127 683 5179 καλ⁸
737 5126 765 5178 ὁ
807 5125 1134 5196 βουλόμενος
1173 5123 1421 5192 ἀκριϐῶς
1482 5124 1612 5176 ἰδεῖν
1659 5125 1840 5176 ἐκεῖσε
1871 5140 1967 5176 πο-

384 5219 654 5291 ρευϐήτω,
691 5218 786 5270 καὶ
823 5216 1025 5280 ἱκανῶς
1055 5211 1211 5286 οἶμαι
1237 5217 1823 5286 πληροφορηθὴσεται.

465 5311 629 5364 Ῥακ.
685 5309 901 5376 Φράσον
961 5325 1054 5378 μοι
1105 5308 1440 5378 παρακαλῶ,
1479 5308 1552 5376 μὴ
1600 5309 1840 5375 ὀκνήσας
1872 5309 1968 5360 καὶ

383 5403 516 5471 περὶ
546 5402 642 5453 τοῦ
672 5400 988 5453 τελευταίου
1043 5399 1343 5464 κεφαλαίου
1395 5397 1490 5451 τοῦ
1527 5399 1675 5468 ὅρου.
1715 5399 1839 5461 Πῶς
1878 5401 1969 5453 τὸν

393 5490 620 5560 Ῥώμης
661 5491 926 5561 ἀρχιερέα
957 5490 1146 5556 λέγετε
1184 5485 1326 5543 εἶναι
1369 5489 1618 5558 κεφαλὴν
1651 5490 1832 5558 πάσης
1867 5491 1970 5558 τῆς

399 5579 754 5648 Ἐκκλησίας,
793 5580 890 5632 καὶ
925 5579 1002 5650 μὴ
1027 5581 1122 5632 καὶ
1146 5579 1308 5633 αὑτὸν
1335 5579 1410 5644 ὡς
1440 5578 1537 5633 ἕνα
1568 5575 1708 5634 εἶναι
1737 5580 1848 5634 τῶν
1878 5581 1971 5637 ἆλ-

387 5669 754 5740 πατριαρχῶν
779 5687 794 5736 ;

459 5766 600 5816 Καί).
654 5763 968 5832 Θαυμάξω,
1017 5763 1133 5825 πῶς
1193 5763 1490 5834 ἠρώτησας
1542 5765 1781 5818 τοιοῦτον
1835 5767 1969 5839 ἐρὼ-

389 5871 560 5923 τημα,
597 5855 757 5924 δήλου
790 5857 941 5920 δντος
988 5856 1078 5910 τοῦ
1115 5857 1462 5928 πράγματος.

933 6041 959 6054 κ

2066 4668 2218 4722 Pauli
2249 4683 2442 4722 novam
2494 4667 2630 4722 mihi
2661 4665 2895 4722 alierum
2951 4667 3346 4722 dubitationem
3386 4686 3398 4722 :
3459 4668 3652 4723 Omnes

2066 4760 2120 4811 Ιιί
2148 4776 2240 4828 per
2261 4759 2419 4828 [idem
2453 4760 2827 4826 consummati,
2877 4776 2980 4814 non
3013 4759 3306 4813 retulerunt
3351 4761 3657 4829 promissio-

2066 4869 2204 4915 nem,
2229 4863 2334 4907 etc.

2141 4942 2298 4996 Catii.
2365 4941 2478 4998 lloc
2533 4943 2698 4998 ctiam
2760 4951 3018 4997 accurate
3075 4944 3534 5012 pcrtractavimus
3601 4945 3654 4997 iu

2068 5044 2267 5100 quarto
2307 5035 2486 5102 capite
2515 5034 2721 5090 decreti
2759 5048 2926 5102 prope
2970 5033 3130 5088 linem
3166 5053 3179 5088 :
3214 5035 3454 5105 indeque
3488 5044 3656 5104 pclal,

2070 5125 2160 5196 qui
2195 5126 2460 5181 similium
2514 5127 2619 5181 sibi
2656 5127 3076 5196 intelligentiam
3115 5129 3336 5194 astruit,
3410 5137 3465 5182 et
3528 5138 3658 5196 puto

2071 5215 2287 5270 abunde
2316 5215 2662 5270 satisfactum
2713 5215 2800 5269 iri.

2143 5304 2308 5360 R/iac.
2345 5308 2458 5374 Age
2487 5308 2644 5371 mihi,
2679 5322 2780 5361 nec
2813 5306 3060 5377 deponas
3119 5309 3362 5363 studium
3409 5325 3544 5377 rogo
3595 5312 3661 5365 de

2075 5411 2350 5472 postremo
2371 5400 2576 5454 decreti
2609 5401 2809 5470 capite.
2851 5400 2968 5466 Qua
2998 5403 3213 5455 ratione
3242 5403 3422 5457 dicitis
3457 5403 3654 5456 lluma-

2075 5509 2206 5546 nnm
2243 5493 2529 5562 praesulem
2569 5503 2736 5561 caput
2761 5494 3031 5547 universa:
3082 5493 3362 5559 tlcclesim,
3400 5511 3499 5549 nec
3529 5510 3666 5550 ccu-

2078 5573 2212 5643 sctis
2247 5600 2372 5641 cum
2404 5593 2670 5656 tanquam
2700 5601 2868 5640 unum
2903 5601 2967 5641 cx
3022 5586 3397 5656 patriarcbis?

2147 5765 2302 5818 Cum.
2333 5763 2500 5818 Miror
2545 5770 2596 5817 lc
2631 5764 2908 5837 sitniliain
2958 5779 3012 5818 rc
3046 5763 3188 5818 clara
3242 5781 3304 5820 ac
3350 5764 3556 5833 patenti
3585 5765 3668 5818 in-

2076 5871 2404 5930 terrogasse.
