4028 6426
509 416 649 483 llll‘.)

1439 408 1768 474 JOSEPHI
1809 407 1864 468 Μ
1879 407 2375 470 ETHONENSIS
2417 410 2768 473 EPISCOPI'

3627 407 3753 472 ιθῖίβ

508 531 799 590 inutilibus
825 528 1337 586 concertationibus
1380 535 1435 584 et
1486 529 1917 599 falsiloquentiis
1947 537 2090 582 tem-

2214 531 2336 602 inép
2363 525 2438 586 ὧν
2463 532 2491 584 δ
2515 530 2754 600 Χριστὸς
2781 529 2842 584 τὸ
2869 523 3008 601 αἷμα
3039 528 3273 600 ἐξέχεεν,
3297 529 3362 582 ἂν
3387 527 3463 599 μή
3503 531 3735 598 πρότεροι

507 643 613 698 pus
643 639 989 688 consumere,
1014 622 1328 692 frustraque
1367 629 1534 692 atque
1562 620 1910 676 incommode
1963 635 2087 674 cum

510 721 774 776 fratribus
808 718 1144 788 depugnare,
1175 729 1274 784 pro
1302 713 1506 783 quibus
1551 713 1806 768 Christus
1868 713 2096 782 sangui-

509 825 633 865 nem
673 805 889 870 effudit,
927 806 981 858 ni
1014 803 1170 874 prius
1217 805 1286 857 ab
1319 801 1512 857 iisdem
1567 802 1856 856 audiamus
1905 809 1959 855 et
1992 817 2093 856 co-

508 914 860 972 gnoscamus,
887 897 931 952 si
958 906 1104 951 recte
1131 895 1397 950 sentiunt.
1439 893 1580 948 Hinc
1604 908 1763 949 sacra
1803 893 2067 950 Cummen
2085 922 2099 934 -

509 992 672 1058 taria,
706 991 841 1045 Acta
865 988 1121 1044 videlicet
1147 986 1362 1058 synodi,
1431 989 1648 1040 curiose
1705 985 2098 1058 diligenterque

509 1083 859 1152 maximaque
882 1095 1007 1135 cum
1033 1078 1393 1134 delectatione
1410 1085 1816 1146 percurrentes,
1849 1077 2098 1147 aliosque

511 1175 764 1230 doctores
793 1173 1204 1237 convenientes,
1234 1170 1326 1240 qui
1353 1185 1454 1224 suo
1486 1170 1805 1225 testimonio
1836 1170 1978 1224 dicta
2005 1187 2099 1242 sy-

514 1267 640 1322 nodi
665 1264 1050 1334 comprobant,
1084 1262 1264 1316 locum
1295 1260 1509 1314 veritati
1575 1260 1849 1314 dedimus.
1912 1259 2100 1330 Neque

511 1359 659 1413 enim
677 1358 886 1427 justum
909 1366 1016 1420 est,
1041 1369 1216 1424 neque
1239 1354 1410 1422 pium,
1435 1353 1601 1406 Pater
1627 1353 1946 1415 reverende,
1971 1367 2095 1405 eum

513 1451 608 1520 qui
635 1450 867 1505 salutem
894 1447 1087 1510 ambit,
1114 1455 1338 1502 ostenso
1363 1446 1569 1501 lumine
1602 1445 1796 1500 oculos
1821 1445 2096 1510 claudere,

516 1545 612 1599 sed
645 1560 770 1600 cum
807 1543 1026 1613 gaudio,
1075 1557 1198 1595 cum
1235 1539 1551 1610 apparuerit
1577 1539 1801 1605 veritas,
1825 1551 1946 1592 eam
1976 1551 2101 1606 pro-

519 1637 692 1692 tensis
725 1637 870 1690 ulnis
902 1633 1175 1704 amplecti.
1210 1632 1552 1701 Quapropter
1581 1639 1637 1686 et
1669 1647 1768 1685 nos
1815 1631 2100 1686 veritatem

518 1744 616 1798 per
648 1742 861 1783 sacram
893 1725 1159 1796 synodum
1201 1722 1612 1778 rnanil'estatam
1639 1731 1952 1776 reverenter
1987 1735 2106 1774 am-

518 1820 810 1890 plectimur
835 1825 890 1884 et
919 1815 1326 1880 exosculamur,
1381 1828 1558 1883 eaque
1621 1827 1768 1867 nunc
1835 1813 2100 1879 dicimus,

2199 625 2331 693 παρ’
2360 623 2540 677 αὑτῶν
2569 621 2930 690 ἀκούσαιμεν,
2967 618 3068 672 καὶ
3093 618 3337 689 γνῶμεν,
3372 620 3421 672 εί
3464 619 3568 688 ἄρα
3596 619 3744 686 ὀρθῶς

2197 713 2516 784 φρονοῦσιν.
2545 712 2712 767 Ὅθεν
2733 714 2802 782 τῇ
2833 712 2959 783 ἱερᾷ
2989 709 3374 782 πραγματείᾳ,
3401 708 3634 779 δηλονότι
3662 708 3748 760 τῶν

2197 809 2528 880 Πρακτικῶν
2576 807 2676 876 τῆς
2725 804 2947 859 συνόδου
3000 803 3280 874 ἐπιμελῶς
3309 802 3749 874 ἐντρυφήσαντες,

2199 903 2297 956 καὶ
2356 901 2555 964 ἄλλους
2612 900 2722 952 τῶν
2769 897 3113 953 διδασκάλων
3182 896 3468 966 μετιόντες
3528 894 3593 947 τὰ
3637 894 3758 947 αὐτὰ

2202 1011 2266 1048 συ
2276 992 2744 1064 μμαρτυροῦντας
2766 991 2932 1058 αὐτῇ,
2954 992 3022 1060 τῇ
3054 988 3288 1059 ἀληθείᾳ
3315 987 3757 1058 ὑπεχωρήσαμεν.

2201 1087 2277 1140 Οὑ
2314 1087 2425 1157 γὰρ
2467 1085 2679 1138 δίκαιον
2721 1082 2842 1137 οὐδὲ
2903 1083 3090 1147 ὅσιον,
3142 1080 3327 1149 Πάτερ
3387 1079 3655 1146 αἰδέσιμε.
3693 1077 3761 1144 τῷ

2204 1177 2519 1247 β.-υλομένῳ
2557 1175 2836 1246 σωτηρίας
2869 1174 3078 1244 τυχεῖν,
3119 1171 3214 1226 τοῦ
3247 1171 3427 1241 φωτὸς
3456 1169 3760 1239 δειχθέντος,

2201 1269 2488 1339 καμμὺειν
2523 1270 2648 1331 τοὺς
2708 1267 3047 1337 ὀφθαλμοὺς,
3095 1265 3231 1319 ἀλλὰ
3291 1267 3436 1333 μετὰ
3488 1265 3659 1334 χαρᾶς
3680 1265 3762 1330 τῆς

2205 1362 2466 1430 ἀληθείας
2497 1359 2782 1430 φανείσης,
2822 1359 2996 1428 αὑτὴν
3028 1358 3519 1412 κατασπάσασθαι.
3565 1359 3652 1410 Διὸ
3687 1358 3763 1409 καὶ

2205 1456 2394 1525 ἡμεῖς,
2427 1455 2528 1522 τῆς
2559 1452 2822 1521 ἀληθείας
2860 1453 2948 1507 διὰ
2979 1455 3081 1519 τῆς
3115 1452 3270 1523 ίερᾶς
3312 1450 3537 1514 συνόδου
3567 1448 3766 1516 δειχθεί-

2206 1564 2334 1616 σης,
2387 1544 2637 1607 εὐλαϐῶς
2688 1545 2964 1614 ἐλάσομεν
3010 1545 3204 1614 αὐτὴν,
3242 1545 3340 1598 καὶ
3392 1541 3763 1609 ὑπεδεξάμεθα,

2205 1637 2301 1690 καὶ
2332 1636 2566 1706 λέγομεν
2607 1635 2723 1704 νῦν,
2762 1635 2910 1706 ἅπερ
2957 1636 3226 1706 πρότερον
3282 1636 3385 1688 οὐκ
3422 1635 3644 1705 ᾔδειμεν
3665 1631 3768 1684 οὑδέ

2210 1725 2485 1793 ἔγνωμεν,
2548 1725 2644 1778 καὶ
2687 1724 3036 1796 κηρύττομεν
3078 1726 3177 1778 οὑκ
3234 1725 3394 1790 ἄλλα,
3425 1725 3457 1786 ἢ
3499 1726 3598 1778 ὅσα
3643 1721 3769 1790 ποιρᾶ

2207 1815 2306 1885 τῆς
2340 1817 2495 1886 ἱερᾶς
2531 1816 2756 1870 συνόδου
2803 1815 3107 1887 ἐμάθομεν,
3144 1817 3266 1886 ἥτις
3315 1815 3496 1869 ἔσωσε
3528 1814 3622 1876 τὰς
3659 1814 3770 1880 ήμε-

522 1929 646 1982 qua!
676 1912 829 1980 prius
862 1924 1039 1980 neque
1065 1907 1406 1972 sciebamus,
1433 1920 1611 1975 neque
1636 1919 1990 1970 noveramus,
2050 1912 2101 1960 et

2214 1904 2376 1975 τέρας
2414 1905 2596 1975 ψυχὰς
2626 1905 2924 1976 γενομένη.

523 2005 889 2074 praedicamus
920 2022 1026 2061 non
1053 2007 1179 2075 alia,
1216 2023 1379 2078 quam
1429 2021 1552 2078 quae
1584 2020 1613 2060 a
1663 2006 1875 2076 synodo
1913 2004 2371 2074 didicimus,quaa
2434 2022 2537 2060 suo
2596 2006 2822 2061 decreto
2885 2002 3194 2060 animarum
3258 2013 3573 2059 nostrarum
3631 1997 3770 2053 saluti

523 2104 778 2171 providit.

594 2196 760 2252 Rhac.
785 2198 968 2255 Satius
999 2209 1118 2256 erat
1155 2215 1430 2272 nunquam
1455 2220 1577 2261 eam
1609 2204 1754 2274 cogi,
1784 2219 1908 2258 cum
1943 2218 2105 2260 scan-

521 2291 648 2346 dalo
679 2293 886 2361 potius,
919 2310 1082 2364 quam
1108 2296 1226 2367 paci
1247 2298 1504 2378 universo
1531 2307 1804 2354 terrarum
1839 2296 1958 2352 orbi
1988 2295 2107 2352 fue-

522 2385 619 2438 rit.
1565 2397 1567 2402 ·

594 2473 750 2529 Catii.
779 2476 899 2529 Non
931 2475 1108 2530 dicam
1139 2476 1241 2531 hoc
1263 2491 1384 2546 ego,
1416 2494 1653 2547 namque
1687 2491 1874 2547 pacem
1915 2483 1969 2530 et
2014 2489 2104 2530 sa-

521 2565 796 2631 lutem,ct
829 2581 939 2619 non
994 2567 1313 2622 scandalum
1364 2569 1690 2624 conciliasse
1745 2569 1948 2622 dicam.
2002 2567 2102 2631 Qui

523 2657 723 2710 ctenim
754 2667 976 2728 propter
1005 2659 1109 2715 hoc
1135 2675 1273 2730 opus
1303 2661 1524 2716 unionis
1575 2659 1896 2716 scandalum
1964 2658 2102 2727 pati-

521 2747 730 2802 entur?

595 2835 765 2892 Rhac.
803 2838 981 2895 Latini
1009 2849 1062 2896 et
1093 2841 1268 2898 Graeci
1306 2839 1515 2899 mutuis
1536 2845 1707 2901 armis
1758 2845 2106 2900 contendunt

523 2931 957 3003 conﬂiguutque.
1001 2933 1178 2991 Latini
1203 2951 1328 2992 cum
1358 2936 1583 3004 Graecis,
1640 2952 1735 2992 eos
1793 2936 2110 2994 Schismati-

522 3036 617 3076 cos
672 3038 737 3078 ac
808 3025 1097 3081 hatretieos
1132 3037 1319 3098 aperte
1355 3029 1788 3094 conclamanles,
1835 3039 1891 3083 et
1930 3026 2108 3083 Graeci

525 3114 582 3167 in
605 3115 826 3171 Graecos
850 3119 1104 3183 saeviunt,
1139 3120 1356 3174 etinter
1381 3135 1440 3174 se
1479 3129 1669 3175 mutuo
1708 3135 1853 3186 sese,
1884 3129 1937 3174 et
1994 3135 2108 3174 ma—

524 3206 734 3260 ximum
794 3208 848 3260 in
909 3209 1130 3262 modum
1167 3211 1469 3279 exagitant.
1519 3211 1700 3276 Quare
1739 3211 1935 3266 melius
1965 3218 2104 3278 erat,

524 3313 645 3352 eam
678 3313 958 3365 nunquam
998 3299 1167 3353 fuisse
1189 3300 1542 3355 celebratam.

597 3385 786 3442 Testis.
812 3385 1013 3441 Horum
1042 3403 1206 3444 causa
1250 3388 1398 3444 fuere
1443 3391 1719 3458 monachi,
1761 3391 2112 3462 imperitissi-
2140 3380 2185 3437 ο

527 3493 678 3532 mum
727 3478 1222 3548 stultissimumque
1258 3481 1538 3536 hominum
1576 3498 1768 3551 genus.

603 3571 719 3626 Dic.
747 3570 1199 3626 Scandalizantur
1217 3573 1459 3642 quidem,
1489 3575 1580 3642 qui
1612 3574 1866 3629 scandala
1892 3583 2109 3638 amant;

525 3662 619 3732 qui
660 3663 940 3718 veritatem
986 3664 1258 3726 ambiunt,
1309 3679 1416 3718 non
1447 3665 1908 3720 scandalizantur.
1959 3665 2114 3732 Quo-

529 3755 690 3807 modo
717 3755 860 3806 enim
886 3753 1206 3808 scandalum
1236 3757 1531 3823 patientur,
1565 3751 1656 3827 qui
1684 3759 1836 3827 prius
1861 3774 1890 3811 a
1911 3758 2116 3812 Graecis

2294 2203 2465 2256 Ῥακ.
2492 2201 2754 2267 Ἄμεινον
2785 2191 2854 2266 ἦν
2885 2194 3056 2263 αὐτὴν
3080 2193 3156 2263 μὴ
3191 2187 3621 2260 γενέσθαιῗποτέ,
3643 2186 3772 2237 ἐπει-

2209 2295 2273 2366 δὴ
2312 2291 2618 2347 σκάνδαλον
2672 2291 2818 2357 μέγα
2875 2286 3217 2357 προὺξένηοε
3257 2284 3467 2354 μᾶλλον
3503 2281 3536 2351 ἦ
3573 2279 3776 2348 είρήνην

2209 2385 2288 2456 τῷ
2315 2386 2508 2453 κόσμῳ
2539 2380 2726 2434 παντί.

2281 2481 2424 2532 Καθ.
2475 2476 2615 2540 Ἐγὼ
2668 2473 2828 2526 τοῦτο
2869 2472 3068 2524 οὑποτε
3149 2471 3390 2540 φήσαιμι
3440 2467 3530 2521 ἄν.
3565 2461 3773 2532 Εἰρήνην

2210 2568 2318 2638 γὰρ
2345 2569 2436 2621 καὶ
2470 2566 2748 2634 σωτηρίαν
2780 2565 2993 2632 εἴποιμι
3027 2563 3253 2632 μᾶλλον,
3287 2561 3386 2615 καὶ
3416 2560 3476 2612 οὑ
3503 2552 3771 2610 σκάνδαλον

2206 2659 2540 2730 προῦφερεν.
2575 2657 2735 2720 Τίνες
2753 2657 2860 2726 γὰρ
2885 2651 2998 2708 εἷεν
3026 2655 3076 2708 οί
3109 2651 3594 2720 σκανδαλιζὸμενοι
3624 2644 3701 2697 διὰ
3722 2641 3771 2692 τὸ

2207 2752 2367 2826 ἔργον
2399 2751 2499 2820 τῆς
2527 2749 2678 2812 θείας
2709 2746 2954 2809 ἐνώσεως
2980 2764 2996 2812 ;

2291 2843 2468 2897 Ῥακ.
2497 2839 2726 2896 Λατῖνοί
2755 2857 2816 2892 τε
2844 2839 2942 2893 καὶ
2965 2837 3196 2908 Γραικοὶ
3225 2835 3346 2890 κατ’
3365 2833 3613 2902 ἀλλήλων
3639 2823 3770 2880 ὁπλί-

2213 2937 2423 3002 ζονται,
2453 2935 2549 2990 καὶ
2588 2935 2856 3004 μάχονται
2908 2931 3010 3002 μὲν
3039 2931 3089 2984 οἱ
3123 2930 3347 2982 Λατῖνοι
3385 2923 3660 2996 Γραικοῖς,
3695 2914 3772 2968 καὶ

2221 3029 2620 3100 σχισματικοὺς
2654 3025 2956 3097 διαρρήδην
3019 3023 3191 3092 βοῶσί
3238 3037 3297 3074 τε
3338 3022 3439 3074 καὶ
3467 3010 3769 3087 αίρετικοὺς,

2217 3125 2313 3176 καὶ
2341 3121 2570 3190 Γραικοὶ
2602 3119 2746 3173 κατὰ
2782 3116 3038 3188 Γραικῶν
3069 3115 3380 3185 μαίνονται,
3419 3111 3517 3164 καὶ
3557 3100 3771 3170 διωγμὸν

2215 3217 2494 3284 ἐγείρουσι
2534 3214 2792 3282 μέγιστον
2840 3211 2977 3282 πρὸς
3031 3207 3320 3278 ἀλλήλους.
3355 3206 3452 3258 Διδ
3515 3201 3609 3256 καὶ
3641 3197 3772 3264 ἄμει-

2216 3325 2305 3360 νον
2339 3301 2407 3375 ἦν
2453 3305 2528 3372 μὴ
2558 3302 2819 3371 γενέσθαι
2874 3299 3048 3370 αὑτήν
3087 3315 3240 3355 ποτε.

2293 3396 2482 3463 Μάρτ.
2517 3393 2704 3448 Ταῦτα
2732 3393 2998 3460 ἐποίησαν
3041 3391 3090 3444 οί
3117 3389 3443 3459 καλόγηροι,
3485 3381 3770 3455 ἁμαθέστιια

2218 3505 2299 3541 τοι
2321 3490 2418 3539 καί
2446 3485 2623 3555 μωροὶ
2652 3484 2828 3547 ὅντες.

2293 3583 2419 3633 Δικ.
2448 3578 2910 3642 Σκανδαλίζονται
2944 3577 3044 3646 μὲν
3064 3576 3115 3628 οἱ
3146 3576 3213 3628 τὰ
3239 3573 3519 3628 σκάνδαλα
3549 3563 3771 3636 ἀγαπῶνο

2219 3691 2333 3735 τες,
2363 3673 2413 3725 οί
2462 3671 2518 3726 δέ
2550 3671 2648 3740 τὴν
2679 3669 2940 3740 ἀλήθειαν
2979 3669 3227 3730 θέλοντες
3281 3667 3537 3720 οὐδέποτε
3574 3655 3770 3714 σκανδα-

2225 3765 2489 3827 λίζονται.
2525 3763 2651 3825 Πῶς
2682 3768 2792 3832 γὰρ
2849 3764 2947 3816 καὶ
2988 3759 3550 3828 σκανδαλισθήσονται
3581 3752 3626 3804 οἳ
3666 3742 3772 3815 πρό⁶

524 3845 945 3914 appellabantur
977 3846 1221 3901 haeretici
1251 3847 1272 3900 ?
1309 3847 1516 3903 Deinde
1550 3865 1656 3904 non
1686 3865 1835 3904 arma
1894 3859 2112 3905 sumunt

2220 3873 2382 3926 τερον
2441 3855 2597 3925 παρὰ
2661 3831 2773 3907 τῶν
2839 3851 3093 3923 Γραικῶν
3151 3848 3450 3904 ἐκαλοῦντο
3499 3831 3768 3913 αίρετικοίς

527 3937 582 3992 in
613 3937 852 3993 Graecos.
899 3939 1100 4008 Apage.
1155 3939 1272 3996 lmo
1338 3950 1652 4010 peroptant,
1714 3944 2118 4013 precatumque

528 4043 632 4079 una
660 4043 786 4098 cum
850 4028 958 4082 illis
989 4044 1115 4083 esse
1156 4029 1208 4082 in
1248 4030 1549 4092 concordia
1602 4041 1655 4085 et
1700 4048 1857 4100 pace.
1893 4033 2115 4088 Contri-

530 4129 748 4172 stantur
776 4133 930 4182 vero,
957 4134 1058 4173 nec
1088 4121 1364 4173 immerito
1403 4123 1666 4178 adversus
1704 4123 1946 4189 Grazcos,
1974 4125 2118 4193 quod

2225 3946 2466 4000 Ἔπειτα
2501 3946 2557 3998 δέ
2586 3945 2686 4014 οὑχ
2737 3943 3054 4007 ὁπλίζονται
3085 3939 3228 3993 κατὰ
3266 3938 3536 4009 Γραικῶν.
3566 3933 3772 3991 Ἀπαγε.

2235 4042 2400 4096 Ἀλλὰ
2460 4042 2677 4094 θέλουσι
2738 4039 2835 4093 καὶ
2889 4036 3101 4090 δέονται
3135 4029 3278 4087 εἶναι
3334 4032 3454 4104 μετ’
3512 4025 3680 4083 αὑτῶν
3727 4020 3771 4067 ἐν

2225 4135 2454 4205 ὁμονοίᾳ
2486 4151 2545 4186 τε
2571 4134 2667 4186 καὶ
2697 4133 2912 4203 εἰρήνῃ.
2958 4128 3277 4184 Λυποῦνται
3307 4127 3363 4179 δέ
3395 4123 3613 4182 δικαίως
3659 4106 3772 4205 κςτά

531 4215 660 4278 post
690 4213 1060 4261 sacrosancta:
1119 4207 1314 4276 synodi
1345 4207 1611 4276 judicium
1645 4226 1739 4265 eos
1765 4227 1871 4265 non
1903 4225 2112 4268 cessant

2224 4225 2501 4295 Γραικῶν,
2540 4223 2622 4276 ὅτι
2675 4224 2814 4292 μετὰ
2867 4215 2971 4288 τῆν
3008 4221 3196 4292 κρίσιν
3247 4219 3350 4285 τῆς
3406 4217 3555 4286 ἱερᾶς
3589 4202 3771 4295 συνόδου

533 4313 729 4353 vocare
748 4307 803 4354 et
829 4298 1138 4364 haereticos,
1168 4308 1221 4354 et
1249 4299 1439 4355 aliena:
1465 4302 1587 4356 fidei
1621 4313 1940 4360 sectatores.
1969 4305 2121 4360 Gran-

531 4390 579 4444 ci
606 4404 732 4443 vero
763 4389 818 4444 in
846 4388 1065 4444 Graecos
1091 4388 1523 4456 debacchantur,
1555 4403 1608 4445 et
1635 4393 1914 4448 decertant
1944 4397 1978 4449 ii
2024 4399 2120 4467 qui

531 4491 795 4536 recusant
820 4482 1074 4536 unionem
1109 4497 1229 4536 cum
1265 4483 1687 4553 acoeptantibus
1721 4499 1862 4548 eam,
1908 4502 2120 4541 nuncu-

534 4581 771 4640 pantque
811 4587 904 4628 eos
938 4570 1160 4627 Latinos
1186 4582 1243 4628 et
1268 4573 1579 4638 haereticos,
1633 4589 1700 4629 eo
1750 4574 1869 4629 solo
1895 4577 2038 4647 quod
2064 4593 2122 4633 sc

2227 4317 2311 4370 ἔτι
2375 4314 2752 4370 ἀποκαλοῦσιν
2806 4313 3007 4374 αὐτοὺς
3063 4308 3382 4378 αἱρετικοὺς
3427 4306 3520 4359 καὶ
3573 4288 3773 4364 ἑτεροῖί“

2227 4409 2374 4476 ξονς.
2413 4409 2644 4478 Γραικοὶ
2667 4407 2722 4459 δὲ
2754 4405 2894 4458 κατὰ
2929 4403 3210 4474 Γραικῶν,
3235 4400 3311 4462 ὡς
3339 4401 3405 4452 σὺ
3441 4399 3564 4468 φῂς,
3593 4388 3775 4478 patro-vo

2169 4549 2177 4555 .
2225 4471 2348 4567 ται,
2376 4471 2665 4564 μαίνονται
2713 4496 2767 4548 δὲ
2801 4495 2894 4548 καὶ
2935 4471 3200 4564 μαχονται
3231 4493 3280 4545 οἱ
3335 4490 3412 4561 μὴ
3441 4489 3672 4542 θέλοντες
3697 4471 3774 4536 τὴν

2223 4596 2422 4648 ἕνωσιν
2441 4593 2553 4653 τοῖς
2583 4587 3008 4657 ὑποδεχομένοις
3031 4585 3228 4653 αὑτήν.
3258 4582 3369 4636 Καὶ
3399 4580 3650 4636 Λατίνους
3669 4568 3774 4657 dnc-

533 4662 744 4732 synodo
767 4661 1089 4733 subjiciunt,
1124 4671 1178 4718 et
1197 4661 1544 4720 Christianos
1573 4665 1846 4735 appellant
1873 4665 2112 4724 Latinos.

2227 4686 2486 4741 καλοῦσιν
2520 4683 2743 4746 αὑτοὺς,
2793 4679 2889 4732 καὶ
2945 4676 3281 4746 αἱρετικοὺζ,
3330 4673 3401 4726 δι’
3462 4669 3608 4723 οὐδὲν
3652 4653 3771 4711 ἄλλο,

2853 4772 2860 4773 ,
3045 4771 3054 4773 -
3136 4770 3145 4773 -
3257 4771 3279 4773 _
3429 4767 3469 4773 --
3629 4756 3642 4773 \
3677 4746 3771 4773 -..ξιι

607 4953 774 5010 Rhac.
815 4954 1108 5026 Propterea
1140 4971 1242 5028 ego
1274 4957 1397 5012 dico
1426 4955 1622 5012 melius
1674 4956 1870 5026 fuisse,
1907 4961 1951 5015 si
1982 4976 2124 5016 nun-

537 5065 700 5119 quam
735 5061 923 5104 cnacta
949 5059 1119 5106 esset.

609 5141 730 5198 Dic.
767 5142 922 5208 Quod
948 5144 1107 5210 dicis,
1133 5161 1311 5218 neque
1332 5148 1542 5219 justum
1572 5161 1675 5217 est,
1708 5164 1883 5220 neque
1909 5148 2080 5218 pium.

611 5233 768 5288 ϐαιὴ.
802 5233 970 5289 Audis
999 5234 1290 5292 Dominum
1327 5239 1625 5308 dicentem,
1654 5256 1762 5297 non
1791 5254 1914 5316 esse
1962 5252 2126 5292 mun-

539 5325 666 5380 dum
694 5326 1088 5385 conferendum
1119 5346 1243 5385 cum
1279 5348 1382 5386 una
1453 5336 1634 5388 anima
1683 5332 1943 5392 hominis,
1980 5338 2036 5383 et
2072 5340 2126 5382 tu

544 5419 625 5474 ais
656 5421 854 5476 melius
883 5422 1053 5479 fuisse
1095 5425 1142 5478 si
1187 5440 1296 5480 non
1326 5433 1475 5481 esset
1529 5436 1855 5496 congregata
1880 5423 1904 5476 ?
1932 5416 2125 5476 Annon

543 5509 696 5566 vides
734 5529 834 5567 nos
855 5525 976 5582 post
1018 5516 1165 5571 illam
1193 5517 1460 5588 synodum
1509 5513 1774 5575 didicisse
1822 5517 2126 5579 veritatem,

547 5617 709 5671 quam
745 5615 899 5660 antea
941 5608 1372 5680 ignorabamus?
1398 5611 1481 5664 An
1506 5610 1725 5679 ignoras
1759 5619 1890 5678 quot
1935 5607 2132 5660 anima:

550 5695 763 5765 ejurato
791 5699 1088 5755 schismate
1111 5711 1163 5756 et
1215 5703 1489 5758 divisione
1525 5704 1577 5756 in
1604 5702 1957 5757 concordiam
1991 5699 2132 5753 redi-

550 5787 749 5842 erunt?
771 5787 885 5842 Non
910 5791 1058 5848 vides
1089 5809 1190 5850 nos
1210 5810 1240 5848 a
1268 5810 1404 5848 vana
1429 5794 1515 5849 illa
1539 5793 1979 5863 praesump'ionc,
2002 5808 2136 5849 con-

2225 4778 2341 4836 ἀλλ’
2373 4779 2406 4849 ἢ
2439 4778 2528 4833 διὰ
2547 4778 2609 4830 τὸ
2633 4772 2975 4842 ὑποταγῆναι
2999 4770 3196 4832 αὑτοὺς
3219 4771 3284 4840 τῇ
3313 4767 3538 4835 συνόδῳ,
3563 4756 3646 4810 καὶ
3675 4746 3774 4800 τοὺς

2224 4870 2487 4932 Λατίνους
2514 4864 2697 4935 λέγειν
2724 4861 3106 4935 Χριστιανούς.
3611 4935 3634 4940 _
3750 4922 3759 4940 ι

2313 4962 2484 5015 Ῥακ.
2517 4959 2616 5012 Διὰ
2634 4957 2795 5010 τοῦτο
2823 4955 2935 5025 ἐγὼ
2975 4954 3138 5022 λέγω,
3194 4954 3276 5006 ὅτι
3335 4954 3580 5023 κρεῖττον
3609 4935 3670 5008 ἦν
3712 4935 3771 4996 μη

2237 5054 2496 5123 γενέσθαι
2535 5050 2670 5106 ποτὲ
2692 5051 2892 5119 αὑτήν.

2307 5150 2430 5200 Δικ.
2478 5145 2554 5199 Οὐ
2582 5144 2794 5197 δίκαιον
2821 5141 2883 5194 τὸ
2925 5141 3093 5210 ῥηθὲν
3120 5137 3246 5208 ήδη,
3308 5136 3434 5190 οὔτε
3492 5129 3592 5201 μὴν
3637 5120 3768 5171 ὅσιον·

2308 5241 2450 5295 Καθ.
2488 5235 2596 5290 Τοῦ
2627 5235 2836 5306 Κυρίου
2870 5231 3095 5294 ἀκούεις
3146 5230 3420 5296 λέγοντος,
3476 5223 3590 5277 οὐκ
3634 5210 3768 5306 ἕσξίν

2236 5334 2269 5387 ὀ
2298 5331 2531 5399 κόσμος
2556 5329 2704 5392 ὅλος
2724 5305 3022 5390 ἀντάξιος
3084 5322 3242 5390 ὑπὲρ
3295 5319 3432 5390 ωδ(
3469 5305 3660 5399 Ψυχῆς

2237 5397 2502 5491 apto-rev,
2535 5421 2629 5474 ml
2660 5421 2724 5473 σὺ
2754 5419 2956 5486 λέγεις,
2994 5417 3261 5486 Ἀμεινον
3291 5411 3359 5484 ἦν
3383 5410 3548 5477 αὑτὴν
3593 5397 3764 5491 Pii-7"

2237 5518 2428 5572 νέσθαι
2463 5535 2474 5579 ;
2510 5517 2625 5568 Οὐκ
2669 5508 2856 5574 οἶδας,
2916 5513 3020 5577 ὅτι,
3073 5508 3382 5578 γενομένης
3439 5504 3534 5570 τῆς
3570 5481 3759 5579 συνόδαξι

2241 5611 2521 5680 ἐμάθομεν
2549 5609 2648 5676 τὴν
2697 5603 2980 5674 ἀλήθειαν,
3023 5603 3093 5671 ἢν
3151 5601 3419 5670 πρότερον
3457 5596 3550 5650 οὑκ
3588 5567 3761 5680 ista?

2246 5657 2388 5771 pretia
2413 5657 2444 5764 ;r
2462 5699 2577 5750 Οὐκ
2602 5657 2768 5750 οἶσθα
2787 5657 2979 5747 σπάσαι,
3000 5657 3172 5763 ψυχαὶ
3197 5657 3209 5670 “
3227 5657 3486 5757 ἐξέὶρυγον
3529 5673 3614 5772 ’⁸θῆ
3648 5657 3760 5772 ’ἣξξῖ

2249 5809 2418 5862 ματος
2457 5792 2547 5843 κατ.
2573 5789 2669 5856 τῆς
2702 5784 3052 5856 διαιρέσεως;
3088 5785 3201 5838 Οὐκ
3259 5779 3408 5842 οἶδας
3445 5775 3547 5835 πῶς
3579 5760 3755 5817 ἐΑυτρω·

3908 4363 3909 4399 ι

3907 4731 3909 4780 4
