4028 6428
307 369 438 436 1021

1255 379 1755 444 DlSCEPTATIO
1805 383 1952 445 PRO
1980 383 2188 449 CONC.
2221 387 2593 450 FLORENT.

2145 291 2174 306 φ

3420 393 3552 460 1022

303 489 485 556 θημεν
508 490 607 556 τῆς
641 493 883 559 ματαίας
932 493 1278 565 προλήψεως,
1320 499 1418 568 τῆς
1455 502 1760 570 πεισμονῆς
1814 517 1873 553 τε

1988 505 2212 558 tumacia
2245 514 2297 558 et
2347 522 2547 574 pugna,
2579 519 2682 574 qua
2711 505 2762 560 in
2793 502 2988 561 fratres
3032 506 3406 572 sazviebamus,
3432 528 3552 569 esse

304 580 400 630 καὶ
427 580 631 648 μάχης.
657 582 756 650 τῆς
792 583 929 652 πρδς
962 587 1084 649 τοὺς
1138 589 1436 656 ἀδελφούςς
1485 592 1548 644 El
1603 593 1703 644 οὐκ
1755 593 1876 661 ἐγέ-

301 685 449 730 νετο,
483 671 578 722 καὶ
607 672 771 739 ἡμεῖς
803 675 862 725 ἐν
890 676 954 744 τῇ
993 675 1131 747 αὐτῇ
1165 678 1479 745 ἀπογνώσει
1508 677 1650 751 ἦμεν
1687 681 1773 745 ἂν,
1804 677 1870 752 ἦς

304 759 560 830 ὑπῆρχον
589 763 638 814 οἱ
671 763 843 817 πάλαι
897 767 998 835 τὴν
1047 768 1379 838 Ἐκκλησίαν
1431 773 1721 840 σχίσαντεης
1777 777 1875 828 καὶ

303 851 754 920 διαμερίσαντες.
783 856 951 910 Ὀθεν
989 858 1198 928 βέλτιον
1242 857 1312 931 ἦν
1369 864 1541 934 αὐτὴν
1595 868 1872 934 γενέσθαι,

298 944 398 996 τοῦ
427 945 562 997 Θεοῦ
581 945 738 1000 τοῦτο
767 948 836 1000 δι’
865 952 1014 1020 ἡμᾶς
1038 954 1507 1024 προϐλεψαμένου,
1545 959 1630 1011 ῖνα
1665 961 1760 1030 μὴ.
1778 962 1875 1023 τὰς

298 1037 484 1106 ψυχὰς
514 1041 545 1110 ἡ
554 1040 674 1106 μῶν
694 1043 1076 1112 ἀπολέσαντες,
1099 1047 1195 1117 τὴν
1216 1049 1434 1102 αίὼνιον
1451 1049 1875 1120 κληρονομήσω-

301 1147 406 1200 μεν
443 1133 690 1190 κόλασιν.

384 1224 540 1278 Ῥακ.
572 1227 649 1296 Τῇ
688 1228 928 1298 ἐμαυτοῦ
957 1231 1247 1302 ἐρωτήσει,
1284 1235 1472 1305 ἄριστε
1511 1238 1721 1306 ἱερέων,
1757 1239 1876 1291 ίκαὲ

304 1313 415 1372 νῶς
442 1315 552 1383 ὁρῶ
585 1318 827 1386 ἐμαυτὸν
860 1323 1372 1396 πληροφορηθέντα,
1421 1329 1513 1381 καὶ
1543 1329 1653 1384 ίδοὺ
1685 1332 1747 1383 ἐκ
1775 1332 1875 1397 τῆς

303 1405 511 1473 πολλῆς
542 1411 634 1461 καὶ
677 1409 912 1479 ἀπείρου
968 1414 1149 1483 μάχης
1208 1416 1307 1484 τῆς
1357 1417 1495 1487 πρὸς
1537 1418 1803 1480 Λατίνους
1840 1420 1873 1489 ἡ

296 1496 448 1565 ψυχή
491 1516 593 1566 μου
649 1502 1003 1572 ὁπωσδήποτε
1040 1508 1334 1562 πέπαυται.
1403 1508 1564 1577 Ἀλλ’,
1619 1509 1875 1580 ἄνθρωπε

300 1587 399 1640 τοῦ
454 1588 612 1658 Θεοῦ,
659 1592 722 1644 σύ
777 1611 837 1646 τε
896 1597 990 1648 καὶ
1034 1597 1083 1650 oi
1135 1601 1273 1666 μετά
1316 1599 1412 1653 σοῦ
1457 1601 1733 1664 εὐλαϐεῖς,
1782 1603 1875 1654 καὶ

297 1677 596 1745 θειότατοι,
630 1686 724 1736 καὶ
753 1686 974 1756 ἀληθεῖς
1003 1689 1192 1759 ίερεῖς,
1244 1689 1412 1758 ἀφετέ
1469 1709 1583 1760 μοι,
1613 1695 1706 1746 καὶ
1740 1711 1876 1761 συγ-

300 1774 594 1843 χωρήσατε
635 1777 734 1830 ὅσα
797 1779 877 1842 είς
917 1781 1061 1850 ὑμᾶς
1108 1782 1219 1850 ἐγώ
1275 1800 1406 1836 ποτε
1448 1785 1868 1856 ἐϐλασφήμησα;

306 1866 601 1937 Μάρτυρες
627 1872 736 1940 γὰρ
763 1872 886 1925 ἐστε
933 1874 1030 1928 τοῦ
1069 1874 1223 1944 Θεοῦ,
1283 1880 1380 1931 καὶ
1434 1879 1701 1950 μακάριοί
1728 1882 1870 1934 ἐστε.

315 1960 674 2025 Ὀνειδίζεσθε
721 1966 829 2033 γὰρ
901 1967 1070 2021 ἓνεκα
1130 1971 1229 2038 τῆς
1287 1972 1524 2038 ἀληθοῦς
1596 1973 1872 2038 πίστεως,

298 2055 398 2106 καὶ
443 2057 570 2121 τοὺς
623 2058 852 2128 μισθοὺς
915 2061 1066 2130 ἕξετε
1123 2065 1274 2135 παρὰ
1326 2066 1422 2119 τοῦ
1475 2067 1874 2137 μισθαποδότου

297 2144 460 2203 Θεοῦ.

378 2242 502 2293 Δικ.
547 2241 687 2309 Ἐγὼ
711 2243 882 2311 ἡδέως
923 2245 1166 2310 ἀκούσας
1217 2251 1394 2318 ὑμῶν,
1455 2252 1549 2304 καὶ
1607 2253 1876 2321 νουνεχῶς

303 2332 635 2400 ἀμφοτέρων
664 2339 1015 2407 κατανοήσας
1038 2343 1164 2403 τοὺς
1197 2340 1412 2410 λόγους,
1444 2341 1748 2412 ἐϐουλόμην
1774 2343 1874 2412 μὲν

303 2419 404 2489 τὴν
449 2421 631 2490 ψῆφον
682 2424 881 2479 διδόναι
937 2428 1017 2498 τῷ
1071 2429 1169 2500 τὴν
1214 2431 1477 2501 ἀλήθειαν
1542 2432 1660 2500 μετ’
1707 2433 1872 2486 αὑτοῦ

303 2515 504 2582 ἔχοντι,
539 2519 598 2578 ὃς
624 2518 772 2570 ἐστιν
806 2520 835 2572 ό
881 2520 1061 2590 ἱερεὺς
1087 2522 1187 2591 τῆς
1217 2523 1382 2591 ἁγίας
1421 2523 1692 2587 ἐνὼσεως.
1722 2525 1878 2578 Ἐπεὶ

303 2606 360 2658 δὲ
395 2612 488 2661 καὶ
518 2611 679 2675 αὐτὸς
712 2613 772 2665 τὸ
810 2617 1020 2684 πεῖσμα
1051 2616 1216 2680 ἐάσας
1275 2619 1367 2670 καὶ
1423 2617 1520 2688 τὴν
1566 2618 1728 2687 κενὴν
1783 2618 1878 2671 καὶ⁸

306 2701 550 2767 ματαίαν
599 2705 896 2775 πρόληψιν,
945 2707 1210 2770 ἀποδίδως
1267 2709 1366 2777 τὴν
1413 2709 1617 2778 ψῆφον,
1675 2708 1878 2777 μᾶλλον

304 2792 364 2846 δέ
409 2809 471 2861 γε
498 2792 594 2848 καὶ
664 2799 996 2869 καταπείθῃ,
1025 2799 1103 2868 τῷ
1125 2799 1244 2866 Θεῷ
1272 2800 1422 2868 δόξα,
1453 2799 1529 2870 τῷ
1561 2817 1619 2854 σε
1649 2801 1786 2870 πρὸς
1817 2801 1880 2854 τὸ

304 2885 407 2954 τῆς
429 2885 690 2952 ἀληθείας
723 2888 839 2956 φῶς
868 2891 1231 2960 όδηγήσαντι.

384 2980 528 3032 Καθ.
570 2980 895 3050 Εὐχαριστῶ
921 2983 998 3052 τῷ
1021 2983 1142 3052 Θεῷ
1171 2985 1248 3055 τῷ
1279 2989 1379 3056 τῆς
1401 2988 1630 3059 εἰρήνης
1661 2989 1874 3060 δοτῆρι,

309 3069 388 3139 τῷ
417 3073 510 3124 καὶ
537 3072 595 3125 σὲ
627 3075 957 3142 ὁδηγήσαντι
1007 3077 1103 3129 καὶ
1151 3078 1369 3132 σύνεσιν
1399 3081 1566 3144 δόντι,
1608 3084 1771 3136 ἐᾶσαι
1818 3084 1880 3136 τὺ

1979 592 2273 648 liberatos?
2301 595 2362 651 Si
2389 597 2479 649 illa
2523 597 2662 650 facta
2701 612 2806 651 non
2858 597 3069 662 fuisset,
3123 614 3218 652 nos
3257 601 3311 654 in
3361 603 3548 656 eadem

1979 684 2433 741 coudemnatione
2483 687 2928 756 perduraremus,
2981 690 3036 743 in
3077 706 3182 757 qua
3231 701 3412 756 erant,
3459 694 3550 763 qui

1977 778 2276 846 antiquitus
2303 777 2599 834 Ecclesiam
2650 780 2955 837 diviserunt
2992 793 3046 837 et
3077 783 3130 837 in
3163 784 3422 839 factiones
3446 787 3553 841 sci-

1979 867 2195 926 derunt.
2224 869 2363 922 ilinc
2394 869 2588 930 melius
2626 871 2748 933 fuit,
2785 873 3030 928 eamdem
3061 885 3306 929 coactam
3357 877 3548 940 fuisse,

1979 956 2090 1011 Deo
2113 956 2164 1011 id
2193 969 2413 1029 propter
2435 973 2532 1012 nos
2569 963 2910 1030 providente,
2943 979 3011 1018 ne
3044 965 3329 1020 animabus
3354 966 3546 1033 deper-

1977 1049 2105 1104 ditis
2139 1054 2485 1123 sentpiterna-
2511 1055 2809 1126 punitionis
2844 1056 3084 1112 ltzeredes
3116 1058 3472 1112 etiiceremur.

2052 1233 2215 1288 R/zac.
2265 1234 2680 1305 lntcrrogationi
2723 1251 2876 1301 mem,
2912 1239 3114 1307 optime
3159 1241 3546 1304 sacerdos,cu-

1980 1325 2180 1380 mulate
2213 1341 2536 1396 responsum
2561 1344 2700 1390 esse,
2725 1329 2964 1397 mihique
2985 1331 3325 1385 satisfactum
3353 1331 3546 1400 depre-

1978 1417 2180 1471 hendo.
2211 1417 2276 1472 Et
2307 1435 2372 1472 en
2400 1435 2464 1473 ex
2498 1421 2724 1486 ingenti,
2756 1429 2807 1474 et
2839 1436 3116 1491 nunquam
3149 1438 3254 1477 non
3286 1423 3353 1476 de
3382 1423 3545 1478 saevi-

1976 1519 2103 1563 ente
2133 1511 2398 1566 adversus
2433 1509 2657 1565 Latinos
2689 1525 2887 1579 pugna,
2919 1512 3136 1566 animus
3169 1527 3324 1566 meus
3369 1527 3548 1565 cessa-

1978 1603 2071 1656 vit.
2103 1602 2206 1656 Sed
2245 1603 2324 1656 vir
2363 1602 2476 1666 Dei,
2512 1613 2565 1656 et
2595 1604 2688 1672 qui
2721 1610 2899 1659 tecum
2933 1619 3038 1657 una
3068 1612 3197 1659 sunt
3227 1604 3324 1672 pii,
3372 1604 3542 1658 divini

1976 1703 2034 1749 et
2063 1696 2172 1748 veri
2211 1694 2549 1758 sacerdotes,
2598 1709 2753 1764 aequo
2783 1695 2968 1748 animo
2993 1695 3276 1762 ignoscite,
3315 1695 3546 1764 datoque

1979 1801 2168 1840 eorum
2202 1789 2436 1850 veniam,
2489 1800 2609 1855 qua:
2666 1787 2781 1854 ipse
2829 1787 3090 1840 adversus
3129 1802 3229 1841 vos
3260 1787 3549 1855 aliquando

1981 1877 2246 1932 maledico
2277 1892 2371 1931 ore
2397 1877 2624 1946 jactavi.
2654 1877 2920 1948 Martyres
2969 1879 3114 1933 enim
3167 1881 3300 1934 estis
3340 1880 3454 1941 Dei,
3495 1889 3551 1933 ct

1978 1970 2144 2033 beati,
2181 1978 2436 2040 tanquam
2479 1973 2573 2040 qui
2609 1973 2968 2026 contumelias
3009 1972 3293 2027 sustinetis
3329 1981 3552 2042 propter

1978 2076 2162 2114 veram
2204 2060 2384 2124 Iidem,
2411 2071 2464 2116 et
2492 2061 2799 2117 mercedem
2843 2063 3192 2118 consecuturi
3217 2063 3350 2117 estis
3386 2078 3413 2115 a
3440 2060 3551 2116 Deo

1976 2160 2404 2208 remuneratore.

2050 2245 2168 2298 Dic.
2210 2244 2359 2308 Mihi,
2393 2260 2518 2300 cum
2573 2245 2681 2315 jam
2732 2263 2827 2301 vos
2873 2244 3199 2312 audiverim,
3241 2255 3294 2300 et
3341 2255 3547 2300 attente

1977 2351 2261 2392 sermones
2292 2345 2504 2390 vestros
2526 2335 3007 2399 consideraverim,
3039 2337 3252 2390 animus
3281 2346 3397 2389 crat
3423 2353 3546 2387 scu-

1979 2427 2200 2481 teutiam
2230 2425 2302 2480 illi
2335 2426 2622 2480 candidam
2660 2427 2822 2492 ferre,
2851 2442 2880 2479 a
2911 2443 3020 2496 quo
3055 2435 3162 2481 stat
3199 2428 3420 2492 vet-itas,
3451 2429 3544 2495 qui

1979 2518 2144 2573 fuerit
2171 2528 2375 2573 sanctas
2410 2519 2630 2573 ttuionis
2669 2518 2959 2578 sacerdos;
2985 2519 3205 2588 quando
3238 2534 3366 2573 vero
3389 2530 3439 2572 et
3466 2529 3546 2579 tu,

1976 2608 2278 2679 pertinacia
2317 2608 2547 2674 reiecta,
2572 2618 2624 2662 et
2655 2609 2803 2663 inani
2851 2625 3096 2677 vanaque
3127 2608 3551 2678 praesumptione

1979 2701 2252 2756 calculum
2292 2700 2498 2766 defers,
2563 2701 2671 2754 imo
2727 2701 2891 2754 etiam
2934 2716 3131 2755 suasus
3167 2700 3366 2762 credis,
3420 2698 3527 2751 Deo

1979 2791 2173 2862 gloria,
2214 2791 2308 2862 qui
2346 2799 2400 2846 te
2430 2793 2496 2846 ad
2526 2792 2773 2847 veritatis
2803 2791 2984 2847 lumen
3011 2791 3286 2870 perduxit.

2049 2947 2206 3025 έαιίι.
2271 2969 2487 3026 Gratias
2515 2983 2614 3038 ago
2639 2969 2746 3022 Deo
2775 2968 2920 3036 pacis
2947 2968 3147 3029 datori,
3183 2968 3273 3035 qui
3308 2967 3402 3020 tibi
3435 2967 3544 3020 dux

1985 3065 2109 3128 fuit,
2141 3062 2400 3133 deditque
2435 3063 2806 3132 prudentiam,
2852 3070 2911 3116 ut
2973 3061 3274 3132 pertinacia
3323 3061 3550 3115 dimissa

310 3165 544 3231 πεῖσμα,
575 3167 672 3218 καὶ
723 3167 959 3221 ἀκοῦσαι
989 3171 1166 3238 ἡμῶν,
1202 3173 1298 3224 καὶ
1327 3171 1426 3241 τὴν
1455 3173 1718 3242 ἀλήθειαν
1733 3176 1875 3242 γνῶ-

1988 3171 2081 3210 nos
2095 3156 2334 3219 audires,
2354 3164 2409 3209 et
2432 3155 2714 3210 veritatem
2739 3169 3088 3225 agnosceres.
3113 3152 3245 3206 Illud
3275 3153 3328 3206 in
3349 3167 3556 3206 memo-

310 3273 422 3308 ναι.
461 3257 602 3310 Ἀλλ’
640 3259 956 3328 ὑπομνῆσαί
1023 3278 1083 3313 σε
1147 3262 1431 3333 βούλομαι,
1487 3265 1571 3317 ὅτι
1604 3266 1762 3332 ὑμεῖς
1818 3269 1877 3318 ἐν

308 3351 535 3420 συνόψει
571 3370 656 3405 σοι
687 3351 784 3422 τὴν
814 3354 1117 3419 ἀπολογίαν
1151 3353 1263 3407 τῶν
1293 3355 1612 3424 κεφαλαίων
1639 3359 1878 3412 ἐνταῦθα

307 3445 808 3514 προσηνέγκαμεν·
845 3445 1034 3516 ἐπειδὴ
1063 3447 1203 3500 ἰδίαν
1247 3450 1633 3518 πραγματείαν
1691 3453 1880 3519 ἐποιή-

308 3555 485 3607 σαμεν
514 3539 643 3604 περῖ
677 3537 906 3602 τούτων,
941 3540 1035 3590 καὶ
1067 3541 1185 3604 ἐνὸς
1213 3542 1446 3596 ἑκάστου
1497 3542 1656 3610 λόγον
1690 3545 1874 3595 ἱκανὸν

309 3631 673 3701 ἐξεδὼκαμεν.
707 3633 816 3686 Καὶ
843 3633 870 3684 ό
898 3633 1226 3702 βουλόμενος
1266 3637 1322 3686 ἐν
1353 3633 1583 3696 ἐκείνως
1633 3635 1726 3687 τὸν
1755 3634 1878 3687 νοῦν

308 3728 663 3794 ἐπιστησάτω
690 3740 703 3754 ⁶
735 3726 828 3779 καὶ
855 3719 1010 3794 οἶμαι
1047 3725 1142 3777 σὺν
1165 3725 1284 3794 Θεῷ
1331 3726 1432 3793 τῆς
1479 3726 1672 3795 ὀδύνης
1702 3727 1878 3779 ἀπα).-

309 3817 634 3882 λαγήσεται.
662 3815 786 3869 Ὀτι
816 3815 872 3868 δέ
890 3832 952 3883 γε
989 3816 1084 3867 καί⁵
1117 3814 1468 3885 συγχώρησιν
1508 3815 1692 3886 ζητεῖς
1747 3820 1880 3886 παρ’

309 3907 470 3977 ἡμῶν
491 3909 571 3968 είς
602 3907 704 3961 ὅσα
739 3910 886 3976 ἡμᾶς
936 3907 1306 3976 ἐλοιδόρησας,
1336 3907 1546 3977 Κύριος
1575 3911 1879 3979 ἁπαλείψαι

312 4017 396 4052 σοι
421 4000 479 4052 τὸ
511 3999 710 4068 σφαλέν
733 4001 830 4053 καὶ
860 3999 954 4052 νῦν
978 3999 1073 4052 καὶ
1100 4001 1157 4051 ἐν
1184 4000 1260 4069 τῷ
1292 4001 1449 4060 αίῶνι
1479 4001 1555 4070 τῷ
1576 4003 1879 4073 ἐρχομένῳ.

323 4091 517 4156 Ἦμεῖς
553 4092 659 4162 γὰρ
690 4091 836 4154 ἅπαξ
873 4091 1101 4153 ἑαυτοὺς
1150 4091 1509 4156 ἐκδεδωκότες
1554 4094 1636 4155 είς
1675 4095 1882 4147 ὑποτα-

310 4185 419 4253 γὴν
446 4182 546 4252 τῆς
583 4183 678 4236 τοῦ
725 4183 967 4253 Χριστοῦ
1008 4183 1357 4252 Ἐκκλησίας,
1390 4185 1593 4254 ἥκιστα
1624 4185 1736 4238 τῶν
1774 4185 1883 4238 λοι-

313 4275 511 4342 δοριῶν
538 4293 599 4330 τε
635 4275 728 4329 καὶ⁹
759 4275 974 4344 ὕϐρεων
1009 4275 1395 4345 φροντίζομεν,
1430 4281 1768 4346 μεμνημένοι
1792 4277 1883 4330 τοῦ

313 4369 521 4437 Κυρίου
565 4369 596 4438 ἠ
607 4368 723 4436 μῶν
755 4369 1007 4435 λέγοντος
1028 4408 1042 4432 ,
1071 4367 1137 4421 Εἰ
1168 4368 1272 4437 ἐμὲ
1309 4369 1583 4433 ἐδίωξαν,
1612 4369 1709 4422 καὶ
1729 4367 1885 4437 ὑμᾶς

310 4459 658 4524 διώξουσιν.
710 4462 819 4514 Καὶ
877 4459 1057 4523 αὖθις,
1090 4459 1196 4512 Φεῦ
1255 4462 1354 4529 τῆς
1379 4461 1519 4528 ἐμῆς
1551 4460 1839 4522 ἀσθενείας
1867 4462 1880 4513 !

1987 3248 2123 3301 riam
2164 3245 2456 3310 revocabo,
2495 3259 2596 3300 nos
2623 3245 2710 3299 hic
2764 3245 2859 3298 tibi
2907 3243 3357 3312 compendiosam
3396 3243 3550 3311 capi-

1987 3351 2101 3394 tum
2138 3339 2553 3406 responsionem
2613 3338 2892 3392 attulisse.
2939 3337 3173 3403 Quando
3210 3351 3339 3391 vero
3372 3335 3438 3389 de
3470 3335 3556 3388 his

1991 3431 2266 3502 peculiare
2319 3445 2456 3500 opus
2505 3430 2808 3500 exegimus,
2841 3439 2892 3484 et
2937 3431 3278 3500 singularum
3313 3429 3558 3483 rationes

1987 3523 2377 3585 recensuimus,
2409 3523 2496 3575 cui
2530 3521 2582 3574 id
2625 3521 2820 3587 volupe
2856 3519 3041 3583 fuerit,
3081 3521 3324 3573 animum
3355 3519 3421 3572 ad
3464 3519 3552 3572 illa

1987 3615 2254 3677 advertat,
2285 3621 2338 3667 et
2368 3613 2566 3681 opinor
2617 3627 2742 3664 cum
2777 3611 2908 3675 Deo,
2943 3626 3068 3664 eum
3097 3611 3163 3664 ab
3191 3611 3338 3663 omni
3365 3609 3560 3662 dubie-

1988 3713 2096 3759 tate
2121 3702 2364 3758 futurum
2427 3702 2748 3758 immunem.
2781 3702 2860 3756 Tu
2907 3701 3116 3755 veniam
3157 3702 3295 3767 petis
3338 3716 3367 3752 a
3402 3687 3560 3752 nobis

1987 3812 2175 3852 eorum
2212 3811 2331 3863 quae
2355 3795 2406 3848 in
2438 3809 2535 3849 nos
2570 3810 2694 3847 cum
2721 3793 2905 3863 jurgio
2955 3801 3008 3846 et
3040 3792 3297 3845 irrisione
3354 3788 3558 3842 eﬂ'utii-

1988 3890 2056 3943 sti
2086 3907 2098 3942 :
2123 3888 2389 3942 Dominus
2412 3897 2656 3942 erratum
2690 3895 2743 3941 ct
2777 3900 2924 3940 nunc
2952 3892 3006 3937 et
3043 3887 3096 3936 in
3145 3882 3329 3935 futuro
3358 3883 3560 3935 saeculo

1993 3982 2188 4037 deleat.
2253 3979 2500 4048 Namque
2554 3978 2715 4033 nobis
2749 3977 3017 4046 obsequio
3052 3975 3256 4030 Christi
3302 3971 3559 4027 Ecclesiae

1996 4077 2166 4130 semel
2196 4072 2547 4142 mancipatis,
2577 4071 2934 4125 dicteriorum
2983 4079 3036 4123 et
3063 4068 3385 4148 inju'riarum
3412 4079 3561 4118 cura;

1991 4184 2097 4222 non
2139 4177 2243 4225 est,
2297 4165 2560 4219 memoria
2623 4162 2998 4218 recolentibus
3035 4161 3238 4214 dictum
3294 4157 3507 4210 Domini
3546 4173 3562 4211 :

1993 4263 2051 4320 Si
2103 4279 2183 4316 me
2237 4262 2500 4331 persecuti
2555 4259 2792 4327 fuerunt,
2825 4265 2873 4310 et
2897 4273 2983 4310 vos
3015 4252 3456 4324 persequentur‘.
3503 4250 3568 4303 Et

1992 4370 2186 4411 rursus
2219 4371 2232 4406 :
2259 4353 2370 4406 lleu
2399 4367 2571 4405 meam
2600 4349 3049 4404 imbecillitatem!
3074 4346 3478 4400 Samaritanum
3512 4350 3568 4394 et

1995 4447 2245 4501 daemone
2277 4450 2534 4496 vexatum
2579 4440 2848 4494 vocabant
2881 4439 3076 4505 vipcrm
3106 4436 3272 4489 catuli
3313 4447 3436 4485 cum
3471 4430 3564 4497 qui

315 4553 666 4623 Σαμαρείτην
732 4552 826 4605 καὶ
913 4551 1261 4620 δαιμονῶντα
1345 4551 1578 4604 ἐκάλουν
1643 4554 1712 4603 τὰ
1785 4553 1882 4617 τῆς

1993 4547 2216 4592 vexatos
2245 4550 2275 4589 a
2315 4535 2565 4588 d.cmone
2615 4531 2869 4585 sanabat.
2911 4528 2964 4581 Si
3006 4528 3187 4593 itaque
3225 4539 3348 4577 cum
3403 4535 3562 4590 quem

315 4648 531 4716 ἐχίδνης
585 4649 792 4713 τέκνα,
851 4647 944 4698 τὸν
1007 4645 1490 4715 δαιμονιζομένους
1569 4645 1752 4697 ίῶντα.
1827 4645 1930 4695 Et

323 4738 417 4795 οὖν
445 4743 523 4802 είς
549 4743 776 4800 ἐκεῖνον,
808 4740 866 4793 ὃν
901 4737 1095 4808 τρέμει
1127 4738 1154 4789 ό
1179 4737 1430 4805 οὐρανὸς,
1481 4736 1580 4788 καὶ
1611 4737 1643 4804 ἡ
1675 4736 1769 4801 γῆ,
1797 4736 1894 4788 καὶ

326 4836 506 4888 πάντα
544 4837 610 4886 τὰ
657 4835 714 4887 ἐν
755 4832 834 4899 τῷ
867 4830 1102 4901 οὐρανῷ,
1160 4829 1254 4884 καὶ
1302 4831 1358 4882 ἐν
1391 4832 1456 4901 τῇ
1517 4832 1610 4900 γῇ,
1650 4829 1890 4898 ὕϐριζον,

322 4927 421 4981 καὶ
471 4926 778 4995 ἐλοιδόρουν
819 4925 868 4976 oi.
916 4921 1010 4974 ὑπ’
1044 4921 1209 4976 αὑτοῦ
1272 4920 1746 4989 εὐεργετηθέντες,
1798 4919 1895 4970 καὶ

321 5018 615 5087 ὑπέμενεν,
681 5017 844 5086 ἡμεῖς
912 5015 960 5067 οί
1021 5016 1272 5066 ταπεινοὶ
1341 5010 1440 5063 καὶ
1487 5011 1538 5062 οἱ
1577 5009 1896 5080 ἁμαρτωλοὶ

317 5112 409 5164 διὰ
438 5112 490 5162 τί
517 5112 614 5178 οὐχ
640 5109 977 5176 ὑποίσομενς
1017 5105 1398 5172 ’Υποφέρομεν
1453 5101 1548 5154 οῦν
1597 5102 1696 5162 τὰς
1727 5102 1898 5153 λοιδο-

325 5202 448 5271 ρῖας
480 5200 575 5251 καὶ
600 5196 811 5267 ὕϐρεις,
839 5195 1154 5258 ἐλπίζοντες
1191 5192 1297 5242 τῶν
1355 5188 1722 5258 μακαρισμῶν
1751 5186 1897 5240 ἐκεί-

324 5308 436 5345 νων
466 5288 794 5357 ἀξιωθῆναι,
824 5287 942 5348 τοῦ,
1005 5282 1302 5351 Μακάριοι
1347 5281 1508 5344 ἐστε,
1565 5279 1712 5332 ὅταν
1744 5281 1898 5330 ὀνει-

323 5383 584 5436 δίσωσιν
641 5379 796 5448 ὑμᾶς
847 5379 945 5433 καί
994 5378 1278 5442 διώξωσι,
1328 5374 1598 5441 λέγοντος,
1634 5372 1729 5422 καὶ
1779 5367 1898 5430 τοῦ,

323 5476 572 5539 Xm’psts
635 5474 734 5525 καὶ
799 5469 1195 5538 ἀγαλλιᾶσθε,
1251 5466 1342 5519 ὅτι
1389 5468 1422 5518 ὀ
1467 5461 1685 5531 μισθὸς
1732 5458 1902 5528 ὑμῶν

323 5566 522 5630 πολὺς
547 5566 616 5616 ἐν
643 5563 720 5627 τῷ
767 5560 1022 5628 οὐρανῷ,
1060 5560 1381 5626 φάσκοντος.
1443 5553 1688 5621 Δεόμεοα
1721 5552 1776 5602 δὲ
1807 5551 1901 5601 καὶ

325 5656 506 5726 ὑμῶν,
536 5657 698 5709 ἐᾶσαι
728 5652 788 5706 τὸ
818 5655 1028 5721 πεῖσμα
1087 5651 1183 5703 καὶ
1213 5647 1311 5716 τὴν
1339 5643 1578 5716 ματαίαν
1609 5639 1900 5708 πρόληψιν,

409 5831 609 5887 ’Joau.
645 5846 730 5895 λιι,
772 5831 864 5884 ευ.
941 5831 959 5860 ²
1000 5826 1189 5880 Matth.
1231 5839 1278 5888 ν,
1328 5821 1410 5876 ιι.
1516 5823 1532 5851 ³
1568 5816 1696 5872 ibid.
1749 5813 1828 5869 1'2.

1999 4627 2486 4684 tremiscitccelum
2522 4632 2575 4677 et
2608 4633 2772 4686 terra,
2817 4628 2871 4674 et
2919 4618 3311 4687 pertimescunt
3363 4628 3483 4681 qua:
3512 4611 3562 4663 in

1998 4723 2138 4776 cmlo
2183 4726 2440 4786 terraque
2488 4716 2844 4770 continentur
2893 4709 3111 4777 iniuriis
3142 4705 3468 4764 onerabant,
3515 4711 3570 4756 ct

2000 4810 2309 4874 maledictis
2345 4809 2707 4872 lacessebant,
2769 4806 2862 4875 qui
2895 4804 2963 4858 ab
2998 4819 3063 4857 eo
3095 4799 3376 4855 beneficiis
3411 4800 3568 4853 ditati

2004 4907 2238 4965 fuerant,
2273 4911 2324 4955 et
2356 4899 2661 4954 sustinebat
2719 4914 2734 4949 :
2788 4910 2888 4949 nos
2919 4893 3153 4947 humiles
3176 4899 3229 4944 et
3254 4899 3572 4959 peccatores

2003 5010 2176 5066 quare
2211 5011 2318 5049 non
2365 4987 2804 5047 sustinebimus?
2831 4985 3155 5038 Toleratnus
3186 4983 3367 5049 itaque
3399 4981 3572 5048 iurgia

2001 5100 2050 5144 et
2083 5089 2332 5157 injurias,
2365 5093 2650 5155 sperantes
2685 5096 2783 5133 nos
2808 5077 3205 5132 beatitudinum
3234 5074 3454 5126 illarum
3489 5070 3574 5122 di-

2001 5197 2139 5252 gnos
2171 5179 2461 5249 aliquando
2494 5176 2731 5233 futuros,
2766 5181 2900 5229 tum,
2941 5167 3094 5221 Beati
3133 5167 3260 5220 estis
3315 5179 3431 5216 cum
3466 5177 3577 5213 ma—

2006 5273 2282 5327 ledixerint
2323 5269 2488 5327 vobis,
2549 5275 2596 5319 et
2654 5265 2912 5333 persecuti
2959 5278 3044 5314 vos
3102 5258 3379 5328 fuerint’;
3437 5264 3571 5313 ttun,

2004 5365 2242 5421 Gaudete
2264 5373 2312 5414 et
2339 5359 2621 5418 exsultate,
2655 5355 2904 5424 quoniam
2939 5353 3132 5404 merces
3164 5359 3333 5403 vestra
3362 5345 3577 5412 copiosa

2007 5464 2081 5508 est
2113 5455 2163 5507 in
2187 5453 2312 5506 cwlo
2349 5451 2388 5503 ³.
2425 5450 2700 5517 Rogamus
2737 5459 2898 5512 perro
2934 5458 3048 5505 vos,
3086 5451 3143 5494 ιιι
3195 5436 3492 5507 pertinacia
3523 5439 3579 5484 et

2011 5562 2145 5599 vana
2197 5541 2622 5614 prmsumptioue
2673 5550 3034 5603 compressa,-
3071 5541 3127 5588 et
3190 5530 3377 5585 sedata
3429 5541 3579 5579 arro-

2010 5635 2191 5706 gantia
2222 5633 2591 5702 vosmetipsos
2620 5630 2711 5684 Dei
2767 5625 3026 5683 Ecclesia:
3059 5621 3285 5678 uuiatis.
3320 5619 3412 5676 Sic
3432 5619 3579 5674 cuitu
