4028 6452
319 427 467 492 1025

1360 421 1802 485 llEFUTATIO
1841 421 2078 482 MARC]
2125 416 2516 480 EPIlESlNl.

3435 386 3607 500 1026

313 540 660 610 δειχθέντος,
696 539 858 593 αὐτὸν
893 541 1018 610 μὲν,
1047 542 1140 596 καί
1197 543 1323 606 τοὺς
1373 542 1491 612 μετ’
1554 541 1724 595 αὑτοῦ
1779 543 1914 612 ἡμῖν

2024 540 2298 609 Oportebit
2329 549 2383 593 et
2415 539 2619 607 ipsum,
2652 545 2706 592 et
2729 551 2921 592 omnes
2958 537 3202 608 quicum
3233 552 3302 595 eo
3328 547 3605 601 contraria

314 633 541 695 πάντας
571 632 890 686 τούναντίον
935 634 1249 702 φάσκοντας
1284 635 1710 706 ἀποστραφῆναι
1765 635 1915 704 ἡμᾶς

312 722 426 786 δεῖ,
462 721 730 790 ὲνωθῆναι
784 721 839 774 δὲ
865 725 928 790 τῇ
993 722 1088 774 τοῦ
1119 721 1257 776 Θεοῦ
1307 724 1442 794 ἁγίᾳ
1489 725 1585 776 καὶ
1646 724 1913 796 καθολικῇ

330 813 660 883 Ἐκκλησία.
700 815 808 866 Καὶ
844 816 921 884 μὴ
955 814 1218 889 θαυμάσῃ
1241 833 1348 881 τις,
1391 817 1465 881 ὡς
1495 816 1691 886 ἀνδρὸς
1729 817 1908 870 τοιού-ν

301 912 420 958 ’του
456 905 622 974 σοφοῦ
646 906 741 958 καὶ
765 907 1004 975 μεγάλου
1033 908 1224 976 λόγους
1242 910 1408 978 ἡμεῖς
1440 907 1588 962 οὕτω
1615 907 1909 978 τολμηρῶς

315 999 661 1067 ἀνατρέπειν
698 999 1123 1068 ἐπιχειροῦμενο
1169 1001 1291 1053 τότε
1328 1001 1385 1054 δὲ
1442 1001 1647 1070 μᾶλλον
1704 1000 1918 1069 θαυμά·

311 1089 446 1152 ζειν
478 1090 580 1156 δεῖ,
615 1091 746 1144 ὅταν
771 1091 936 1144 αὐτὸν
978 1089 1338 1162 ἐλεγχόμενον
1382 1093 1515 1161 παρ’
1571 1091 1732 1163 ἡμῶν
1782 1091 1914 1146 θεά-

317 1187 498 1253 σησθε
556 1186 685 1238 ὄντα
734 1185 1004 1249 τοιοῦτον,
1047 1187 1142 1240 καὶ
1185 1185 1546 1256 δεικνύμενον
1601 1187 1804 1258 ἀσθενῆ
1854 1203 1915 1240 τε

308 1278 426 1330 ’καὶ
446 1278 616 1346 ψευδῆ
647 1280 991 1350 προφέροντα
1024 1283 1248 1350 ῥήματα
1274 1299 1288 1313 ο
1318 1283 1367 1335 εί
1399 1281 1507 1352 γάρ
1559 1283 1778 1351 ἄπειροι
1826 1298 1916 1333 σο-

316 1371 454 1436 φίας
511 1371 720 1450 ἐσμὲν,
763 1371 1184 1442 ἀλλ’ὸρθόδοξοι
1238 1377 1303 1444 τῇ
1363 1375 1456 1427 τοῦ
1519 1373 1654 1427 Θεοῦ
1710 1375 1913 1444 χάριτι.

313 1459 567 1524 Ἐκεῖνος
616 1462 726 1532 γὰρ
751 1465 777 1516 ὁ
807 1465 978 1522 εἰπών
1001 1479 1014 1494 ·
1055 1465 1244 1519 Ὅταν
1295 1457 1519 1534 ἀχθῆτε
1546 1467 1633 1531 είς
1680 1463 1916 1533 σοφοὺς

317 1552 785 1622 καὶήγεμόνας,
842 1555 929 1624 μὴ
989 1555 1376 1624 δειλιὰσητε·
1442 1558 1557 1625 ἐγὼ
1603 1559 1716 1626 γὰρ
1768 1555 1916 1625 ὑμῖν

317 1645 501 1698 δώσω
531 1647 811 1716 δύναμιν,
835 1642 876 1718 ᾖ
912 1650 982 1702 οὐ
1005 1648 1384 1718 δυνήσονται
1428 1647 1741 1704 ἀντειπεῖν
1765 1646 1914 1701 πάν-

315 1755 426 1804 τες
456 1740 512 1792 oi
541 1739 950 1807 ἀντικείμενοι
982 1739 1127 1809 ὑμῖν
1149 1757 1163 1772 ο
1189 1741 1350 1804 αὐτὸς
1381 1741 1514 1809 γοῦν
1560 1740 1785 1794 δύναται
1819 1739 1915 1792 καὶ

322 1831 479 1899 ἡμᾶς
512 1831 768 1898 φωτίσαι,
793 1834 821 1884 ὁ
863 1835 959 1885 καὶ
989 1835 1113 1896 τοὺς
1169 1833 1342 1896 ἁλιεῖς
1372 1833 1778 1904 ἀγραμμάτους
1827 1831 1914 1884 δν-

317 1939 424 1983 τας
454 1923 743 1990 θεολόγους
776 1924 871 1978 καὶ
919 1926 1158 1995 ῥήτορας
1197 1925 1508 1991 ἀναδείξας,
1553 1925 1648 1978 καὶ
1681 1925 1914 1994 δύναμιν

214 2053 233 2066 .
323 2015 524 2084 ἱκανὴν
555 2015 768 2081 δοῦναι,
807 2017 953 2070 ὥστε
989 2017 1182 2071 τοῦτον
1228 2019 1790 2090 κατατροπώσασοαι.
1821 2019 1913 2090 Μὴ

319 2103 419 2158 οὖν
477 2109 826 2179 ἀποϐλέψητε
888 2110 1023 2180 πρὸς
1065 2111 1166 2181 τὴν
1218 2112 1495 2182 ὑπεροχὴν
1557 2109 1652 2164 τοῦ
1715 2111 1910 2180 ἀνδρὸς

321 2201 423 2252 καὶ
451 2201 548 2269 τὴν
567 2203 722 2272 ἡμῶν
758 2202 1165 2274 χθαμαλότητα,
1192 2204 1328 2258 ἀλλὰ
1362 2206 1499 2273 πρὸς
1523 2204 1622 2275 τὴν
1654 2203 1915 2273 ἀλήθειαν

324 2292 679 2362 ἀμφοτέρων,
710 2296 804 2347 καὶ
834 2295 916 2358 τίς
949 2299 1098 2350 ἐστιν
1129 2300 1156 2350 ὁ
1186 2299 1300 2359 τοῖς
1330 2295 1614 2364 θεολόγοις
1647 2295 1748 2365 τῆς
1791 2297 1921 2349 Ἐκ-

327 2384 562 2454 κλησίας
591 2386 872 2458 συνᾴδωνο
922 2388 1001 2460 τῷ
1050 2389 1160 2459 γάρ
1217 2391 1317 2455 τὴν
1364 2388 1629 2459 ἀλήθειαν
1678 2387 1910 2454 λέγοντι,

322 2477 504 2546 τούτῳ
538 2479 632 2529 καὶ
662 2479 980 2532 πιστευτέον
1012 2479 1255 2550 ἀνάγκη.
1283 2478 1383 2532 Ἷν⁹
1408 2479 1502 2533 οὖν
1541 2479 1616 2550 μὴ
1667 2479 1913 2546 δόξωμεν

323 2568 562 2636 περιττά
583 2570 648 2621 ἐκ
669 2571 982 2640 προοιμίων
1020 2570 1224 2638 λέγειν,
1254 2571 1390 2640 φέρε
1423 2572 1492 2625 τὰ
1553 2570 1687 2642 παρ’
1738 2569 1908 2623 αὑτοῦ

2020 634 2180 688 nobis
2212 632 2508 698 affirmant,
2545 647 2668 686 cum
2694 640 2886 686 sancta
2921 646 3052 685 vero
3081 639 3136 687 et
3186 633 3456 690 catholica
3510 637 3604 693 Dei

2020 726 2270 782 Ecclesia
2307 723 2588 792 conjungi.
2617 722 2888 777 Caeterum
2924 721 3156 776 miretur
3178 738 3361 791 nemo,
3393 729 3438 782 si
3469 731 3608 785 tanti

2019 817 2119 869 viri
2147 815 2292 869 docti
2317 823 2369 869 et
2393 813 2579 869 eximii
2604 827 2887 867 sermones
2916 811 3213 882 infringere
3231 815 3606 884 aggredimur.

2021 907 2073 963 ll
2116 922 2250 961 sane
2281 909 2467 977 potius
2503 904 2842 970 mirandum,
2875 919 3000 959 cum
3035 905 3214 975 ipsum
3243 921 3272 960 a
3295 910 3452 964 nobis
3485 921 3608 966 tan-

2019 1007 2136 1052 tum
2189 999 2366 1052 virum
2429 997 2745 1052 convictum
2802 995 3051 1051 videritis
3107 996 3502 1056 imbecillitatis
3537 1009 3605 1056 ‘ct

2020 1090 2284 1146 falsitatis
2319 1091 2633 1154 verborum,
2667 1104 2790 1159 quae
2823 1087 3052 1158 profert.
3093 1089 3229 1144 Nam
3267 1092 3312 1147 si
3350 1102 3608 1162 expertes

2017 1185 2266 1238 scientia:
2295 1198 2510 1246 sumus,
2545 1191 2771 1238 atcerte
2796 1181 3116 1248 orthodoxi,
3166 1185 3258 1238 Dei
3313 1185 3604 1241 beneficio.

2019 1275 2114 1330 Ille
2143 1277 2400 1346 enitnqui
2433 1276 2574 1330 dixit
2617 1291 2633 1328 :
2663 1274 2798 1330 Cum
2845 1274 2992 1328 ducti
3019 1275 3230 1344 [ueritis
3273 1279 3342 1330 ad
3395 1279 3608 1347 sapien-

2018 1379 2091 1424 tes
2127 1380 2174 1424 et
2198 1369 2480 1438 prmities,
2514 1370 2676 1426 nolite
2716 1373 2939 1437 timere;
2993 1387 3088 1446 ego
3131 1372 3271 1424 enim
3294 1371 3432 1425 dabo
3463 1372 3609 1426 vobis

2018 1463 2293 1524 virtutem,
2321 1463 2405 1537 cui
2449 1478 2551 1516 non
2587 1471 2836 1532 poterunt
2891 1462 3254 1518 contradicere
3313 1480 3490 1518 omnes
3517 1465 3610 1518 ad-

2020 1554 2244 1607 t'ersarit'
2275 1555 2516 1620 vestri‘;
2557 1557 2674 1624 ipse
2708 1570 2810 1612 nos
2839 1555 3003 1610 etiam
3038 1564 3221 1626 potest
3265 1555 3604 1620 illuminare,

2016 1661 2117 1716 per
2143 1662 2307 1715 quem
2332 1659 2384 1701 et
2412 1646 2735 1716 piscatores,
2763 1663 2886 1702 cum
2906 1655 3090 1703 essent
3123 1647 3420 1713 itlitterati;
3451 1650 3610 1703 theo~

2022 1739 2128 1808 logi
2153 1746 2208 1792 et
2234 1747 2483 1793 oratores
2511 1747 2803 1794 evaserunt
2831 1755 2846 1804 ;
2879 1740 3136 1809 viresrlue
3161 1741 3314 1806 dare.
3338 1745 3474 1810 qua:
3492 1742 3610 1796 suf-

2020 1826 2207 1898 ficiant
2237 1829 2302 1881 ad
2344 1828 2490 1882 hunc
2523 1827 2847 1899 fugandum.
2899 1828 2977 1882 Ne
3040 1845 3173 1898 ergo
3227 1833 3484 1897 respicite
3538 1833 3605 1884 ad

2017 1919 2401 1975 excellentiam
2437 1919 2537 1974 viri
2569 1931 2930 1991 nostramque
2977 1921 3326 1986 tenuitatem,
3359 1924 3454 1978 sed
3485 1932 3610 1977 uter

2022 2023 2271 2067 nostrum
2300 2013 2517 2066 veritati
2551 2023 2844 2076 consonet,
2877 2023 2930 2069 et
2961 2028 3086 2068 cum
3123 2015 3397 2085 theologis
3425 2017 3612 2070 Eccle-

2022 2106 2118 2161 sia:
2143 2104 2452 2160 consentiat
2484 2105 2760 2170 maxime;
2794 2106 3083 2160 veritatem
3135 2106 3337 2176 quippe
3404 2105 3610 2160 dicenti

2024 2197 2338 2252 necessario
2371 2197 2505 2250 fides
2555 2195 2802 2252 habenda
2863 2206 2968 2252 est.
3039 2195 3145 2250 Sed
3204 2213 3272 2249 ne
3323 2197 3613 2252 videamur

2023 2290 2375 2347 cxordientes
2400 2288 2650 2358 polliceri
2683 2288 2918 2355 eximia,
2962 2303 3059 2356 age
3119 2289 3294 2356 ipsius
3349 2288 3495 2342 dicta
3552 2288 3609 2342 in

2023 2383 2257 2437 mediam
2283 2380 2600 2445 aderamus,
2627 2389 2681 2435 et
2702 2395 2765 2435 ea
2799 2396 2896 2450 per
2927 2381 3091 2434 verba
3121 2381 3334 2451 singula
3367 2380 3609 2450 diligen-

2021 2486 2103 2530 ter
2130 2473 2531 2544 expendamns,
2568 2480 2629 2527 ut
2654 2473 2869 2528 cunctis
2912 2473 3123 2542 liquido
3165 2483 3427 2543 appareat
3463 2473 3608 2528 veri-

2022 2578 2125 2624 tas.

327 2658 600 2729 εἰρημένα
625 2662 705 2724 είς
741 2663 908 2732 μέσον
943 2663 1258 2735 προθῶμεν,
1293 2659 1586 2718 καὶταῦτα
1643 2661 1787 2717 κατὰ
1822 2660 1970 2726 λέξιν
2003 2659 2254 2732 ἀκριϐῶς
2307 2659 2677 2731 ἐξετάσωμεν,
2733 2659 2802 2714 ἵν’
2849 2660 2884 2714 ὖ
2941 2659 3177 2731 ἀλήθεια
3235 2661 3447 2732 φανερὰ
3494 2663 3612 2726 τοῖς

329 2752 466 2804 πᾶσι
494 2754 741 2822 γένηται.

1031 2895 1222 2951 ΕΦΕΣ.

419 3030 559 3099 Ἐγὼ
592 3031 679 3084 διὰ
707 3032 810 3101 τὴν
843 3032 1111 3102 ἐπιταγὴν
1155 3033 1252 3086 καὶ
1281 3031 1382 3104 τὴν
1431 3031 1626 3103 χρείαν
1657 3031 1762 3103 τῆς
1819 3031 1916 3085 τοῦ

331 3123 571 3194 Χριστοῦ
613 3124 947 3194 Ἐκκλησίας
987 3122 1394 3196 ἀναδεξάμενος
1423 3123 1483 3176 τὸ
1509 3123 1611 3194 τῆς
1641 3125 1918 3195 ἀρχιερω-

227 3214 239 3220 ’
332 3217 502 3286 σύνης
531 3216 936 3289 λειτούργημα,
967 3216 1225 3270 τοσοῦτον
1281 3217 1380 3286 τὴν
1415 3217 1557 3287 ἐμὴν
1614 3215 1775 3282 ἀξίαν
1801 3218 1917 3288 ἅμα

2689 2886 2821 2943 EPH
2831 2886 2936 2944 ES.

2097 3025 2211 3098 Ego
2242 3034 2467 3098 prepter
2493 3023 2811 3078 mandatum
2853 3033 2909 3079 et
2935 3023 3323 3084 necessitatem
3353 3025 3613 3081 Ecclesiae

2024 3119 2232 3175 Christi
2274 3126 2535 3190 suscepto
2567 3118 2872 3188 pentitlcali
2901 3134 3147 3185 munere,
3205 3119 3350 3189 quod
3403 3129 3608 3174 statum

2027 3218 2083 3266 et
2113 3213 2256 3266 vires
2283 3225 2431 3265 meas
2457 3218 2743 3280 tantopere
2766 3220 3017 3280 superat,
3048 3217 3274 3266 secutus
3305 3225 3426 3266 sum
3457 3225 3612 3266 oecu-

330 3307 424 3359 καὶ
456 3307 556 3376 τὴν
584 3287 823 3378 δύναμιν
845 3307 1203 3378 ὑπερϐαῖνον,
1241 3306 1667 3378 ὲπηκολούθησα
1701 3308 1780 3378 τῷ
1833 3287 1915 3362 δι-

2024 3306 2299 3360 menicum
2336 3304 2732 3374 patriarcham,
2770 3311 2824 3358 et
2847 3303 3114 3360 divinitus
3144 3304 3613 3375 datquimpcra-

329 3400 648 3471 κουμενικῷ
680 3404 998 3474 πατριάρχῃ
1032 3402 1126 3454 καὶ
1156 3401 1235 3470 τῷ
1279 3402 1342 3454 ἐκ
1386 3401 1522 3456 Θεοῦ
1550 3402 1920 3473 αὐτοκράτορι

330 3491 472 3563 πρὸς
509 3491 609 3562 τὴν
639 3493 697 3545 ὲν
736 3492 937 3563 Ἰταλίᾳ
973 3493 1214 3546 σύνοδον.

938 3628 1214 3684 ΔΠΟΛΟΓ
1218 3631 1312 3686 1A.

402 3741 614 3807 Πάντες
641 3744 791 3816 οίτῷ
823 3744 933 3798 ἀπὸ
983 3745 1228 3816 Χριστοῦ
1291 3745 1521 3818 ὀνόματι
1581 3742 1915 3816 κεκλημένοι

313 3835 420 3890 ’διὰ
451 3837 552 3906 τὴν
575 3837 846 3909 ἐπιταγὴν
869 3835 972 3908 τῆς
1017 3837 1112 3892 τοῦ
1147 3837 1391 3909 Χριστοῦ
1430 3837 1766 3908 Ἐκκλησίας
1815 3836 1918 3892 οὐκ

331 3929 624 3999 ὀφείλομεν
654 3931 818 3998 μόνον
858 3929 1224 3994 ἀναδέξασθαι
1260 3931 1402 3994 τέως
1455 3930 1574 4001 μετ’
1626 3929 1917 3992 εὐλαϐείας

331 4023 396 4074 τὸ
421 4021 523 4091 τῆς
561 4021 990 4094 ἀρχιερωσύνης
1042 4022 1460 4094 λειτούργημαο
1519 4024 1658 4092 ὅπερ
1689 4023 1784 4077 καὶ
1814 4023 1917 4093 τὴν

334 4113 615 4183 ἡμετέραν
647 4112 808 4178 ἀξίαν
835 4113 932 4166 καὶ
957 4111 1213 4184 δύναμιν,
1254 4113 1333 4178 ὼς
1381 4115 1613 4186 ἔφησας,
1648 4113 1918 4184 ὑπερϐαί-

334 4223 436 4270 νει,
474 4207 567 4259 καὶ
595 4205 755 4259 τοῦτό
795 4208 949 4259 ἐστιν
975 4208 1199 4277 ἀληθὲς,
1234 4209 1405 4280 τιμῆς
1439 4209 1707 4279 μεγίστης
1742 4210 1920 4278 ὑπάρ-

334 4314 427 4368 χον
459 4297 680 4367 ἀξίωμα
702 4314 716 4328 ·
749 4297 886 4351 ἀλλὰ
925 4301 1020 4352 καὶ
1049 4323 1051 4325 ί
1076 4299 1308 4353 θάνατον
1347 4301 1677 4371 ὑπομεῖναι,
1728 4302 1828 4354 καὶ
1869 4303 1924 4354 εἴ

334 4405 386 4440 τι
418 4387 549 4443 ἀλλο
573 4388 686 4441 τῶν
718 4388 1041 4458 ἀναγκαίων
1075 4387 1362 4458 προέσθαι,
1410 4387 1545 4458 βίον,
1606 4387 1790 4458 σῶμα,
1823 4389 1918 4442 καὶ

333 4480 502 4551 αὐτὴν
551 4479 651 4550 τὴν
684 4480 864 4550 ψυχὴν
899 4481 1044 4550 ὑπὲρ
1095 4481 1197 4550 τῆς
1239 4479 1335 4533 τοῦ
1386 4479 1629 4550 Χριστοῦ
1679 4480 1916 4552 Ἐκκλη-

335 4570 457 4634 σίας
478 4588 494 4602 ο
523 4573 622 4626 καὶ
646 4571 1022 4643 ἀκολουθῆσαι
1057 4575 1173 4635 τοῖς
1201 4575 1268 4626 ὲκ
1323 4571 1460 4626 Θεοῦ
1499 4573 1736 4628 δοθεῖσιν
1782 4574 1916 4643 ἡμῖν

2025 3403 2199 3452 torem
2234 3395 2302 3449 ad
2333 3395 2603 3465 synodum
2630 3395 2684 3450 in
2721 3394 2879 3449 ltalia
2907 3395 3266 3452 celebratam.

2613 3633 3019 3694 RESPONSIO.

2093 3748 2298 3804 Omnes
2334 3747 2427 3818 qui
2457 3761 2656 3802 nomen
2685 3746 2912 3803 Christo
2938 3747 3218 3813 dedimus,
3249 3757 3480 3821 propter
3508 3767 3608 3807 ne-

2019 3843 2337 3899 cessitatem
2363 3849 2417 3898 et
2460 3840 2789 3895 mandatum
2835 3841 3096 3896 Ecclesiae
3111 3841 3320 3896 Christi
3353 3860 3462 3898 non
3494 3861 3611 3901 mo-

2019 3938 2091 3992 do
2119 3936 2408 4005 suscipere
2437 3934 2705 3989 debemus
2729 3933 2948 3988 interim
2973 3947 3098 3988 cum
3155 3936 3463 3990 reverentia
3485 3952 3612 3992 mu-

2021 4046 2126 4088 nus
2156 4029 2496 4101 pontificale,
2525 4027 2674 4097 quod
2706 4036 2765 4082 ut
2799 4026 3011 4091 dixisti,
3064 4036 3118 4092 et
3143 4035 3345 4082 statum
3381 4039 3436 4084 et
3465 4028 3612 4085 vires

2022 4133 2243 4179 nostras
2308 4137 2496 4177 revera
2535 4131 2784 4190 superat,
2820 4119 3042 4174 cumsit
3101 4118 3330 4174 horteris
3383 4121 3608 4176 maximi

2020 4215 2300 4286 dignitas;
2373 4213 2467 4268 sed
2501 4223 2554 4266 et
2591 4220 2818 4268 mortem
2897 4219 3179 4281 oppetere,
3239 4220 3295 4266 et
3357 4215 3612 4283 quamvis

2021 4307 2184 4361 aliam
2219 4321 2333 4361 rem
2371 4304 2744 4361 necessariam
2778 4303 3139 4374 profundere,
3196 4319 3351 4374 opes,
3406 4316 3612 4377 corpus

2021 4405 2080 4453 et
2116 4397 2552 4466 ipsamanimam
2609 4409 2709 4464 pro
2747 4394 2953 4448 Christi
3007 4394 3288 4458 Ecclesia;
3333 4405 3389 4448 et
3455 4399 3611 4466 sequi

2021 4501 2320 4543 concessus
2352 4504 2382 4542 a
2415 4489 2526 4542 Dco
2556 4487 2719 4542 nobis
2751 4486 2941 4552 duces,
2977 4486 3323 4557 patriarchas
3343 4498 3399 4540 et
3441 4487 3613 4558 impe-

2021 4589 2262 4641 ratores,
2297 4595 2404 4632 non
2439 4578 2614 4631 solum
2646 4577 2700 4631 in
2749 4577 2987 4640 Italiam,
3013 4591 3136 4647 quae
3191 4577 3375 4631 adhuc
3417 4579 3609 4633 subest

329 4664 590 4733 ἡγεμόσι,
629 4665 914 4734 βασιλεῦσι
942 4667 1040 4718 καὶ
1074 4667 1473 4738 πατριάρχαις,
1534 4666 1598 4719 οὐ
1631 4666 1772 4736 πρὸς
1817 4666 1915 4736 τὴν

2025 4660 2468 4725 Christianorum
2497 4669 2829 4734 dominatui,
2865 4667 2961 4723 sed
2995 4670 3049 4723 in
3097 4677 3374 4722 extremas
3436 4668 3604 4723 etiam

345 4754 578 4806 Ἰταλίαν
616 4755 781 4823 μόνον
807 4755 929 4825 ἥτις
958 4757 1196 4826 ἄρχεται
1247 4757 1402 4827 παρὰ
1458 4757 1807 4826 Χριστιανῶν
1838 4756 1921 4809 ἔτι

335 4842 428 4895 καὶ
452 4843 814 4914 κυϐερνᾶται,
852 4845 990 4901 ἀλλά
1029 4848 1127 4900 καὶ
1161 4849 1242 4911 είς
1274 4847 1346 4901 τὰ
1376 4847 1585 4917 ἔσχατα
1628 4848 1771 4918 μέρη
1820 4846 1921 4917 τῆς

334 4936 686 5007 οἰκουμένης,
712 4938 846 4993 ἔνθα
877 4938 946 4992 ἂν
987 4940 1227 4994 ’ἄπιστοι
1266 4939 1629 5017 κατοικῶσιν,
1687 4939 1773 4992 ἴνα
1830 4956 1921 4994 κει

335 5027 482 5099 νωθῇ
514 5029 578 5082 τὸ
598 5031 694 5083 τοῦ
732 5033 974 5104 σταυροῦ
1007 5033 1424 5104 κήρυγμα,.καὶ
1477 5035 1510 5103 η
1541 5034 1640 5102 τῆς
1682 5031 1920 5103 ἀληθοῦς

339 5119 575 5183 πίστεως
627 5123 891 5192 ὁμολογία
968 5127 1089 5188 ταῖς
1155 5125 1299 5195 βίαις
1353 5125 1744 5196 παραφθαρείη
1802 5126 1914 5180 τῶν

335 5211 585 5279 ἀνηκόων
611 5216 948 5284 αἱρετικῶν·
983 5217 1338 5288 μιμήσασθαι
1401 5221 1505 5271 κᾶν
1561 5217 1737 5286 τούτῳ
1787 5219 1916 5281 τοὺς

335 5306 704 5377 περιϐοήτους
760 5311 1009 5376 ἐκείνους
1053 5314 1166 5365 ,καὶ
1223 5313 1529 5380 μακαρίους
1565 5312 1804 5384 ἀνδρας,
1863 5313 1914 5366 οἶ

336 5397 639 5467 προθύμοις
671 5399 894 5468 ἐξέχεαν
924 5402 988 5455 τὸ
1029 5399 1172 5472 αἷμα
1207 5402 1400 5456 αὐτῶν
1415 5403 1506 5456 διὰ
1537 5404 1636 5472 τὴν
1661 5403 1916 5472 τοῦ-Χρι-

337 5487 466 5539 στοῦ
497 5490 748 5545 καὶθεοῦ
779 5495 938 5564 ἡμῶν
985 5494 1342 5564 Ἐκκλησίαν.
1372 5494 1538 5548 Ὅθεν
1599 5495 1694 5547 καὶ
1749 5499 1815 5548 σὺ
1869 5498 1919 5549 εί

2021 4763 2172 4818 orbis
2206 4773 2474 4817 terrarum
2504 4772 2711 4831 partes,
2746 4776 2886 4831 quas
2920 4761 3180 4815 incolunt
3238 4761 3513 4829 infideles,
3538 4778 3609 4817 ne

2021 4857 2207 4910 crucis
2243 4855 2563 4924 praedicatio
2594 4863 2986 4924 evacuctur,et
3011 4867 3153 4906 verae
3189 4851 3310 4907 fidei
3333 4855 3610 4908 confessio

2020 4948 2430 5002 comutnacium
2480 4948 2870 5002 haereticorum
2931 4947 3140 5016 impetu
3205 4945 3607 5002 labefacretur:

2023 5041 2123 5095 hac
2155 5043 2315 5095 etiam
2351 5042 2404 5094 in
2449 5056 2506 5094 re
2531 5039 2816 5094 imitantes
2850 5045 3068 5093 veteres
3106 5037 3231 5093 illos
3261 5038 3608 5108 percelebres

2024 5148 2089 5187 ac
2121 5133 2310 5188 beatos
2365 5133 2536 5199 viros,
2603 5133 2698 5202 qui
2753 5148 2915 5186 suum
2981 5131 3243 5186 alacriter
3295 5130 3609 5186 effuderunt

2025 5227 2354 5295 sanguinem
2395 5234 2619 5296 propter
2657 5224 3003 5280 Christi'Dei
3060 5226 3238 5281 nostri
3265 5223 3606 5279 Ecclesiam.

2023 5315 2203 5380 Quare
2241 5317 2285 5369 si
2310 5327 2364 5369 tu
2381 5331 2598 5384 quoque
2627 5325 2848 5370 secutus
2866 5331 2949 5382 es,
2976 5314 3157 5370 fecisti
3177 5314 3322 5383 quod
3347 5313 3608 5378 debebas;

2027 5417 2190 5478 atque
2225 5410 2430 5462 utinam
2468 5424 2606 5477 opus
2634 5408 2799 5462 etiam
2841 5408 3192 5478 perfecisscs,
3237 5407 3316 5461 uti
3348 5404 3608 5460 debebas.

2035 5501 2140 5556 Sed
2171 5503 2454 5556 videamus
2477 5516 2598 5570 quae
2628 5511 2954 5571 sequuntur.

339 5585 811 5658 ἐπηκολούθησας,
851 5591 1259 5662 χρεωφειλέτης
1320 5591 1569 5664 ὑπῆρχες
1595 5608 1610 5624 ο
1647 5594 1744 5647 καὶ
1798 5596 1910 5649 είθε
1963 5597 2286 5661 ὲτελείωσσς
2323 5601 2414 5651 καὶ
2451 5599 2614 5669 ἔργον
2635 5597 2711 5662 ὼς
2743 5595 2994 5668 ὢφειλες.
3061 5594 3206 5650 Ἀλλ’
3266 5594 3466 5669 ἴδωμεν
3512 5593 3610 5652 οὖν

337 5693 431 5732 σου
469 5683 566 5734 καὶ
594 5685 662 5735 τά
683 5684 866 5741 λοιπά.

416 5863 430 5892 ³
457 5858 591 5918 Luc.
623 5881 736 5934 χχι,
766 5867 853 5922 15.
