4028 6430
1171 549 1416 607 EPHES.

577 646 734 702 Nulla
791 644 988 710 morbi,
1043 659 1152 714 quo
1194 643 1535 720 laborabam,
1582 645 1798 701 ratione
1860 642 2085 709 habita,

508 755 613 796 nec
643 740 806 794 etiam
844 737 923 792 rei
958 736 1027 791 de
1061 752 1167 807 qua
1216 736 1499 807 agebatur,
1522 754 1647 792 cum
1693 739 1766 792 sit
1821 736 2084 792 momenti

509 833 667 901 longe
697 829 917 884 maximi
941 828 1225 884 diliicultat
1248 830 1705 907 busdeterritus;
1734 830 1829 884 sed
1855 844 2083 899 sperans

506 921 619 977 Deo
655 920 965 1007 faventepet
1013 920 1295 977 conﬁdens
1356 935 1523 991 opera
1569 920 1944 977 communium
1980 921 2083 975 bo-

506 1028 626 1066 rum
653 1020 1012 1082 patronorum
1047 1013 1186 1079 fore,
1227 1024 1287 1069 ut
1319 1013 1502 1068 omnia
1531 1012 1692 1068 nobis
1714 1027 1778 1067 ex
1806 1010 2082 1067 sententia

505 1105 883 1171 succederent,
949 1116 1004 1161 et
1065 1122 1320 1177 magnum
1349 1106 1564 1177 aliquod
1611 1121 1748 1176 opus
1798 1106 2085 1175 perﬁcere-

505 1210 649 1261 mus,
690 1206 745 1250 et
779 1196 1060 1251 laboribus
1095 1198 1301 1252 nostris
1325 1212 1422 1268 spe
1446 1198 1553 1252 neu
1578 1195 1886 1267 indignum.

1197 1290 1395 1345 RESP.

579 1383 823 1439 Debebas
855 1398 914 1439 nt
954 1385 1039 1440 vir
1078 1387 1273 1440 doctus
1293 1401 1357 1440 ac
1394 1386 1634 1454 prudens
1660 1384 1961 1454 corporalis
2004 1384 2083 1438 tui

506 1478 683 1531 morbi
739 1479 1005 1531 rationem
1066 1479 1298 1542 habere,
1362 1476 1457 1546 qui
1518 1477 1786 1531 maximus
1848 1485 1991 1540 erat,
2032 1485 2100 1559 et.

506 1569 695 1624 multis
720 1579 773 1623 te
803 1571 1084 1625 doloribus
1137 1560 1392 1641 angebat.
1445 1570 1742 1625 Testautur
1784 1570 1887 1623 hoc
1937 1572 2086 1625 cives

516 1661 618 1724 tui,
660 1670 986 1732 tuarumque
1018 1661 1336 1719 defensores
1380 1662 1726 1731 opinionum.
1752 1662 2082 1731 Ubicunque

504 1755 654 1808 enim
689 1764 739 1808 te
770 1755 996 1809 morbus
1024 1755 1323 1811 comitialis
1352 1756 1714 1823 exagitasset,
1744 1753 2086 1809 volntabaris

506 1862 732 1914 spumas
770 1847 825 1901 in
849 1863 946 1901 ore
995 1864 1179 1915 agens,
1212 1857 1267 1904 et
1319 1849 1547 1903 moleste
1578 1848 1837 1919 agitatus.
1895 1847 2089 1903 Consi-

507 1939 698 1995 derare
724 1946 897 1994 etiam
923 1941 1161 1996 debebas
1203 1943 1279 1995 rei
1313 1942 1605 2011 proposita:
1631 1941 2080 2010 magnitudinem,

508 2029 572 2082 ad
599 2046 761 2098 quam
788 2046 984 2102 magno
1016 2048 1158 2102 opus
1199 2043 1346 2089 esset
1389 2033 1574 2088 studio
1616 2043 1669 2087 et
1702 2034 1925 2099 pietate,
1982 2049 2086 2090 nec

510 2138 617 2175 non
652 2123 899 2188 scicntia,
925 2124 1282 2196 intelligentia
1315 2136 1369 2181 et
1427 2143 1550 2182 vera
1594 2128 1826 2182 notitia:
1886 2138 1940 2184 et
1958 2134 2085 2184 'om—

507 2215 638 2269 nino
656 2230 810 2271 mens
831 2216 925 2270 tibi
957 2216 1244 2284 dirigenda
1276 2228 1394 2273 erat
1423 2228 1533 2273 tota
1558 2219 1626 2273 ad
1657 2220 1832 2288 ipsum
1881 2221 2083 2274 bomun

504 2315 562 2358 et
591 2318 838 2360 sanctmn
876 2305 1166 2376 Spiritum,
1224 2324 1324 2377 pro
1354 2325 1464 2379 quo
1518 2312 1681 2369 etiam
1723 2325 1851 2366 tunc
1902 2310 2085 2368 Eccle-

506 2396 588 2451 sia
611 2397 927 2452 laborabat:
954 2400 1096 2455 etab
1125 2400 1217 2455 illo
1253 2417 1363 2457 uno
1384 2403 1695 2458 Conciliatio
1751 2414 1802 2458 et
1859 2418 1960 2472 pax
1993 2418 2085 2473 pe-

509 2492 695 2553 tenda,
719 2505 826 2544 non
860 2491 924 2545 ad
953 2502 1198 2545 terrenas
1227 2509 1352 2558 spes
1386 2504 1438 2548 et
1463 2495 1652 2563 gloria:
1698 2496 1877 2550 studia
1904 2506 1960 2550 ct
2010 2497 2086 2551 si-

509 2581 656 2635 milia
681 2582 1069 2637 convertenda.
1112 2583 1323 2638 Etenim
1354 2582 1605 2639 Salrator
1647 2587 1762 2656 ipse
1792 2590 2081 2658 praecepit:

511 2673 746 2736 Quatrite
786 2674 1017 2737 primum
1051 2660 1268 2745 regnum
1306 2675 1416 2741 Dei,
1449 2689 1495 2731 et
1517 2677 1790 2746 justitiam
1838 2679 1978 2748 ejus,
2034 2692 2084 2734 et

507 2766 620 2817 lure
644 2765 823 2818 omnia
848 2763 1170 2833 adjicientur
1200 2766 1365 2822 vobis.
1401 2766 1510 2822 Scit
1540 2771 1681 2823 enim
1718 2770 1888 2823 Pater
1920 2784 2089 2826 vester

507 2856 636 2925 quid
652 2873 782 2924 opus
812 2859 881 2910 sit
906 2858 1073 2925 vobis,
1107 2869 1389 2929 antequam
1413 2861 1607 2928 petatis
1632 2877 1752 2914 eum
1774 2862 1816 2915 ⁸.
1846 2861 1924 2915 Tu
1958 2879 2087 2917 vero

511 2955 755 3000 terrenas
783 2949 1145 3018 cogitationes
1191 2948 1401 3005 intento
1450 2952 1634 3005 animo
1663 2952 1906 3018 volvens,
1957 2970 2080 3023 spc-

508 3053 746 3108 iansqne
800 3040 1045 3095 futurum
1107 3050 1166 3094 ut
1202 3040 1385 3096 Latini
1438 3043 1538 3096 viri
1583 3043 1728 3098 doeti
1781 3053 1833 3099 et
1887 3045 2088 3101 virtute

510 3141 831 3197 prmstautes
859 3140 952 3185 tua
979 3148 1145 3202 opera
1182 3134 1516 3189 sententiam
1552 3147 1847 3205 mutarent,
1871 3138 2088 3208 tuisque

1454 430 1778 495 JOSEPHI
1815 422 2367 493 METHONBNSIS
2397 422 2747 487 EPISlZOPI
3609 421 3728 489 1038

2108 551 2157 609 Δ

2910 538 3059 594 ΦΕΣ.

2910 540 3059 594 ΦΕΣ.

2257 634 2411 708 Miris
2468 635 2573 706 τὴν
2640 540 2910 704 ἑμιιυτοέ³
2943 630 3237 688 ἀσθένειαν
3274 630 3733 702 ὑπολογισάμενος,

2190 730 2332 801 μήτε
2364 731 2425 782 τὸ
2468 724 2565 782 τοῦ
2600 727 2974 798 προκειμένου
3020 727 3350 796 πράγματος
3415 724 3640 795 ἐργῶδές
3686 742 3738 779 τε
3790 761 3797 768 ι

2187 822 2287 876 καὶ
2338 820 2673 893 ὖτιέρογκον,
2733 818 2852 873 ἀλλ’
2907 818 3141 882 ἐλπίσας
3199 817 3296 871 ἐπὶ
3325 816 3467 887 Θεῷ,
3507 815 3600 871 καὶ
3643 819 3743 882 τοῖς

2186 916 2391 981 κοινοῖς
2449 914 2666 979 τούτοις
2723 912 3066 984 προστάταις
3123 908 3561 979 «coniungit;
3590 905 3746 965 ἃπαν-

2186 1027 2255 1064 τα
2305 1010 2438 1079 ἡμῖν
2489 1008 2606 1073 ἕξει
2654 1007 2860 1072 καλῶς,
2908 1006 3005 1060 καί
3036 1024 3091 1061 τι
3153 1003 3585 1074 κατορθώσομεν
3619 1003 3751 1073 μέγα

2188 1102 2419 1158 καὶτῶν
2449 1102 2743 1174 ἡμετέρων
2781 1100 2961 1159 πόνων
2992 1100 3087 1154 καὶ
3124 1099 3234 1155 τῶν
3263 1096 3498 1151 ἐλπίδων
3525 1094 3687 1163 ἄξιον.

2886 1288 3095 1342 ΑΠΟΛ.

2265 1381 2524 1452 Ὠφειλες
2556 1380 2633 1443 ὡς
2675 1380 2841 1448 σοφός
2908 1392 2967 1432 τε
3008 1377 3107 1432 καὶ
3146 1375 3369 1440 συνετὸς
3403 1374 3540 1447 ἀνὴρ
3573 1373 3750 1429 ὑπολο-

2188 1472 2453 1541 γίσασθαι
2475 1472 2576 1543 τὴν
2603 1471 2700 1525 τοῦ
2734 1468 2993 1540 σώματός
3027 1488 3123 1524 σου
3158 1469 3474 1532 ἀσθένειαν,
3504 1469 3749 1537 μεγίστην

2189 1563 2352 1618 οὖσαν
2384 1564 2595 1634 σφόδρα
2644 1581 2704 1617 τε
2768 1562 2867 1617 καὶ
2917 1562 3213 1634 ὀδυνηρὰν·
3273 1559 3614 1632 μαρτυροῦσι
3657 1558 3747 1628 γὰρ

2189 1656 2350 1711 τοῦτο
2382 1657 2431 1710 oi
2461 1656 2683 1710 πολῖταί
2717 1673 2812 1710 σου
2854 1656 2952 1709 καὶ
3003 1655 3315 1726 ὁμόφρονες
3337 1669 3354 1686 ⁸
3382 1652 3512 1705 ἔνθα
3560 1651 3664 1721 γὰρ
3694 1652 3750 1704 ᾶν

2189 1744 2259 1819 ἦν
2297 1747 2613 1802 καταλαϐόν
2666 1762 2726 1800 σε
2772 1745 2835 1799 τὸ
2887 1745 3180 1815 σεληναῖον
3237 1743 3439 1807 πάθος,
3494 1740 3750 1795 ὲκαλινδοῦ

2191 1839 2441 1910 ἀφρίζων
2462 1841 2558 1892 καὶ
2587 1840 3004 1909 ταραττόμενος
3030 1852 3045 1868 ’
3104 1835 3544 1905 ὑπολογίσασθαι
3572 1836 3626 1888 δὲ
3670 1833 3751 1885 καὶ

2191 1933 2285 1987 τοῦ
2317 1931 2691 2003 προκειμένου
2748 1930 3081 2011 πράγματος
3131 1929 3298 2000 ἔργον
3321 1969 3338 1996 ,
3387 1928 3465 1991 ὡς
3504 1927 3643 1996 μέγα
3669 1924 3752 1976 καὶ

2190 2025 2446 2096 μεγάλης
2492 2011 2733 2093 σπουδῆς
2761 2023 2842 2077 ἐτι
2885 2023 2980 2076 καὶ
3009 2021 3303 2085 εὐλαϐείας
3335 2021 3610 2087 δεόμενον,
3672 2034 3750 2069 σο·

2189 2119 2318 2186 φίας
2345 2134 2404 2171 τε
2439 2119 2532 2171 καὶ
2590 2117 2865 2180 συνέσεως
2905 2115 3003 2169 καὶ
3045 2113 3285 2184 ἀληθοῦς
3317 2113 3573 2181 γνώσεως
3604 2124 3618 2140 ο
3669 2109 3750 2161 καὶ

2188 2213 2331 2275 ὅλως
2360 2210 2483 2265 ὅλον
2514 2209 2608 2264 τὸν
2637 2207 2765 2263 νοῦν
2802 2208 2943 2279 πρὸς
3004 2207 3144 2262 αὐτὸ
3184 2206 3429 2276 τάγαθὸν
3474 2203 3569 2258 καὶ
3611 2203 3750 2271 ἅγιον

2190 2303 2419 2372 Πνεῦμα
2448 2302 2595 2375 ὑπὲρ
2620 2301 2681 2356 οὗ
2719 2303 2815 2357 καὶ
2846 2303 2874 2355 ὁ
2904 2301 3059 2371 ἁγὼν
3114 2295 3185 2373 ἦν
3224 2301 3354 2355 τότε
3396 2301 3493 2371 τῆς
3543 2296 3751 2364 Ἐκκλη-

2190 2399 2336 2461 σίας,
2369 2397 2660 2464 ἐκτείνειν,
2697 2395 2795 2449 καὶ
2826 2393 2961 2462 παρ’
2979 2394 3192 2448 ἐκείνου
3237 2394 3407 2464 μόνου
3437 2391 3536 2463 τὴν
3575 2390 3751 2444 ἕνωσιν

2188 2490 2285 2543 καὶ
2309 2490 2410 2559 τὴν
2463 2489 2697 2559 είρήνην
2727 2489 2906 2541 αἰτεῖν
2930 2503 2945 2516 ·
2982 2487 3079 2542 καὶ
3101 2487 3162 2540 οὐ
3205 2486 3349 2558 πρὸς
3395 2484 3613 2547 ἐλπίδας
3646 2483 3753 2535 ἐντι.⁸

2188 2586 2373 2651 γείους
2428 2584 2526 2636 καὶ
2586 2579 2746 2645 δόξας
2808 2582 2905 2635 καὶ
2940 2579 3077 2634 ἄλλα
3106 2577 3409 2648 ὅμοιαοτδν
3448 2574 3569 2631 νοῦν
3603 2589 3752 2646 μετα-

2192 2675 2471 2744 στρέφειν.
2493 2672 2700 2737 ..Αὐτδς
2729 2671 2843 2744 γὰρ
2874 2674 2902 2727 ὁ
2928 2671 3123 2744 Σωτὴρ
3167 2671 3504 2725 ὲνετείλατο’
3535 2666 3752 2735 Ζητεῖτε

2189 2765 2425 2834 πρῶτον
2446 2766 2565 2833 τὴν
2586 2766 2927 2831 βασιλείαν
2968 2764 3076 2820 τοῦ
3097 2763 3252 2820 Θεοῦ
3290 2765 3393 2819 καί
3422 2764 3537 2830 τὴν
3551 2763 3751 2816 δικαιο-

2190 2857 2392 2922 σύνην
2423 2855 2633 2922 αὑτοῦ,
2669 2855 2767 2909 καί
2805 2855 2997 2909 ταῦτα
3037 2853 3240 2909 πάντα
3292 2852 3749 2924 προστεθήσεται

2190 2945 2364 3015 ὑμῖν·
2407 2941 2536 2999 οἶδε
2571 2947 2684 3014 γὰρ
2733 2948 2767 2999 ὀ
2794 2945 3000 3012 Πατὴρ
3030 2943 3202 3013 ὑμῶν
3244 2937 3338 2999 ὧν
3372 2945 3581 3015 χρείαν
3603 2941 3752 3010 ἔχετε

2191 3037 2306 3106 πρὸ
2339 3035 2447 3090 τοῦ
2473 3035 2633 3106 ὑμᾶς
2666 3035 2992 3106 αίτεῑσθαι.
3033 3036 3108 3089 Σὺ
3149 3035 3207 3090 δὲ
3259 3038 3409 3108 πρὸς
3438 3035 3508 3089 τὸ.
3554 3031 3751 3101 ἐπίγεια

2192 3132 2468 3203 ἐπιμελῶς
2495 3132 2586 3185 τὸν
2617 3128 2745 3185 νοῦν
2772 3130 2940 3203 ἔχων,
2974 3130 3221 3194 καὶτοὺς
3271 3131 3543 3193 Λατίνους
3578 3124 3754 3195 σοφούς

509 3222 815 3279 rationibus
846 3226 1107 3279 cederent
1131 3241 1147 3291 ;
1169 3235 1332 3295 atque
1357 3242 1388 3281 a
1414 3228 1669 3299 Symbolo
1698 3246 1881 3283 vocem
1912 3230 2083 3297 illam,

2194 3240 2251 3277 τε
2278 3224 2374 3277 καὶ
2400 3223 2687 3291 γενναίους
2714 3223 2879 3285 ὂντας
2902 3223 3105 3293 ἄνδρας
3136 3222 3509 3292 μεταπείσειν
3537 3215 3752 3280 ἐλπίζων

509 3310 777 3384 Filioque,
832 3325 890 3395 ut
942 3315 1135 3372 falsam
1191 3329 1599 3389 expunget-ent;
1652 3330 1707 3376 et
1776 3321 2086 3378 Occidentis

2195 3316 2477 3386 ὑποκύψαι
2507 3319 2621 3381 τοῖς
2645 3315 2851 3385 λόγοις,
2880 3313 2978 3368 καὶ
2998 3315 3099 3386 τὴν
3131 3314 3264 3369 Υἰοῦ
3298 3315 3491 3385 φωνὴν
3514 3312 3585 3372 ὡς
3599 3306 3752 3380 ψευδῆ

509 3408 784 3476 principes
820 3423 947 3462 cum
974 3411 1087 3466 suis
1119 3412 1472 3469 terrestribus
1503 3415 1674 3483 copiis
1709 3425 1763 3471 te
1791 3427 2087 3487 sequentes

508 3498 710 3553 bellum
744 3515 869 3554 cum
898 3503 1083 3575 impiis
1115 3503 1312 3561 Turcis
1365 3507 1709 3578 susciperent
1755 3510 1894 3579 (lucc
1940 3510 2087 3566 enim

510 3606 638 3659 spes
669 3601 783 3648 erat
838 3610 1097 3651 curarum
1157 3598 1517 3683 laborumque
1570 3612 1817 3668 tuorum,
1864 3621 1970 3660 non
2031 3613 2090 3659 ut

512 3686 794 3739 veritatem
820 3683 1095 3756 dogmatis
1117 3688 1433 3760 indagares,
1471 3702 1526 3746 et
1548 3695 1807 3750 ecclesias
1862 3684 2090 3766 conjun-

510 3791 666 3844 geres
698 3784 852 3832 tanto
900 3778 1012 3848 jam
1074 3788 1320 3850 tempore
1375 3782 1723 3856 disiunctas),
1786 3768 1982 3841 uenisti
2033 3785 2087 3841 in

509 3869 734 3927 italiam.
773 3870 830 3925 Si
865 3873 1010 3926 enim
1050 3874 1147 3927 tibi
1171 3874 1391 3945 tuisque
1433 3890 1635 3945 scOpus
1660 3878 1748 3932 bic
1764 3880 2086 3942 exstitisset,

508 3963 805 4017 subsecuta
844 3980 1061 4035 quoque
1126 3977 1315 4022 essent
1372 3969 1803 4036 consequentia;
1841 3980 1897 4023 at
1960 3986 2089 4025 vero

507 4067 628 4119 cum
662 4064 717 4107 tu
764 4055 881 4122 ipse
916 4058 1102 4125 tuique
1151 4073 1408 4128 perversa
1453 4072 1637 4114 mente
1686 4060 1927 4127 fueritis,
1960 4078 2089 4132 pro-

509 4146 652 4202 iecto
676 4149 857 4201 omnia
900 4163 1152 4218 perverse
1190 4152 1489 4206 subsecuta
1535 4162 1686 4208 sunt.
1718 4153 1788 4208 Et
1817 4155 1933 4211 haec
1963 4156 2086 4227 qui-

506 4237 629 4291 dem
660 4237 726 4290 ad
747 4236 869 4302 illa;
905 4238 1188 4295 videamus
1207 4250 1263 4296 et
1283 4242 1540 4314 deinceps
1572 4245 1770 4315 posita.

1169 4420 1412 4478 EPIIES.

578 4510 648 4568 Ut
678 4529 805 4569 vero
838 4512 967 4570 illuc
1001 4512 1232 4584 proiecti
1269 4518 1454 4572 statim
1503 4519 1716 4586 experti
1751 4534 1947 4576 sumus
1982 4494 2086 4575 La?

2191 3410 2416 3479 ἀφελεῖν
2444 3410 2555 3465 ἀπὸ
2585 3408 2679 3462 τοῦ
2733 3407 3032 3478 συμϐόλου,
3070 3407 3167 3460 καὶ
3222 3407 3358 3473 τοὺς
3407 3407 3509 3476 τῆς
3561 3403 3752 3458 Δὺσεως

2190 3502 2459 3566 αὐθέντας
2498 3499 2944 3571 ἐπακολουθῆσαί
2969 3516 3053 3554 σοι
3089 3499 3179 3553 διὰ
3209 3500 3390 3571 ξηρᾶς
3437 3498 3609 3555 ἐλθεῖν
3630 3490 3753 3549 κατά

2191 3596 2302 3649 τῶν
2329 3595 2508 3649 ἀθέων
2541 3594 2807 3664 Τούρκων
2830 3596 2845 3612 ⁸
2878 3591 3053 3646 ταῦτα
3082 3592 3192 3664 γὰρ
3222 3591 3388 3657 ἐλπὶς
3430 3590 3540 3646 τῶν
3584 3587 3751 3642 κόπων

2193 3707 2289 3743 σου
2325 3690 2423 3744 καὶ
2458 3688 2568 3743 τῶν
2591 3687 2774 3741 πόνων
2817 3681 2910 3756 ἦν,
2959 3686 3058 3739 καὶ
3082 3685 3146 3740 οὗ
3188 3686 3289 3755 τὴν
3328 3685 3591 3756 ἀλήθειαν
3618 3679 3753 3749 ἔρευ-

2190 3783 2356 3854 νῆσαι
2381 3782 2476 3836 τοῦ
2512 3774 2792 3852 δόγματος
2814 3783 2911 3833 καὶ
2939 3780 3140 3834 ὲνῶσαι
3174 3779 3274 3842 τὰς
3316 3775 3646 3847 Ἐκκλησίας
3669 3785 3749 3823 τοο

2194 3874 2387 3931 σοῦτον
2407 3875 2511 3946 ήδη
2543 3873 2740 3946 χρόνον
2778 3873 3167 3944 διεσχισμένας
3194 3871 3471 3943 ἀλλήλων,
3503 3865 3662 3941 ἦλθες
3680 3862 3750 3924 εἰς

2204 3967 2455 4021 Ἰταλίαν.
2495 3966 2560 4021 Εἰ
2593 3967 2702 4035 γὰρ
2732 3966 2868 4035 πρδς
2899 3965 3062 4018 τοῦτό
3092 3982 3177 4019 σοι
3222 3967 3251 4018 ό
3285 3964 3493 4026 σκοπὸς
3526 3959 3615 4014 καὶ
3655 3953 3751 4009 τῶν

2191 4060 2390 4126 ἄλλων,
2423 4056 2869 4126 ἐπηκολούθησεν
2923 4057 2990 4110 ἂν
3031 4056 3102 4110 τὰ
3150 4056 3403 4125 ἑπόμενα
3427 4071 3442 4088 ’
3475 4050 3567 4105 σοῦ
3587 4049 3641 4103 δὲ
3671 4043 3751 4099 καὶ

2189 4151 2298 4204 τῶν
2353 4149 2494 4220 μετὰ
2568 4148 2667 4201 σοῦ
2723 4149 3177 4219 διεστραμμένων
3244 4147 3424 4202 ὄντων
3469 4144 3558 4199 τὸν
3603 4134 3748 4195 νοῦν,

2189 4240 2639 4311 διεστραμμένως
2658 4274 2663 4281 ι
2684 4239 2856 4304 ὅντως
2888 4239 3338 4313 ἐπηκολούθησεν
3392 4240 3624 4294 ἅπαντα.
3654 4223 3750 4282 Καὶ

2189 4332 2364 4388 ταῦτα
2400 4332 2538 4403 πρὸς
2568 4333 2756 4385 ἐκεῖνα
2790 4332 2990 4402 ἴδωμεν
3028 4332 3085 4386 δὲ
3121 4332 3221 4386 καὶ
3239 4330 3309 4385 τὰ
3340 4330 3557 4401 ἑφεξῆς.

2869 4424 3061 4480 ΕΦΕΣ.

2274 4520 2433 4575 Ἐπεὶ
2460 4520 2516 4574 δὲ
2559 4519 2799 4577 ἐνταῦθα
2842 4518 3129 4590 γενόμενοι
3162 4517 3273 4572 τῶν
3302 4517 3548 4573 Λατίνων
3607 4505 3750 4566 εὐθὺς

510 4606 653 4659 tinos
686 4605 846 4660 aliter
906 4607 1195 4663 uobiscum
1260 4625 1421 4680 agere
1477 4626 1642 4681 quam
1701 4613 2084 4683 sperabamus,

2192 4614 2571 4684 ἐπειράθημεν
2617 4613 2796 4679 ἄλλως
2841 4612 2978 4682 ἡμῖν
3009 4609 3489 4682 προσενεχθέντων
3529 4602 3653 4673 ῆὼς
3669 4594 3750 4666 il)“

507 4697 793 4754 cetilestitti
830 4699 1048 4768 quidem
1091 4700 1253 4755 nobis
1298 4702 1614 4772 desperatio
1657 4704 1782 4760 linis
1809 4706 2084 4762 obvenit:

506 4797 562 4841 et
592 4803 759 4858 prepc
794 4792 920 4860 quis
950 4800 1185 4846 stantem
1221 4792 1301 4847 sic
1333 4802 1416 4849 est
1449 4795 1667 4850 aﬂ'arier
1698 4806 1859 4852 orsus
1888 4813 1905 4854 :
1933 4795 2090 4853 Haud

473 4894 640 4949 .sanc
682 4882 933 4938 homines
966 4883 1059 4936 isti
1092 4899 1274 4939 mores
1307 4901 1440 4940 suos
1474 4896 1529 4941 et
1557 4888 1810 4957 dogmata
1861 4889 1968 4944 ulla
2020 4905 2086 4945 ex

507 4979 663 5041 parte
694 4971 971 5042 patientur
1003 4973 1310 5042 immutari,
1343 4977 1438 5048 qui
1470 4986 1679 5033 tantum
1704 4978 1867 5036 nobis
1897 4995 2092 5049 super—

506 5064 693 5119 cilium
727 5065 1111 5121 ostenderunt.

1186 5161 1383 5218 RESP.

577 5249 851 5321 Expertus
875 5264 938 5306 es
982 5266 1041 5305 re
1069 5252 1209 5322 ipsa,
1247 5253 1393 5323 quod
1432 5263 1496 5307 ut
1526 5253 1798 5325 incipiens
1830 5269 1941 5309 non
1976 5270 2090 5325 pn—

508 5343 697 5409 tabas;
728 5343 1087 5399 existimabas
1110 5347 1257 5399 enim
1292 5358 1346 5399 tu
1370 5343 1597 5401 Latinos
1618 5362 1742 5402 esse
1763 5345 2089 5414 ineruditos,

507 5446 671 5503 atque
707 5438 781 5491 ita
816 5439 1061 5493 futurum
1096 5449 1156 5493 ut
1193 5439 1274 5494 eis
1304 5447 1665 5510 persuaderes
1694 5442 1887 5496 audire
1916 5450 1968 5496 te
2001 5457 2094 5496 ve-

507 5525 587 5578 lut
622 5527 872 5585 indoctos
905 5549 919 5585 :
954 5542 1012 5586 at
1044 5530 1138 5586 ubi
1187 5542 1375 5605 contra
1411 5549 1576 5603 quam
1632 5535 1894 5604 sperabas
1935 5548 2089 5588 com-

510 5615 718 5684 perisd,
752 5621 1013 5692 aufugere
1039 5623 1168 5679 inde
1200 5623 1442 5693 voluisti,
1476 5627 1870 5696 pertimescens
1902 5627 2092 5693 dispu-

509 5711 732 5765 tatiouis
761 5726 1061 5772 certamen.
1092 5715 1379 5798 Clamabat
1420 5720 1567 5776 enim
1621 5722 1800 5790 palam
1850 5716 2092 5777 Joannes

582 5891 603 5923 ²
633 5887 831 5946 Matth.
866 5906 942 5959 νι,
980 5892 1075 5962 '59.,
1108 5895 1201 5949 55.

2133 5077 2136 5080 ’
2193 5076 2327 5145 οχὴν
2350 5075 2483 5145 ἡμῖν
2511 5072 2940 5143 ἐνδεικνύμενοι.

2191 4708 2447 4776 πίζομεν,
2481 4706 2647 4768 εὐθὺς
2667 4707 2768 4775 μὲν
2791 4706 2924 4775 ἡμῖν
2946 4701 3265 4771 ἀπογνῶναι
3299 4702 3396 4756 τοῦ
3429 4699 3614 4758 τέλους
3631 4706 3739 4744 συν-

2192 4801 2360 4853 έπεσε
2381 4815 2395 4831 ·
2440 4800 2535 4854 καί
2567 4816 2649 4861 τις
2674 4799 2834 4867 ήμῶν
2858 4798 3126 4851 εἴπεσκεν
3151 4793 3287 4849 ἰδὼν.
3313 4797 3398 4859 εἰς
3426 4780 3747 4881 nitidior-511‘

2192 4892 2286 4945 λον
2305 4907 2320 4923 ο
2347 4892 2522 4963 Σχολῇ
2553 4891 2606 4959 γ’
2638 4890 2706 4945 ἂν
2738 4892 2788 4944 οἱ
2820 4890 3013 4959 ἄνδρες
3037 4886 3188 4942 οὗτοι
3227 4887 3337 4943 τῶν
3376 4884 3590 4940 οἰκείων
3620 4873 3745 4927 ὲθῶν

2192 4999 2248 5037 τι
2278 4985 2377 5037 καὶ
2411 4982 2702 5052 δογμάτων
2738 4981 3206 5051 παρακινήσαιεν,
3229 4980 3280 5034 oi
3302 4974 3569 5055 sedatith
3596 4967 3742 5030 ὕπιίν

2879 5168 3090 5221 ΑιιοΑ.

2281 5258 2616 5331 Ἐπειράθης
2643 5258 2814 5329 ἔργῳ,
2846 5256 2875 5310 ὃ
2923 5258 3023 5328 οὐχ
3055 5255 3441 5326 ὑπελάμϐανες
3474 5250 3547 5310 ὡς
3573 5235 3743 5331 ἀσῑξνυ

2199 5369 2313 5417 τος,
2345 5352 2418 5406 Σὺ
2443 5324 2548 5420 μὲν
2720 5324 2831 5421 ᾤου
2858 5324 3290 5414 τοὺς-*Λατίνους
3346 5344 3601 5414 ἀπείρους
3622 5324 3741 5389 εἷνβί

2200 5446 2418 5514 σοφίας,
2453 5446 2550 5498 καὶ
2587 5442 2732 5496 οὕτω
2760 5442 2975 5497 πείσειν
3018 5426 3221 5506 αὐτοὺς
3250 5442 3325 5504 ὼς
3352 5432 3582 5510 ἀμαθεῖς
3618 5422 3739 5514 ὑφ’

2198 5511 2399 5589 κοῦσαι
2432 5536 2539 5590 σοί.
2584 5535 2741 5590 Ἐπεὶ
2776 5534 2835 5587 δὲ
2852 5533 3031 5597 ἄλλως
3063 5531 3228 5603 εὗρες
3253 5534 3287 5603 ἢ
3316 5528 3393 5594 ὡς
3421 5528 3486 5582 σὺ
3517 5511 3737 5603 ἧλπίςδῆ

2199 5629 2500 5699 ὲόουλήθης
2550 5628 2763 5681 ἐκεῖθεν
2807 5629 3023 5696 φυγεῖν,
3086 5596 3182 5680 τόν
3222 5596 3411 5694 ἀγῶνα
3443 5619 3540 5687 τῆς
3584 5596 3739 5659 δωλέ⁴

2202 5723 2340 5790 Esto;
2371 5698 2677 5785 δειλιάσας.
2745 5721 2910 5791 Ἐὁόα
2963 5719 3075 5795 γὰρ
3119 5710 3462 5795 παρρησιᾳὸ
3515 5698 3738 5760 Ἰωάννης
