4028 6412
388 308 530 372 1033

1416 310 1853 372 liEFUTATlO
1897 308 2136 371 MARCI
2178 309 2567 373 EPlIESlNl.

3502 315 3636 378 1031

377 427 475 480 νῦν
502 426 603 480 οὐκ
659 425 972 480 ἐπαύσαντο
1027 423 1207 478 πάντα
1271 423 1420 480 λίθον
1476 428 1755 490 κινοῦντες
1812 426 1945 480 κατᾶ

2062 440 2278 479 omnem
2312 441 2528 481 movere
2566 424 2823 495 lapidem,
2859 435 2913 481 et
2955 426 3183 482 dicenda
3218 428 3557 498 tacendaque
3583 433 3634 484 in

375 520 651 582 Λατίνων,
686 521 782 573 καὶ
810 522 950 591 ῥητὰ
984 522 1080 573 καὶ
1111 521 1331 592 ἄρρητα
1362 522 1485 575 κατ’
1540 522 1721 580 αὐτῶν
1752 524 1908 591 ὲμεῖν
1940 536 1955 552 ⁸

374 613 471 666 καὶ
504 610 629 665 οὗτε
686 613 848 681 φόϐῃ
902 613 1061 676 Θεοῦ,
1097 612 1223 667 οὔτε
1272 612 1624 684 πολυχρόνιος
1664 614 1957 680 ἔνστασις,

371 705 499 759 οὔτε
528 704 750 769 σύνοδος
777 706 1157 777 οἰκουμενικὴ,
1193 705 1308 761 οὔτ’
1334 707 1475 775 αὐτὴ
1513 708 1547 777 ή
1579 707 1813 777 ἀλήθεια
1829 708 1958 777 ἠδυ-

382 800 514 868 νήθη
550 800 741 851 πεῖσαι
774 797 1000 861 αὐτούς.
1042 799 1440 867 ’Δπελογοῦντο
1486 799 1544 853 δέ
1582 816 1666 852 σοι
1711 800 1804 854 διὰ
1859 798 1956 853 τοῦ

381 893 818 963 ἀρχιεπισκόπου
871 891 1080 958 Ῥόδου,
1107 893 1423 956 δεικνύντες
1450 892 1623 963 ψευδῆ
1654 886 1957 963 εἷναιᾶπερ

375 986 581 1050 ἔλεγες·
605 985 679 1048 ὡς
695 986 795 1055 οὐχ
816 987 850 1056 ή
886 986 1183 1056 Ἐκκλησία
1199 987 1299 1057 τῆς
1327 986 1570 1058 Ῥώμης,
1595 986 1705 1040 οὐδ’
1728 988 1759 1056 ἡ
1787 1004 1955 1056 προσ-

378 1075 523 1146 θήκη
553 1075 706 1130 αἰτία
746 1079 844 1146 τῆς
871 1076 1193 1146 διαιρέσεὼς
1212 1095 1272 1131 τε
1297 1078 1391 1133 καὶ
1414 1079 1594 1149 μάχης
1616 1074 1705 1149 ἦν’
1740 1078 1873 1132 διότι
1892 1078 1953 1131 οὐ

375 1170 542 1238 μόνον
565 1169 672 1237 πρὸ
693 1169 993 1240 σχίσματος
1031 1169 1144 1223 τῶν
1185 1171 1493 1241 ἐκκλησιῶν
1516 1174 1574 1224 ιν
1595 1171 1673 1239 τῷ
1694 1170 1954 1242 Συμϐόλῳ

374 1262 408 1331 ή
430 1259 720 1330 προσθήκη
748 1261 933 1328 ἐτέθη,
969 1260 1106 1314 ἀλλὰ
1135 1262 1229 1314 καὶ
1270 1263 1376 1332 πρὸ
1409 1261 1520 1320 τῶν
1551 1262 1954 1331 οἱκουμενικῶν

373 1351 634 1416 συνόδων,
673 1352 772 1421 τῆς
796 1352 1035 1423 ἑϐδόμης
1065 1354 1211 1424 φημὶ
1246 1356 1338 1409 καὶ
1373 1357 1471 1425 τῆς
1503 1356 1690 1427 ἕκτης,
1723 1358 1797 1419 ὡς
1813 1373 1953 1430 μαρ-

371 1444 581 1512 τυρεῖὸ
612 1442 955 1512 δμολογητὴς
1008 1444 1264 1513 Μάξιμος
1312 1445 1371 1498 ἰν
1401 1447 1466 1515 τῇ
1526 1446 1663 1517 πρὸς
1706 1448 1952 1515 Μαρτνον

369 1534 461 1586 τὸν
525 1534 901 1606 πρεσϐύτερον
960 1538 1190 1607 Κύπρου
1239 1538 1542 1607 ἐπιστολῇ·
1598 1540 1696 1593 καὶ
1729 1540 1792 1592 ού
1843 1541 1952 1611 πρὸ

373 1626 584 1680 τούτων
643 1627 829 1697 μόνον,
874 1628 949 1691 ὡς
1006 1630 1248 1699 εῐρηται,
1297 1629 1410 1682 ἀλλ’
1439 1631 1602 1694 εὐθὺς
1653 1631 1792 1702 μετὰ
1847 1633 1949 1703 τὴν

369 1718 633 1788 δευτέραν
690 1718 908 1773 σύνοδον
954 1720 1013 1772 ἐν
1065 1720 1144 1790 τῷ
1205 1719 1380 1791 καιρῷ
1423 1721 1684 1791 Δαμάσου
1722 1723 1948 1791 πάππα,

370 1810 445 1872 ὡς
474 1812 746 1881 μαρτυρεῖ
770 1810 1049 1882 Γεώργιος
1078 1812 1382 1881 ’Δριστινδς
1408 1816 1436 1867 ὁ
1466 1815 1758 1883 ἱστορικός.
1785 1816 1951 1870 Ὥστε

370 1903 622 1977 ἐντεῦθεν
661 1903 1019 1973 ἐλεγχόμενος
1048 1903 1217 1976 φαίνῃ
1262 1905 1430 1975 μηδὲν
1470 1904 1674 1977 ἀληθὲς
1708 1906 1891 1975 λέγων
1924 1922 1939 1938 ο

376 1975 496 2048 ἀλλ’
512 1996 623 2050 οὐδ’
674 1996 1023 2067 ήπροσθήκη
1075 1975 1299 2064 γέγονεν
1340 1997 1492 2052 αἰτία
1521 1997 1618 2051 τοῦ
1677 1999 1954 2072 διαιρεθῆ-

372 2105 462 2142 ναι
521 2088 619 2151 τὰς
672 2087 991 2157 ἐκκλησίας.
1027 2088 1092 2142 Εἰ
1147 2088 1246 2157 μὲν
1308 2088 1420 2160 γὰρ
1467 2089 1527 2143 τὸ
1571 2091 1778 2160 σχίσμα
1833 2091 1952 2144 ἐστὶ

374 2179 515 2249 μετὰ
543 2179 643 2249 τὴν
690 2180 928 2250 ἑϐδόμην
954 2179 1197 2241 σύνοδον.
1245 2182 1344 2233 καὶ
1375 2180 1556 2251 πολλῷ
1593 2182 1766 2236 πλείω
1797 2182 1952 2237 ὕστε-

374 2291 467 2343 ρον
499 2272 728 2341 ταύτης,
762 2275 797 2342 ή
821 2274 880 2327 δὲ
915 2273 1207 2343 προσθήκη
1241 2273 1350 2326 ἀπὸ
1381 2277 1480 2343 τῆς
1505 2274 1764 2345 δευτέρας
1790 2276 1949 2343 γέγο-

370 2381 485 2429 νεν,
514 2367 570 2418 αἱ
597 2365 641 2418 δ’
670 2365 956 2435 ἐκκλησίαι
990 2367 1268 2436 ἡνωμέναι
1321 2360 1460 2435 ἦσαν
1493 2366 1657 2436 μέχρι
1721 2366 1814 2420 καὶ
1851 2367 1950 2436 τῆς

368 2457 627 2528 ἑϐδόμης,
677 2460 771 2511 καὶ
816 2458 920 2512 οὐκ
952 2457 1245 2512 ἐνεκάλουν
1282 2458 1545 2528 ἀλλήλαις
1581 2458 1770 2512 ἕνεκεν
1824 2458 1949 2512 τού-

368 2568 466 2604 του
490 2568 504 2581 ·
540 2552 653 2615 πῶς
684 2553 716 2621 ἡ
757 2550 1052 2622 προσθήκη
1077 2550 1227 2604 αἰτία
1258 2551 1451 2619 γέγονε
1483 2551 1582 2621 τῆς
1603 2552 1948 2621 διαιρέσεως;

367 2643 586 2698 Μᾶλλον
639 2644 696 2697 δὲ
745 2643 1028 2698 δείκνυται
1089 2643 1200 2696 ἀπὸ
1257 2644 1492 2707 τούτου,
1559 2645 1644 2697 ὅτι
1702 2643 1949 2714 ἐδέχοντο

365 2736 417 2788 οι
453 2735 764 2791 ἅνατολικοὶ
814 2736 913 2805 τήν
951 2734 1257 2806 σαφήνειαν
1284 2734 1512 2806 ταύτην,
1569 2734 1759 2805 ἑπιιδὴ
1802 2734 1953 2803 ὠμο-

367 2830 522 2882 νόουν
573 2824 1040 2897 προστεθειμένου
1061 2829 1120 2882 ὲν
1142 2826 1223 2897 τῷ
1276 2826 1540 2897 Συμϐόλῳ
1573 2827 1669 2881 καὶ
1707 2827 1826 2893 τοῦ,
1877 2829 1947 2881 ἐκ

370 2921 477 2975 τοῦ
512 2921 670 2976 Υιοῦ.
993 2920 1001 2926 ’

1058 3017 1247 3071 ΕΦΕΣ.

445 3106 675 3159 Ἔπειτα
729 3120 870 3159 κατα
907 3106 1007 3170 τὰς
1066 3108 1266 3177 ἑφεξῆς
1318 3108 1665 3174 συνιλιύσιις
1720 3127 1945 3181 προχει-
1974 3145 2020 3206 ρ

2062 516 2184 572 illos
2215 533 2467 573 evomere
2498 536 2512 573 :
2545 528 2599 573 et
2634 533 2745 573 .nec
2792 518 2883 572 Dei
2946 520 3127 587 timor,
3167 535 3343 590 neque
3383 520 3634 575 diuturna

2061 607 2361 673 contentio,
2415 622 2517 664 nec
2567 609 2809 679 synodus
2848 609 3211 672 meumenica,
3272 624 3374 663 nec
3434 611 3634 666 veritas

2060 701 2177 771 ipsa
2206 701 2537 770 persuadere
2572 700 2680 756 illis
2713 701 2911 767 potuit.
2951 699 3058 756 Pro
3094 716 3191 755 sua
3231 716 3397 771 porro
3443 702 3631 758 defen-

2058 793 2213 848 sione
2248 791 2647 861 respondebant
2676 790 2769 845 tibi
2800 792 3389 862 per'archiepiscopum
3430 793 3632 864 Rhodi,

2059 884 2192 939 falsa
2219 900 2345 940 esse
2400 884 2751 940 ostendentes
2783 898 2905 953 quae
2934 884 3151 940 dicebas
3182 903 3196 939 :
3230 886 3376 956 quod
3425 902 3632 958 nequa-

2055 991 2220 1047 quam
2268 974 2509 1031 Ecclesia
2543 974 2811 1041 Romana,
2846 991 2946 1029 nec
3000 976 3428 1032 additamentum
3479 980 3634 1047 origo
3686 1040 3689 1049 λ

2058 1069 2223 1125 fuerit
2254 1068 2541 1124 divisionis
2569 1078 2623 1124 et
2649 1084 2875 1139 pugnae;
2917 1083 3092 1139 neque
3128 1070 3272 1125 enim
3302 1072 3480 1127 solum
3505 1083 3632 1127 ante

2056 1160 2294 1217 schisma
2359 1161 2715 1217 ecclesiarum
2777 1164 3085 1233 appositum
3131 1177 3249 1219 erat
3319 1166 3579 1237 Symbolo
3611 1207 3628 1232 .

2057 1254 2155 1308 sed
2176 1261 2303 1308 ante
2325 1252 2474 1323 ipsas
2502 1253 2741 1324 synodos
2771 1256 3160 1320 meumenicas,
3196 1258 3481 1328 septimam
3504 1260 3628 1314 dico

2053 1354 2108 1400 et
2157 1352 2394 1410 sextam,
2435 1352 2497 1398 ut
2548 1352 2782 1399 testatur
2813 1344 3098 1401 confessor
3133 1347 3399 1404 Maximus
3426 1349 3478 1402 in
3514 1351 3632 1419 epi-

2054 1438 2195 1494 stola
2234 1439 2301 1493 ad
2330 1436 2596 1493 Marinum
2628 1438 3007 1509 presbyterum
3038 1441 3295 1512 Cyprium
3333 1459 3348 1497 :
3380 1458 3481 1498 nec
3508 1455 3633 1499 ante

2055 1531 2175 1585 illas
2213 1537 2444 1596 tantum,
2484 1537 2546 1584 ut
2590 1529 2794 1585 dictum
2844 1542 2949 1597 est,
2997 1533 3092 1588 sed
3138 1548 3264 1590 mox
3310 1550 3343 1589 a
3388 1535 3630 1592 secunda

2055 1623 2261 1693 synodo
2296 1632 2543 1693 tempore
2571 1637 2726 1698 papae
2759 1623 2997 1694 Damasi,
3030 1635 3090 1682 ut
3115 1629 3323 1685 asserit
3366 1627 3632 1702 Georgius

2054 1720 2335 1776 Aristinus
2372 1716 2684 1774 historicus.
2714 1718 2894 1775 Ouare
2935 1720 3064 1777 hinc
3097 1723 3442 1795 redargueris
3478 1740 3632 1781 com-

2053 1815 2300 1871 mentitia
2324 1818 2507 1874 dicere
2532 1836 2546 1872 :
2581 1834 2760 1889 neque
2792 1820 2938 1875 enim
2959 1820 3387 1877 additamentum
3411 1835 3632 1876 causam

2053 1907 2205 1963 dedit
2234 1910 2601 1979 sejunctionis
2637 1913 3019 1969 ecclesiarum.
3049 1913 3187 1969 Nam
3236 1914 3283 1969 si
3334 1925 3457 1985 post
3509 1931 3631 1985 sep-
3707 1942 3719 1957 -

2057 2000 2244 2055 limam
2276 2003 2542 2072 synodum
2591 2016 2840 2061 exortum
2884 2016 2968 2061 est
3035 2006 3297 2075 schisma,
3356 2015 3411 2062 et
3460 2007 3632 2063 multo

2051 2094 2215 2148 etiam
2242 2104 2325 2150 est
2354 2080 2443 2149 illa
2482 2099 2778 2167 posterius,
2821 2099 3065 2155 additum
3096 2114 3226 2155 vero
3272 2099 3452 2155 fuerat
3475 2100 3633 2172 Sym-

2052 2184 2174 2240 bolo
2214 2196 2337 2256 post
2360 2192 2654 2243 secundam
2696 2191 2989 2260 synodum,
3030 2192 3354 2247 cteceiesia:
3398 2208 3628 2248 concor-

2051 2278 2255 2334 dabant
2283 2296 2455 2351 usque
2486 2282 2551 2336 ad
2599 2283 2913 2351 septimam,
2943 2294 2997 2339 et
3019 2284 3185 2339 altera
3214 2284 3438 2340 alteram
3468 2284 3628 2354 hujus

2049 2369 2130 2423 rei
2171 2384 2339 2426 causa
2399 2387 2504 2427 non
2557 2375 2867 2443 accusabat,
2914 2378 3008 2444 qui
3052 2376 3144 2432 ﬁat
3187 2386 3245 2431 ut
3297 2394 3364 2433 ex
3416 2379 3628 2434 addita-

2052 2470 2235 2516 mento
2283 2462 2355 2518 sit
2399 2474 2577 2519 ortum
2628 2465 2956 2529 dissidium?
3012 2469 3128 2524 [mo
3178 2470 3359 2539 potius
3412 2486 3481 2527 ex
3523 2473 3627 2527 hoc

2051 2555 2743 2623 ostenditur,orientalibus
2772 2560 3213 2630 explanationem
3262 2563 3405 2619 hanc
3454 2565 3627 2619 fuisse

2052 2655 2353 2717 acceptam,
2405 2648 2849 2719 quandoquidem
2906 2652 3088 2709 addita
3147 2656 3312 2710 etiam
3368 2656 3627 2729 Symbolo

2050 2753 2181 2793 voce
2216 2738 2329 2801 illa.
2358 2737 2619 2812 Filioque,
2652 2756 2760 2796 non
2797 2741 3161 2802 dissidebant.

2706 3018 2947 3079 EPHES.

2706 3021 2947 3079 EPHES.

2123 3109 2330 3165 Deinde
2368 3125 2465 3181 per
2498 3121 2900 3182 consequentes
2944 3117 3245 3185 sessiones,
3282 3121 3511 3190 prolatis
3542 3138 3630 3178 sa-

373 3198 671 3267 ρισάμενος
703 3197 801 3275 τὰς
840 3197 1078 3268 Πράξεις
1107 3198 1218 3251 τῶν
1258 3198 1421 3267 ιερῶν
1452 3201 1689 3255 συνόδων
1705 3201 1945 3270 ἀνέγνων

2053 3216 2275 3256 crorum
2298 3203 2660 3259 conciliorum
2680 3205 2858 3270 Actis,
2877 3209 3101 3264 recitavi
3119 3211 3463 3270 deﬁnitiones
3483 3215 3632 3286 ipso!-

368 3291 430 3354 ἐξ
451 3288 632 3343 αὐτῶν
659 3290 788 3352 τοὺς
822 3291 1006 3359 ὅρους,
1041 3291 1099 3342 ὲν
1134 3286 1215 3353 οἷς
1254 3292 1694 3360 ἀπαγορεύουσιν
1732 3293 1784 3345 oi
1812 3292 1944 3347 θεῖοι

372 3380 619 3449 Πατέρςς
654 3380 852 3432 ἐκεῖνοι
887 3378 985 3450 τήν
1036 3380 1342 3452 ἐναλλαγήν
1369 3381 1465 3437 τοῦ
1521 3382 1811 3452 Συμϐόλου
1845 3383 1947 3453 μέ-

371 3489 463 3541 χρι
514 3468 711 3535 λέξεώς
760 3487 819 3523 τε
864 3473 960 3525 καὶ
1000 3470 1296 3540 συλλαϐῆς,
1335 3473 1429 3525 καὶ
1479 3471 1775 3545 φρικώδεις
1806 3476 1945 3545 ἀρὰς

367 3557 677 3623 ἐκφωνοῦσι
710 3558 852 3613 κατὰ
903 3560 1014 3612 τῶν
1069 3560 1281 3631 ταύτην
1341 3563 1474 3616 ποτὲ
1522 3564 1940 3633 τολμησόντων¹

365 3648 511 3702 ὥστε
542 3651 669 3715 τοὺς
694 3652 1029 3718 ἐπισκόπους
1070 3655 1170 3724 μὶν
1194 3656 1291 3709 καὶ⁵
1317 3658 1447 3720 τοὺς
1473 3657 1772 3729 κληρικοὺς
1802 3660 1948 3715 dmi-

368 3761 498 3814 ρους
531 3739 674 3797 εἶναι
708 3745 769 3797 τὸ
806 3747 913 3799 ἀπὸ
944 3746 1124 3812 τοῦδε,
1162 3749 1253 3800 καὶ
1285 3750 1384 3818 τῆς
1425 3750 1723 3821 δεδομένης
1759 3753 1946 3816 αὐτοῖς

365 3836 588 3905 χάριτος
615 3836 952 3906 ἀλλοτρίους,
986 3841 1114 3903 τοὺς
1142 3840 1200 3894 δὲ
1250 3841 1474 3905 λαῖκοὺς
1513 3845 1838 3899 ὑποκεῖσθαι
1868 3846 1944 3917 τῷ

367 3925 681 3997 ἁναθέματι
700 3942 711 3956 ·
746 3928 904 3982 τοῦτο
923 3929 979 3983 δέ
996 3931 1144 3985 ἐστιν
1172 3935 1199 3986 ὁ
1226 3935 1333 3986 ἀπὸ
1352 3934 1446 3988 τοῦ
1464 3935 1600 3989 Θεοῦ
1630 3939 1936 4007 χωρισμός.

1043 4024 1265 4079 ἉΠΟΛ.

449 4105 569 4159 Ὅτι
601 4111 701 4179 μὲν
744 4112 983 4181 ἀνέγνως
1010 4116 1073 4167 ὲκ
1107 4115 1216 4169 τῶν
1255 4118 1656 4188 οἶκουμσ-νικῶν
1704 4122 1941 4177 συνόδων

365 4195 503 4261 ἐκεῖ,
543 4200 920 4269 μαρτυροῦσιν
962 4202 1020 4255 αἱ
1076 4203 1317 4274 Πράξεις
1345 4222 1360 4236 ⁸
1402 4210 1518 4262 ἐκεῖ
1549 4212 1659 4280 γάρ
1701 4213 1811 4267 εἰσι
1851 4230 1943 4283 γε·

361 4291 666 4361 γραμμένα
688 4292 834 4363 ειπερ
862 4295 1107 4362 ἀνέγνως
1126 4314 1140 4329 ο
1171 4298 1253 4351 ὃτι
1279 4300 1335 4353 δὲ
1362 4301 1516 4355 οὐδὲν
1542 4303 1749 4375 ἔφησας
1775 4309 1944 4377 ἀναγ-

363 4383 545 4444 καῖον,
573 4380 692 4433 οὐδὲ
722 4386 862 4438 κατὰ
889 4384 1133 4439 Λατίνων
1159 4382 1300 4457 ἦσαν
1323 4391 1531 4460 ἐκεῖνα,
1560 4396 1588 4444 ό
1615 4394 1943 4466 βουλόμενος

2050 3309 2192 3360 rum,
2234 3295 2288 3350 in
2324 3296 2528 3364 quibus
2552 3300 2728 3354 sancti
2764 3300 2841 3354 illi
2868 3299 3059 3359 Patres
3102 3304 3433 3363 interdicunt
3464 3308 3632 3380 Sym-

2048 3386 2158 3442 boli
2192 3391 2551 3445 mutationem
2586 3405 2763 3462 usque
2792 3392 2860 3447 ad
2895 3394 3196 3452 dictionem
3226 3406 3281 3453 et
3334 3401 3623 3470 syllabam,

2048 3488 2106 3533 et
2139 3478 2446 3536 horrendas
2494 3483 2907 3541 exsecrationes
2968 3488 3226 3545 sanciunt
3273 3491 3326 3543 in
3380 3507 3474 3547 eos
3529 3500 3624 3563 qui

2049 3571 2168 3625 ausi
2224 3586 2463 3640 unquam
2509 3572 2714 3627 fuerint
2746 3576 3043 3645 quidquam
3100 3580 3392 3636 immutare
3422 3583 3531 3637 :ita
3566 3594 3627 3637 ut

2049 3661 2292 3730 episcopi
2310 3663 2536 3731 quidem
2556 3673 2610 3718 et
2627 3665 2812 3719 clerici
2835 3669 3146 3724 sacerdotio
3163 3671 3219 3723 in
3242 3684 3515 3739 posterum
3537 3690 3629 3729 ca-

2052 3761 2230 3816 reant,
2271 3755 2493 3823 sintque
2523 3770 2552 3808 a
2589 3757 2764 3825 gratia
2801 3758 2905 3813 sibi
2940 3762 3060 3815 data
3081 3760 3283 3820 alieni:
3338 3762 3465 3818 laici
3495 3780 3625 3818 vero

2049 3844 2284 3916 subjecti
2317 3849 2423 3900 sint
2449 3848 2808 3917 anathemati,
2839 3853 2983 3921 quod
3010 3860 3096 3907 est
3129 3856 3400 3921 separatio
3424 3871 3452 3910 a
3492 3854 3623 3912 Deo.
3650 3920 3657 3925 κ

2748 4034 2793 4089 R
2803 4034 2947 4091 ESP.

2119 4120 2275 4187 Quod
2314 4132 2369 4177 tu
2401 4123 2624 4193 quidem
2659 4125 2841 4197 aliqua
2880 4129 2951 4183 ibi
2977 4131 3277 4200 protuleris
3302 4149 3365 4188 ex
3391 4134 3627 4191 decretis

2047 4213 2382 4282 generalium
2419 4218 2808 4284 conciliorum,
2846 4223 2980 4275 Acta
3048 4231 3363 4291 testantur;
3422 4228 3623 4298 scripta

2050 4304 2196 4359 enim
2225 4318 2356 4362 sunt
2394 4308 2501 4364 illis
2537 4325 2661 4380 «tua
2691 4313 2961 4368 recitasti.
2992 4312 3141 4369 Nihil
3198 4330 3326 4371 vero
3350 4333 3475 4374 esse
3507 4334 3538 4373 a
3568 4329 3622 4375 te

2056 4395 2291 4464 dictum,
2334 4401 2483 4469 quod
2519 4410 2769 4469 urgeret,
2793 4412 2848 4456 et
2877 4404 3013 4458 nihil
3053 4406 3142 4459 ina
3175 4417 3367 4477 contra
3397 4408 3624 4465 Latinos

363 4468 668 4535 ἁναγνῶτω
692 4473 788 4534 τὰς
825 4475 1079 4546 Πράξεις,
1110 4481 1205 4534 καὶ
1232 4480 1460 4550 εὑρήσει
1494 4501 1562 4553 με
1591 4484 1819 4554 λέγοντα
1848 4488 1945 4558 τὴν

2055 4485 2257 4554 facere,
2280 4489 2371 4557 qui
2393 4490 2540 4545 scire
2561 4492 2815 4555 voluerit,
2832 4495 2962 4548 Acta
2997 4496 3156 4566 legat,
3192 4504 3245 4551 et
3269 4513 3455 4552 verum
3485 4514 3512 4552 a
3537 4514 3625 4553 me

368 4560 656 4631 ἀλήθειαν.
681 4563 806 4619 Ὅτι
844 4566 954 4636 γὰρ
983 4570 1425 4639 ἀπαγορεύουσιν
1449 4574 1499 4625 ol
1527 4574 1659 4627 θεῖοι
1694 4576 1939 4647 Πατέρες

362 4650 462 4721 τὴν
505 4652 813 4726 ἐναλλαγὴν
862 4657 956 4710 τοῦ
1003 4659 1307 4729 Συμϐόλου,
1341 4664 1435 4717 καὶ
1489 4665 1538 4716 οἱ
1577 4666 1801 4720 Λατῖνοι
1846 4670 1941 4721 καὶ

357 4743 526 4809 ήμείς
570 4743 947 4815 ὁμολογοῦμεν
972 4765 985 4778 ·
1025 4749 1121 4803 καὶ
1170 4751 1268 4812 τὰς
1304 4751 1603 4821 φρικώδεις
1636 4755 1802 4827 ἀρὰς,
1843 4760 1940 4810 καὶ

364 4835 433 4886 τὰ
457 4834 807 4907 ἁναθέματα,
854 4840 948 4894 καὶ
988 4841 1115 4905 τοὺς
1151 4842 1315 4911 ἱερεῖς
1348 4846 1622 4914 ἁνιέρους,
1659 4849 1752 4900 καὶ
1809 4849 1937 4912 τοὺς

352 4925 579 4990 λαῖκοὺς
600 4929 709 4983 ἀπὸ
739 4928 834 4983 τοῦ
863 4929 1001 4984 8εοῦ
1038 4935 1505 5004 κεχωρισμένους,
1544 4937 1642 4990 καὶ
1676 4942 1742 4992 τὰ
1769 4938 1936 4992 λοιπά

352 5016 390 5067 ὃ.
421 5017 598 5084 λέγεις
622 5018 760 5090 πρὸς
788 5022 848 5074 τὸ
873 5026 1104 5094 συγχέαι
1137 5026 1264 5089 τοὺς
1287 5026 1716 5097 ἁπλουστέρους,
1750 5031 1934 5086 πάντα

356 5124 441 5161 σοι
473 5110 901 5179 συνομολογοῦσι
931 5115 1157 5169 Λατῖνοι
1183 5132 1198 5147 ·
1230 5118 1575 5186 ἀντιλέγουσι
1601 5121 1658 5174 δέ
1687 5139 1769 5177 σοι
1797 5122 1833 5177 ἃ
1866 5127 1932 5179 σὺ

350 5203 588 5272 σιωπᾷς,
639 5204 722 5258 ὅτι
779 5205 1005 5273 γέγονεν
1061 5210 1119 5261 έν
1171 5212 1238 5280 τῇ
1274 5211 1542 5281 ὀσφρήσει
1592 5230 1689 5267 σου
1717 5217 1928 5289 σίνηπι.

347 5295 622 5349 Δύνανται
678 5297 788 5368 γὰρ
843 5303 1065 5353 Λατῖνοι
1122 5303 1218 5355 καὶ
1276 5305 1439 5373 ἡμεῖς
1478 5306 1532 5357 οἱ
1568 5305 1669 5375 τῆς
1709 5312 1929 5365 συνόδου

349 5384 646 5455 συνήγοροι
680 5390 816 5458 πρὶς
874 5390 935 5443 σὲ
982 5393 1285 5460 ἀντειπεῖν,
1340 5396 1424 5448 ὅτι
1474 5397 1669 5461 Καλῶς
1722 5399 1923 5470 λέγεις,

343 5474 599 5545 αἱδέσιμε
630 5475 887 5545 Ἐφέσου,
945 5469 1042 5534 καί
1072 5483 1232 5550 ἡμεῖς
1283 5482 1458 5537 ταῦτα
1504 5469 1882 5559 ὁμολογοῦμεν
1910 5508 1923 5520 ·

347 5563 466 5650 αλλ’
502 5567 603 5618 οὐκ
651 5569 1025 5641 ἐνηλλάξαμεν
1081 5572 1232 5642 ὅμως
1268 5576 1433 5644 ήμείς
1491 5577 1553 5629 τὸ
1624 5577 1925 5650 ἱερώτατον

353 5647 649 5722 Σύμϐολον,
663 5657 914 5731 οὔτειμὴν
930 5661 1162 5731 ὲνηλλαγ
1172 5664 1331 5733 μένον
1351 5665 1483 5717 αὐτὸ
1501 5683 1605 5737 πρε
1615 5647 1887 5740 σϐεύομεν
1904 5690 1919 5705 ’

358 5740 479 5799 τοὺς
506 5743 609 5809 γὰρ
636 5750 1062 5816 ὲναλλάξαντας,
1094 5753 1206 5805 εἴτε
1250 5756 1357 5825 μὴν
1389 5756 1699 5820 ὲναλλάξειν
1724 5763 1925 5834 τολμή-

674 5831 945 5900 Ριιτιιοι..
975 5847 1089 5909 (in.
1141 5846 1343 5908 CLIX.

2047 4576 2156 4633 dici
2198 4581 2519 4650 comperiet.
2550 4582 2911 4638 lnterdictum
2974 4588 3178 4657 quippe
3198 4602 3323 4645 esse
3353 4604 3383 4643 a
3412 4592 3618 4647 sanctis

2046 4667 2322 4737 Patribus,
2346 4688 2414 4725 ne
2439 4673 2544 4727 ulla
2573 4674 2667 4729 tiat
2700 4677 2752 4729 in
2772 4675 3037 4746 Symbolo
3069 4680 3401 4747 immutatio,
3425 4693 3479 4738 et
3510 4683 3615 4740 La-

2044 4760 2143 4812 tini
2178 4770 2235 4815 et
2269 4776 2369 4818 nos
2400 4763 2654 4829 fatemur,
2686 4761 2952 4825 ctomnia
2976 4787 3100 4840 qua:
3122 4776 3377 4843 congeris
3403 4777 3469 4833 ad
3498 4787 3612 4833 tur-

2043 4849 2253 4906 bandos
2283 4853 2673 4925 simpliciores,
2699 4862 3111 4919 exsecrationes
3135 4864 3463 4935 horrendas,
3486 4884 3617 4925 ana-

2046 4943 2251 5010 thema,
2276 4944 2641 5015 privationem
2678 4951 2995 5019 sacerdotii,
3040 4954 3307 5012 laieorum
3343 4975 3373 5013 a
3405 4959 3620 5017 Deose—

2040 5037 2415 5117 parationem,
2460 5038 2642 5095 Latini
2672 5042 2768 5097 tibi
2796 5045 3129 5112 concedunt,
3160 5051 3256 5105 sed
3292 5052 3344 5106 in
3375 5067 3442 5107 eo
3487 5068 3620 5109 con-

2041 5128 2324 5183 tradicunt
2361 5133 2507 5200 quod
2532 5142 2702 5201 taces,
2736 5135 2867 5203 quia
2896 5138 3121 5194 naribus
3175 5142 3285 5197 tuis
3305 5143 3478 5214 sinapi
3507 5153 3615 5200 est.

2044 5215 2282 5274 Possunt
2312 5222 2460 5278 enim
2487 5221 2664 5278 Latini
2696 5237 2753 5279 et
2798 5242 2898 5281 nos
2946 5230 3141 5298 synodi
3187 5230 3504 5289 defensores
3545 5235 3616 5289 ita

2044 5310 2145 5364 tibi
2203 5326 2551 5369 occurrere:
2622 5312 2768 5371 Bene
2818 5317 2992 5384 dicis,
3060 5323 3368 5378 venerande
3421 5330 3620 5394 prmsul

2034 5398 2297 5469 Ephesie.
2328 5412 2382 5457 et
2408 5419 2511 5460 nos
2542 5406 2658 5462 haec
2683 5408 2871 5464 eadem
2902 5409 3157 5479 fatemur,
3188 5415 3283 5469 sed
3316 5404 3518 5470 nullam
3542 5431 3624 5474 ta-

2032 5507 2155 5547 men
2196 5507 2298 5549 nos
2326 5495 2766 5557 immutationem
2820 5503 2873 5556 in
2907 5504 3292 5561 sacratissimo
3345 5510 3612 5579 Symbolo

2033 5587 2205 5640 moliti
2229 5603 2446 5655 sumus,
2479 5608 2656 5663 neque
2690 5595 3042 5654 immutatum
3079 5600 3213 5656 illud
3268 5603 3507 5661 colimus
3566 5617 3625 5662 et

2031 5690 2358 5733 veneramur
2415 5696 2542 5736 nam
2585 5700 2679 5741 eos
2701 5688 2792 5756 qui
2825 5689 3190 5746 immutarunt
3222 5695 3307 5748 vel
3329 5694 3622 5771 imtuutam

2034 5768 2341 5835 audebunt,
2381 5788 2481 5829 nos
2517 5776 2680 5831 etiam
2718 5782 3053 5836 anathemati
3089 5768 3616 5843 tradimus.Etenim

3141 5874 3214 5935 33
