4028 6428
542 325 680 387 1θ39
1520 321 1837 382 JUSEPlll
1874 319 2426 382 METllONENSlS
2470 316 2814 378 EHSCOPI
2855 286 2863 299 ’
3644 319 3751 379 ιοί

532 447 775 512 dogma;
820 442 1020 496 veritas
1079 448 1262 495 autem
1324 451 1431 492 non
1485 436 1945 502 additamentum,
2015 434 2110 490 scd

2159 438 2186 495 λ
2221 438 2357 503 μεν“⁶
2386 433 2676 505 προσθήκη
2713 432 2826 500 γὰρ
2854 431 2914 483 τὸ
2948 429 3230 501 ἀλλότριον
3260 429 3449 498 λέγοιτ’
3477 428 3536 484 ἂν
3571 430 3750 503 δόγμα·

533 535 848 605 explicatio,
882 544 932 588 ut
973 548 1115 602 smpe
1145 531 1352 585 dictum
1384 537 1489 585 est.
1519 527 1676 595 Quod
1700 542 1832 583 vero
1872 526 2113 581 hortaris

2221 531 2252 597 ή
2285 528 2328 581 δ’
2359 529 2587 598 ἀλήθεια
2628 528 2687 581 οὐ
2721 525 3036 596 προσθήκη,
3061 524 3175 578 ἀλλ’
3206 523 3519 590 ἀνάπτυξις,
3545 525 3613 589 ὡς
3651 528 3755 579 πολ-

532 639 587 683 ιιι
619 628 890 690 dicamus,
920 623 1375 695 quemadmodum
1413 620 1568 675 initio
1586 620 1922 686 dicebamus,
1944 633 2117 688 quan-

2217 622 2373 684 λάκις
2430 622 2674 691 είρηται.
2740 621 2863 673 Ὀτι
2924 620 2982 672 δὲ
3040 621 3355 690 παραινεῖς,
3405 618 3491 671 ἶνα
3542 618 3757 687 λέγωμεν

532 720 603 775 do
642 735 749 775 non
771 727 886 774 erat
916 717 1158 773 schisma
1195 716 1337 770 inter
1364 728 1489 779 nos,
1554 712 1608 768 id
1636 725 1770 768 sane
1798 726 1829 766 e
1882 709 2115 780 vestigio

2218 713 2409 784 ὥσπερ
2463 713 2723 783 ἐλέγομεν
2777 715 2900 768 κατ’
2943 712 3146 782 ἀρχὰς,
3175 713 3265 766 ὅτε
3316 712 3415 765 οὐκ
3443 706 3508 782 ἦν
3557 712 3613 761 ἐν
3653 711 3761 779 ἡμῖν

532 813 790 868 falsitatis
825 810 1073 882 arguitur
1112 827 1126 865 :
1161 810 1435 879 siquidem
1472 806 1715 864 schisma
1748 815 1966 861 centum
1991 814 2114 874 post

2219 806 2446 876 σχίσμα,
2496 805 2690 860 τούτου
2753 805 2897 859 κατά
2956 805 3126 869 πόδας
3181 806 3211 859 ὁ
3263 803 3525 873 ἐλεγχος·
3570 802 3629 854 τὸ
3682 801 3764 870 μὲν

530 903 820 969 septimam
853 902 1119 973 synodum
1170 901 1332 955 anuis
1395 909 1574 954 ortum
1651 904 1734 950 est
1786 895 2113 950 auctoribus

2218 896 2424 966 σχίσμα
2456 897 2594 966 μετὰ
2645 897 2742 966 τὴν
2772 896 3012 967 ἑϐδόμην
3064 896 3282 951 σύνοδον
3332 893 3522 949 ἐκατδν
3547 893 3635 963 ἐτη
3664 894 3768 960 ἐγέ-

533 993 795 1048 Michaele
828 994 1158 1062 imperatore
1208 1001 1263 1047 et
1289 989 1484 1045 Photio
1509 987 1840 1059 patriarcha,
1880 984 2114 1057 Symboo

2217 1005 2339 1043 νετο
2384 991 2536 1062 αἰτίᾳ
2582 990 2809 1061 Μιχαὴλ
2856 991 3124 1061 βασιλέως
3178 990 3273 1044 καὶ
3298 988 3501 1044 ⁴ὶωτίου
3527 987 3771 1057 πατριάρ-

466 1106 481 1125 ι
532 1088 640 1139 lum
678 1100 808 1141 vero
841 1094 964 1155 post
1007 1083 1306 1140 secundam
1335 1082 1608 1153 synodum
1643 1079 1893 1135 Romana
1951 1093 2053 1132 can

2216 1097 2337 1149 χον),
2363 1081 2422 1133 τὸ
2465 1081 2520 1133 δὲ
2571 1082 2851 1151 Σύμδολον
2895 1082 3004 1136 ἀπὸ
3055 1083 3157 1152 τῆς
3206 1081 3465 1153 δευτέρας
3514 1080 3769 1149 συνόδουή

532 1176 620 1230 bat
650 1177 916 1241 Ecclesia,
954 1177 1099 1232 sicut
1132 1175 1294 1231 hodie
1328 1174 1497 1241 canit,
1533 1183 1670 1229 teste
1729 1172 1968 1243 Georgio
1991 1169 2115 1226 Ari—

2227 1172 2514 1243 Ῥωμαῖκὴ
2562 1172 2738 1239 οὕτως
2787 1175 3019 1243 ἔψαλλεν
3061 1175 3384 1241 Ἐκκλησία,
3416 1173 3492 1238 ὡς
3540 1174 3649 1245 ᾄδει
3688 1177 3768 1227 καὶ

529 1271 700 1333 stitio,
732 1277 791 1324 ut
820 1269 1085 1324 diximus.
1124 1268 1259 1322 Nam
1291 1278 1347 1322 ct
1379 1266 1672 1333 Maximus,
1713 1265 1805 1334 qui
1834 1264 1936 1318 fuit
1989 1271 2115 1317 ante

2216 1267 2480 1336 σήμερον.
2514 1267 2702 1330 καθὼς
2743 1270 3017 1339 μαρτυρεῖ
3061 1267 3338 1339 Γεὼργιος
3391 1269 3421 1320 ὑ
3473 1267 3766 1338 ’Δριστινδς,

527 1372 740 1415 sextam
774 1359 1068 1431 synodum,
1101 1367 1335 1413 testatur
1359 1357 1463 1412 hoc
1501 1355 1556 1408 in
1589 1353 1820 1425 epistola
1876 1350 1943 1405 ad
2004 1351 2115 1404 Ma-

2214 1357 2290 1421 ὡς
2314 1358 2530 1427 ἔφημεν
2553 1374 2567 1389 ·
2602 1362 2699 1413 καὶ
2728 1359 2986 1429 Μάξιμος
3013 1361 3071 1414 δὲ
3105 1364 3135 1415 ὁ
3160 1364 3268 1430 πρὸ
3290 1360 3391 1432 τῆς
3421 1360 3585 1427 ἕκτης
3619 1361 3769 1430 ὑπάρ-

531 1456 714 1508 riuum
746 1450 1129 1524 presbyterum
1196 1450 1482 1523 Cyprium,
1538 1450 1839 1503 liomanam
1899 1444 2113 1501 scilicet

2215 1466 2328 1519 χων
2360 1450 2580 1503 συνόδου
2610 1453 2881 1521 μαρτυρεῖ
2906 1451 3072 1507 τοῦτο
3102 1455 3160 1505 ἐν
3185 1451 3534 1524 cii-emata?)
3565 1454 3626 1522 τῇ
3650 1450 3764 1522 πρὸς

530 1548 830 1604 Ecclesium
872 1547 943 1600 ita
1001 1545 1225 1610 sentire,
1257 1545 1335 1606 sic
1385 1542 1674 1598 scribens:
1713 1537 2111 1610 Synodicarum

2215 1542 2465 1612 Μαρῖνον
2513 1542 2890 1615 πρεσϐύτερον
2955 1545 3221 1615 Κύπρου,
3269 1546 3347 1609 ὡς
3414 1546 3446 1616 ή
3510 1546 3765 1615 Ῥωμαῖκὴ

534 1639 875 1698 sanctissimi
911 1654 1066 1710 papae
1090 1637 1328 1703 Martini,
1376 1636 1468 1706 qui
1504 1651 1649 1688 unm:
1668 1630 1941 1702 praesidet,
1969 1628 2114 1683 litte-

2229 1633 2531 1704 Ἐκκλησία
2560 1635 2767 1705 ταύτην
2801 1636 2915 1707 ἔχει
2946 1637 3046 1706 τὴν
3070 1638 3251 1704 δόξαν,
3289 1638 3470 1707 λέγων
3498 1639 3597 1692 ὡδί
3613 1656 3627 1671 ·
3662 1637 3762 1690 Τῶν

534 1750 743 1800 rarum,
774 1749 884 1787 non
913 1738 1044 1802 quot
1081 1730 1182 1801 ipsi
1206 1728 1527 1799 scripsistis,
1560 1725 1763 1796 capita,
1789 1720 2112 1777 Constanti-

2216 1723 2310 1779 τοῦ
2369 1724 2465 1779 νῦν
2542 1727 2851 1795 ἀγιωτάτου
2908 1730 3109 1784 πάππα
3162 1732 3447 1801 Μαρτίνου
3498 1731 3761 1786 συνοδικῶν

533 1823 835 1894 nepolitani
860 1800 1138 1886 notarunt,
1174 1817 1269 1873 sed
1297 1817 1406 1872 duo
1425 1826 1655 1881 tantum,
1679 1827 1912 1885 quorum
1947 1824 2114 1864 unum

2175 1803 2318 1869 ιοὺκ
2375 1818 2433 1869 ἐν
2478 1816 2757 1881 τοσούτοις
2816 1819 2963 1881 ὅσοις
3014 1800 3335 1892 γεγράφατε
3382 1823 3687 1893 κεφαλαίοις
3728 1822 3766 1874 oi

532 1919 602 1972 ad
630 1917 814 1971 divina
847 1922 1077 1983 spectat,
1110 1910 1253 1975 quod
1308 1908 1530 1975 dixerit,
1605 1907 1879 1978 inquiunt,
1947 1903 2119 1975 Spiri-

2219 1908 2318 1976 τῆς
2379 1907 2657 1978 βασιλίδος
2702 1909 2814 1963 τῶν
2874 1910 3087 1966 πόλεων
3149 1913 3514 1982 ἐπελάϐοντο,
3566 1915 3679 1969 δυσὶ
3725 1912 3767 1965 δὲ

535 2021 651 2064 tum
678 2018 933 2063 sanctum
968 2021 997 2060 a
1046 2003 1185 2058 Filio
1244 2016 1464 2074 quoque
1503 1999 1825 2071 procedere,
1887 2008 1940 2052 et
1999 2010 2120 2066 quae

2224 2002 2438 2071 μόνοις·
2499 1997 2573 2058 ὧν
2624 2004 2685 2058 τὸ
2738 2006 2838 2075 μὲν
2895 2007 3133 2077 ὑπάρχει
3184 2010 3317 2080 περὶ
3365 2007 3767 2078 θεολογίας,ὃτι

532 2110 858 2171 sequuntur,
888 2114 957 2154 ne
985 2098 1203 2168 singula
1240 2093 1537 2167 proferam.
1610 2091 1790 2159 Quare
1841 2105 1949 2146 non
2019 2088 2120 2143 fuit

2218 2111 2303 2159 τε,
2338 2101 2523 2166 φησὶν,
2561 2093 2719 2151 εἶπεν
2747 2100 3153 2170 ἐκπορεύεσθαι
3202 2103 3304 2156 καὶ
3349 2105 3414 2157 ἐκ
3435 2103 3528 2159 τοῦ
3563 2101 3686 2157 Υίοῦ
3718 2102 3767 2153 τὸ

533 2196 686 2267 origo
707 2192 1039 2257 schismatis,
1071 2187 1218 2260 quod
1244 2200 1299 2242 tu
1320 2201 1484 2243 vocas
1515 2184 1975 2267 additamentum,
2024 2179 2120 2237 sed

2225 2186 2446 2256 Πνεῦμα
2474 2189 2535 2241 τὸ
2572 2189 2748 2258 ἅγιον,
2779 2191 2876 2245 καὶ
2926 2192 2995 2245 τὰ
3026 2192 3212 2260 λοιπὰ,
3248 2182 3340 2249 ἵνα
3373 2196 3450 2264 μὴ
3483 2195 3765 2249 καθέκαστα

533 2292 780 2348 Romana
812 2288 1052 2345 Ecclesia
1125 2282 1441 2357 Symbolum
1498 2279 1786 2345 recitabat,
1846 2286 1903 2332 ut
1961 2274 2122 2330 hodie

2220 2279 2382 2345 λέγω.
2424 2281 2587 2334 Ὥστε
2641 2282 2710 2354 ἣν
2759 2283 2936 2352 λέγεις
2977 2286 3328 2358 προσθήκην,
3373 2289 3474 2342 οὐκ
3528 2284 3594 2361 ἦν
3646 2286 3769 2340 αἰτία

537 2386 734 2439 reeitat
798 2399 814 2447 ;
874 2389 930 2436 et
1003 2393 1125 2445 nos,
1193 2375 1409 2432 scilicet
1472 2371 1668 2437 Gmci,
1728 2367 2115 2430 recitabamus,

2221 2371 2315 2426 τοῦ
2370 2374 2691 2444 σχίσματος,
2724 2376 2842 2429 ἀλλ’
2896 2377 2930 2447 ἡ
2965 2375 3252 2448 Ῥωμαῖκὴ
3298 2378 3588 2450 Ἐκκλησία
3637 2376 3767 2443 ἔλεγε

534 2490 590 2533 ιιι
647 2491 791 2532 nunc
850 2474 1105 2538 facimus,
1168 2480 1222 2524 et
1273 2466 1515 2522 schisma
1544 2478 1650 2517 non
1713 2470 1834 2518 erat
1900 2459 1956 2513 in
2024 2472 2121 2511 uo-

2220 2467 2281 2518 τδ
2322 2467 2619 2536 Σύμϐολον,
2648 2468 2840 2540 ὥσπερ
2886 2471 3036 2540 λέγει
3089 2475 3183 2525 καὶ
3217 2473 3483 2543 σήμερον,
3514 2472 3604 2525 καὶ
3633 2470 3769 2541 ἡμεῖς

533 2572 640 2627 bis.
673 2569 912 2624 Possunt
955 2577 1087 2633 ergo
1141 2562 1304 2618 etiam
1347 2557 1525 2612 Latini
1570 2554 1760 2610 iisdem
1816 2551 1883 2605 ad
1940 2563 1991 2605 te
2043 2546 2120 2602 uti

2223 2558 2498 2627 ἐλέγομεν,
2531 2560 2580 2611 οἱ
2612 2561 2838 2629 Γραικοὶ
2868 2563 3145 2634 δηλονότι,
3182 2563 3376 2634 ὥσπερ
3412 2565 3507 2618 καὶ
3538 2564 3768 2634 σήμερον,

537 2662 801 2718 vocibus:
842 2657 1151 2712 Redeamus
1173 2651 1240 2707 ad
1270 2649 1362 2704 illa
1396 2657 1661 2715 tempora,
1694 2643 1897 2713 quibus
1942 2638 2119 2708 juncti

2221 2650 2320 2703 καὶ
2372 2651 2578 2721 σχίσμα
2623 2652 2723 2706 οὐκ
2772 2648 2842 2725 ἦν
2881 2655 2943 2707 ἐν
2989 2656 3143 2725 ἡμῖν.
3185 2655 3403 2710 Οὐκοῦν
3444 2656 3685 2710 δύνανται
3724 2650 3772 2704 ab

534 2771 797 2815 eramus.
867 2759 922 2808 et
974 2766 1072 2804 nos
1159 2743 1479 2824 Symbolum
1537 2754 1604 2794 80
1658 2736 1818 2791 ιιιοδο
1882 2731 2123 2824 Prome“
2223 2741 2358 2797 αὑτδ
2381 2743 2476 2796 καὶ
2501 2744 2550 2796 οι
2576 2745 2792 2798 Λατῖνοι
2827 2747 2962 2817 πρός
3015 2765 3078 2801 σε
3117 2749 3298 2801 εἰπεῖν
3331 2765 3346 2780 ·
3387 2748 3771 2816 Ἐπανέλθωμεν

536 2852 753 2915 bamus,
797 2859 907 2915 quo
967 2855 1110 2895 nunc
1139 2823 1494 2908 proferimUs,
1546 2840 1602 2885 et
1655 2843 1750 2885 vos
1781 2823 2032 2880 similiter
2060 2836 2123 2876 eo

2224 2835 2306 2896 είς
2357 2835 2563 2888 ἐκεῖνον
2616 2835 2710 2890 τὸν
2775 2837 2990 2909 καιρὸν,
3027 2839 3151 2893 καθ’
3197 2839 3260 2894 ὃν
3314 2841 3584 2912 ήνωμένοι
3631 2835 3768 2910 ἦμεν,

541 2943 707 2997 modo
774 2935 1063 3000 dicebatis,
1099 2945 1211 3002 quo
1266 2943 1415 2983 nunc
1483 2923 1690 2987 dicitis,
1727 2928 1783 2974 et
1837 2916 2124 2971 unanimes

2226 2926 2319 2978 καὶ
2351 2927 2513 2995 ἡμεῖς
2554 2927 2819 2998 ἐλέγομεν
2848 2935 2910 2984 τὸ
2946 2931 3226 3002 Σύμϐολον
3276 2933 3470 3006 ὥσπερ
3509 2935 3602 2988 καὶ
3631 2934 3772 3001 σήμε-

534 3050 764 3094 eramus
799 3050 816 3099 ;
851 3043 907 3086 et
960 3044 1140 3098 neque
1171 3041 1270 3080 vos
1294 3026 1361 3079 de
1393 3022 1556 3077 nobis
1606 3011 2118 3087 conquerebaminj,

2229 3036 2344 3089 ρον,
2378 3020 2473 3072 καὶ
2518 3020 2675 3091 ὑμεῖς
2723 3023 2925 3092 ὁμοίως
2954 3023 3143 3096 ὥσπερ
3194 3029 3290 3080 καὶ
3332 3031 3570 3099 σήμερον
3596 3027 3773 3094 λέγετε.

538 3143 718 3199 neque
747 3140 848 3181 nos
881 3124 1084 3194 pariter
1107 3120 1175 3174 de
1205 3116 1384 3172 vobis.
1415 3113 1581 3168 Miror
1626 3118 1809 3166 autem
1845 3103 2125 3179 quomodo

2185 3112 2325 3193 Ικαὶ
2373 3107 2515 3184 ἦμεν
2568 3116 2624 3167 ἐν
2670 3118 2918 3189 ὁμονοίᾳ,
2954 3119 3051 3171 καὶ
3102 3118 3225 3173 οὔτε
3287 3121 3456 3193 ὑμεῖς
3503 3120 3776 3176 ἐνεκαλεῖτε

540 3169 718 3199 ..μνη
748 3169 848 3181 ..η
882 3169 1073 3194 μη---
1113 3169 1172 3174 ι--
1863 3169 1881 3179 _

540 3219 740 3294 synodi
800 3211 1157 3273 mcumeuicaa
1212 3224 1321 3263 non
1378 3201 1855 3274 reprehenderint,
1920 3199 1967 3253 si
2023 3211 2122 3252 nos

2187 3170 2196 3230 ί
2228 3169 2537 3276 ﬂium-051::
2563 3169 2725 3278 ἡμεῖς
2780 3169 2934 3281 ὑμῖν.
2965 3169 3243 3283 Θαυμάζιιι
3271 3169 3778 3282 graui);—

541 3313 922 3381 blasphemare
963 3305 1232 3368 sciebant,
1259 3309 1319 3355 ut
1349 3314 1446 3355 vos
1484 3311 1628 3352 nunc
1662 3294 1845 3352 dicitis
1876 3302 1930 3348 et
1957 3305 2126 3345 accu-

2234 3301 2467 3370 psvtxat
2498 3302 2707 3356 σύνοδοι
2767 3302 2869 3356 οὐκ
2922 3304 3273 3371 ἐνεκάλεσαν,
3302 3310 3357 3362 εί
3413 3309 3607 3380 ᾔδεσαν
3655 3305 3777 3376 qui:

534 3404 722 3458 satis:
757 3398 935 3464 tertia,
971 3396 1212 3464 inquam,
1239 3396 1453 3462 quarta,
1480 3385 1701 3458 quinta,
1740 3389 1989 3447 sexta,et
2036 3394 2125 3434 se-

2232 3390 2711 3462 βλασφημοῦντας,
2740 3392 2933 3465 ὥσπερ
2978 3396 3140 3466 ὑμεῖς
3169 3397 3361 3467 λέγετε
3393 3399 3489 3454 νῦν
3518 3400 3610 3454 καὶ
3635 3400 3778 3467 ἐγκα-

456 3542 459 3545 λ
547 3496 719 3564 prima
752 3508 767 3559 ;
805 3503 984 3561 neque
1042 3485 1189 3541 enim
1237 3479 1519 3538 criminari
1548 3475 1795 3549 coepistis
1849 3473 1952 3529 nisi
2004 3489 2047 3542 pi

2227 3482 2371 3538 λεῖτε
2403 3487 2538 3555 ἡμῖν
2561 3501 2576 3515 ο
2604 3486 2749 3554 λέγω
2773 3487 2830 3541 δὲ
2862 3489 2895 3558 ή
2930 3492 3163 3561 τρίτη,ή
3197 3495 3466 3564 τετάρτη,
3492 3497 3525 3563 ή
3556 3493 3775 3563 πέμπτη.

526 3562 819 3643 Ῥίιοῑίιιιη.
854 3581 1042 3651 Itaque
1065 3576 1482 3640 conveniamus,
1546 3571 1914 3638 dieamusque
1973 3562 2117 3634 quod

2239 3577 2264 3648 ή
2291 3578 2447 3648 ἕκτη,
2477 3581 2573 3633 καὶ
2604 3581 2636 3648 ή
2670 3581 2875 3651 ἑϐδόμη
2895 3598 2910 3613 ’
2945 3583 3056 3636 οὐδ’
3095 3585 3256 3655 ὑμεῖς
3300 3562 3635 3646 ἐνεκαλεῖτε,
3662 3582 3780 3638 ἀλλὰ
3828 3590 3830 3597 ’

542 3693 671 3737 ante
692 3680 933 3736 schisma
966 3671 1308 3736 dicebamus,
1374 3667 1574 3736 fietque
1603 3673 1664 3720 ιιι
1710 3662 1852 3718 idem
1907 3659 2127 3728 utrique

2232 3667 2373 3736 μετὰ
2435 3668 2526 3721 τὸν
2580 3667 2786 3724 Φώτιον
2841 3671 2937 3725 καὶ
2995 3672 3099 3728 ἔτι.
3158 3675 3520 3749 Συνέλθωμεν
3565 3677 3675 3744 οὖν,
3703 3674 3780 3730 καὶ

538 3777 787 3829 ducimus
813 3787 829 3838 ;
864 3778 919 3826 et
936 3767 1157 3824 tolletur
1187 3763 1450 3828 sehisma,
1485 3774 1591 3828 pax
1614 3766 1798 3812 autem
1823 3753 2126 3822 subseque-

2229 3757 2473 3828 εἴπωμεν
2519 3762 2658 3831 ὅπερ
2719 3763 2980 3833 ἐλέγομεν
3032 3765 3139 3836 πρὸ
3189 3766 3284 3821 τοῦ
3333 3770 3648 3841 σχίσματος,
3702 3766 3780 3820 καὶ

524 3883 627 3923 tur
652 3878 707 3922 et
750 3862 1043 3921 concordia
1082 3866 1299 3928 ;atque
1358 3856 1435 3910 ita
1483 3851 1692 3909 erimus
1753 3846 1865 3902 Deo
1909 3844 2115 3899 favente

2228 3850 2645 3921 εὑρεθησόμεθα
2696 3853 2767 3906 τὰ
2831 3854 2973 3907 αὐτά
3021 3854 3271 3925 λέγοντες
3330 3861 3650 3931 ἀμφότεροι,
3702 3858 3779 3912 καὶ

535 3960 836 4030 conjuncti.
1890 3938 1899 3943 ’
2231 3940 2505 3996 παύσεται
2557 3942 2619 3995 τὸ
2682 3944 2912 4015 σχίσμα,
2954 3948 3392 4020 ἐπακολουθήσει
3444 3953 3501 4007 δὲ
3540 3954 3573 4024 ή
3613 3952 3781 4023 εἰρήνη

2232 4048 2290 4099 τε
2324 4031 2421 4085 καὶ
2449 4031 2675 4102 ὁμόνοια
2699 4048 2714 4065 ο
2746 4036 2840 4087 καὶ
2886 4035 3063 4100 οὕτως
3106 4038 3348 4108 ἐσόμεθα
3394 4044 3494 4099 σὺν
3520 4044 3635 4113 Θεῷ
3670 4045 3783 4112 ήνω-

2232 4123 2407 4190 μένοι.

1211 4215 1461 4271 Ειτιιεε.

2924 4220 3110 4277 ΕΦΕΣ.

620 4319 745 4374 llaec
781 4316 1027 4372 dicentes
1055 4310 1380 4365 videbamur
1410 4304 1596 4362 surdis
1632 4301 1859 4356 auribus
1897 4309 2124 4359 canere,

2304 4305 2491 4360 Ταῦτα
2528 4306 2781 4375 λέγοντες
2813 4314 2979 4385 κενήν
3009 4315 3281 4386 ἐῴκειμεν
3314 4322 3562 4391 ψάλλειν,
3597 4323 3627 4392 ἢ
3658 4322 3781 4375 λίθον

543 4410 892 4484 autlapidem
924 4420 1185 4478 coquere,
1219 4412 1314 4458 aut
1373 4399 1585 4456 semina
1635 4397 1785 4452 saxis
1844 4390 2124 4456 mandare,

2231 4401 2404 4469 ἐψεῖν,
2437 4400 2471 4470 ἢ
2505 4403 2646 4456 κατά
2676 4406 2892 4475 πετρῶν
2922 4408 3192 4477 σπείρειν,
3231 4409 3263 4480 ἦ
3307 4390 3435 4466 καθ’
3463 4390 3641 4483 ὑγρῶν
3667 4412 3782 4480 γρά-

542 4518 639 4563 aut
672 4483 727 4561 in
752 4518 892 4574 aqua
918 4500 1183 4565 scribere,
1243 4504 1339 4550 aut
1393 4489 1658 4562 quidquid
1711 4486 1859 4542 aliud
1913 4483 2126 4553 adagiis

2191 4512 2377 4566 ιφεω,
2409 4494 2440 4563 ἦ
2474 4495 2575 4549 ὅσα
2622 4496 2760 4550 ἄλλα
2801 4498 2897 4551 ἐπὶ
2936 4501 3049 4562 τοῖς
3090 4500 3375 4566 ἀδυνάτοις
3414 4506 3470 4557 αί
3518 4502 3782 4574 παροιμίαι

543 4596 920 4671 signiﬁcamus
945 4592 1013 4648 ad
1042 4586 1400 4661 eaprimeuda
1420 4580 1801 4653 impossibilia.
2235 4586 2419 4656 φασιν,

1237 4675 1435 4732 RESP:

2921 4684 3129 4738 ΛΠΟΛ.
3246 4685 3282 4707 ’

622 4777 1038 4835 Possuntetiam
1068 4771 1247 4827 Latini
1289 4765 1621 4838 respondere
1651 4764 1751 4820 tibi
1784 4779 1880 4834 per
1897 4762 2129 4833 adagia:

2310 4775 2423 4828 Καὶ
2451 4776 2670 4828 Λατῖνοι
2712 4775 2972 4829 δύνανται
3002 4779 3066 4829 ἐκ
3091 4775 3202 4829 τῶν
3231 4780 3547 4849 παροιμιῶν
3583 4776 3707 4848 πρὸς
3733 4772 3780 4824 σὲ

544 4872 802 4940 Aithiops
853 4882 959 4923 non
1001 4864 1289 4921 dealbatur
1339 4858 1554 4926 ;littori
1597 4858 1872 4929 loquimur
1907 4875 1922 4912 :
1958 4873 2135 4926 neque

2235 4865 2526 4934 ἀντερεῖν
2562 4868 2757 4938 Αἰθίοψ
2798 4868 2860 4920 οὐ
2915 4866 3259 4923 λευκαίνεται
3286 4885 3301 4901 '
3348 4871 3582 4941 αἰγιαλῷ
3623 4864 3787 4922 λαλοῦ-

547 4961 693 5017 euim
726 4968 785 5014 tu
817 4958 1096 5014 auscultas
1122 4971 1140 5020 ;
1166 4953 1348 5008 fabula
1401 4955 1521 5006 sine
1558 4951 1739 5020 capite
1767 4966 1783 5004 :
1814 4950 2130 5020 imperfecta

2239 4973 2340 5026 μεν
2368 4973 2382 4987 ·
2428 4959 2663 5028 ἀνήκοος
2736 4961 2847 5031 γὰρ
2921 4963 3226 5032 ὑπάρχεις·
3272 4965 3549 5032 ἀκέφαλος
3598 4959 3783 5033 μῦθος·

536 5052 697 5108 enim
753 5048 890 5104 dicis
924 5056 1019 5114 ;et
1066 5046 1172 5101 alia
1223 5056 1568 5113 quaecunque
1635 5040 1692 5094 in
1770 5050 2127 5095 contumaces

2237 5047 2406 5118 ἀτελῆ
2446 5050 2554 5121 γὰρ
2606 5051 2788 5120 λέγεις
2812 5067 2825 5083 ·
2861 5054 2956 5106 καὶ
2987 5046 3091 5107 δσ⁶α
3126 5053 3263 5108 ἄλλα
3293 5060 3385 5110 ἐπὶ
3419 5056 3527 5109 τῶν
3561 5052 3782 5122 ἀνηκόων

466 5188 471 5197 .
528 5149 890 5213 οιιειιι-ριιιιῑιιτ
914 5149 970 5195 et
995 5146 1335 5209 arrogantes.
1367 5135 1798 5205 lnobsequentes
1813 5134 1960 5188 enim
1990 5149 2057 5185 ιιιι

2238 5141 2334 5192 καὶ
2364 5140 2641 5206 ἀλαζόνων
2689 5145 2744 5197 αἱ
2772 5147 3071 5214 παροιμίαι
3098 5147 3352 5216 λέγουσιν
3379 5164 3393 5179 '
3426 5146 3668 5206 ἀπειθεῖς
3692 5139 3782 5207 γὰρ

524 5253 713 5307 quam
748 5234 1143 5301 obsequemur.
1171 5228 1247 5284 Ita
1277 5228 1436 5298 plane
1460 5234 1516 5282 et
1541 5235 1599 5279 tu
1627 5242 1644 5281 :
1700 5224 1878 5281 visum
1904 5225 2003 5278 tibi
2051 5240 2112 5281 es

2238 5231 2497 5286 οὐδέποτε
2529 5235 2832 5293 πείσονται.
2867 5237 3026 5292 Οὕτω
3057 5241 3150 5294 καὶ
3180 5240 3245 5294 σύ
3273 5258 3286 5274 ·
3339 5240 3484 5305 ἐδοξέ
3512 5255 3590 5292 σοι
3626 5236 3782 5306 μένειν

534 5341 775 5382 manere
830 5325 886 5380 iu
925 5322 1223 5377 schismate
1269 5329 1324 5373 et
1387 5317 1754 5385 seiunctione,
1812 5314 2125 5372 seductione

2236 5325 2296 5378 iv
2323 5325 2403 5395 τῷ
2436 5326 2700 5395 σχίσματι
2729 5331 2826 5383 καὶ
2868 5331 2947 5401 τῷ
2993 5316 3284 5405 χωρισμῷ,
3322 5337 3389 5404 τῇ
3420 5333 3594 5401 πλάνῃ
3624 5344 3679 5379 τε
3705 5319 3783 5376 καὶ

524 5432 603 5476 «et
629 5420 931 5490 pravitate;
963 5425 1017 5471 et
1040 5413 1312 5476 mansisti,
1340 5410 1797 5483 permanebisque
1812 5410 1979 5464 etiam
2011 5423 2109 5478 pos

2238 5417 2430 5489 κακίᾳ,
2486 5420 2582 5473 καὶ
2642 5420 2816 5485 οὕτως
2864 5422 3109 5492 ἔμεινας,
3163 5428 3222 5480 ἐν
3272 5423 3317 5496 ᾧ
3366 5427 3463 5479 καὶ
3522 5422 3655 5494 μετὰ
3708 5415 3785 5468 τδν

508 5522 781 5568 putor-tem
810 5511 864 5565 in
895 5511 1037 5579 ipso.
1066 5508 1139 5561 At
1173 5520 1304 5562 vero
1337 5504 1429 5574 qui
1474 5519 1631 5560 suam
1671 5511 1937 5572 expetunt
1983 5503 2099 5558 salu

2240 5506 2471 5564 θάνατον
2496 5511 2775 5584 διαμενεϊς
2802 5518 2897 5569 καὶ
2928 5518 3028 5590 ἐσῃ
3057 5519 3166 5574 ἀεί.
3213 5520 3355 5574 Ἀλλ’
3389 5520 3438 5572 oi
3466 5518 3561 5587 τῆς
3599 5504 3783 5567 ἐαυτῶν

528 5611 683 5664 atem,
726 5617 836 5656 nou
868 5602 965 5667 ita,
1034 5614 1214 5669 neque
1266 5611 1432 5652 aures
1473 5608 1570 5651 aut
1601 5599 1796 5652 oculos
1842 5596 2119 5663 claudunt,

2238 5600 2564 5672 ὀρεγόμενοι
2611 5606 2898 5677 σωτηρίας
2933 5609 3031 5679 οὐχ
3062 5608 3258 5679 οὕτως,
3286 5610 3408 5664 οὐδὲ
3446 5608 3672 5663 κλείουσι
3702 5596 3780 5679 τᾶἱ

548 5694 645 5746 sed
682 5692 912 5747 audiunt
951 5703 1007 5746 et
1047 5692 1250 5756 vident,
1290 5699 1344 5745 et
1390 5690 1695 5761 intelligere
1727 5690 1922 5746 volunt
1982 5692 2133 5760 quod

2238 5696 2444 5759 ἀκοὰς,
2510 5697 2630 5750 οὐδὲ
2696 5700 2825 5762 tbi);
2884 5702 3198 5773 ὀφθαλμοὺς
3269 5703 3636 5773 καμμύουσιν,
3684 5678 3781 5738 ἀλλ’

536 5785 743 5838 .mehus
769 5792 822 5837 et
850 5782 1038 5837 utilius
1079 5792 1163 5838 est
1196 5782 1260 5836 ad
1292 5794 1447 5836 suam
1483 5782 1729 5849 ipsorum
1759 5781 2013 5838 salutem.
2049 5780 2127 5837 Tu

2242 5787 2502 5843 ἀκούουσι
2560 5791 2656 5844 καὶ
2705 5791 2963 5862 βλέπουσι
3026 5796 3117 5850 καὶ
3182 5798 3424 5851 συνιέναι
3472 5786 3685 5843 ’θέλουσι
3730 5775 3780 5827 τὸ
