4028 6408
356 424 484 487 ιβιδ

1370 440 1811 504 REFUTATIO
1854 447 2093 509 MARCI
2138 451 2287 512 EPll
2305 454 2412 513 ESS
2429 454 2528 516 Nl.

3470 418 3657 530 103?“

348 538 602 609 κρεῖττόν
655 557 713 593 τε
760 545 855 597 καὶ
906 547 1187 618 συμφέρον
1239 552 1338 622 τῆς
1384 556 1659 625 σωτηρίας
1715 558 1923 618 αὐτῶν.

2036 580 2157 620 νει-ο
2188 566 2407 621 noluisti
2440 611 2454 627 .
2498 571 2592 623 sed
2628 570 2859 639 superba
2888 573 2954 626 de
2981 581 3032 628 te
3063 574 3178 642 ipso
3206 577 3463 646 opinione
3512 582 3605 635 de-

348 633 421 687 Σὺ
467 633 523 686 δὲ
565 633 666 686 οὐκ
711 634 1008 708 ἠθέλησας,
1060 640 1194 696 ἀλλὰ
1243 647 1308 712 τῆ
1366 646 1542 716 οἰήσει
1595 649 1922 719 ἀπατηθεὶς,

345 724 755 797 φρονιμώτερος
817 730 913 783 καὶ
974 732 1285 805 σοφώτερος
1348 737 1459 809 ᾤου
1520 740 1620 809 τῆς
1692 743 1920 796 συνόδου

352 813 489 905 εἷναί
530 834 592 872 σε
639 819 845 892 πάσης,
896 822 1034 894 ὅπερ
1082 827 1182 895 τῆς
1230 829 1410 898 ἄκρας
1462 833 1674 901 μωρίας
1725 834 1926 905 δεῖγμα

350 904 438 976 ἦν,
462 907 557 961 ἕνα
591 909 884 981 ἄνθρωπον
918 913 1198 983 βέλτιστον
1224 914 1363 974 εἶναι
1397 921 1581 991 πάσης
1614 923 1714 993 τῆς
1744 904 1928 978 οἰκου-

347 997 518 1067 μένης
542 1013 556 1028 ⁸
596 998 693 1052 ἕνα
737 1002 872 1071 πρὸς
902 1002 999 1057 ἕνα
1029 1003 1143 1075 ἔχει
1174 1009 1268 1060 καὶ
1305 1009 1482 1077 λόγον,
1518 1012 1709 1081 πάσης
1741 1012 1796 1065 δὲ
1825 1015 1923 1081 τῆς

359 1089 691 1160 Ἐκκλησὶας
720 1094 920 1158 κοινῶς
954 1097 1317 1169 συνελθούσης
1342 1100 1441 1155 ἕνα
1469 1101 1746 1170 βέλτιστον
1782 1100 1924 1158 εἶναι

343 1181 605 1237 ἀδύνατον
658 1187 941 1250 παντελῶς
964 1204 976 1214 ·
1012 1191 1061 1242 εί
1087 1191 1145 1244 δὲ
1202 1193 1275 1263 μή
1315 1210 1400 1262 γε,
1429 1195 1527 1248 καὶ
1556 1195 1798 1266 Ἄρειος,
1830 1195 1925 1249 καὶ

347 1274 636 1345 Εὑνόμιος,
667 1280 763 1331 καὶ
808 1280 857 1332 oi
899 1280 1082 1351 ἕτεροι
1114 1283 1227 1336 τῶν
1250 1285 1652 1353 οίκουμενικῶν
1686 1287 1924 1343 συνόδων

343 1366 532 1439 ἐχθροὶ
559 1367 726 1423 ταυτὸ
755 1370 917 1425 τοῦτο
955 1373 1222 1444 φήσουσιν
1242 1391 1257 1406 ·
1284 1376 1400 1430 ἀλλ’
1433 1377 1536 1431 οὐκ
1564 1378 1733 1435 ἔστιν.
1758 1380 1924 1433 Ὅθεν

343 1459 452 1512 ἔδει
487 1462 581 1515 καὶ
616 1463 677 1515 σὲ
731 1464 829 1532 τὴν
867 1464 1134 1535 ἀλήθειαν
1183 1470 1407 1536 γνόντα.
1441 1472 1535 1523 καὶ
1567 1472 1678 1523 τῶν
1705 1473 1922 1526 πολλῶν

344 1553 675 1621 ἀκούσαντα,
707 1558 806 1625 τὴν
831 1558 1097 1628 διχόνοιαν
1122 1561 1278 1614 ἐᾶσαι
1310 1563 1405 1615 καὶ
1428 1563 1489 1616 τδ
1519 1564 1612 1616 ἐπί
1617 1581 1799 1632 μονον,
1828 1568 1925 1619 καὶ

342 1647 444 1717 τὴν
477 1649 712 1717 ματαίαν
740 1649 1010 1720 πρόληψιν
1041 1652 1137 1704 καὶ
1168 1654 1391 1719 κακίαν,
1421 1657 1516 1711 καὶ
1546 1657 1820 1727 ἐνωθῆναι
1850 1661 1917 1729 τῇ

343 1742 457 1796 τῶν
500 1747 710 1799 πολλῶν
758 1744 1053 1811 ἀποφάσει,
1085 1748 1287 1816 μᾶλλον
1315 1749 1371 1803 δὲ
1411 1751 1480 1820 τῇ
1523 1747 1800 1815 ἀποφάσει
1825 1751 1924 1820 τῆς

354 1839 705 1911 Ἐκκλησίας.

1038 1939 1229 1996 ΕΦΕΣ.

430 2034 661 2087 Ἐκεῖνοι
693 2035 802 2106 γὰρ
840 2037 953 2099 τοῖς
987 2037 1088 2107 μὲν
1119 2038 1369 2109 ἐλέγχοις
1399 2039 1921 2109 στενοχωρούμενοι,

341 2126 635 2197 διόρθωσιν
695 2128 752 2181 δὲ
810 2128 1068 2199 οὐδαμῶς
1134 2131 1397 2199 οὐδεμίαν
1457 2133 1922 2202 παραδεχόμενοι,

341 2219 436 2272 διὰ
482 2220 541 2273 τδ
585 2221 820 2284 ἀνιάτως
852 2223 1014 2292 ἔχειν,
1044 2224 1119 2281 ὡς
1154 2223 1325 2285 ἔοικε,
1363 2226 1716 2294 παρεκάλουν
1772 2226 1925 2296 ἡμᾶς

343 2315 442 2368 ἐπὶ
465 2315 565 2383 τὴν
594 2313 844 2379 ἐξέτασιν
892 2316 1196 2385 μεταϐῆναι
1241 2315 1335 2370 τοῦ
1364 2317 1656 2387 δόγματος,
1686 2320 1762 2380 ὡς
1809 2317 1928 2369 [xz-

345 2404 456 2459 νῶν
486 2407 583 2476 ἤδη
642 2407 922 2477 ῥηθέντων
951 2409 1062 2462 τῶν
1111 2409 1201 2462 ἐπὶ
1252 2413 1320 2479 τῇ
1372 2409 1662 2482 προσθήκῃ
1711 2409 1924 2477 λόγωνσ

342 2504 585 2571 οἰόμενοι
643 2502 714 2555 δι’
758 2503 984 2556 ἐκείνων
1048 2502 1158 2555 τῶν
1217 2504 1397 2570 λόγων
1457 2506 1803 2559 ὲπισκιάσειν
1866 2505 1927 2559 τδ

344 2595 441 2649 τοῦ
486 2595 760 2665 Συμϐόλου
811 2596 1087 2667 τόλμημα,
1118 2599 1216 2668 τῆς
1265 2596 1425 2668 δόξης
1470 2596 1661 2665 ὑγιοῦς
1713 2598 1927 2653 δεικνυ-

353 2689 545 2761 μένης.

1034 2785 1239 2839 ΑΠΟΛ.

423 2879 485 2931 0!
535 2879 646 2939 τοῖς
695 2877 940 2947 ἐλέγχοις
984 2877 1489 2949 στενοχωρηθέντες
1541 2876 1823 2946 φαίνονται
1871 2878 1930 2931 ἒν

347 2972 460 3032 τοῖς
510 2970 842 3036 Πρακτικοϊς
890 2972 989 3039 τῆς
1043 2970 1262 3024 συνόδου
1292 2988 1306 3001 ·
1364 2971 1582 3040 ἐλέγετε
1634 2971 1781 3043 γὰρ,
1834 2971 1931 3027 καὶ

358 3060 567 3128 πρῶτος
604 3060 859 3114 ἁπάντων
895 3062 959 3113 σὺ
982 3101 996 3125 ,
1033 3063 1116 3115 ὅτι
1152 3062 1610 3134 Διαζευχθῶμεν,
1647 3064 1931 3134 διαιρεθῶ-

356 3171 485 3219 μεν,
519 3153 850 3221 ἀπέλθωμεν
876 3167 891 3184 ⁸
922 3152 971 3206 οί
1004 3154 1222 3206 Λατῖνοι
1257 3154 1409 3223 σοφοὶ
1439 3155 1534 3207 καὶ
1563 3158 1800 3223 γενναῖοι
1833 3155 1928 3211 ἄν·

1952 1894 2001 1955 Β

1998 651 2241 727 'ceptus,
2290 660 2490 727 putasti
2530 660 2783 716 universa
2836 671 2887 718 te
2924 665 3135 735 synodo
3192 668 3605 735 prudentiorem

2026 766 2151 806 esse
2178 761 2231 806 et
2268 753 2610 821 doctiorem;
2661 756 2805 825 quod
2863 765 3120 812 extremae
3151 742 3395 816 stultitiae
3441 778 3607 832 argu-

2028 853 2271 898 mentum
2305 854 2411 910 est,
2472 861 2641 901 unum
2703 848 2914 903 scilicet
2967 848 3245 904 hominem
3282 853 3609 908 antecellere

2028 934 2326 991 universis.
2384 935 2536 1004 Esto,
2585 938 2631 993 si
2681 955 2850 995 unum
2905 956 3025 996 cum
3080 958 3191 997 uno
3226 942 3495 1009 conferas,
3554 945 3608 999 id

2025 1029 2173 1082 enim
2200 1030 2458 1086 credibile
2482 1042 2566 1087 est
2590 1050 2605 1098 ;
2639 1041 2692 1086 at
2721 1033 2975 1087 universa
3006 1034 3250 1091 Ecclesia
3279 1046 3606 1109 caugrcgata

2030 1135 2197 1174 unum
2220 1121 2491 1176 hominem
2514 1137 2635 1179 esse
2665 1127 3092 1194 praestantiorem
3116 1126 3337 1181 omnino
3385 1137 3470 1181 est
3502 1128 3607 1181 im-

2027 1210 2290 1279 possibile
2320 1231 2333 1267 :
2370 1212 2618 1284 alioquin
2660 1224 2711 1269 et
2738 1215 2923 1284 Arius,
2954 1224 3008 1272 et
3036 1216 3359 1284 Eunomius,
3397 1230 3451 1274 et
3483 1221 3608 1274 reli-

2027 1301 2121 1370 qui
2183 1304 2518 1372 generalium
2581 1305 2941 1362 conciliorum
3017 1307 3202 1363 hostes
3272 1309 3374 1364 hoc
3428 1309 3604 1376 ipsum

2027 1394 2249 1459 dicent;
2291 1411 2473 1450 verum
2507 1396 2555 1450 id
2602 1396 2716 1452 lieri
2762 1414 2870 1452 non
2914 1407 3111 1468 potest.
3149 1398 3324 1464 Quare
3362 1401 3603 1454 te‘etiam

2027 1487 2312 1553 Oportebat
2338 1488 2521 1558 agnita
2559 1490 2791 1545 veritate
2829 1492 3029 1547 multos
3065 1492 3276 1557 audire,
3305 1492 3605 1547 dissensio-

2028 1594 2261 1648 nemque
2326 1589 2382 1635 et
2446 1583 2805 1648 pervicaciam
2870 1591 2925 1639 et
2978 1600 3171 1639 vanam
3232 1583 3377 1639 illam
3440 1600 3602 1654 quam

2027 1667 2265 1725 habebas
2300 1672 2482 1726 animo
2521 1683 2860 1744 anteceptam
2910 1676 3223 1745 opinionem
3276 1689 3337 1729 ac
3383 1659 3605 1745 pet-vero

2028 1764 2242 1817 sitatem
2265 1764 2573 1832 deponere;
2607 1774 2660 1823 et
2699 1768 3021 1833 multorum,
3060 1768 3172 1823 imo
3197 1783 3324 1823 vero
3352 1767 3610 1823 Ecclesiae

2030 1850 2353 1906 sententiam
2382 1854 2563 1923 sequi.

2688 1945 2932 2003 EPHES.

2080 2031 2178 2087 Alili
2225 2035 2367 2087 enim
2420 2036 2759 2106 argumentis
2810 2037 3071 2105 convicti,
3112 2050 3167 2095 et
3220 2041 3274 2095 in
3326 2044 3610 2110 angustias

2028 2124 2252 2191 redacti,
2292 2125 2493 2181 nullam
2516 2141 2647 2182 vero
2676 2143 2908 2198 prorsus
2942 2131 3378 2187 emendationem
3406 2134 3610 2187 admit-

2030 2223 2223 2279 tentes,
2255 2214 2424 2283 quod,
2453 2223 2512 2270 ut
2536 2226 2779 2287 apparet,
2808 2220 2997 2273 morbo
3020 2220 3266 2276 laborent
3290 2221 3607 2286 insanabili,

2029 2306 2386 2361 hortabantur
2436 2323 2558 2376 nos,
2612 2317 2672 2364 ut
2732 2310 2799 2363 ad
2858 2311 3273 2380 inquisitionem
3336 2313 3608 2381 degmatis

2030 2400 2409 2467 trausiremus,
2450 2400 2594 2470 quod
2631 2411 2778 2458 esset
2805 2404 2872 2457 de
2907 2405 3278 2458 additamenta
3323 2406 3455 2460 satis
3493 2406 3607 2475 jam

2028 2488 2236 2545 dictum
2273 2507 2285 2544 :
2320 2491 2405 2546 his
2464 2491 2647 2547 verbis
2678 2494 3058 2549 existimantes
3092 2494 3296 2564 obtegi,
3353 2495 3498 2565 quod
3550 2498 3605 2552 in

2030 2580 2287 2652 Symbolo
2314 2591 2444 2637 sunt
2494 2584 2639 2650 ausi,
2689 2583 2734 2639 si
2768 2584 2955 2657 gpinio
3001 2600 3135 2641 sana
3171 2600 3294 2642 esse
3350 2588 3608 2657 probare-

2031 2682 2137 2729 tttr.

2726 2775 2765 2830 R
2776 2775 2920 2832 ESP.

2103 2863 2204 2930 Qui
2262 2863 2465 2920 fuerint
2515 2880 2610 2935 per
2649 2876 2970 2933 argumenta
3015 2866 3386 2933 coaugustati,
3428 2862 3612 2918 decla-

2035 2969 2159 3010 rant
2196 2958 2328 3011 Acta
2369 2957 2587 3028 synodi.
2619 2956 2892 3014 Dicebatis
2943 2958 3114 3024 enim,
3155 2967 3207 3013 et
3239 2957 3450 3027 primus
3486 2970 3610 3008 om-

2034 3049 2186 3103 nium
2219 3058 2277 3105 tu
2309 3066 2324 3105 :
2361 3049 2773 3121 Disjungamur,
2831 3050 3163 3113 dividamur,
3212 3050 3608 3113 abscedamus;

2034 3141 2217 3198 Latini
2257 3141 2360 3197 viri
2393 3143 2536 3197 docti
2561 3156 2614 3196 et
2636 3145 3202 3213 prmSIantes-virtute
3230 3154 3379 3202 sunt,
3407 3152 3459 3197 et
3491 3141 3612 3196 dia-

348 3245 476 3313 δρες
517 3245 661 3309 εἰσὶ,
698 3246 795 3297 καὶ
828 3243 1166 3297 διαλεκτικώ⁸
1200 3245 1609 3315 ἐμπειρότατοι.
1648 3246 1711 3301 El
1747 3248 1840 3301 οὖν
1877 3250 1932 3301 ὲν

2039 3235 2244 3290 lecticae
2286 3235 2626 3305 peritissimi.
2669 3234 2826 3302 Quod
2863 3238 2909 3292 si
2944 3238 2998 3291 in
3027 3236 3397 3307 disputatione
3421 3235 3487 3289 de
3517 3234 3613 3289 ad-

349 3336 467 3396 τοῖς
500 3334 630 3400 περὶ
655 3334 755 3403 τὴν
782 3331 1111 3403 προσθήκην
1137 3333 1319 3401 λόγοις
1348 3333 1629 3403 ἐφάνησαν
1654 3332 1799 3387 οὕτω
1828 3336 1934 3388 δει-

352 3425 437 3478 vti.
459 3466 471 3486 .
507 3424 648 3479 ὥστε
687 3427 962 3498 μηδεμίαν
994 3428 1292 3496 ἀπολογίαν
1325 3428 1718 3498 ὑπολειφθῆναι
1761 3431 1893 3498 ἡμῖν
1915 3473 1929 3495 ,

351 3520 500 3584 τίνες
532 3521 598 3575 ἃν
627 3521 897 3589 γένωνται
919 3563 931 3584 ,
965 3521 1094 3575 ὅταν
1128 3523 1256 3591 περὶ
1287 3524 1387 3590 τῆς
1420 3521 1579 3592 δόξης
1609 3522 1709 3594 τὴν
1739 3523 1933 3587 ἐξέτα-

354 3634 441 3669 σιν
470 3615 854 3683 ποιησώμεθα,
882 3616 1017 3668 ὅπου
1052 3615 1144 3668 καὶ
1172 3615 1528 3678 διδασκάλους
1557 3615 1658 3685 τῆς
1696 3616 1927 3684 Ἐκκληο

355 3709 478 3772 σίας
509 3708 696 3778 ἔχουσι
727 3709 930 3775 δεῖξαι,
962 3709 1063 3778 τὴν
1089 3709 1418 3780 ἑκπόρευσιν
1442 3706 1540 3762 τοῦ
1573 3708 1729 3778 ἁγίου
1762 3709 1934 3763 Πνεΰ-

360 3819 529 3870 ματος
560 3802 654 3855 καὶ
683 3800 764 3871 τῷ
794 3801 910 3872 Υίῷ
940 3801 1221 3868 διδόντας;
1256 3801 1459 3855 Λοιπὸν
1495 3801 1764 3871 συμφέρει
1801 3803 1934 3871 ἡμῖν

356 3894 634 3959 ἀπελθεῖν,
683 3895 714 3963 ἦ
766 3894 1072 3964 ἡττηθῆναι
1124 3895 1222 3947 καὶ
1273 3895 1392 3964 μετ’
1421 3893 1685 3963 αίσχύνης
1733 3894 1936 3947 ἐπανα-

362 3988 611 4058 στρέψαι.
650 3987 838 4041 Ταῦτα
873 3990 974 4057 μὲν
1008 3986 1254 4054 ἐλέγετε,
1292 3986 1509 4057 ἀληθῶς
1543 3970 1656 4048 τοῖς
1691 3986 1939 4055 ἐλέγχοις

366 4080 519 4145 ὑμεῖς
553 4078 1082 4150 στενοχωρούμενοι.
1112 4078 1412 4149 Διόρθωσιν
1439 4078 1498 4133 δὲ
1529 4080 1683 4149 παρὰ
1713 4080 1807 4133 σοῦ
1836 4079 1938 4147 τὴν

332 4186 345 4197 ·
376 4171 688 4242 Ῥωμαϊκὴν
737 4170 995 4236 δέξασθαι
1034 4171 1367 4240 Ἐκκλησίαν
1417 4172 1517 4225 οὐκ
1561 4172 1702 4226 ἔδει·
1750 4172 1936 4241 ἐκείνη

360 4266 471 4333 γὰρ
516 4266 709 4319 πασῶν
753 4264 1081 4335 κυϐερνῆτίς
1131 4269 1286 4330 ἐστι,
1338 4267 1436 4321 καὶ
1484 4270 1606 4332 ταῖς
1654 4267 1939 4331 νοσούσαις

357 4358 471 4409 τῶν
498 4358 806 4425 ῖκκλησιῶν
837 4359 1022 4429 ἰατρὸς
1048 4358 1471 4428 ἐμπειρότατος.
1504 4359 1655 4429 παρὰ
1680 4358 1773 4414 τοῦ
1803 4361 1941 4430 Χρι-

360 4445 487 4499 στοῦ
527 4446 770 4500 λαϐοῦσα
807 4447 909 4517 τὴν
951 4446 1202 4513 ἐξουσίαν
1241 4448 1342 4509 τὰς
1386 4447 1555 4511 ἄλλας
1604 4448 1805 4502 ἰθύνειν
1843 4448 1940 4502 καὶ

357 4538 634 4610 κυϐερνᾷν
654 4581 668 4606 ,
700 4537 1079 4608 ἐπιστηρίξειν
1108 4539 1206 4592 καὶ
1233 4539 1479 4609 διορθοῦν
1501 4581 1514 4603 ,
1544 4540 1643 4592 οὑκ
1676 4539 1851 4609 αὐτὴν
1880 4540 1936 4594 δὲ

356 4631 703 4702 διορθοῦσθαι
751 4631 908 4701 παρὰ
947 4631 1057 4685 τῶν
1099 4630 1296 4686 ἄλλων.
1348 4630 1454 4687 Καὶ
1501 4633 1583 4685 σύ
1628 4647 1775 4686 ποτε
1816 4632 1939 4685 ἐπι-

357 4722 678 4792 στραφεὶς,
712 4726 877 4792 φησιν
903 4723 932 4774 ὀ
957 4721 1150 4791 Σωτὴρ
1182 4723 1316 4792 πρὸς
1346 4722 1436 4775 τὸν
1469 4722 1706 4793 Πέτρον,
1735 4721 1938 4789 στήρι-

359 4815 475 4879 ξον
499 4813 641 4880 τοὺς
670 4813 977 4883 ἀδελφούς
1006 4829 1124 4869 σου
1149 4829 1164 4844 ⁸
1198 4817 1259 4869 οὐ
1290 4814 1397 4883 γὰρ
1431 4808 1574 4881 εἷπε,
1606 4813 1939 4885 Στηρίχθητι

362 4907 466 4960 ὑπὸ
493 4907 601 4959 τῶν
631 4905 877 4974 ἀδελφῶν
910 4924 1028 4973 σου,
1059 4907 1215 4972 ἀλλὰ,
1249 4905 1568 4973 Στήριξον.
1598 4905 1810 4959 Οὐκοῦν
1838 4906 1939 4959 καὶ

361 4996 425 5051 σὲ
453 4998 559 5052 ἔδει
587 4999 948 5071 στηριχθῆναι
975 4999 1108 5068 παρ’
1133 4998 1303 5067 αὑτῆς
1327 4998 1403 5061 ὡς
1433 4998 1527 5051 καὶ
1556 5000 1605 5050 οῖ
1636 4997 1939 5067 σοφώτεροί

362 5106 456 5143 σου
490 5090 586 5143 καλ⁵
617 5090 939 5161 λογιώτεροι
973 5090 1402 5161 ὲστηρίχθησαν.
1444 5090 1571 5143 Ἐπὶ
1603 5090 1660 5143 δὲ
1691 5089 1792 5161 τὴν
1823 5090 1942 5155 ἑξέ-

360 5197 518 5233 τασιν
546 5180 851 5250 μεταϐῆναι
878 5180 972 5234 τοῦ
1004 5181 1274 5251 δόγματος
1304 5181 1365 5234 οὑ
1397 5180 1748 5250 παρεκάλουν
1774 5179 1939 5233 Λατῖ-

359 5287 477 5325 νοι·
509 5271 626 5325 ἀλλ’
649 5275 731 5326 ὅτι
767 5272 943 5343 μῆνας
974 5272 1151 5342 εἴχετε
1185 5271 1589 5341 δεκατέσσαρας
1621 5270 1940 5338 διαλ.εγόμε-

361 5380 445 5415 νοι
482 5364 609 5434 περὶ
635 5362 751 5428 τοῦ,
784 5362 859 5416 Οὑ
889 5362 971 5416 δεῖ
1003 5361 1342 5431 προσθεῖναι,
1379 5362 1526 5414 δυοῖν
1559 5362 1741 5431 μόνοιν
1767 5360 1943 5414 ὄντοιν

362 5457 482 5508 τοῖν
515 5454 891 5525 ζητημάτοιν,
923 5461 981 5509 ὲν
1010 5446 1093 5518 οἷς
1123 5455 1315 5518 ἱκανὰς
1342 5453 1640 5522 ἀπολογίας
1669 5455 1946 5525 παρέσχον

365 5548 499 5612 ὑμῖν
526 5546 680 5600 αὐτοί
707 5561 723 5575 ·
752 5547 841 5600 διὰ
864 5545 1023 5600 τοῦτο
1051 5546 1159 5599 ἔδει
1188 5549 1282 5600 καὶ
1306 5547 1446 5616 πρὸς
1469 5546 1533 5599 τὸ
1560 5547 1748 5617 ἕτερον
1780 5544 1956 5616 μετα-ι

367 5639 539 5691 θεῖναι
567 5638 656 5691 τὸν
685 5638 878 5707 λόγον·
911 5638 1018 5706 ἕνα,
1046 5638 1354 5709 δειχθέντος
1384 5637 1478 5691 τοῦ
1510 5637 1781 5706 δόγματος
1811 5639 1947 5708 ἁλη-

369 5729 400 5781 θ
422 5730 519 5795 ῦς,
548 5730 752 5794 ἀδίκως
782 5732 978 5795 αὐτοὺς
1008 5732 1316 5796 ἑπιδείξωσι
1347 5731 1476 5801 παρ’
1501 5731 1654 5801 ὑμῶν
1684 5748 1949 5801 συκοφαν-

442 5910 462 5938 ⁸
488 5903 622 5961 Luc.
652 5922 787 5973 uti,
829 5906 921 5965 32.

2037 3328 2341 3383 ditamento
2375 3329 2476 3383 visi
2522 3338 2648 3383 sunt
2682 3329 2819 3382 adeo
2862 3342 3018 3383 acres
3059 3329 3300 3398 ingenio,
3330 3337 3388 3382 ut
3429 3328 3612 3381 nullus

2037 3419 2301 3488 apologis:
2344 3420 2498 3474 locus
2550 3421 2623 3474 sit
2671 3421 2831 3474 nobis
2868 3421 3112 3484 relictus,
3147 3421 3241 3491 qui
3278 3430 3440 3475 erunt
3484 3433 3610 3475 cum

2039 3515 2209 3577 ipsam
2232 3511 2550 3582 opinionem
2587 3513 3049 3578 examinabimus,
3075 3528 3172 3581 pro
3205 3527 3308 3582 qua
3340 3521 3391 3566 et
3423 3515 3614 3566 docto-

2041 3616 2126 3656 res
2159 3600 2418 3657 Ecclesiae
2464 3600 2715 3670 proferre
2750 3602 2975 3666 habent,
3004 3602 3247 3672 Spiritus
3286 3602 3459 3657 sancti
3486 3616 3615 3671 pro-

2036 3690 2352 3746 ductionem
2404 3690 2543 3746 Filio
2592 3706 2815 3763 quoque
2869 3690 3425 3757 tribuentes?Satius
3450 3691 3619 3760 igitur

2036 3792 2121 3838 est
2176 3784 2351 3847 abire,
2382 3800 2547 3854 quam
2598 3784 2739 3839 viuci
2772 3793 2979 3840 etcum
3034 3783 3335 3851 ignominia
3386 3782 3612 3838 reverti.

2041 3875 2163 3931 Haec
2194 3876 2456 3932 dicebatis
2490 3877 2592 3946 ipsi
2638 3876 2888 3947 profecto
2923 3876 3182 3943 convicti,
3225 3883 3280 3931 et
3333 3875 3388 3930 in
3437 3889 3612 3946 angn—

2038 3970 2170 4025 stias
2211 3984 2308 4038 per
2342 3978 2664 4038 argumenta
2707 3968 2937 4023 redacti.
2982 3968 3026 4022 Α
3053 3981 3104 4021 te
3136 3982 3302 4036 porro
3332 3966 3623 4022 emendari

2042 4062 2348 4117 Romanam
2382 4061 2688 4117 Ecclesiam
2728 4061 2805 4116 nil
2839 4075 2979 4129 opus
3008 4069 3161 4125 erat;
3190 4075 3310 4114 nam
3351 4058 3444 4114 illa
3483 4073 3619 4114 cun-

2040 4166 2258 4210 ctarum
2320 4162 2402 4210 est
2441 4154 2800 4225 gubernatrix
2847 4153 3232 4216 ecclesiarum,
3267 4161 3322 4207 et
3351 4160 3623 4224 aegrotan.

2044 4248 2188 4304 tibus
2226 4248 2475 4303 ecclesiis
2497 4247 2833 4316 peritissime
2857 4245 3129 4311 medetur,
3147 4259 3271 4300 cum
3292 4251 3620 4314 potestatem

2041 4356 2071 4395 a
2118 4341 2339 4396 Christo
2385 4340 2660 4407 acceperit
2707 4338 2937 4409 regendi
2984 4338 3122 4392 alias
3153 4346 3207 4392 et
3251 4335 3618 4405 gubernandi,

2042 4432 2400 4489 coiiﬁrmandi
2460 4442 2513 4487 et
2542 4431 2885 4500 corrigendi,
2934 4444 3045 4483 non
3076 4439 3132 4483 ut
3180 4431 3296 4498 ipsa
3330 4428 3622 4483 conﬁrme-

2043 4533 2133 4580 tur
2167 4525 2237 4579 ab
2276 4525 2439 4580 aliis:
2479 4523 2549 4577 Et
2601 4533 2679 4588 tu,
2728 4522 2910 4592 inquit
2965 4521 3224 4576 Salvator
3252 4520 3322 4573 ad
3370 4519 3616 4583 Petrum,

2042 4618 2331 4687 aliquando
2379 4631 2653 4670 conversus
2706 4614 2968 4683 confirma
3015 4612 3214 4682 fratres
3253 4619 3371 4666 tuo:
3403 4610 3427 4643 ⁸
3455 4627 3475 4677 ;
3508 4624 3617 4683 non

2040 4710 2221 4767 dixit:
2253 4710 2593 4764 Conllrmare
2646 4723 2677 4763 a
2719 4706 2981 4762 fratribus
3007 4705 3137 4772 tuis,
3175 4704 3294 4769 sed,
3321 4704 3615 4772 Conﬁrma.

2041 4803 2339 4868 Oportebat
2371 4801 2538 4873 igitur
2565 4809 2618 4854 te
2663 4800 2827 4855 etiam
2855 4798 2925 4853 ab
2944 4798 3035 4853 illa
3060 4796 3394 4860 conﬁrmari,
3419 4811 3617 4868 quem-

2039 4897 2335 4955 admodum
2388 4894 2751 4966 sapientiores
2810 4892 3170 4947 etdoctiores
3212 4899 3264 4948 te
3304 4890 3622 4947 conﬁrmati

2043 5001 2192 5065 sunt.
2213 4990 2286 5046 Ut
2317 4987 2627 5044 transiretis
2653 4995 2830 5041 autem
2862 4987 2929 5040 ad
2958 4983 3376 5056 inquisitionem
3398 4985 3623 5055 dogma-

2044 5085 2115 5140 tis
2153 5097 2263 5138 non
2313 5080 2676 5137 hortabantur
2714 5077 2932 5143 Latini;
2974 5091 3166 5133 verum
3222 5078 3354 5147 quia
3405 5090 3626 5131 menses

2040 5179 2150 5250 jam
2214 5181 2371 5229 erant
2440 5168 2885 5239 quatuor-decim,
2935 5183 3061 5224 cum
3110 5169 3240 5223 illud
3296 5169 3626 5238 agitabatur,

2044 5267 2184 5323 nihil
2214 5282 2333 5321 esse
2362 5261 2620 5334 Symbolo
2658 5258 3052 5330 adjiciendum,
3081 5268 3140 5313 et
3171 5256 3624 5332 ad‘quzesitorum

2052 5360 2284 5415 alterum
2318 5356 2466 5428 (nam
2501 5354 2613 5408 duo
2660 5359 2869 5405 tantum
2913 5351 3092 5415 erant)
3117 5348 3229 5415 jam
3263 5348 3397 5402 satis
3428 5347 3502 5399 illi
3534 5362 3631 5402 vo-

2048 5451 2131 5507 bis
2158 5446 2573 5519 responderant,
2591 5450 2877 5513 propterea
2896 5455 3031 5509 Opus
3069 5447 3185 5494 erat
3208 5447 3266 5491 ut
3298 5437 3363 5491 ad
3396 5437 3627 5491 alterum

2050 5545 2214 5599 etiam
2245 5536 2689 5611 pertractandum
2723 5532 3070 5594 transiretur,
3095 5545 3205 5599 quo
3242 5529 3513 5597 degmatis
3537 5545 3628 5583 ve-

2052 5637 2209 5692 ritate
2229 5630 2498 5704 patelacta
2525 5628 2814 5698 probarent
2842 5639 2901 5680 se
2944 5639 2975 5679 a
3001 5622 3159 5678 vobis
3190 5622 3389 5693 injuria
3416 5623 3631 5676 calum~

2063 5730 2167 5783 niis
2195 5723 2328 5795 peti,
2361 5722 2516 5793 quasi
2549 5719 2693 5776 sacri
2728 5715 2967 5788 Symboli
2993 5714 3408 5782 depravatores:
3434 5712 3641 5770 Ostcn-.
