4028 6416
492 416 632 484 1“?-
1447 424 1763 484 JOSEl’lli
1804 426 2361 489 METHONENSIS
2404 429 2753 491 EPISCOPI
3605 435 3722 501 lilii

494 540 691 593 derunt
731 554 863 607 ergo
921 540 1077 594 nobis
1134 539 1520 609 liquidissimc,
1566 552 1890 609 potestatem
1944 558 2067 597 esse

2128 545 2472 615 troupévoug
2520 549 2596 611 ὡς
2644 548 3077 618 παραχαράκτας
3120 546 3213 601 τοῦ
3261 547 3405 619 ἱεροῦ
3453 551 3719 619 Συμϐόλου.

496 637 700 684 sancta:
731 629 806 683 illi
849 629 961 685 sedi
990 629 1338 684 examinandi
1367 639 1421 683 et
1451 632 1766 701 corrigendi
1795 648 1917 700 quae
1946 648 2070 702 spe-

2179 639 2430 705 Ἔδειξαν
2462 636 2555 694 οὖν
2587 642 2720 711 ἡμῖν
2750 622 3141 708 ἐμφανέστατα
3161 685 3175 707 ,
3209 639 3454 705 ἐξουσίαν
3486 641 3619 712 ἔχειν
3648 647 3724 699 τὸν

495 727 647 775 ctant
679 720 743 773 ad
776 720 958 774 (idem.
1008 720 1189 785 Quare
1234 714 1369 783 nen,
1403 730 1464 775 ut
1497 720 1657 784 dicis,
1704 723 1771 776 ad
1796 723 2070 792 obtegen-

2175 729 2319 782 θεῖον
2351 730 2543 799 θρόνον
2575 733 2782 783 ἐκεῖνον
2812 729 3090 795 ἐξετάζειν
3120 732 3213 783 καὶ
3248 730 3490 803 διορθοῦν
3518 732 3583 786 τὰ
3616 737 3728 805 περὶ

496 816 623 866 dum
675 813 908 879 facinus,
955 814 1102 882 quod
1157 814 1277 868 ausi
1336 815 1545 869 suntin
1576 814 2070 886 Syznbolo,cupie-

2172 822 2270 889 τὴν
2304 820 2506 873 πίστιν.
2541 820 2631 873 Διὸ
2661 821 2761 873 οὐκ
2791 820 2884 875 ἐπὶ
2916 822 2974 874 sb
3010 822 3337 875 ὲπισκιάσαι
3369 823 3426 875 τὸ
3458 823 3727 894 τόλμημα,

496 905 623 958 bant
665 906 922 962 devenire
972 907 1038 961 ad
1090 908 1363 976 dogmatis
1394 908 1864 978 disquisitionem,
1888 910 1981 965 sed
2013 920 2073 963 ut

2173 911 2251 972 ὡς
2286 912 2351 964 σὺ
2388 910 2529 983 φῂς,
2564 912 2659 965 τοῦ
2702 912 2985 977 Συμϐόλου
3022 916 3113 966 ἐπὶ
3146 914 3243 982 τὴν
3281 912 3524 978 ἐξέτασιν
3556 914 3733 967 ἐπεθύ-

494 997 646 1051 vobis
659 998 1097 1054 demonstrarent
1114 1000 1255 1069 piam
1275 1015 1397 1057 esse
1418 1017 1600 1056 vocem
1623 1001 2072 1067 illam,Filioque,

2178 1020 2315 1069 μουν
2368 1004 2675 1073 μεταϐῆναι
2721 1005 2815 1058 τοῦ
2868 1005 3169 1075 δόγματος,
3224 1004 3459 1060 ἀλλ’ἵνα
3509 1007 3735 1073 δείξωσιν

496 1088 548 1142 in
580 1087 838 1160 Symbolo
864 1092 1121 1161 positam,
1152 1109 1388 1163 esseque
1423 1096 1705 1151 doctorum
1737 1106 1790 1149 et
1814 1094 2074 1151 Ecclesiae

2176 1097 2328 1163 ὑμῖν,
2361 1096 2435 1159 ὡς
2468 1097 2703 1166 εὐσεϐής
2735 1100 2886 1152 ἔστιν
2914 1100 2971 1169 ὴ,
3011 1100 3116 1154 Ἐκ
3149 1099 3254 1153 τοῦ
3296 1101 3455 1163 Υίοῦ,
3490 1100 3634 1169 φωνή
3660 1118 3738 1152 τει

494 1182 844 1249 sententiam,
868 1192 924 1239 et
952 1184 1154 1239 frustra
1182 1201 1243 1241 se
1279 1200 1306 1238 a
1341 1185 1497 1242 vobis
1531 1187 1779 1241 accusari
1810 1195 1864 1243 et
1892 1202 2070 1256 oppu-

2176 1188 2329 1243 θεῖσα
2357 1191 2415 1242 ἐν
2444 1190 2522 1258 τῷ
2557 1190 2844 1262 Συμϐόλῳ,
2875 1192 2972 1247 καὶ
3002 1192 3128 1258 δόξα
3160 1195 3270 1245 τῶν
3301 1192 3629 1245 διδασκάλων
3656 1190 3738 1242 καὶ

498 1274 688 1342 gnari:
723 1262 1012 1345 propterea
1044 1278 1110 1332 ad
1144 1282 1633 1346 perscrutationem
1654 1280 1925 1350 dogmatis
1951 1295 2075 1348 per-

2176 1279 2276 1347 τῆς
2311 1282 2665 1350 Ἕκκλησίας,
2697 1285 2793 1335 καὶ
2824 1283 2907 1336 δτι
2941 1284 3119 1352 μάτην
3145 1282 3328 1346 αὐτοῖς
3356 1283 3630 1351 ἐγκαλεῖτε
3657 1283 3737 1335 καὶ

503 1366 691 1421 venire
723 1368 1036 1423 studebant.

2182 1373 2419 1443 μάχεσθε
2440 1388 2455 1404 ·
2489 1375 2576 1428 διὰ
2600 1375 2758 1427 τοῦτο
2787 1374 2924 1446 προς
2950 1374 3046 1446 τὴν
3075 1374 3320 1441 ἐξέτασιν
3347 1374 3537 1428 τούτου
3564 1373 3736 1427 ἔσπεν-

1046 1464 1055 1472 ’
2178 1467 2266 1518 δον
2299 1466 2625 1536 μεταϐῆναι.
3699 1462 3705 1475 ’

1166 1554 1409 1609 EPIIES.
2656 1564 2663 1569 '

2656 1564 2663 1569 “
2869 1559 3065 1614 ΕΦΕΣ.

569 1646 769 1700 Verum
818 1647 991 1701 nostri
1054 1647 1106 1701 id
1157 1664 1264 1702 non
1310 1648 1579 1712 ferebant,
1616 1660 1670 1704 et
1728 1650 1880 1705 nullo
1915 1650 2078 1705 modo

2263 1651 2407 1706 Ἀλλ’
2431 1652 2479 1705 oi
2511 1653 2778 1722 ἡμέτεροι
2809 1653 2910 1706 οὐκ
2935 1653 3249 1722 ἠνείχοντο,
3285 1651 3382 1703 καὶ
3411 1646 3738 1718 ἀμεταθέτως

499 1738 846 1808 patiebantur
867 1738 932 1794 de
956 1739 1212 1811 dogmate
1227 1745 1588 1810 quaestionem
1612 1741 1826 1807 haberi,
1842 1743 1896 1796 ni
1926 1743 2079 1814 prius

2183 1739 2331 1813 εἶχον
2358 1744 2495 1813 πρὸς
2518 1745 2619 1812 τὴν
2644 1746 2743 1812 τῆς
2773 1745 2933 1815 δόξης
2963 1743 3236 1811 ἐξέτασιν,
3266 1744 3316 1796 εί
3347 1743 3420 1813 μὴ
3445 1739 3736 1812 διορθωθείη

502 1830 871 1899 corrigeretur
894 1831 1355 1887 additamentum.
1525 1904 1533 1909 Δ

1265 1849 1355 1887 Im.
1525 1904 1533 1909 Δ
2184 1839 2347 1908 πρὸτε
2358 1854 2450 1907 ρον
2482 1838 2514 1907 ἡ
2548 1838 2856 1909 προσθήκη.

1195 1923 1396 1979 asse.
1525 1904 1533 1931 '
2114 1904 2243 1967 θ’
2359 1904 2369 1907 “
2503 1904 2604 1909 ”
2747 1904 3078 1983 "suos.

573 2013 692 2068 Non
744 2015 992 2072 ferebant
1037 2030 1168 2072 sane
1218 2018 1395 2073 nostri
1451 2018 1676 2074 alterius
1725 2021 2079 2088 problematis

2266 2019 2514 2087 Ἀληθῶς
2539 2020 2641 2073 οὐκ
2667 2022 2950 2090 ὴνειχοντο
2978 2022 3078 2090 μὲν
3103 2022 3151 2074 oi
3181 2020 3446 2092 ἡμέτεροι
3476 2017 3640 2073 ὲλθεῖν
3665 2015 3739 2069 ἐπὶ

500 2106 862 2175 quaestionem
912 2108 1129 2178 agitari,
1181 2118 1458 2165 certamen
1496 2122 1781 2181 paventes,
1834 2112 2079 2180 illudque

2181 2110 2279 2177 τὴν
2307 2108 2558 2175 ἐξέτασιν
2586 2108 2680 2161 τοῦ
2713 2108 2767 2162 δε
2779 2110 2975 2179 υτὲρου
3005 2110 3215 2181 προϐλή
3226 2128 3427 2180 ματος,
3460 2109 3550 2163 τὸν
3576 2107 3737 2177 ἀγῶνα

503 2197 957 2264 rel‘ormidantes,’
978 2214 1045 2254 ne
1080 2201 1133 2256 in
1169 2200 1412 2257 secundo
1447 2203 1613 2256 etiam
1646 2202 1785 2257 idem
1817 2201 1925 2259 illis
1953 2217 2080 2258 eve-

2180 2198 2493 2262 δειλιῶντες
2521 2201 2617 2254 καὶ
2646 2202 2945 2271 τρέμοντες
2965 2239 2980 2263 ,
3015 2202 3091 2271 μή
3123 2217 3244 2265 πως
3271 2203 3343 2256 τὰ
3374 2202 3513 2256 αὐτὰ
3540 2199 3614 2269 τῷ
3639 2198 3741 2251 δεν-

503 2291 670 2347 niret.
709 2291 923 2348 Etenim
954 2308 1053 2350 vos
1081 2294 1256 2349 divisa
1283 2295 1335 2348 in
1371 2297 1506 2350 duas
1535 2305 1716 2365 partes
1748 2295 2075 2366 quaestione,

2181 2294 2329 2359 τέρῳ
2358 2290 2624 2349 πάθωσιν.
2654 2293 2748 2355 Et;
2779 2293 2873 2347 δύο
2902 2287 2997 2348 οὖν
3026 2293 3187 2359 ὑμεῖς
3211 2292 3275 2345 τὸ
3302 2293 3523 2362 ζήτημα
3549 2288 3739 2359 διαιρή-

499 2398 730 2451 quarum
759 2385 930 2439 altera
963 2391 1101 2448 erat,
1131 2385 1267 2440 nihil
1301 2401 1425 2441 esse
1458 2385 1719 2457 Symbolo
1745 2387 2078 2451 addendum,

2187 2402 2404 2451 σαντες,
2435 2388 2515 2449 είς
2543 2384 2622 2450 τδ,
2655 2388 2731 2438 Οὐ
2766 2387 2848 2439 δεῖ
2878 2387 3201 2458 προσθεῖναι
3225 2386 3304 2454 τῷ
3333 2386 3593 2454 Συμϐόλῳ
3624 2383 3739 2452 μήτε

502 2490 572 2528 ne
626 2476 920 2531 dictionem
971 2476 1190 2545 quidem
1238 2493 1340 2532 nec
1395 2479 1689 2549 syllabam,
1731 2480 1898 2533 altera
1930 2494 2081 2543 vero,

2184 2475 2328 2540 λέξιν
2365 2477 2502 2543 μήτε
2543 2475 2852 2545 συλλαϐήν·
2889 2478 2948 2532 τδ
2989 2478 3067 2544 δὲ,
3092 2479 3167 2542 ὡς
3204 2477 3274 2533 Ἠ
3313 2477 3660 2545 προστεθεῖσα
3693 2473 3741 2525 ἐν

506 2579 607 2619 nec
638 2566 786 2635 pium
825 2581 924 2620 nec
961 2582 1152 2621 verum
1180 2582 1302 2622 esse
1349 2570 1494 2636 quod
1531 2578 1615 2624 est
1643 2570 1886 2628 additum
1919 2568 2082 2641 Sym-

2186 2562 2263 2632 τῷ
2294 2563 2557 2634 Συμϐόλῳ
2588 2565 2876 2636 προσθήκη
2909 2566 3009 2619 οὐκ
3042 2566 3193 2620 ἐστιν
3225 2569 3459 2638 εὐσεϐὴς
3484 2565 3597 2620 οὗδὲ
3628 2564 3740 2630 ἀλη-

509 2658 653 2719 holo,
689 2658 933 2714 rationes
963 2668 1175 2715 vestras
1217 2661 1542 2729 protulistis.
1571 2661 1705 2716 Cum
1741 2677 1869 2716 vero
1899 2658 2080 2716 Latini

2187 2654 2317 2723 θὴς,
2354 2656 2707 2725 προετείνατε
2736 2658 2862 2719 τοὺς
2896 2658 3116 2724 λόγους.
3154 2658 3278 2712 Τῶν
3308 2659 3364 2711 δὲ
3402 2659 3637 2712 Λατίνων
3664 2653 3740 2707 ἐπὶ

507 2749 573 2803 ad
605 2751 841 2820 primum
868 2759 1126 2808 strenuos
1160 2767 1220 2807 se
1251 2754 1655 2822 pra-siuissent,
1686 2754 2081 2823 veritatemque

2191 2746 2291 2815 μὲν
2312 2747 2373 2799 τὸ
2400 2746 2615 2815 πρῶτον
2639 2748 2906 2815 γενναίων
2933 2750 3234 2817 φανέντων,
3264 2753 3359 2804 καὶ
3384 2750 3482 2821 τὴν
3508 2747 3738 2817 ἀλήθειαν

505 2845 996 2912 demonstrassent,
1058 2859 1121 2899 ac
1185 2846 1557 2900 ostendissent
1611 2846 1960 2899 deﬁnitiones
2029 2854 2083 2899 et

2186 2838 2596 2903 ἐπιδειξάντων,
2625 2840 2722 2893 καὶ
2744 2839 2820 2900 ὡς
2845 2840 2905 2893 οὐ
2936 2841 3337 2907 προσίστανται
3365 2842 3545 2903 αὐτοῖς
3570 2841 3616 2892 οἱ
3641 2839 3736 2906 ὅροι

507 2935 725 2989 decreta
757 2935 1105 3005 prohibentia
1130 2936 1265 2989 nihil
1300 2936 1403 2991 sibi
1439 2937 1692 2999 obstare;
1728 2934 1971 3004 alioquin
2000 2932 2083 2987 fu-

2190 2931 2284 2981 καὶ
2308 2932 2375 2981 τὰ
2400 2929 2726 2998 κωλύματα,
2752 2932 2798 2982 εἰ
2826 2933 2882 2984 δὲ
2915 2930 3012 3001 μὴ,
3037 2934 3133 2985 καὶ
3157 2934 3207 2984 οἱ
3235 2934 3334 3003 τῆς
3358 2933 3610 3002 δευτέρας
3634 2947 3741 2982 συν-

506 3036 690 3079 turum
726 3036 782 3079 ut
834 3025 1025 3081 Patres
1065 3027 1236 3081 etiam
1299 3029 1554 3082 secundae
1603 3027 1795 3096 synodi
1855 3026 2085 3095 subjecti

2188 3021 2310 3073 όδου
2354 3022 2596 3090 Πατέρες
2640 3023 2855 3087 πάντως
2892 3025 3138 3094 ὑπῆρχον
3173 3025 3278 3079 ὑπὸ
3318 3026 3396 3096 τῷ
3434 3025 3736 3093 ἀναθὲματι,

508 3118 734 3172 omnino
763 3127 950 3175 essent
989 3121 1346 3186 anathemati,
1388 3122 1535 3190 quod
1580 3120 1726 3174 aliud
1761 3119 2081 3190 Symbolum

2189 3112 2318 3166 ἄλλο
2360 3114 2719 3177 ἑκδεδωκότες
2756 3115 3031 3186 Σύμϐολον
3071 3117 3104 3186 ἦ
3144 3118 3284 3187 ὅπερ
3328 3122 3360 3188 ἡ
3406 3118 3595 3187 πρώτη
3632 3112 3746 3182 φθά-

507 3209 775 3265 ediderint
805 3211 875 3266 ab
926 3212 1020 3265 illo
1065 3212 1367 3272 diversum.
1399 3211 1543 3280 quod
1576 3220 1732 3265 antea
1766 3212 1941 3278 prima
1975 3220 2088 3264 tra-

2152 3273 2156 3280 _
2196 3221 2336 3258 σασα
2373 3206 2790 3275 παραδέδωκεν·
2824 3210 2871 3259 οἱ
2904 3209 3164 3277 ὑμέτεροι
3197 3211 3527 3279 ἡττηθέντες
3558 3211 3611 3261 ὲν
3640 3206 3743 3260 τοὺ-

510 3301 761 3371 diderat;
806 3304 981 3358 nostri
1019 3304 1072 3357 in
1113 3305 1216 3358 hoc
1245 3303 1441 3358 devicti
1491 3303 1791 3359 secundum
1829 3303 2086 3372 pertime-

2153 3274 2156 3325 ί
2191 3313 2287 3363 τῳ,
2331 3270 2569 3349 ἑδειλίων
2613 3298 2706 3350 τὴν
2748 3270 3000 3368 δεύτερον
3042 3270 3574 3371 είσε).θέῑν“ἀγῶνα·
3613 3300 3657 3351 εί
3699 3300 3744 3349 ὲν

513 3392 740 3449 scebant
789 3404 1089 3450 certamen.
1127 3394 1185 3450 Si
1238 3396 1407 3460 enim,
1453 3395 1692 3454 aiebant.
1736 3396 1790 3449 in
1837 3411 1902 3449 eo
1938 3394 2086 3464 quod

2195 3387 2343 3456 αὐτῴ
2363 3430 2376 3452 ,
2412 3387 2550 3454 ὅπερ
2580 3388 2766 3450 αὐτοῖς
2799 3388 3150 3458 ἰσχυρότερον
3181 3385 3328 3443 εἶναι
3359 3391 3528 3443 ἐδόκει
3548 3432 3562 3456 ,
3595 3387 3744 3445 οὕτως

516 3483 712 3539 fortius
743 3485 1051 3552 videbatur,
1089 3496 1197 3540 tam
1237 3486 1447 3543 validas
1489 3496 1543 3542 et
1588 3500 1849 3543 nervosas
1891 3486 2091 3540 dedere

2197 3479 2426 3549 ἰσχυρὰς
2459 3480 2553 3532 καὶ
2582 3481 2836 3547 γενναίας
2861 3483 2909 3533 oi
2936 3481 3157 3534 Λατῖνοι
3183 3482 3280 3545 τὰς
3314 3483 3605 3551 ἀπολογίας
3629 3479 3745 3532 ἀπέ-

510 3577 689 3632 Latini
715 3576 1083 3640 defensiones,
1120 3580 1249 3648 quid
1297 3580 1565 3647 dicemus,
1593 3579 1684 3634 ubi
1720 3590 1942 3634 sanctos
1991 3578 2091 3631 Pa-

2192 3573 2396 3641 δωκαν,
2445 3574 2499 3624 τί
2548 3573 2615 3625 ἂν
2662 3574 2926 3643 εἴπωμεν,
2977 3573 3182 3642 ελεγον,
3232 3576 3366 3629 ὅταν
3412 3577 3535 3639 τοὺς
3580 3572 3746 3641 ἁγίους

508 3680 627 3725 tres
657 3670 935 3740 proterent
961 3685 1201 3727 consona
1233 3671 1364 3727 huic
1390 3672 1629 3742 dogmati
1675 3671 1931 3726 locutos?
1962 3669 2091 3724 Pro-

2194 3668 2326 3736 ήμτν
2376 3665 2687 3729 ὲπιδείξωσι
2738 3666 3168 3735 συμφωνοῦντας
3218 3669 3300 3737 τῷ
3353 3670 3614 3738 δόγματι;
3662 3663 3747 3715 Διὰ

512 3772 697 3829 pterea
734 3762 886 3818 nullo
934 3765 1098 3819 modo
1131 3764 1387 3819 volebant
1424 3774 1484 3818 ut
1535 3764 1599 3818 ad
1647 3763 2087 3833 disquisitionem

2192 3758 2350 3813 τοῦτο
2379 3760 2731 3827 ἀμεταθέτως
2762 3756 2911 3830 εἶχον
2943 3760 3079 3830 προς
3104 3761 3202 3831 τὴν
3233 3761 3505 3828 ἐξέτασιν,
3537 3761 3628 3813 καὶ
3653 3757 3747 3825 ὥρ-

510 3856 810 3920 veniretur,
843 3863 899 3910 et
931 3854 1115 3926 fugam
1156 3856 1282 3910 inde
1312 3859 1601 3925 parabant.
1639 3859 1891 3911 Attamen
1927 3868 2088 3909 suum

2197 3871 2379 3924 μησαν
2415 3854 2631 3907 ἐκεῖθεν
2666 3856 2859 3923 φυγεῖν
2883 3869 2898 3884 ’
2938 3854 3087 3919 ὅμως
3124 3856 3497 3924 προύϐάλοντό
3532 3873 3588 3908 σε
3626 3851 3747 3917 ὑπὲρ

506 3959 565 4001 te
610 3947 956 4004 defensorem
996 3950 1437 4015 constituerunt;
1485 3960 1542 4003 tu
1592 3964 1745 4013 vero,
1793 3963 1992 4017 nempe
2032 3956 2093 4000 ut

2194 3947 2375 4001 αὐτῶν
2424 3946 2911 4016 ἀπολογήσασθαι·
2966 3948 3060 4001 καὶ
3111 3945 3289 4011 εἶπες,
3345 3950 3562 4020 φεύγων
3606 3944 3747 4014 δῆθεν

508 4039 787 4095 devitares
834 4034 1239 4095 discussione!!!
1286 4040 1583 4109 dogmatis,
1637 4050 1694 4094 at
1745 4047 1896 4094 certe
1947 4038 2086 4092 clam

2194 4037 2288 4090 τοῦ
2319 4037 2589 4106 δόγματος
2622 4038 2720 4107 τὴν
2750 4037 3000 4102 ἐξέτασιν
3022 4083 3036 4106 ,
3072 4043 3528 4104 συγκαταϐαίνων
3554 4040 3597 4092 δ’
3620 4039 3747 4105 ὅμως

510 4129 871 4185 assentiendo
896 4129 1217 4184 Latinorum
1252 4131 1517 4200 dogmati,
1542 4131 1768 4185 dixisti:
1800 4131 1874 4186 Ut
1900 4145 2088 4184 verum

2194 4130 2695 4200 ἑγκεκαλυμμένως
2732 4130 2809 4201 τῷ
2848 4130 2956 4183 τῶν
2996 4135 3242 4188 Λατίνων
3280 4134 3545 4205 δόγματι,
3583 4132 3659 4185 ὅτι
3696 4127 3747 4180 Εἰ

510 4222 674 4276 etiam
706 4221 1076 4275 examinanda
1110 4224 1415 4288 reperiatur
1444 4225 1664 4292 dogma,
1683 4238 1784 4278 nos
1816 4232 1965 4277 certe
1993 4238 2090 4275 vo-

2196 4225 2291 4275 καὶ
2333 4222 2531 4292 ἀληθὲς
2576 4221 2829 4293 εὑρεθείη
2870 4225 2931 4277 τὸ
2972 4224 3152 4294 δόγμα
3197 4224 3607 4295 ἐξεταζόμενον.
3646 4217 3747 4293 ἀλλ’

512 4329 633 4369 cem
682 4314 825 4369 hanc
857 4314 910 4368 in
972 4314 1233 4386 Symbolo
1285 4314 1580 4371 admittere
1632 4331 1737 4370 non
1775 4328 2088 4385 possumus,

2197 4317 2361 4385 ἡμεῖς
2403 4314 2462 4366 οὐ
2503 4315 2778 4382 δυνάμεθα
2820 4316 3239 4386 παραδέξασθαι
3272 4334 3412 4370 ποτε
3453 4317 3548 4386 τὴν
3586 4311 3747 4381 φωνὴν

511 4406 770 4475 quoniam
827 4405 1017 4463 Patres
1060 4414 1280 4461 nostros
1315 4422 1589 4465 veremur.
1638 4406 1931 4480 Pugnabas
1959 4422 2090 4477 ergo

2195 4406 2398 4477 ταύτην
2430 4409 2488 4460 ὲν
2516 4408 2592 4475 τῷ
2623 4408 2917 4479 Συμϐόλῳ,
2952 4401 3143 4479 ἐπειδὴ
3172 4408 3300 4471 τοὺς
3334 4410 3585 4479 Πατέρας
3613 4402 3749 4475 ἡμῶν

511 4509 565 4554 et
596 4508 653 4556 tu
680 4510 871 4557 contra
917 4502 1224 4566 veritatem,
1248 4507 1311 4555 ut
1341 4499 1431 4555 ille
1474 4501 1573 4570 qui
1617 4501 1683 4556 de
1720 4501 1913 4556 umbra
1948 4500 2086 4555 asini

2197 4498 2600 4568 εὐλαϐούμεθα.
2641 4499 2881 4568 Ἐμάχου
2925 4498 3018 4553 οὖν
3059 4503 3123 4569 τῇ
3164 4501 3394 4572 ἀληθείᾳ
3434 4500 3529 4552 καὶ
3571 4499 3651 4554 σὺ.
3688 4493 3752 4551 ὡς

510 4591 882 4648 altercabatur
900 4612 917 4658 ;
936 4603 992 4648 et
1012 4591 1450 4649 emendationem
1474 4592 1778 4648 faciendam
1805 4593 1907 4649 hoc
1929 4593 2090 4648 modo

2160 4628 2170 4668 γ
2200 4592 2404 4654 ἐκεῖνος
2444 4592 2472 4644 ό
2516 4590 2659 4662 ὑπὲρ
2692 4590 2793 4658 τῆς
2830 4590 2955 4644 ὄνου
2996 4595 3157 4656 σκιᾶς
3182 4612 3194 4624 ’
3231 4595 3330 4648 καὶ
3360 4595 3457 4663 τὴν
3488 4590 3751 4657 διόρθωσιν

513 4686 735 4741 dicebas
760 4698 775 4740 :
796 4684 1048 4741 Tollatur
1076 4701 1106 4738 e
1137 4684 1401 4753 Symbolo
1435 4700 1535 4739 vox
1574 4684 1663 4738 illa
1694 4685 1898 4752 addita,
1929 4694 1983 4740 et
2009 4698 2097 4741 re-

2200 4686 2391 4756 τρόπῳ
2438 4684 2668 4754 τοιούτῳ
2717 4684 2972 4751 γενέσθαι
3025 4685 3252 4753 ἔλεγεςο
3304 4687 3387 4740 ὅτι
3427 4680 3750 4751 Ἐκϐληθήτω

516 4788 754 4847 ponatur
781 4793 1028 4833 seorsum
1063 4778 1116 4831 in
1148 4777 1412 4847 peculiari
1438 4777 1694 4843 decreto;
1732 4779 1953 4847 quando
1982 4779 2096 4833 haec

2199 4776 2308 4830 ἀπὸ
2337 4774 2432 4827 τοῦ
2461 4774 2742 4844 Συμϐόλου
2776 4776 2805 4844 ἡ
2840 4775 3131 4846 προσθήκη
3164 4777 3327 4849 αὕτη,
3362 4780 3450 4831 καὶ
3482 4774 3678 4842 τεθήτω
3704 4769 3750 4818 ἐν

514 4883 569 4924 te
600 4870 818 4925 dicente
853 4869 1148 4924 ridiculum
1209 4869 1338 4938 quid
1393 4883 1555 4939 passa
1584 4878 1670 4924 est
1697 4877 1887 4925 nostra
1922 4870 2094 4924 natio.

2204 4871 2318 4939 ἰδίῳ
2349 4871 2462 4939 ὅρῳ
2486 4885 2502 4903 ο
2536 4870 2625 4922 ὅτε
2654 4869 2754 4923 καὶ
2785 4870 2997 4939 γελοῖόν
3027 4887 3081 4923 τι
3117 4872 3456 4942 προσετρίϐη
3488 4868 3561 4937 τῷ
3590 4864 3748 4934 γένει.

524 4962 581 5018 Si
637 4963 784 5016 enim
817 4978 921 5016 vox
965 4961 1214 5033 Filioque
1240 4962 1558 5031 blaspheme
1598 4970 1700 5022 est,
1727 4979 1825 5018 cur
1858 4964 2015 5033 petis,
2041 4970 2099 5016 ut

2204 4961 2298 5015 σοῦ
2330 4962 2505 5015 ταῦτα
2534 4962 2805 5029 λέγοντος.
2836 4962 2897 5014 Εἰ
2925 4963 3035 5031 γὰρ
3066 4962 3389 5033 βλάσφημός
3419 4965 3561 5015 ἐστιν
3586 4960 3635 5028 ή,
3664 4955 3749 5007 Ἑλ

520 5058 574 5112 in
604 5056 828 5112 decreto
850 5056 1117 5125 peculiari
1144 5066 1443 5125 reponatur
1462 5094 1479 5120 ,
1502 5054 1965 5125 quemadmodum
2000 5056 2097 5111 do-

2237 5053 2308 5108 οῦ
2351 5053 2525 5119 Υιοῦ,
2563 5052 2716 5121 φωνὴ
2737 5101 2753 5126 ,
2789 5053 2879 5106 διὰ
2910 5053 2963 5106 τί
2997 5054 3186 5120 ζητεῖς
3218 5054 3390 5123 αὐτὴν
3423 5055 3480 5106 ὲν
3519 5049 3628 5116 ἰδίῳ
3657 5045 3751 5111 ὅρῳ
3816 5120 3824 5129 α

518 5147 799 5205 ctissimtts
820 5146 1116 5201 cardinalis
1139 5144 1390 5200 Julianus
1412 5147 1509 5201 tibi
1533 5147 1734 5217 objecit
1750 5146 1774 5200 7
1792 5149 1927 5201 (lum
1951 5148 2093 5200 enim

2201 5146 2463 5215 τεθῆναι;
2491 5142 2675 5205 καθὼς
2711 5144 2999 5207 Ἰουλιανὸς
3039 5145 3068 5195 ὁ
3108 5145 3423 5214 σοφώτατος
3466 5135 3750 5210 καρδινάλις

518 5238 755 5297 dixisses
783 5257 794 5291 :
823 5237 943 5292 Non
977 5250 1268 5306 possumus
1301 5237 1443 5293 hanc
1469 5250 1657 5293 vocem
1688 5237 1741 5291 iu
1778 5237 1904 5292 ﬁdei
1938 5238 2097 5307 Sym-

2204 5239 2340 5307 πρός
2368 5253 2428 5289 σε
2453 5237 2578 5306 ἔφη.
2625 5237 2885 5298 Εἰπόντος
2913 5237 3021 5305 γὰρ
3046 5236 3163 5302 σοῦ,
3187 5238 3269 5291 ὅτι
3287 5238 3357 5291 Οὐ
3386 5231 3646 5300 δυνάμεθα
3667 5223 3750 5286 τὴν

521 5333 647 5387 bolo
669 5333 938 5402 recipere,
968 5331 1111 5400 quod
1144 5330 1219 5385 sit
1254 5329 1597 5399 blaSphenia,
1623 5330 1718 5385 sed
1754 5345 1873 5384 eam
1906 5330 1961 5382 in
1992 5329 2097 5383 alio

2203 5330 2390 5401 φωνὴν
2418 5326 2832 5399 παραδέξασθαι
2857 5331 3061 5399 ταύτην
3090 5330 3149 5381 ὲν
3173 5329 3252 5396 τῷ
3279 5327 3537 5397 Συμϐόλῳ
3560 5322 3648 5389 τῆς
3676 5313 3749 5368 πί-

523 5424 819 5493 separatim
855 5438 1185 5490 reponamus
1205 5424 1445 5487 decreto,
1477 5431 1536 5476 ut
1557 5421 1760 5477 factum
1793 5433 1877 5476 est
1906 5422 1975 5479 ab
1998 5439 2094 5476 an-

2204 5440 2376 5483 στεως
2405 5423 2477 5484 ὠς
2512 5421 2834 5492 βλάσφημον
2866 5421 3035 5491 αὐτὴν
3065 5420 3248 5488 οὖσαν,
3281 5420 3415 5472 ἀλλὰ
3448 5419 3672 5487 θήσομεν
3702 5410 3747 5457 ἐν

520 5514 685 5582 tiquis
725 5515 794 5569 de
816 5524 825 5535 "
846 5529 978 5570 voce
1022 5513 1136 5577 illa,
1164 5512 1379 5580 Sentper
1412 5516 1580 5582 virgo,
1614 5513 1670 5568 in
1708 5513 1909 5583 hymno
1940 5513 2098 5579 cujus

2172 5515 2322 5584 ,ἰδίῳ
2366 5514 2501 5584 ὅρῳ,
2543 5514 2733 5582 ὥσπερ
2773 5513 2823 5565 οἱ
2868 5513 3036 5565 πάλαι
3081 5512 3181 5583 τὴν
3225 5514 3324 5580 τῆς
3358 5502 3745 5574 Ἀειπορθένου

523 5603 779 5660 initium:
818 5605 1130 5677 Unigenitus
1180 5604 1376 5671 Filius,
1428 5606 1723 5661 cardinalis
1774 5606 2092 5674 respondit:

2205 5605 2391 5676 φωνὴν
2438 5609 2496 5659 ἐν
2542 5605 2639 5675 τῷ,
2686 5605 2740 5657 Ὁ
2781 5604 3124 5674 μονογενὴς
3179 5604 3351 5669 Υἱός·
3393 5604 3421 5653 ό
3463 5590 3743 5677 καρδινάλις

506 5696 814 5762 -ριιωιιτιιιιι-
844 5699 1018 5767 prius,
1047 5700 1356 5753 venerande
1407 5698 1587 5762 Pater.
1640 5714 1771 5753 num
1824 5710 1949 5752 vera
2004 5699 2096 5763 sit,

2203 5699 2409 5768 ἁντέφη
2438 5716 2451 5732 ο
2493 5697 2867 5766 Ἐξετασθὴτω
2900 5698 3190 5767 πρότερον,
3223 5696 3405 5764 Πάτερ
3434 5690 3683 5783 uidistis:
3714 5676 3740 5743 ἢ

524 5805 592 5842 an
621 5788 755 5842 falsa
789 5798 843 5842 et
881 5790 1198 5858 blasphema
1228 5807 1351 5845 vox.
1385 5792 1448 5844 Et
1469 5791 1751 5859 siquidem
1780 5789 2094 5859 blaspheme

2206 5790 2357 5859 φωνὴ
2389 5789 2549 5857 αὕτη.
2584 5791 2631 5841 εἱ
2665 5788 2871 5858 ἀληθής
2903 5791 3071 5854 ἐστιν,
3106 5789 3136 5859 ἢ
3169 5788 3447 5864 ψευδήςστε
3482 5779 3569 5833 καὶ
3597 5772 3737 5872 βλάξ·

524 5880 1010 5945 demonstrabitur,
1033 5896 1210 5947 neque
1235 5882 1287 5936 in
1317 5882 1576 5950 Symbolo
1601 5882 1889 5951 habeatur,
1919 5901 2096 5955 neque

2206 5899 2429 5956 vim“)?
2470 5884 2564 5936 καὶ
2606 5885 2653 5935 εἰ
2698 5882 2797 5953 μὲν
2839 5883 3159 5953 βλάσφημος
3201 5876 3507 5945 ἀποδειχθῇ,
3548 5868 3655 5922 οοτε
3691 5868 3737 5909 ἐν
