4028 6414
313 413 456 506 tota

1378 442 1825 504 REFUTATIO
1864 446 2107 505 MARCI
2150 445 2539 508 EPIIESINI.

3433 441 3461 505 Ῑ
3465 442 3487 495 ἶ
3499 442 3569 504 50

307 577 440 628 γες’
485 563 580 615 καὶ
620 561 775 615 τοῦτο
819 561 981 633 μόνον
1021 561 1253 651 ύπῆρχέα
1283 580 1366 616 σοι
1405 563 1469 616 τδ
1510 563 1760 631 γενναῖον
1797 561 1892 615 ⁶ῑοϋ

2005 563 2338 633 praestantia.
2366 562 2581 619 Deinde
2606 562 2714 617 illis
2747 559 3082 627 dicentibus,
3121 567 3180 614 ut
3230 573 3417 614 verum
3458 575 3487 613 a
3526 570 3579 614 te

305 654 492 722 λόγου.
542 647 675 706 Εἶτα
723 653 988 707 εἰπόντων
1033 647 1286 719 ἐκείνων,
1337 654 1395 706 σὲ
1451 654 1787 723 προκομίσαι
1832 651 1895 706 τδ

2005 654 2371 724 proferretur,
2410 653 2699 723 (ποίει-θυαε
2728 651 2968 721 spatium
2992 649 3155 705 eundi
3185 648 3581 703 Constantino-

309 742 510 812 ἄληθες
529 783 546 807 ,
582 742 926 813 προθεσμίαν
956 742 1168 812 ἐζήτεις
1198 744 1453 796 ἀπελθεῖν
1484 746 1561 805 είς
1596 744 1892 796 Κωντταν-

313 834 617 887 τινούπο).ιν
649 833 744 886 καὶ
774 834 978 902 εὑρεῖν.
1013 833 1252 886 Τοιαῦτα
1285 851 1379 886 σου
1411 836 1481 887 τὰ
1516 835 1744 903 γενναῖα
1783 836 1882 904 ῥή-

311 944 455 994 ματα
491 928 582 979 καὶ
614 928 647 997 η
681 926 775 979 τοῦ
838 926 1000 993 λόγου
1063 927 1236 995 ἰσχὺς,
1304 926 1450 997 ἅπερ
1507 925 1594 979 ἐπ’
1628 925 1891 995 ἀληθείας

1999 747 2167 815 polim
2202 744 2270 798 ad
2305 743 2717 799 inveniendum.
2753 741 2878 796 llaec
2903 750 3063 795 erant
3086 740 3306 811 egregia
3340 747 3429 793 tua
3460 754 3584 791 ver-

1998 839 2089 904 ba,
2113 847 2168 892 et
2189 838 2357 892 robur
2389 839 2468 893 tui
2492 837 2789 901 sermonis,
2821 850 2943 905 qua:
2996 834 3240 901 profecto
3293 848 3582 889 recensere

2002 930 2224 1000 pudeat.
2253 928 2434 997 Quare
2460 930 2527 984 de
2555 928 2660 984 hoc
2687 927 2845 983 satis.

306 1018 535 1088 αίσχύνη
555 1017 704 1071 ἐστὶν
730 1016 1099 1085 ἀπαγγέλλειν
1166 1017 1326 1071 αὐτά.
1366 1016 1467 1069 Διά
1563 1016 1726 1070 τοῦτο
1775 1015 1895 1079 ἃλις
1940 1017 1999 1070 ἐν
2037 1019 2272 1083 τούτοις.

1003 1112 1196 1166 ΕΦΕΣ.

383 1205 592 1258 Ἀλλων
619 1215 731 1276 γαρ
762 1204 897 1259 ἄλλα
931 1206 1113 1276 ῥητῶν
1145 1205 1286 1275 ρητά
1315 1205 1717 1275 διαδεχομένων
1738 1245 1754 1270 ,
1788 1201 1883 1256 καὶ

304 1298 467 1364 λόγου
496 1297 654 1364 λόγον
682 1296 1001 1364 γεννῶντος,
1032 1295 1107 1358 ὡς
1139 1297 1199 1347 ἐν
1226 1295 1493 1358 τοιούτοις
1527 1295 1696 1357 είκὸς,
1729 1293 1883 1348 οὐδέν

302 1407 358 1441 τι
394 1389 594 1458 μᾶλλον
623 1389 657 1457 ἡ
688 1385 916 1455 ἀλήθεια
947 1386 1048 1456 τὴν
1076 1387 1277 1455 ἑαυτῆς
1308 1386 1463 1456 ἰσχὺν
1493 1386 1845 1439 ἐπεδείκνυτο
1868 1426 1882 1448 ,

302 1481 443 1534 πολὺ
476 1481 536 1534 τὸ
581 1480 752 1549 μέλαν
785 1478 1061 1549 ἐμούντων
1096 1478 1322 1532 ἐκείνων
1357 1479 1463 1547 πρὸ
1504 1478 1716 1531 ἑαυτῶν
1737 1518 1752 1544 ,
1790 1477 1886 1529 καὶ

300 1575 426 1637 ταῖς
455 1572 845 1643 μακρολογίαις
875 1572 1047 1642 αὐτὴν
1079 1571 1533 1636 ἐπισκιαζόντων.

991 1664 1200 1719 ΔΠΟᾹ.

377 1757 598 1826 Ἐπειδὴ
623 1758 692 1810 τὰ
717 1755 813 1811 τοῦ
844 1756 1083 1825 μεγάλου
1111 1754 1432 1809 Ἀθανασίου
1463 1757 1603 1826 ῥητά
1631 1753 1890 1825 διεφθαρ⁶

308 1851 451 1920 μένα
480 1850 665 1917 ἔλεγες
686 1891 702 1916 ,
733 1851 949 1919 ἀνάγκη
977 1844 1046 1920 ἦν
1078 1849 1218 1919 ρητά
1251 1848 1455 1917 ἐτέρων
1484 1849 1658 1915 ἁγίων
1689 1863 1887 1916 προκο-

2658 1111 2906 1168 EPHES.

2059 1204 2200 1259 Aliis
2230 1204 2377 1260 enim
2415 1205 2521 1261 alia
2542 1205 2708 1261 dictis
2738 1206 2883 1260 dicta
2916 1201 3346 1274 exeipientibus,
3374 1209 3429 1256 et
3461 1217 3577 1256 ser‘

1989 1312 2150 1352 mone
2183 1313 2494 1353 sermonem
2515 1300 2783 1369 pariente,
2821 1305 2880 1351 ut
2912 1297 2966 1350 in
2992 1296 3146 1351 hisce
3184 1295 3422 1359 assolet,
3468 1310 3577 1349 non

1995 1390 2279 1444 sinebatur
2321 1391 2522 1446 veritas
2543 1406 2672 1446 suas
2707 1391 2850 1445 vires
2872 1388 3184 1452 ostendere,
3220 1387 3448 1441 multum
3473 1385 3581 1439 illis

1989 1491 2356 1536 atramentum
2411 1497 2520 1552 prae
2586 1497 2646 1538 se
2697 1481 3134 1547 offundentibus,
3223 1488 3280 1534 et
3356 1478 3579 1548 prolixis

1984 1572 2336 1627 sermonibus
2391 1587 2512 1626 eam
2579 1571 3003 1627 oll'uscantibus.

2651 1664 2849 1719 RESP.

2651 1665 2695 1718 Β
2790 1665 2849 1719 Ρ.

2057 1755 2509 1826 Quandoquidem
2538 1665 2826 1812 Atbaiissii
2861 1755 3038 1826 Magni
3089 1755 3256 1809 verba
3314 1759 3579 1821 corrupta

1992 1849 2241 1912 dicebas,
2276 1848 2555 1903 aﬂerenda
2605 1849 2701 1903 tibi
2750 1855 2913 1901 erant
2966 1845 3283 1901 necessario
3347 1845 3578 1897 aliorum

309 1915 498 2011 μίσαι,
526 1915 620 1995 καὶ
657 1915 964 2012 προέφερον
1113 1915 1437 2009 Ἑπιφανίου
1463 1958 1521 1994 τε
1551 1942 1649 1993 καὶ
1682 1915 1886 2009 Κύρίλ-

2005 1952 2308 2001 sanctorum
2340 1940 2505 2006 dicta,
2537 1948 2591 1995 et
2623 1941 2787 1995 allata
2809 1948 2940 1993 sunt
2968 1954 3034 1993 ex
3065 1937 3368 2009 Epiphanio
3399 1945 3455 1989 et
3477 1933 3582 2005 Cy-

306 2031 398 2084 λου
415 2048 429 2062 ’
454 2032 548 2086 καὶ
567 2032 704 2086 αὐτὰ
721 2032 1037 2102 ἀπόκρυφα,
1051 2031 1308 2100 ἄγνωστά
1324 2048 1383 2084 τε
1404 2031 1497 2083 καὶ
1516 2028 1888 2098 διεφθαρμένα

307 2125 548 2188 ἐκάλεις.
576 2124 740 2179 Ὅθεν
766 2127 795 2179 ό
825 2126 983 2193 λόγος
1010 2127 1103 2177 τὸν
1129 2124 1290 2192 λόγον
1319 2122 1524 2191 γεννῶν
1544 2160 1559 2185 ,
1588 2120 1663 2182 ὡς
1694 2119 1888 2171 εἴωθεν

305 2218 404 2271 ἐπὶ
431 2217 643 2281 τούτοις
674 2218 763 2271 ἀεὶ
795 2217 1081 2286 γίγνεσθαι
1103 2255 1119 2278 ,
1151 2216 1349 2286 ἐχώρει
1381 2216 1461 2278 είς
1493 2214 1742 2281 ἄπειρον.
1774 2208 1889 2264 Καὶ

308 2307 405 2361 σοῦ
454 2307 551 2376 μὲν
584 2307 644 2360 ἓν
678 2309 773 2360 καὶ
816 2309 1065 2376 γενναῖον
1102 2302 1171 2377 ἧν
1203 2307 1291 2359 ἀεὶ
1334 2306 1619 2374 λέγοντος,
1652 2305 1734 2357 ὅτι
1776 2304 1886 2356 διε-

307 2398 623 2468 φθαρμένον
668 2397 851 2462 τοῦτο,
903 2397 1287 2468 νενοθευμένον
1338 2399 1558 2450 ἐκεῖνο·
1608 2396 1890 2464 ἄγνωστον

305 2490 490 2555 τοῦτο,
541 2489 863 2559 ἀπόκρυφον
915 2490 1096 2545 τᾶλλο.
1149 2492 1213 2544 Ol.
1258 2491 1316 2544 δὲ
1365 2490 1887 2560 προσδιαλεγόμενοι

308 2581 421 2635 τῶν
447 2581 693 2636 Λατίνων
722 2581 1093 2653 ἠγανάκτουν,
1124 2582 1219 2636 καὶ
1251 2583 1627 2651 θαυμάζοντες
1660 2580 1847 2648 ελεγον
1872 2595 1886 2610 ο

308 2670 568 2741 Αίδέσιμε
600 2672 779 2742 πάτερ
810 2672 1061 2739 Ἐφέσου,
1093 2674 1257 2741 ἡμεῖς
1290 2672 1387 2741 μὲν
1422 2674 1523 2725 ὅσα
1554 2672 1661 2725 τῶν
1691 2670 1892 2739 ὑμετέ-

313 2782 425 2832 ρων
450 2763 622 2829 ἁγίων
654 2763 837 2833 βιϐλία
866 2762 1139 2832 δείξομεν,
1171 2764 1269 2817 ὅλα
1296 2763 1678 2833 διεφθαρμένα
1709 2762 1891 2829 λέγεις

307 2856 345 2910 ἃ
376 2856 664 2927 Ἑλληνικά
690 2859 853 2910 slew.
880 2855 947 2910 Et
976 2855 1076 2924 μὲν
1101 2850 1195 2908 οὗν
1223 2855 1291 2909 τὰ
1318 2854 1605 2926 Ἐλληνικά
1632 2854 1892 2924 διεφθαρ-

315 2953 453 3022 μένα
490 2952 588 3005 καὶ
622 2952 749 3005 νόθα
789 2951 918 3016 εἰσὶ,
955 2950 1222 3004 Δατινικὰ
1257 2949 1315 3003 δι
1354 2951 1515 3021 ἡμεῖς
1554 2949 1615 3001 οὐ
1660 2948 1892 3017 θέλομεν

315 3044 580 3107 ἐπιδεῖξαι
613 3042 704 3096 διά
733 3041 795 3096 τδ
825 3040 1175 3108 ἀνύποπτον,
1209 3041 1376 3096 πόθεν
1411 3041 1759 3112 ἐπιδείξομεν
1793 3042 1892 3112 τὴν

313 3135 597 3204 ἀλήθειαν,
631 3134 719 3188 ῐνα
749 3133 816 3187 σὺ
848 3133 1220 3202 πιστωθείης;
1254 3133 1437 3197 Δεῖξον
1470 3133 1558 3198 σὺ,
1593 3133 1777 3205 Πάτερ
1806 3135 1894 3187 αί-

1993 2033 2137 2086 rillo.
2180 2032 2260 2086 Tu
2299 2048 2431 2087 vero
2457 2033 2550 2087 illa
2581 2033 2745 2087 etiam
2785 2030 3121 2101 apocrypha,
3169 2029 3354 2097 ignota
3409 2035 3463 2080 et
3503 2026 3581 2079 vi-

1990 2125 2128 2180 tiata
2146 2124 2399 2178 vocabas.
2420 2123 2768 2193 Quapropter
2788 2137 2972 2177 sermo
2993 2134 3307 2175 sermonem
3334 2117 3578 2187 pariens.

1989 2228 2048 2273 ut
2087 2230 2307 2286 semper
2343 2216 2396 2270 in
2431 2214 2811 2284 lmjuscemodi
2852 2214 3019 2268 rebus
3043 2212 3272 2275 assolet,
3337 2209 3391 2263 in
3454 2206 3580 2261 inti-

1990 2310 2162 2364 nitmn
2197 2306 2647 2376 protrahebatur.
2679 2304 2741 2358 [at
2773 2312 2826 2357 tu
2859 2303 3080 2372 quidem
3127 2314 3297 2354 unum
3357 2311 3578 2365 semper

1992 2415 2048 2457 et
2083 2400 2410 2471 praeclarum
2437 2397 2659 2453 assidue
2684 2396 2983 2466 repetebas
3016 2413 3031 2450 :
3093 2393 3209 2447 Hoc
3242 2403 3326 2447 est
3385 2403 3582 2444 eorru-

1991 2504 2165 2563 ptum,
2198 2491 2736 2559 illmltdepravatum,
2765 2489 3009 2558 ignotum
3046 2488 3170 2544 hoc.
3206 2482 3581 2554 apocryphum

1991 2583 2148 2639 illud.
2174 2581 2253 2636 Ex
2288 2581 2497 2638 Latinis
2523 2596 2654 2635 vero
2680 2581 2772 2650 qui
2799 2590 2983 2634 tecum
3035 2575 3413 2646 disputabant,
3467 2579 3583 2625 sto-

1991 2676 2408 2741 machahautur,
2432 2682 2485 2727 et
2510 2669 2840 2736 mirabundi,
2874 2666 3193 2731 Reverende
3213 2663 3371 2717 Pater
3399 2659 3582 2729 Ephe-

1991 2768 2133 2847 s'ine,
2166 2766 2404 2831 aiebant,
2446 2777 2802 2835 quoscunque
2862 2774 2965 2815 nos
3022 2762 3340 2812 sanctorum
3368 2763 3584 2807 veStro-

1996 2874 2117 2912 rum
2150 2857 2323 2913 libros
2349 2854 2574 2912 Graecos
2606 2851 3039 2915 ostenderimus,
3097 2858 3153 2902 tu
3185 2858 3352 2900 vocas
3376 2856 3578 2897 corru-

1995 2956 2162 3018 ptos;
2197 2946 2244 3001 si
2270 2961 2403 3018 ergo
2432 2944 2611 3001 Graeci
2655 2942 2875 2999 codices
2912 2937 3159 3008 corrupti
3190 2945 3246 2991 et
3286 2931 3585 2989 adulterini

1998 3017 2151 3101 sunt,
2202 3017 2426 3093 Latinos
2478 3052 2609 3092 vero
2633 3049 2735 3090 nos
2774 3032 3024 3104 proferre
3056 3030 3426 3092 nolumus,ut
3465 3017 3583 3079 om-

1994 3135 2082 3188 nis
2106 3131 2248 3188 absit
2276 3128 2544 3199 suspicio,
2566 3126 2709 3182 unde
2740 3124 3025 3179 veritatem
3049 3118 3576 3180 demonstrabimus,

2000 3234 2061 3279 ut
2096 3224 2259 3280 [idem
2283 3223 2383 3277 tibi
2406 3220 2679 3275 faciamus
2709 3218 2733 3271 2
2759 3216 3002 3273 Ostende
3032 3222 3114 3279 tu,
3143 3211 3443 3268 revercnde
3479 3208 3584 3263 Pa-

308 3224 526 3293 δέσιμε,
556 3222 652 3293 τὴν
681 3223 970 3293 ἀλήθειαν.
1003 3221 1105 3276 Σοῦ
1136 3223 1191 3276 δὲ
1220 3222 1348 3278 ἄλλο
1373 3240 1424 3277 τι
1458 3224 1532 3293 μὴ
1562 3223 1779 3315 ιχοντος
1807 3225 1894 3279 λέ-
1920 3255 1965 3315 c

309 3335 435 3386 γειν
457 3359 472 3383 ,
503 3316 536 3386 ἦ
569 3318 650 3371 ὅτι
680 3317 1058 3388 διεφθαρμένα
1090 3317 1186 3373 καὶ
1215 3317 1346 3371 νόθα
1377 3316 1518 3369 εἰσιν
1537 3356 1553 3380 ,
1581 3307 1798 3387 ἀνάγκῆ
1827 3314 1895 3387 ἦν

2005 3326 2105 3383 ter,
2131 3315 2440 3372 veritatem.
2467 3313 2549 3369 Te
2605 3323 2787 3367 autem
2812 3311 2947 3366 nihil
3000 3308 3150 3364 aliud
3196 3303 3583 3375 respondente,

309 3412 554 3471 ἐκείνους
597 3410 687 3463 διὰ
727 3410 837 3463 τῶν
877 3410 1164 3479 ἑπομένων
1205 3410 1298 3463 τοῦ
1343 3409 1668 3462 διδασκάλου
1715 3409 1895 3479 ῥητῶν

2007 3426 2173 3481 quam
2206 3412 2325 3465 loca
2364 3417 2624 3478 corrupta
2673 3417 2725 3461 et
2779 3402 3092 3458 adulterina
3147 3412 3299 3462 esse,
3360 3407 3589 3451 necesse

314 3503 657 3573 συμὸιεάσαι
686 3502 780 3555 τὸν
809 3501 956 3567 νοῦν,
989 3502 1082 3556 καὶ
1115 3502 1361 3571 μακροὺς
1392 3502 1674 3555 ἀποτεῖναι
1702 3502 1895 3569 λόγους

2005 3511 2122 3559 erat
2155 3501 2384 3555 Latinos
2409 3515 2501 3569 per
2529 3492 2819 3568 sequentia
2845 3493 3013 3548 verba
3073 3490 3319 3545 doctoris
3365 3499 3587 3541 sensum

312 3596 394 3656 εἰς
424 3591 705 3657 ἀπόδειξιν
732 3592 826 3645 καὶ
857 3591 1119 3662 ἐξήγησιν
1149 3588 1244 3643 τοῦ
1278 3589 1467 3660 ῥητοῦ.
1497 3591 1683 3644 Μιλαν
1710 3590 1768 3642 δὲ
1794 3590 1895 3644 οὒκ

2005 3596 2375 3650 cohaerentem
2400 3590 2710 3652 ostendere,
2738 3596 2793 3642 et
2816 3588 3010 3655 longos
3043 3596 3234 3638 texere
3297 3591 3588 3636 sermones

311 3688 583 3756 ὲξιίμεσαν
609 3689 669 3739 ἐν
696 3690 816 3749 ταῖς
849 3688 1063 3740 ἑαυτῶν
1089 3685 1449 3754 ἀποκρίσεσιν
1473 3687 1521 3739 οἱ
1552 3687 1772 3741 Λατῖνοι
1798 3687 1895 3757 τὴν

2005 3685 2062 3740 ειΙ
2079 3682 2568 3738 demonstrandum
2591 3687 2645 3733 et
2664 3674 3066 3746 explauandum
3087 3671 3331 3726 auctoris
3352 3670 3583 3722 dictum.

310 3780 577 3849 ἀλήθειαν
600 3779 954 3848 ἐρευνῶντες,
979 3777 1097 3830 ἀλλ’
1121 3777 1153 3848 ἢ
1184 3779 1249 3831 σὺ
1282 3778 1514 3832 πάντοτε
1543 3778 1664 3847 μεθ’
1688 3778 1895 3849 ὕϐρεως

2005 3776 2217 3831 Nullum
2243 3787 2410 3843 porro
2468 3781 2836 3826 atramentum
2862 3778 3160 3821 evomuere
3181 3760 3364 3817 Latini
3391 3761 3445 3813 in
3469 3757 3588 3813 suis

312 3869 491 3937 λέγων
514 3869 610 3920 καὶ
634 3868 888 3939 γράφων,
914 3868 1124 3921 καὶτὸν
1153 3867 1229 3920 ῖδν
1253 3867 1311 3920 ἐν
1336 3871 1446 3933 τοῖς
1473 3869 1709 3941 χείλεσιν
1734 3869 1897 3940 ἔχων,

315 3959 444 4012 ὃθεν
469 3961 560 4014 καὶ
589 3958 973 4029 κατεγνώσθης
1004 3959 1079 4022 ὡς
1106 3959 1479 4031 δεισιδαίμων.

1997 3868 2473 3942 responsionibus,
2522 3880 2650 3920 eum
2697 3861 2988 3942 veritatem
3042 3856 3410 3924 indagarent;
3469 3851 3581 3906 imo

1997 3940 2132 4020 vero
2163 3973 2242 4029 tu,
2265 3961 2359 4032 qui
2386 3958 2605 4029 semper
2625 3966 2680 4012 et
2710 3940 2990 4025 loquendo
3011 3961 3065 4007 et
3096 3946 3390 4025 scribendo
3443 3958 3579 3999 cou-

323 4051 574 4107 tumelias
600 4051 760 4121 iacis,
794 4060 847 4106 et
874 4051 1025 4106 labra
1058 4065 1267 4107 veneno
1311 4052 1532 4122 perfusa
1569 4051 1736 4109 habes
1765 4091 1779 4117 ,
1818 4068 1884 4109 ex
1928 4069 2039 4125 quo
2064 4056 2236 4111 etiam
2264 4053 2669 4110 condemnatus
2716 4065 2777 4107 es
2834 4057 2895 4104 ut
2950 4040 3442 4119 superstitionibus
3486 4038 3588 4094 im-

322 4146 513 4199 butus.
932 4188 939 4191 _

1015 4241 1210 4296 ΕΦΕΣ.

396 4335 587 4405 ’Δχρις
620 4334 681 4387 οὗ
717 4331 880 4386 πάλιν
910 4332 1335 4402 ἀπαγορεύσας,
1374 4335 1480 4389 υπό
1512 4352 1570 4389 τε
1600 4335 1701 4406 τῆς
1736 4335 1901 4405 συνή-

314 4428 450 4490 θους
502 4425 892 4498 ἐνοχλούμενος
945 4425 1260 4493 ἀσθενείας,
1308 4428 1405 4481 καὶ
1458 4427 1519 4479 τὸ
1568 4426 1679 4480 τῶν
1725 4426 1902 4495 λόγων

313 4518 570 4588 ἄκαρπον
596 4513 882 4586 καθορῶν,
909 4514 1176 4569 ἀπέτεινα
1206 4516 1367 4585 λόγον
1394 4516 1481 4571 διὰ
1517 4516 1732 4589 μακροῦ
1764 4517 1903 4585 πρὸς

313 4604 519 4666 αὐτοὺς
565 4603 693 4656 ὅσον
744 4603 972 4672 ίσχυονο
1024 4603 1082 4653 ἐν
1132 4597 1178 4671 ᾧ
1234 4605 1569 4675 μαρτυρίαις
1622 4606 1904 4669 πλείσταις

317 4695 740 4768 ἀναντιῤῥήτοις
783 4694 1107 4765 παρέστησα
1141 4694 1239 4767 τὴν
1273 4695 1534 4766 ἀλήθειαν
1568 4698 1664 4752 τοῦ
1705 4699 1905 4768 ἡμετέ-

316 4804 419 4857 ρου
450 4787 760 4856 δόγματος,
789 4787 982 4858 ὅτιπερ
1012 4789 1074 4841 ἐκ
1104 4788 1269 4859 μόνου
1297 4787 1391 4842 τοῦ
1426 4789 1669 4860 Πατρός,
1699 4790 1820 4860 οὐχὶ
1847 4790 1903 4844 δὲ

314 4878 416 4931 καὶ
441 4880 503 4931 ἐκ
532 4878 626 4932 τοῦ
658 4878 814 4947 Υίοῦ,
848 4880 909 4933 τὺ
927 4879 1153 4949 Πνεῦμα
1173 4880 1234 4934 τὸ
1266 4882 1420 4949 ἀγιον
1451 4882 1835 4954 ἐκπορεύεται.

1008 4976 1217 5029 ΑΠΟΛ.

405 5066 820 5137 Ἀπηγόρευσας
868 5070 967 5138 μὲν
1014 5068 1251 5139 ἀληθῶς,
1286 5068 1446 5137 ἔφης,
1480 5068 1555 5137 μὴ
1605 5067 1907 5139 δυνάμενος

314 5159 439 5219 τοῖς
501 5158 770 5226 γενναίοις
843 5160 941 5213 τοῦ
1016 5160 1132 5231 φρὲ
1211 5160 1463 5213 Ἰωάννου
1518 5160 1907 5227 συλλογισμοῖς

315 5251 653 5319 ἀντιλέγειν,
697 5254 785 5306 ὅτε
813 5269 897 5306 σοι
925 5252 986 5305 τὸ
1016 5252 1109 5305 τοῦ
1138 5252 1383 5322 μεγάλου
1418 5254 1706 5307 Βασιλείου
1740 5253 1906 5324 ῥητὸν

317 5344 466 5409 μετὰ
520 5344 907 5415 συλλογισμῶν
951 5344 1269 5420 ἀντηρῶτα,
1309 5344 1374 5398 τὸ
1421 5344 1622 5412 λέγον⁹
1672 5345 1747 5399 Οὐ
1795 5344 1903 5415 γάρ

234 5454 237 5461 ·
312 5451 446 5489 τινα
472 5435 826 5508 λαμϐάνομεν
854 5438 1007 5506 παρὰ
1037 5436 1131 5489 τοῦ
1164 5437 1505 5507 Πνεύματος,
1526 5435 1717 5507 ὥσπερ
1752 5437 1907 5507 παρὰ

312 5527 418 5579 τοῦ
464 5528 593 5582 Υίοῦ
635 5535 698 5582 τὸ
748 5528 993 5598 Πνεῦμα.
1037 5530 1127 5582 Ἐν
1172 5530 1351 5599 τούτῳ
1385 5530 1491 5600 γὰρ
1536 5532 1617 5601 τῷ
1665 5531 1818 5601 ρητῷ
1847 5547 1906 5584 σε

315 5618 527 5685 ἔδειξεν
566 5622 792 5687 ἄπειρον
840 5621 1125 5691 θεολογίας
1154 5626 1256 5693 τῆς
1300 5624 1481 5694 ἱερᾶς·
1533 5625 1624 5677 ὅτε
1687 5623 1781 5677 καὶ
1830 5623 1906 5687 ὡς

315 5716 603 5785 ἀκροατήν
639 5733 698 5768 σε
730 5715 1002 5782 ἐδίδασκε,
1032 5716 1151 5779 πῶς
1191 5716 1273 5769 δεῖ
1317 5718 1460 5770 νοεῖν
1492 5717 1594 5786 τὴν
1639 5715 1908 5787 ἐκπόρευδ-

322 5820 414 5857 σιν
449 5804 542 5857 τοῦ
573 5807 845 5874 παναγίου
873 5805 1192 5876 Πνεύματος
1216 5824 1229 5839 ·
1266 5808 1579 5878 κατόπτρου
1610 5809 1718 5877 γάρ
1750 5808 1908 5878 δίκην

319 5894 396 5946 τά
434 5895 717 5963 Πρακτικά
752 5897 857 5949 είσι
890 5896 1276 5967 μαρτυροῦντα
1316 5897 1377 5950 τὸ
1419 5897 1618 5970 ἀληθές
1645 5915 1656 5927 ·
1698 5899 1755 5952 οὐ
1795 5899 1901 5971 γὰρ

2669 4230 2914 4289 EPHES.

2072 4330 2256 4385 Donec
2285 4327 2480 4383 iterum
2504 4339 2602 4396 spe
2624 4333 2678 4379 et
2711 4322 2920 4378 Viribus
2950 4318 3273 4384 destitutus,
3325 4322 3438 4370 tum
3461 4304 3595 4383 quia

2002 4429 2277 4478 consueto
2316 4417 2602 4488 alliigebar
2630 4413 2846 4477 morbo,
2882 4422 2997 4467 tum
3031 4411 3162 4480 quia
3191 4405 3378 4462 inania
3432 4402 3590 4458 fundi

2007 4515 2172 4571 verba
2203 4512 2484 4577 videbam,
2525 4519 2839 4565 sermonem
2875 4503 2946 4557 ad
2973 4516 3072 4557 eos
3105 4497 3270 4555 habui
3299 4511 3465 4566 quam
3496 4509 3594 4565 po-

2009 4608 2085 4663 tui
2108 4604 2494 4675 longissimum
2523 4618 2541 4669 ;
2572 4614 2683 4670 quo
2713 4597 2968 4669 plurimis
2994 4590 3467 4661 irrel‘ragabilibus
3514 4595 3594 4642 te-

2006 4700 2284 4756 stimoniis
2308 4695 2500 4767 aperui
2526 4691 2700 4747 nostri
2723 4687 2994 4760 dogmatis
3014 4684 3325 4749 veritatem,
3350 4695 3462 4751 quo
3483 4679 3594 4735 sei-

2012 4793 2141 4847 lieet
2167 4805 2236 4845 ex
2264 4788 2382 4844 solo
2408 4785 2593 4850 Patre,
2623 4791 2733 4838 non
2759 4780 2925 4837 etiam
2958 4794 3025 4834 ex
3062 4776 3221 4841 Filio,
3264 4772 3596 4845 procedebat

2014 4884 2249 4956 Spiritus
2280 4889 2526 4938 sanctus.

2714 4965 2914 5023 RESP.

2091 5066 2288 5123 Verum
2329 5072 2414 5119 est
2460 5063 2607 5132 quod
2658 5060 2762 5125 ais,
2811 5056 2981 5113 fuisse
3023 5062 3073 5111 te
3103 5070 3198 5126 spe
3225 5051 3590 5111 destitutum:

2013 5164 2143 5233 quia
2192 5169 2386 5217 contra
2421 5156 2634 5212 validos
2667 5153 2856 5209 fratris
2884 5151 3113 5208 JOannis
3144 5150 3491 5221 syllogismos
3513 5144 3595 5198 di-

2016 5269 2139 5310 cere
2186 5269 2293 5309 non
2338 5251 2560 5304 valebas
2601 5244 2870 5317 ;quando
2906 5255 2957 5299 te
2986 5260 3082 5314 per
3115 5242 3464 5313 syllogismos
3509 5237 3595 5290 vi-

2011 5345 2202 5400 cissim
2250 5340 2635 5411 interregabat
2683 5338 2752 5392 de
2794 5337 2889 5390 illo
2935 5333 3120 5404 magni
3167 5329 3351 5385 Basilii
3396 5327 3588 5383 dicto:

2011 5435 2202 5507 Neque
2248 5435 2395 5490 enim
2448 5431 2753 5503 accipimus
2788 5445 2817 5482 a
2865 5427 3073 5497 Spiritu
3130 5424 3332 5493 aliqua,
3385 5422 3531 5475 sicut
3560 5436 3591 5474 a

2013 5529 2155 5585 Filio
2197 5528 2461 5598 Spiritus.
2501 5524 2561 5579 In
2603 5538 2711 5594 qua
2744 5530 2795 5578 te
2825 5521 3096 5577 sententia
3147 5516 3385 5573 ostendit
3423 5530 3595 5570 sacrae

2016 5621 2306 5693 theologia:
2338 5620 2627 5690 ignarum;
2659 5632 2783 5672 cum
2824 5626 2876 5669 te
2906 5614 3072 5668 etiam
3104 5612 3255 5667 velut
3282 5610 3592 5666 auditorem

2015 5713 2321 5774 erudiebat,
2364 5708 2642 5779 quomodo
2687 5702 3038 5771 intelligenda
3068 5703 3139 5755 sit
3175 5700 3418 5772 Spiritus
3469 5714 3590 5752 san«

2018 5805 2091 5858 cti
2145 5800 2461 5873 processio;
2505 5797 2639 5852 Acta
2673 5797 2819 5851 enim
2865 5794 3044 5848 instar
3085 5795 3292 5864 speculi
3346 5802 3509 5847 sunt.
3542 5797 3595 5842 et
3686 5842 3694 5847 .

2017 5912 2203 5952 verum
2253 5901 2542 5950 testantur.
2572 5888 2758 5969 Neque
2791 5901 2918 5943 vero
2952 5897 3005 5942 tu
3045 5887 3193 5943 illius
3226 5884 3387 5940 verba
3440 5880 3593 5953 vide.-
