4028 6410
307 309 349 366 li
378 309 442 367 .57

1367 313 1804 372 ltEFUTATIO
1846 313 2083 370 MARCI
2124 313 2505 374 EPllESINI.

3405 311 3539 374 101-3

302 421 455 489 παρὰ
498 420 586 472 τοῦ
633 423 844 492 Πατρδις
893 427 982 476 καὶ
1011 424 1103 478 τοῦ
1144 426 1271 480 Υἱοῦ
1313 430 1428 480 ἐστι
1455 446 1466 456 ·
1523 449 1542 480 ι
1569 429 1662 482 καλ⁸
1696 427 2026 496 κατωτέρω’
2066 448 2083 480 ι
2130 430 2202 483 Τὸ
2236 431 2456 501 Πνεῦμα
2507 431 2564 484 δὲ
2610 434 2673 484 ἐκ
2714 431 2805 483 τοῦ
2878 409 3087 499 Πατρός
3136 429 3227 482 καὶ
3262 429 3354 506 τοῦ
3423 431 3553 483 Υἱοῦ

301 515 478 568 πνέει.
509 536 529 566 ι

368 608 642 676 Ταράσιος
671 611 729 664 δὲ
775 614 800 665 6
830 615 1100 686 μακάριος
1143 623 1490 691 πατριάρχης
1521 623 1874 674 Κωνσταντι-

2052 618 2313 673 Similiter
2331 618 2520 672 beatus
2539 617 2798 673 Tarasius
2827 617 3137 687 patriarcha
3166 616 3548 672 Constantino-

297 701 604 764 νουπόλεως
641 706 698 754 ὲν
728 708 792 774 τῇ
823 709 1078 777 ἐπιστολῇ
1115 710 1250 776 πρὸς
1282 714 1411 774 τοὺς
1455 716 1556 776 τῆς
1605 716 1877 780 ἀνατολῆς

303 794 600 861 ἁρχιερ;ῖς,
630 788 697 865 ἦς
749 798 780 864 ἡ
831 799 996 867 ἁρχὴ,
1034 800 1265 864 Π(ιλλαίς
1299 805 1396 856 καὶ
1447 807 1713 872 μεγάλαις
1746 823 1878 873 προ-

307 885 487 945 νοίαις,
517 884 655 938 οὕτω
689 889 822 957 φησί
850 906 863 921 ο
896 910 913 940 ι
950 894 1052 944 Καὶ
1079 896 1157 955 εἰς
1191 894 1250 945 τὸ
1279 893 1498 964 Πνεῦμα
1523 899 1582 948 τὸ
1613 896 1787 963 ἅγιον,
1820 899 1880 950 τὸ

300 979 361 1027 ὲκ
409 976 501 1029 τοῦ
560 978 769 1048 Πατρός
815 982 883 1032 δι’
919 983 1049 1037 Υἱοῦ
1101 987 1564 1056 ἐκπορευόμενον,
1596 991 1686 1041 καὶ
1746 990 1878 1043 αὐτὸ

299 1066 435 1118 Θεὸν
467 1062 609 1119 εἶναι
636 1073 1058 1140 γνωριζόμενον.
1083 1095 1101 1126 ι

373 1158 481 1209 Καὶ
518 1161 545 1210 ὁ
591 1158 749 1226 ἆγιος
797 1163 855 1215 δὲ
917 1163 1152 1235 ’ἰλάριος
1207 1171 1263 1220 ἐν
1298 1169 1366 1238 τῷ
1411 1169 1554 1239 λόγῳ
1605 1170 1682 1240 τῷ
1738 1172 1878 1238 μετὰ.

296 1250 398 1316 τὴν
441 1251 818 1322 Πεντηκοστὴν
852 1253 995 1310 οὕτω
1023 1257 1187 1327 φησί’
1225 1279 1242 1310 ι
1287 1260 1622 1329 [Ιιστεύομεν
1665 1263 1745 1323 εἰς
1781 1261 1878 1332 τὴν

296 1341 460 1408 ἁγίαν
504 1344 729 1412 Τριάδα,
763 1348 1011 1401 τουτέστι
1063 1351 1156 1402 τὸν
1209 1352 1427 1421 Πατέρα
1475 1358 1571 1406 καὶ
1609 1355 1699 1406 τὸν
1747 1354 1876 1406 Υίδν

299 1434 396 1484 καὶ
424 1433 483 1485 τὸ
512 1433 667 1502 ἆγιον
704 1437 952 1507 Πνεῦμα,
989 1438 1086 1493 ἕνα
1117 1441 1248 1494 Θεὸν
1279 1444 1710 1514 παντοδύναμον,
1745 1447 1876 1514 μιᾶς

299 1529 511 1592 οὐσίας,
547 1529 682 1597 μιᾶς
721 1531 1030 1600 ὑπάρξεως,
1062 1537 1191 1603 μιᾶς
1239 1535 1510 1600 ἐξουσίας,
1541 1539 1877 1605 δημιουργὸν

301 1620 522 1673 πάντων
552 1622 659 1675 τῶν
692 1623 1007 1692 κτισμάτων
1027 1640 1042 1656 ·
1075 1627 1132 1692 ἐξ
1160 1627 1219 1680 οὗ
1253 1629 1448 1692 πάντα,
1472 1628 1540 1682 δι’
1578 1626 1638 1683 οῦ
1675 1631 1871 1694 πάντα,

301 1713 360 1763 ὲν
413 1705 695 1777 ᾧπὰνταο
756 1715 976 1783 Πατέρα
1035 1715 1128 1784 ἀφ’
1190 1718 1410 1780 ἑαυτοῦ,
1447 1719 1564 1772 ἀλλ’
1621 1719 1719 1771 οὐκ
1781 1717 1870 1785 ἀφ’

301 1805 521 1875 ἐτέρου·
558 1806 681 1858 Υίὸν
714 1809 775 1860 ἐκ
802 1807 897 1859 τοῦ
933 1809 1146 1878 Πατρδς
1194 1812 1477 1880 γεννητὸν,
1509 1812 1642 1863 θεὸν
1677 1811 1874 1880 ἀληθι-

301 1899 392 1950 νὸν
453 1900 516 1951 ὲκ
568 1897 703 1952 Θεοῦ
765 1899 1041 1968 ἀληθινοῦ,
1107 1901 1221 1968 φῶς
1275 1902 1529 1970 ἀληθινὸν
1577 1904 1641 1955 έκ
1693 1903 1874 1970 φωτὸς

300 1987 580 2055 ἀληθινοῦ,
608 1989 666 2041 οὐ
709 1989 813 2057 μὴν
846 1989 938 2043 δύο
981 1991 1160 2057 φῶτα,
1191 1992 1305 2044 ἀλλ’
1355 1991 1413 2044 ἓν
1459 1993 1608 2059 φῶς’
1645 1995 1870 2065 Πνεῦμα

302 2079 459 2145 ἅγιον
519 2079 670 2150 παρὰ
726 2080 938 2149 Πατρός
1000 2081 1092 2134 καὶ
1144 2081 1273 2134 Υἱοῦ
1319 2083 1512 2152 ἐπίσης
1569 2087 1868 2156 ἐκπορευό·

303 2187 485 2240 μενον.
528 2187 548 2220 ι

376 2265 484 2316 Καὶ
526 2265 873 2328 Ἀναστάσιος
899 2263 956 2319 δὲ
986 2269 1012 2318 ὁ
1041 2266 1134 2320 τοῦ
1166 2267 1321 2334 ἁγίου
1354 2268 1514 2338 ὅρους
1547 2272 1679 2324 Σινᾶ
1712 2274 1767 2324 ἐν
1799 2273 1874 2340 τῷ

306 2355 452 2424 λόγῳ
504 2354 580 2426 τῷ
621 2356 762 2424 Περὶ
797 2358 928 2412 καθ’
977 2358 1134 2426 ἡμᾶς
1173 2360 1363 2427 ὀρθῶν·
1407 2361 1716 2431 δογμάτων
1765 2364 1876 2432 τῆς

302 2449 612 2514 ἀληθείας,
636 2449 951 2520 ἐπιγραφὴν
979 2451 1177 2520 ἔχοντι,
1221 2451 1284 2504 ’Π
1315 2453 1371 2506 δὲ
1405 2455 1548 2524 ἀρχὴ
1584 2454 1679 2506 τοῦ
1707 2455 1872 2522 λόγου

303 2539 413 2590 τῶν
455 2541 575 2609 περὶ
615 2539 716 2610 τῆς
768 2541 955 2608 ὑγιοῦς
1005 2541 1160 2610 ἡμῶν
1208 2543 1468 2610 πίστεως,
1501 2544 1644 2599 οὕτω
1692 2547 1868 2616 φησί’

309 2649 326 2678 ι
365 2628 468 2681 Τοῦ
491 2630 545 2682 δὲ
569 2629 816 2698 σώματος
836 2631 896 2684 τὸ
920 2633 1115 2701 ίδέωμα
1134 2634 1386 2699 λαδόντες
1408 2639 1481 2697 ὡς
1504 2655 1575 2688 πα
1587 2637 1875 2707 ραδειγμα,

303 2723 405 2790 τὴν
435 2722 791 2792 ἀλληλουχίαν
839 2724 945 2778 τῶν
976 2724 1135 2778 Θείων
1189 2728 1618 2797 παρεστήσαμεν
1659 2728 1746 2782 διὰ
1778 2733 1876 2800 τῆς

304 2815 414 2868 τῶν
443 2815 621 2884 μελῶν
644 2816 936 2884 ἀναλογίας
966 2833 1025 2868 τε
1058 2817 1152 2871 καὶ
1181 2818 1434 2881 εἰκασίας
1455 2835 1468 2850 ο
1495 2819 1672 2892 ταύτῃ
1698 2822 1754 2873 δὲ
1785 2824 1878 2876 καὶ

307 2904 526 2974 πνεῦμα
588 2906 853 2975 στόματος
914 2906 1101 2970 αὐτοῦ,
1165 2907 1410 2974 δηλονότι
1463 2908 1557 2963 τοῦ
1615 2910 1774 2972 Θεοῦ,
1823 2917 1883 2966 τὸ

310 2996 536 3066 Πνεῦμα
592 2997 652 3049 τὸ
721 2997 876 3064 ἅγιον
927 2998 1184 3065 λέγεται,
1245 3001 1512 3070 στόματος
1586 3003 1739 3067 ὄντος
1788 3002 1882 3057 τοῦ

308 3089 667 3156 Μονογενοῦς.
704 3081 820 3142 Καὶ
871 3091 1119 3159 Πνεῦμα,
1167 3092 1333 3146 παλιν
1386 3093 1446 3157 ἐξ
1494 3095 1659 3149 αὑτοῦ
1721 3097 1886 3152 ἐκποη

304 3182 606 3252 ρευόμενον
651 3185 743 3237 καὶ
782 3184 1280 3254 ἀποστελλόμενον,
1322 3187 1384 3238 οὐ
1417 3187 1578 3256 μόνον
1612 3190 1762 3257 παρά
1791 3191 1883 3244 τοῦ

1985 710 2274 778 politanus,
2312 711 2363 762 in
2401 710 2630 778 epistola
2664 710 2729 763 ad
2763 710 3022 778 praesules
3055 708 3313 774 Orientis,
3338 726 3461 777 quae
3485 713 3554 765 ita

1982 800 2172 870 incipit
2207 817 2221 852 :
2266 801 2446 856 Multis
2475 810 2528 854 et
2562 802 2772 871 magnis
2800 801 3158 856 Providentia:
3204 801 3398 863 modis,
3434 803 3549 856 haec

1983 894 2144 946 habet
2171 909 2185 944 :
2216 909 2235 941 σ
2280 890 2346 945 Et
2377 895 2428 945 in
2457 893 2719 962 Spiritum
2757 905 3030 956 sanetum,
3059 893 3149 961 qui
3177 907 3241 944 ex
3272 892 3431 946 Patre
3465 909 3554 962 per

1982 985 2178 1038 Filium
2209 986 2476 1055 procedit,
2510 986 2604 1054 qui
2634 994 2686 1040 et
2721 986 2836 1054 ipse
2864 984 3005 1040 Deus
3027 987 3362 1055 agnoscitur.
3407 1004 3425 1037 ι

2052 1164 2116 1218 Et
2153 1173 2376 1219 sanctus
2408 1163 2668 1230 Hilarius,
2725 1164 2970 1219 oratione
3001 1174 3122 1234 post
3176 1165 3551 1232 Pentecosten,

1979 1257 2059 1312 sic
2093 1258 2203 1313 ait:
2239 1277 2257 1309 ι
2283 1258 2570 1313 Credimus
2597 1259 2646 1311 in
2673 1268 2912 1311 sanctam
2956 1257 3295 1325 Trinitatem,
3336 1261 3439 1313 hoc
3474 1269 3554 1312 est

1980 1347 2201 1401 Patrem
2231 1357 2285 1402 et
2313 1345 2506 1402 Filium
2538 1360 2591 1403 et
2615 1348 2877 1418 Spiritum
2903 1357 3181 1413 sanctum,
3200 1365 3367 1403 unum
3386 1348 3554 1402 Deum

1979 1438 2424 1508 omnipotentem,
2461 1441 2626 1492 unius
2654 1438 2994 1502 substantiae,
3057 1439 3220 1492 unius
3274 1436 3550 1501 essentiae,

1979 1531 2142 1585 unius
2155 1531 2458 1600 p0testatis,
2490 1531 2825 1585 conditorem
2859 1529 3100 1584 omnium
3135 1537 3509 1585 creaturarum
3540 1546 3555 1592 ;

1980 1640 2045 1678 ex
2097 1639 2207 1694 quo
2236 1623 2442 1688 omnia,
2473 1639 2570 1693 per
2599 1640 2759 1693 quem
2815 1625 3021 1689 omnia,
3083 1623 3138 1678 in
3193 1637 3302 1692 quo
3325 1621 3504 1677 omnia
3539 1638 3554 1683 ;

1980 1716 2195 1771 Patrem
2227 1732 2293 1770 ex
2327 1731 2408 1782 se,
2449 1732 2557 1771 non
2587 1720 2656 1771 ab
2702 1717 2852 1782 alio;
2885 1714 3083 1769 Filium
3148 1730 3215 1768 ex
3260 1714 3418 1768 Patre
3466 1729 3557 1781 ge-

1981 1810 2181 1874 nitum,
2212 1811 2378 1863 Deum
2435 1823 2618 1862 verum
2679 1808 2746 1863 de
2785 1807 2894 1863 Deo
2923 1822 3072 1873 vero,
3125 1806 3304 1860 lumen
3370 1819 3556 1858 verum

1979 1905 2045 1958 de
2065 1903 2270 1957 lumine
2317 1917 2466 1967 vero,
2503 1917 2610 1956 non
2645 1911 2824 1955 tamen
2848 1903 2957 1956 duo
3011 1901 3216 1955 lumina
3245 1897 3338 1952 sed
3389 1912 3556 1950 unum

1978 1999 2190 2062 lumen;
2224 1995 2487 2064 Spiritum
2522 2003 2767 2050 sanctum
2791 2011 2817 2048 a
2847 1993 3004 2049 Patre
3039 2001 3093 2050 et
3126 1992 3261 2046 Filio
3281 1990 3560 2061 aequaliter

1976 2091 2376 2159 procedentem.
2410 2108 2428 2140 ι
2732 2096 2737 2102 ’

2048 2247 2126 2300 Ad
2169 2247 2280 2302 haec
2310 2246 2633 2302 Anastasius
2657 2247 2830 2300 sancti
2887 2245 3084 2299 montis
3122 2244 3276 2305 Sina,
3327 2243 3380 2295 in
3440 2255 3555 2294 ser-

1978 2355 2160 2403 mone,
2184 2342 2268 2394 cui
2306 2339 2492 2393 titulus
2530 2355 2544 2392 :
2573 2338 2818 2392 Dercetis
2844 2353 2962 2406 qua:
2990 2353 3081 2390 nos
3112 2338 3372 2388 credimus
3423 2336 3555 2405 dog-

1979 2433 2210 2486 matibus
2243 2433 2504 2499 ueritatis,
2536 2431 2695 2501 cujus
2727 2432 2830 2484 tale
2845 2431 3172 2500 principium
3205 2439 3286 2483 est
3321 2430 3553 2483 :Eorum

1979 2541 2102 2594 quae
2131 2524 2197 2579 de
2230 2525 2431 2580 illibata
2457 2525 2560 2577 fide
2592 2531 2802 2584 nostra,
2834 2526 2906 2575 ita
2977 2522 3241 2590 scriptum
3293 2521 3510 2588 reliqu‘t
3540 2536 3554 2571 :

1988 2639 2005 2671 ι
2051 2618 2127 2672 Ex
2169 2633 2235 2672 eo
2272 2631 2438 2686 porro
2467 2615 2612 2684 quod
2644 2615 2926 2685 proprium
2977 2614 3224 2684 corporis
3255 2623 3338 2667 est
3391 2613 3558 2681 petito

1981 2710 2250 2780 exemplo,
2279 2707 2703 2772 declaravimus,
2737 2704 3012 2775 quomodo
3041 2705 3093 2758 in
3153 2704 3353 2758 divinis
3410 2703 3545 2756 alte-

1981 2817 2101 2856 rum
2128 2803 2200 2854 sit
2224 2799 2278 2852 in
2309 2800 2487 2871 altero.
2507 2811 2573 2850 ex
2602 2795 2956 2866 proportione
3015 2805 3070 2847 et
3129 2792 3551 2846 adumbratioue

1983 2894 2377 2948 membrorum.
2408 2889 2520 2945 Hae
2551 2890 2694 2945 enim
2728 2891 2940 2942 ratione
2967 2895 3022 2941 et
3043 2885 3266 2956 spiritus
3286 2885 3397 2939 oris
3415 2884 3553 2953 ejus,

1985 2987 2079 3041 Dei
2123 2985 2354 3052 scilicet,
2388 2983 2624 3054 Spiritus
2655 2991 2880 3037 sanctus
2909 2979 3132 3043 dicitur,
3195 2993 3320 3032 cum
3371 2978 3440 3030 sit
3495 2992 3558 3029 os

1991 3079 2324 3147 Unigenitus.
2350 3097 2368 3131 ι
2394 3079 2460 3133 Et
2496 3092 2687 3133 rursus
2715 3092 2730 3130 :
2772 3094 2788 3126 ι
2831 3074 3062 3145 Spiritus
3083 3114 3097 3138 ,
3121 3073 3210 3142 qui
3242 3073 3310 3125 ab
3339 3086 3400 3124 eo
3431 3085 3556 3139 pro-

1988 3174 2133 3229 cedit
2182 3183 2235 3228 et
2288 3171 2540 3237 mittitur,
2575 3184 2682 3223 non
2712 3183 2742 3222 a
2774 3168 2934 3222 Patre
2973 3167 3170 3231 solum,
3207 3164 3301 3218 sed
3335 3164 3495 3217 etiam
3529 3178 3560 3214 a

301 3276 544 3344 Πατρὸς,
577 3276 712 3328 ἀλλὰ
743 3279 836 3330 καὶ
871 3276 1022 3345 παρὰ
1056 3275 1150 3329 τοῦ
1179 3275 1332 3331 Υ.οῦ.
1375 3297 1393 3329 ι
1434 3278 1541 3330 Καὶ
1592 3255 1732 3346 μετᾶ
1761 3296 1882 3333 τινα

1993 3267 2183 3322 Filio.»
2222 3268 2284 3320 Et
2309 3274 2428 3334 post
2453 3279 2622 3333 pauca
2652 3281 2665 3316 :
2698 3279 2716 3312 ι
2761 3260 2949 3328 Itaque
2970 3255 3250 3319 Dominus,
3276 3265 3331 3308 ut
3356 3268 3478 3306 eum
3505 3267 3562 3308 se

304 3368 474 3421 πάλιν
509 3369 642 3437 φησί
667 3383 682 3398 ο
722 3385 740 3418 ι
779 3369 886 3420 Καὶ
919 3367 1095 3434 γοῦνό
1128 3369 1329 3438 Κύριος
1360 3369 1417 3435 ἐξ
1447 3369 1642 3423 ἑαυτοῦ
1671 3372 1886 3434 δεικνὺς

300 3457 440 3511 αὐτὸ
466 3457 756 3527 ὑπάρχειν,
788 3458 1050 3526 ἐμφυσῶν
1081 3461 1194 3523 τοῖς
1231 3459 1502 3531 μαθηταῖς
1534 3459 1690 3529 ἔλεγε
1713 3478 1726 3492 ·
1770 3460 1882 3514 Λά-

305 3554 438 3604 ϐετε
467 3549 709 3618 Πνεῦμα
737 3549 928 3619 ἅγιον.
947 3569 966 3603 ι

372 3643 488 3698 Καὶ
522 3640 883 3710 Δαμασκηνὸς
924 3642 981 3694 δὲ
1030 3643 1058 3695 6
1111 3642 1266 3710 ἅγιος
1298 3645 1356 3696 ὲν
1384 3642 1463 3714 τῷ
1505 3642 1572 3712 ιγ’
1601 3644 1709 3698 τῶν
1743 3647 1879 3700 Θεο-

303 3731 572 3803 λογικῶν
597 3732 742 3785 οὕτω
760 3733 909 3799 λέγει
933 3749 946 3763 ο
977 3753 995 3784 ι
1037 3731 1102 3786 Ἦ
1131 3735 1497 3805 ὲκφαντ>ρικὴ
1525 3735 1620 3790 τοῦ
1649 3739 1883 3806 κρυφίου

305 3828 409 3895 τῆς
447 3827 696 3897 θεότητος
734 3825 966 3895 δύναμις
1015 3825 1111 3880 τοῦ
1153 3829 1364 3898 Πατρξς
1412 3831 1476 3881 ἐκ
1523 3829 1738 3898 Πατρός
1769 3831 1885 3882 ἐστι

308 3919 380 3972 δι’
406 3917 536 3972 Υἱοῦ
565 3919 995 3988 ἐκπορευομένη,
1027 3919 1101 3978 ὡς
1121 3916 1279 3972 οἶδεν.
1315 3938 1333 3970 ι
1372 3921 1482 3973 Καὶ
1515 3921 1711 3989 μικρὸν
1748 3922 1888 3974 ἀνω-

316 4011 495 4076 τέρω*
531 4030 550 4063 ι
588 4009 756 4074 Αὐτὸς
809 4011 908 4080 μὲν
949 4005 1043 4063 οὖν
1073 4013 1189 4064 ἐστι
1217 4011 1362 4077 νοῦς,
1409 4013 1580 4080 Λόγου
1631 4012 1886 4075 ἄϐυσσος,

314 4105 490 4170 Λόγου
525 4108 821 4176 γεννήτωρ,
857 4104 951 4159 καὶ
977 4104 1065 4157 διὰ
1095 4105 1269 4169 Λόγου
1304 4105 1601 4175 προῦολεὺς
1629 4105 1889 4172 ἐκφαντο-

315 4196 474 4268 ρικοῦ
512 4198 845 4266 Πνεῦματος.
883 4214 901 4246 ι
930 4195 1004 4249 Τὸ
1027 4196 1104 4261 δὲ,
1142 4199 1203 4249 ἐκ
1243 4195 1338 4250 τοῦ
1382 4194 1512 4250 Υἱοῦ
1543 4197 1602 4249 τδ
1639 4195 1885 4266 Πνεῦμα,

308 4291 372 4342 οὐ
415 4290 666 4356 λέγομεν,
701 4289 838 4357 ὅπερ
883 4290 942 4340 ἐν
994 4289 1072 4358 τῷ
1096 4287 1268 4357 ὀγδόῳ
1317 4287 1600 4357 κεφαλαίῳ
1652 4291 1679 4340 ό
1722 4290 1890 4352 αὐτὸς

308 4381 629 4443 διδάσκαλος
683 4380 855 4447 λέγει,
890 4379 976 4432 ἵνα
1028 4382 1102 4449 μή
1147 4397 1231 4441 τις
1277 4380 1550 4450 διστάσῃ·
1614 4380 1888 4448 ἐλύσαμεν

309 4478 446 4530 αὐτὸ
478 4479 536 4529 ὲν
566 4475 642 4545 τῷ
679 4475 883 4544 πρώτῳ
914 4473 1196 4542 κεφαλαίῳ
1232 4471 1326 4525 τοῦ
1359 4473 1508 4541 ὅρου,
1545 4473 1890 4542 ὑπεραπολο-

310 4570 570 4637 γούμενοι
608 4568 711 4620 τῶν
749 4567 911 4620 πέντε
943 4565 1287 4634 κεφαλαίων.

389 4662 498 4714 Καὶ
551 4660 819 4728 Κῦριλλος
885 4658 1048 4711 πάλιν
1097 4660 1123 4709 ὁ
1177 4657 1450 4725 μακάριος
1499 4657 1556 4707 ἐν
1616 4659 1694 4723 τῷ
1755 4659 1889 4726 πρὸς

317 4752 587 4820 Ἑρμείαν
615 4749 854 4818 δευτέρῳ
885 4749 1035 4815 λέγει
1067 4745 1238 4806 οὕτως
1262 4763 1276 4777 ·
1312 4764 1330 4796 ι
1367 4747 1558 4813 ’Άγιον
1581 4748 1636 4800 δὲ
1664 4746 1892 4817 Πνεῦμα

311 4845 610 4913 προσερεῖς
655 4843 715 4894 τὸ
764 4845 828 4894 ἐκ
859 4841 1070 4907 Πατρδς
1105 4839 1172 4892 δι’
1226 4837 1356 4891 Υἱοῦ
1393 4840 1759 4908 προχεόμενον
1798 4857 1896 4905 φυ-

308 4933 507 4994 σικῶς.
529 4953 548 4986 ι
581 4934 702 4986 Ὅτι
726 4933 782 4985 δὲ
813 4925 874 5001 ἡ,
914 4930 1036 4995 διὰ,
1062 4933 1148 5000 τῇ,
1181 4931 1273 4994 ἐὸι,
1299 4929 1626 4998 ἰσοδυναμεῖ,
1672 4931 1767 4982 καὶ
1799 4930 1898 5000 τὴν

307 5024 488 5092 αὐτὴν
520 5025 672 5094 ίσχῦν
701 5025 837 5093 ἔχει,
884 5025 1022 5092 μετὰ
1053 5023 1248 5092 μικρὸν
1281 5022 1376 5074 καὶ
1404 5019 1566 5074 τοῦτό
1601 5038 1684 5074 σοι
1719 5020 1896 5086 δείξοο

311 5132 441 5188 μεν.
476 5111 591 5169 Νῦν
621 5116 774 5168 δὲ’τί
809 5116 952 5185 ἔχεις
989 5115 1125 5184 πρὸς
1168 5111 1343 5167 ταῦτα
1369 5114 1582 5178 εἰπείν;
1614 5112 1728 5166 Οὔκ
1758 5114 1897 5166 εἰσιν

307 5195 466 5261 οὗτοι
505 5207 552 5258 οἱ
603 5205 994 5275 προλεχοέντες
1043 5205 1190 5272 ἅγιοι
1251 5208 1346 5256 καὶ
1393 5203 1492 5272 τῆς
1564 5205 1895 5274 Ἐκκλησίας

307 5297 669 5363 διδάσκαλοι;
700 5299 762 5350 Εἰ
806 5297 901 5350 οῦν
934 5292 1080 5350 οῦτοι
1135 5295 1334 5358 πάντες
1387 5298 1442 5348 ὲν
1477 5295 1758 5364 διαφόροις
1814 5297 1898 5347 λέ-

312 5391 437 5455 ξεσι
482 5392 576 5444 καὶ
611 5389 902 5452 συλλαϐαῖς
934 5389 990 5441 ὲν
1022 5391 1135 5450 τοῖς
1167 5389 1348 5442 αὐτῶν
1404 5387 1809 5457 συγγράμμασι
1836 5388 1898 5440 τὸ

313 5479 552 5549 Πνεῦμα
578 5481 635 5532 τὸ
662 5478 816 5548 ἅγιον
841 5482 905 5532 ὲκ
935 5477 1028 5532 τοῦ
1059 5479 1268 5547 Πατρός
1295 5479 1388 5532 καὶ
1418 5476 1511 5531 τοῦ
1549 5477 1676 5532 Υἱοῦ
1710 5479 1896 5546 ὁμολο-

315 5571 482 5639 γοῦσι
529 5573 626 5624 καὶ
661 5573 900 5641 λέγουσι,
931 5571 1096 5624 πόθεν
1139 5587 1222 5622 σοι
1256 5571 1316 5623 τδ
1344 5571 1405 5621 ἐκ
1438 5569 1600 5637 μόνου
1649 5569 1744 5622 τοῦ
1788 5571 1899 5622 Πα-

1989 3358 2316 3420 ostenderet,
2350 3375 2376 3408 a
2409 3370 2519 3424 quo
2544 3354 2780 3422 Spiritus
2807 3360 3028 3406 sanctus
3082 3349 3318 3413 exsistit,
3388 3345 3562 3400 insuf-

1988 3449 2127 3504 ﬂaus
2162 3450 2214 3502 in
2244 3447 2544 3516 discipulos
2577 3446 2760 3499 aiebat
2797 3461 2812 3497 :
2844 3443 3076 3510 Accipite
3130 3440 3391 3510 Spiritum
3441 3456 3566 3494 δαη-

1989 3551 2152 3594 ctum.
2183 3559 2203 3592 ι

2060 3632 2228 3689 sacer
2261 3647 2475 3701 quoque
2515 3631 2888 3684 Damascenus
2927 3629 3086 3683 tertio
3137 3627 3348 3681 decimo
3391 3625 3566 3694 capite

1989 3728 2184 3783 Rerum
2215 3727 2514 3780 divinarum
2537 3724 2649 3778 hate
2677 3724 2838 3776 habet
2868 3739 2880 3774 :
2918 3740 2936 3772 ι
2965 3719 3362 3774 Manifestativn
3390 3720 3563 3770 virtus

1991 3819 2218 3874 occulta:
2245 3817 2420 3873 Patris
2448 3814 2751 3871 divinitatis
2785 3831 2849 3868 ex
2877 3812 3036 3866 Patre
3095 3821 3179 3866 est
3228 3826 3321 3879 per
3367 3807 3562 3861 Filium

1990 3913 2312 3983 procedens,
2342 3918 2398 3963 ut
2425 3911 2543 3978 ipsa
2590 3908 2758 3961 novit.
2797 3925 2816 3957 ι
2857 3906 2921 3960 Ει
2968 3906 3126 3973 paulo
3177 3913 3302 3958 ante
3339 3921 3353 3956 :
3395 3921 3412 3953 ι
3446 3903 3567 3971 lpse

1993 4005 2156 4073 igitur
2173 4013 2257 4058 est
2275 4017 2447 4067 mens,
2467 3999 2626 4056 Verbi
2654 4000 2905 4068 abyssus,
2924 3997 3083 4052 Verbi
3108 3996 3338 4067 genitor,
3365 4009 3568 4064 perque

1998 4098 2230 4154 Verbum
2255 4097 2494 4166 Spiritus
2523 4091 2910 4148 manifestativi
2941 4091 3291 4162 productor.»
3318 4087 3447 4142 lllud
3471 4104 3568 4140 au-

1995 4201 2124 4257 tem,
2163 4192 2236 4245 Ex
2269 4188 2429 4255 Filio,
2455 4204 2562 4241 non
2589 4187 2828 4242 dicimus
2851 4185 3115 4255 Spiritum
3152 4182 3334 4252 ;quod
3375 4195 3571 4234 oetavo

1994 4284 2174 4354 capite
2197 4283 2391 4336 doctor
2423 4282 2565 4334 idem
2593 4281 2774 4345 habet,
2826 4295 2894 4333 ne
2935 4277 3058 4347 quis
3105 4275 3384 4329 addubitet
3421 4274 3568 4342 ;jam

1993 4377 2260 4431 solvimus
2281 4375 2332 4427 in
2363 4374 2540 4443 primo
2566 4370 2903 4426 deﬁnitionis
2924 4371 3121 4436 capite,
3139 4369 3266 4422 dum
3289 4382 3394 4436 .pro
3415 4372 3572 4434 quin-

1993 4485 2099 4540 que
2129 4465 2397 4536 capitibus
2430 4465 2733 4535 apologiam
2772 4461 3134 4517 scriberemus
3157 4459 3253 4528 (l).

1918 4630 1970 4690 Ῑ)
2070 4656 2309 4711 Rursum
2349 4654 2540 4708 beatus
2561 4651 2820 4722 Cyrillus,
2871 4647 3117 4702 secundo
3169 4648 3235 4701 ad
3297 4646 3572 4698 Hermiam

1995 4749 2159 4811 libro,
2185 4753 2263 4802 sic
2290 4747 2364 4800 ait
2399 4765 2411 4799 :
2451 4746 2742 4798 «Sanctum
2771 4757 2899 4796 vero
2921 4741 3179 4809 Spiritum
3215 4737 3454 4802 vocabis,
3481 4738 3574 4806 qui

1998 4855 2062 4894 ex
2091 4841 2252 4893 Patre
2281 4854 2375 4908 per
2415 4836 2610 4890 Filium
2643 4827 2938 4888 ell‘unditui"
2986 4830 3323 4885 naturaliter.
3359 4848 3378 4880 )
3417 4831 3571 4895 Quod

1997 4947 2127 4985 vero
2145 4930 2562 4998 praepositioper
2592 4927 2731 4980 idem
2753 4926 2927 4978 valeat
2957 4926 3099 4994 quod
3125 4938 3211 4987 ex,
3244 4933 3296 4977 et
3323 4923 3570 4976 eamdem

2001 5025 2199 5077 habent
2231 5037 2295 5076 ac
2323 5023 2412 5076 illa
2445 5023 2577 5086 vim,
2617 5019 2776 5088 paulo
2807 5028 2928 5088 post
2955 5016 3006 5069 id
3040 5017 3203 5071 etiam
3232 5015 3329 5070 tibi
3389 5025 3580 5068 osten—

2005 5113 2220 5168 demus.
2255 5110 2411 5166 Nunc
2439 5127 2568 5180 ergo
2596 5113 2725 5180 quid
2752 5112 2816 5162 ad
2852 5111 2964 5162 hec
2992 5118 3142 5176 potes
3168 5107 3392 5162 dicere?
3414 5105 3566 5159 Nou-

2007 5221 2074 5260 ne
2103 5207 2192 5275 qui
2220 5206 2369 5258 allati
2400 5211 2546 5267 sunt,
2576 5203 2750 5256 sancti
2779 5211 2834 5255 et
2867 5200 3122 5255 Ecclesiae
3144 5201 3392 5253 doctores
3412 5196 3577 5252 sunt?

2006 5298 2064 5352 Si
2097 5312 2287 5352 omnes
2317 5297 2403 5350 isti
2433 5311 2528 5364 per
2554 5295 2802 5348 diversas
2831 5309 2995 5347 voces
3026 5302 3083 5346 et
3137 5291 3404 5344 dictiones
3462 5290 3578 5341 suis

2005 5391 2058 5443 in
2091 5390 2310 5458 scriptis
2349 5387 2585 5442 fatentur
2609 5402 2673 5440 ac
2700 5389 2913 5452 docent,
2943 5385 3204 5455 Spiritum
3230 5395 3481 5436 sanctum
3509 5397 3576 5432 ex

2005 5481 2168 5535 Patre
2201 5489 2256 5534 et
2297 5479 2457 5541 Filio,
2513 5494 2576 5532 ex
2624 5494 2732 5544 quo
2787 5490 2841 5532 tu
2885 5492 3055 5545 sacrae
3109 5461 3400 5544 Scriptura:
3459 5473 3582 5526 loco

2011 5575 2199 5640 habes,
2235 5573 2496 5643 Spiritum
2529 5583 2778 5626 sanctum
2815 5588 2878 5625 ex
2912 5574 3028 5626 solo
3049 5568 3206 5623 Patre
3239 5567 3533 5638 procedere
3562 5566 3585 5619 ’ἔ

399 5755 473 5824 (l)
505 5751 747 5808 Notanda
773 5753 886 5807 haec
928 5767 1150 5822 prorsus
1186 5749 1422 5806 auctoris
1451 5750 1638 5806 verba.
1673 5750 1966 5806 Videini’ra
1998 5750 2261 5807 hinnitum
2296 5760 2543 5807 nostrum
2577 5750 2844 5820 Apologia:
2876 5748 3178 5821 prccﬁxum.
3223 5747 3386 5806 Eon.
