4028 6424
528 314 672 377 1063

1494 312 1813 372 JOSEPHI
1859 309 2413 372 METHONENSIS
2444 311 2790 374 EPlSCOl’I

3619 317 3728 383 iOtil

529 445 626 497 per
658 428 905 482 nuntium
936 441 966 482 ι
999 428 1228 492 synodo,
1278 428 1373 482 sed
1406 426 1698 491 recusasti,
1748 425 2017 480 simulans
2057 435 2108 478 te

2215 426 2330 479 ἀλλ’
2367 426 2468 480 οῦκ
2501 425 2801 497 ἠθέλησας,
2833 423 3121 478 ἀσθένειαν
3156 423 3378 493 ἰσχυρὰν
3405 424 3732 498 ὑποκρινάμε-

530 524 682 592 gravi
720 522 910 577 morbo
942 520 1192 576 detineri.
1221 519 1357 575 Cum
1391 536 1520 590 ergo
1549 520 1699 575 cives
1734 520 1811 574 tui
1862 518 2097 573 familia-

534 628 649 667 rem
689 612 782 665 tilii
835 612 1081 666 morbum
1137 611 1555 676 intellexissent,
1592 620 1901 666 tacuerunt.
1929 611 2108 665 Latini

532 717 663 756 vero
689 701 787 756 soli
814 701 1087 766 dicebant,
1111 698 1328 758 nemine
1351 702 1724 760 defensionem
1754 703 2107 773 suscipiente,

533 792 657 862 quia
715 793 914 846 nullam
947 807 1086 862 opus
1130 804 1264 873 erat
1302 794 1417 849 ﬁeri
1454 810 1483 849 a
1519 795 1727 851 nostris
1763 796 2106 865 apologiam;

533 899 657 937 nam
687 899 869 939 sermo
912 885 1233 941 Latinorum
1289 889 1578 957 responsio
1627 887 1840 943 eratad
1868 901 1932 942 ea
1990 902 2112 958 quae

530 974 883 1045 otijeceratis.

1202 1089 1448 1145 EPHES.

599 1202 658 1257 ln
690 1203 871 1273 priore
920 1204 1138 1274 quidem
1175 1207 1514 1274 proferentes
1555 1206 1704 1262 dicta
1733 1223 1958 1264 suorum
1993 1207 2095 1263 do-

528 1306 768 1363 ctorum,
819 1297 1021 1367 quibus
1068 1297 1435 1353 ostendebant
1478 1296 1745 1369 Spiritum
1793 1312 2042 1358 sanctum
2078 1317 2110 1357 a

531 1387 669 1443 Filio
695 1389 1012 1457 procedere,
1040 1389 1503 1458 quemadmodum
1534 1400 1587 1447 et
1622 1408 1687 1447 ex
1717 1394 1897 1450 Patre.

1223 1588 1420 1646 RESP.

600 1689 658 1745 lu
690 1691 794 1746 hac
822 1692 1065 1748 sessione
1097 1696 1339 1764 synodus
1389 1698 1559 1755 misso
1589 1704 1784 1758 nuntio
1814 1713 1866 1760 te
1899 1708 1966 1761 ad
1997 1706 2112 1763 dis-

533 1785 873 1853 putationem
908 1785 1177 1849 vocabat,
1236 1790 1496 1855 quoniam
1551 1792 1600 1848 is
1631 1797 1722 1863 qui
1784 1807 1961 1851 tecum
1996 1800 2111 1854 dis-

534 1874 813 1941 putabat,
869 1872 1039 1928 frater
1081 1873 1321 1932 Joannes
1382 1879 1629 1939 dicebat:
1681 1885 1953 1943 Adducite
2005 1890 2112 1946 huc

537 1960 854 2027 Ephesium,
893 1972 953 2016 ut
980 1965 1371 2031 responsiones
1398 1969 1588 2024 audiat
1614 1974 1678 2026 ad
1712 1990 1772 2029 ea
1802 1992 1924 2046 qua:
1949 1978 2107 2035 dixit.

533 2050 614 2105 Tu
652 2067 780 2131 vero
814 2053 1051 2107 rationes
1084 2066 1204 2110 tuas
1233 2058 1482 2130 redargui
1515 2078 1635 2116 cum
1672 2064 1816 2122 ferre
1847 2085 1955 2125 non
1987 2085 2111 2139 pos-

531 2157 640 2205 ses,
674 2124 867 2213 venire
898 2144 1143 2209 noluisti,
1178 2151 1274 2202 sed
1311 2152 1561 2208 morbum
1617 2159 1912 2216 simulasti.
1966 2163 2112 2229 Quo-

531 2237 680 2288 circa
711 2234 973 2305 magister
1003 2237 1242 2294 Joannes
1264 2243 1468 2301 omissa
1494 2256 1707 2303 tuorum
1736 2253 2112 2314 confutatione

530 2338 866 2387 sermonum,
903 2326 1126 2393 protulit
1168 2329 1452 2384 doctorum
1504 2348 1732 2391 suorum
1789 2343 2109 2409 sententias,

530 2416 799 2485 dogmatis
857 2417 1140 2472 veritatem
1179 2421 1494 2489 ostendens,
1537 2434 1590 2482 et
1624 2428 1878 2485 refellens
1902 2448 2026 2502 qua:
2054 2444 2110 2491 tu

530 2507 774 2569 dixeras,
802 2508 1012 2563 scilicet
1049 2510 1316 2579 Spiritum
1347 2529 1378 2568 a
1431 2514 1571 2572 Filio
1626 2534 1735 2575 non
1776 2537 1921 2581 esse.
1964 2525 2033 2581 Et
2057 2538 2113 2583 tu

529 2598 751 2666 quidem
789 2600 1036 2669 dicebas,
1070 2613 1128 2658 at
1179 2620 1286 2659 non
1326 2609 1623 2676 probabas.
1651 2613 1747 2670 Ille
1781 2632 1917 2673 vero
1966 2619 2114 2676 dice-

530 2687 642 2753 bat,
673 2698 726 2743 et
751 2699 974 2746 strenue
1007 2694 1272 2762 probabat
1294 2714 1418 2752 cum
1444 2700 1751 2761 Occidentis
1771 2708 2111 2769 doctoribus.

530 2783 611 2832 An
642 2794 771 2832 vero
793 2796 992 2852 negare
1026 2789 1250 2854 poteris,
1283 2803 1502 2848 sanctos
1532 2809 1655 2852 esse
1676 2796 1994 2857 Occidentis
2017 2806 2117 2858 do-

527 2883 705 2926 ctores
722 2870 745 2923 ?
763 2871 816 2926 Si
832 2890 1015 2944 neges,
1039 2879 1330 2935 haereticus
1364 2871 1608 2940 omnium
1643 2893 1992 2961 turpissimus
2015 2912 2115 2968 apo

2208 534 2317 579 vo;.
2342 517 2658 586 Νοήσαντες
2697 513 2792 570 οὖν
2811 517 2858 569 oi
2885 516 3117 586 δημόται
3140 530 3232 567 σου
3255 513 3349 586 τὴν
3370 520 3587 586 φυσικὴν
3606 519 3734 573 ἀσθέ-

2213 627 2383 672 νειαν,
2423 609 2604 679 ἥνπερ
2652 603 2817 680 εἶχες,
2869 608 3230 679 ἐσιώπησαν.
3282 610 3491 662 Λατῖνοι
3513 608 3567 661 δὲ
3613 610 3738 678 μόνοι

2212 699 2401 768 ἔλεγον
2455 699 2683 770 μηδενὸς
2735 699 3203 770 ἀπολογουμένου,
3255 700 3318 752 ού
3365 699 3471 769 γὰρ
3521 700 3664 769 χρεία
3688 694 3742 770 ἦν

2212 791 2606 859 ἀπολογεῖσθαι
2639 793 2768 854 τοὺς
2818 793 3151 862 ἡμετέρους,
3194 792 3278 844 ὅτι
3326 793 3354 845 6
3385 791 3487 844 τῶν
3529 791 3744 845 Λατίνων

2212 884 2368 952 λόγος
2391 883 2661 953 ἀπολογία
2686 884 2902 955 ὑπῆρχε
2928 885 3066 956 πρὸς
3099 883 3170 937 τὰ
3197 883 3459 954 ὑμέτερα.

2905 1080 3099 1135 ΕΦΕΣ.

2285 1190 2445 1243 Κατά
2477 1189 2577 1259 μὶν
2598 1190 2698 1260 τὴν
2737 1193 2965 1263 πρώτην
2996 1192 3063 1246 τά
3097 1192 3237 1262 ῥητά
3266 1193 3375 1246 τῶν
3400 1194 3607 1248 οίκείων
3630 1195 3752 1249 διδα-

2214 1282 2435 1336 σκάλων
2464 1285 2914 1353 προενεγκόντες,
2949 1286 3008 1337 ὲν
3027 1277 3109 1348 οἷς
3131 1284 3448 1338 ἐδείκνυσαν
3475 1285 3534 1338 τὺ
3558 1287 3750 1355 Πνεῦμα

2212 1376 2275 1427 τδ
2308 1374 2464 1442 ἅγιον
2516 1360 2961 1446 ἑκπορευὸμενον
3014 1377 3080 1429 ὲκ
3106 1374 3199 1429 τοῦ
3233 1375 3387 1444 Υίοῦ,
3419 1377 3557 1432 καθὰ
3591 1378 3676 1431 καὶ
3700 1380 3751 1431 ὲκ

2212 1468 2309 1520 τοῦ
2357 1465 2591 1538 Πατρός.

2902 1581 3113 1636 ΑΠΟΛ.

2299 1692 2387 1744 Ἐν
2444 1690 2614 1763 ταύτῃ
2649 1695 2715 1763 τῇ
2753 1692 3071 1749 συνελεύσει
3127 1699 3451 1753 ἀπέστειλεν
3486 1696 3751 1768 suam;

2214 1782 2454 1855 ζητοῦσά
2491 1803 2550 1838 σε
2578 1786 2754 1841 ἐλθεῖν
2780 1788 2918 1856 πρὸς
2939 1788 3039 1861 τὴν
3064 1790 3323 1856 διάλεξιν*
3361 1790 3545 1861 ἐπειδὴ
3570 1793 3596 1844 6
3614 1802 3752 1858 προσ·

2212 1877 2600 1948 διαλεγόμενος
2650 1880 2762 1949 φρά
2819 1880 3070 1952 Ἰωάννης
3119 1882 3333 1951 ἔλεγεν,
3396 1882 3643 1951 ’Δγάγετε
3679 1886 3753 1932 τὶν

2224 1969 2454 2038 Ἐφέσου
2481 1963 2605 2034 ὧδε,
2640 1970 2735 2024 ῐναι
2761 1971 2971 2044 ἀκούσῃ
2997 1973 3095 2036 τὰς
3127 1975 3452 2046 ἀποκρίσεις
3481 1974 3585 2026 τῶν
3603 1972 3751 2040 λόγων

2212 2059 2401 2116 αὑτοῦ.
2426 2062 2497 2114 Σὺ
2528 2062 2583 2114 δὲ
2623 2064 2699 2132 μή
2721 2063 3022 2133 δυνάμενος
3046 2066 3270 2121 ἀκούειν
3313 2066 3406 2120 τὸν
3431 2066 3639 2135 ἔλεγχον
3664 2062 3753 2117 τῶν

2214 2152 2364 2223 παρά
2395 2152 2488 2206 σοῦ
2519 2155 2723 2225 ῥητῶν,
2753 2156 2852 2208 οὐκ
2878 2156 3151 2226 ἠθέλησας
3179 2160 3391 2224 ἐλθεῖν,
3423 2158 3535 2211 ἀλλ’
3565 2155 3755 2224 ὑπεκρὶ-

2214 2263 2305 2298 vos
2334 2245 2647 2301 ἀσθένειαν.
2678 2247 2770 2301 Διὸ
2813 2251 2907 2303 καὶ
2950 2252 2979 2303 6
3002 2250 3328 2316 διδάσκαλος
3362 2250 3610 2320 Ἰωάννης
3650 2248 3755 2310 τοὺς

2217 2338 2316 2405 μὲν
2340 2332 2737 2409 ἐλέγχουςίτῶν
2774 2341 2884 2395 σῶν
2911 2343 3079 2406 idem;
3115 2345 3316 2414 λόγων,
3352 2345 3422 2399 τὰ
3440 2345 3548 2398 τῶν
3571 2342 3756 2396 οίκείων

2214 2430 2557 2485 διδασκάλων
2600 2436 2741 2504 ρητά
2773 2436 3047 2509 προέφερε
3077 2438 3341 2494 δεικνύων
3394 2441 3488 2494 τοῦ
3521 2438 3755 2506 δόγματος

2214 2522 2315 2592 τὴν
2357 2522 2640 2593 ἀλήθειαν,
2688 2526 2953 2596 ἀναιρῶν,
3008 2528 3155 2598 ἅπερ
3203 2531 3429 2601 ἔλεγες,
3482 2532 3561 2584 ὅτι
3591 2529 3679 2582 οὐκ
3708 2530 3758 2578 ἐκ

2214 2609 2308 2662 τοῦ
2340 2610 2472 2664 Υίοῦ
2506 2614 2567 2665 τὸ
2592 2614 2841 2684 Πνεῦμα.
2883 2618 3051 2672 Ἀλλὰ
3076 2620 3141 2674 σὺ
3171 2624 3272 2690 μὲν
3299 2623 3503 2698 ξλεγες,
3533 2621 3625 2674 ούκ
3648 2618 3758 2673 ἔδεέ·

2217 2717 2382 2765 κνυες
2414 2702 2506 2755 δέ’
2555 2705 2763 2769 ἐκεῖνος
2803 2706 2861 2760 δὲ
2918 2708 3099 2778 ἔλεγε,
3136 2712 3233 2767 καὶ
3266 2714 3528 2783 γενναίως
3552 2712 3758 2768 ἐδείκνυε

2221 2795 2359 2865 μετὰ
2385 2795 2496 2849 τῶν
2540 2797 2777 2852 δυτικῶν
2806 2801 3171 2863 διδασκάλων.
3198 2804 3331 2881 'Ap’
3360 2808 3527 2870 ὅντως
3563 2806 3757 2861 δύνασαι

2216 2887 2602 2959 ἀρνήσασθαι,
2661 2891 2746 2945 ὅτι
2797 2891 2898 2947 οῦκ
2956 2897 3097 2952 εἰσιν
3120 2901 3171 2953 οἱ
3225 2901 3439 2957 δυτικοὶ
3485 2896 3759 2957 διδάσκαλοι

524 2976 591 3031 pa
603 2964 777 3031 rebis;
799 2981 923 3020 nam
944 2971 1129 3036 quinta
1160 2974 1403 3043 synodus
1424 2983 1759 3036 tecumenica
1786 2984 1841 3037 in
1867 3001 1964 3040 sua
1986 2964 2108 3042 dell-

2218 2979 2366 3048 ἇγιοι
2388 2998 2403 3048 ;
2439 2983 2502 3035 El
2524 2983 2723 3049 εἴποις,
2754 2987 3033 3057 αίρετικὸς
3056 2992 3280 3048 πάντων
3299 2994 3574 3065 αἰσχιστος
3596 2991 3758 3055 δόξειςο

524 3055 734 3111 nitione
758 3057 829 3128 (Ι)
864 3059 940 3112 ait
982 3077 996 3115 :
1025 3061 1317 3133 Sequimur
1344 3079 1564 3126 sanctos
1593 3082 1649 3126 et
1694 3073 1885 3132 beatos
1931 3077 2117 3134 Patres

2216 3073 2302 3126 ὅτι
2329 3075 2362 3145 ή
2393 3074 2621 3147 πέμπτη
2654 3079 3012 3152 οίκουμενικὴ
3034 3083 3261 3150 σύνοδος
3284 3091 3344 3142 ἐν
3372 3087 3451 3159 τῷ
3467 3087 3652 3156 ἑαυτῆς
3673 3085 3761 3154 ὅρῳ

525 3156 693 3217 atque
723 3152 1000 3222 doctores,
1036 3153 1357 3229 Gregorium
1389 3160 1694 3235 Dialogum,
1715 3168 2108 3240 Augustinum,

2228 3164 2412 3234 φησίν·
2460 3165 2739 3240 Ἑπόμεθα
2761 3174 2874 3237 τοῖς
2902 3174 3079 3242 ἁγίοις
3105 3180 3199 3229 καὶ
3221 3152 3523 3252 μακαρίοις
3555 3152 3764 3246 [lathet

523 3234 808 3306 Basilium,
858 3240 1266 3317 Hieronymum,
1304 3234 1655 3309 Ambrosium
1714 3272 1770 3314 et
1824 3261 2102 3333 reliquos;

523 3345 825 3402 eorumque
894 3351 1054 3394 voces
1104 3343 1469 3411 approbamus
1522 3356 1578 3402 et
1626 3350 1940 3421 recipimus.
1994 3357 2114 3412 bon

525 3432 679 3490 potes
721 3439 851 3497 ergo
907 3434 1306 3493 contradicere.
1367 3435 1478 3493 Hos
1529 3438 1730 3511 itaque,
1783 3461 1922 3515 quos
1970 3449 2113 3507 inter

527 3514 900 3571 mcumenicas
934 3521 1123 3588 quinta
1167 3525 1408 3593 synodus
1465 3514 1830 3605 promulgavit
1886 3550 2110 3599 sanctus

521 3615 683 3676 atque
707 3609 954 3667 doctores
978 3614 1257 3683 proferens
1285 3615 1524 3679 Joannes
1545 3665 1566 3692 ,
1580 3629 1865 3698 perspicue
1886 3633 2106 3691 demon-

521 3700 737 3764 stravit,
773 3701 1034 3770 Spiritum
1070 3721 1321 3764 sanctum
1356 3729 1479 3771 esse
1504 3718 1669 3774 etiam
1695 3737 1723 3774 a
1767 3721 1926 3793 Filio,
1959 3728 2109 3783 refu-

522 3791 828 3860 tandomue
859 3803 915 3848 tu
967 3797 1208 3863 dixeras.
1268 3818 1375 3859 non
1427 3825 1549 3877 qua:
1597 3810 1802 3869 docent
1855 3817 2109 3874 doctores

520 3880 866 3952 Orientales;
896 3903 1016 3942 nam
1081 3901 1135 3944 et
1185 3892 1258 3946 illi
1331 3900 1516 3954 eadem
1567 3917 1686 3971 qua:
1731 3902 2109 3966 Occidentales

529 3975 739 4029 dicunt.
781 3975 851 4030 Ut
879 3993 1012 4034 vero
1059 3981 1200 4038 scire
1256 3986 1562 4045 volentibus
1593 4010 1721 4048 num
1775 4012 1900 4051 vera
1933 4000 2107 4065 dicas,

521 4066 701 4133 palam
732 4066 824 4121 ﬁat
851 4070 1073 4137 veritas,
1102 4071 1538 4134 Occidentalium
1571 4099 1791 4153 quoque
1819 4086 2106 4144 doctorum

519 4158 821 4213 sententias
842 4161 931 4215 hic
954 4177 1314 4232 apponemns,
1342 4185 1447 4224 non
1473 4187 1666 4230 omnes
1720 4189 1815 4230 aut
1833 4181 2105 4249 omnium,

519 4249 612 4300 sed
643 4264 904 4317 paucase
962 4255 1184 4321 iiiultis;
1220 4267 1279 4312 ut
1337 4277 1432 4329 per
1485 4278 1578 4318 eas
1643 4277 1692 4322 te
1747 4272 2106 4330 ostendamus

521 4354 919 4412 usquequaque
972 4345 1185 4402 l'uttlem
1255 4360 1309 4406 et
1367 4367 1739 4426 arrogantem.
1793 4360 1850 4416 lu
1910 4363 2104 4432 primis

517 4433 662 4486 enim
715 4438 952 4510 senioris
1005 4439 1193 4497 Roma:
1234 4445 1503 4513 pontifex,
1547 4466 1801 4521 magnus,
1851 4456 2100 4527 inquam,

517 4522 818 4594 Gregorius
850 4527 1132 4601 DiaIOgus,
1164 4550 1325 4603 quem
1356 4536 1652 4596 Orientalis
1677 4560 1891 4614 quoque
1915 4522 2103 4605 l—iccle;
2130 4598 2135 4603 .

523 4616 601 4669 sia
628 4615 910 4674 doctorem
944 4632 999 4676 et
1033 4635 1285 4680 sanctum
1338 4632 1611 4698 agnoscit,
1648 4634 1700 4686 in
1757 4638 2103 4705 expositione

516 4708 656 4761 sacri
683 4707 959 4780 Evangelii
994 4716 1074 4769 sic
1122 4717 1233 4772 ait:
1281 4718 1434 4776 Unde
1463 4732 1516 4777 et
1542 4723 1658 4794 ipsa
1697 4725 1927 4794 Veritas,
1963 4742 2020 4788 ut
2047 4735 2110 4788 tl-

515 4798 662 4852 di-m‘
696 4802 983 4874 discipulis
1018 4820 1265 4878 augeret,
1329 4814 1508 4870 dixit:
1559 4818 1621 4871 Si
1661 4820 1803 4874 enim
1856 4838 1951 4893 ego
1999 4841 2099 4879 non

514 4890 712 4955 abiero,
744 4893 1055 4953 Paraclelus
1101 4918 1204 4955 non
1232 4907 1402 4959 veniet
1440 4911 1510 4962 ad
1557 4925 1649 4964 vos
1686 4911 1754 4965 ’°.
1789 4912 1923 4968 Cum
1955 4921 2101 4972 enim

514 4989 884 5058 constet,quia
916 4988 1235 5050 Paracletus
1272 4994 1514 5066 Spiritus
1547 5017 1613 5055 ex
1643 5000 1806 5059 Patre
1839 5009 2100 5075 procedat

514 5089 730 5145 semper
752 5087 808 5134 et
843 5095 872 5133 a
911 5079 1071 5147 Filio,
1093 5101 1193 5140 cur
1227 5102 1287 5143 se
1318 5088 1494 5147 Filius
1552 5108 1900 5152 recessurum
1938 5101 2093 5167 dicit,

513 5177 573 5222 ut
601 5170 691 5225 ille
720 5171 921 5237 veniat,
955 5178 1046 5244 qui
1075 5193 1104 5230 a
1136 5176 1276 5235 Filio
1306 5198 1588 5254 nunquam
1619 5189 1874 5244 recedit?

2219 3256 2315 3309 καὶ
2331 3256 2700 3328 διδασκάλοις,
2728 3262 3016 3336 Γρηγορίῳ
3036 3267 3115 3336 τῷ
3136 3270 3417 3342 Διαλόγῳ,
3443 3269 3766 3340 Δύγουστίνφς

2217 3348 2504 3420 Βασιλείῳ,
2552 3352 2887 3426 Ἱερωνύμῳ.
2932 3358 3242 3432 Ἀμῦροσίῳ
3297 3365 3390 3419 καὶ
3431 3368 3543 3431 τοῖς
3569 3363 3764 3421 λοιποῖς.

2216 3442 2310 3493 καὶ
2336 3441 2435 3505 τὰς
2467 3443 2656 3511 φωνὰς
2687 3446 2869 3501 αὐτῶν
2919 3450 3223 3522 στέργομεν
3252 3459 3359 3512 καὶ
3401 3454 3763 3527 ἀποδεχόμεθα·

2215 3531 2428 3584 Ούκοῦν
2482 3534 2541 3586 οὐ
2594 3534 2824 3592 δύνασαι
2865 3540 3161 3597 ἀντειπεῖν.
3214 3546 3463 3613 Τούτους
3515 3544 3604 3602 οὖν
3631 3544 3712 3608 οὓς
3741 3544 3765 3612 ἡ

2215 3624 2444 3695 πέμπτη
2469 3626 2580 3681 τῶν
2603 3630 3003 3700 οίκουμενικῶν
3039 3635 3260 3701 σύνοδος
3316 3643 3505 3710 ἁγίους
3534 3641 3623 3694 καὶ
3644 3638 3769 3693 διδα-

2214 3716 2446 3780 σκάλους
2473 3720 2761 3790 ἐκήρυξεν,
2793 3724 2821 3777 6
2869 3723 3124 3798 Ἰωάννης
3151 3730 3395 3799 κομίσας
3412 3733 3606 3800 ἔδειξεν
3631 3735 3766 3798 ἐνορ-

2212 3807 2323 3875 γῶς
2365 3810 2426 3864 τὺ
2458 3812 2682 3883 Πνεῦμα
2721 3817 2781 3868 τὸ
2807 3815 2963 3884 ἅγιον
2996 3820 3091 3874 καὶ
3136 3823 3200 3875 ὲκ
3228 3824 3331 3878 τοῦ
3361 3824 3512 3882 ΥἱοῦΔ
3537 3826 3612 3886 είς
3637 3819 3765 3875 ἀναί-

2213 3918 2366 3968 ρεσιν
2395 3902 2504 3958 τῶν
2539 3905 2650 3959 σῶν
2690 3906 2888 3979 λόγων,
2919 3910 3016 3962 καὶ
3065 3911 3124 3964 ού
3176 3912 3287 3966 τῶν
3350 3912 3673 3985 ἀνατολικῶν
3701 3910 3763 3962 δι-

2210 3989 2518 4060 δασκάλων,
2543 3995 2678 4049 διότι
2703 3997 2950 4051 κάκεῖνοι
3009 4000 3080 4054 τὰ
3133 4002 3276 4057 αὐτὰ
3300 4009 3413 4069 τοῖς
3442 4006 3672 4066 δυτικοῖς
3696 3997 3763 4053 λέ-

2211 4104 2421 4152 γουσιν.
2448 4089 2568 4142 Ἵνα
2593 4090 2649 4143 δὲ
2685 4092 2719 4161 ἡ
2753 4091 2987 4164 ἀλήθεια
3037 4095 3308 4173 δηλωθείη
3355 4104 3468 4164 τοῖς
3530 4094 3762 4171 βουλομέδ

2211 4197 2323 4244 νοις
2352 4184 2508 4246 ίδεῖν,
2540 4184 2698 4254 εἴπερ
2739 4186 2918 4258 ἁληθῆ
2974 4189 3180 4259 λέγεις,
3211 4194 3378 4263 ἡμεῖς
3430 4194 3526 4248 καὶ
3555 4194 3618 4246 τὰ
3643 4186 3760 4262 ῥητὰ

2208 4275 2316 4327 τῶν
2338 4276 2572 4330 δυτικῶν
2593 4278 2929 4334 διδασκάλων
2950 4283 3185 4338 ἐνταῦθα
3212 4287 3479 4357 θήσομεν,
3525 4287 3584 4340 ού
3608 4286 3759 4337 πάντα

2208 4368 2332 4420 οὐδὲ
2363 4369 2605 4431 πάντων,
2632 4371 2748 4424 ἀλλ’
2775 4376 2840 4427 ἐκ
2863 4374 2973 4427 τῶν
2999 4376 3210 4433 πολλῶν
3245 4379 3426 4450 ὀλίγα,
3485 4378 3761 4433 δεικνύντες

2210 4476 2271 4513 σε
2299 4463 2577 4532 πανταχοῦ
2613 4464 2703 4518 διὰ
2725 4467 2949 4521 τούτων.
2970 4468 3212 4533 ἀλαζόνα
3261 4475 3361 4527 καὶ
3394 4475 3761 4544 ματαιόφρονα-

2223 4553 2312 4607 Ἐν
2346 4554 2587 4624 πρώτοις
2618 4556 2728 4627 γὰρ
2771 4559 2800 4611 ὁ
2833 4559 2934 4630 τῆς
2993 4563 3379 4634 πρεσὸυτέρας
3441 4563 3654 4633 Ῥώμης
3683 4560 3765 4625 ἀρ·

2213 4648 2449 4716 χιερεὺς,
2480 4649 2508 4701 6
2540 4647 2735 4717 μέγας,
2794 4652 2959 4721 φημὶ,
2990 4653 3293 4725 Γρηγόριος
3328 4659 3357 4710 6
3403 4657 3674 4722 Διάλογος.
3715 4646 3764 4698 δν

2211 4741 2305 4791 καὶ
2347 4740 2381 4808 ή
2415 4741 2714 4812 ἀνατολικὴ
2780 4742 3086 4816 Ἐκκλησία
3134 4746 3461 4801 διδάσκαλον
3498 4746 3590 4801 καί
3625 4743 3761 4809 ἅγιον

2207 4830 2345 4900 ἔχει,
2380 4830 2526 4885 οὕτω
2553 4836 2719 4901 φησιν
2746 4835 2805 4887 ὲν
2837 4837 2904 4905 τῇ
2935 4836 3197 4907 ἐξηγήσει
3223 4840 3319 4892 τοῦ
3354 4839 3505 4910 ἱεροῦ
3543 4837 3764 4900 Εὐαγτε·

2207 4921 2341 4972 λέου·
2371 4921 2537 4976 Ὅθεν
2571 4926 2667 4978 καὶ
2686 4925 2827 4997 αὐτὴ
2856 4929 2889 4997 ἠ
2916 4926 3211 4999 famem,
3243 4932 3330 4986 ἵνα
3372 4935 3483 4995 τοῖς
3518 4921 3761 5000 μαθηταῖς

2208 5013 2652 5087 πίστινπροσθῇ,
2682 5014 2870 5072 εἶπεν·
2912 5020 3057 5076 Ἐὰν
3094 5022 3206 5094 γὰρ
3239 5024 3355 5094 ἐγὼ
3387 5023 3473 5093 μὴ
3523 5018 3759 5075 ἀπέλθω.

2204 5108 2238 5159 ό
2264 5107 2657 5177 Παρὰκλητος
2703 5113 2816 5166 οὐκ
2861 5113 3180 5171 ἐλεύσεται
3219 5119 3373 5189 πρὸς
3401 5117 3574 5189 ὑμᾶς.
3627 5105 3760 5208 Ἐπεξ

2201 5202 2311 5270 γάρ
2340 5203 2459 5254 ὲεἴτι
2487 5201 2647 5272 δῆλον
2680 5202 2773 5257 τὸν
2802 5204 3164 5278 Παράκλητον
3193 5211 3253 5264 τὸ
3297 5210 3525 5281 Πνεῦμα
3576 5211 3637 5261 ἐκ
3678 5201 3758 5256 τοῦ

517 5262 733 5326 [ἰατρὸς
770 5264 856 5319 ἀεὶ
884 5268 1099 5321 καὶτοῦ
1124 5269 1255 5324 Υίοῦ
1279 5275 1703 5346 ἐκπορεύεσθαι,
1732 5280 1874 5345 τίνος
1906 5282 2068 5355 χάριν
2093 5262 2294 5344 ἑαυτὸν
2355 5292 2385 5344 6
2468 5262 2590 5357 Υίδς
2643 5262 3074 5368 ἀποδημήσαντα
3135 5262 3385 5375 εἴρηκεν,
3448 5262 3522 5357 ῖν’
3568 5299 3758 5357 lauit“

509 5353 661 5427 ἔλθῃ,
690 5359 719 5412 6
754 5358 848 5412 τοῦ
882 5360 1012 5415 Υίοῦ
1046 5364 1317 5434 μηδέποτε
1336 5371 1726 5443 ’ἀφιστάμενος
1751 5395 1766 5439 ;

590 5540 639 5571 ¹⁹
663 5538 821 5599 Joan.
865 5562 973 5616 ενι,
1007 5548 1063 5602 7.

583 5713 660 5785 (ι)
689 5716 884 5773 Collat.
914 5723 961 5777 ι.
