4028 6402
297 422 435 487 1069

991 543 1182 602 mea.

381 631 541 687 Ἐπεὶ
569 633 625 686 δὲ
662 649 766 702 μου
799 635 1234 704 σεσιωπηκότος,
1264 637 1442 699 οὐδεὶς
1475 638 1559 688 ἔτι
1593 637 1703 689 τῶν
1736 639 1871 705 ἠμε-

299 728 476 798 τέρων
505 729 645 796 πρὸς
675 727 876 790 αὐτοὺς
909 726 1223 799 ἐθάρρησεν
1253 729 1670 795 ἀντιτάξασθαι,
1712 730 1873 782 τοῦτο

314 821 407 889 μὲν
428 818 540 870 τῶν
567 818 848 887 ἀρχόντων
870 818 1013 872 οὕτω
1037 819 1159 873 δέον
1188 816 1330 873 εἶναι
1363 822 1683 890 κρινόντων,
1719 822 1874 875 τοῦτο

305 913 361 964 δὲ
396 911 493 963 καὶ
531 910 823 972 ὀκνοῦντες
869 911 1111 974 ἅπαντες
1158 912 1250 964 τὸν
1297 913 1505 979 ἀγῶνα,
1541 917 1636 966 καὶ
1685 915 1760 982 μὴ
1794 915 1876 977 εἰς

305 1005 488 1074 ἔριδας
509 1006 603 1057 καὶ
635 1005 879 1073 ταραχὰς
910 1005 1198 1076 ἐμπέσωσι
1231 1006 1467 1069 δεδιότες
1495 1021 1509 1036 ⁸
1549 1009 1745 1060 ἐκεῖνοι
1776 1009 1876 1078 τὴν

303 1097 586 1166 ἡμετέραν
613 1098 822 1167 σιωπὴν
859 1098 932 1160 ὡς
961 1098 1194 1168 ἕρμαιον
1222 1100 1592 1168 λογισάμενοι,
1620 1095 1891 1170 καθάπερ

303 1189 455 1250 τινὰς
490 1189 736 1256 φυγάδας
800 1191 1206 1258 προεκαλοῦντο
1251 1193 1375 1254 τοὺς
1404 1194 1706 1262 ἡμετέρους
1740 1195 1877 1262 πρὸς

313 1280 496 1348 μάχην
521 1295 534 1309 ·
570 1280 664 1332 καὶ
703 1279 971 1349 μηδαμῶς
1006 1282 1393 1334 ὑπακουόντων
1425 1285 1602 1352 ἡμῶν,
1643 1285 1878 1352 ἐπεκρό-

305 1387 436 1421 τουν
489 1371 562 1432 ὡς
619 1373 860 1440 νικηταὶ,
901 1373 993 1424 καὶ
1041 1373 1140 1442 τὴν
1202 1373 1459 1442 ἀλήθειαν
1497 1374 1619 1444 μεθ’
1667 1377 1877 1427 ἑαυτῶν

303 1462 328 1512 ἓ
337 1479 490 1531 χοντε
499 1480 545 1523 ς.

980 1557 1188 1612 ΔΠΟΛ.

397 1645 764 1716 Ἐπεκρότουν
807 1651 906 1720 οὐχ
951 1652 1026 1712 ὡς
1056 1656 1298 1720 νικηταὶ,
1335 1649 1558 1713 ἀλλ”ὡς
1584 1653 1752 1708 ἀθῶοι
1778 1654 1881 1722 τῆς

309 1738 409 1803 σ’ἧς
438 1739 718 1809 διαδολῆς⁶
754 1741 819 1794 σὺ
862 1743 970 1811 γὰρ
1004 1746 1099 1797 καὶ
1126 1746 1174 1797 οἱ
1207 1749 1349 1800 κατὰ
1374 1748 1433 1799 σὲ
1468 1747 1593 1807 τοὺς
1618 1747 1882 1806 Λατίνους

230 1837 234 1842 ’
304 1831 622 1898 αἱρετικοὺς
682 1831 857 1901 εἴχετε
911 1833 1000 1886 διὰ
1051 1837 1110 1887 τὸ
1159 1836 1344 1904 λέγειν
1391 1838 1485 1890 καὶ
1522 1837 1586 1889 ἐκ
1621 1836 1715 1890 τοῦ
1743 1834 1878 1890 Υίοῦ

309 1919 539 1989 Πνεῦμα
571 1923 1029 1991 ἐκπορευόμενον,
1071 1929 1166 1980 καὶ
1203 1930 1512 1981 ὲνεκαλεῖτε
1546 1929 1751 1991 αὐτοῖς,
1785 1932 1880 1982 καὶ

303 2009 588 2080 τολμητὰς
626 2012 720 2064 τοῦ
777 2015 1053 2082 συμόόλου
1118 2019 1215 2072 καὶ¹
1265 2020 1706 2089 παραχαράκτας
1751 2021 1880 2073 ἐκα-

298 2099 472 2151 λεῖτε·
495 2103 694 2155 ἐκεῖνοι
719 2104 772 2156 δὲ
793 2106 920 2170 τοὺς
943 2108 1133 2174 ἁγίους
1154 2109 1280 2170 τοὺς
1298 2109 1680 2173 Ἀνατολικούς
1701 2127 1758 2163 τε
1787 2111 1882 2164 καὶ

299 2192 572 2255 Δυτικοὺς
629 2197 1064 2264 προκομίσαντες
1102 2200 1526 2268 συμφωνοῦντας
1552 2203 1630 2271 τῷ
1668 2202 1880 2255 ἑαυτῶν

295 2283 562 2353 δόγματι,
613 2285 645 2354 ἢ
700 2286 907 2356 βέλτιον
936 2290 1102 2357 φάναι
1125 2295 1187 2361 τῇ
1227 2293 1479 2361 ἀληθεία,
1519 2297 1876 2366 ὲπεκρότουν,

299 2375 384 2435 ὡς
434 2374 535 2428 οὔκ
569 2379 678 2430 είσι
709 2380 978 2450 τολμηταὶ
1035 2384 1128 2435 τοῦ
1181 2387 1452 2454 συμῦόλου
1501 2388 1532 2455 ἢ
1589 2390 1878 2458 αίρετικοὶ,

300 2467 426 2519 ἀλλ’
455 2469 531 2532 ὡς
582 2472 681 2540 τὴν
715 2471 975 2540 ἀλήθειαν
1010 2476 1292 2544 λέγοντες,
1323 2480 1425 2550 ἥδη
1480 2481 1578 2548 τῆς
1624 2481 1881 2549 ἀληθείας

304 2561 579 2630 φανείσης
603 2562 690 2616 διὰ
709 2565 817 2616 τῶν
838 2566 1175 2620 διδασκάλων
1207 2570 1304 2638 τῆς
1332 2569 1680 2640 Ἐκκλησίας.
1707 2574 1881 2642 Προε-

305 2653 577 2707 καλοῦντο
631 2656 685 2710 δὲ
729 2657 859 2719 τοὺς
893 2659 1218 2728 ἡμετέρους,
1267 2664 1315 2714 εί
1367 2661 1652 2732 βούλονται
1705 2667 1884 2718 ἀντει-

302 2750 435 2800 πεῖν
464 2751 577 2810 τοῖς
615 2749 726 2802 τῶν
760 2751 1098 2807 διδασκάλων
1130 2757 1337 2825 ῥητοῖς.
1374 2756 1438 2808 Οἱ
1483 2757 1749 2827 ἡμέτεροι
1789 2754 1885 2813 οὖν

301 2841 616 2909 ἀντιλέγειν
648 2844 790 2899 οὕτω
826 2847 961 2916 πρὸς
1005 2849 1073 2901 τὰ
1110 2851 1387 2918 φανότατα
1420 2851 1519 2903 οῦκ
1551 2851 1882 2924 ἐθάρρησαν,

300 2933 431 2988 οὐδὲ
465 2934 652 3000 ἀπλῶς
689 2938 1077 3003 ἀντιτάξασθαι
1108 2941 1321 3011 ἤθελον,
1353 2944 1452 3013 οὐχ
1473 2943 1546 3006 ὡς
1577 2945 1884 3013 ὀκνοῦντες,

300 3027 343 3096 ἢ
379 3026 632 3093 δεδιότες,
681 3030 756 3094 ῶς
799 3034 862 3084 σὺ
895 3032 1022 3102 φῂς,
1069 3033 1185 3087 ἀλλ’
1217 3033 1294 3098 ὡς
1337 3038 1552 3104 μωρίαν
1587 3039 1885 3107 ἡγούμενοι

300 3122 612 3190 ἀντιλέγειν
647 3127 712 3194 τῇ
764 3125 1027 3195 ἀληθείᾳ,
1063 3126 1206 3181 οὕτω
1257 3129 1512 3198 φανερῶς
1557 3131 1887 3206 δεικνυμένῃ

1360 397 1796 488 nanum-vrri)
1829 421 2061 482 MARCl
2107 418 2495 478 Ei‘llESlNl.

2643 529 2884 587 EPIIES.

2045 630 2311 695 Quoniam
2348 642 2497 692 vero,
2561 625 2653 680 ubi
2697 626 2986 678 tacuissem
3046 637 3166 690 ego,
3229 635 3290 673 ex
3349 619 3550 670 nostris

1975 737 2136 774 nemo
2177 736 2348 775 ausus
2370 732 2448 774 est
2479 719 2712 786 amplius
2767 731 2887 770 sese
2944 714 3052 767 illis
3103 726 3397 781 opponere,
3441 720 3551 761 tum

1976 814 2102 880 quia
2128 813 2417 880 optimates
2475 813 2547 864 ita
2582 810 2694 863 fieri
2753 815 3009 876 oportere
3059 804 3374 864 censebant,
3437 813 3551 854 tum

1976 906 2104 974 quia
2128 920 2318 959 omnes
2337 915 2614 958 certamen
2651 900 3049 958 detrectabant.
3089 899 3343 951 timentes
3398 909 3466 947 ne
3494 907 3553 945 se

1979 996 2168 1049 litibus
2215 1009 2277 1046 ac
2326 994 2502 1047 turbis
2564 993 2942 1060 implicarcnt;
2999 989 3072 1042 illi
3128 985 3549 1041 taciturnitatem

1979 1099 2222 1142 nostram
2251 1087 2420 1140 veluti
2451 1086 2666 1139 lucrum
2705 1083 2987 1152 inopinato
3012 1082 3112 1134 sibi
3137 1082 3378 1133 oblatum
3425 1079 3551 1141 rati.

1980 1188 2198 1232 nostros
2238 1179 2400 1232 veluti
2464 1177 2517 1229 in
2579 1176 2762 1244 fugam
2828 1188 3015 1227 versos
3065 1173 3430 1240 provocabunt
3487 1169 3551 1220 ad

1979 1286 2211 1342 pugnam
2243 1285 2256 1320 :
2302 1270 2461 1322 nobis
2486 1276 2668 1320 autem
2706 1265 3089 1326 renuentibus,
3150 1263 3555 1332 applaudebant

1981 1363 2056 1418 illi
2091 1361 2246 1431 quasi
2268 1361 2528 1424 victores,
2560 1367 2617 1414 et
2665 1359 2952 1414 veritatem
3011 1372 3040 1409 a
3069 1370 3126 1409 se
3181 1365 3419 1411 stantem
3457 1355 3555 1406 lia-

1980 1457 2193 1510 bentcs.

2673 1541 2870 1596 RESP.
2894 1583 2898 1587 .

2052 1639 2472 1711 Applaudebant
2500 1651 2604 1688 non
2643 1644 2704 1688 ut
2735 1636 2994 1695 victores,
3047 1630 3138 1684 sed
3172 1639 3231 1684 ut
3269 1629 3428 1696 culpa
3463 1644 3559 1680 va-

1984 1745 2190 1797 cantes,
2223 1747 2386 1802 quam
2423 1731 2474 1783 iu
2507 1730 2630 1783 illos
2679 1743 2775 1797 per
2817 1727 3145 1779 calumniam
3180 1725 3554 1793 conjiciebas;

1989 1838 2041 1881 ιιι
2074 1827 2214 1881 enim
2245 1833 2297 1878 et
2319 1824 2408 1894 qui
2437 1835 2612 1877 tecum
2673 1821 2936 1882 sentiunt,
2995 1819 3220 1872 Latinos
3275 1819 3558 1870 haereticos

1909 1910 1954 1942 ’⁵³
1985 1917 2290 1982 habebatis,
2324 1914 2469 1979 quod
2501 1914 2708 1978 dicant,
2761 1913 2929 1967 etiam
2980 1925 3042 1963 ex
3078 1911 3217 1962 Filio
3265 1910 3560 1977 proci-dere

1983 2010 2285 2079 Spiritum;
2321 2017 2374 2061 ct
2401 2005 2738 2060 iueusabatis
2762 2019 2879 2069 eos,
2914 2002 3268 2074 Symbolique
3327 2011 3559 2056 tctm-ra-

1983 2112 2131 2156 tores
2159 2116 2221 2154 ac
2247 2100 2639 2168 depravatores
2663 2095 3050 2166 appellabatis.
3083 2095 3159 2147 llli
3185 2111 3314 2147 vero
3332 2095 3560 2164 prolatis

1937 2192 2297 2248 doctoribus
2325 2198 2379 2244 et
2437 2188 2809 2243 Orientalibus
2836 2199 2882 2241 et
2946 2185 3408 2246 Occidentalibus,
3464 2187 3557 2253 qui

1981 2299 2170 2338 eorum
2207 2281 2445 2352 dogmati
2505 2294 2600 2334 seu
2659 2279 2838 2348 potius
2904 2277 3112 2332 veritati
3168 2278 3558 2347 sum-agantur,

1984 2377 2406 2446 applaudcbanl,
2486 2374 2628 2442 quod
2706 2388 3050 2442 nequaquam
3128 2373 3238 2426 sint
3281 2371 3557 2425 temerarii

1987 2469 2229 2541 Symboli
2294 2478 2668 2537 corruptores,
2735 2467 2821 2521 vel
2880 2465 3268 2527 haaretici,sed
3317 2463 3560 2517 veritatis

1986 2575 2312 2628 assertores,
2353 2577 2476 2614 cum
2497 2576 2595 2631 per
2617 2561 2872 2615 doctores
2905 2557 3163 2613 Ecclesia:
3195 2557 3396 2610 veritas
3448 2556 3559 2621 jam

1985 2653 2265 2707 eluxisset.
2293 2650 2522 2706 Nostros
2549 2667 2712 2721 porro
2754 2651 3074 2714 evocabant,
3121 2649 3164 2701 si
3201 2647 3332 2712 quid
3367 2647 3566 2702 vellent

1986 2748 2168 2801 dicere
2201 2754 2391 2800 contra
2411 2745 2712 2800 sententias
2741 2743 3068 2807 doctorum;
3099 2752 3152 2796 at
3195 2743 3270 2796 illi
3305 2756 3412 2796 non
3437 2753 3567 2794 sunt

1987 2840 2108 2894 ausi
2140 2840 2403 2894 adversus
2436 2839 2771 2894 lucidissima
2801 2839 3076 2908 proloqui,
3114 2853 3292 2908 neque
3334 2837 3562 2893 omnino

1987 2949 2046 2989 se
2076 2947 2352 3003 opponere
2387 2932 2699 2997 voluerunt,
2729 2947 2862 2998 non,
2895 2941 2957 2986 ut
2997 2933 3102 2992 ais,
3145 2933 3289 3002 quod
3343 2933 3566 3000 refuge-

1988 3036 2108 3080 rent
2143 3035 2234 3080 aut
2287 3027 2561 3090 timerent,
2625 3025 2719 3081 sed
2781 3025 2910 3096 quia
2954 3026 3181 3081 stultum
3217 3042 3340 3080 esse
3373 3027 3567 3093 opina-

1989 3127 2181 3172 rentur
2211 3126 2402 3172 contra
2432 3118 2716 3172 veritatem
2753 3118 3038 3186 disputare
3089 3128 3196 3171 tam
3251 3127 3436 3186 aperte
3474 3118 3569 3172 de-

297 3213 396 3266 διά
431 3213 540 3266 τῶν
571 3213 936 3269 Ἀνατολικῶν
986 3235 1044 3270 τε
1089 3221 1187 3270 καὶ
1226 3219 1472 3271 Δυτικῶν
1519 3221 1882 3280 διδασκάλων.

1990 3219 2346 3264 monstratam
2374 3226 2436 3264 ex
2490 3209 2728 3265 Orientis
2777 3220 2831 3264 et
2863 3209 3176 3265 Occidentis
3217 3209 3564 3265 doctoribus.

301 3303 382 3356 Σὺ
436 3303 492 3357 δὲ
545 3305 862 3377 ἐσιώπησας
912 3309 1266 3378 τεχνηέντως,
1295 3311 1394 3380 οὐχ
1437 3310 1512 3374 ὡς
1559 3313 1883 3384 βουλόμενος

304 3399 548 3468 σιωπᾷν,
583 3397 698 3451 ἀλλ’
730 3399 806 3462 ὡς
838 3397 916 3469 μὴ
950 3399 1251 3472 δυνάμενος
1278 3402 1576 3472 ἀντιλέγειν
1605 3421 1618 3436 ’
1655 3406 1740 3468 τῖς
1775 3407 1885 3476 γὰρ

300 3492 698 3561 διαλεγόμενος
756 3495 814 3546 ὲν
851 3495 1052 3564 σταδίῳ
1110 3499 1292 3568 σιωπᾷ
1347 3498 1651 3565 έκουσίως;
1701 3502 1733 3568 ἡ
1777 3500 1885 3571 γὰρ

305 3582 491 3651 σιωπὴ
519 3581 676 3651 νίκην
725 3583 885 3646 εὐθὺς
919 3583 1191 3638 δείκνυσι·
1222 3588 1304 3638 δεῖ
1325 3585 1418 3639 οὖν
1447 3588 1537 3640 τὸν
1559 3587 1888 3659 διαλεγόμεέ

303 3688 400 3724 νον
430 3673 518 3725 ἀεὶ
563 3674 766 3740 λέγειν,
802 3673 914 3727 ἐστ’
952 3674 1018 3728 ἂν
1047 3676 1274 3748 νικήσῃ,
1305 3676 1337 3746 ἢ
1372 3678 1593 3749 νικηθῇ.
1623 3680 1695 3733 Σὺ
1721 3680 1776 3732 δὲ
1812 3679 1886 3752 μὴ

302 3766 610 3835 δυνάμενος
664 3765 745 3818 ἔτι
799 3767 1005 3834 λέγειν,
1041 3770 1254 3839 σιωπὴν
1309 3770 1566 3824 ἀκούσιον
1611 3773 1884 3843 ἧσκησας,

303 3855 408 3926 τὴν
432 3853 722 3909 ἀσθένειαν
749 3855 1193 3928 ὑποκρινάμενος
1222 3877 1237 3891 ·
1270 3859 1363 3913 καὶ
1392 3860 1568 3931 τούτῳ
1591 3863 1668 3931 τῷ
1696 3864 1887 3935 τρόπῳ

306 3945 405 3998 τοῦ
449 3947 660 4014 ἀγῶνος
707 3945 1004 4014 ὲξέκλινας,
1056 3947 1220 4017 δῆλον
1263 3949 1403 4018 μετά
1446 3951 1640 4021 τιμῆς,
1671 3951 1747 4016 ὥς
1786 3953 1887 4007 οὐκ

313 4036 568 4106 ὲνικήθης
617 4039 674 4091 ὲν
733 4042 801 4112 τῇ
856 4039 1095 4111 συνόδῳ·
1129 4039 1230 4112 τὴν
1292 4042 1404 4113 γὰρ
1454 4043 1720 4114 αἰσχύνην
1780 4045 1887 4116 πρὸ

308 4121 602 4196 ὀφθαλμῶν
632 4126 771 4198 ἔχων
805 4127 906 4182 οὐκ
932 4128 1248 4201 ἠϐουλήθης
1277 4131 1579 4188 συνελθεῖν.

994 4308 1187 4365 ΕΦΕΣ.

379 4398 551 4455 Τοῦτο
593 4401 651 4455 δὲ
687 4401 784 4456 καὶ
836 4403 924 4457 ἀεὶ
955 4404 1137 4456 ποιεῖν
1170 4403 1422 4474 ἔμελλον,
1455 4405 1600 4462 οὕτω
1629 4409 1888 4475 καθάπαξ

1986 3299 2250 3355 Cancrum
2276 3312 2329 3354 tu
2363 3302 2556 3356 callide
2589 3303 2790 3357 siluisti
2820 3320 2835 3368 ;
2873 3318 3051 3373 neque
3079 3304 3224 3358 enim
3281 3304 3441 3358 silere
3467 3316 3571 3356 vo-

1987 3390 2158 3453 lebas,
2193 3391 2285 3444 sed
2321 3393 2703 3448 contradicere
2760 3408 2870 3448 non
2925 3394 3148 3450 valebas
3183 3411 3197 3448 :
3231 3397 3354 3464 quis
3419 3395 3566 3450 enim

1989 3482 2042 3535 in
2073 3482 2252 3535 stadio
2304 3484 2593 3551 disputans
2649 3500 2748 3539 sua
2779 3487 2991 3554 [sponte
3045 3488 3418 3544 conticescit?
3478 3491 3570 3544 Si-

1987 3574 2156 3628 ientio
2179 3574 2384 3641 quippe
2438 3574 2668 3628 victoria
2737 3577 2921 3631 statim
2951 3579 3283 3633 ostenditur.
3333 3579 3570 3648 Oportet
3661 3613 3664 3616 ~

1987 3680 2118 3734 ergo
2155 3665 2527 3734 tliSputantem
2582 3674 2846 3735 perpetuo
2905 3668 3087 3723 dicere
3115 3670 3292 3738 quoad
3351 3672 3559 3732 vincat,

1989 3765 2083 3810 aut
2117 3755 2392 3811 vincatur.
2450 3754 2570 3809 Tibi
2632 3771 2787 3822 vero,
2839 3773 2964 3812 cum
3027 3761 3171 3814 ultra
3231 3761 3414 3816 dicere
3455 3778 3562 3817 non

1988 3865 2202 3922 posses,
2237 3850 2463 3904 minime
2493 3859 2859 3919 spontaneum
2917 3851 3198 3907 silentium
3237 3852 3361 3919 fuit,
3421 3868 3572 3907 mor-

1989 3943 2119 3998 bum
2181 3944 2489 4008 simulanti,
2549 3952 2712 4014 atque
2743 3944 2814 3998 ita
2871 3959 3230 4014 congressum
3285 3945 3566 4009 deritanti,

1989 4044 2051 4092 ut
2112 4037 2323 4092 scilicet
2381 4035 2608 4091 honoris
2667 4036 2745 4091 tui
2793 4051 2960 4092 causa
3015 4052 3126 4092 non
3183 4040 3571 4095 succumberes

1989 4142 2177 4183 coram
2239 4128 2495 4197 synodo;
2532 4141 2769 4196 namque
2824 4127 3180 4197 ignominiam
3227 4145 3338 4201 prae
3395 4131 3570 4187 oculis

1989 4219 2202 4275 habens
2235 4217 2302 4274 ad
2339 4218 2616 4290 synodum
2654 4220 2919 4275 accedere
2954 4221 3204 4279 uoluisti.

2674 4311 2918 4369 EPHES.
3153 4313 3159 4319 ’

2058 4404 2216 4472 Quod
2265 4405 2370 4475 ipsi
2429 4420 2562 4460 sane
2607 4420 2886 4476 nunquam
2944 4422 3050 4462 non
3105 4416 3261 4462 erant
3323 4408 3568 4473 facturi;

301 4494 827 4564 παρεσκευασμένοι
883 4496 1022 4566 πρὸς
1072 4497 1181 4550 πᾶν
1213 4498 1274 4550 τὸ
1321 4498 1620 4568 λεγόμενον
1672 4503 1882 4556 ἀντιλέσ

1993 4513 2116 4553 cum
2150 4513 2217 4552 eo
2244 4498 2356 4553 sint
2384 4513 2610 4567 prorsus
2641 4499 2884 4568 ingenio,
2925 4510 2985 4552 ut
3030 4503 3204 4569 parati
3234 4501 3343 4555 sint
3374 4513 3568 4556 contra

297 4602 451 4656 γειν,
479 4589 574 4641 καὶ
605 4587 823 4652 ἑαυτοῖς
859 4587 956 4658 τὴν
991 4588 1151 4660 νίκην
1185 4589 1571 4661 ἐπιφημίζειν.

997 4774 1208 4830 ΑΠΟΛ.

379 4859 891 4934 Παρεσκευασμένοι
941 4863 1050 4917 εἰσ)⁸
1092 4863 1326 4918 πάντοτε
1376 4866 1425 4919 οἱ
1471 4865 1574 4936 τὴν
1631 4866 1890 4938 ἀλήθειαν

297 4949 431 5022 μεθ’
475 4951 688 5004 ἑαυτῶν
744 4953 960 5023 ἔχοντες
1014 4953 1324 5022 ἀντιλέγειν
1383 4954 1462 5025 τῷ
1508 4956 1719 5025 ψεύδει.
1771 4959 1885 5011 Καὶ

294 5045 468 5112 ἡμεῖς
529 5044 624 5099 νῦν
685 5044 898 5115 ἕτοιμοι
970 5047 1066 5100 καὶ
1140 5051 1658 5118 παρεσκευασμένοι
1712 5050 1882 5120 ἐσμὲν

292 5137 419 5196 τοῖς
474 5135 690 5206 ἐχθροῖς
730 5136 830 5207 τῆς
863 5137 1112 5198 ένὼσεως
1161 5139 1609 5196 ἀντιτάσσεσθαι.
1670 5142 1779 5195 Καὶ
1832 5143 1882 5196 οἱ

295 5227 529 5282 Δατῐνοι
568 5225 662 5282 οῦν
709 5229 802 5282 καὶ
829 5231 953 5282 τότε
1004 5231 1102 5284 καὶ
1135 5229 1236 5283 νῦν
1275 5233 1370 5285 καὶ
1403 5231 1494 5285 ἀεὶ¹
1533 5248 1883 5304 παρεσκευα-

300 5318 498 5388 σμένοι
547 5320 653 5372 εξσὶ
690 5321 785 5373 καὶ
817 5321 1031 5374 ἔσονται
1064 5321 1126 5376 οὐ
1167 5323 1306 5393 πρὸς
1340 5323 1400 5376 τὸ
1445 5323 1622 5387 καλῶς
1659 5325 1883 5395 λεγόμε-

293 5428 396 5466 νον
427 5410 756 5480 ἀντιλέγειν,
795 5413 935 5465 ἀλλά
967 5415 1107 5483 πρὸς
1159 5413 1222 5468 τὸ
1278 5415 1464 5479 κακῶς
1511 5420 1610 5472 καὶ
1670 5419 1884 5489 ψευδῶς

296 5501 610 5572 λεγόμενον
661 5505 928 5571 γενναίως
967 5506 1332 5561 ἀνθίστασθαι
1367 5510 1464 5564 καὶ
1512 5512 1887 5580 ἀποσκορακί-

299 5590 448 5660 ζειν,
477 5596 576 5666 οὐχ
616 5595 694 5660 ὡς
723 5597 1154 5667 ἐπιφημίζοντες
1181 5601 1394 5665 ἑαυτοῖς
1432 5602 1533 5673 τὴν
1561 5604 1742 5675 νίκην,
1769 5605 1886 5658 ἀλλ’

297 5683 381 5746 ὡς
409 5685 814 5758 ἐκπληροῦντες
850 5690 912 5742 τὸ
939 5691 1122 5761 χρέος,
1150 5693 1436 5747 τουτέστιν
1464 5695 1790 5751 ἀποδιώκειν
1823 5699 1885 5751 τὸ

296 5773 499 5844 ψεῦδος
531 5777 642 5833 ἀπὸ
669 5779 770 5850 τῆς
791 5781 1075 5851 ἀληθείας,
1112 5783 1202 5836 ἵνα
1237 5783 1312 5856 μὴ
1338 5787 1510 5856 αὐτὴν
1542 5787 1880 5861 ἀμαυρώσῃ.

299 5869 415 5923 Καὶ
455 5871 548 5926 σοῦ
588 5874 688 5944 μὶν
739 5876 801 5928 ἐκ
858 5875 1022 5945 μόνου
1056 5876 1149 5930 τοῦ
1198 5877 1415 5948 Πατρδς
1441 5883 1501 5934 τδ
1538 5879 1764 5948 Πνεῦμα
1796 5883 1882 5935 λέ-

1993 4605 2153 4646 omne
2183 4591 2325 4660 quod
2380 4590 2668 4653 asseritur,
2701 4589 2908 4655 dicere,
2967 4599 3021 4644 et
3074 4591 3318 4646 victoria:
3367 4591 3567 4646 famam

1990 4681 2094 4738 sibi
2129 4683 2393 4738 tribuere.
3177 4679 3182 4684 ’

2677 4773 2875 4829 RESP.

2059 4868 2243 4924 Parati
2285 4884 2501 4937 semper
2551 4882 2682 4926 sunt
2714 4871 2815 4936 illi,
2847 4886 2877 4923 a
2935 4869 3138 4939 quibus
3199 4878 3285 4924 est
3343 4870 3570 4934 veritas,

1990 4973 2180 5017 contra
2223 4962 2567 5018 mendacium
2625 4964 2833 5018 dicere.
2897 4961 3006 5017 Nos
3068 4976 3286 5031 quoque
3337 4963 3570 5032 prompti

1990 5055 2272 5125 paratique
2303 5071 2451 5110 nunc
2479 5071 2668 5111 sumus
2698 5057 2762 5108 ad
2794 5053 3202 5124 repugnandum
3235 5055 3385 5125 pacis
3423 5054 3574 5108 inita:

1990 5145 2255 5200 inimicis.
2321 5144 2464 5217 Ergo
2505 5145 2683 5200 Latini
2715 5147 2878 5202 etiam
2936 5155 2990 5201 et
3046 5147 3141 5201 illo
3196 5157 3460 5214 tempore,
3517 5153 3574 5197 et

1992 5251 2158 5301 nunc,
2201 5245 2255 5291 et
2297 5236 2349 5290 in
2404 5246 2727 5306 perpetuum
2784 5247 2911 5290 sunt
2941 5246 3210 5307 eruntque
3237 5237 3414 5306 parati
3463 5249 3569 5290 noti

1992 5335 2187 5382 contra
2237 5327 2293 5381 id
2333 5328 2479 5397 quod
2522 5329 2660 5383 bene
2711 5330 2976 5383 asset-itur
3034 5329 3234 5397 dicere,
3294 5325 3387 5382 sed
3425 5327 3572 5394 quod

1993 5434 2277 5490 perperam
2329 5429 2385 5474 et
2448 5417 2588 5474 falso
2634 5421 2859 5483 dicitur,
2933 5429 3254 5475 constanter
3304 5418 3570 5484 refellere,

1986 5512 2152 5583 idque
2201 5511 2350 5564 velut
2408 5513 2806 5566 exsecrandum
2864 5511 3196 5581 proﬂigare;
3242 5524 3352 5564 non
3414 5509 3570 5579 quasi

1985 5603 2234 5657 victorize
2277 5616 2476 5656 nomen
2535 5602 2638 5657 sibi
2676 5603 3012 5668 tribuentes,
3063 5615 3256 5656 verum
3322 5601 3375 5655 id
3425 5599 3570 5670 quod

1985 5695 2187 5750 debent
2210 5702 2554 5764 praestantes,
2607 5695 2712 5750 hoc
2746 5704 2826 5748 est
2886 5695 3232 5749 mendacium
3269 5709 3299 5747 a
3346 5694 3574 5749 veritate

1990 5787 2345 5856 depellentes.
2383 5801 2453 5842 ne
2475 5787 2624 5842 illam
2661 5787 2942 5843 obscuret.
2984 5785 3061 5841 Te
3091 5787 3258 5858 igitur
3302 5785 3570 5856 Spiritum

1989 5895 2052 5936 ex
2087 5881 2206 5935 solo
2235 5877 2391 5934 Patre
2433 5878 2756 5946 allirmante,
2812 5879 2976 5946 idque
3032 5894 3098 5938 ea
3145 5880 3296 5935 nullo
3350 5878 3570 5934 doctore
