4004 6424
380 306 518 379 10τῖ

1439 317 1868 379 BEFU'J‘ATIO
1901 319 1951 377 Μ
1964 318 2140 377 ΑΡιιιι
2181 317 2512 380 ΕΡΗΕΞΙΝ
2525 322 2573 383 Ι.

3476 322 3614 388 i078

377 423 584 495 ψυχρὸς
632 421 882 489 ῶν,λοῦτε
920 424 1119 495 θερμός
1148 441 1164 458 ο
1222 428 1315 481 καὶ
1372 426 1464 480 διὰ
1508 427 1669 482 τοῦτο
1713 429 1944 500 ἐμίσησέ

2059 428 2264 483 calidus
2339 444 2532 496 esses;
2589 438 2810 500 propter
2894 432 3050 501 quod
3138 433 3291 503 juxta
3348 434 3612 494 Joannem

381 533 441 569 σε
471 515 606 579 Θεὸς
634 518 776 569 κατά
806 516 895 569 τὸν
929 517 1188 589 Ἰωάννην
1224 520 1281 572 ὲν
1323 523 1388 591 τῇ
1428 520 1818 592 Ἀπ-ικαλύψει,
1850 510 1949 577 καῖ

378 605 604 676 ἑξέμεσὲ
643 624 700 659 σε
724 622 737 636 ’
768 608 829 659 τὸ
857 607 967 678 γὰρ
1006 609 1458 681 άμφοτεροδέξιον
1505 611 1781 681 ὑπόδημα,
1809 614 1944 683 ὅπερ

380 700 531 751 ἐστὶν
574 700 603 751 ὀ
649 698 927 769 κόθορνος,
965 701 1207 772 ἐκατέρῳ
1237 702 1357 756 ποδὶ
1403 704 1625 774 άχρεῖόν
1669 706 1807 760 ἐστι.
1834 706 1945 759 Καὶ

382 788 444 840 σὺ
487 789 683 841 τοίνυν
712 790 1016 860 παρόμοιος
1060 796 1126 863 τῇ
1168 792 1309 859 λέξει
1362 796 1458 849 καὶ
1498 799 1566 867 τῇ
1607 797 1821 868 ἐπινοίᾳ
1851 814 1944 850 σου

379 880 550 953 ταύτῃ
608 882 906 954 ὑπάρχων,
972 887 1193 957 ἀχρεῖος
1250 890 1438 954 ἔδοξας
1487 892 1599 953 τοῖς
1658 891 1947 963 ἐχέφροσιν

379 971 438 1023 ὲν
485 973 819 1046 ἀμφοτέροις
873 979 986 1039 τοῖς
1050 980 1388 1049 μέρεσιν.οί
1445 980 1503 1034 δὲ
1559 982 1693 1052 ἱεροὶ
1748 984 1949 1036 ἐκεῖνοι

380 1063 474 1115 καὶ
525 1063 660 1117 θεῖοι
720 1066 915 1136 ἄνδρες
970 1070 1039 1120 τά
1101 1071 1245 1141 ῥητᾶ
1296 1072 1475 1135 καλῶς
1529 1074 1945 1142 ἐρευνήσαντες,

381 1155 447 1208 ὲκ
482 1156 578 1210 τοῦ
630 1157 759 1212 Υίοῦ
816 1160 1111 1229 προφανῶς
1158 1162 1405 1232 λέγοντα,
1436 1165 1496 1218 τὸ
1547 1163 1604 1216 δὲ
1652 1166 1716 1217 ὲκ
1778 1165 1946 1234 μόνου

381 1248 476 1301 τοῦ
541 1248 754 1318 Πατρὸς
815 1237 1094 1317 πέντελῶς
1158 1254 1642 1325 ἀπηγορευμένον,
1698 1254 1948 1320 ἐδέξαντο

379 1341 505 1403 τοὺς
538 1340 728 1409 ἁγίους
771 1342 860 1394 καὶ
890 1341 985 1406 τὰς
1033 1344 1210 1398 αὐτῶν
1253 1346 1459 1414 φωνάς,
1486 1347 1579 1400 καὶ⁹
1614 1345 1715 1416 τὴν
1745 1345 1943 1401 ἕνωσιν

378 1429 568 1482 λοιπὸν
627 1430 852 1494 είκότως
903 1433 1391 1505 ἐπραγματεύοντο
1434 1436 1677 1500 εὐσεϐῶς
1731 1452 1792 1490 τε
1852 1439 1951 1492 καὶ

380 1520 642 1584 εὐλαόὦς.

1072 1620 1261 1674 ΕΦΕΣ.

452 1709 563 1762 Καὶ
607 1710 671 1781 δή
724 1728 777 1765 τι
816 1713 1094 1778 συνθέντες
1150 1715 1500 1787 γραμμάτιον
1552 1710 1780 1769 τοιαῦτά
1824 1731 1948 1768 τινα

2046 517 2102 571 in
2159 519 2478 590 Apocalypsi
2536 520 2679 576 Deus
2757 522 2881 576 odio
2972 531 3024 578 te
3101 524 3293 580 habuit
3364 537 3425 581 et
3491 543 3618 583 evo-

2048 611 2202 675 muit,
2238 612 2805 687 ainbidextrumeuim
2860 612 3310 683 caleeamentum,
3357 619 3502 687 quod
3534 632 3619 675 est.

2047 702 2354 759 cothurnus
2384 706 2603 775 utrique
2638 707 2759 777 pedi
2784 708 2979 764 inutile
2995 718 3099 765 est.
3127 706 3207 764 Tu
3243 726 3462 782 quoque
3487 726 3612 767 eum

2048 791 2125 848 sis
2160 793 2277 846 voci
2308 792 2436 847 huic
2463 810 2624 864 quam
2671 798 2973 866 usurpasti,
3026 805 3081 853 et
3113 798 3192 852 rei
3225 814 3388 870 quam
3436 802 3616 868 expri-

2048 898 2199 939 mere
2225 883 2465 951 voluisti,
2496 902 2603 941 non
2632 887 2918 954 absimilis,
2970 891 3118 945 visus
3141 890 3429 960 esjudicio
3484 908 3609 960 pru-

2049 975 2273 1029 dentum
2306 976 2520 1044 utrique
2547 978 2685 1046 parti
2727 978 2957 1035 inutilis.
2992 982 3060 1034 At
3084 996 3210 1036 vero
3242 982 3383 1037 sacri
3438 982 3515 1037 illi
3555 998 3619 1038 ac

2048 1066 2217 1121 divini
2249 1066 2349 1121 viri
2376 1067 2516 1122 dicta
2544 1068 2733 1123 sedulo
2758 1071 3103 1139 perscrutati,
3147 1072 3201 1127 in
3238 1073 3440 1144 quibus
3476 1073 3619 1129 dilu-

2048 1158 2169 1214 cide
2196 1158 2482 1223 asseritur,
2511 1159 2776 1229 Spiritum
2793 1176 2917 1217 esse
2965 1177 3032 1217 ex
3059 1163 3213 1231 Filio,
3246 1179 3312 1220 ex
3345 1166 3462 1221 solo
3489 1181 3619 1220 vero

2048 1248 2209 1304 Patre
2242 1250 2467 1304 omnino
2489 1251 2771 1321 rejicitur;
2793 1261 3014 1308 sanctos
3054 1264 3106 1310 et
3151 1270 3311 1313 voces
3340 1271 3526 1312 eorum
3562 1268 3621 1313 ut

2049 1354 2336 1408 germanas
2362 1340 2703 1396 admiserunt
2728 1358 2745 1408 ;
2802 1357 2866 1397 ac
2890 1344 3145 1411 deinceps
3161 1349 3286 1415 jure
3316 1346 3384 1403 de
3429 1349 3619 1403 conci-

2051 1429 2234 1485 lianda
2262 1445 2396 1501 pace
2425 1431 2514 1502 pie
2537 1446 2600 1488 ac
2631 1432 2885 1504 religiose
2925 1435 3177 1506 agebant.

2725 1611 2965 1668 EPIIES.

2121 1696 2312 1767 Itaque
2382 1699 2622 1755 libellum
2672 1705 3062 1771 eonscribunt,
3112 1705 3252 1762 dicta
3309 1708 3618 1780 huiusmodi

382 1772 671 1869 περιέχον,
716 1803 814 1873 τὴν
878 1772 1103 1857 ἐκείνων
1265 1772 1437 1868 ’δόξαν
1492 1804 1641 1872 ὅμως
1691 1803 1948 1874 καθαρῶς

2059 1790 2448 1856 continentem,
2478 1792 2700 1847 illorum
2725 1802 2903 1850 tamen
2932 1800 3261 1853 sententiam
3314 1772 3474 1871 plane
3529 1822 3621 1859 ex-

380 1889 752 1960 ικτιθὲμενον,
802 1894 1193 1960 ἐξαπέστειλαν
1249 1894 1456 1966 αὐτοῖς,
1489 1896 1561 1958 ὠς
1621 1895 1710 1949 διὰ
1753 1895 1948 1948 τούτου

2059 1890 2382 1952 ponentem;
2418 1892 2474 1937 et
2503 1884 2726 1939 mittunt
2760 1886 2826 1939 ad
2855 1900 2972 1953 eos,
3002 1889 3160 1958 quasi
3193 1906 3289 1961 per
3316 1893 3469 1948 illum
3490 1902 3645 1950 eon-‘

381 1974 479 2047 τὴν
517 1981 711 2036 ἕνωσιν
738 1984 1109 2055 ποιησόμενοι.
1144 1986 1266 2048 Τοῖς
1292 1986 1348 2038 δὲ
1378 1986 1479 2039 οὐκ
1515 1985 1741 2039 ἀνεκτὸν
1774 1985 1948 2040 ἐδόκει

2059 1973 2330 2044 iungendi.
2362 1971 2560 2029 Verum
2597 1974 2675 2030 illi
2703 1976 2853 2033 nullo
2884 1979 3045 2035 modo
3068 1981 3324 2039 volebant
3372 1984 3613 2041 libellum

379 2072 444 2125 τὸ
483 2073 831 2144 γραμμάτιον
880 2076 1135 2141 δέξασθαι
1179 2078 1351 2146 χωρὶς
1390 2076 1712 2142 ἱξετάσεως,
1748 2077 1866 2131 ἀλλ’
1914 2078 1948 2147 ἢ

2059 2065 2358 2132 admittere,
2388 2066 2443 2120 ni
2479 2068 2631 2136 prius
2659 2069 3071 2126 examinaretur
3091 2087 3107 2139 ;
3129 2073 3223 2129 sed
3254 2089 3349 2131 eos
3372 2078 3454 2131 vel
3479 2085 3536 2132 ut
3563 2094 3633 2134 se

381 2163 522 2232 πρὸς
567 2165 867 2234 ἀπολογίαν
910 2165 1109 2231 αὐτοὺς
1155 2165 1591 2237 προύκαλοῦντο,
1626 2166 1719 2222 καὶ
1766 2166 1951 2228 λύσεις

2059 2155 2424 2220 defenderent,
2461 2160 2848 2228 provocabant,
2871 2172 2925 2218 et
2978 2164 3249 2222 solverent
3282 2184 3404 2238 quae
3454 2170 3621 2225 dubia

380 2254 493 2307 τῶν
526 2256 1059 2329 ἀμφισϐητουμένων
1104 2259 1301 2327 φωνῶν
1347 2260 1405 2312 ιν
1454 2260 1534 2331 τῷ
1565 2259 1876 2330 γράμματι,
1915 2260 1949 2329 ἢ

2059 2255 2204 2303 erant
2236 2247 2290 2302 in
2315 2246 2529 2316 libello;
2557 2249 2641 2304 vel
2666 2265 2851 2319 suum,
2879 2268 3038 2324 quem
3069 2256 3170 2326 ipsi
3193 2257 3306 2327 jam
3329 2260 3616 2328 miserant,

381 2340 443 2392 τὸ
489 2343 691 2396 οἰκεῖον
732 2343 991 2409 δέξασθαι
1038 2346 1395 2418 παρηγγύων,
1426 2347 1565 2420 ὅπερ
1612 2348 1769 2402 αὐτοὶ
1812 2350 1950 2416 φθά-

2059 2341 2120 2392 ab
2161 2337 2229 2392 iis
2253 2340 2458 2408 suscipi
2475 2340 2762 2408 jubebant.
2791 2342 2918 2399 Erat
2958 2360 3124 2415 porro
3147 2348 3202 2402 in
3245 2349 3338 2406 illo
3379 2352 3615 2421 perfecta

384 2446 578 2494 σαντες
639 2432 1067 2497 ἐξαπέστειλαν
1114 2431 1185 2508 ἦν
1234 2437 1292 2491 δὲ
1352 2439 1530 2492 ἐκεῖνο
1592 2439 1951 2511 συμφώνησις

2059 2428 2371 2487 Latinorum
2395 2443 2562 2503 atque
2590 2432 2905 2490 Graecorum
2929 2437 2997 2492 de
3027 2440 3283 2510 dogmate
3328 2443 3619 2498 consensio

384 2520 656 2592 παντελὴς
694 2541 757 2575 πε
771 2527 823 2595 pi
854 2526 916 2578 τὸ
954 2526 1133 2597 δόγμα
1158 2528 1407 2583 Λατίνων
1443 2546 1504 2583 τε
1536 2531 1632 2585 καὶ
1671 2531 1948 2604 Γραικῶν,

384 2612 479 2663 καὶ
511 2613 770 2683 ὁμολογία
805 2616 899 2669 τοῦ
941 2620 1036 2671 καὶ
1076 2620 1140 2673 ἐκ
1189 2617 1284 2674 τοῦ
1334 2619 1471 2675 Υίοῦ
1506 2622 1568 2677 τὸ
1613 2624 1836 2693 Πνεῦμα
1890 2626 1953 2679 τὸ

385 2701 540 2767 ἅγιον
576 2705 996 2776 ἐκπορεύεσθαι.

1074 2801 1286 2873 suos.
1692 2844 1697 2849 .

458 2885 814 2957 Γραμμάτιον
838 2888 1128 2946 ἀπέδωκαν
1167 2890 1219 2945 οἱ
1247 2891 1505 2965 ἡμέτεροι
1525 2896 1596 2949 τὰ
1626 2894 1737 2951 τῶν
1781 2896 1953 2967 άγίων

389 2978 530 3046 ῥητά
560 2977 992 3046 συμόιόἀζοντες
1021 2981 1162 3036 κατὰ
1191 2981 1292 3054 τήν
1321 2983 1419 3037 τοῦ
1446 2985 1702 3058 Μαξίμου
1746 2990 1951 3061 φωνήν,

385 3068 529 3138 ὅπερ
555 3071 881 3124 ἀπέστειλαν
909 3072 1046 3140 πρὸς
1068 3077 1163 3127 τὸν
1183 3075 1353 3147 ἀκρον
1375 3078 1659 3149 ἀρχιερέα,
1684 3083 1952 3150 πρότερον

385 3160 546 3214 τοῦτο
569 3161 910 3232 ζητήσαντες
937 3168 1090 3236 παρά
1123 3165 1224 3237 τῆς
1263 3167 1585 3240 Ῥωμαῖκῆς
1625 3170 1954 3244 Ἐκκλησίας

384 3251 706 3320 ἐγγράφως,
744 3253 852 3307 τίνι
896 3256 1087 3332 τρόπῳ
1138 3257 1491 3330 γενήσεταιὸ
1518 3260 1665 3329 ὄρος,
1709 3264 1804 3315 καὶ⁵
1836 3264 1953 3327 πῶς

382 3343 446 3394 τὸ
495 3343 669 3411 δόγμα
703 3345 761 3397 ἐν
812 3346 965 3415 αύτῷ
1016 3348 1431 3419 ἐγγραφήσεται
1456 3366 1471 3381 ’
1501 3352 1638 3423 ὅπερ
1681 3356 1955 3424 ποιήσασα
1994 3384 1999 3387 -

384 3434 672 3489 ἀπέστειλε
708 3439 818 3499 τοῖς
861 3437 1158 3507 Γραικοῖςο
1218 3439 1271 3494 οἳ
1313 3441 1572 3507 λαϐόντες
1616 3442 1790 3513 ἔγνων
1822 3447 1956 3499 αὐτὸ

383 3526 640 3595 φανερῶς
673 3526 828 3596 λόγον
860 3528 920 3582 τὸ
950 3529 1177 3603 Πιεῦμα
1200 3532 1260 3584 τὸ
1287 3533 1442 3602 ἅγιον
1467 3536 1562 3588 καὶ
1585 3536 1650 3589 ἐκ
1679 3537 1773 3589 τοῦ
1801 3537 1954 3593 Υἱοῦ.

385 3611 501 3670 Εἶτ’
536 3617 781 3690 ἔγραψαν
817 3621 911 3676 καὶ
943 3622 1098 3677 αὐτοὶ
1116 3623 1401 3693 λέγοντες·
1434 3627 1496 3678 Et
1537 3628 1633 3681 καὶ
1665 3627 1864 3683 ἔστιτὸ
1891 3630 1956 3683 ἐκ

384 3706 480 3759 τοῦ
510 3709 640 3762 Υίοῦ
676 3711 873 3765 ταυτὸν
923 3712 1003 3781 τῷ
1039 3713 1130 3767 διά
1168 3715 1263 3768 τοῦ
1300 3714 1454 3782 Υίοῦ,
1489 3721 1583 3770 καὶ
1630 3718 1692 3771 τὸ
1722 3720 1811 3772 διὰ
1855 3720 1951 3773 τοῦ

386 3801 520 3855 Υίοῦ
545 3804 738 3856 ταυτὸν
779 3806 857 3875 τῷ
906 3806 971 3859 ἐκ
1017 3805 1113 3860 τοῦ
1144 3807 1295 3873 Υἱοῦ,
1332 3806 1514 3871 καθὼς
1543 3809 1699 3880 ὑμεῖς
1741 3812 1953 3866 ἀπεδώ-

388 3911 539 3959 κατε,
573 3894 719 3964 δ,;ως
774 3899 938 3965 ἡμεῖς
987 3898 1360 3970 ὁμολογοῦμεν
1414 3901 1498 3953 ὅτι
1533 3901 1595 3953 τὸ
1637 3902 1861 3973 Πνεῦμα
1894 3903 1958 3956 τὸ

392 3986 539 4048 Et.th
572 3987 635 4040 ὲκ
662 3986 754 4040 τοῦ
793 3988 1003 4059 Πατρὸς
1032 3990 1120 4045 διὰ
1148 3990 1242 4044 τοῦ
1287 3990 1418 4045 Υἰοῦ
1454 3992 1639 4057 άῐδίως
1671 3993 1848 4049 ἐστίν.
1890 3994 1959 4049 Ἠ

334 4132 337 4137 _
411 4077 688 4152 Ῥωμαικὴ
734 4076 826 4135 οὖν
866 4080 1164 4153 Ἐκκλησία
1193 4084 1293 4136 οὐκ
1318 4084 1553 4156 ἠθέλησε
1599 4085 1661 4139 τὸ
1698 4088 1960 4158 γραμμά-

390 4187 507 4224 τιον
531 4171 785 4237 δέξασθαι
816 4178 986 4245 χωρὶς
1016 4174 1339 4245 ἐξετάσεως,
1359 4177 1474 4230 ἀλλ’
1500 4177 1684 4247 ἔλεγεν
1705 4194 1720 4210 ⁶
1764 4180 1957 4250 Ἡμεῖς

390 4267 449 4315 οὐ
482 4264 780 4334 βουλόμεθα
803 4264 1003 4319 ἕνωσιν
1032 4269 1425 4337 πεπλασμένην
1452 4269 1813 4338 ποιήσασθαι,
1837 4272 1959 4325 οὐδὲ

2049 2530 2105 2578 et
2127 2524 2421 2595 confessio,
2452 2525 2602 2597 quod
2633 2528 2795 2584 etiam
2816 2542 2884 2584 ex
2937 2527 3076 2586 Filio
3105 2533 3364 2602 procedat
3384 2534 3622 2605 Spiritus

2052 2622 2298 2672 sanctus.

2716 2795 2917 2852 RESP.

2127 2886 2399 2944 Libellum
2432 2888 2598 2944 nostri
2622 2888 2910 2953 dederunt,
2938 2898 3256 2945 sanctorum
3287 2891 3430 2946 dicta
3459 2890 3614 2960 juxta

2057 2975 2276 3033 Maximi
2316 2991 2502 3032 vocem
2533 2978 2676 3032 inter
2716 2992 2774 3033 se
2804 2978 3185 3041 conciliantes.
3218 2994 3378 3049 quem
3405 2997 3623 3035 summo

2058 3069 2302 3140 pontiﬁci
2332 3068 2633 3134 miserunt;
2652 3085 2776 3124 eum
2798 3084 2827 3124 a
2850 3069 3098 3125 Romana
3127 3070 3374 3127 Ecclesia
3396 3074 3626 3143 qu:esis—

2061 3171 2181 3219 sent
2205 3164 2259 3219 in
2288 3163 2515 3233 scripto,
2538 3163 2814 3232 quomodo
2835 3172 2980 3219 esset
3004 3163 3342 3219 conﬁcienda
3362 3165 3624 3232 deﬁnitio,
3699 3215 3707 3221 .

2060 3270 2235 3325 quave
2259 3254 2468 3309 ratione
2484 3255 2678 3325 dogma
2707 3269 2827 3310 esse
2856 3254 2907 3307 in
2926 3270 2987 3309 ea
3010 3257 3343 3326 ponendum.
3385 3258 3481 3312 Illa
3503 3274 3625 3313 cmn

2058 3362 2127 3400 ue
2192 3346 2354 3400 modo
2385 3344 2722 3415 scripsisset,
2758 3345 2905 3401 misit
2934 3348 2998 3400 ad
3032 3345 3249 3404 Gracos
3278 3366 3293 3416 ;
3345 3358 3627 3419 acceptum

2060 3437 2135 3491 illi
2179 3439 2445 3507 scriptum
2493 3437 2768 3506 legerunt,
2805 3448 2860 3492 et
2899 3450 3275 3509 cognoverunt
3336 3442 3407 3496 ibi
3440 3453 3624 3512 aperte

2061 3530 2291 3596 dictum,
2321 3527 2587 3598 Spiritum
2648 3542 2899 3584 sanctum
2949 3546 3071 3586 esse
3122 3533 3283 3587 etiam
3336 3549 3401 3588 ex
3458 3533 3623 3590 Filio.

2063 3621 2265 3675 Deinde
2299 3622 2571 3690 scripsere
2600 3632 2654 3675 et
2681 3621 2783 3690 ipsi
2819 3623 2921 3676 hoc
2953 3632 3115 3690 pacto
3142 3640 3157 3678 :
3189 3624 3451 3689 Quamvis
3484 3625 3629 3681 idea.-

2057 3714 2131 3767 sit
2163 3726 2227 3767 ex
2256 3711 2394 3765 Filio
2426 3712 2571 3780 quod
2633 3726 2727 3780 per
2756 3709 2978 3775 Filium,
3023 3723 3073 3766 et
3113 3729 3206 3782 pur
3245 3713 3440 3768 Filium
3487 3716 3627 3769 Idem

2058 3804 2204 3875 quod
2258 3819 2321 3859 ex
2348 3800 2506 3869 Filio,
2534 3801 2998 3871 quemadmodum
3029 3817 3125 3856 vos
3152 3803 3501 3872 explicaslis;
3531 3821 3629 3859 nos

2060 3908 2243 3965 tamen
2274 3895 2527 3960 fatemur,
2549 3892 2815 3964 Spiritum
2845 3906 3100 3948 sanctum
3132 3909 3251 3948 esse
3276 3913 3303 3947 a
3336 3893 3497 3948 Patre
3528 3911 3625 3964 per

2058 3989 2255 4045 Filium
2284 3988 2643 4044 reternaliter.
2673 3984 2920 4041 Romana
2952 4002 3082 4055 ergo
3107 3984 3351 4042 Ecclesia
3379 3986 3623 4041 libellqu

2060 4084 2206 4139 hunc
2254 4083 2432 4138 noluit
2495 4081 2786 4136 admittere
2842 4081 2981 4135 citra
3050 4080 3488 4148 discussioncm;
3529 4081 3624 4134 sed

2059 4177 2283 4232 aiebat:
2316 4174 2428 4229 Nos
2483 4173 2795 4229 simulatam
2846 4174 3104 4226 unionem
3165 4172 3283 4226 ﬁeri
3327 4171 3626 4233 uolumus;

2061 4283 2240 4338 neque
2291 4267 2548 4322 volumus
2580 4264 2800 4322 Grazcos
2864 4264 3156 4318 nobiscum
3220 4263 3477 4332 conjungi
3539 4276 3635 4330 per

388 4359 517 4420 τοὺς
548 4359 824 4430 Γραικοὺς
860 4359 1089 4429 θέλομεν
1137 4360 1258 4431 μεθ’
1311 4361 1470 4432 ἡμῶν
1507 4362 1775 4433 ἑνωθῆναι
1819 4367 1955 4434 μετὰ

2062 4361 2314 4417 fraudem
2345 4369 2399 4414 et
2431 4359 2703 4424 literesin;
2737 4357 2829 4412 sed
2859 4358 2999 4411 scire
3034 4355 3199 4409 libelli
3233 4354 3393 4423 hujus
3418 4353 3636 4420 exposi-

388 4451 654 4523 αξρέσεως
680 4451 777 4507 καὶ
809 4452 1060 4523 ἀπάτης’
1092 4452 1206 4505 ἀλλ’
1260 4454 1466 4506 είδέναι
1500 4453 1806 4524 βουλόμεθα
1856 4455 1955 4526 τήν

2063 4455 2290 4517 tionem,
2322 4465 2432 4519 quo
2472 4450 2634 4519 plane
2666 4445 2850 4512 modo,
2879 4455 2932 4500 et
2990 4461 3098 4516 quo
3130 4460 3292 4500 sensu
3329 4442 3633 4512 intelligant

390 4545 656 4614 ἐξήγησιν
701 4543 796 4598 τοῦ
856 4544 1215 4615 γραμματίου
1258 4543 1479 4612 τούτου,
1534 4545 1651 4608 πῶς
1705 4546 1801 4599 καὶ
1850 4548 1955 4600 τίνι

2066 4544 2222 4607 illud,
2256 4558 2370 4613 per.
2408 4540 2596 4610 Neque
2649 4539 2794 4593 enim
2828 4538 3194 4592 concedemus
3240 4551 3504 4605 unquam,
3537 4551 3630 4602 ιιι-ι·

385 4637 577 4706 τρόπῳ
607 4635 705 4707 τὴν
735 4635 836 4690 διὰ
867 4635 1163 4690 ἐννοοῦσιν.
1202 4634 1338 4691 Οὐδὲ
1372 4635 1479 4705 γὰρ
1514 4635 1762 4707 δώσομεν
1796 4638 1955 4695 τοῦτό

2065 4638 2216 4691 illam
2254 4632 2606 4704 particulam,
2646 4644 2761 4699 per,
2815 4627 3109 4699 signiﬁcari
3146 4642 3368 4681 causam
3421 4627 3627 4679 instru-

388 4746 557 4796 ποτε,
612 4731 712 4801 τὴν
769 4727 870 4785 διὰ
933 4729 1236 4784 ἐννοεῖσθαι
1296 4729 1478 4782 αἰτίαν
1531 4730 1861 4800 ὀργανικὴν,
1925 4732 1955 4802 ἤ

2066 4727 2413 4787 meutariam,
2448 4724 2564 4777 sive
2616 4720 3048 4776 ministerialem.
3106 4718 3389 4789 Siquidem
3425 4718 3631 4773 scimus

388 4824 758 4893 ὑπουργικήν.
786 4822 856 4876 Ἦ
888 4820 991 4876 διὰ
1012 4822 1121 4890 γὰρ
1149 4821 1305 4890 ίσμεν
1344 4821 1425 4874 ὅτι
1457 4821 1697 4887 τρισσῶς
1735 4825 1958 4889 νοεῖται,

378 4914 683 4987 ,ὀργανική
717 4914 1055 4986 ὑπουργικὴ,
1087 4915 1183 4969 καὶ
1219 4914 1449 4984 φυσική.
1481 4914 1544 4968 Et
1580 4913 1680 4983 μὲν
1712 4910 1807 4969 οὖν
1861 4933 1965 4985 φυ-

392 5007 564 5070 σικῶς
605 5006 925 5076 νοοῦσιιδιὰ
956 5007 1009 5059 τί
1051 5005 1111 5058 06
1161 5004 1402 5075 χρῶνται
1449 5006 1542 5059 καὶ
1571 5009 1636 5076 τῇ
1669 5006 1739 5060 ἐκ
1766 5008 1960 5061 ταυτὸν

388 5106 458 5172 τῇ
487 5100 587 5156 διὰ
638 5100 952 5172 δυναμίνγμ
1000 5100 1048 5153 εί
1072 5098 1129 5151 δὲ
1158 5099 1489 5169 ὸργανικῶς,
1524 5098 1558 5171 ἢ
1590 5100 1960 5170 ὑπηρετικῶς,

392 5196 558 5266 ἡμεῖς
593 5192 806 5255 τούτοις
835 5193 895 5245 οὑ
929 5189 1235 5261 βουλόμεθα
1266 5191 1624 5259 κοινωνῆσαι.
1657 5192 1755 5244 Διὰ
1778 5191 1963 5259 τοῦτο,

392 5288 665 5357 αἰδέσιμε,
695 5285 922 5355 ἐζήτουν
947 5284 1209 5354 ἐξήγησιν
1230 5281 1323 5335 τοῦ
1352 5283 1710 5354 γραμματίου
1731 5301 1745 5313 ⁸
1772 5285 1832 5336 οὐ
1858 5286 1963 5354 γάρ

340 5429 345 5433 .
394 5378 684 5435 ἐεούλοντο
710 5377 879 5449 χωρὶς
926 5376 1227 5447 ἐξετάσεως
1270 5373 1468 5427 ἕνωσιν
1520 5374 1775 5444 οὐδεμίαν
1803 5377 1963 5447 ποιήο

398 5470 627 5526 σασθαι·
663 5469 770 5527 (καὶ
818 5467 1044 5530 δικαίως
1068 5481 1081 5496 ⁸
1141 5468 1191 5519 εἰ
1232 5466 1340 5536 γὰρ
1375 5465 1469 5521 νῦν
1520 5468 1661 5535 μετὰ
1692 5465 1961 5538 τοσαύτης

397 5564 699 5630 ἐξετάσεως
737 5560 975 5629 ἐγένετο,
1002 5559 1241 5628 σπουδῆς
1266 5575 1328 5612 τε
1365 5560 1462 5612 καὶ
1505 5559 1835 5630 ἀγρυπνίας,
1869 5560 1964 5611 καὶ

396 5658 448 5709 οἱ
479 5632 736 5726 ἡμέτεροι
768 5652 907 5723 αὐτῇ
964 5654 1233 5722 μάχονται
1283 5650 1540 5717 ἀναιδῶς,
1570 5651 1622 5702 τί
1656 5650 1720 5704 ἂν
1751 5650 1961 5719 ἔλεγον,

399 5748 447 5801 εἰ
495 5746 664 5821 χωρὶς
720 5743 1023 5810 ἐξετάσεως
1075 5741 1355 5812 ὲγεγόνεις
1404 5740 1492 5798 διὰ
1534 5740 1692 5796 τοῦτο
1728 5740 1959 5812 ἐζήτουν

2065 4832 2161 4888 per
2209 4815 2353 4870 hanc
2381 4828 2588 4876 vocem,
2627 4825 2743 4880 per,
2801 4810 2903 4862 tria
2938 4807 3258 4878 signiﬁcari,
3298 4807 3636 4858 instrumen—

2071 4920 2210 4975 tum,
2256 4906 2645 4968 ministerium,
2677 4910 2731 4956 et
2779 4915 3003 4955 causam
3037 4898 3361 4952 naturalem.
3405 4897 3459 4949 Si
3503 4910 3632 4963 ergo

2069 5003 2135 5057 ad
2168 4999 2585 5071 signiﬁcandam
2613 4993 2914 5049 naturalem
2950 4992 3171 5047 causam
3206 4996 3492 5043 assumunt
3517 5000 3630 5054 per.

2068 5111 2168 5151 cur
2197 5097 2361 5148 etiam
2404 5106 2469 5147 ea;
2499 5105 2606 5144 non
2648 5094 2894 5149 utuntur,
2925 5099 3048 5154 qua!
3075 5084 3217 5138 idem
3244 5081 3384 5134 valet
3411 5094 3473 5173 ac
3500 5074 3630 5173 per?

2070 5185 2127 5241 Si
2165 5199 2293 5239 vero
2324 5182 2391 5236 ad
2426 5176 2847 5250 signiﬁcandum
2880 5174 3332 5234 instrumentum,
3378 5167 3633 5266 sive-mi-

2073 5279 2386 5339 nisterium,
2420 5290 2519 5328 nos
2553 5268 3003 5326 communionem
3045 5264 3274 5319 istorum
3306 5274 3412 5314 non
3458 5264 3636 5314 susci-

2071 5374 2273 5443 pimus.
2304 5367 2620 5436 Propterea,
2649 5362 2735 5417 vir
2770 5357 3085 5420 reverende,
3118 5351 3439 5443 quaerebant
3467 5346 3633 5403 libelli

2071 5442 2503 5534 expositionem;
2540 5458 2800 5511 uolebant
2837 5451 2982 5505 enim
3014 5448 3147 5502 citra
3194 5442 3647 5512 disquisitionem.

2071 5555 2341 5611 conlicere
2372 5546 2680 5623 quamlibet
2730 5545 2985 5601 unionem
3012 5560 3025 5607 ;
3059 5549 3114 5594 et
3143 5538 3264 5608 jure
3294 5535 3512 5603 quidem
3541 5551 3639 5604 op—

2075 5647 2229 5702 timo.
2281 5644 2421 5697 Nam
2464 5640 2510 5696 si
2576 5648 2724 5697 tanta
2769 5650 2913 5690 nunc
2955 5631 3197 5686 adhibita
3260 5626 3640 5698 inquisitimic,

2077 5740 2279 5808 studio,
2310 5753 2373 5795 ac
2410 5735 2685 5812 vigilantia
2718 5729 2890 5790 nostri
2926 5727 3123 5783 factam
3160 5725 3420 5784 unitatem
3451 5724 3633 5796 impu-
