4004 6418
242 339 384 404 1085

1303 341 1744 404 REFUTA'FIO
1789 343 2030 404 MARCI
2072 342 2408 403 EPHESIN
2423 343 2469 404 l.

3365 347 3506 416 1086

233 454 297 507 τὺ
335 447 500 506 εἶναι.
540 449 706 503 Ὀοεν
735 451 784 503 εί
814 449 1026 518 λέγοιτο
1048 451 1143 505 καὶ
1173 454 1200 506 ὁ
1225 451 1354 516 Tib;
1378 455 1526 508 αἰτία
1550 457 1642 507 καὶ
1675 455 1819 524 ἁρχὴ

1937 451 2104 517 )nare
2128 463 2186 506 ut
2215 451 2384 505 Filius
2408 465 2628 523 quoque
2657 453 2874 509 dicatur
2893 470 3058 512 causa
3088 467 3141 514 et
3171 461 3499 535 principium

227 544 328 599 τοῦ
368 544 529 612 ἁγίου
557 542 900 610 ῐῐνεύματος,
935 543 1002 596 ἐκ
1033 543 1126 597 τοῦ
1177 546 1388 615 Πατρὺς
1413 546 1558 600 τοῦτ’
1611 547 1770 600 ἔλασε
1797 562 1810 576 ·

230 633 514 702 δυνάμεθα
538 634 644 701 γὰρ
674 634 773 685 καὶ
796 635 956 704 ἡμεῖς
985 635 1161 687 εἰπεῖν
1187 637 1328 688 κατὰ
1354 637 1447 690 τδν
1467 639 1526 690 ἐν
1557 638 1813 708 θεολογία

241 727 414 799 μέγαν
445 727 768 796 Γρηγόριον·
799 728 867 780 Ἥ
897 730 961 781 ἐκ
995 729 1092 794 τῆς
1114 731 1294 792 αίτίας
1325 731 1498 792 αἰτία,
1527 732 1588 783 τὸ
1618 733 1682 784 ἐκ
1719 730 1814 784 τοῦ

244 819 417 886 φωτὸς
450 821 589 886 φῶς,
623 822 650 872 ὀ
682 821 748 872 ἐκ
773 820 908 873 Θεοῦ
941 821 1098 886 Θεὸς,
1131 821 1324 891 ὥσπερ
1379 823 1592 886 ἐκεῖνός
1622 841 1813 891 φησιν,

259 911 322 964 Ἦ
354 912 417 962 ἐκ
446 911 545 979 τῆς
586 912 762 981 ἀρχῆς
801 912 968 982 ἀρχή.
997 914 1163 965 Ὥστε
1209 915 1258 966 εί
1292 915 1386 967 καὶ
1418 914 1446 964 ὁ
1491 915 1616 976 Υἱὸς
1666 917 1815 970 αἰτία

239 1003 479 1068 λέγεται,
512 1003 627 1055 ἀλλ’
653 1005 753 1056 οὐκ
787 1006 881 1069 ἀφ’
915 1005 1111 1059 ἑαυτοῦ
1137 1008 1458 1075 ἁρχοειδῶς,
1493 1007 1614 1059 ἀλλ’
1633 1009 1698 1060 ἐκ
1721 1007 1814 1060 τοῦ

239 1096 456 1165 Πατρδς
493 1097 595 1163 μὲν
626 1099 946 1166 ἁρχοειδῶς,
973 1100 1062 1153 διὰ
1089 1101 1180 1153 τοῦ
1217 1100 1346 1153 Υἱοῦ
1374 1101 1430 1153 δὲ
1468 1103 1563 1154 καὶ
1603 1103 1667 1155 ἐκ
1720 1102 1815 1155 τοῦ

246 1187 375 1241 Υῑοῦ
397 1187 472 1250 ὡς
503 1189 594 1241 διὰ
627 1189 724 1242 τοῦ
759 1191 911 1246 Υίοῦ.
981 1193 1091 1246 Καὶ
1115 1191 1272 1246 τοῦτὸ
1299 1195 1448 1247 ἐστιν
1471 1195 1499 1248 ὅ
1531 1213 1666 1264 φησι
1698 1198 1818 1250 Μά-

237 1276 399 1344 ξιμος
421 1293 439 1311 ο
481 1279 580 1330 οὐκ
611 1280 793 1333 αἰτίαν
825 1281 1081 1351 ἀρχοειδῆ
1111 1284 1201 1335 τδν
1243 1283 1371 1336 Υίδν
1404 1285 1690 1339 ποιοῦντας
1723 1287 1817 1338 τοῦ

238 1370 559 1438 Πνεῦματος
593 1373 735 1440 σφᾶς
785 1365 982 1436 αὐτοὺς
1030 1376 1346 1443 ἀπέδειξαν,
1375 1377 1493 1430 ἀλλ’
1527 1379 1614 1432 ἵνα
1646 1381 1707 1432 τὸ
1751 1379 1818 1433 δι’

232 1461 402 1514 αὐτοῦ
434 1463 686 1533 προῑέναι
715 1465 1023 1534 δηλώσωσι.
1063 1470 1170 1522 Καὶ
1199 1469 1346 1523 οῦτοι
1387 1468 1480 1524 οὖν
1510 1472 1655 1525 οὕτω
1689 1475 1817 1543 νοή-

234 1571 433 1618 σαντες
458 1555 642 1609 δοῦναι
669 1557 746 1627 τῷ
766 1559 880 1629 Υίῷ
905 1561 1004 1627 τὴν
1037 1560 1112 1631 μὴ
1137 1566 1590 1633 προκαταρτικὴν
1615 1567 1817 1631 αἰτίαν,

233 1647 424 1710 καλῶς
472 1656 568 1703 καὶ
593 1651 837 1711 εὐσεϐῶς
867 1653 1150 1722 ἐποίησαν.
1207 1656 1319 1710 Καὶ
1368 1657 1477 1727 γὰρ
1505 1657 1616 1710 οὐδ’
1657 1659 1822 1728 ἡμεῖς

232 1738 474 1809 λέγομεν
499 1743 754 1812 ἀρχοειδῆ
788 1744 821 1812 ἢ
857 1750 1311 1816 προκαταρτικὴν
1341 1751 1432 1803 τὸν
1472 1750 1604 1803 Υίὸν
1637 1751 1820 1803 αίτίαν

231 1831 334 1884 τοῦ
360 1832 697 1901 Πνεύματος,
724 1836 840 1888 ἀλλ’
871 1837 935 1891 ἐκ
983 1838 1080 1892 τοῦ
1109 1842 1325 1911 Πατρὸς
1357 1841 1436 1905 ὡς
1455 1843 1682 1912 πρώτης
1711 1844 1816 1912 ἀρ-

233 1924 343 1992 χῆς
375 1926 614 1995 ἀνάρχου
639 1933 730 1980 καὶ
766 1930 1106 1999 ἀρχοειδοῦς,
1147 1934 1210 1986 ἐκ
1233 1934 1327 1987 τοῦ
1360 1934 1494 1988 Υίοῦ
1517 1935 1573 1988 δὲ
1605 1936 1698 1987 καὶ
1731 1934 1818 1987 διὰ

235 2018 338 2070 τοῦ
363 2017 495 2072 Υίοῦ
523 2020 599 2082 ὡς
627 2021 697 2073 δι’
720 2023 886 2076 αὑτοῦ
923 2027 985 2078 ἐκ
1022 2026 1118 2079 τοῦ
1157 2027 1391 2096 Πατρός.
1419 2027 1532 2082 Καὶ
1561 2027 1706 2080 οὕτω
1735 2045 1821 2081 πι-

232 2110 529 2181 στεύομεν,
555 2113 651 2166 καὶ
684 2115 954 2182 γενναίως
986 2117 1359 2189 κηρύττομεν.

931 2236 1124 2289 ΕΦΕΣ.

321 2320 467 2374 Ἀλλ’
497 2324 548 2374 οι
593 2324 859 2395 τολμηροὶ
889 2327 990 2398 τὴν
1018 2325 1362 2391 δυσσέϐειαν,
1395 2328 1493 2381 καὶ
1533 2327 1649 2381 ὅσοι
1691 2328 1819 2382 τού-

232 2429 354 2476 τοις
413 2416 566 2485 παρὰ
617 2417 715 2487 τὴν
765 2420 941 2490 ἀρχὴν
1008 2419 1409 2491 ἠκολούθησαν,
1460 2420 1821 2489 ἐπαγγελίαις

233 2508 530 2578 λαμπραῖς
562 2513 902 2583 ὑπαχθέντες
937 2514 1033 2567 καὶ
1059 2514 1308 2583 δόμοισιν,
1335 2517 1515 2584 γυμνῇ
1553 2517 1619 2586 τῇ
1651 2532 1821 2584 κεφα-

231 2605 305 2673 λῇ
328 2605 420 2656 τὸν
453 2605 583 2659 Υίδν
638 2608 996 2677 ἀπεφήναντο
1047 2606 1141 2660 τοῦ
1189 2607 1506 2678 Πνεύματος
1539 2608 1716 2661 αἴτιον
1751 2624 1764 2638 ·
1794 2609 1823 2660 ὃ

238 2697 373 2767 μηδ’
405 2701 464 2752 ἐν
494 2703 606 2762 τοῖς
636 2701 742 2754 τῶν
763 2701 1009 2756 Λατίνων
1033 2703 1220 2772 ῥητοῖς
1246 2700 1480 2773 εὕρηταί
1513 2719 1618 2756 που
1652 2719 1822 2771 φανε-

236 2790 356 2861 ρῶς
386 2792 665 2864 κείμενον.

929 2915 1140 2968 ΑΠΟΛ.

314 3001 391 3056 Οὐ
435 3003 704 3073 τολμηροὶ
731 3005 829 3074 τὴν
864 3007 1214 3069 δυσσέϐειαν,
1250 3007 1368 3062 ἀλλ’
1418 3007 1673 3070 εὐλαϐεῖς
1719 3007 1821 3076 τὴν

237 3095 528 3148 εὐσέϐειαν
555 3091 699 3166 ἦσαν
731 3099 950 3160 ἐκεῖνοι,
978 3098 1072 3162 οὓς
1106 3101 1170 3154 σὺ
1202 3102 1582 3170 συκοφαντεῖς.
1610 3100 1686 3153 Οὐ
1715 3099 1824 3171 γὰρ
1855 3149 1900 3207 c

239 3189 623 3260 ἐδουλήθησαν
653 3191 930 3262 διαμεῖναι
980 3194 1078 3245 καὶ
1109 3194 1190 3245 ἔτι
1218 3192 1297 3264 τῷ
1342 3193 1612 3264 σχίσματιν
1644 3193 1739 3247 καὶ
1760 3195 1826 3262 τῇ

241 3281 426 3354 κακία
471 3282 844 3354 διαιρούμενοι
891 3284 1000 3338 τῶν
1029 3285 1276 3355 ἀδελφῶν
1325 3287 1418 3340 καὶ
1459 3287 1561 3355 τῆς
1593 3285 1829 3353 Ἐκκλη-

243 3378 392 3440 σίαςο
425 3376 537 3431 οὐδ’
569 3373 712 3450 ἦσαν
741 3377 886 3432 οὕτω
940 3379 1116 3450 μωροὶ
1165 3379 1512 3450 ἀρνήσασθαι
1541 3378 1640 3448 τὴν
1693 3379 1831 3448 ἀλήσ-

245 3469 423 3534 θειαν,
455 3473 514 3533 ὃς
557 3472 709 3525 ἐστιν
742 3473 771 3524 ὁ
825 3472 1083 3542 Χριστὸς,
1119 3471 1432 3543 ἔμπροσθεν
1465 3472 1576 3526 τῶν
1621 3470 1834 3543 maps,»

249 3581 392 3618 πων.
430 3563 522 3616 Διὸ
553 3566 651 3619 καὶ
677 3568 858 3635 γυμνῇ
889 3568 955 3636 τῇ
984 3566 1195 3636 κεφαλῇ
1220 3565 1587 3635 ἀνεκήρυξαν,
1623 3567 1688 3619 ἐκ
1736 3563 1830 3617 τοῦ

247 3657 480 3718 σκότους
511 3655 609 3725 τῆς
645 3657 912 3723 κακίστης
945 3657 1266 3728 προλήψεως
1299 3657 1706 3727 ἀνανήψαντες,
1733 3661 1830 3708 καὶ

245 3749 389 3816 πρὸς
419 3749 479 3802 τὸ
510 3748 610 3818 τῆς
649 3749 913 3818 ἀληθείας
963 3749 1078 3819 φῶς
1114 3750 1521 3820 ἁνεκλήθησαν,
1568 3749 1627 3801 σὲ
1682 3747 1834 3800 κάτω

248 3842 510 3911 κείμενον
545 3841 797 3904 ἐλεεινῶς
831 3839 1233 3905 καταλιπόντες
1268 3842 1408 3910 μετὰ
1434 3841 1545 3893 τῶν
1577 3839 1676 3892 ἀπ’
1700 3838 1836 3890 αἰῶ-

251 3952 346 3998 νος
371 3935 628 3988 ἁπάντων
657 3935 1040 4006 σχισματικῶν
1072 3929 1217 3988 εἶναί
1250 3951 1332 3989 σε.
1360 3933 1473 4003 Οὐχ
1495 3931 1836 4001 ὑπαχθέντες

257 4027 320 4080 δέ
351 4026 542 4097 δώροις
593 4045 654 4081 τε
703 4030 799 4081 καὶ
849 4027 1227 4096 ἐπαγγελίαις,
1290 4027 1367 4088 ὠς
1423 4028 1486 4080 σὺ
1528 4025 1658 4096 φῂς,
1693 4025 1835 4079 ἀλλὰ

257 4119 588 4188 φοϐηθέντες
623 4121 716 4174 τὸν
742 4121 1020 4189 ἀλάθητον
1071 4121 1372 4188 ὀφθαλμὸν,
1398 4119 1426 4173 ὃ
1459 4120 1708 4188 ἔγνωσαν
1759 4119 1836 4172 δί-

254 4228 438 4273 καιον,
474 4211 857 4283 ὡμολόγησαν.
919 4215 1044 4265 Ὅτι
1097 4213 1157 4265 δέ
1211 4213 1312 4283 οὐχ
1345 4212 1581 4284 εὕρηται
1635 4213 1663 4265 6
1709 4212 1839 4275 Υίδς

254 4306 432 4365 αἴτιος
459 4304 555 4357 τοῦ
601 4304 922 4373 Πνεύματος
963 4308 1022 4357 ἐν
1072 4307 1187 4367 τοῖς
1222 4305 1329 4358 τῶν
1362 4305 1610 4358 Λατίνων
1652 4307 1838 4375 ῥητοῖς

257 4398 509 4467 φανερῶς
557 4398 836 4466 κείμενον,
892 4397 1178 4466 ἐδείξαμεν
1233 4399 1524 4468 πρότερον,
1574 4397 1643 4451 τὰ
1697 4398 1838 4468 ῥητὰ

1923 545 2160 615 Spiritus
2211 545 2411 607 sancti,
2454 545 2554 600 hoc
2589 561 2618 597 a
2680 544 2841 600 Patre
2897 551 3129 615 accepit.
3198 552 3502 614 Possumus

1921 634 2121 704 quippe
2159 649 2261 688 nos
2295 634 2463 688 etiam
2497 634 2746 705 exemplo
2783 637 2966 706 magni
3024 637 3274 708 Gregorii
3321 645 3498 702 Theo-

1922 725 2028 794 logi
2059 725 2242 780 dicere
2273 727 2349 794 (1)
2387 743 2401 779 :
2436 725 2608 781 Causa
2636 728 2704 782 de
2730 744 2923 794 causa,
2954 729 3137 786 lumen
3175 734 3241 790 de
3268 735 3497 804 lumine,

1921 819 2064 875 Deus
2093 822 2160 874 de
2195 821 2337 886 Deo;
2373 822 2518 876 sicut
2544 823 2632 877 ille
2662 825 2797 879 dicit
2833 842 2848 877 :
2887 825 3224 898 Principium
3254 834 3320 885 de
3350 836 3507 903 prin.

1919 911 2083 981 cipio.
2116 911 2228 966 Etsi
2257 929 2386 982 ergo
2407 912 2578 969 Filius
2612 925 2840 969 vocatur
2879 931 3066 984 causa,
3121 936 3227 974 non
3260 934 3438 978 tamen
3469 942 3501 981 a

1923 1017 1981 1054 se
2017 1003 2386 1071 originaliter,
2428 1021 2616 1060 verum
2656 1022 2725 1060 ex
2765 1007 2924 1064 Patre
2965 1011 3188 1079 quidem
3236 1016 3502 1086 principl-

1922 1090 2116 1157 aliter;
2158 1109 2255 1163 per
2314 1093 2511 1149 Filium
2573 1113 2707 1152 vero
2760 1109 2815 1154 et
2859 1115 2925 1155 ex
2965 1102 3104 1156 Filio
3167 1113 3352 1175 utpote
3405 1124 3503 1178 per

1924 1183 2142 1238 Filium.
2174 1186 2240 1240 Et
2292 1188 2393 1242 hoc
2422 1197 2530 1254 est,
2565 1192 2710 1259 quod
2741 1192 2817 1244 ait
2871 1191 3164 1260 Maximus,
3217 1207 3499 1253 ostensum

1921 1289 2043 1328 esse.
2071 1278 2138 1330 ab
2173 1277 2299 1341 illis,
2333 1289 2392 1333 se
2425 1296 2530 1334 non
2586 1295 2833 1338 asserere
2863 1282 3060 1339 Filium
3116 1301 3338 1341 causam
3376 1287 3502 1357 Spio

1925 1367 2062 1423 ritus
2099 1371 2474 1440 principalem,
2535 1373 2631 1428 sed
2688 1374 3001 1440 signiﬁcare
3058 1378 3316 1445 voluisse,
3355 1385 3499 1448 quod

1924 1475 2022 1528 per
2044 1460 2219 1530 ipsum
2258 1463 2535 1531 procedat.
2570 1466 2644 1518 lta
2678 1465 2840 1535 igitur
2874 1475 2930 1522 et
2975 1467 3063 1522 isti
3091 1469 3196 1522 hoe
3217 1485 3376 1525 sensu
3407 1472 3504 1525 tri-

1924 1554 2156 1611 buentes
2211 1556 2350 1612 Filio
2400 1573 2622 1614 causam
2662 1576 2768 1614 non
2813 1562 3246 1630 primordialem,
3277 1572 3431 1617 recte
3450 1573 3504 1618 et

1925 1647 2013 1715 pie
2043 1648 2312 1704 fecerunt.
2353 1651 2490 1706 Nam
2520 1668 2698 1721 neque
2731 1669 2831 1708 nos
2861 1654 3096 1709 dicimus
3123 1653 3317 1710 Filium
3349 1657 3503 1726 prin-

1925 1738 2176 1808 cipialem
2215 1756 2311 1796 seu
2363 1743 2770 1812 primordialem
2812 1745 3049 1816 Spiritus
3109 1761 3352 1810 causam,
3409 1747 3502 1800 sed

1925 1844 1988 1882 ex
2027 1830 2214 1894 Patre,
2246 1842 2434 1895 utpote
2467 1835 2644 1902 primo
2675 1838 2947 1906 principio
2970 1852 2998 1890 a
3034 1838 3187 1892 nullo
3213 1838 3504 1908 principio,

1923 1932 1983 1976 et
2011 1924 2301 1994 principali
2338 1942 2354 1983 :
2386 1941 2452 1980 ex
2483 1925 2621 1983 Filio
2651 1937 2836 1982 autem
2869 1939 2920 1983 et
2951 1944 3046 1998 per
3072 1928 3294 1995 Filium,
3334 1941 3386 1983 ut
3413 1945 3508 1998 per

1924 2013 2104 2082 ipsum
2131 2030 2198 2068 ex
2249 2013 2433 2073 Patre.
2487 2018 2566 2073 lta
2599 2019 2899 2087 credimus,
2932 2030 2984 2076 et
3045 2020 3319 2091 intrepide
3368 2037 3507 2092 pra:-

1923 2108 2190 2166 dicamus.

2483 2235 2488 2240 '
2596 2223 2838 2282 EPHES.

2002 2313 2202 2370 Verum
2241 2317 2334 2386 qui
2393 2317 2458 2372 ad
2495 2318 2828 2388 impietatem
2883 2317 3120 2374 audaces
3161 2328 3336 2382 erant,
3389 2319 3510 2388 qui-

1925 2421 2030 2476 que
2058 2407 2180 2462 illos
2235 2423 2264 2461 a
2294 2407 2563 2479 principio
2593 2409 2767 2464 secuti
2802 2419 2952 2477 sunt,
2988 2409 3186 2479 amplis
3247 2408 3510 2478 pollicita-

1925 2499 2166 2553 tionibus
2189 2510 2243 2553 et
2279 2502 2595 2556 muneribus
2621 2503 2870 2572 pellecti,
2908 2502 3052 2557 nuda
3091 2501 3282 2556 fronde
3307 2499 3506 2555 Filium

1925 2592 2426 2670 Spirituscausam
2463 2595 2888 2665 pronuntiarunt
2918 2610 2934 2659 ;
2995 2593 3142 2665 quod
3173 2609 3237 2648 ne
3267 2593 3320 2647 in
3376 2593 3511 2663 ipsis

1925 2686 2147 2756 quidem
2200 2686 2521 2742 Latinorum
2559 2691 2723 2744 dictis
2775 2691 2845 2744 ita
2887 2689 3110 2744 disertis
3146 2686 3329 2743 verbis
3363 2702 3516 2758 repe-

1928 2781 2068 2834 ritur
2094 2794 2440 2851 expressum.

2613 2894 2812 2950 RESP.

2001 2982 2118 3039 Non
2162 2987 2418 3065 audaces
2455 2987 2522 3042 ad
2576 2987 2932 3057 impietatem,
2998 2989 3091 3045 sed
3156 2989 3394 3060 religiosi
3443 2989 3510 3043 ad

1930 3077 2268 3150 retinendam
2297 3079 2550 3149 pietatem
2569 3092 2724 3135 erant
2744 3081 2847 3147 illi,
2874 3096 3014 3151 quos
3032 3091 3087 3135 tu
3117 3081 3510 3144 calumniaris;

1939 3169 2234 3225 noluerunt
2261 3174 2406 3226 enim
2438 3173 2696 3244 deinceps
2724 3174 2778 3228 in
2821 3161 3120 3230 schismate
3143 3183 3198 3228 et
3245 3174 3516 3244 perversi-

1934 3269 2051 3317 tate
2075 3264 2392 3332 persistere,
2423 3267 2770 3322 secernendo
2800 3282 2857 3322 se
2881 3281 2910 3319 a
2944 3266 3203 3321 fratribus
3230 3278 3283 3320 et
3312 3265 3381 3321 ab
3416 3263 3516 3320 Ee-

1934 3355 2100 3410 elcsia
2133 3374 2148 3423 ;
2183 3373 2283 3413 nec
2328 3359 2465 3413 adeo
2497 3361 2681 3415 stolidi
2713 3369 2894 3424 erant,
2932 3369 2992 3415 ut
3052 3361 3362 3424 veritatem,
3396 3376 3519 3430 qua:

1934 3445 2188 3504 Christus
2222 3461 2326 3514 est,
2361 3466 2547 3506 coram
2577 3451 2894 3508 hominibus
2929 3463 3189 3522 negarent
3220 3467 3235 3509 :
3268 3461 3321 3507 et
3359 3467 3520 3522 prori-

1944 3547 2092 3594 terea
2132 3542 2276 3595 nuda
2317 3541 2496 3597 fronte
2527 3544 2704 3613 palam
2740 3545 3187 3612 pronuntiarunt,
3224 3559 3254 3598 a
3282 3545 3521 3599 tenebris

1937 3633 2192 3702 pessima:
2218 3633 2388 3696 illius,
2415 3651 2578 3704 quam
2604 3646 2995 3704 praesumptam
3026 3637 3214 3690 animo
3242 3636 3521 3690 habebant

1937 3725 2211 3794 opinionis
2268 3743 2326 3782 se
2363 3727 2762 3797 recolligentes.
2821 3736 2876 3781 et
2927 3728 2994 3783 ad
3055 3727 3302 3783 veritatis
3343 3727 3519 3783 lucem

1888 3865 1893 3870 .
1940 3824 2180 3877 revocati
2218 3835 2268 3877 te
2329 3821 2722 3877 miserabiliter
2775 3822 2926 3876 humi
2966 3821 3149 3891 jacere
3209 3822 3424 3883 relicto,
3464 3833 3523 3874 ut

1938 3917 2116 3969 socios
2150 3916 2381 3969 haberes
2411 3930 2602 3970 omnes
2623 3915 2716 3985 qui
2748 3914 2858 3984 jam
2889 3930 3063 3983 usque
3089 3915 3158 3968 ab
3185 3914 3341 3968 initio
3372 3912 3522 3966 fuere

1941 4007 2304 4063 schismatiei.
2363 4008 2471 4062 Nec
2532 4023 2684 4072 vero,
2741 4017 2800 4062 ut
2857 4008 2960 4070 ais,
3002 4008 3213 4077 peliecti
3269 4015 3395 4063 sunt
3446 4006 3520 4058 illi

1940 4103 2228 4171 prollllSSiS
2257 4117 2320 4157 ac
2355 4103 2702 4167 muneribus,
2740 4101 2832 4155 sed
2879 4101 3076 4155 timore
3117 4099 3348 4170 permoti
3381 4099 3525 4152 illius

1943 4196 2113 4258 oculi,
2170 4213 2332 4266 quo-tn
2395 4196 2568 4251 latere
2626 4196 2762 4251 nthil
2832 4204 3028 4266 potest,
3106 4192 3343 4249 confessi
3398 4203 3529 4248 sunt

1941 4289 2089 4358 quod
2120 4305 2333 4358 aequum
2362 4304 2486 4344 esse
2516 4297 2914 4359 cognoverunt.
2938 4287 3093 4354 Quod
3120 4301 3250 4340 vero
3280 4286 3386 4350 ais,
3417 4301 3525 4338 non

1945 4384 2174 4452 reperiri
2236 4383 2291 4436 in
2361 4381 2684 4436 Latinorum
2720 4381 2882 4435 dictis
2942 4387 3134 4448 aperte
3182 4393 3526 4446 expressum,

257 4489 446 4552 θέντες
477 4491 584 4543 τῶν
635 4490 872 4544 δυτικῶν
923 4490 1290 4543 διδασκάλων.
1325 4490 1442 4544 Ούκ
1493 4486 1613 4543 οἰδα
1660 4489 1741 4550 δέ,
1790 4492 1828 4541 εἰ

1947 4472 2145 4528 Filium
2172 4489 2296 4528 esse
2319 4489 2546 4528 causam
2579 4471 2840 4537 Spiritus,
2864 4471 2971 4537 jam
3000 4477 3282 4523 ostensum
3311 4482 3338 4519 a
3371 4465 3530 4519 nobis

258 4585 356 4636 καὶ
381 4583 558 4646 ἄλλως
610 4584 676 4636 σὺ
719 4585 862 4646 νοεῖς
887 4581 950 4634 τὸ
981 4578 1121 4634 εἶναι
1155 4584 1330 4635 αἴτιον
1361 4583 1456 4635 τοῦ
1489 4582 1835 4650 Πνεύματος,

259 4672 436 4736 ἄλλως
482 4673 544 4725 τὸ
589 4671 650 4736 ἐξ
681 4671 852 4726 αὐτοῦ
904 4673 1364 4743 ἐκπορευόμενον.
1426 4673 1568 4739 Ἐγὼ
1621 4672 1678 4724 δέ
1713 4673 1842 4724 ὅταν

259 4765 506 4829 ἀκούσω,
539 4765 697 4834 Παρὰ
732 4765 826 4817 τοῦ
855 4765 986 4819 Υίοῦ
1017 4766 1079 4818 τὸ
1097 4761 1240 4818 εἶναι
1280 4765 1416 4836 ἔχει,
1449 4766 1547 4817 καὶ
1581 4766 1715 4833 παρ’
1746 4766 1843 4817 αὺ-

257 4856 355 4910 τοῦ
388 4858 775 4926 ἐκπορεύεται,
814 4857 878 4909 τὸ
907 4855 1076 4910 αὑτοῦ
1106 4855 1282 4910 αἴτιον
1316 4858 1483 4911 ἐννοῶ
1508 4873 1522 4886 ·
1580 4860 1628 4909 εἰ
1656 4856 1715 4909 δέ
1745 4857 1844 4911 ἆλ-

257 4950 323 5002 λο
361 4951 479 5002 ἐστὶ
507 4951 568 5002 τὸ
595 4945 737 5002 εἶναι
768 4947 914 5018 ἔχειν
943 4951 1078 5021 παρ’
1111 4950 1303 5011 αὑτοῦ,
1342 4949 1470 5004 ἄλλο
1499 4949 1555 5002 δὲ
1608 4949 1666 5002 τὸ
1701 4943 1842 5001 εἶναι

258 5042 462 5108 αἴτιον,
503 5044 679 5108 δεῖξον
714 5047 778 5099 σὺ
824 5045 1006 5107 τοῦτο,
1030 5045 1129 5097 καὶ
1157 5046 1320 5114 ἡμεῖς
1346 5044 1650 5113 σιγήσομσν
1680 5057 1696 5074 ο
1729 5042 1845 5095 ἀλλ’

259 5135 325 5188 οὐ
345 5135 553 5209 δυνήσῃ
583 5135 742 5190 τοῦτο
780 5137 955 5204 δεῖξαί
987 5153 1144 5202 ποτε,
1179 5136 1318 5190 ἀλλὰ
1349 5139 1532 5206 μάτην
1581 5135 1849 5206 πτερυγί-

263 5229 384 5294 ζεις
427 5230 602 5284 πολλὰ
632 5231 884 5302 κάμνων.

961 5430 1153 5483 ΕΦΕΣ.

342 5540 566 5607 Τούτοις
606 5544 660 5597 δέ
692 5543 785 5598 καὶ
820 5547 848 5598 ὁ
874 5545 1227 5614 πατριάρχης
1262 5543 1664 5613 ἐπεψηφίσατο,
1720 5562 1853 5615 προ-

266 5634 669 5704 διεφθαρμένος
698 5637 803 5707 ἤδη
833 5636 926 5689 καὶ
951 5635 1112 5698 αὐτὸς
1134 5637 1161 5687 ὁ
1192 5635 1382 5702 τάλας,
1416 5636 1508 5689 καὶ
1533 5635 1648 5705 ἅμα
1681 5635 1853 5704 διψῶν

289 5796 297 5800 ’
345 5814 422 5886 (ι)
467 5814 592 5871 Orat
644 5819 693 5872 in
725 5817 954 5875 Natiril.
995 5817 1222 5874 Domini.

1946 4576 2056 4625 est.
2095 4568 2186 4620 ubi
2238 4566 2660 4621 occidentalium
2709 4563 2996 4617 doctorum
3031 4559 3332 4613 sententias
3362 4572 3531 4627 expo-

1951 4659 2185 4712 suimus.
2229 4656 2428 4711 Nescio
2466 4672 2652 4726 porro,
2685 4671 2751 4708 an
2792 4669 2955 4724 penes
3009 4659 3062 4703 te
3117 4648 3332 4703 dillerat
3357 4690 3369 4713 ,
3409 4664 3532 4702 esse

1954 4767 2184 4805 causam
2226 4750 2489 4817 Spiritus,
2525 4758 2580 4804 et
2609 4749 2678 4803 ab
2712 4763 2778 4802 eo
2840 4744 3158 4814 procedere.
3204 4744 3317 4813 Ego
3379 4752 3531 4797 certe

1955 4859 2079 4897 cum
2113 4842 2276 4898 audio
2310 4842 2620 4897 locutiones
2665 4841 2810 4900 illas,
2861 4839 3031 4893 liabet
3072 4851 3196 4891 esse
3228 4851 3259 4890 a
3295 4833 3452 4892 Filio.
3481 4844 3530 4887 et

1952 4937 2021 4990 ab
2057 4952 2124 4990 eo
2164 4935 2448 5006 procedit;
2501 4949 2721 4990 causam
2759 4934 2936 5004 ipsius
2980 4930 3243 5000 intelligo.
3294 4929 3352 4982 Si
3403 4943 3536 4981 vero

1952 5027 2100 5083 aliud
2145 5038 2252 5094 est,
2286 5027 2356 5081 ab
2393 5027 2485 5081 illo
2519 5027 2804 5093 exsistere,
2853 5035 2907 5078 et
2947 5023 3093 5078 aliud
3137 5037 3360 5077 causam
3391 5035 3534 5080 esse.

1951 5123 2126 5192 proba
2159 5129 2216 5175 tu
2267 5121 2393 5185 hoc,
2427 5131 2482 5173 et
2520 5135 2618 5174 nos
2653 5119 2954 5174 luci-bimus
3001 5132 3016 5172 :
3068 5127 3125 5169 at
3155 5129 3437 5184 nunquam
3481 5114 3534 5166 id

1956 5215 2162 5284 poteris
2193 5213 2507 5278 ostendere,
2532 5214 2626 5268 sed
2657 5212 2876 5266 conaris
2896 5219 3108 5264 tantum
3135 5207 3338 5262 frustra
3356 5205 3539 5259 volare

1956 5309 2186 5363 multum
2233 5309 2508 5362 laborans.

2630 5419 2877 5476 EPIIES.

2030 5543 2275 5610 Quorqu
2339 5541 2667 5598 sententiam
2731 5539 2848 5609 ipse
2920 5547 3137 5606 quoque
3221 5527 3540 5600 patriarcha

1966 5647 2188 5693 secutus
2221 5644 2322 5698 cst,
2357 5635 2503 5705 quod
2557 5642 2703 5690 esset
2733 5629 3061 5702 jan‘tpridetn
3098 5634 3151 5681 ct
3204 5625 3320 5697 ipse
3375 5622 3546 5678 miser
3639 5703 3642 5714 ‘

3303 5892 3450 5907 ‘—.-._,-
