4004 6450
1641 421 1961 483 JOSEPHI
1994 421 2549 482 METHONENSIS
3631 419 3741 489 1108

1579 575 1750 581 ——.—_.——
1773 575 1936 583 _-——__

549 422 692 491 1107

1943 575 2274 584 —_—_——_———

2279 576 2702 583 ___.__—..__.—..A~—._—
2719 575 2762 580 ---
2775 574 2850 580 ο..-

563 573 1434 606 W

2765 589 3116 599 ..η-Μ*

1989 595 2394 602 -ᾑᾟ

1025 901 2011 1022 MONITUM
2094 829 3248 1030 Ennomon.

615 1477 748 1537 Sub
786 1475 1049 1537 nomine
1080 1476 1399 1538 Gennadii
1433 1476 1770 1550 Scholarii,
1812 1475 2185 1558 patriarchae
2211 1477 2950 1553 Constantinopolitani,
2985 1478 3206 1537 Romae
3237 1475 3408 1537 edita
3435 1485 3524 1536 est
3555 1477 3754 1545 Greece,

536 1587 706 1632 anno
737 1572 912 1647 1577,
944 1571 1136 1633 simul
1183 1591 1325 1634 cum
1359 1573 1511 1634 actis
1537 1575 1775 1634 Grmcis
1821 1567 2086 1636 concilii
2145 1571 2507 1634 Florentini
2539 1618 2555 1644 ,
2603 1573 2894 1652 Defensio
2933 1572 3240 1649 'quinque
3337 1571 3602 1649 capitum
3658 1587 3759 1648 qua

535 1667 604 1726 in
629 1676 846 1728 sancta
878 1677 931 1727 et
985 1669 1357 1728 mcumenica
1396 1667 1768 1729 Florentino
1810 1667 2050 1747 synodo
2111 1671 2537 1739 continentur,
2573 1668 2907 1744 videlicet,
2954 1669 3044 1728 De
3073 1667 3474 1746 processione
3521 1666 3758 1745 Spiritus

535 1765 764 1839 sancti,
801 1765 888 1824 De
913 1766 1232 1842 sacrificio
1261 1768 1326 1828 in
1375 1784 1591 1846 azyma
1627 1776 1682 1827 et
1711 1767 2110 1846 fermentata,
2144 1764 2216 1824 de
2247 1766 2658 1842 Purgatorio,
2707 1765 3144 1844 De’fruitione
3191 1772 3573 1834 sanctorum,
3605 1771 3658 1820 et
3693 1761 3758 1818 De

485 1901 500 1910 ι
534 1861 826 1938 primatu
857 1861 1085 1940 Papae.

619 1957 737 2018 Sed
766 1957 918 2034 quia
951 1957 1251 2035 egregius
1282 1957 1398 2019 iste
1443 1958 1700 2020 libellus
1725 1959 2000 2037 scriptus
2034 1967 2123 2019 est
2158 1958 2225 2018 in
2259 1956 2706 2019 defensionem
2741 1957 3049 2018 doctrinae
3075 1955 3426 2021 catholicae.
3461 1957 3519 2016 in
3550 1951 3755 2031 synodo

535 2052 908 2116 Florentino
941 2053 1434 2130 deﬁnitee;dum
1490 2053 1754 2117 aliunde
1815 2065 2060 2118 constat
2113 2053 2516 2115 Gennadium
2567 2053 2996 2128 Scholarium,
3060 2054 3275 2114 statim
3326 2060 3466 2130 post
3526 2050 3756 2109 reditum

535 2149 900 2212 Graecorum
935 2151 1001 2212 in
1036 2152 1326 2236 patriam,
1360 2153 1574 2214 denuo
1631 2151 1708 2212 ab
1741 2154 1984 2214 unione
2019 2149 2328 2212 defecisse
2363 2159 2421 2210 et
2447 2167 2591 2211 cum
2659 2151 3084 2212 schismaticis
3114 2150 3383 2222 fecisse,
3421 2146 3564 2208 satis
3596 2144 3760 2222 liquet

535 2244 946 2308 Gennadium
986 2246 1387 2310 Scholarium
1447 2249 1567 2310 etSi
1617 2249 1847 2310 unioni
1913 2249 2190 2310 duarum
2250 2245 2682 2311 Ecclesiarum
2745 2254 2892 2309 ante
2954 2246 3312 2308 concilium
3358 2241 3756 2306 Florentinum

543 2351 608 2405 et
659 2344 730 2403 in
808 2345 1036 2406 eodem
1105 2343 1388 2406 concilio
1447 2343 1661 2407 fautor
1704 2343 1930 2419 fuerit,
2015 2352 2227 2407 tamen
2289 2340 2484 2422 hujus
2578 2343 2779 2420 libelli
2868 2350 3198 2406 auctorem
3296 2358 3424 2402 non
3505 2331 3764 2404 esse,si-

534 2437 806 2518 quidem
849 2455 928 2503 eo
961 2445 1253 2519 tempore
1287 2459 1416 2520 quo
1456 2441 1723 2504 libellus
1751 2443 2030 2519 scriptus
2080 2447 2199 2515 est,
2231 2440 2544 2502 doctrinas
2575 2441 2836 2503 concilii
2890 2439 3256 2502 Florentini
3308 2437 3592 2500 infensus
3641 2447 3760 2493 eva-

537 2542 733 2598 serat.

614 2635 740 2693 Res
761 2631 824 2692 in
848 2630 1154 2710 ambiguo
1175 2635 1565 2706 versabatur,
1588 2635 1848 2713 quando
1871 2633 2471 2712 perSpii-acissimus
2522 2633 2941 2703 Bollandista,
2959 2634 3034 2692 R.
3054 2634 3120 2695 Ρ.
3139 2632 3456 2710 Cuperus,
3476 2629 3536 2688 in
3571 2627 3762 2689 Histo-

535 2729 634 2790 ria
667 2727 1182 2789 Patriarcharum
1212 2730 2090 2810 Constantinopolitanorum,
2111 2747 2255 2809 qum
2286 2731 2458 2792 Actis
2487 2738 2850 2790 sanctorum
2883 2728 3175 2806 Augusti,
3230 2736 3402 2789 tomo
3436 2729 3483 2799 Ι,
3539 2718 3757 2802 praeﬁci-

537 2834 664 2899 tur,
699 2833 760 2885 et
788 2841 959 2886 anno
989 2826 1144 2886 1733
1177 2828 1543 2904 Antverpiaa
1589 2827 1653 2887 in
1691 2826 2010 2904 publicam
2047 2825 2250 2887 lucem
2285 2827 2518 2888 emissa
2547 2836 2667 2900 est,
2698 2843 2836 2904 pag.
2876 2825 3051 2894 193*,
3086 2823 3364 2887 asseruit
3395 2820 3763 2900 Defensionem

535 2923 806 3001 quinque
831 2922 1110 2999 capitum
1137 2922 1394 2984 concilii
1424 2923 1810 2993 Florentini,
1837 2921 2121 3000 Josepho
2161 2922 2576 2986 Methonensi
2628 2921 3067 2984 ascribendam
3137 2938 3284 2981 esse
3315 2939 3333 2994 ;
3376 2927 3437 2980 et
3467 2916 3681 2980 ibidem
3715 2930 3758 2989 ρ.

537 3021 673 3094 197,
712 3017 918 3094 ipsius
948 3017 1210 3096 Iosephi
1234 3010 1671 3084 Methon‘ensis
1707 3021 1895 3081 verba
1936 3019 2182 3092 recitat,
2235 3018 2476 3098 quibus
2505 3026 2775 3082 testatur
2805 3025 2873 3080 se
2910 3035 2984 3081 ex
3017 3017 3341 3080 industria
3377 3023 3762 3094 propugnasse

536 3115 806 3193 quinque
832 3115 1042 3193 capita
1073 3114 1331 3176 concilii
1356 3115 1742 3178 Florentini.
1779 3114 1982 3174 Verba
2011 3117 2464 3195 .losephi,quas
2527 3117 2835 3193 leguntur
2877 3115 3050 3194 apud
3095 3117 3308 3177 Labbe
3335 3157 3352 3187 ,
3418 3112 3482 3172 in
3545 3108 3758 3172 Collect.

537 3210 889 3272 Concilior.
925 3217 970 3270 t.
1008 3209 1175 3282 Xlll,
1210 3209 1332 3271 col.
1366 3211 1505 3284 707,
1539 3210 1670 3274 haec
1701 3217 1888 3273 sunt:
1920 3215 1994 3270 Τὸ
2017 3219 2074 3273 δὲ

2181 3241 2198 3276 ι
2241 3221 2348 3277 τοῦ
2392 3222 2530 3277 Υἱοῦ
2591 3223 2659 3275 τὸ
2726 3220 2970 3290 Πνεῦμα
3024 3223 3096 3274 οὐ
3125 3219 3409 3290 λέγομεν.
3439 3261 3490 3277 ..
3539 3217 3762 3282 ὲλῦσαμεν

538 3318 597 3370 tv
625 3316 705 3386 τῷ
737 3315 938 3388 πρώτῳ
963 3319 1242 3388 κεφαλαίῳ
1266 3319 1360 3372 τοῦ
1387 3321 1538 3388 ὃρυυ,
1575 3321 2119 3394 ὑπεραπολογούμενε

2193 3329 2301 3379 τῶν
2332 3327 2495 3380 πέντε
2529 3326 2861 3396 κεφαλαίων.
2914 3314 3086 3376 Illud
3147 3325 3382 3388 autem,
3433 3337 3462 3372 α
3496 3314 3598 3374 Ex
3623 3307 3759 3371 Filio

539 3428 666 3470 non
695 3409 963 3472 dicimus
997 3413 1306 3490 Spiritum
1338 3436 1364 3466 ι
1390 3459 1403 3472 .
1437 3459 1453 3473 .
1485 3461 1496 3470 .
1531 3463 1544 3476 .
1569 3417 1705 3494 jam
1763 3417 2064 3477 solvimus
2107 3419 2176 3495 in
2223 3417 2430 3494 primo
2488 3414 2875 3495 deﬁnitionis
2931 3414 3170 3491 capite,
3209 3413 3359 3474 dum
3382 3430 3503 3490 pro
3535 3409 3763 3488 quinque

539 3505 856 3582 capitibus
876 3505 1237 3600 apologiam
1279 3508 1726 3572 scriberemus.
1783 3513 1935 3586 Qum
1970 3530 2114 3574 cum
2143 3493 2263 3572 'ita
2294 3511 2447 3578 sint,
2479 3493 2610 3590 jam
2635 3527 2668 3572 δ
2717 3510 2979 3572 nemine
2998 3509 3458 3588 ambigendum
3492 3515 3601 3578 est,
3635 3498 3758 3580 quin

539 3602 866 3682 Josephus
897 3604 1344 3667 Methonensis
1378 3605 1575 3686 hujus
1607 3611 1808 3670 nostri
1876 3609 2084 3672 libelli
2119 3618 2342 3671 auctor
2383 3608 2490 3669 sit.
3661 3677 3669 3684 ,

619 3701 859 3762 Textus
911 3701 1170 3763 Grmcus
1201 3700 1425 3774 libelli,
1453 3705 1712 3780 nullibi,
1755 3707 1927 3785 quod
1987 3708 2210 3780 sciam,
2243 3709 2602 3785 impressus
2641 3713 2776 3780 est,
2811 3705 2933 3768 nisi
3001 3707 3220 3766 Rarum
3253 3722 3287 3766 a
3321 3703 3552 3766 Zanetti
3581 3742 3598 3774 ,
3628 3697 3762 3757 inter

540 3803 688 3860 Acta
721 3797 994 3862 Concilii
1031 3794 1388 3866 Florentini
1419 3804 1831 3882 Graecaque:
1861 3821 2032 3868 anno
2069 3806 2222 3868 1577
2264 3804 2330 3866 in
2377 3803 2534 3866 urbe
2579 3813 2793 3866 sancta
2836 3801 3238 3881 prodierunt.

617 3894 975 3958 Translatio
1005 3897 1427 3978 Latinaquam
1444 3901 1676 3962 Fabius
1701 3901 2224 3975 Benevolentius,
2257 3901 2582 3974 Senensis,
2603 3899 2898 3978 confecit,
2939 3899 3174 3978 prodiit
3195 3901 3414 3961 Romm
3444 3897 3503 3957 in
3539 3889 3760 3954 Edibus

543 3990 766 4067 populi
814 3992 1306 4066 Romani1579,
1368 3993 1457 4056 11°.
1511 3996 1758 4057 Deinde
1828 4013 1958 4075 quo
2004 3996 2266 4058 libellus
2300 3997 2501 4076 magis
2535 3998 2875 4076 prodesset
2931 3994 3489 4068 Orientalibus,in
3521 3990 3758 4063 linguam

541 4085 1140 4147 Graeco-Barbarum
1170 4105 1289 4149 seu
1340 4091 1744 4152 vernaculam
1782 4092 2133 4154 translatus
2163 4100 2258 4155 est
2285 4111 2320 4156 a
2349 4094 2730 4156 doctissimo
2759 4101 2821 4155 et
2853 4094 3147 4170 piissimo
3183 4092 3318 4154 viro
3351 4094 3430 4154 D.
3461 4090 3609 4149 Joan
3632 4081 3758 4142 Mat-

544 4178 708 4237 threo
773 4178 1204 4256 Caryorihylo,
1244 4181 1562 4242 lconiensi
1595 4183 2106 4264 archiepiscopo,
2135 4195 2202 4250 et
2235 4187 2407 4266 typis
2437 4189 2500 4250 S.
2535 4189 3071 4267 Congregationis
3097 4189 3178 4249 de
3212 4182 3604 4266 propaganda
3644 4173 3756 4238 ﬁde,

549 4276 790 4348 110mm,
823 4290 992 4336 anno
1023 4275 1202 4349 1628,
1237 4275 1446 4338 forma
1491 4277 1559 4338 in
1590 4278 1651 4337 [ιο
1677 4280 1919 4341 editus.

621 4369 792 4441 Hmc,
819 4379 878 4432 et
912 4387 1040 4435 non
1061 4371 1210 4450 alia,
1248 4373 1351 4436 hic
1386 4376 1704 4445 mouenda
1725 4378 2172 4442 occurrebant.
2193 4383 2375 4462 Opus
2407 4399 2580 4446 nunc
2609 4381 2992 4445 exhibemus
3029 4394 3094 4444 ut
3124 4383 3186 4442 in
3211 4380 3496 4443 editione
3517 4375 3754 4434 Romana

547 4466 948 4532 inscribitur.

2206 4628 2254 4688 B
2281 4675 2295 4690 .
2328 4673 2344 4692 .
2367 4674 2382 4692 .
2427 4631 2500 4691 17
2531 4627 2820 4691 Januarii
2869 4627 3045 4689 1863.

3043 4749 3186 4810 J.-B
3282 4746 3368 4808 M.
