4004 6436
380 366 519 480 nr;

1363 422 1513 482 PRO
1546 426 1755 489 CONC.
1805 431 2179 495 FLORENT.
2218 434 2663 503 ΓΠΟΠΞΜΙΙΠῘ.

3499 443 3642 511 ειη

386 524 551 579 Ἀλλὰ
580 522 645 576 τὸ
682 525 996 597 προρρηθὲν
1042 527 1280 600 φοϐερὸν
1323 533 1509 603 ὅρκιον
1541 537 1732 606 ὥσπερ
1758 557 1812 593 τι
1861 541 1941 594 τοί

2060 543 2467 611 amplectimur,
2535 562 2713 617 neque
2764 549 3086 605 muneribus
3106 550 3376 623 corrupti,
3416 562 3487 609 ut»
3531 555 3644 626 ipsi

373 615 535 680 λόγου
581 614 834 683 θεμέλιον
862 620 1465 692 προκαταῆαλλόμενοι,
1506 628 1599 679 τὸν
1631 628 1790 697 λόγον
1818 633 1955 683 ἐπα-

372 707 746 775 ναλάόωμεν·
806 709 881 774 ὡς
932 714 1096 782 ἡμεῖς
1145 716 1287 767 κατὰ
1339 717 1483 771 θεῖον
1528 719 1695 788 ζῆλον
1731 725 1823 776 καὶ
1875 725 1953 791 ὡς

371 797 553 867 ἀληθῆ
591 798 691 869 τὴν
745 797 964 854 σύνοδον
996 803 1201 874 ταύτην
1246 804 1552 875 ὁλοσχερῶς
1599 809 1907 881 κατέχομεν
1932 829 1946 844 ·

368 893 467 947 καὶ
519 894 604 946 ὅτι
634 894 733 963 οὐχ
781 894 970 948 ’ἕνεκεν
1010 897 1169 967 δόξης
1220 899 1571 970 ἀνθρωπίνης
1620 902 1828 973 ταύτην
1862 906 1950 958 ἐν·

369 986 768 1058 στερνιζόμεθα
788 1005 802 1019 ·
841 990 957 1043 ἀλλ’
982 990 1103 1044 οὐδὲ
1136 990 1328 1062 δώρων
1357 993 1522 1048 ἕνεκα
1565 996 1638 1059 ὡς
1677 996 1834 1051 αὐτοὶ
1861 999 1950 1057 λέ-

362 1096 547 1145 γουσι,
573 1079 783 1151 ταύτην
814 1082 1307 1152 ἐγκολπωσάμενοι
1342 1086 1577 1155 βεϐαίως
1612 1091 1947 1159 κρατοῦμεν,

365 1169 488 1222 ἀλλ’
513 1170 771 1235 ὡς’δόξαν
805 1174 1044 1242 Χριστοῦ
1071 1177 1165 1229 καὶ
1194 1177 1303 1228 τῶν
1329 1178 1664 1233 διδασκάλων
1691 1183 1789 1250 τῆς
1827 1182 1949 1237 Ἐκ-

363 1264 617 1324 κλησίας.
646 1265 811 1319 Αὐτοὶ
837 1266 892 1319 δὲ
918 1267 1158 1334 ἀμαθίαν
1187 1272 1282 1324 καὶ
1310 1273 1616 1342 μοχθηρίαν
1639 1274 1946 1343 νοσοῦντες,

362 1357 607 1424 τολμῶσι
630 1358 811 1414 λέγειν
832 1360 907 1423 ὡς
938 1362 1037 1415 οὐκ
1066 1362 1181 1417 ἐστι
1211 1365 1279 1417 τὰ
1305 1368 1371 1435 τῇ
1400 1367 1604 1436 συνόδῳ
1628 1369 1947 1439 πραχθέντα

361 1450 493 1514 δόξα
538 1453 630 1504 καὶ
663 1452 860 1521 γνώμη
911 1453 1021 1506 τῶν
1066 1455 1404 1511 διδασκάλων
1443 1460 1541 1526 τῆς
1587 1459 1942 1530 Ἐκκλησίας.

367 1544 525 1595 Ἔστι
570 1543 628 1596 δὲ
675 1544 987 1597 τούναντίον
1017 1545 1167 1601 ἅπαν
1190 1564 1204 1578 ·
1237 1551 1331 1602 καὶ
1366 1549 1600 1621 βροντῆς
1643 1553 1946 1620 γεγωνότεο

365 1653 463 1704 ρον
492 1637 773 1704 φαίνονται
808 1640 856 1691 οῖ
900 1640 1034 1708 ίεροὶ
1068 1640 1381 1695 διδάσκαλοι
1410 1642 1587 1696 ταῦτα
1626 1643 1946 1712 θεολογοῦν-

358 1745 456 1789 τες
479 1743 500 1760 ο
526 1730 622 1782 καὶ
650 1730 746 1783 ἀπ’
775 1732 957 1783 αὐτῶν
983 1734 1149 1801 ἡμεῖς
1185 1733 1287 1803 τὴν
1317 1735 1579 1804 τοιαύτην
1629 1737 1817 1790 πίστιν
1847 1740 1945 1791 καὶ

2056 633 2269 696 dicunt,
2298 652 2419 689 eam
2470 638 2824 707 suscipiendo
2874 639 3104 696 firtuitcr
3146 644 3640 713 apprchendimus,

2054 724 2150 778 sed
2184 725 2348 780 veluti
2372 712 2578 785 Christi
2608 732 2935 786 sententiam
2956 742 3011 788 et
3037 733 3322 789 doctorum
3352 712 3639 791 Ecclesim.

2054 811 2093 866 Ii
2127 829 2277 881 vere,
2312 816 2634 887 ignorantiae
2661 824 3018 891 etpravit-atis
3049 826 3238 879 morbo
3283 836 3631 896 a-grotanles.

2054 904 2239 962 dicere
2278 909 2514 972 audent,
2543 912 2689 979 quod
2721 930 2842 982 quae
2871 916 3131 985 asynodo
3157 927 3304 986 gesta
3336 930 3488 980 sunt,
3519 934 3642 974 non

2052 999 2353 1054 secundum
2386 1011 2626 1056 mentem
2648 1014 2702 1058 ct
2726 1006 3052 1060 sententiam
3073 1007 3354 1061 doctorum
3375 1006 3633 1063 Ecclesia:

2052 1100 2207 1160 gesta
2230 1104 2397 1148 sunt:
2432 1094 2541 1149 imo
2560 1106 2753 1149 contra
2806 1112 2865 1151 se
2925 1098 3108 1162 habet,
3135 1104 3420 1168 magisque
3453 1118 3617 1171 quam

2049 1183 2094 1237 si
2129 1185 2427 1238 tonitruum
2459 1185 2707 1248 ederent,
2774 1187 3024 1242 videnlur
3053 1190 3191 1243 sacri
3222 1191 3475 1246 ductores
3511 1192 3629 1246 ha'c

2059 1276 2280 1344 scriptis
2311 1277 2562 1343 tradere;
2594 1279 2660 1332 ah
2688 1279 2862 1345 iisque
2896 1295 2997 1335 nos
3026 1282 3168 1336 hanc
3211 1286 3539 1338 sententiam
3569 1294 3626 1339 et

2056 1366 2215 1422 fidem
2259 1368 2521 1423 didicisse
2548 1370 2896 1438 conﬁtemur,
2929 1388 2994 1426 ac
3045 1388 3147 1441 pro
3174 1390 3236 1428 ea
3281 1375 3628 1443 praedicando

2049 1475 2374 1531 pugnamus,
2440 1476 2672 1528 eamque
2702 1477 2875 1531 usque
2904 1463 2971 1517 ad
2999 1473 3303 1519 extremum
3366 1466 3622 1536 spiritum

2047 1551 2363 1607 inviolatam
2387 1569 2606 1609 scrvare
2635 1563 2981 1623 exoptamus,
3042 1565 3098 1611 ct
3139 1572 3245 1611 una
3275 1574 3401 1613 cum
3430 1574 3495 1613 ea
3519 1573 3617 1615 oc-

2046 1645 2304 1699 cumbere
2332 1659 2634 1712 speramus,
2661 1655 2716 1700 et
2732 1661 2914 1700 coram
2950 1645 3232 1702 Salvatore
3259 1649 3479 1705 Christo
3510 1650 3639 1706 Deo

2047 1749 2173 1790 Cum
2208 1735 2348 1790 eain
2381 1734 2590 1804 judicio
2608 1737 2749 1799 sisti,
2779 1746 2834 1791 ct
2864 1752 2989 1792 cum
3022 1752 3084 1792 ea
3115 1738 3166 1792 in
3200 1739 3631 1805 sempiternum,

355 1821 521 1885 δόξαν
548 1823 813 1890 μαθόντες
848 1825 1249 1896 ὁμολογοῦμεν,
1276 1829 1372 1881 καὶ
1400 1828 1785 1899 κηρύττοντες,
1815 1831 1941 1884 ταύ-

2050 1842 2375 1899 quocuuquc
2403 1828 2554 1882 dabit
2588 1827 2733 1884 Deus
2765 1830 2898 1899 (qui
2931 1831 3110 1885 omnia
3143 1831 3434 1899 conspicit,
3438 1833 3629 1893 Jtihil-

356 1928 461 1983 της
494 1912 949 1984 ὑπερασπίζομεν
978 1934 991 1945 ·
1022 1917 1090 1989 ἢν
1119 1918 1214 1973 καὶ
1253 1919 1417 1991 μέχρι
1449 1921 1774 1985 τελευταίας
1814 1923 1942 1975 ἀνα-

359 2004 536 2073 πνοῆς
565 2005 841 2075 εὐχόμεθα
883 2009 1178 2076 φυλάττειν
1209 2011 1538 2081 ἀμόλυντον,
1578 2007 1611 2087 ἦ
1647 2014 1743 2067 καὶ
1778 2031 1942 2068 συνα-

355 2095 619 2149 ποθανεῖν
666 2099 921 2167 δεόμεθα,
965 2103 1061 2154 καὶ
1106 2103 1240 2172 πρὸς
1271 2103 1366 2157 τοῦ
1414 2105 1671 2175 Σωτῆρος
1700 2107 1943 2177 Χριστοῦ

352 2188 455 2243 τοῦ
486 2190 622 2245 Θεοῦ
654 2198 778 2263 μετ’
802 2196 972 2263 αὐτῆς
999 2198 1055 2247 ὲν
1081 2200 1146 2267 τῇ
1177 2200 1356 2267 κρίσει
1383 2199 1670 2266 σταθῆναι,
1699 2201 1794 2253 καὶ
1823 2200 1943 2270 μετ’

358 2280 538 2348 αὐτῆς
570 2283 804 2347 αίωνίως
843 2286 1320 2356 παραπεμφθῆναι
1367 2288 1498 2342 ἔνθα
1537 2289 1655 2358 δοίη
1686 2290 1838 2354 Θεὸς,
1880 2291 1942 2355 ὃς

356 2372 540 2425 πάντα
584 2373 685 2445 μιν
727 2375 944 2446 θεωρεῖ,
981 2365 1174 2449 λέληθε
1204 2380 1260 2434 δὲ
1298 2382 1464 2434 αὐτὸν
1508 2383 1698 2435 οὐδέν·
1737 2383 1833 2436 καὶ
1859 2384 1942 2437 δτι

352 2464 420 2516 οὗ
445 2467 573 2533 πρὸς
600 2466 948 2535 ἀνθρώπους,
985 2469 1120 2524 ἀλλά
1151 2473 1288 2541 πρὸς
1313 2472 1447 2525 Θεὸν
1478 2474 1813 2545 ἀφορῶντες,
1843 2478 1941 2545 τὴν

352 2558 583 2629 εἰρήνην
612 2559 820 2630 ταύτην
852 2563 947 2615 καὶ
975 2564 1075 2632 τὴν
1110 2565 1215 2633 τῆς
1248 2565 1574 2637 Ἐκκλησίας
1605 2568 1800 2622 ἕνωσιν
1832 2570 1944 2624 δεῖν

352 2649 618 2721 ᾠήθημεν
662 2654 1130 2722 ἐνστιρνίσασθαι.
1172 2659 1232 2711 Ei
1259 2659 1317 2712 δέ
1345 2677 1454 2712 τισι
1484 2660 1559 2729 μὴ
1592 2661 1760 2723 δοκεῖ,
1789 2662 1945 2715 οὒδὶν

360 2746 494 2812 πρὸς
530 2748 677 2816 ἡμᾶς
700 2765 716 2779 ο
746 2748 775 2800 ὸ
809 2749 921 2820 γὰρ
949 2749 1245 2820 ὀφείλομεν
1279 2753 1460 2820 ἡμεῖς,
1488 2752 1648 2808 τοῦτο
1694 2755 1791 2807 καὶ
1820 2772 1945 2809 ποι-

350 2835 544 2905 οὗμεν.
593 2838 782 2906 ’Υμιῖς
807 2839 862 2893 δὲ
896 2839 946 2892 τί
976 2858 1135 2908 φατε,
1164 2842 1213 2894 oi
1256 2843 1353 2903 τὴν
1386 2843 1540 2913 ίερᾶν
1580 2844 1654 2913 μὴ
1689 2845 1945 2913 στέργον-

355 2947 452 2991 τες
508 2931 766 2998 σύνοδονς
818 2933 935 2986 Οὐκ
967 2933 1118 2987 ἔστιν
1162 2935 1190 2987 6
1238 2936 1444 3003 ταύτης
1488 2937 1612 3006 ὄρος
1666 2935 1795 3000 δῧξα
1834 2936 1944 2989 τῶν

356 3022 722 3076 διδασκάλων.
787 3016 929 3078 ’κᾶλλ’
982 3026 1147 3097 ἡμεῖς
1200 3027 1561 3097 ἀποδείξομεν
1600 3030 1940 3090 τούναντίον,

359 3114 462 3165 οὐκ
490 3114 583 3184 ἀφ’
617 3116 774 3184 ἡμῶν
819 3117 1025 3183 αὐτῶν,
1059 3106 1149 3171 ἵνα
1189 3118 1264 3189 μὴ
1297 3119 1540 3174 ἀπίθανα
1585 3120 1826 3190 δόξωμεν
1856 3123 1944 3175 λέ-

2047 1934 2156 1987 quc
2198 1918 2251 1973 ci
2297 1920 2680 1975 absconditum
2733 1920 2836 1988 est)
2870 1921 3047 1976 mitti:
3091 1938 3190 1977 nec
3244 1923 3312 1978 ad
3347 1923 3633 1990 homines,

2044 2015 2137 2063 sed
2154 2013 2223 2065 ad
2242 2011 2412 2066 Deum
2431 2012 2793 2080 respiciendo,
2815 2013 2957 2069 hanc
2976 2013 3347 2074 concordiam,
3367 2023 3421 2069 et
3441 2014 3627 2068 Eccle-

2043 2102 2163 2176 εἰει),
2210 2103 2468 2157 unionem
2519 2103 2815 2172 amplexari
2859 2113 3115 2171 oportere
3177 2104 3629 2160 exisﬁmavimus.

2043 2192 2198 2259 Quod
2233 2195 2278 2249 si
2304 2194 2576 2263 aliquibus
2603 2210 2712 2248 non
2744 2194 2982 2261 videtur,
3007 2180 3140 2250 nihil
3161 2198 3225 2249 ad
3249 2211 3367 2261 nos,
3382 2198 3506 2267 quia
3524 2212 3626 2252 nos

2042 2284 2188 2351 quod
2222 2285 2508 2351 debemus,
2535 2285 2821 2341 elﬁcimus.
2849 2284 2955 2341 Vos
2979 2302 3112 2340 vero
3134 2287 3265 2356 quid
3288 2288 3494 2351 dicitis,
3524 2289 3626 2357 qui

2042 2395 2250 2434 sacram
2277 2379 2539 2450 synodum
2564 2394 2672 2435 non
2703 2379 2988 2449 recipitis?
3048 2378 3162 2434 Non
3218 2389 3306 2435 est
3354 2381 3480 2453 eius
3523 2383 3624 2437 de-

2045 2481 2254 2527 cretum
2304 2472 2603 2527 secundum
2658 2472 2944 2528 doctorum
3002 2471 3355 2529 sententiam.
3405 2473 3475 2528 At
3520 2487 3627 2529 nos
3716 2460 3720 2465 ’

2043 2563 2380 2618 contrarium
2410 2563 2931 2630 demonstrabimus,
2965 2581 3074 2618 non
3107 2578 3176 2620 ex
3207 2562 3398 2619 nostro
3428 2580 3627 2632 sensu,

2044 2671 2115 2711 nc
2147 2655 2385 2710 absurda
2409 2655 2595 2711 dicere
2620 2656 2905 2711 videamur
2927 2655 3073 2725 (quis
3104 2655 3252 2710 enim
3289 2656 3629 2725 persuadere

2045 2749 2205 2804 vobis
2265 2747 2468 2817 aliquid
2514 2747 2719 2818 possit,
2783 2746 2829 2802 si
2895 2761 2994 2802 sua
3024 2748 3407 2802 tantummodo
3458 2763 3626 2818 argu-

2046 2850 2229 2896 menta
2292 2839 2348 2894 in
2381 2840 2620 2895 medium
2653 2838 2899 2894 attulerit
2921 2838 2986 2908 2),
3039 2838 3136 2893 sed
3188 2853 3255 2892 ex
3305 2837 3619 2893 divinorum

2046 2936 2270 2990 Patrum
2304 2943 2360 2990 et
2388 2933 2644 2989 Ecclesia'
2674 2940 2982 2999 doctorum,
3034 2948 3143 2988 non
3192 2930 3626 2988 Occidentalium

2047 3038 2497 3091 tantum,verum
2518 3027 2684 3082 etiam
2749 3025 3132 3090 Orientalium,
3191 3039 3425 3095 quorum
3483 3024 3627 3078 dicta

2045 3118 2209 3172 etiam
2263 3117 2512 3172 infernus
2578 3128 2881 3179 reveretur,
2946 3126 3204 3184 tauquam
3278 3130 3308 3168 a
3363 3129 3524 3170 sacro
3568 3122 3628 3169 et

351 3220 475 3270 γειν
496 3222 511 3236 ο
545 3207 641 3259 καὶ
668 3207 778 3276 γὰρ
801 3209 885 3271 τίς
918 3210 1063 3278 ὑμᾶς
1091 3212 1306 3265 πείσειε
1338 3212 1716 3281 φθεγγόμενος
1743 3215 1811 3267 τὰ
1841 3216 1939 3268 αὐ-

2044 3209 2230 3266 divino
2249 3209 2457 3280 Spiritu
2486 3209 2907 3265 illustratorum.
2970 3209 3048 3263 Ac
3108 3207 3346 3277 primum
3394 3207 3618 3277 quidem

352 3298 487 3362 τοῦς
519 3298 637 3352 ἀλλ’
671 3300 769 3354 ἀπ’
797 3302 980 3356 αὐτῶν
1009 3304 1120 3356 τῶν
1148 3304 1311 3357 θείων
1352 3305 1450 3358 καὶ
1484 3288 1649 3374 ίέρῶν
1680 3307 1940 3376 Πατὲρων

350 3391 448 3443 καὶ
471 3391 813 3448 διδασκάλων
838 3397 937 3465 τῆς
985 3397 1337 3469 Ἐκκλησίας,
1367 3400 1428 3453 οὐ
1463 3401 1624 3468 μόνον
1654 3402 1764 3454 τῶν
1792 3403 1940 3455 δυτι-

348 3482 489 3547 κῶν,
520 3482 660 3538 ἀλλά
716 3489 811 3539 καὶ
869 3489 977 3539 τῶν
1024 3490 1399 3543 ἀνατολικῶν
1429 3483 1507 3545 ὧν
1554 3492 1680 3553 τοὺς
1743 3491 1935 3560 λόγους

350 3575 631 3647 αίδεσθεὶη
667 3578 734 3630 ἂν
767 3580 860 3631 καὶ
906 3583 932 3632 6
971 3581 1350 3648 καταχθόνιος,
1383 3580 1460 3643 ὡς
1504 3582 1937 3651 ἐλλαμπομένων

354 3668 513 3740 παρά
542 3669 639 3723 τοῦ
684 3671 832 3725 θείου
876 3674 972 3727 καὶ
1010 3673 1406 3744 τελεταρχικοῦ
1454 3675 1790 3743 Πνεύματος.
1829 3675 1938 3728 Καὶ

347 3762 572 3831 πρῶτον
622 3765 722 3831 μὲν
766 3766 929 3819 πέντε
986 3768 1109 3819 τινὰ
1164 3766 1491 3835 ἐγκαλοῦσιν
1521 3769 1653 3837 ἡμῖν
1679 3784 1694 3798 ο
1728 3768 1932 3838 μᾶλλον

348 3855 407 3906 δὲ
434 3855 534 3925 οὐχ
570 3857 726 3925 ἡμῖν,
756 3858 892 3911 ἀλλὰ
922 3863 989 3930 τῇ
1031 3861 1355 3932 Ἐκκλησία.
1398 3861 1464 3914 Ἦ
1494 3862 1932 3931 γάρῈκκλησία,

352 3947 413 3998 ὲν
444 3947 521 4016 τῷ
568 3949 769 4017 ἑαυτῆς
818 3951 951 4021 ὅρῳ,
979 3952 1233 4022 Στέντορι
1285 3955 1518 4021 ἐοικυῖα,
1555 3956 1695 4023 μετά
1747 3956 1936 4023 ἰσχύος

357 4037 477 4107 βοᾷ.
506 4040 751 4109 Πρῶτον,
785 4043 867 4094 ὅτι
898 4043 974 4096 Τὸ
1018 4044 1246 4114 Πνεῦμα
1274 4045 1336 4098 τὸ
1387 4047 1546 4114 ἅγιον
1575 4046 1935 4114 ἐκπορεύεται

353 4132 420 4184 ἐκ
449 4133 542 4186 τοῦ
576 4135 792 4205 Πατρὸς
819 4139 912 4189 καὶ
957 4139 1022 4190 ὲκ
1052 4138 1145 4193 τοῦ
1179 4140 1310 4192 Υἰοῦ
1331 4155 1346 4168 ⁸
1378 4142 1472 4194 καὶ
1505 4140 1665 4194 τοῦτο
1710 4125 1874 4204 αὐτὸς
1908 4141 1937 4193 ὁ

352 4225 483 4287 Υἱὸς
525 4228 679 4295 παρά
720 4229 816 4280 τοῦ
864 4230 1074 4297 Πατρὶις
1113 4230 1293 4283 λαϐὼν
1339 4233 1473 4301 ἔχει.
1514 4251 1536 4285 ι
1571 4233 1756 4286 Πάντα
1804 4233 1934 4301 γὰρ,

351 4318 543 4384 φησὶν,
591 4320 690 4372 ὅσα
721 4320 833 4384 ἔχει
862 4324 890 4373 6
922 4323 1110 4390 Πατὴρ
1140 4324 1199 4374 ἐν
1236 4323 1311 4392 τῷ
1368 4326 1566 4392 γεννᾷν
1614 4325 1816 4378 δέδωκε
1857 4325 1934 4393 τῷ

355 4406 493 4473 Υίῷ,
525 4408 669 4478 πλὴν
693 4410 788 4461 τοῦ
827 4405 969 4461 εἶναι
1004 4396 1253 4479 Πατέρα.
1282 4431 1300 4461 ι
1342 4414 1628 4481 Δεύτερον,
1662 4414 1737 4476 ὡς
1773 4415 1840 4467 '[l
1866 4414 1933 4467 δι’

348 4497 566 4567 ἀζύμου
602 4500 695 4553 καὶ
739 4500 977 4569 ὲνζύμου
1040 4501 1207 4554 θυσία
1256 4504 1358 4570 μία
1401 4507 1494 4557 καὶ
1540 4506 1573 4574 ή
1609 4505 1746 4573 αὐτή
1781 4506 1929 4557 ἐστι·

349 4591 535 4644 καὶτὸ
570 4594 662 4645 τοῦ
699 4593 940 4663 Χριστοῦ
982 4594 1250 4661 πανάγιον
1309 4597 1474 4665 σῶμα
1508 4601 1566 4649 ἐν
1604 4597 1936 4665 ἀμφοτέροις

346 4684 587 4736 τελεῖται
617 4687 728 4747 τοῖς
762 4687 982 4755 μέρεσι.
1026 4688 1243 4758 Τρίτον,
1281 4689 1363 4743 ὅτι
1411 4690 1476 4741 Ai.
1517 4689 1690 4759 ψυχαὶ
1734 4689 1845 4740 τῶν
1879 4689 1939 4742 ἐν

352 4777 618 4847 μετανοίᾳ
699 4779 1147 4849 τελευτησάντων
1224 4783 1589 4851 καθαρτικαῖς
1642 4782 1939 4852 τιμωρίαις

351 4867 714 4938 καθαίρονται
746 4872 884 4939 μετά
922 4871 1156 4927 θάνατον
1209 4875 1296 4927 διά
1332 4875 1431 4935 τῆς
1461 4874 1570 4927 τῶν
1596 4874 1816 4937 ζώντων
1849 4893 1940 4928 πι-

352 4962 502 5013 στῶν
535 4964 857 5033 ἐπικουρίας
884 4981 898 4995 ο
926 4966 1019 5019 καὶ
1046 4966 1229 5032 τοῦτο,
1260 4967 1379 5020 ἐπεὶ
1408 4967 1508 5019 οὐκ
1545 4966 1793 5035 ἔφθασαν
1820 4970 1941 5022 ἱκα-

354 5054 648 5123 νοποιῆσαι
682 5072 747 5107 πε
757 5057 813 5126 pi.
838 5056 950 5109 τῶν
976 5059 1386 5129 ἡμαρτημένων
1408 5059 1615 5122 αὐτοῖς.
1647 5058 1937 5130 Τέταρτον,

349 5148 439 5201 ὅτι
472 5148 536 5200 Oi
566 5146 713 5216 ἅγιοί
750 5151 892 5204 είσιν
934 5156 992 5206 ὲν
1013 5156 1076 5221 τῇ
1112 5153 1240 5224 δόξῃ
1270 5151 1364 5205 τοῦ
1395 5152 1531 5206 Θεοῦ
1557 5152 1694 5206 καθὸ
1724 5151 1901 5222 ψυχαί
1921 5169 1937 5185 ο

353 5241 452 5292 καὶ
483 5239 575 5293 τὸν
602 5240 736 5295 Θεὸν
766 5243 1074 5314 καθορῶσιν
1102 5224 1189 5306 είς
1220 5244 1536 5315 πρόσωπον.
1573 5245 1677 5300 Καὶ
1708 5245 1941 5316 εὐφραί-

353 5347 545 5385 νονται
579 5333 773 5387 τούτου
808 5337 874 5405 τῇ
912 5334 1116 5407 θεωρῖᾳ
1139 5351 1154 5365 ο
1190 5336 1286 5388 καὶ
1321 5335 1479 5399 αὖθις
1509 5336 1635 5397 τοὺς
1680 5337 1943 5404 ἀμαρτω-

352 5423 481 5485 λοὺς
511 5425 594 5488 είς
621 5426 721 5493 τὴν
756 5430 986 5495 γέενναν
1032 5425 1174 5481 εἶναι
1207 5426 1306 5496 βοᾷ
1351 5426 1444 5478 καὶ
1473 5425 1663 5495 ὥσπερ
1693 5427 1939 5490 ἐκείνους

354 5518 390 5586 ἡ
426 5518 768 5589 μα›.αριότης
794 5519 1101 5588 εὐφραίνει.
1142 5518 1299 5572 Οὕτω
1328 5520 1422 5570 καὶ
1452 5516 1677 5579 τούτους
1702 5516 1811 5571 ἀπὸ
1842 5519 1942 5586 τῆς

352 5610 569 5681 ημΐρας
601 5611 703 5680 τῆς
758 5609 941 5676 ἐξόδου
973 5611 1155 5665 αὐτῶν
1180 5613 1242 5664 τὸ
1268 5611 1381 5682 πῦρ
1407 5609 1766 5678 καταφλέγει.
1795 5610 1943 5679 Πέμ-

356 5717 514 5762 πτον,
547 5702 704 5756 ὅτιὈ
739 5703 995 5769 πάππας,
1029 5705 1150 5773 ἦτοι
1183 5705 1212 5757 6
1244 5703 1412 5773 ἄκρος
1439 5702 1729 5772 ἀρχιερεὺς
1760 5702 1858 5770 τῆς
1883 5703 1942 5754 ιν

365 5789 558 5863 Ῥώμῃ
611 5793 981 5864 ἀποπολικῆς
1032 5795 1298 5864 καθέδρας
1350 5795 1468 5847 ἐστὶ
1499 5793 1709 5865 κεφαλὴ
1755 5793 1940 5864 πάσης

352 5881 458 5953 τῆς
501 5883 854 5954 Ἐκκλησίας,
886 5885 1129 5957 διάδοχος
1156 5886 1249 5938 τοῦ
1289 5885 1575 5957 μακαρίου
1600 5884 1809 5957 Πέτρου
1840 5886 1938 5938 τοῦ

2040 3302 2282 3372 quinque
2311 3317 2375 3356 ex
2409 3300 2615 3357 nostris
2644 3300 3028 3365 criminantur,
3065 3298 3177 3353 imo
3216 3313 3340 3367 non
3406 3314 3473 3353 ex
3517 3310 3626 3352 no-

2040 3395 2191 3459 stris,
2210 3394 2304 3450 sed
2322 3410 2390 3449 ex
2409 3393 2691 3450 Ecclesia:
2723 3408 2854 3448 nam
2877 3391 3123 3448 Ecclesia
3158 3393 3213 3447 in
3251 3406 3352 3447 suo
3377 3390 3625 3455 decreto,
3669 3401 3677 3406 '

2039 3485 2210 3541 veluti
2245 3485 2491 3545 Stentor,
2527 3484 2786 3539 omnibus
2821 3483 3034 3538 viribus
3060 3483 3297 3538 clamat:
3354 3481 3624 3548 Primum,

2038 3576 2183 3645 quod
2219 3585 2444 3630 sanctus
2497 3573 2740 3643 Spiritus
2764 3589 2834 3629 ex
2882 3574 3044 3628 Patre
3075 3583 3134 3629 et
3170 3574 3311 3628 Filio
3343 3574 3614 3643 procedit,

2038 3671 2204 3739 idque
2232 3669 2348 3738 ipse
2381 3667 2787 3724 FiliusaPatre
2847 3666 3068 3736 accipit.
3130 3666 3341 3721 Cuncta
3391 3666 3619 3736 (inquit)

2038 3762 2184 3817 enim
2215 3777 2339 3832 qua:
2391 3760 2556 3815 habet
2589 3759 2768 3824 Pater,
2798 3761 2852 3814 in
2886 3759 3199 3831 generando
3239 3760 3433 3813 tribuit
3458 3758 3616 3822 Filio,

2038 3862 2401 3922 praeterquam
2450 3866 2574 3907 esse
2603 3849 2841 3907 Patrem.
2891 3850 3228 3911 Secundum,
3283 3852 3425 3919 quod
3455 3850 3626 3904 sacri-

2040 3944 2220 4000 ficiqu
2300 3960 2398 4014 per
2459 3959 2708 4014 azymum
2757 3943 2845 3998 vel
2904 3942 3289 3998 fermentatum
3347 3956 3516 3996 unum
3569 3950 3629 3996 et

2038 4038 2180 4093 idem
2211 4047 2326 4101 est;
2374 4037 2632 4107 quodque
2662 4037 3068 4091 sanctissimum
3098 4032 3299 4090 Christi
3331 4047 3534 4103 corpus
3564 4032 3623 4087 in

2039 4132 2286 4200 utrisque
2314 4130 2602 4185 coniicitur
2637 4130 2905 4200 partibus.
2947 4126 3219 4189 Tertium,
3251 4126 3396 4196 quo.l
3428 4124 3623 4178 anima

2038 4223 2255 4278 illorum
2309 4221 2399 4289 qui
2451 4221 2507 4273 in
2553 4218 2874 4289 paenitentia
2920 4217 3253 4282 moriuntur,
3299 4214 3630 4286 purgatoriis

2038 4314 2217 4385 pmnis
2252 4323 2373 4383 post
2397 4323 2626 4367 mortem
2657 4321 2983 4382 purgantur,
3009 4319 3064 4364 et
3098 4308 3340 4364 fidelium
3380 4308 3629 4362 vivorum

2037 4406 2315 4473 suﬂ‘raqiis
2362 4405 2660 4473 iuvantur,
2725 4404 2890 4472 idque
2942 4411 3230 4472 propterea
3272 4399 3419 4470 quod
3465 4410 3628 4454 antea

2040 4496 2281 4567 peccatis
2315 4496 2434 4552 suis
2470 4493 2788 4551 satisfacere
2834 4508 2945 4547 non
2980 4494 3298 4561 potuerunt.
3332 4489 3624 4556 Quartum,

2042 4589 2188 4658 quod
2234 4587 2408 4642 sancti
2465 4596 2593 4641 sunt
2630 4586 2684 4638 in
2728 4584 2901 4653 gloria
2956 4583 3048 4638 Dei
3096 4590 3370 4650 quatenus
3406 4579 3628 4646 animas,

2043 4680 2326 4749 Deumque
2375 4679 2441 4734 ad
2485 4677 2676 4732 faciem
2716 4674 2924 4740 vident,
2984 4682 3037 4727 et
3080 4672 3199 4741 ejus
3244 4671 3501 4727 laetantur
3542 4668 3630 4725 vi-

2041 4773 2196 4828 sione
2232 4787 2248 4828 :
2279 4780 2337 4824 et
2369 4786 2562 4824 rursus
2592 4770 2646 4821 iu
2680 4767 2984 4838 gehennam
3028 4775 3349 4834 peccatores
3385 4763 3467 4819 ire
3516 4761 3632 4818 cla-

2042 4875 2192 4931 mat,
2246 4873 2304 4919 et
2356 4860 2818 4933 quemadmodum
2867 4859 2992 4913 illos
3032 4857 3315 4912 beatitudo
3363 4855 3627 4921 Lctificat,

2042 4959 2124 5015 sic
2175 4956 2372 5012 ethos
2431 4968 2465 5006 a
2511 4953 2600 5007 die
2663 4951 2846 5006 exitus
2893 4965 3084 5005 eorum
3139 4949 3283 5021 ignis
3332 4950 3628 5005 comburit.

2041 5051 2339 5118 Quintum,
2380 5046 2524 5117 quod
2566 5061 2737 5116 papa,
2779 5044 2895 5100 sive
2935 5058 3185 5099 summus
3236 5042 3480 5113 pontifex
3511 5043 3629 5098 Ro-

2043 5157 2215 5196 mame
2252 5139 2397 5195 sedis
2431 5136 2764 5209 aposmlicac,
2809 5144 2972 5206 caput
3018 5147 3104 5192 est
3149 5136 3317 5192 totius
3346 5133 3626 5201 Ecclesiae;

2044 5234 2189 5290 beati
2220 5231 2368 5287 Petri
2400 5230 2669 5302 principis
2697 5229 3070 5299 apostolorum
3117 5242 3421 5290 successor,
3450 5235 3506 5281 et
3538 5243 3631 5283 ve-

2045 5343 2139 5382 rus
2187 5325 2426 5381 vicarius
2456 5323 2675 5380 Domini
2720 5323 2892 5377 nostri
2938 5321 3065 5378 Jesu
3102 5318 3632 5377 Christi.—Ecclesia

2042 5433 2175 5473 vero
2218 5417 2527 5483 adversarii
2566 5415 2864 5472 Ecclesium
2899 5413 3312 5486 reprehendunt
3363 5412 3512 5482 quod
3560 5426 3631 5469 ea

2042 5527 2165 5582 quae
2216 5528 2341 5566 vera
2393 5527 2505 5566 non
2554 5519 2706 5577 sunt,
2763 5511 3018 5575 senserit,
3072 5517 3121 5561 et
3153 5506 3373 5562 decreto
3418 5506 3632 5577 prolato

2043 5603 2362 5673 apostolicis
2398 5611 2453 5657 et
2486 5601 2667 5656 rubris
2717 5600 2919 5677 litteris
2966 5614 3029 5654 ea
3086 5596 3192 5653 sibi
3246 5597 3629 5668 arrogaverit:

2046 5695 2208 5750 nobis
2240 5702 2446 5760 autem,
2479 5694 2734 5748 Ecclesia:
2763 5693 2834 5748 ab
2862 5691 2929 5747 iis
2955 5697 3298 5762 oppugnatae,
3330 5703 3510 5759 neque
3533 5704 3634 5759 pa-

2046 5787 2303 5843 trocinari
2333 5788 2593 5842 convenit
2637 5802 2816 5857 neque
2851 5783 3111 5855 possibile
3140 5790 3245 5847 est,
3273 5797 3399 5857 cum
3432 5779 3632 5835 fortem

2049 5882 2375 5939 advocatum
2407 5895 2591 5938 sccqu
2626 5879 2825 5936 habeat
2851 5874 3133 5933 Christum
3164 5870 3349 5928 Jcsutn
3400 5877 3456 5927 et
3478 5880 3631 5925 suam
