4004 6442
416 409 552 477 11.7

1081 416 1232 476 PRO
1271 418 1482 480 CUNC.
1526 419 2056 482 Fl.OREN'I‘.CAP.

2096 424 2144 487 Ι.
2190 424 2288 485 DE
2326 428 2640 490 SPlRlTU
2669 431 2982 493 ΒΑΝΟΤΟι
3534 431 3685 507 1118

1756 571 3639 603 mmm—

1451 664 2103 750 ΚΕΦΑΛΑΙΟΝ
2171 668 2632 754 ΠΡΩΤΟΝ

516 800 647 856 Ὀτι
680 800 751 854 τὸ
786 801 1029 872 Πνεῦμα
1056 801 1122 858 τὸ
1159 802 1335 874 ἅγιον
1354 805 1741 880 ἐκπορεύεται
1782 807 1880 880 καί
1922 808 1989 860 ἐκ
2040 808 2147 880 τοῦ
2186 810 2347 871 me.
2384 810 2481 861 καὶ
2506 812 2617 862 οὐκ
2649 812 2714 862 ἑι⁸ί
2752 811 2947 879 μόνου
2980 812 3086 866 τοῦ
3116 813 3369 880 Πατρός,
3401 813 3484 880 ὡς
3509 816 3571 871 οἱ

1317 874 1405 945 μὴ

1473 876 1587 942 τὴν
1648 876 1917 930 σύνοδον
1999 876 2357 945 στέργοντες
2418 880 2727 948 λέγουσιν.

1567 1092 1946 1181 CAPUT
2016 1096 2502 1185 PRIMUM

521 1239 827 1319 Spiritum
862 1249 1142 1303 sanctum
1169 1242 1504 1324 procedere
1547 1257 1600 1306 et
1638 1266 1716 1307 ex
1743 1245 1938 1322 Filio,
1965 1267 2090 1310 non
2124 1270 2200 1341 ex
2238 1252 2423 1313 Patre
2466 1262 2733 1330 tantum,
2774 1267 2842 1317 ut
2897 1259 3077 1320 aiunt
3124 1263 3231 1341 qui
3264 1266 3568 1341 synodum

1774 1344 1899 1385 non
1934 1340 2305 1408 sequuntur.

484 1534 743 1603 Ἀρκτέον
795 1532 887 1591 οὖν
927 1536 1022 1591 ἀπ’
1056 1537 1219 1589 αὐτοῦ
1263 1539 1358 1592 τοῦ
1409 1542 1639 1607 πρώτως
1696 1545 1828 1612 ἡμῖν
1879 1547 1978 1613 τὴν

402 1628 684 1697 θεολογίαν
723 1629 928 1699 ταύτην
957 1627 1442 1698 ἀποκαλύψαντος·
1477 1628 1632 1697 οὗτος
1665 1637 1773 1705 γὰρ
1810 1637 1866 1689 ὲν
1897 1637 1976 1705 τῷ

400 1724 542 1779 κατά
588 1725 842 1798 Ἰωάννην
874 1724 1193 1799 Εὖαγγελίῳ
1248 1732 1306 1783 ὲν
1339 1729 1624 1799 κεφαλαίῳ
1654 1729 1980 1782 ἑπτακαιδε-

399 1814 550 1886 κάτῳ
575 1816 749 1871 ταῦτά
789 1835 920 1887 φησι
958 1820 1093 1889 πρὸς
1131 1821 1260 1883 τοὺς
1295 1821 1514 1891 μαθητὰ
1529 1842 1567 1883 ς,
1606 1838 1625 1871 ι
1660 1820 1837 1873 notas;
1871 1819 1979 1889 ἔχω

398 1908 579 1976 λέγειν
610 1910 762 1980 ὑμῖν,
792 1912 908 1965 ἀλλ’
938 1914 997 1965 ού
1046 1913 1279 1967 δύνασθε
1314 1914 1606 1984 βαστάζειν
1644 1916 1770 1983 ἄρτι
1793 1930 1807 1944 ο
1848 1915 1978 1967 ὅταν

399 2001 458 2054 δὲ
500 2002 630 2074 ἔλθῃ
660 2006 890 2071 ἐκεῖνος,
922 2004 980 2059 τὸ
1004 2007 1228 2075 Πνεῦμα
1281 2009 1379 2075 τῆς
1408 2008 1689 2077 ἀληθείας,
1719 2007 1979 2075 ὁδηγήσει

401 2096 545 2162 ὑμᾶς
567 2096 646 2157 εἰς
678 2097 859 2149 πᾶσαν
893 2097 993 2166 τὴν
1032 2099 1294 2168 ἀλήθειαν
1318 2114 1331 2126 ·
1365 2100 1425 2150 οὐ
1477 2097 1585 2167 γὰρ
1620 2097 1841 2165 λαλήσει
1877 2098 1969 2164 ἀφ’

2150 1543 2524 1614 Incipiendum
2581 1544 2869 1615 estigitur
2935 1545 3007 1601 ab
3047 1563 3114 1602 eo
3166 1550 3259 1617 qui
3308 1551 3485 1621 primo
3517 1552 3674 1610 theo-

2078 1636 2306 1705 logicam
2344 1635 2485 1690 hanc
2530 1638 2814 1691 veritatem
2855 1639 3135 1693 rerelavit.
3184 1640 3281 1695 Hie
3328 1645 3473 1697 enim
3523 1646 3670 1715 apud
3762 1694 3771 1701 ,

2075 1728 2342 1783 Joannem
2376 1730 2775 1799 Evangelistant
2822 1733 2887 1785 ad
2919 1731 3217 1802 discipulos
3264 1749 3393 1790 suos
3438 1736 3517 1791 sic
3548 1739 3624 1793 ait
3652 1758 3667 1792 :

2083 1841 2100 1872 ι
2129 1821 2323 1876 Adhuc
2347 1822 2519 1877 multa
2551 1823 2722 1878 habeo
2754 1824 2911 1879 vobis
2943 1826 3146 1889 dicere,
3166 1827 3259 1882 sed
3297 1843 3407 1882 non
3437 1829 3668 1897 potestis

2079 1925 2304 1985 portare
2339 1916 2543 1982 modo;
2598 1931 2718 1971 cuin
2781 1926 2963 1972 autem
3018 1919 3230 1973 venerit
3281 1920 3374 1974 ille
3430 1918 3672 1989 Spiritus

2079 2008 2343 2073 veritatis,
2371 2008 2593 2063 docebit
2632 2023 2726 2063 vos
2760 2024 2980 2064 omnem
3014 2009 3297 2065 veritatem
3332 2031 3344 2066 :
3380 2027 3489 2067 non
3522 2015 3669 2068 enim

2079 2098 2331 2168 loquetur
2370 2116 2401 2154 a
2449 2099 2782 2169 semetipso,
2812 2100 2905 2155 sed
2957 2117 3300 2173 quaecunque
3353 2106 3539 2161 audiet
3590 2108 3674 2161 lo-

400 2188 619 2255 ὲαυτοῦ,
660 2188 777 2243 ἀλλ’
808 2190 909 2244 ὅσα
933 2188 1000 2241 ἂν
1041 2189 1273 2261 ἀκούσῃ,
1306 2190 1556 2259 λαλήσει,
1585 2189 1679 2242 καὶ
1705 2190 1775 2241 τὰ
1813 2192 1970 2262 ἐρχο-

2079 2198 2299 2272 quctur,
2321 2201 2373 2245 et
2393 2208 2515 2261 qua:
2539 2203 2765 2245 ventura
2810 2204 2934 2247 sunt
2959 2194 3306 2249 annuntiabit
3334 2197 3485 2251 vobis
3532 2214 3547 2252 :
3582 2198 3672 2252 ille

400 2298 539 2349 μενα
567 2280 859 2349 ἀναγγελεῖ
908 2282 1038 2350 ὑμῖν
1060 2299 1074 2313 ο
1102 2282 1311 2345 ἑκείνος
1341 2283 1439 2347 ἐμὲ
1484 2282 1699 2347 δοξάσει
1727 2296 1740 2311 ⁸
1782 2283 1864 2335 ὃτι
1910 2287 1975 2334 ἐκ

2080 2300 2165 2339 me
2201 2284 2543 2349 clat'iiicabit,
2570 2285 2696 2354 quia
2717 2284 2784 2337 de
2824 2301 2944 2340 meo
2977 2287 3214 2356 accipiet
3240 2298 3291 2342 et
3322 2289 3671 2345 annnntiabit

395 2374 491 2425 τοῦ
528 2373 665 2442 ἐμοῦ
692 2374 922 2443 λήψεται
955 2374 1047 2426 καὶ
1080 2374 1375 2442 ἀναγγελεῖ
1422 2374 1575 2441 ὑμῖν.
1612 2393 1631 2425 ι
1662 2371 1789 2445 *Δρ*
1824 2372 1975 2443 ἔχετέ

394 2484 449 2521 τι
481 2468 615 2539 πρὸς
638 2468 811 2521 ταῦτα
846 2469 1042 2535 είπεῖν,
1076 2467 1402 2521 οίτάναντὶα
1438 2466 1807 2537 φρονοῦυτεςς
1841 2467 1972 2535 Ναὶ,

397 2557 561 2627 φασὶ,
576 2556 778 2626 γνῶσιν
800 2557 1093 2626 λαμϐάνει,
1122 2557 1336 2627 λόγους,
1378 2557 1540 2628 λῆψιν
1562 2575 1576 2591 ·
1605 2558 1795 2612 ἀκούει
1822 2559 1976 2629 παρὰ

393 2652 490 2703 τοῦ
534 2650 682 2716 Υίοῦ,
719 2651 909 2722 ὥσπερ
937 2652 965 2704 ὀ
1012 2652 1139 2712 Υἱὸς
1170 2651 1325 2721 παρὰ
1362 2651 1456 2705 τοῦ
1492 2650 1704 2723 [ἰατρὸς
1753 2652 1971 2721 σοφίαν,

397 2743 493 2795 καὶ
518 2742 588 2796 τὰ
616 2742 801 2797 λοιπά.
854 2743 963 2797 Καὶ
1007 2744 1167 2813 ἡμεῖς
1200 2742 1345 2797 οὕτω
1393 2743 1624 2812 λέγομεν
1647 2760 1661 2775 ⁸
1704 2742 1818 2797 ἀλλ’
1854 2745 1976 2798 ἐπεὶ

396 2832 539 2881 νοεῖν
586 2829 646 2882 οὐ
683 2829 842 2900 Θέμις
874 2830 1046 2883 πολλὰ
1091 2834 1149 2886 ἐν
1178 2832 1257 2900 τῷ
1289 2833 1427 2902 Θεῷ,
1466 2834 1552 2887 ἵνα
1606 2834 1682 2905 μὴ
1718 2833 1975 2889 σύνθετον

393 2922 563 2978 αὑτὸν
594 2925 959 2995 ἰννοήσωμεν,
990 2924 1047 2978 ἓν
1069 2923 1371 2995 λαμϐάνειν
1400 2927 1603 2995 φαμὲν,
1628 2925 1727 2996 τὴν
1752 2926 1971 2979 οὐσίαν·

392 3020 519 3088 ἥτις
554 3017 693 3090 σοφὴ
724 3019 818 3072 καλ⁸
844 3016 1023 3090 ἀγαθὴ
1050 3019 1145 3071 καὶ
1184 3018 1351 3072 τᾶλλα
1392 3018 1532 3073 ἐστί.
1572 3020 1683 3073 Καὶ
1706 3020 1795 3073 διὰ
1816 3018 1976 3074 τοῦτο

394 3112 449 3167 εί
501 3112 695 3179 σοφίαν
747 3110 1040 3180 λαμϐάνει,
1102 3110 1255 3163 οὐδὲν
1312 3108 1442 3163 ἄλλο
1496 3111 1546 3163 εί
1602 3112 1677 3182 μὴ
1734 3113 1794 3166 τὸ
1835 3107 1975 3166 εἶναι

391 3203 552 3258 αὑτό.
622 3202 871 3255 Ἀκούσει
926 3198 1020 3254 οὖν
1075 3201 1136 3254 τὸ
1173 3201 1399 3271 Πνεῦμα
1422 3202 1484 3253 τὸ
1518 3204 1693 3269 ἅγιον,
1722 3202 1973 3255 τουτέστι

394 3295 530 3367 παρ’
556 3295 766 3350 ἐκείνου
788 3294 1036 3359 ἀκούσει,
1064 3293 1195 3363 παρ’
1220 3291 1279 3346 οὗ
1312 3292 1692 3363 ἐκπορεύεται*
1718 3293 1776 3346 τὸ
1800 3293 1973 3345 ἀκού.

395 3406 481 3442 ειν
512 3390 712 3454 ἐκεῖνο,
736 3386 1027 3455 γινώσκειν
1073 3388 1223 3452 ἐστὶ,
1258 3385 1319 3438 τὸ
1358 3384 1415 3437 δὲ
1447 3385 1761 3453 γινώσκειν,
1811 3377 1971 3436 εἶναι.

408 3480 628 3550 Ἐπειδὴ
654 3480 830 3533 τοίνυν
862 3480 962 3532 οὐκ
1013 3478 1157 3531 ἔστιν
1193 3476 1286 3546 ἀφ’
1315 3476 1531 3541 ἑαυτοῦ,
1562 3476 1701 3529 ἀλλά
1748 3477 1878 3544 παρ’
1910 3471 1972 3527 οὗ

392 3573 782 3643 ἐκπορεύεται,
814 3572 874 3624 τὸ
901 3570 1121 3624 ἀκούειν
1162 3572 1343 3622 ἐκεῖνο
1374 3568 1673 3638 γινώσκειν
1706 3569 1850 3630 ἐστὶ,
1910 3570 1971 3621 τὺ
2003 3565 2045 3623 C

390 3668 454 3719 δὲ
477 3665 766 3734 γινώσκειν
797 3662 960 3718 εἶναι.
980 3663 1203 3731 Ἐπειδῇ
1228 3661 1408 3714 τοίνυν
1426 3661 1526 3713 ὀυκ
1549 3662 1697 3714 ἔστιν
1716 3662 1808 3731 ἀφ’
1839 3663 1973 3718 ἑαυο

391 3758 510 3812 τῶν
534 3774 546 3788 ο
583 3756 719 3811 ἀλλά
739 3755 869 3823 παρ’
898 3753 959 3807 οὖ
984 3753 1367 3823 ἐκπορεύεται,
1402 3750 1494 3819 ἀφ’
1524 3747 1585 3806 οὗ
1614 3752 1761 3803 ἐστιν
1780 3752 1974 3821 ἐκείνῳ

398 3849 437 3918 ἡ
475 3846 654 3910 οὐσία,
692 3843 824 3913 παρ’
866 3842 1076 3895 ἐκείνου
1112 3841 1146 3910 ἡ
1181 3840 1414 3908 γνῶσις’
1444 3838 1576 3910 παρ’
1621 3839 1834 3893 ἐκείνου
1864 3839 1973 3910 ἀρα

394 3941 495 3993 καὶ
544 3936 903 4009 ήὰκρόασις,
951 3935 1093 4004 ὅπερ
1125 3934 1279 3986 οὐδὲν
1342 3932 1472 3986 ἄλλο
1519 3933 1667 3986 ἐστὶν
1696 3933 1734 4003 ’ἢ
1791 3934 1970 3987 οὐσία.

350 4056 367 4063 -
412 4031 523 4092 ’Λεὶ
554 4030 734 4082 τοίνυν
783 4020 971 4082 ἀκούει
1015 4025 1076 4079 τὸ
1134 4024 1361 4095 Πνεῦμα
1400 4020 1459 4077 τδ
1507 4024 1687 4091 ἅγιον,
1746 4026 1831 4077 ὅτι
1884 4025 1973 4079 ἀεὶ

400 4128 681 4192 γινώσκει,
720 4122 814 4175 καὶ
855 4118 1126 4186 γνώσεται
1151 4134 1164 4148 ·
1184 4119 1277 4172 καὶ
1305 4117 1392 4171 διὰ
1419 4115 1593 4171 ταῦτα
1626 4116 1718 4171 καὶ
1743 4118 1973 4188 ῆκουσε,

397 4220 493 4273 καὶ
534 4218 592 4273 ἀι
608 4215 748 4281 ούει,
777 4214 872 4266 καὶ
914 4211 1231 4267 ἀκούσεται.
1284 4209 1374 4272 Ὠς
1408 4210 1517 4276 γὰρ
1566 4208 1669 4281 ἤδη
1719 4210 1970 4280 εἴπομεν,

394 4304 544 4357 τοῦτ’
574 4306 721 4358 ἐστιν
752 4302 902 4371 αὑτῷ
932 4302 991 4355 τὸ
1017 4301 1239 4355 ἀκούειν
1270 4300 1406 4365 ὅπερ
1435 4300 1496 4353 τὸ
1521 4297 1817 4368 γινώσκειν
1836 4313 1850 4328 ⁸
1881 4300 1974 4353 καὶ

395 4396 461 4448 τὸ
487 4394 779 4464 γινώσκειν
808 4392 981 4462 αὐτῷ,
1013 4391 1160 4446 τοῦτ’
1190 4392 1341 4444 ἐστὶν
1369 4393 1506 4462 ὅπερ
1537 4390 1598 4444 τὸ
1641 4386 1804 4444 εἶναι.
1835 4388 1975 4460 Παρ’

396 4488 605 4541 ἐκείνου
639 4487 816 4540 τοίνυν
845 4486 1066 4555 ἤκουσε,
1108 4484 1202 4536 καὶ
1250 4483 1461 4551 ἀκούει,
1510 4484 1604 4537 καὶ
1659 4481 1973 4549 ἀκούσεται,

395 4584 533 4650 παρ’
562 4571 622 4630 οὖ
654 4581 771 4630 ἐστι
794 4592 810 4607 θ
859 4575 991 4647 παρ’
1024 4575 1237 4629 ἐκείνου
1287 4573 1343 4627 δέ
1393 4577 1543 4627 ἐστιν
1587 4574 1684 4641 ἀφ’
1713 4572 1773 4626 οὗ
1806 4576 1974 4625 ἐκπο-

399 4670 643 4740 ρεύεται.
685 4668 827 4724 Ἀλλ’
864 4667 950 4722 ἵνα
985 4671 1057 4737 μή
1100 4684 1242 4730 τινες
1282 4667 1458 4719 εἰπεῖν
1488 4667 1662 4735 ἔχοιεν
1693 4665 1768 4728 ώς
1800 4666 1858 4717 ὲν
1883 4667 1973 4734 τῇ,

393 4762 566 4829 ἐμοῦ,
599 4760 938 4830 ἀντωνυμίᾳ,
962 4762 1026 4811 ἓν
1056 4757 1134 4828 τῷ
1176 4758 1257 4811 ὅτι
1286 4758 1355 4812 ἐκ
1386 4757 1492 4812 τοῦ
1523 4756 1669 4826 ἐμοῦ
1712 4755 1975 4825 ,λήψεται

392 4855 461 4907 τ’)
484 4854 714 4923 Πατρὸς
741 4854 1031 4915 ἐννοεῖται,
1050 4849 1411 4921 παρακατιὼν
1432 4852 1489 4901 ὲν
1518 4849 1597 4917 τῷ
1627 4848 1776 4918 αὐτῷ
1802 4866 1971 4917 κεφα-

395 4944 538 5014 λαίῳ
593 4942 977 5004 ἑπισυνάπτει,
1040 4960 1057 4991 ι
1118 4942 1303 4995 Πάντα
1356 4942 1455 4992 ὅσα
1513 4940 1627 5011 ἔχει
1675 4943 1703 4992 ὀ
1754 4941 1970 5009 Πατὴρ,

395 5038 594 5106 λέγων,
622 5037 740 5105 ἐμά
780 5038 934 5088 ἐστι’
970 5034 1056 5087 διὰ
1100 5034 1259 5085 τοῦτο
1294 5028 1449 5085 εἶπον
1490 5033 1617 5101 ὑμῖν
1655 5034 1738 5086 ὅτι
1783 5034 1846 5085 ἐκ
1877 5031 1974 5085 τοῦ

398 5129 537 5196 ἐμοῦ
566 5126 822 5198 λήψεται,
871 5127 966 5177 καὶ
996 5123 1291 5191 ἀναγγελεῖ
1333 5124 1487 5190 ὑμῖν.
1531 5141 1549 5174 ι
1578 5122 1765 5176 Εἰπὼν
1796 5122 1854 5175 δὲ
1891 5125 1973 5176 ὅτι

396 5224 587 5277 Πάντα
615 5224 718 5277 ὅσα
753 5220 869 5291 ἔχει
903 5222 932 5273 ὁ
960 5210 1173 5289 Πατὴρ,
1209 5219 1319 5286 ἐμά
1344 5218 1516 5281 ἐστιν,
1549 5216 1840 5271 ἀπέκλεισε
1864 5215 1974 5269 πᾶν

403 5317 580 5385 στόμα
622 5304 957 5385 βουλόμενον
992 5311 1329 5377 ἀποκλείειν,
1369 5312 1466 5364 καὶ
1500 5311 1592 5363 τὸν
1624 5309 1756 5363 Υίδν
1798 5309 1973 5361 αἴτιον

398 5407 501 5473 τῆς
559 5403 847 5475 ὑπάρξεως
895 5402 993 5454 τοῦ
1043 5401 1312 5468 παναγίου
1360 5400 1698 5469 Πνεύματος.
1751 5399 1874 5453 Ὅτι
1916 5398 1975 5453 δὲ

398 5497 602 5567 ἀληθές
640 5499 755 5549 ἐστι
798 5494 880 5561 τὺ,
907 5492 1091 5549 Πάντα
1137 5493 1238 5548 ὅσα
1269 5492 1381 5562 ἔχει
1418 5495 1447 5545 ὁ
1482 5492 1692 5563 Πατὴρ,
1730 5492 1844 5562 ἔχει
1877 5491 1977 5546 καὶ

482 5617 677 5674 ‘Joan.
706 5630 819 5682 xvi,
857 5612 943 5680 l2,
967 5614 1056 5670 l3.

471 5735 551 5807 (l)
578 5732 1023 5807 Nongadmittunt
1061 5729 1300 5807 theologi
1323 5732 1469 5807 lianc
1495 5731 1828 5807 locutionem
1873 5728 1976 5784 Fi-

403 5798 507 5860 lius
533 5798 609 5859 est
638 5804 953 5873 principium
977 5801 1221 5873 essentia;
1238 5798 1470 5873 Spiritus
1498 5803 1669 5854 sancti
1692 5817 1711 5865 ;
1737 5816 1859 5853 nam
1888 5818 1977 5873 es-

405 5876 582 5931 sentia
605 5870 815 5938 divina,
848 5888 969 5941 qua:
994 5880 1077 5925 est
1106 5872 1163 5924 in
1191 5870 1396 5937 Spiritu
1425 5878 1636 5934 sancto,
1674 5886 1779 5922 non
1814 5870 1979 5941 habet

408 5944 757 6015 principium.
794 5939 900 5998 Sed
935 5950 1122 5996 auctor
1155 5948 1369 5997 tantum
1400 5941 1513 5994 vult
1545 5954 1793 5993 aSsr-rN-e
1856 5939 1978 5983 sm-

2006 4893 2049 4949 ί)

2080 2375 2232 2431 vobis
2251 2374 2293 2430 ⁸.
2326 2395 2346 2428 ι
2370 2376 2750 2447 Νυωλὶιιιὺειὶε
2773 2378 2902 2447 quid
2931 2379 2996 2431 ad
3028 2379 3131 2433 ltoc
3154 2380 3551 2449 respondeatis,
3574 2396 3671 2436 vos

2077 2469 2169 2538 qui
2202 2469 2542 2524 contrarium
2572 2468 2834 2524 sentitis?
2867 2468 3065 2536 Etiam,
3091 2470 3367 2539 inquiunt,
3398 2472 3669 2543 cognitio-

2077 2577 2200 2615 nem
2216 2559 2440 2631 accipit,
2458 2559 2647 2625 verba,
2668 2560 3044 2631 acceptionem
3064 2580 3078 2617 :
3099 2562 3300 2617 audita
3323 2562 3478 2629 Filio,
3499 2574 3558 2618 ut
3574 2563 3668 2627 Ei-

2078 2652 2184 2706 iius
2242 2667 2273 2706 a
2312 2651 2470 2708 Patre
2519 2652 2871 2723 sapientiam,
2927 2662 2983 2708 et
3027 2654 3257 2721 reliqua.
3314 2654 3384 2709 Et
3437 2670 3538 2710 nos
3595 2655 3669 2709 ita

2082 2744 2366 2801 dicimus:
2404 2745 2497 2801 sed
2562 2745 2691 2815 quia
2741 2746 2911 2801 multa
2951 2747 3259 2819 intelligere
3308 2748 3362 2800 in
3420 2747 3531 2803 Deo
3590 2748 3672 2803 las

2070 2824 2185 2889 non
2211 2844 2317 2903 est,
2349 2850 2420 2891 ne
2452 2836 2820 2906 compositum
2872 2852 2996 2891 eum
3054 2837 3446 2907 intelligamus,
3500 2854 3668 2894 ttnum

2076 2927 2327 3000 accipere
2375 2927 2652 2985 dicimus:
2688 2929 3009 2993 essentiam,
3061 2944 3183 2998 qua:
3232 2930 3454 3001 sapiens
3501 2938 3670 2986 est-et

2077 3022 2254 3086 bona,
2312 3029 2420 3076 etc.
2466 3018 2763 3090 Propterea
2827 3018 2875 3073 si
2934 3020 3258 3091 sapientiam
3318 3020 3540 3089 accipit,
3589 3019 3666 3073 nil

2076 3111 2226 3168 aliud
2264 3112 2374 3168 nisi
2405 3112 2586 3182 ipsum
2620 3126 2741 3167 esse
2779 3110 3019 3180 accipit:
3054 3111 3239 3167 audiet
3265 3126 3394 3180 ergo
3427 3111 3667 3181 Spiritus

2077 3215 2318 3271 sanctus,
2351 3205 2403 3260 id
2441 3212 2547 3269 est,
2583 3204 2652 3259 ab
2681 3218 2748 3259 eo
2776 3204 2961 3259 audiet
2991 3219 3020 3257 a
3060 3218 3169 3273 quo
3206 3202 3473 3273 procedit.
3529 3184 3668 3257 lilud

2077 3299 2290 3361 audire.
2349 3313 2683 3368 cognoscere
2736 3305 2846 3361 est,
2898 3310 3232 3366 cognoscere
3293 3302 3474 3349 autem
3522 3310 3666 3368 esse.

2075 3389 2343 3453 Quoniam
2372 3366 2536 3458 igitur
2562 3402 2592 3442 a
2624 3403 2681 3441 se
2708 3402 2819 3441 non
2860 3392 2967 3453 est,
2994 3385 3087 3441 sed
3125 3400 3154 3438 a
3188 3400 3298 3454 quo
3321 3385 3567 3455 procedit
3591 3401 3608 3452 ;
3637 3366 3669 3440 ἐι

2078 3497 2187 3549 quo
2221 3479 2475 3548 provenit
2518 3478 2570 3533 ei
2606 3478 2866 3538 essentia.
2912 3479 2981 3531 ab
3014 3476 3108 3531 illo
3152 3478 3395 3547 cognitio
3430 3493 3443 3530 :
3480 3478 3545 3531 ab
3574 3476 3669 3532 illo

2080 3586 2210 3642 ergo
2238 3581 2295 3625 et
2324 3570 2556 3631 auditio,
2588 3572 2732 3637 quod
2770 3568 2844 3622 nil
2889 3567 3033 3622 aliud
3069 3574 3153 3620 est
3196 3582 3357 3636 quam
3403 3566 3666 3622 essentia.

2076 3660 2302 3732 Semper
2334 3661 2496 3733 igitur
2525 3658 2682 3714 audit
2727 3659 2965 3728 Spiritus
3003 3666 3251 3723 sanctus,
3301 3660 3427 3730 quia
3453 3675 3670 3730 semper

2074 3755 2354 3825 cognoscit
2402 3765 2458 3808 et
2506 3759 2803 3823 cognoscet
2834 3770 2848 3805 :
2883 3750 3091 3805 ideirco
3128 3750 3359 3815 audivit,
3408 3753 3581 3819 audit,
3612 3762 3669 3806 et

2075 3849 2260 3902 audiet
2286 3864 2301 3900 :
2330 3862 2480 3910 nam,
2510 3854 2571 3899 ut
2601 3843 2858 3908 diximus,
2886 3843 3029 3897 idem
3058 3848 3151 3896 'cst
3203 3841 3252 3896 ei
3297 3842 3484 3896 audire
3518 3845 3666 3912 quod

2072 3918 2426 4011 cognoscere,
2462 3947 2518 3993 et
2571 3949 2905 4006 cognoscere
2934 3936 2984 3987 ei
3031 3931 3175 3987 idem
3222 3940 3305 3986 est
3339 3932 3483 4000 quod
3515 3947 3662 3986 esse.

2073 4034 2156 4088 Ab
2187 4047 2273 4087 eo
2296 4031 2463 4101 igitur
2506 4026 2732 4093 audivit,
2766 4025 2972 4092 audiet,
3023 4032 3079 4079 et
3109 4023 3284 4088 audit,
3318 4038 3346 4077 a
3394 4038 3504 4093 quo
3534 4033 3659 4077 est:

2073 4127 2142 4181 ab
2193 4138 2261 4179 eo
2290 4131 2473 4177 autem
2520 4128 2624 4183 est,
2663 4134 2691 4172 a
2740 4130 2848 4186 quo
2898 4114 3169 4185 procedit.
3218 4112 3325 4168 Sed
3384 4127 3453 4166 ne
3483 4112 3667 4167 dicere

2075 4215 2308 4289 possint,
2344 4213 2490 4284 quod
2538 4210 2592 4264 in
2640 4225 2705 4265 eo
2738 4208 3088 4279 pronomine,
3127 4222 3265 4272 meo,
3293 4220 3417 4259 cum
3440 4204 3663 4269 dicitur,

2075 4308 2243 4380 quod,
2278 4308 2338 4361 de
2389 4320 2501 4358 meo
2531 4302 2772 4372 accipiet,
2820 4300 3162 4369 intelligitur,
3208 4296 3394 4361 Patre,
3440 4296 3577 4349 inira
3609 4295 3663 4349 in

2076 4401 2267 4455 eodem
2326 4397 2503 4468 capite
2556 4393 2862 4463 coniungit,
2924 4392 3112 4445 dicens
3150 4405 3164 4443 :
3206 4407 3225 4440 ι
3272 4387 3466 4450 Omnja
3514 4402 3664 4456 qua:-

2076 4502 2291 4560 cnnque
2340 4488 2509 4542 habet
2562 4485 2742 4549 Pater,
2803 4498 2924 4537 mea
2971 4490 3148 4536 sunt:
3184 4486 3472 4549 propterea
3546 4476 3662 4532 dixi

2076 4580 2227 4637 vobis
2254 4580 2399 4651 quod
2431 4580 2499 4634 de
2545 4593 2666 4634 meo
2701 4575 2942 4643 accipiet
2971 4584 3024 4628 et
3051 4569 3399 4626 annuntiabit
3430 4568 3603 4623 vobis.
3641 4586 3663 4619 ι

2076 4674 2211 4730 Cum
2271 4687 2401 4727 vero
2459 4668 2715 4724 dixerit:
2782 4665 3029 4719 «Omnia
3107 4675 3447 4731 quaecunque
3504 4658 3670 4712 habet

2076 4758 2285 4830 Pater,
2363 4776 2482 4816 mea
2534 4767 2663 4814 sunt
2724 4775 2736 4811 :
2786 4774 2804 4807 ι
2858 4752 3088 4810 occlusit
3146 4765 3307 4805 omne
3352 4764 3414 4805 os
3481 4749 3672 4803 volens

2078 4852 2368 4909 excludere
2428 4850 2589 4905 etiam
2647 4845 2847 4901 Filium
2915 4856 3041 4897 esse
3097 4839 3674 4911 principium,essen-

2083 4948 2171 4999 tiae
2199 4944 2278 5015 (1)
2329 4938 2664 4997 sanctissimi
2716 4936 2979 5007 Spiritus.
3034 4929 3192 4999 Quod
3240 4940 3424 4986 autem
3480 4944 3671 4985 verum

2084 5038 2175 5099 sit,
2201 5044 2396 5089 cuncta
2431 5044 2553 5101 quae
2591 5028 2758 5085 liabet
2797 5025 2981 5092 Pater,
3014 5038 3078 5079 ea
3112 5034 3167 5079 et
3196 5019 3398 5077 Filium
3443 5021 3669 5085 habere,

2080 5131 2201 5200 ipse
2237 5128 2290 5183 id
2327 5135 2562 5182 testatur
2593 5137 2715 5178 cum
2746 5121 2897 5185 dicit,
2938 5136 2956 5170 ‹
2991 5116 3178 5185 Pater,
3214 5116 3395 5171 omnia
3429 5122 3522 5168 tua
3549 5127 3671 5167 mea

2082 5235 2233 5284 sunt,
2262 5229 2317 5274 et
2340 5232 2460 5273 mea
2513 5228 2626 5271 tua.
2657 5232 2676 5269 ι
2711 5214 2779 5269 Ει
2807 5212 3071 5275 Joannes,
3115 5206 3362 5262 Damasci
3395 5205 3675 5275 refulgens

2081 5313 2256 5378 sidus,
2311 5310 2387 5366 ait
2428 5306 2549 5383 (2):
2583 5326 2602 5360 ι
2641 5305 2837 5362 Omnia
2878 5314 3216 5374 quaecunque
3279 5296 3444 5352 liabet
3485 5294 3671 5361 Pater,

2080 5406 2138 5461 in
2193 5402 2504 5476 generando
2569 5398 2792 5454 tradidit
2855 5395 3015 5460 Filio,
3074 5400 3272 5461 praeter
3329 5400 3491 5459 quam
3544 5400 3671 5444 esse
3746 5398 3753 5403 '

2076 5494 2320 5550 Patrem.
2352 5513 2371 5545 ι
2409 5492 2573 5563 largo,
2605 5492 2649 5546 si
2683 5488 2840 5545 Pater
2868 5488 3160 5559 (quatenus
3186 5477 3369 5548 Pater)
3402 5476 3664 5549 producit

2078 5732 2244 5785 ritum
2272 5739 2524 5785 sanetum
2560 5728 2765 5781 habere
2790 5741 2818 5780 a
2855 5722 2995 5778 Filio
3026 5728 3289 5788 tanquam
3328 5729 3361 5771 a
3394 5713 3480 5770 sui
3512 5710 3667 5783 prin-

2077 5801 2223 5869 cipio
2253 5802 2549 5869 essentiam
2586 5798 2851 5869 divinam.

2151 5870 2227 5940 (ιι)
2255 5868 2400 5923 Fidei
2430 5866 2645 5922 Ortltod.
2686 5866 2777 5920 lib.
2817 5881 2851 5920 t.
