4004 6470
389 453 529 518 illi)

373 569 666 640 Spiritum,

379 662 472 723 tri,
497 667 644 713 esset
697 655 934 722 Spiritus
967 654 1084 720 ipse
1124 648 1320 708 Filius.
1375 654 1428 699 et
1469 643 1642 698 Filius
1677 657 1784 695 una
1834 655 1958 694 cum

380 751 559 817 Patre,
619 747 725 802 duo
773 744 964 798 Patres
1011 742 1291 812 Spiritus:
1328 747 1382 791 et
1437 736 1541 790 huc
1600 744 1758 803 pacto
1794 731 1964 786 Filius

380 857 505 896 cum
551 839 710 892 Patre
753 851 863 889 non
904 833 1337 887 communicaret
1389 827 1641 881 essentia:
1698 821 1963 893 Spiritus.

381 933 538 988 Nunc
562 947 688 985 vero
720 944 830 982 non
860 926 1113 997 producit
1146 927 1246 978 hoc
1280 931 1440 993 pacto
1473 919 1635 974 Pater
1675 916 1964 986 Spiritum,

382 1027 477 1081 sed
519 1035 789 1093 quatenus
837 1020 1180 1091 produntur:
1223 1031 1401 1084 nerine
1450 1013 1588 1068 Filio
1648 1010 1966 1078 opponitur,

381 1118 511 1186 quin
545 1115 658 1184 ipse
693 1126 910 1182 queque
947 1111 1018 1164 sit
1065 1122 1228 1164 causa
1262 1106 1521 1176 Spiritus.
1575 1101 1710 1157 Nam
1739 1101 1782 1156 si
1815 1114 1969 1169 qua:-

381 1223 596 1276 cunque
623 1207 784 1273 habet
811 1203 992 1266 Pater,
1021 1203 1186 1256 habet
1212 1211 1266 1255 et
1298 1199 1493 1260 Filius,
1532 1205 1586 1252 et
1616 1194 1755 1249 nihil
1789 1207 1970 1248 rema-

381 1310 477 1354 net
497 1297 642 1353 Patri
695 1297 842 1366 quod
861 1296 1031 1350 Filius
1054 1287 1157 1347 non
1178 1291 1402 1356 habeat;
1424 1289 1586 1343 habet
1605 1297 1785 1340 autem
1809 1286 1974 1341 Pater

382 1392 795 1462 productionem
854 1387 1091 1457 Spiritus
1124 1404 1137 1438 :
1175 1385 1226 1438 id
1275 1399 1406 1454 ergo
1453 1381 1618 1435 habet
1671 1388 1726 1434 et
1779 1379 1970 1434 Filius.

383 1483 462 1536 1-1:
519 1481 622 1534 hoc
667 1478 904 1546 denique
944 1485 1131 1545 aperte
1181 1473 1513 1538 ostenditur,
1547 1470 1690 1540 quod
1733 1483 1845 1522 non
1883 1481 1975 1521 so-

382 1573 493 1627 lunt
541 1588 571 1626 a
604 1570 762 1624 Patre
815 1579 897 1623 est
927 1567 1188 1637 Spiritus,
1222 1565 1316 1620 sed
1347 1575 1403 1619 et
1429 1580 1459 1618 a
1501 1562 1660 1620 Filio.
1691 1560 1864 1630 llujus
1891 1559 1974 1613 rei

383 1665 542 1719 testis
569 1675 652 1718 est
691 1662 939 1716 omnium
970 1661 1258 1715 doctorum
1288 1658 1580 1727 scriptura,
1615 1665 1670 1710 et
1701 1654 1975 1708 maximus

380 1756 610 1826 Cyrinus
662 1765 836 1808 totum
882 1755 1028 1806 hunc
1077 1751 1259 1805 locum
1318 1749 1534 1820 egregie
1583 1751 1975 1814 interpretans,

384 1859 438 1901 et
479 1847 643 1901 verba
695 1845 953 1914 praedicta
989 1859 1004 1896 :
1037 1850 1247 1896 attente
1298 1839 1671 1894 animadverte
1721 1852 1844 1906 qua:
1893 1836 1976 1891 di-

383 1941 506 1993 cit:
551 1958 569 1990 ι
601 1936 744 1991 Ecce
789 1935 972 1999 enim,
1017 1934 1286 2004 Spiritum
1344 1931 1588 1986 veritatis
1633 1929 1708 1999 (id
1755 1937 1838 1983 est
1888 1927 1972 1983 sui

385 2031 577 2100 ipsius)
607 2029 945 2084 Paracletum
985 2027 1193 2090 dicens,
1227 2041 1258 2080 a
1299 2024 1460 2078 Patre
1510 2022 1808 2093 procedere
1847 2034 1972 2074 cum

386 2122 520 2177 dicit
556 2139 570 2175 :
604 2136 728 2175 nam
781 2118 1240 2188 quemadmodum
1297 2116 1546 2184 proprius
1597 2123 1682 2168 est
1737 2112 1978 2182 Spiritus

386 2213 534 2278 Filii,
569 2229 694 2266 cum
731 2210 1051 2264 naturaliter
1086 2209 1142 2262 in
1168 2223 1231 2262 eo
1264 2207 1356 2270 sit.
1391 2216 1446 2260 et
1480 2206 1547 2258 ab
1578 2220 1645 2258 eo
1675 2203 1974 2273 procedat:

387 2307 469 2360 sic
496 2306 662 2359 etiam
697 2303 875 2357 Patris
919 2311 1005 2357 est
1031 2302 1307 2372 proprius.
1339 2299 1548 2366 Quibus
1580 2311 1765 2352 autem
1794 2295 1978 2366 Spiri-

389 2412 478 2452 tus
503 2407 587 2451 est
617 2395 947 2460 communis,
981 2394 1127 2448 inter
1153 2395 1252 2448 hos
1287 2403 1340 2447 et
1363 2407 1424 2445 ea
1451 2405 1573 2460 quae
1591 2390 1659 2444 ad
1687 2389 1979 2442 esScntiam

388 2490 666 2560 pertinent
690 2503 800 2542 non
834 2497 998 2543 erunt
1027 2487 1218 2541 divisa.
1254 2483 1443 2554 Neque
1475 2498 1577 2537 nos
1611 2480 1978 2550 quorumdam

393 2581 560 2636 verba
597 2581 944 2650 perturbant,
999 2578 1090 2648 qui
1139 2579 1208 2632 ob
1245 2574 1517 2629 inscitiam
1553 2572 1720 2642 impie
1756 2569 1826 2625 de
1857 2569 1982 2623 reli-

391 2674 554 2742 gione
584 2673 790 2726 sentire
837 2671 1015 2724 solent
1062 2680 1116 2724 et
1161 2668 1333 2738 loqui,
1371 2679 1714 2737 quacunque
1766 2664 1844 2716 fas
1895 2671 1981 2715 est

393 2767 634 2835 cogitare
667 2783 682 2818 :
717 2763 873 2832 quasi
908 2762 1079 2816 Filitts
1123 2761 1376 2814 ordinem
1412 2759 1644 2829 aliquem
1681 2757 1976 2826 adimpleat

391 2856 761 2921 ministrandi,
820 2863 876 2908 et
946 2853 1124 2908 Patris
1177 2850 1439 2920 Spiritum
1496 2852 1770 2904 ministret
1827 2861 1983 2902 crea-

392 2957 526 3000 turae
560 2965 575 3001 :
615 2948 820 3016 quippe
853 2961 978 3002 cum
1023 2959 1200 3012 neque
1229 2943 1283 2997 id
1311 2943 1526 3012 quidam
1560 2941 1768 2996 insulse
1794 2940 1985 2993 dicere

392 3038 822 3102 reformidat-int,
855 3035 1028 3105 magis
1057 3047 1397 3102 consequens
1426 3041 1509 3086 est
1555 3031 1803 3095 credere,
1835 3027 1982 3098 quod

391 3131 516 3200 quia
552 3129 804 3200 proprius
842 3137 928 3183 est
970 3128 1094 3196 ejus
1130 3124 1610 3195 (quemadmodum
1657 3120 1849 3190 utique
1884 3119 1979 3173 Dei

391 3235 443 3274 ει
476 3221 695 3289 Patris),
739 3221 864 3275 ideo
897 3219 964 3274 ad
1007 3227 1226 3272 sanctos
1261 3230 1391 3270 suos
1432 3214 1727 3283 discipulos
1771 3212 1980 3266 sancti-

393 3313 637 3366 ﬁcandos
697 3325 825 3365 eum
855 3309 1038 3364 mittit.
1073 3329 1092 3361 ι

1553 437 1879 500 JOSEPIII
1919 427 2472 495 METIlONENSlS

706 575 760 619 et
805 563 972 618 Filius
1011 561 1115 615 hoc
1159 555 1322 612 modo
1359 553 1797 609 communicaret
1856 550 1960 604 Pa-

2087 541 2443 605 .Υἱὸς,αὐτδς
2475 535 2609 590 αὐτὸ
2643 530 2916 604 μαρτυρεῖ
2941 525 3142 594 λέγων,
3171 541 3191 574 ι
3244 521 3459 590 Πάτερ,
3491 522 3658 619 πάντα

3463 421 3470 428 '
3526 403 3654 468 Ῑῖἓθ

2064 636 2137 688 τὰ
2173 633 2262 697 σὰ,
2303 629 2433 700 ἐμὰ,
2475 628 2566 679 καὶ
2600 624 2670 676 τὰ
2703 621 2837 690 ἐμὰ,
2871 619 2942 671 σᾶ.
2983 618 3121 668 ἔστι.
3181 631 3202 664 ι
3253 610 3370 664 Καὶ
3415 608 3660 674 Ἰωάννης

2065 728 2164 782 δὲό
2186 725 2283 795 τῆς
2317 698 2612 792 Δαμασκοῦ
2651 715 2872 784 φαεινὸς
2901 707 3100 778 ἀστὴρ,
3127 727 3145 755 ι
3183 705 3382 758 Πάντα
3404 701 3506 754 ὅσα
3532 698 3660 769 ἔχει,

2071 825 2259 893 φησὶν,
2292 821 2319 872 ὀ
2349 815 2562 884 Πατὴρ,
2592 813 2649 863 ἐν
2677 807 2753 877 τῷ
2777 806 2974 874 γεννᾷν
3000 802 3200 855 δέδωκε
3225 797 3306 866 τῷ
3338 795 3482 864 Υιῷ,
3511 793 3662 863 πλὴν,

2069 885 2165 968 τοῦ
2197 909 2340 965 εἶναι
2383 907 2621 976 Πατέρα.
2659 923 2677 953 ι
2709 898 2940 964 Οὐκοῦν,
2961 899 3011 950 εἰ
3054 895 3153 966 μὲν
3251 889 3472 960 Πατὴρ,
3518 889 3547 940 6
3571 887 3679 939 Παο

2071 1009 2179 1078 τὴρ
2221 1002 2523 1075 προϐάλλει
2556 998 2617 1052 rb
2648 995 2902 1064 Πνεῦμα,
2933 993 3027 1044 καὶ
3058 992 3086 1042 6
3116 989 3245 1049 Tib;
3287 984 3572 1037 ἐκοινώνει
3595 979 3669 1048 τῷ

2073 1100 2253 1170 Πατρὶ
2312 1097 2453 1150 κατὶι
2503 1093 2696 1146 τοῦτον
2725 1089 2818 1142 τὸν
2862 1089 3088 1155 τρόπον,
3139 1077 3208 1152 ἦν
3241 1079 3312 1133 ἂν
3350 1077 3414 1129 τὸ
3451 1073 3669 1142 Πνεῦμα

2075 1165 2226 1257 Υἱὸς,
2259 1192 2356 1245 καὶ
2394 1191 2421 1242 6
2453 1188 2583 1249 Tib;
2616 1183 2756 1251 μετὰ
2785 1179 2885 1234 τοῦ
2916 1177 3155 1244 Πατρὸς,
3188 1173 3288 1226 δύο
3319 1171 3562 1235 πατέρες
3584 1165 3672 1218 τοῦ

2079 1286 2418 1354 Πνεύματος.
2464 1283 2572 1334 Καὶ
2606 1276 2798 1331 τοῦτον
2827 1273 2918 1326 τὸν
2953 1273 3152 1342 τρόπον
3181 1270 3287 1320 οὐκ
3335 1262 3616 1318 ἐκοινώνει
3646 1261 3673 1313 6

2076 1381 2206 1442 Tib;
2240 1379 2320 1449 τῷ
2357 1377 2538 1445 Πατρὶ
2574 1372 2674 1442 τῆς
2729 1371 3018 1441 ὑπάρξεως
3049 1365 3143 1420 τοῦ
3181 1362 3538 1429 Πνεύματος.
3568 1354 3673 1449 Νῦν

2075 1473 2134 1526 δὲ
2187 1472 2246 1524 ού
2280 1447 2424 1524 κατὰ
2473 1467 2662 1521 τοῦτον
2710 1465 2804 1518 τὸν
2838 1464 3043 1534 τρόπον
3075 1455 3379 1529 προϐάλλει
3427 1454 3455 1504 6
3491 1447 3673 1516 Πατὴρ

2077 1565 2138 1618 rb
2169 1562 2395 1632 Πνεῦμα
2426 1578 2440 1592 ο
2474 1559 2614 1613 ἀλλὰ
2645 1557 2786 1612 καθὸ
2819 1553 3142 1625 προὸολεὺς,
3173 1550 3272 1602 καὶ
3303 1547 3408 1600 οὐκ
3440 1540 3674 1597 ἀντικει-

2077 1674 2169 1711 ται
2197 1656 2274 1726 τῷ
2301 1655 2417 1723 Υἱῷ
2451 1655 2509 1706 τὸ
2547 1649 2688 1706 εἶναι
2720 1651 2813 1715 καὶ
2862 1647 3024 1703 αὐτὸν
3059 1645 3234 1699 αῐτιον
3301 1636 3401 1692 τοῦ
3433 1633 3674 1702 Πνεύμα-

2078 1767 2192 1809 τος.
2235 1749 2297 1802 Ei
2338 1747 2449 1817 γὰρ
2484 1749 2660 1799 πάντα
2707 1745 2809 1797 ὅσα
2856 1742 2970 1811 ἔχει
3013 1741 3041 1793 6
3091 1738 3314 1804 Πατὴρ,
3368 1734 3482 1803 ἔχει
3532 1730 3620 1782 καὶ
3647 1727 3672 1778 6

2083 1842 2232 1910 Υἱὸς,
2263 1842 2357 1894 καὶ
2390 1840 2542 1893 οὐδὲν
2593 1837 2922 1904 ὲναπομένει
2972 1832 3049 1902 τῷ
3077 1832 3259 1900 Πατρὶ
3291 1829 3320 1881 ὃ
3351 1829 3380 1880 6
3428 1826 3556 1888 Tib;
3581 1826 3672 1876 οὒκ

2082 1934 2218 2005 ἔχει,
2248 1935 2360 2003 ἔχει
2390 1933 2445 1985 δὲ
2473 1935 2500 1985 6
2531 1930 2721 1998 Πατὴρ
2749 1930 2808 1981 rb
2830 1927 3163 1998 προϐάλλειν
3188 1926 3253 1978 rb
3282 1920 3541 1991 Πνεῦμα,
3565 1917 3670 1986 ἔχει

2080 2030 2188 2098 ἄρα
2212 2027 2373 2080 τοῦτο
2401 2025 2495 2078 καὶ
2525 2027 2554 2078 6
2577 2025 2726 2086 Υἱός.
2769 2023 2904 2076 Ἀπὸ
2931 2020 3126 2073 τούτου
3171 2019 3368 2072 λοιπὸν
3400 2015 3668 2068 δείκνυται

2079 2119 2383 2189 διαρρήδην
2427 2117 2510 2170 ὅτι
2550 2117 2612 2169 ού
2659 2116 2821 2185 μόνον
2871 2115 3022 2184 παρά
3057 2111 3152 2166 τοῦ
3214 2109 3439 2181 Πατρός
3475 2110 3586 2160 ἐστι
3617 2104 3670 2158 rb

2085 2211 2332 2289 Πνεῦμα,
2365 2210 2502 2262 ἀλλὰ
2535 2209 2628 2261 καὶ
2662 2208 2814 2279 παρὰ
2846 2207 2942 2259 τοῦ
2972 2204 3128 2259 Υἱοῦ.
3161 2205 3272 2258 Καὶ
3303 2203 3502 2256 τούτου
3537 2201 3669 2269 μάρ-

2083 2323 2180 2368 τυς
2203 2307 2236 2374 ἠ
2278 2306 2388 2358 τῶν
2423 2301 2769 2356 διδασκάλων
2804 2300 2954 2352 πᾶσα
3001 2297 3216 2368 γραφὴ,
3245 2297 3346 2350 καὶ
3377 2298 3405 2348 6
3452 2294 3670 2362 πάμμε-

2084 2416 2191 2467 γας
2242 2392 2536 2466 Κύριλλος,
2593 2393 2968 2462 ἐξηγούμενος
3010 2391 3133 2444 ὅλον
3163 2390 3227 2444 τὸ
3285 2388 3490 2460 χωρίον
3522 2384 3670 2438 τοῦτο

2087 2493 2180 2545 καὶ
2207 2491 2276 2543 τὰ
2321 2490 2462 2560 ῥητὰ
2489 2488 2558 2541 τὰ
2602 2488 3008 2557 προειρημένα,
3061 2482 3208 2552 μάλα
3241 2481 3546 2550 γενναίωςο
3585 2476 3671 2531 καὶ

2085 2587 2188 2656 ὅρα
2220 2583 2490 2652 νουνεχῶς
2513 2583 2581 2636 τὰ
2597 2581 2892 2649 λεγόμενα.
2922 2597 2942 2631 ι
2973 2578 3108 2632 ’ἰδοὺ
3136 2577 3276 2646 γὰρ,
3301 2577 3436 2641 ἰδοὺ,
3460 2573 3671 2642 Πνεῦμα

2087 2679 2188 2745 τῆς
2228 2675 2510 2744 ἀληθείας.
2557 2673 2839 2725 τουτέστιν
2894 2669 3116 2735 ἑαυτοῦ,
3168 2672 3264 2724 τὸν
3321 2668 3671 2739 ιῐαράκλητον

2092 2765 2290 2832 εἰπὼν,
2318 2764 2468 2834 παρὰ
2499 2762 2594 2815 τοῦ
2621 2762 2832 2830 Πατρδς
2863 2762 3027 2814 αὑτὸν
3057 2761 3468 2833 ἐκπορεύεσθαι
3495 2775 3668 2830 φησιν.

2092 2860 2307 2929 Ὠσπερ
2332 2857 2443 2929 γάρ
2489 2858 2637 2910 ἐστιν
2670 2857 2805 2909 ῖδιον
2842 2855 3066 2925 Πνεῦμα
3093 2855 3190 2909 τοῦ
3245 2855 3402 2923 Υἱοῦ,
3440 2852 3672 2922 φυσικῶς

2096 2956 2153 3005 έν
2193 2950 2345 3020 αύτῷ
2373 2967 2431 3004 τε
2469 2950 2719 3018 ὑπάρχον
2753 2948 2846 3001 καὶ
2875 2947 2941 3000 δι’
2973 2947 3139 3002 αὐτοῦ
3167 2950 3384 3018 προῖῦν,
3419 2946 3556 3000 οὕτω
3589 2942 3674 2996 καὶ

2088 3044 2184 3098 τοῦ
2227 3043 2467 3114 Πατρός.
2501 3037 2596 3104 οἷς
2626 3042 2682 3094 δὲ
2729 3040 2792 3093 rb
2838 3040 3069 3110 Πνεῦμα
3107 3040 3315 3104 κοινὸν,
3369 3039 3576 3100 τούτοις
3613 3035 3673 3088 ἂν

2089 3131 2177 3199 εἴη
2209 3130 2381 3200 δήπου
2423 3131 2519 3182 καὶ
2566 3128 2635 3181 τὰ
2687 3131 2788 3198 τῆς
2840 3128 3031 3192 οὐσίας
3064 3129 3126 3183 ού
3169 3130 3536 3200 διωρισμένα.
3587 3126 3670 3193 Μὴ

2088 3223 2197 3293 γὰρ
2227 3223 2292 3293 δή
2331 3239 2476 3285 τινος
2520 3223 2670 3292 ἡμᾶς
2703 3222 2813 3275 τῶν
2859 3221 3140 3274 δυσσεϐεῖν
3167 3223 3447 3278 εἰωθότων
3485 3220 3589 3274 τῶν
3618 3218 3670 3284 ἐξ

2088 3313 2330 3383 ἀμαθίας
2380 3311 2832 3382 ἀποκομιζόντων
2878 3312 3096 3378 λόγους,
3139 3313 3176 3366 ᾱ
3212 3313 3356 3384 μηδέ
3386 3314 3540 3382 θέμις
3586 3309 3668 3361 ἐν.

392 3411 558 3472 νοεῖν,
593 3407 669 3470 ὡς
729 3408 1076 3476 ὑπουργικήν
1107 3424 1232 3460 τινα
1259 3406 1415 3470 τάξιν
1467 3404 1806 3476 ἀποπληρῶν
1854 3407 1882 3458 ὁ
1911 3406 2060 3473 Υἱὸς,
2093 3411 2154 3463 rb
2208 3411 2358 3481 παρὰ
2407 3410 2503 3464 τοῦ
2553 3411 2768 3480 Πατρὺς
2805 3411 3030 3481 Πνεῦμα
3077 3415 3143 3482 τῇ
3192 3414 3376 3465 κτίσει
3426 3407 3668 3464 διακονεῖ.

393 3508 503 3560 λαὶ
527 3507 684 3559 τοῦτο
709 3505 820 3575 γὰρ
842 3505 1111 3568 ἀσυνέτως
1139 3505 1284 3568 τινὲς
1309 3505 1368 3558 ού
1389 3505 1710 3558 κατέδεισαν
1729 3505 1925 3557 εἰπεῖν·
1947 3507 2224 3562 πιστεύειν
2247 3508 2305 3560 δὲ
2330 3509 2534 3575 μᾶλλον
2563 3509 2877 3576 ἀκόλουθον,
2901 3509 2976 3573 ὼς
2994 3511 3115 3562 ἐπει
3126 3527 3223 3574 περ
3254 3511 3385 3564 ἴδιόν
3413 3511 3557 3562 ἐστιν
3573 3506 3668 3560 αύ-

392 3595 510 3662 τοῦ,
541 3596 790 3666 καθάπερ
817 3595 1010 3665 ἀμέλει
1043 3596 1136 3649 καὶ
1176 3597 1268 3651 τοῦ
1292 3595 1430 3650 Θεοῦ
1457 3598 1551 3649 καὶ¹
1595 3597 1828 3666 Πατρὺς,
1854 3597 2172 3654 ἀποστέλλει
2191 3603 2302 3666 τοῖς
2334 3603 2509 3670 ἁγίοις
2537 3603 2702 3657 αὐτοῦ
2731 3603 2996 3673 μαθηταῖς
3041 3604 3178 3674 πρὸς
3218 3605 3518 3674 ἁγιασμόν.

466 3693 659 3756 Audis,
710 3703 768 3748 tu
816 3693 909 3762 qui
959 3691 1314 3759 conti-adicis,
1365 3694 1742 3749 admirandum
1778 3703 1836 3748 et
1873 3711 1989 3748 ma-
2017 3703 2062 3760 ο

398 3800 561 3852 gnum
602 3785 816 3838 Patrem
855 3785 1021 3849 hunc,
1052 3784 1313 3856 Cyrillum
1346 3785 1497 3838 illutn
1530 3785 1679 3848 dico,
1719 3784 1988 3850 Quemad-

400 3877 653 3941 modum,
686 3877 884 3947 inquit,
921 3874 1049 3930 Filii
1085 3878 1334 3946 proprius
1359 3887 1463 3941 est,
1494 3894 1604 3931 non
1632 3891 1731 3947 per
1767 3879 1988 3932 modum

400 3969 768 4034 ministrandi,
803 3968 897 4022 sed
937 3969 1258 4022 naturaliter
1291 3972 1346 4022 in
1403 3984 1470 4023 eo
1501 3977 1607 4034 est,
1638 3977 1695 4022 et
1729 3984 1826 4037 per
1861 3985 1988 4024 eum

401 4061 650 4128 procedit
687 4078 701 4112 :
737 4062 817 4114 sic
867 4070 922 4114 et
971 4062 1026 4113 in
1071 4061 1232 4114 Patre
1278 4062 1482 4114 evenit.
1543 4060 1599 4112 Si
1639 4060 1804 4130 igitur
1853 4075 1992 4128 quo-

404 4152 565 4203 modo
599 4159 682 4203 est
715 4150 864 4209 Filii.
907 4160 990 4203 est
1017 4159 1072 4202 et
1109 4149 1285 4204 Patris
1314 4151 1576 4218 Spiritus,
1609 4161 1861 4220 superest
1892 4168 1992 4206 nos

405 4239 709 4308 intelligere
757 4253 881 4293 cum
940 4239 1106 4292 etiam
1161 4255 1228 4294 ex
1287 4238 1426 4293 Filio
1470 4242 1765 4309 procedere
1805 4260 1819 4294 :
1866 4259 1990 4296 nam

406 4339 634 4385 sanctus
674 4329 763 4383 hic
789 4329 944 4394 dicit,
976 4331 1121 4399 quod
1161 4333 1235 4384 uti
1263 4340 1349 4386 est
1381 4331 1500 4386 Filii
1540 4331 1773 4402 Spiritus
1810 4343 1862 4388 et
1895 4349 1992 4404 per

401 4437 527 4475 eum
569 4421 837 4490 precedit,
864 4421 1056 4478 eodem
1100 4424 1263 4478 modo
1294 4433 1350 4479 et
1379 4440 1443 4478 ex
1473 4423 1631 4479 Patre
1659 4442 1676 4481 :
1713 4441 1892 4498 neque
1941 4437 1993 4482 te

403 4513 702 4582 intelligere
747 4523 991 4583 Oportet,
1034 4513 1232 4569 Filium
1292 4532 1448 4571 usmn
1522 4517 1757 4586 aliquem
1828 4519 1993 4573 mini-

401 4607 610 4660 strandi
663 4607 985 4677 adimplere,
1054 4617 1110 4664 et
1157 4609 1376 4664 mittere
1429 4626 1458 4666 a
1510 4610 1668 4666 Patre
1728 4611 1991 4684 Spiritum

402 4709 690 4764 creaturae,
722 4702 815 4754 sed
843 4701 1190 4757 naturaliter.
1221 4702 1279 4758 Si
1309 4705 1455 4758 enim
1497 4720 1597 4774 per
1631 4706 1853 4762 modum
1888 4708 1992 4762 mi-

401 4790 702 4856 nistraudi,
735 4807 845 4846 non
897 4793 1246 4862 naturaliter,
1299 4796 1462 4851 mittit
1498 4796 1762 4867 Spiritum
1799 4797 1992 4867 Filius,

402 4897 530 4949 ergo
559 4890 616 4936 et
647 4882 809 4937 Pater
854 4899 952 4952 per
984 4887 1205 4942 modutn
1237 4888 1586 4945 ministrandi
1624 4891 1792 4947 habet
1817 4890 1995 4962 Spiri-

404 4985 542 5037 tum,
599 4989 709 5028 non
758 4979 1106 5043 naturaliter,
1155 4983 1281 5051 quia
1332 4999 1442 5052 quo
1482 4984 1644 5040 modo
1672 4985 1995 5057 intelligitur

401 5068 466 5120 de
500 5065 662 5132 Filio,
695 5066 770 5122 ita
805 5069 1131 5140 intelligitur
1166 5049 1234 5129 de
1261 5049 1444 5139 Patre,
1477 5077 1781 5132 secundum
1808 5049 1988 5133 sancti
2023 5049 2068 5105 θ

401 5159 568 5229 hujus
593 5161 950 5229 sententiam;
983 5162 1274 5236 Patrisque
1309 5176 1364 5222 et
1387 5166 1510 5223 Filii
1542 5169 1857 5225 communis
1907 5180 1992 5226 est

402 5252 662 5321 Spiritus,
687 5255 814 5324 quia
838 5271 949 5311 non
982 5267 1110 5312 sunt
1128 5262 1360 5329 separati
1391 5261 1633 5318 essentia
1649 5261 1814 5317 Pater
1829 5271 1883 5318 et
1901 5262 1994 5318 Fi-

313 5379 318 5382 -
402 5339 529 5396 lius.
589 5343 649 5399 Si
687 5359 818 5415 ergo
871 5361 1169 5404 commune
1219 5359 1326 5414 est,
1364 5366 1473 5420 quo
1503 5353 1664 5410 modo
1705 5353 1774 5408 de
1831 5352 1993 5410 Patre

403 5432 622 5499 dicitur,
669 5437 861 5492 eodem
908 5446 964 5493 et
991 5439 1058 5494 de
1088 5438 1229 5496 Filio
1259 5459 1274 5496 :
1305 5457 1495 5512 quare,
1533 5445 1578 5499 si
1618 5447 1687 5501 de
1719 5443 1880 5500 Patre
1910 5447 1993 5500 di-

403 5525 547 5578 citur
588 5529 732 5596 quod
774 5531 842 5584 ab
871 5544 937 5585 eo
975 5533 1220 5601 procedit
1254 5533 1385 5605 (non
1426 5536 1571 5590 enim
1604 5537 1750 5592 aliud
1793 5553 1990 5606 possu-

405 5631 531 5668 mus
581 5617 933 5692 intelligere),
986 5624 1193 5680 dicitur
1237 5638 1417 5681 autem
1462 5639 1519 5682 et
1571 5628 1690 5685 Filii
1727 5630 2030 5698 Spiritus,’

401 5721 533 5776 ergo
559 5716 616 5762 et
659 5710 728 5764 ab
755 5727 820 5767 eo
845 5719 1113 5784 procedit.
1149 5717 1206 5773 Si
1241 5735 1370 5774 vero
1402 5720 1606 5776 dixerit
1651 5724 1801 5794 quis,
1844 5726 1989 5794 quod

407 5798 710 5854 secundum
742 5807 1211 5865 consubstantiale
1242 5811 1309 5866 de
1339 5811 1479 5867 Filio
1512 5813 1731 5882 dicitur,
1762 5832 1862 5872 nec
1889 5834 1985 5887 po-

411 5899 516 5944 test
544 5889 652 5947 dici
699 5897 996 5951 secundum
1051 5918 1308 5966 causam,
1376 5905 1651 5959 diceretur
1710 5907 1977 5980 (inquam)

412 5982 573 6039 Pater
618 5995 668 6041 et
703 5985 869 6042 Filius
903 5988 1070 6057 ipsius
1109 5993 1375 6063 Spiritus;
1417 5997 1541 6065 quia
1593 5999 1748 6056 unius
1791 6018 1977 6060 csscn-

2179 3698 2448 3765 Ἀκούεις,
2482 3699 2511 3750 6
2559 3699 2881 3768 ἀντιλέγων,
2909 3697 3004 3751 τοῦ
3040 3698 3360 3768 θαυμαστοῦ
3394 3699 3485 3750 καὶ
3515 3693 3669 3765 μεγά-

2095 3795 2187 3847 λου
2214 3794 2406 3848 τούτου
2426 3795 2638 3864 Πατρδς
2669 3795 2751 3848 Κυ
2763 3794 2944 3862 ριλλου
2972 3791 3064 3847 τοῦ
3091 3794 3234 3849 πάνυ
3261 3793 3405 3865 φημί
3430 3811 3444 3857 ;
3468 3793 3666 3856 Ὠσπερ

2099 3884 2203 3951 γάρ
2233 3885 2373 3948 ἐστι,
2431 3885 2590 3952 φησι,
2634 3883 2729 3936 τοῦ
2785 3882 2916 3936 Tibi")
2961 3884 3114 3949 ῐδιον,
3166 3885 3269 3954 οὐχ
3332 3877 3665 3952 ύπουργικῶς

2095 3976 2232 4029 ἀλλὰ
2295 3976 2543 4046 φυσικῶς
2575 3978 2634 4029 ὲν
2683 3976 2832 4045 αὐτῷ
2876 3993 2937 4029 τε
2987 3975 3232 4046 ὑπάρχον
3270 3978 3367 4031 καὶ
3397 3976 3463 4028 δι’
3513 3969 3664 4026 αὐτοῦ

2096 4069 2308 4136 προϊὸν,
2341 4067 2485 4122 οὕτω
2513 4069 2605 4122 καὶ
2639 4067 2731 4121 τοῦ
2763 4069 3000 4138 Πατρός.
3037 4071 3098 4122 Ei
3127 4069 3222 4122 οὖν
3250 4069 3313 4124 δν
3340 4069 3536 4139 τρόπον
3560 4061 3665 4115 ἐστὶ

2096 4161 2189 4213 τοῦ
2225 4160 2381 4224 Υἰοῦ,
2415 4160 2532 4214 ἔστι
2587 4163 2681 4216 καὶ
2718 4163 2813 4214 τοῦ
2866 4163 3084 4232 Πατρδς
3121 4163 3182 4216 rb
3235 4162 3485 4233 Πνεῦμα,
3539 4158 3665 4211 νοεῖν

2095 4253 2230 4330 ἡμῖν
2285 4250 2516 4316 ἔπεισιν,
2573 4253 2654 4305 ὅτι
2708 4253 3074 4322 ἐκπορεύεται
3111 4253 3208 4308 καὶ
3256 4255 3322 4307 ἐκ
3375 4251 3468 4305 τοῦ
3505 4244 3661 4302 Υἱοῦ’

2096 4343 2286 4414 ἐπειδή
2324 4361 2491 4414 φησιν
2521 4337 2673 4410 οὗτος
2705 4347 2734 4400 6
2769 4347 2947 4414 ἅγιος,
2993 4349 3076 4402 ὅτι
3114 4349 3176 4402 ὂν
3212 4348 3414 4418 τρόπον
3443 4344 3663 4413 ὑπάρχει

2095 4436 2191 4490 τοῦ
2223 4437 2353 4490 Υἰοῦ
2387 4437 2447 4489 τὸ
2474 4438 2720 4508 Πνεῦμα,
2757 4441 2850 4493 καὶ
2883 4441 3213 4512 προέρχεται
3248 4444 3319 4498 δι’
3353 4439 3544 4503 αὑτοῦ,
3581 4435 3661 4487 τὶν

2097 4531 2259 4585 αὑτὸν
2293 4531 2388 4584 καὶ
2431 4533 2496 4584 ὲκ
2538 4531 2631 4584 τοῦ
2670 4533 2906 4602 Πατρός.
2945 4535 3056 4587 Καὶ
3087 4535 3150 4588 οὐ
3198 4535 3281 4589 δεῖ
3316 4551 3376 4588 σε
3429 4534 3563 4586 νοεῖν
3587 4528 3660 4580 ὅτι

2098 4625 2443 4694 ύπουργικήν
2475 4640 2597 4678 τινα
2633 4627 2823 4695 χρείαν
2847 4627 3185 4699 ἀποπληρῶν
3207 4631 3236 4683 6
3266 4629 3408 4694 Υἱὸς,
3442 4625 3502 4678 τὸ
3524 4618 3660 4688 παρὰ

2097 4716 2190 4768 τοῦ
2235 4717 2450 4788 Πατρδς
2506 4718 2734 4788 Πνεῦμα
2781 4719 3104 4774 ἀποστέλλει
3161 4723 3228 4792 τῇ
3286 4720 3484 4784 κτίσει,
3538 4709 3660 4770 ἀλλά

2099 4809 2362 4874 φυσικῶς.
2403 4809 2466 4862 Ei
2509 4810 2618 4880 γὰρ
2655 4811 2684 4863 6
2715 4809 2838 4874 Tibi;
2869 4811 3221 4882 ύπουργικῶς
3269 4813 3445 4884 ἐνίησι
3487 4807 3572 4861 καὶ
3603 4801 3655 4855 ού

2100 4900 2347 4968 φυσικῶς
2377 4901 2437 4955 rb
2483 4901 2730 4971 Πνεῦμα,
2761 4904 2870 4974 ἄρα
2906 4908 3001 4959 καὶ
3045 4907 3074 4958 6
3107 4906 3298 4977 Πατὴρ
3330 4895 3658 4972 ὑπουργικῶς

2099 4992 2214 5060 ἔχει
2239 4992 2300 5045 rb
2328 4991 2570 5062 Πνεῦμα,
2603 4995 2696 5048 καὶ
2731 4996 2793 5049 οὐ
2825 4996 3095 5065 φυσικῶς.
3137 4997 3354 5069 Ἐπειδὴ
3382 4995 3441 5050 ὃν
3473 4988 3655 5063 τρόπον

2095 5085 2299 5138 νοεῖται
2333 5084 2429 5137 τοῦ
2459 5084 2617 5152 Υἱοῦ,
2653 5087 2858 5142 νοεῖται
2887 5087 3102 5142 καὶτοῦ
3133 5089 3348 5162 Πατρὸς
3376 5087 3512 5144 κατὰ
3537 5077 3655 5137 τοῦ·

2094 5192 2187 5228 τον
2216 5175 2309 5228 τὸν
2338 5177 2517 5246 ἅγιον.
2550 5179 2663 5233 Καὶ
2697 5181 2878 5234 κοινόν
2909 5199 3046 5254 φησι
3076 5185 3291 5255 Har-pb;
3317 5184 3410 5238 καὶ
3445 5175 3571 5235 Υἱοῦ
3595 5171 3650 5226 rb

2096 5267 2327 5337 Πνεῦμα
2349 5283 2362 5297 ·
2400 5269 2591 5340 ἐπειδὴ
2619 5271 2682 5324 οὐ
2715 5271 3079 5347 διωρισμένης
3107 5276 3296 5340 οὐσίας
3336 5273 3472 5330 εἰσιν
3498 5271 3526 5325 6
3551 5267 3654 5321 Ha-

2095 5357 2200 5428 τὴρ
2239 5358 2334 5411 καὶ
2365 5359 2394 5410 6
2423 5358 2573 5423 Υιός.
2600 5360 2664 5414 Ei
2687 5357 2781 5416 οῦν
2819 5363 3020 5431 κοινὸν,
3047 5365 3174 5420 καθ’
3196 5366 3258 5420 ὃν
3289 5364 3485 5435 τρόπον
3510 5355 3648 5422 λέγε·

2092 5465 2184 5504 ται
2220 5449 2314 5504 τοῦ
2372 5452 2608 5523 Πατρὶς,
2646 5456 2768 5508 κατ’
2815 5456 2978 5510 αὐτὸν
3029 5457 3220 5512 τοῦτον
3268 5450 3476 5513 καὶτοῦ
3531 5441 3646 5504 Υἱοδ

2095 5543 2340 5612 λέγεται.
2370 5543 2536 5599 Ὥστε
2573 5547 2622 5600 ει
2653 5547 2872 5615 λέγεται
2924 5549 3018 5603 τοῦ
3055 5551 3268 5622 Πατρδς
3294 5552 3374 5606 ὅτι
3417 5535 3644 5614 ἐξ⁸αὒτοῦ

2093 5635 2474 5705 ἐκπορεύεται,
2515 5639 2577 5692 οὐ
2607 5637 2717 5710 γὰρ
2758 5639 2886 5694 ἄλλο
2918 5640 3200 5712 δυνάμεθα
3243 5645 3400 5705 νοεῖν,
3442 5637 3643 5704 λέγεται

2093 5727 2150 5780 δὲ
2179 5728 2276 5782 καὶ
2306 5729 2398 5784 τοῦ
2433 5730 2570 5784 Υἱοῦ
2600 5731 2662 5784 rb
2689 5733 2936 5805 Πνεῦμα,
2969 5737 3077 5808 ἄρα
3102 5740 3194 5793 καὶ
3222 5739 3282 5803 ἐξ
3308 5732 3467 5788 αὐτοῦ
3502 5731 3645 5782 mar

2098 5819 2338 5888 ρεύεται.
2376 5824 2437 5876 ΕΞ
2463 5825 2698 5895 δὲλέγω
2729 5843 2811 5892 τις
2834 5829 2917 5882 ὅτι
2949 5831 3092 5884 κατὰ
3120 5832 3180 5884 rb
3204 5827 3481 5900 ὁμοούσιον
3504 5816 3642 5881 λέγει’

2092 5929 2180 5964 ται
2207 5913 2300 5965 τοῦ
2333 5916 2457 5968 Υἱοῦ
2482 5920 2572 5972 καὶ
2602 5919 2663 5972 ού
2685 5921 2823 5974 κατὰ
2852 5923 2910 5975 τὸ
2938 5924 3130 5990 αἴτιον,
3165 5923 3375 5991 ἐλέγετο
3397 5909 3640 5979 ἂν,εἴποί’

2093 6023 2190 6074 μεν
2224 6009 2312 6061 καὶ
2339 6010 2568 6080 ἡμεῖς,ο
2605 6014 2790 6082 Πατὴρ
2819 6017 2908 6070 καὶ
2937 6018 2962 6070 ὁ
3002 6018 3120 6080 Tib;
3172 6019 3262 6072 τοῦ
3320 6007 3634 6078 Πιεῦματοί’
