4004 6410
403 330 533 396 iiii

1044 333 1192 395 PRO
1235 333 1442 395 CONC.
1490 329 1859 392 FLORENT.
1905 328 2062 391 CAP.
2109 330 2146 391 Ι.
2199 330 2293 389 DE
2335 331 2640 392 SPIRITU
2700 333 3006 394 SANCTO.

3537 337 3674 403 1122

400 448 588 514 ἐπειδὴ
645 447 772 517 μιᾶς
809 447 994 511 οὐσίας
1043 449 1152 502 εἰσὶ
1193 449 1260 501 τὰ
1296 451 1419 520 τρία
1477 450 1786 517 πρόσωπαο
1845 449 1979 501 ἀλλὰ

2090 443 2169 498 tia:
2199 456 2326 500 sunt
2353 457 2460 502 tres
2492 465 2764 518 personm;
2796 462 2851 505 at
2877 453 2930 505 id
2963 468 3072 506 non
3111 453 3333 509 dicitur.
3372 456 3674 513 Damasce-

398 538 562 592 τοῦτο
592 539 651 590 οὐ
700 539 941 606 λέγεται.
987 541 1046 594 Ὀ
1077 543 1441 611 Δαμασκηνός
1475 559 1558 595 σοι
1605 544 1732 603 τοὺς
1770 541 1978 610 μυκτῆ-

402 649 501 701 ρας
534 634 831 701 συντρίξει,
872 636 930 685 ἐν
963 634 1040 704 τῷ
1088 635 1260 705 ὀγδόῳ
1290 636 1572 705 κεφαλαίῳ
1617 635 1725 688 τῶν
1763 637 1978 688 680.10-

398 723 586 792 τικῶν
621 741 635 754 ·
668 725 774 778 Τὸν
824 725 881 778 δὲ
913 727 1062 794 Τίον,
1119 732 1306 796 φησὶν,
1343 728 1466 783 οὔτε
1521 731 1614 782 τοῦ
1663 729 1979 798 Πνεύματος

399 816 634 885 λέγομεν
665 817 786 869 οὔτε
823 819 930 888 μὴν
958 821 1020 872 ἐκ
1048 822 1141 873 τοῦ
1170 823 1507 890 Πνεῦματος.
1541 823 1648 875 Καὶ
1677 823 1979 891 Γρηγὸριος

381 915 423 963 ιο
445 913 669 982 Νύσσης
697 914 754 964 ἐν
796 917 862 984 τῇ
888 917 1045 986 τρίτῃ
1071 918 1258 988 ὁμιλίᾳ
1286 920 1378 971 τοῦ
1409 919 1620 990 «Πάτερ
1639 920 1853 988 ἡμῶν».
1885 939 1982 973 κα-

397 1005 592 1057 λύπτει
625 1023 705 1058 σοι
728 1007 854 1070 τοὺς
871 1009 1205 1077 ὀφθαλμούς*
1230 1031 1248 1063 ι
1275 1011 1482 1079 ὈΥῐδ;,
1515 1018 1669 1082 ensi,
1692 1014 1784 1067 τοῦ
1813 1014 1982 1067 Πνεῦ-

403 1114 570 1164 ματος
608 1097 730 1149 οὗτε
759 1099 908 1151 ἐστὶν
947 1100 1068 1153 οὔτε
1101 1103 1317 1168 λέγεται
1345 1121 1358 1136 ’
1393 1103 1517 1157 οὔτε
1566 1106 1915 1176 ἀντιστρέφει
1945 1109 1977 1176 ὴ

402 1192 628 1260 σχετικὴ
680 1191 971 1246 ἀκολουθία
1003 1195 1178 1265 αῦτη·
1227 1198 1363 1251 ἀλλὰ
1403 1200 1462 1251 τὸ
1495 1199 1718 1269 Πνεῦμα
1761 1201 1977 1266 λέγεται

399 1282 494 1335 τοῦ
529 1283 682 1348 Υῖοῦ,
718 1286 799 1337 ὅτι
833 1290 968 1357 παρ’
997 1288 1162 1341 αὐτοῦ
1199 1289 1488 1360 λαμϐάνει,
1522 1294 1616 1346 καὶ
1649 1296 1778 1362 παρ’
1809 1294 1978 1347 αὐτοῦ

403 1377 783 1442 ἐκπορεύεται,
817 1380 907 1432 καὶ
938 1379 1000 1444 ἐξ
1031 1381 1197 1435 αὑτοῦ
1234 1385 1346 1436 ὲστι
1379 1384 1634 1453 καθάπερ
1664 1387 1756 1437 καὶ
1789 1387 1852 1439 ὲκ
1884 1385 1978 1439 τοῦ

407 1467 678 1536 Πατρός.»
715 1469 815 1524 Διά
849 1471 1008 1524 τοῦτό
1040 1491 1206 1543 φησιν
1249 1477 1277 1528 ὁ
1321 1476 1476 1544 ἅγιος
1502 1476 1656 1540 οὗτος
1689 1477 1978 1547 Κύριλλος,

405 1581 424 1612 ι
442 1563 602 1614 Ἱδιον
623 1563 786 1616 αὐτοῦ
813 1567 930 1618 ἐστι
948 1565 1198 1637 καθάπερ
1221 1569 1426 1623 καὶτοῦ
1441 1570 1583 1624 Θεοῦ
1600 1571 1694 1626 καὶ
1715 1572 1944 1643 Πατρός.
1960 1592 1975 1622 ι

401 1655 518 1707 Τίνι
551 1657 739 1725 τρόπῳ
781 1658 930 1712 ἐστὶν
968 1659 1099 1712 ἴδιον
1131 1660 1224 1714 τοῦ
1260 1663 1510 1733 Πατρόες
1548 1663 1675 1717 Ὀτι
1712 1663 1771 1728 ἐξ
1815 1662 1980 1717 αὑτοῦ

399 1746 461 1798 τὸ
509 1745 646 1802 εἶναι
703 1751 820 1818 εχει
869 1750 966 1804 καὶ
1017 1753 1396 1818 ἐκπορεύεται.
1452 1753 1612 1808 Τοῦτ’
1646 1755 1776 1808 αὐτὸ
1813 1756 1895 1809 δεῖ
1922 1773 1981 1808 σε

401 1843 562 1904 νοεῖν,
617 1842 700 1894 ὅτι
743 1846 839 1898 καὶ
888 1844 952 1896 ἐκ
996 1844 1092 1898 τοῦ
1154 1845 1286 1900 Υίοῦ
1321 1846 1708 1916 ὲκπορεὺεται,
1745 1849 1980 1918 ἐπείπερ

403 1932 532 1984 ἴδιον
563 1932 728 1986 αὑτοῦ
755 1934 1006 2005 καθάπερ
1028 1935 1123 1990 καὶ
1151 1938 1243 1990 τοῦ
1275 1939 1509 2008 Πατρός.
1535 1941 1644 1994 Καὶ
1672 1940 1792 2010 μετ’
1823 1941 1981 2008 ὀλίγα

400 2023 429 2076 ὁ
459 2025 623 2087 αὐτὸς
661 2026 817 2093 ἅγιός
856 2044 1026 2098 φησιν
1073 2029 1133 2081 ἑν
1159 2031 1225 2097 τῇ
1258 2029 1396 2100 αὐτῇ
1443 2031 1726 2101 ἐξηγήσει,
1759 2051 1778 2084 ι
1820 2033 1982 2086 ’Ίδιὸν

400 2132 582 2184 φαμεν
602 2119 696 2170 τοῦ
719 2118 847 2172 Υίοῦ
886 2122 975 2171 τὸν
1001 2121 1379 2190 Παράκλητον,
1397 2125 1644 2178 τουτέστι
1671 2126 1732 2177 τὸ
1758 2127 1983 2195 Πνεῦμα

399 2211 461 2262 τὺ
511 2210 687 2277 ἅγιον,
741 2213 835 2266 καὶ
873 2214 973 2266 οὐκ
1023 2215 1508 2286 ἐπεισκρινόμενον
1556 2218 1776 2283 ἔξωθεν,
1831 2222 1981 2272 οὐδὲν

399 2305 696 2373 ἐπίκτητον
722 2308 781 2358 ἐν
809 2307 982 2376 αὐτῷ,
1010 2309 1263 2378 καθάπερ
1293 2311 1443 2363 ἐστὶν
1468 2314 1526 2364 ἐν
1557 2315 1669 2375 τοῖς
1694 2314 1983 2384 ἁγιότητος

398 2399 689 2467 δεκτικοῖς,
725 2396 806 2464 οἷς
843 2404 936 2456 καὶ
962 2402 1028 2456 ὲκ
1059 2403 1134 2472 μὴ
1161 2404 1329 2458 ὄντων
1365 2407 1398 2476 ἡ
1429 2407 1666 2473 γένεσις,
1703 2409 1820 2462 ἀλλ’
1850 2411 1983 2475 ὀμο-

401 2490 581 2545 ούῖιον
627 2494 776 2563 αὺτῷ
809 2495 1063 2565 καθάπερ
1099 2497 1292 2566 ἀμέλει
1345 2502 1440 2552 καὶ
1481 2500 1574 2552 τοῦ
1617 2503 1850 2570 Πατρός.
1905 2495 1980 2556 Od

400 2582 510 2652 γὰρ
537 2583 761 2653 λαλήσει
791 2584 886 2653 ἀφ’
915 2585 1133 2649 ἑαυτοῦ,
1164 2587 1280 2640 ἀλλ’
1305 2589 1404 2642 ὅσα
1437 2591 1507 2643 ἂν
1545 2592 1778 2663 ἀκούσῃ.
1809 2593 1980 2649 Ὅταν

400 2670 493 2729 οὖν
515 2675 642 2747 ἔλοῃ
662 2678 888 2740 ἐκεῖνος,
913 2679 1192 2733 τουτέστιν
1213 2683 1238 2734 ὁ
1265 2681 1645 2753 Παράκλητοςζ
1669 2685 1732 2738 τὸ
1759 2685 1983 2755 Πνεῦμα

401 2767 500 2838 τῆς
529 2768 809 2836 ἀληθείας,
839 2771 1098 2841 ὁδηγήσει
1133 2772 1279 2841 ὑμᾶς
1343 2774 1444 2844 τὴν
1489 2776 1767 2845 ἀλήθειαν.
1807 2779 1982 2832 Βλέπε

399 2860 458 2912 δὲ
483 2859 556 2923 ὡς
587 2863 892 2932 ἐγρήγορεν
925 2864 957 2934 ἡ
989 2864 1162 2933 φωνὴ,
1195 2865 1299 2934 ἶρα
1326 2867 1420 2920 τοῦ
1455 2868 1612 2936 λόγου
1641 2871 1741 2937 τὴν
1778 2871 1941 2942 νῆψιν
1965 2889 1979 2904 ⁸

401 2955 752 3023 προειρηκὼς
783 2955 891 3026 γὰρ
923 2955 1077 3026 ἥξειν
1107 2959 1196 3011 ἐπ’
1240 2959 1438 3024 αὐτοὺς
1469 2962 1560 3014 τὸν
1601 2964 1981 3034 Παράκλητον,

401 3047 466 3098 τὸ
497 3046 723 3116 Πνεῦμα
753 3048 852 3115 τῆς
883 3048 1145 3116 ἀληθείας
1173 3050 1461 3120 ὠνόμασεν
1483 3055 1665 3116 αὑτὸν,
1702 3059 1983 3111 τουτέστιν

404 3135 598 3188 ἑαυτοῦ
624 3152 638 3167 ⁸
680 3136 840 3200 αὐτὸς
868 3138 978 3208 γάρ
1007 3139 1158 3193 ἐστιν
1201 3142 1233 3212 ή
1265 3142 1514 3212 ἀλήθεια.
1558 3145 1671 3200 Ἵνα
1710 3143 1766 3201 δὲ
1792 3149 1985 3203 εἰδεῖεν
2014 3157 2055 3215 C

404 3229 454 3279 οἱ
487 3226 748 3298 μαθηταὶ,
777 3229 854 3293 ὡς
889 3231 989 3283 οὐκ
1026 3231 1317 3303 ἀλλοτρίαν
1353 3236 1444 3288 καὶ
1481 3237 1638 3307 ξένην
1670 3241 1834 3293 αὑτοῦ
1866 3243 1984 3295 ἐπι-

405 3323 678 3390 φοίτησιν,
713 3321 829 3376 ἀλλ’
858 3323 1053 3378 ἑαυτὸν
1081 3327 1284 3398 ἑτέρως
1315 3330 1605 3385 ἐπιδώσειν
1650 3335 1985 3403 ἐπαγγέλλε-

404 3431 518 3479 ται,
552 3415 774 3484 Πνεῦμα
823 3417 922 3485 τῆς
976 3419 1256 3489 ἀληθείας.
1302 3423 1586 3477 τουτέστιν
1633 3426 1853 3492 ἑαυτοῦ,
1893 3431 1985 3482 τὸν

406 3507 770 3578 Παράκλητον
817 3512 1104 3566 ἀποκαλεῖ.
1141 3515 1214 3567 Οὐ
1263 3517 1372 3586 γὰρ
1417 3518 1700 3588 ἀλλότριον
1752 3520 1850 3588 τῆς
1887 3522 1982 3577 τοῦ

409 3599 750 3666 Μονογενοῦς
779 3602 968 3667 οὐσίας
994 3605 1053 3657 τὸ
1075 3605 1230 3672 ἅγιον
1251 3610 1451 3662 νοεῖται
1481 3610 1726 3681 Πνεῦμα.
1763 3614 1985 3682 Πρόεισι

407 3691 466 3747 δὲ
499 3693 742 3759 φυσικῶς
768 3695 826 3762 ἐξ
849 3695 1041 3763 αὐτῆς,
1067 3698 1218 3750 οὐδὲν
1247 3699 1436 3768 ἕτερον
1466 3703 1596 3772 παρ’
1619 3703 1782 3758 αὑτὸν
1812 3706 1991 3775 ὑπάρ-

408 3803 523 3855 χον,
573 3787 700 3841 ὅσον
744 3789 822 3850 εις
875 3790 1176 3862 ταυτότητα
1229 3791 1446 3861 φύσεως
1476 3811 1491 3827 ο
1541 3797 1590 3848 εί
1631 3798 1724 3849 καὶ
1782 3802 1986 3852 νοεῖται

407 3879 573 3950 τυχὸν
615 3881 1018 3944 ίδιοσυστάτως.
1063 3901 1082 3935 ι
1123 3885 1229 3938 Καὶ
1270 3887 1390 3954 μεθ’
1420 3887 1604 3958 ἕτερα,
1633 3907 1654 3941 ι
1698 3889 1868 3944 Ὅταν
1893 3888 1987 3946 οὖν

412 3969 537 4042 ἔλθῃ
584 3973 813 4040 ἐκεῖνος,
850 3977 1035 4044 φησὶν,
1081 3977 1140 4028 οὐ
1178 3977 1400 4048 λαλήσει
1452 3981 1546 4052 ἀφ’
1584 3983 1780 4038 ἑαυτοῦ
1805 4001 1820 4016 ο
1870 3985 1988 4038 ἀλλ’

416 4064 534 4117 οὐδὲ
565 4066 711 4130 ξένον
739 4067 866 4132 ὑμῖν
895 4069 1254 4141 είσηγήσεται
1289 4072 1545 4143 μάθημα.
1577 4077 1653 4129 Οὐ
1683 4077 1792 4145 γὰρ
1825 4078 1990 4149 τυχὸν

415 4159 634 4212 εἰσοίσει
673 4161 891 4228 νόμους.
935 4161 1159 4233 Ἐπειδὴ
1190 4164 1246 4216 δὲ
1277 4166 1522 4236 Πνεῦμα,
1551 4170 1646 4222 καὶ
1676 4172 1839 4224 οἱονεὶ
1867 4172 1991 4236 νοῦς

412 4252 560 4302 ἐστιν
616 4252 772 4321 ἐμὸς,
826 4253 1049 4322 λαλήσει
1080 4255 1143 4327 δὴ
1181 4257 1361 4309 πάντα
1412 4261 1480 4314 τὰ
1524 4263 1581 4315 ὲν
1639 4262 1781 4331 ὲμοί.
1823 4283 1842 4316 ι
1883 4266 1991 4318 Καὶ

415 4343 535 4413 μετ’
564 4344 757 4412 ὀλίγα·
803 4363 822 4397 ι
875 4347 1095 4418 Ἐπειδὴ
1133 4350 1350 4414 πάντως
1379 4353 1441 4405 ὲκ
1483 4355 1583 4425 τῆς
1625 4357 1769 4427 ἐμῆς
1801 4359 1992 4422 οὐσίας

411 4435 532 4490 ἐστὶ
577 4437 638 4490 τὸ
665 4438 914 4504 Πνεῦμα,
946 4441 1040 4493 καὶ
1068 4436 1180 4495 οἷον
1225 4443 1358 4513 ἐμός
1390 4447 1508 4498 ἐστι
1553 4447 1699 4514 νοῦς,
1732 4451 1794 4502 τὸ
1844 4451 1992 4521 ἐρεῖν

411 4527 547 4581 αὐτὸ
573 4528 643 4582 τὰ
671 4530 906 4598 ἐσόμενα
937 4532 1038 4585 οὐκ
1078 4534 1378 4603 ἐνδέχεται,
1423 4539 1497 4610 μὴ
1530 4540 1651 4609 οὐχὶ
1681 4543 1898 4603 πάντως
1935 4546 1992 4597 ὲν

412 4620 545 4689 ἐμοί.
566 4638 628 4674 τε
657 4622 903 4692 ὑπάρχον
931 4624 1026 4677 καὶ
1055 4624 1123 4678 δι’
1155 4627 1290 4694 ἐμοῦ
1322 4631 1528 4694 προῖόν.
1566 4633 1658 4694 Et;
1698 4633 1780 4694 τὸ,
1821 4636 1993 4688 Ἐκεῖ-

413 4731 504 4776 νος
538 4715 635 4784 ἐμὲ
670 4714 904 4782 δοξάσει,
937 4716 1020 4771 ὅτι
1045 4720 1110 4770 ὲκ
1138 4719 1233 4773 τοῦ
1260 4721 1395 4788 ἐμοῦ
1427 4722 1652 4792 λήψεται
1687 4727 1782 4778 καὶ
1823 4729 1992 4793 ἀναγ-

413 4808 567 4874 γελεῖ
603 4808 752 4878 ὑμῖν.
782 4809 1038 4875 «Δοξάςει
1069 4811 1360 4879 τοιγαροῦν
1390 4816 1481 4867 τὸν
1503 4815 1630 4868 Υίὺν
1658 4817 1687 4869 ὁ
1709 4819 1994 4889 Παράκλη·

413 4920 530 4966 τος,
565 4905 814 4957 τουτέστι
845 4906 905 4958 τὸ
937 4905 1068 4958 ἴδιον
1091 4905 1256 4959 αὐτοῦ
1299 4909 1546 4979 Πνεῦμα,
1596 4912 1776 4964 πάντα
1810 4914 1996 4982 ἰσχύον

418 4999 517 5050 καὶ
565 4998 741 5073 πάντα
775 4999 936 5062 εἰδός.
983 4999 1208 5064 Δοξὰζει
1243 4999 1298 5052 δὲ
1335 5003 1493 5068 πῶς;
1528 5003 1563 5056 ἃ
1598 5005 1707 5075 γὰρ
1753 5001 1859 5059 οἶδε
1901 5007 1996 5060 καὶ

416 5087 644 5142 δύναται
673 5089 734 5141 τὸ
765 5091 990 5157 Πνεῦμα
1017 5091 1204 5152 αὐτοῦ.
1247 5092 1366 5156 πῶς
1396 5094 1462 5147 ἂν
1501 5097 1662 5158 αὐτὸς
1694 5097 1794 5150 οὐκ
1827 5099 1995 5170 εἰδείη

422 5179 603 5249 τυχὸν,
631 5181 663 5253 ἢ
719 5181 836 5244 πῶς
865 5181 965 5234 οὐκ
1001 5181 1067 5234 ἂν
1116 5183 1363 5252 δύναιτο;
1417 5186 1513 5239 καὶ
1546 5187 1999 5262 εἷπερ,καοὰπερ

426 5272 586 5334 αὑτός
621 5289 810 5342 φησιν,
842 5274 900 5340 ἐξ
931 5273 1100 5328 αὑτοῦ
1138 5273 1408 5346 λαμϐάνει
1437 5281 1495 5331 τὸ
1536 5279 1786 5350 Πνεῦμα,
1819 5281 1998 5336 καίτοι

423 5367 606 5420 πάντα
636 5366 824 5436 ἰσχύον
857 5369 947 5420 καὶ
979 5368 1303 5437 κατορθοῦν,
1333 5370 1450 5435 πῶς
1476 5371 1542 5425 ἂν
1569 5373 1733 5438 αὐτὸς
1762 5377 1861 5428 οὐκ
1887 5377 2000 5446 ἔχοι

433 5457 486 5511 τὸ
515 5459 598 5526 ἐφ’
628 5458 834 5512 ἅπασιν
866 5457 1128 5529 ἰσχυρόνς
1167 5477 1186 5511 ι
1216 5460 1326 5514 Καὶ
1358 5462 1477 5530 μετ’
1499 5461 1657 5531 ὀλίγα
1677 5479 1691 5493 ο
1725 5483 1744 5516 ι
1786 5466 2004 5537 Ἐπειδὴ

429 5552 483 5604 δὲ
507 5551 789 5622 ὁμοούσιόν
813 5551 873 5604 τὲ
901 5552 1018 5604 ἐστι
1045 5551 1123 5619 τῷ
1151 5552 1285 5623 Υίῷ,
1312 5556 1405 5607 καὶ
1431 5557 1645 5621 πρόεισι
1672 5557 2000 5627 θεοπρεπῶς

427 5645 488 5711 ἐξ
519 5645 710 5709 αὑτοῦ,
745 5646 928 5700 πᾶσαν
959 5643 1128 5698 αὐτοῦ
1173 5646 1273 5714 τὴν
1312 5645 1398 5714 ἐφ’
1445 5649 1618 5701 ἅπασι
1662 5651 2001 5712 τελεωτάτην

427 5737 550 5806 ἕχον
580 5735 864 5806 ἐνέργειαν
892 5751 949 5787 τε
979 5737 1074 5786 καὶ
1104 5735 1354 5803 δύναμιν,
1383 5735 1469 5789 διὰ
1492 5737 1648 5790 τοῦτὸ
1681 5755 1864 5808 φησιν,
1909 5740 2004 5793 Ἐκ

433 5830 525 5883 τοῦ
560 5827 694 5900 ἐμοῦ
730 5828 977 5899 λῄψεται.
1016 5846 1032 5879 ι
1077 5827 1187 5883 Καὶ
1234 5828 1352 5899 μεθ’
1381 5829 1546 5900 ἕτερα
1572 5847 1584 5861 ο
1634 5851 1651 5884 ‹
1701 5833 2002 5900 Ἀκατηγό-

2080 553 2182 591 nus
2227 538 2322 593 tibi
2373 556 2533 596 nares
2569 543 2826 604 coatrrit,
2861 545 3038 612 capite
3067 558 3261 601 octavo
3297 563 3408 602 sum
3449 549 3673 616 Theolo-

2080 632 2223 700 giaz:
2257 649 2293 690 ι,
2309 631 2502 687 Filium
2533 633 2709 701 (dicit)
2739 651 2916 704 neque
2955 634 3194 705 Spiritus
3225 639 3458 693 dicimus
3500 657 3676 710 neque

2080 740 2143 778 ex
2182 725 2416 793 Spiritu.
2459 744 2476 776 ι
2512 725 2576 779 Ει
2620 725 2914 797 Gregorius
2950 728 3250 800 Nyssenus,
3291 732 3448 787 tertia
3495 733 3676 788 homi-

2081 814 2187 878 lia.
2245 832 2410 884 super
2456 835 2474 867 ι
2513 817 2674 872 Pater
2712 831 2928 884 noster,
2960 839 2978 871 ι
3031 822 3270 875 occludit
3315 823 3408 876 tibi
3442 828 3678 880 oculos:

2086 927 2106 960 ι
2150 907 2343 976 Filius,
2389 910 2586 979 inquit,
2646 911 2883 980 Spiritus
2931 929 3106 982 neque
3147 925 3252 978 est,
3303 930 3482 984 neque
3534 903 3674 971 dici-

2084 1014 2192 1065 tur,
2229 1016 2406 1070 neque
2462 1003 2575 1056 haec
2607 1004 2832 1058 relativa
2875 1007 3266 1072 consequentia
3293 1008 3674 1064 convertitur:

2081 1095 2175 1148 sed
2211 1093 2448 1163 Spiritus
2488 1093 2608 1148 Filii
2639 1094 2861 1160 dicitur,
2909 1097 3035 1164 quia
3087 1098 3154 1151 ab
3212 1112 3278 1151 eo
3332 1100 3557 1166 accipit,
3597 1101 3667 1156 ab

2083 1201 2255 1254 eoque
2311 1187 2582 1255 procedit,
2646 1194 2701 1241 et
2743 1202 2814 1240 ex
2853 1203 2916 1238 eo
2954 1199 3037 1242 cat
3085 1190 3545 1258 quemadmodum
3603 1209 3676 1247 ex

2083 1276 2263 1331 Patre.
2292 1295 2310 1328 ι
2343 1275 2554 1331 Idcirco
2586 1287 2810 1332 sanctus
2841 1278 2931 1332 liis
2966 1279 3200 1349 Cyriilns
3233 1281 3448 1349 inquit:
3487 1301 3505 1332 ι
3542 1283 3677 1335 Pro-
3729 1277 3739 1287 ’

2083 1369 2236 1439 prius
2285 1369 2407 1438 ejus
2457 1379 2562 1435 est,
2613 1381 2672 1424 ut
2749 1369 2837 1424 Dei
2889 1382 2945 1424 et
3000 1373 3196 1425 Patris.
3236 1391 3254 1424 ι
3324 1375 3443 1439 Quo
3519 1390 3676 1444 pacto

2083 1462 2337 1532 proprius
2379 1472 2464 1516 est
2501 1462 2716 1516 Patris?
2749 1463 2885 1528 Quia
2922 1479 2983 1518 ex
3022 1479 3089 1518 eo
3125 1466 3287 1520 habet
3317 1482 3437 1521 esse
3468 1480 3522 1521 et
3548 1484 3676 1538 pro-

2083 1555 2229 1608 cedit
2261 1573 2273 1607 :
2310 1555 2410 1608 hoc
2442 1553 2584 1608 idem
2636 1563 2688 1609 te
2731 1555 3035 1624 intelligere
3083 1569 3316 1626 Oportet,
3354 1562 3496 1628 quod
3531 1573 3584 1614 et
3609 1578 3674 1616 ex

2086 1647 2226 1700 Filio
2262 1649 2537 1716 procedit,
2567 1647 2692 1717 quia
2731 1651 2989 1718 proprius
3032 1652 3153 1717 ejus
3187 1661 3290 1715 est,
3327 1654 3680 1722 quemadmo-

2087 1739 2216 1792 dum
2249 1748 2305 1793 et
2334 1738 2506 1792 Patris
2538 1757 2552 1805 ;
2589 1750 2645 1794 et
2674 1742 2833 1810 paulo
2866 1752 3005 1810 post,
3039 1743 3129 1797 hic
3178 1745 3318 1799 idem
3357 1755 3580 1800 sanctus
3622 1747 3676 1798 in

2014 1803 2060 1862 Β
2085 1829 2277 1883 eadem
2330 1803 2689 1898 expositione
2718 1832 2838 1885 ait:
2879 1851 2898 1883 ‹
2953 1831 3242 1902 Proprium
3281 1834 3395 1887 Filii
3444 1836 3680 1890 dicimus

2089 1923 2456 1990 Paracletum,
2501 1925 2553 1980 id
2585 1932 2668 1980 est
2716 1925 2980 1996 Spiritutn
3018 1936 3290 1991 sanetum,
3333 1944 3439 1982 non
3476 1931 3683 1984 extrin-

2087 2033 2252 2074 secus
2290 2019 2712 2088 ingredientem,
2770 2037 2948 2090 neque
3002 2022 3362 2076 adventitium
3419 2024 3582 2088 ineo,
3623 2033 3680 2077 ut

2088 2113 2142 2166 in
2176 2113 2244 2166 iis
2275 2115 2459 2167 evenit
2523 2114 2615 2182 qui
2644 2115 2988 2168 sanctitatem
3021 2116 3352 2186 suscipiunt,
3390 2129 3443 2172 et
3470 2136 3531 2172 ex
3568 2135 3677 2173 non

2085 2203 2310 2259 cutibus
2344 2215 2715 2275 generantur;
2752 2208 2849 2261 sed
2890 2209 3374 2263 eonsubstantialis
3427 2211 3476 2265 ei
3520 2227 3674 2274 sane,

2086 2308 2145 2349 ut
2175 2305 2232 2352 et
2261 2295 2440 2351 Patris
2476 2313 2491 2350 :
2525 2312 2634 2351 non
2690 2299 2836 2351 enim
2886 2299 3128 2368 loquitur
3167 2315 3198 2353 a
3229 2303 3548 2370 semetipso,
3580 2305 3676 2357 sed

2085 2403 2426 2458 quwcunque
2482 2390 2774 2445 audiverit.
2827 2391 3061 2456 Quando
3113 2393 3282 2461 igitur
3325 2398 3536 2450 venerit
3564 2397 3674 2459 ille,

2087 2480 2140 2533 id
2179 2488 2262 2535 est
2317 2481 2630 2537 Paracletus
2708 2483 2946 2553 Spiritus
3000 2486 3262 2552 veritatis,
3301 2487 3518 2542 docebit
3583 2505 3676 2542 vos

2087 2588 2306 2628 omnem
2345 2575 2652 2629 veritatem.
2679 2575 3067 2632 Animadverte
3101 2594 3262 2648 quam
3302 2581 3530 2648 \igilulls
3555 2598 3680 2649 pro-

2089 2664 2322 2734 vidaque
2378 2665 2449 2719 sit
2483 2681 2610 2730 vox,
2664 2666 2788 2721 vide
2834 2669 3078 2722 nominis
3136 2670 3508 2724 sobrietatem.
3543 2672 3678 2726 Nam

2087 2772 2211 2811 cum
2249 2759 2588 2827 praedixisset
2627 2775 2795 2828 super
2827 2774 2925 2815 eos
2975 2771 3266 2815 venturum
3311 2762 3676 2827 Paraclctum,

2096 2848 2364 2916 Spiritum
2420 2850 2668 2903 veritatis
2721 2866 2845 2904 eum
2899 2851 3213 2921 appellavit,
3251 2853 3302 2906 id
3333 2865 3417 2908 est
3452 2855 3678 2923 suimet;

2089 2939 2206 3009 ipse
2243 2940 2392 2995 enim
2429 2951 2513 2995 est
2555 2929 2802 2997 veritas:
2837 2956 3024 2995 verum
3081 2952 3140 2996 ut
3177 2944 3430 3012 discipuli
3468 2947 3680 3000 scirent

2089 3047 2199 3085 non
2229 3046 2348 3085 esse
2389 3032 2632 3086 alienum
2683 3043 2738 3086 et
2781 3041 3102 3086 extraneum
3145 3033 3288 3088 illius
3335 3035 3626 3088 adventum
3664 3055 3675 3088 :

2090 3123 2186 3179 sed
2211 3123 2454 3195 seipsutn
2494 3125 2652 3178 aliter
2676 3124 3048 3178 exltibiturum
3073 3125 3381 3195 pollicetur,
3419 3126 3678 3196 Spiritum

2093 3219 2355 3282 veritatis,
2409 3219 2460 3272 id
2515 3227 2598 3272 est
2638 3218 2863 3283 suimet,
2939 3218 3278 3273 Paraclctum
3335 3230 3530 3276 vocat:
3571 3237 3679 3275 non

2089 3313 2232 3365 enim
2279 3312 2346 3365 ab
2383 3309 2654 3383 Uuigeniti
2696 3311 2936 3367 essentia
2977 3311 3192 3365 alienus
3239 3321 3462 3365 sanctus
3503 3311 3678 3382 Spiri-

2093 3413 2179 3460 tus
2213 3405 2578 3474 intelligitur:
2614 3405 2862 3472 procedit
2894 3413 3075 3458 autem
3119 3405 3446 3459 naturaliter
3473 3407 3540 3458 ab
3591 3421 3681 3467 ca,

2091 3514 2216 3554 cum
2259 3499 2397 3552 nihil
2428 3498 2572 3552 aliud
2610 3507 2808 3566 praeter
2835 3512 2959 3550 eum
2996 3496 3088 3560 sit,
3123 3496 3301 3565 quoad
3339 3495 3680 3550 identitatcm

2092 3601 2330 3656 natum};
2381 3599 2436 3644 et
2469 3590 2513 3643 si
2571 3597 2754 3654 potest
2805 3588 3032 3656 intelligi
3064 3589 3289 3658 proprio
3338 3589 3677 3644 subsistendi

2091 3684 2274 3739 modo.
2313 3701 2332 3734 ι
2373 3683 2436 3735 Et
2471 3690 2592 3750 post
2625 3681 2769 3734 alia:
2808 3698 2826 3730 ι
2855 3679 3092 3746 Quando
3128 3680 3292 3748 igitur
3333 3682 3543 3734 venerit
3567 3681 3680 3744 ille,

2091 3791 2199 3830 non
2229 3774 2481 3842 loquetur
2525 3769 2746 3840 (inquit)
2791 3784 2821 3823 a
2865 3770 3160 3837 semetipso
3197 3785 3211 3822 :
3242 3769 3342 3822 sed
3370 3783 3547 3836 neque
3580 3785 3683 3822 nu-

2091 3881 2213 3920 vam
2247 3879 2341 3918 vos
2377 3860 2592 3914 docebit
2624 3859 2929 3913 doctrinam
2959 3875 2978 3913 :
3017 3873 3129 3911 non
3156 3858 3301 3912 enim
3345 3859 3492 3926 leges
3529 3858 3678 3913 fert:

2092 3960 2184 4015 sed
2209 3956 2336 4026 quia
2372 3953 2632 4024 Spiritus,
2670 3961 2725 4007 et
2765 3951 2920 4022 quasi
2947 3967 3066 4005 mea
3103 3966 3256 4004 mens
3283 3943 3388 4014 est,
3429 3951 3683 4020 loquetur

2092 4061 2286 4108 cuncta
2332 4055 2630 4123 quaasunt
2679 4047 2732 4099 in
2792 4059 2898 4099 me.
2931 4063 2949 4097 ι
2984 4045 3049 4097 Ει
3091 4053 3218 4113 post
3247 4057 3417 4112 pauca
3446 4061 3464 4093 ι
3501 4041 3680 4108 :Quia

2093 4145 2320 4203 omnino
2346 4159 2413 4196 ex
2456 4154 2576 4195 mea
2603 4138 2840 4195 essentia
2870 4137 3108 4207 Spiritus
3137 4145 3242 4201 est,
3275 4144 3330 4189 et
3366 4135 3521 4203 quasi
3558 4149 3681 4189 mea

2097 4258 2272 4305 mens,
2305 4240 2350 4293 is
2398 4247 2626 4292 ventura
2665 4233 2849 4287 dicere
2886 4244 2992 4283 non
3056 4235 3256 4297 potest,
3311 4226 3410 4280 nisi
3457 4225 3683 4279 omnino

2097 4339 2152 4394 in
2181 4349 2266 4389 me
2301 4336 2393 4398 sit,
2428 4341 2483 4387 et
2515 4345 2609 4399 per
2641 4342 2727 4382 me
2754 4324 3035 4394 procedat.
3071 4340 3092 4371 ι
3136 4320 3312 4387 Super
3342 4319 3497 4380 illud,
3543 4335 3560 4367 ι
3590 4317 3685 4370 ILle

2099 4445 2184 4483 me
2209 4422 2559 4498 gloriﬁcabit,
2583 4420 2710 4487 quia
2734 4416 2800 4470 de
2825 4428 2949 4468 meo
2983 4409 3234 4478 accipiet,
3257 4417 3312 4460 ct
3336 4405 3686 4498 annuntialtit

2025 4501 2071 4559 υ
2099 4496 2272 4574 vobis.
2292 4535 2310 4568 ι
2341 4544 2413 4555 -
2443 4509 2744 4566 «Clariticat
2771 4519 2900 4573 ergo
2922 4501 3116 4554 Filiqu
3145 4497 3477 4561 Paracletus,
3511 4496 3560 4549 id
3576 4507 3681 4560 est,

2102 4609 2354 4681 proprius
2400 4591 2570 4672 ipsius
2622 4599 2883 4667 Spiritus,
2941 4595 3069 4661 quia
3123 4589 3564 4681 omniapotest,
3612 4595 3686 4681 Aet

2102 4679 2285 4759 omnia
2321 4699 2425 4756 scit
2457 4714 2472 4753 :
2513 4691 2795 4760 Quomodo
2828 4701 2958 4741 vero
3035 4680 3340 4738 elarilieat?
3393 4693 3513 4747 qua:
3537 4679 3683 4732 enim

2102 4798 2209 4852 scit
2245 4806 2303 4850 et
2347 4797 2526 4861 potest
2556 4788 2674 4856 ejus
2711 4781 2961 4853 spiritus,
3021 4777 3296 4846 quomodo
3348 4773 3464 4843 ipse
3493 4773 3682 4841 utique

2103 4906 2214 4945 non
2258 4883 2480 4943 sciverit
2523 4879 2605 4934 vel
2660 4874 2892 4945 poterit?
2929 4881 2983 4926 et
3023 4871 3089 4935 si,
3143 4879 3203 4924 ut
3253 4870 3368 4936 ipso
3424 4866 3577 4931 dicit,
3618 4865 3686 4918 ab

2095 5003 2162 5044 eo
2196 4981 2432 5053 Spiritus
2479 4973 2696 5040 accipit,
2737 4968 2888 5039 atqui
2926 4968 3110 5021 omnia
3146 4971 3324 5031 potest
3357 4974 3411 5016 et
3445 4961 3682 5030 perﬁcit,

2096 5075 2369 5148 quomodo
2405 5071 2522 5141 ipse
2566 5066 2676 5120 vim
2701 5075 2757 5120 et
2799 5064 2964 5116 robur
2997 5060 3048 5112 in
3083 5058 3339 5112 omnibus
3383 5069 3489 5148 non
3507 5053 3684 5148 liabe-

2096 5144 2210 5229 bit?
2233 5188 2252 5222 ι
2277 5168 2342 5222 Ει
2365 5162 2526 5235 paulo
2547 5167 2670 5231 post
2705 5174 2721 5219 ;
2751 5173 2771 5208 ‹
2801 5153 3072 5220 Quoniam
3095 5144 3573 5204 consubstantialis
3602 5150 3686 5198 est

2099 5265 2237 5321 Filio
2281 5270 2335 5316 et
2382 5274 2449 5313 ex
2502 5271 2571 5310 eo
2617 5262 2677 5309 ut
2734 5254 2900 5305 Deum
2948 5251 3105 5302 decet
3149 5243 3414 5314 procedit,
3463 5250 3685 5292 omnem

2100 5370 2254 5412 suam
2291 5354 2344 5407 in
2375 5347 2631 5404 omnibus
2676 5341 3132 5412 perfectissimam
3183 5333 3554 5405 Operationem
3594 5331 3689 5382 ba-

2117 5449 2254 5503 bens
2282 5453 2339 5499 et
2380 5444 2510 5502 vim,
2565 5440 2690 5493 ideo
2735 5437 2889 5498 dicit,
2928 5453 2944 5483 ι
2989 5435 3060 5486 De
3101 5443 3224 5485 meo
3269 5423 3520 5493 accipiet.
3547 5439 3565 5472 ι
3624 5420 3694 5474 Et

2109 5547 2234 5612 post
2265 5536 2369 5590 alia
2409 5553 2421 5587 :
2449 5546 2481 5584 ·‹
2517 5525 3006 5600 lrrepreliensibile
3045 5523 3206 5593 igitur
3237 5519 3459 5612 omnino
3479 5513 3607 5612 erit,
3641 5521 3696 5612 et

2109 5608 2264 5686 extra
2316 5641 2536 5680 omnem
2589 5620 2975 5678 contumeliam
3027 5616 3299 5686 positum,
3347 5610 3392 5666 si
3445 5612 3512 5666 ab
3565 5608 3698 5663 Uni-

2116 5721 2298 5790 genito
2349 5717 2478 5787 quid
2517 5715 2768 5783 accipere
2814 5712 3026 5764 dicatur
3075 5708 3193 5779 ejus
3238 5706 3512 5776 Spiritus;
3572 5717 3696 5757 nam

2115 5813 2184 5868 ab
2231 5825 2296 5868 eo
2355 5807 2676 5866 naturaliter
2715 5805 3056 5878 procedens,
3115 5813 3173 5860 ut
3224 5802 3341 5872 ejus
3404 5798 3694 5869 proprius,
