4004 6400
374 347 512 412 H29

1033 347 1184 410 PRO
1213 350 1423 409 (ZONC.
1472 353 1840 413 FLOilEN'i'.
1878 355 2017 412 CAP
2073 353 2117 414 i.
2164 355 2257 413 DE
2299 351 2616 414 Si’lm'i'U
2654 355 2959 416 SANCTO.

3475 354 3614 424 11-.0

368 464 768 535 προθεωρεῖτςιι
819 467 847 516 ὁ
897 463 1086 532 Πατὴρ
1137 463 1229 515 τοῦ
1292 464 1422 516 Υἱοῦ
1473 463 1552 532 τῷ
1599 463 1698 530 τῆς
1758 461 1939 520 αἰτίας

2052 460 2207 514 alium
2235 472 2413 531 potest
2438 473 2563 518 ante
2586 480 2645 518 se
2672 465 3072 518 consideratam
3103 463 3343 519 habere?
3379 463 3616 532 Spiritus

366 561 532 626 ὶόγψ.
573 558 664 608 τὸν
726 557 885 608 αὖτ“ν
930 559 1128 626 τρίπον
1165 557 1564 626 προθεωρεῖται
1605 556 1702 609 καὶ
1751 555 1778 606 6
1815 554 1942 615 Υἱὸς

365 650 460 702 τοῦ
500 651 837 716 Ιινεύματος,
877 649 956 716 τῷ
982 650 1080 715 τῆς
1111 649 1292 710 αἰτίας
1322 647 1483 714 λόγῳ.
1526 643 1697 699 Τοῦτο
1723 645 1778 697 δὲ
1807 662 1942 697 rau-

364 744 456 794 τόν
486 742 634 793 ἐστιν
670 741 864 804 εἰπεῖν,
903 739 962 792 '0
992 740 1090 807 μὲν
1121 739 1266 804 Υἰὺς,
1290 740 1352 790 ὲκ
1383 739 1477 790 τοῦ
1507 739 1718 804 Πατρδς
1749 737 1937 805 μόνου,

365 834 442 895 ὡς
475 832 640 902 μόνου
674 830 1184 901 προθεωρουμένου,
1215 829 1310 881 τοῦ
1343 829 1495 881 Υἰοῦ.
1543 827 1677 881 Τίνα
1709 827 1814 896 γὰρ
1848 827 1943 880 ἁλ-

367 923 456 975 λον
491 924 716 976 δύναται
771 921 1260 991 προθεωρούμενον
1295 920 1440 989 ἔχειν
1469 937 1485 986 ;
1516 920 1588 973 T6
1619 921 1677 972 δὲ
1717 918 1942 987 Πνεῦμα

361 1016 426 1068 τὸ
457 1017 632 1082 ἅγιον,
672 1017 734 1067 ἐκ
762 1013 855 1066 τοῦ
883 1014 1094 1083 Πατρὸς
1130 1014 1223 1065 καὶ
1257 1013 1349 1066 τοῦ
1392 1011 1549 1076 Υἰοῦ,
1580 1012 1657 1075 ὡς
1685 1013 1780 1065 τοῦ
1826 1013 1941 1063 Πα-

361 1107 492 1175 ’πρὸς
517 1103 757 1174 δηλονότι
784 1104 878 1155 καὶ
902 1103 996 1156 τοῦ
1024 1099 1178 1165 Υἰοῦ,
1202 1104 1709 1173 προθεωρουμένων
1737 1100 1906 1154 αὑτοῦ
1924 1116 1938 1130 ·

365 1202 462 1250 καὶ
495 1195 638 1249 οὕτω
671 1196 1102 1266 συμπεραίνεται
1135 1198 1352 1266 ἀληθῶς
1377 1201 1441 1250 ἐκ
1472 1197 1566 1254 τοῦ
1607 1197 1820 1268 lla-:96;
1846 1198 1943 1250 καὶ

366 1287 464 1342 τοῦ
502 1287 630 1341 Υἰοῦ
684 1289 1085 1358 ἐκπορεύεσθαι
1140 1293 1199 1342 τὺ
1235 1289 1461 1359 Πνεῦμα
1511 1289 1573 1343 τὸ
1621 1290 1802 1358 ἅγιον,
1835 1290 1941 1344 κᾶν

363 1381 497 1450 ὑμῖν
527 1383 842 1453 ἀπαρέσκῃ.
871 1381 948 1435 Τὸ
977 1382 1087 1454 γὰρ
1111 1383 1544 1453 προθεωρεῖσθαι
1575 1383 1673 1454 τὴν
1707 1384 1942 1438 ὑπόστα-

367 1491 453 1527 σιν
475 1473 569 1526 τοῦ
598 1474 828 1543 Πατρὸς,
855 1475 955 1544 τῆς
979 1473 1072 1528 τοῦ
1101 1473 1230 1528 Υἰοῦ
1255 1476 1628 1542 ὑποστάσεως,
1655 1479 1749 1530 καί
1770 1476 1943 1529 ταῦτα

365 1566 446 1636 τῷ
477 1561 573 1634 τῆς
622 1566 798 1629 αἰτίας
847 1565 1012 1636 λόγῳ,
1060 1567 1160 1636 τὴν
1205 1567 1263 1620 δὲ
1321 1568 1622 1622 ὑπόστασιν
1661 1570 1754 1622 τοῦ
1786 1567 1940 1634 Υἰοῦ,

363 1661 468 1727 ’τῆς
502 1658 594 1711 τοῦ
624 1658 942 1727 Πνεύματος
968 1659 1316 1719 ὑποστάσεως
1347 1659 1422 1729 τῷ
1444 1660 1543 1728 τῆς
1572 1660 1751 1722 αἰτίας
1775 1661 1940 1730 λόγῳ,

367 1751 521 1804 οὐδὲν
551 1751 678 1804 ἄλλο
710 1750 882 1820 δηλοῖ,
912 1749 942 1818 ἢ
970 1753 998 1802 6
1029 1747 1218 1820 Πατὴρ
1254 1751 1414 1818 μόνος
1439 1742 1611 1814 α’ἴτιος
1642 1751 1735 1804 τοῦ
1770 1750 1899 1804 Υἰοῦ
1927 1767 1941 1780 ⁸

365 1843 399 1895 ὸ
419 1842 474 1894 ει
504 1842 631 1905 Υἰδς
664 1842 817 1912 παρὰ
854 1841 947 1894 τοῦ
978 1842 1192 1910 Πατρὸς
1222 1844 1315 1894 καὶ
1343 1843 1504 1895 τοῦτο
1534 1841 1716 1896 λαϐὼν
1744 1843 1818 1906 ὡς
1848 1843 1946 1895 καὶ

367 1933 534 1987 τᾶλλα
589 1933 798 2001 φυσικὰ
834 1932 1017 2000 ἀγαθὰ
1062 1932 1246 1998 αὑτοῦ,
1291 1935 1386 1987 καὶ
1430 1935 1594 1996 αὑτὸς
1631 1936 1803 1998 αἴτιος
1848 1933 1942 1986 τοῦ

369 2023 526 2091 ἁγίου
575 2023 910 2094 Πνεύματος.
951 2026 1060 2079 Καὶ
1103 2026 1279 2088 οὕτως
1315 2028 1342 2078 6
1385 2026 1572 2096 Πατὴρ
1603 2027 1696 2078 καὶ⁹
1730 2027 1757 2078 6
1791 2027 1941 2092 Υἱὸς,

367 2115 541 2182 ἄμφω
575 2115 669 2184 μία
699 2114 850 2170 αἰτία
878 2111 980 2184 τῆς
1009 2114 1101 2168 τοῦ
1139 2113 1299 2183 ἁγίου
1336 2116 1648 2184 Πνεῦματος
1678 2116 1944 2187 ἐκπορεύ-

372 2224 533 2270 σεως.
567 2210 664 2282 Διὶ
709 2205 868 2262 τοῦτο
899 2208 990 2261 καί
1021 2209 1051 2262 6
1087 2210 1240 2276 ἅγιος
1283 2205 1438 2271 οὗτός
1468 2225 1654 2278 φησιν,
1705 2209 1794 2272 Ὠς
1836 2209 1945 2281 γὰρ

373 2297 705 2352 συνάπτεται
739 2298 818 2372 τῷ
866 2298 1044 2370 Πατρὶ
1074 2301 1101 2355 6
1136 2301 1286 2364 Υἱὸς,
1329 2301 1473 2354 κατὰ
1520 2300 1612 2353 τὸν
1640 2304 1737 2369 τῆς
1765 2301 1948 2364 αἰτίας

368 2388 552 2462 λόγον,
583 2393 796 2465 ἐπινοίᾳ
831 2394 926 2447 καὶ
961 2395 1100 2466 μόνῃ
1125 2393 1615 2464 προθεωρουμένου
1651 2395 1749 2463 τῆς
1780 2392 1944 2448 αὑτοῦ

375 2485 758 2547 ὑποστάσεως·
811 2487 900 2538 καὶ
954 2485 1129 2550 οὕτως
1189 2485 1532 2555 ἀληθεύομεν
1582 2484 1833 2555 λέγοντες
1886 2485 1948 2538 τὸ

373 2565 601 2648 Πνεῦμα
638 2579 730 2631 καὶ
768 2579 829 2632 ἐκ
862 2576 957 2630 τοῦ
1015 2579 1165 2632 Υἱοῦ.
1223 2580 1310 2633 Ἐν
1356 2579 1412 2631 δὲ
1448 2580 1562 2642 τοῖς
1619 2581 1947 2648 πρακτικοῖς

371 2673 472 2739 τῆς
504 2671 722 2740 πρώτης
753 2669 1002 2733 συνόδου,
1038 2670 1252 2738 εἴρηται
1287 2668 1386 2739 μὲν
1416 2670 1476 2721 τδ
1526 2668 1752 2733 Πνεῦμα
1782 2670 1949 2722 ἔκπο-

375 2762 670 2833 ρευόμενον
721 2765 784 2815 ἐκ
815 2759 909 2814 τοῦ
960 2761 1190 2832 Πατρος,
1233 2761 1362 2814 ίδιον
1407 2760 1461 2814 δὲ
1495 2761 1587 2814 τοῦ
1642 2761 1774 2814 Υξοῦ
1808 2763 1946 2825 ἐστι,

373 2855 470 2906 καὶ
502 2854 558 2917 ἒξ
581 2851 744 2906 αὑτοῦ
767 2852 1088 2916 ἀναϐλύζον.
1127 2853 1393 2917 Ἀκούεις,
1435 2853 1526 2916 Ἐξ
1548 2853 1735 2915 αὑτοῦ,
1761 2854 1946 2921 φησὶν,

376 2946 706 3010 amatam,
739 2947 814 3007 ὡς
843 2946 953 2998 ἀπὸ
983 2945 1166 3015 πηγῆς
1193 2945 1440 3016 δηὶονύτι
1466 2945 1568 3015 τῆς
1597 2945 1950 3008 ὑποστάσεως

371 3039 467 3092 τοῦ
509 3039 658 3100 Υξοῦ,
707 3037 801 3091 καὶ
833 3038 916 3090 ὅτι
951 3036 1081 3091 ῐδιον
1112 3036 1278 3089 αὑτοῦ
1310 3039 1447 3089 ἐστι.
1493 3037 1558 3088 Τί
1597 3035 1789 3108 δηλοῦν
1825 3036 1952 3107 βού-

2046 564 2230 606 autem
2268 567 2490 608 sanctus
2521 573 2582 608 ex
2620 555 2783 609 Patre
2839 567 2891 608 ct
2925 556 3090 620 quo;
3139 557 3294 624 quasi
3353 556 3508 608 Pater
3539 555 3618 606 vi—

2047 645 2245 699 delicet
2291 656 2344 700 et
2401 647 2569 700 Filius
2622 658 2748 700 ante
2779 664 2902 700 eum
2933 648 3374 702 considerantur.
3428 645 3617 714 Itaque
3666 708 3669 711 τ

2047 753 2176 789 vero
2229 738 2619 802 concluditur,
2674 754 2738 792 ex
2798 740 2956 794 Patre
3017 749 3071 793 et
3123 738 3260 792 Filio
3320 739 3618 807 procedere

2047 830 2312 899 Spiritum
2364 842 2638 892 sanctum.
2673 833 2886 885 etiamsi
2929 831 3084 886 vobis
3118 831 3449 900 displiceat:
3493 846 3618 882 nam

2047 937 2334 991 personam
2382 922 2557 976 Patris
2607 931 2732 977 ante
2755 923 2872 977 Filii
2922 937 3210 991 personam
3247 920 3620 980 considerari,
3703 979 3706 982 ,

2045 1014 2208 1084 idque
2259 1030 2440 1070 causae
2484 1016 2732 1076 ratione;
2793 1029 3086 1082 personam
3129 1027 3259 1066 vero
3310 1011 3430 1065 Filii
3493 1019 3620 1062 ante

2045 1125 2336 1179 personam
2396 1109 2635 1178 Spiritus
2693 1107 2867 1162 sancti
2921 1107 3132 1161 ratione
3161 1120 3381 1176 quoque
3413 1119 3613 1165 causzr,

2046 1201 2179 1254 nihil
2207 1200 2352 1254 aliud
2385 1200 2624 1254 ostendit
2656 1215 2820 1269 quam
2862 1200 3008 1270 quod
3053 1199 3202 1254 solus
3243 1197 3404 1252 Pater
3455 1212 3620 1251 causa

2046 1293 2166 1348 Filii
2201 1302 2306 1358 est,
2354 1295 2521 1349 Filius
2543 1294 2804 1349 autemid
2856 1309 2886 1348 a
2931 1295 3088 1348 Patre
3132 1293 3410 1363 accipiens
3453 1292 3623 1362 (sicut

2045 1386 2148 1439 alia
2190 1387 2458 1440 naturalia
2495 1390 2635 1441 bona
2664 1387 2808 1456 ejus)
2848 1396 2903 1441 et
2935 1386 3049 1454 ipse
3072 1401 3237 1442 causa
3265 1395 3348 1440 est
3380 1384 3623 1454 Spiritus

2046 1475 2218 1528 sancti
2256 1493 2270 1526 :
2323 1475 2507 1544 itaque
2551 1473 2715 1530 Pater
2755 1486 2812 1531 et
2855 1475 3029 1530 Filius
3077 1473 3241 1528 ambo
3293 1488 3400 1528 una
3457 1488 3624 1528 causa

2047 1571 2413 1638 processionis
2465 1571 2703 1641 Spiritus
2744 1571 2944 1626 sancti.
3004 1571 3217 1625 Idcirco
3258 1570 3498 1625 Sanctus
3535 1566 3625 1624 hic

2046 1661 2178 1716 dicit
2224 1680 2238 1715 :
2274 1662 2745 1726 Quemadmodum
2766 1662 3016 1733 jungitur
3037 1661 3185 1716 Patri
3218 1661 3392 1716 Filius
3421 1676 3624 1716 secun-

2047 1755 2177 1809 dant
2212 1770 2390 1810 causa:
2421 1755 2707 1820 rationem,
2738 1756 2856 1810 solo
2910 1756 3189 1810 intellectu
3240 1770 3476 1825 persona
3505 1755 3627 1822 ejus

2049 1857 2208 1903 antea
2245 1847 2591 1902 considerata
2618 1890 2632 1912 ,
2665 1848 2744 1902 sic
2775 1862 2965 1900 verum
3001 1847 3257 1908 dicimus,
3312 1863 3436 1901 cum
3483 1845 3626 1900 dici-

2050 1956 2171 1994 mus
2207 1940 2469 2009 Spiritum
2519 1955 2641 1996 esse
2674 1955 2739 1994 cx
2773 1939 2933 1994 Filio.
2985 1940 3043 1994 lu
3099 1939 3252 1994 Actis
3283 1954 3411 1992 vero
3438 1938 3630 2008 prima;

2049 2034 2238 2102 synodi
2291 2035 2556 2103 scriptum
2613 2043 2720 2096 est,
2781 2032 3044 2103 Spiritum
3082 2043 3334 2087 sanctum
3373 2047 3438 2086 cx
3470 2033 3628 2086 Patre

2049 2125 2365 2194 procedere,
2397 2123 2679 2193 proprium
2716 2133 2898 2177 autem
2945 2138 3071 2176 eum
3126 2137 3250 2176 esse
3295 2123 3436 2184 Filii,
3471 2131 3526 2176 et
3562 2123 3632 2175 ab

2048 2233 2116 2272 eo
2145 2217 2433 2272 seaturire.
2471 2216 2682 2270 Audis?
2721 2215 2800 2270 Ab
2839 2229 2905 2269 eo
2947 2214 3124 2284 inquit
3177 2215 3469 2276 scaturire,
3507 2225 3630 2267 tan-

2048 2327 2210 2380 quam
2243 2306 2478 2371 afonte';
2509 2308 2848 2364 videlicetex
2882 2307 3000 2378 ejus
3030 2322 3282 2376 persona,
3317 2307 3630 2376 propriqu—

2047 2417 2154 2472 que
2187 2402 2305 2470 ejus
2325 2416 2468 2462 esse,
2490 2401 2620 2470 quid
2641 2399 2910 2471 signiﬁcet
2929 2398 3367 2459 consideremus.
3403 2399 3629 2458 fratres.

2053 2509 2227 2564 neque
2277 2494 2597 2547 doctoribus
2667 2507 2974 2562 repugnare
3032 2492 3287 2546 velimus.
3366 2491 3520 2556 Quod
3584 2494 3630 2545 si

2049 2589 2252 2643 dixerit
2293 2588 2437 2656 quis,
2481 2585 2761 2658 proprium
2793 2601 2918 2640 eum
2953 2600 3076 2640 esse
3103 2584 3222 2638 Filii
3252 2593 3477 2654 propter
3499 2600 3632 2639 con-

2053 2677 2598 2737 suhstantialitatem,
2623 2683 2839 2745 reputet
2863 2675 3006 2743 quod
3025 2676 3190 2729 etiam
3216 2674 3388 2730 Filius
3414 2675 3632 2730 dicere-

2053 2783 2141 2825 tur
2165 2771 2336 2838 ipsius
2360 2767 2614 2837 Spiritus,
2633 2768 2936 2822 secundum
2957 2766 3584 2821 consubstantialitatem
3617 2785 3631 2818 :

2052 2863 2145 2916 scd
2180 2861 2231 2915 id
2275 2861 2353 2914 vel
2387 2861 2626 2928 cogitatu
2663 2869 2872 2912 tantum
2903 2867 2987 2913 est
3011 2857 3332 2912 absurdum.
3369 2856 3634 2912 Doctores

2050 2953 2286 3008 dicunt:
2324 2951 2494 3005 Filius
2533 2966 2712 3020 neque
2772 2949 2945 3019 ipsius
2997 2946 3234 3018 Spiritus
3283 2958 3390 3012 est,
3454 2965 3634 3018 neque

2052 3047 2254 3101 dicitur
2284 3063 2297 3099 :
2323 3044 2565 3115 Spiritus
2588 3043 2732 3104 Filii,
2769 3041 3028 3097 maxime.
3051 3042 3120 3094 At
3143 3040 3382 3110 Cyrillus
3401 3039 3605 3094 Alexau

372 3131 527 3184 λεται
573 3131 942 3199 ἐννοήσωμεν,
974 3129 1214 3196 ἀδελφοὶ,
1251 3129 1344 3181 καὶ
1376 3127 1452 3198 μὴ
1503 3127 1823 3196 θελήσωμεν
1852 3128 1947 3180 οιν-

2055 3140 2342 3195 drinorum
2376 3137 2621 3208 pontifex
2662 3137 2714 3191 in
2747 3135 2982 3205 epistola
3041 3133 3110 3189 ad
3141 3133 3477 3194 Nestorium,
3516 3149 3638 3203 qua:

373 3221 652 3293 τικρούειν
696 3224 808 3284 τοῖς
863 3221 1244 3282 διδασκάλοις·
1293 3222 1340 3272 εἰ
1394 3220 1492 3288 μὲν
1538 3220 1668 3289 εἴπῃ
1725 3236 1831 3281 τις,
1868 3221 1949 3272 ὅτι

375 3317 509 3369 ἴδιον
560 3317 780 3382 λέγεται
825 3314 920 3367 τοῦ
979 3311 1134 3378 Υἱοῦ,
1168 3311 1256 3366 διὰ
1282 3311 1341 3364 τὸ
1381 3309 1687 3380 όμοούσιον,
1713 3311 1951 3379 ἐνθυμη-

373 3409 546 3477 θήτω,
574 3409 655 3460 ὅτι
682 3407 898 3474 ἐλέγετο
920 3408 983 3460 ἂν
1014 3410 1110 3458 κοιλ⁹
1137 3408 1163 3458 6
1194 3405 1318 3467 Υίὺς
1341 3403 1432 3457 τοῦ
1466 3403 1784 3473 Πνεῦματος
1809 3403 1951 3456 κατὰ

369 3501 434 3552 τὸ
463 3501 783 3568 ὁμοούσιονο
819 3499 938 3552 ἀλλ’
968 3499 1172 3552 ἄτοπον
1205 3515 1362 3551 τουτο
1393 3499 1486 3550 καὶ
1524 3498 1724 3548 ἐννοεῖν
1765 3496 1948 3563 μόνον.

371 3593 438 3646 οἰ
469 3591 783 3645 διδάσκει).οι
814 3592 1068 3658 λέγουσιν
1107 3592 1190 3643 ὅτι
1219 3592 1246 3642 6
1276 3589 1422 3654 Υἱὸς,
1459 3589 1554 3642 τοῦ
1606 3589 1948 3657 Πνεύματος,

371 3684 498 3736 οὗτε
527 3683 833 3749 totis/ﬁbra
857 3683 1094 3750 λέγεται’
1130 3683 1190 3735 τὸ
1219 3683 1274 3735 δὲ
1304 3681 1526 3750 Πνεῦμα
1551 3680 1644 3734 τοῦ
1671 3681 1831 3744 Υἰοῦ,
1862 3681 1953 3732 καὶ

377 3780 546 3850 μάλα.
599 3780 656 3831 ’0
717 3779 773 3831 δὲ
804 3778 1070 3848 Κύριλλος
1104 3778 1133 3830 6
1175 3779 1272 3846 τῆς
1319 3774 1713 3845 Ἀλεξανδρέων
1763 3775 1954 3844 ἀρχιε-

376 3877 528 3944 ρεὺς,
560 3876 617 3924 ἐν
655 3876 719 3942 τῇ
765 3872 901 3941 πρὸς
948 3871 1244 3941 Νεστόριον
1278 3869 1559 3938 ἐπιστολῇ.
1603 3861 1670 3938 ἧς
1719 3868 1752 3936 ἡ
1787 3866 1952 3936 ἀρχὴ.

389 3982 413 4018 ι
444 3965 550 4019 Τοῦ
585 3967 838 4036 Σωτῆρος
891 3965 1048 4036 ἡμῶν
1097 3963 1342 4034 ἐναργῶς
1387 3962 1660 4029 λέγοντος.
1699 3961 1758 4016 '0
1785 3959 1956 4028 φιλῶν

382 4063 587 4129 πατέρα
633 4061 665 4130 ἢ
741 4060 955 4129 μητέρα
1017 4058 1158 4127 ὑπὲρ
1208 4057 1345 4128 ἐμὲ,
1382 4073 1401 4108 ι
1439 4057 1640 4126 φησιν·
1682 4073 1702 4106 ι
1747 4056 1808 4108 Εἰ
1863 4057 1957 4110 καὶ

375 4153 524 4207 ἔστιν
557 4157 614 4206 ἐν
647 4153 945 4206 ὑποστάσει
974 4151 1035 4204 τδ
1063 4150 1290 4220 Πνεῦμα
1321 4150 1490 4220 ἰδικῇ.
1525 4148 1622 4201 καὶ
1648 4148 1711 4218 δὴ
1737 4149 1957 4212 ,νοεῖται

377 4248 499 4300 καθ’
533 4248 665 4302 αὑτὸ
690 4246 826 4299 καθὸ
861 4244 1088 4315 Πνεῦμά
1110 4245 1250 4305 ἐστι,
1282 4243 1376 4296 καὶ
1405 4243 1505 4312 οὑχ
1537 4242 1684 4306 Υἱὸς,
1717 4242 1834 4294 ἀλλ’
1863 4237 1958 4295 οὖν

375 4342 526 4391 ἔστιν
557 4339 656 4393 οὑκ
703 4337 989 4407 ἀλλότριον
1024 4335 1189 4388 αὑτοῦ
1217 4351 1231 4366 ο
1266 4333 1490 4404 Πνεῦμα
1537 4334 1644 4402 γὰρ
1695 4334 1956 4402 ἀληθείας

371 4429 731 4500 ὠνόμασται·
759 4432 854 4483 καὶ
893 4428 1008 4481 ἔστι
1047 4429 1282 4498 Χριστος
1321 4430 1355 4498 ἡ
1387 4428 1654 4496 ἀλήθεια·
1696 4429 1793 4480 καὶ
1823 4443 1955 4496 προσ

2054 3231 2297 3301 incipit:
2336 3248 2353 3282 ι
2393 3230 2528 3282 Cum
2587 3227 2836 3282 Salvator
2884 3233 3080 3280 noster
3130 3226 3421 3280 manifeste
3468 3225 3638 3286 dicat,

2055 3324 2159 3388 Qui
2199 3332 2346 3377 amat
2395 3321 2610 3376 Patrem
2644 3321 2728 3375 vel
2771 3329 3016 3377 matrem.
3041 3318 3161 3388 plus
3187 3333 3348 3387 quam
3395 3332 3483 3372 me
3508 3317 3576 3380 ⁸-³,
3613 3338 3632 3369 ι

2057 3411 2275 3480 inquit:
2313 3427 2333 3460 ι
2375 3410 2442 3464 Et
2475 3410 2517 3463 si
2556 3410 2793 3477 Spiritus
2827 3409 2880 3462 in
2918 3407 3198 3477 hypostasi
3247 3415 3333 3462 est
3373 3407 3630 3477 propria;

2058 3503 2379 3571 intelligitur
2407 3519 2626 3572 quoque
2670 3517 2764 3570 per
2805 3516 2886 3564 se,
2921 3516 3192 3569 quatenus
3248 3500 3486 3571 Spiritus
3532 3509 3640 3560 est,

2055 3612 2165 3650 non
2201 3594 2390 3658 Filius,
2444 3610 2553 3648 non
2587 3602 2768 3645 tamen
2818 3594 2888 3646 ab
2938 3607 3004 3646 eo
3038 3592 3279 3646 alienum
3338 3602 3424 3645 est
3459 3609 3473 3646 :
3509 3607 3636 3645 nam

2057 3687 2296 3756 Spiritus
2325 3686 2576 3738 veritatis
2607 3685 2953 3748 nominatur;
3000 3692 3055 3736 et
3097 3683 3350 3737 Christus
3377 3690 3462 3736 est
3493 3683 3640 3735 veri-

2059 3789 2160 3840 tas.
2209 3786 2264 3832 et
2313 3777 2381 3831 ab
2446 3791 2515 3831 eo
2579 3775 2821 3845 proﬂuit,
2876 3773 3340 3844 quemadmodum
3381 3774 3574 3842 utique
3605 3792 3634 3824 ει

2060 3872 2169 3925 Deo
2209 3880 2265 3926 et
2314 3871 2492 3925 Patre.
2535 3888 2553 3920 ι
2595 3869 2784 3931 Audis,
2847 3867 3086 3938 proﬂuit,
3134 3866 3335 3935 inquit,
3365 3865 3637 3935 quemad-

2059 3966 2282 4019 modum
2313 3972 2368 4018 et
2400 3980 2427 4016 a
2458 3962 2639 4018 Patre.
2665 3961 2793 4026 Sed,
2834 3980 2851 4013 ι
2891 3959 3133 4031 proﬂuit,
3168 3978 3186 4010 ι
3253 3959 3449 4029 inquit,
3500 3959 3641 4014 dixit

2060 4066 2306 4118 sanctus,
2361 4071 2494 4121 non,
2544 4075 2563 4106 ι
2600 4055 2870 4126 procedit.
2911 4074 2929 4107 ι
2985 4053 3098 4108 Nos
3149 4067 3279 4108 vero
3318 4053 3501 4109 statim
3554 4052 3641 4108 eis

2062 4150 2482 4222 respondemus,
2511 4149 2657 4219 quod
2707 4148 2854 4203 idem
2904 4147 3166 4214 magister
3223 4147 3478 4216 explanat
3509 4146 3642 4216 quid

2059 4244 2334 4317 proﬂuere
2364 4244 2612 4306 denotet,
2663 4241 2968 4297 secundum
3010 4241 3131 4310 ejus
3175 4254 3396 4295 sensum
3441 4239 3493 4292 in
3532 4237 3644 4292 Ex-

2061 4337 2336 4407 positione
2353 4335 2524 4390 divini
2554 4333 2823 4404 Symboli,
2855 4333 2947 4388 ubi
2986 4331 3123 4386 dicit
3157 4349 3169 4384 :
3205 4350 3225 4382 ι
3265 4330 3536 4392 Perfecto,
3573 4331 3642 4385 de

2059 4430 2281 4484 Christo
2308 4437 2542 4483 tractatu
2559 4424 2858 4481 beatissimi
2894 4424 3086 4478 Patres
3113 4424 3182 4478 de
3211 4423 3422 4493 Spiritu
3449 4434 3644 4477 saneto

371 4523 552 4593 χεῖται
587 4521 720 4592 παρ’
755 4521 942 4584 αὑτοῦ,
973 4519 1227 4590 καθάπερ
1259 4521 1451 4588 ἀμέλει
1479 4521 1574 4574 καὶ
1603 4521 1668 4572 ὲκ
1697 4520 1789 4573 τοῦ
1817 4519 1947 4573 Θεοῦ

2063 4522 2402 4576 mentionem
2437 4519 2644 4574 faciunt
2677 4535 2693 4573 :
2726 4533 2851 4571 nam
2870 4516 3096 4572 credere
3126 4515 3179 4568 in
3216 4529 3342 4569 eum
3362 4515 3643 4576 dixerunt,

374 4616 469 4668 καὶ
500 4614 732 4685 Πατρός.
773 4634 808 4672 ι.
849 4613 1117 4675 Ἀκούεις,
1156 4616 1462 4682 προχεῖται,
1511 4615 1666 4681 φησί,
1701 4612 1954 4681 καθάπερ

373 4708 472 4762 καὶ
501 4709 564 4761 ὲκ
593 4704 688 4761 τοῦ
724 4708 937 4777 Πατρός
959 4723 972 4736 ⁸
1009 4706 1146 4761 ἀλλὰ
1177 4709 1486 4776 προχεῖται,
1535 4707 1723 4774 φησὶν,
1751 4701 1904 4758 εἶπεν
1927 4708 1956 4759 6

371 4800 553 4869 ἅγιος,
595 4801 698 4855 οὑκ
749 4801 1140 4870 ἐκπορεύεται.
1179 4800 1374 4868 Ἡμεῖς
1418 4799 1474 4851 δὲ
1525 4799 1717 4852 θᾶττον
1769 4801 1953 4862 αὑτοῖς

369 4891 818 4962 ἀπολογούμεθα,
857 4893 938 4944 ὃτι
973 4892 1002 4944 6
1029 4889 1192 4953 αὑτὸς
1233 4889 1554 4951 διδάσκαλος
1596 4891 1874 4958 ἐξηγεῖται
1899 4893 1952 4945 τί

369 4985 435 5035 τὸ
474 4985 758 5052 προχεῖται
793 4981 1046 5052 βούλεται
1078 4981 1220 5035 κατὰ
1263 4981 1352 5034 τὸν
1399 4980 1568 5035 αὑτοῦ
1603 4981 1752 5047 νοῦν,
1789 4985 1846 5037 ὲν
1875 4987 1942 5055 τῇ

368 5072 632 5142 ἐξηγήσει
661 5070 756 5126 τοῦ
790 5073 935 5126 θείου
973 5071 1276 5139 Συμϐόλου,
1308 5071 1436 5126 ἔνθα
1464 5073 1598 5142 φησι
1619 5089 1632 5103 ·
1672 5091 1692 5124 ι
1735 5077 1942 5128 Διαπεο

370 5165 630 5238 ράναντες
654 5167 711 5219 δὲ
743 5171 833 5219 τὸν
863 5169 990 5234 περὶ
1021 5165 1262 5235 Χριστοῦ
1288 5165 1445 5234 λόγον
1471 5167 1520 5219 οἰ
1551 5169 1946 5238 τρισμακάριοι

368 5262 638 5328 Πατιρις,
671 5260 762 5312 τὸν
803 5258 898 5312 τοῦ
949 5259 1108 5324 ἁγίου
1141 5257 1480 5327 ,Πνεύματος
1541 5261 1949 5330 διαμνημονεύ-

363 5367 529 5406 ουσι·
589 5352 868 5404 πιστεύειν
921 5355 1030 5424 γὰρ
1085 5352 1299 5421 ἔφασαν
1349 5355 1429 5416 εἰς
1480 5353 1636 5417 αὐτὸ,
1696 5355 1948 5426 καθάπερ

364 5442 561 5512 ἀμέλει
601 5444 678 5504 εἰς
707 5445 797 5495 τὸν
827 5445 1048 5512 Πατέρα
1079 5444 1172 5494 καὶ
1201 5444 1291 5494 τὸν
1322 5441 1472 5507 Υἰὺν,
1522 5443 1812 5511 ὀμοούσιον
1839 5447 1949 5515 γάρ

364 5537 516 5587 ἑστν
549 5535 753 5596 αὑτοῖς.
791 5534 902 5588 Καὶ
939 5538 1228 5605 προχεῖται
1263 5536 1386 5604 μὲν,
1440 5537 1612 5607 ἤγουν
1649 5541 1948 5608 ἐκπορεύε-

361 5642 456 5682 ται
497 5627 758 5698 καθάπερ
791 5629 898 5681 ἀπὸ
953 5629 1161 5698 πηγῆς,
1211 5629 1308 5681 τοῦ
1357 5630 1494 5684 θεοῦ
1527 5631 1625 5686 καὶ
1681 5633 1900 5704 Πατρός
1928 5649 1942 5665 ·

477 5809 517 5839 ⁸⁸
548 5805 736 5861 Matth.
785 5822 840 5871 x,
885 5805 976 5860 37.
1087 5807 1129 5838 ¹³
1173 5805 1337 5865 Joan.
1386 5824 1478 5875 xx,
1527 5810 1621 5864 2‘2.
1689 5887 1694 5892 δ

699 5898 977 5965 Parant.
1025 5904 1141 5966 Gn.
1195 5903 1407 5966 CLIX.

2060 4611 2524 4683 quemadmodum
2579 4626 2712 4665 sane
2768 4607 2823 4662 in
2876 4607 3093 4660 Patrem
3159 4614 3216 4660 et
3263 4605 3642 4673 Filium,quia

2059 4705 2546 4762 consubstantialis
2599 4702 2680 4757 eis
2724 4708 2828 4764 est,
2884 4707 2939 4754 et
2987 4697 3208 4768 proﬂuit
3254 4712 3409 4760 sane,
3459 4697 3511 4750 id
3561 4708 3647 4752 est

2059 4799 2329 4870 procedit,
2363 4796 2533 4852 veluti
2571 4811 2600 4847 a
2641 4793 2814 4858 fonte,
2841 4807 2909 4846 ex
2961 4789 3072 4845 Deo
3104 4801 3159 4843 et
3194 4789 3386 4853 Patre;
3430 4807 3447 4838 ι
3485 4789 3648 4842 exhi-

2063 4895 2224 4948 betur
2257 4907 2386 4945 rero
2431 4899 2699 4944 creaturae
2753 4899 2849 4954 per
2905 4881 3127 4936 Filium.
3172 4880 3470 4936 lnsuﬂlavit
3517 4895 3647 4948 ergo

2059 5005 2120 5056 in
2174 4987 2326 5056 ipsos
2378 4982 2678 5052 apostolos,
2741 4979 2930 5034 dicens
2969 4994 2983 5032 :
3029 4994 3049 5027 ι
3087 4975 3334 5045 Accipite
3384 4973 3647 5044 Spiritum

2059 5089 2312 5137 sanctum
2339 5077 2406 5130 ".
2445 5095 2462 5127 ι
2511 5074 2588 5128 Ex
2633 5075 2763 5137 Deo,
2799 5079 2856 5126 et
2879 5069 3045 5132 Deus,
3083 5067 3320 5138 Spiritus
3346 5077 3449 5130 est,
3488 5081 3588 5120 nec
3613 5085 3644 5119 ει

2056 5183 2386 5243 quacunque
2417 5179 2676 5237 suprema
2731 5162 3043 5217 substantia.
3091 5160 3340 5220 alienus;
3388 5160 3483 5211 sed
3522 5175 3539 5207 ι
3579 5173 3646 5212 ex

2053 5286 2141 5333 ea,
2175 5276 2230 5321 et
2273 5266 2330 5319 in
2385 5278 2474 5328 ea,
2527 5269 2584 5315 et
2629 5256 2884 5327 proprius
2932 5257 3073 5322 ejus.
3105 5272 3123 5304 ι
3174 5252 3298 5306 Haec
3347 5253 3510 5321 igitur
3563 5258 3652 5302 est

2053 5368 2369 5419 sanctorum
2411 5355 2634 5410 Patrum
2690 5359 2840 5406 recta
2872 5356 2930 5403 et
2977 5347 3206 5402 minime
3259 5359 3456 5399 errans
3513 5343 3650 5397 ﬁdes

2057 5456 2176 5512 sive
2227 5449 2351 5506 ﬂdei
2402 5445 2699 5505 confessio.
2731 5461 2750 5496 ι
2780 5443 2948 5499 Vides
2979 5440 3112 5511 quid
3157 5437 3426 5509 proﬂuere
3475 5435 3647 5507 signi-

2054 5547 2179 5603 ticet
2238 5543 2544 5600 secundum
2605 5545 2857 5594 sanctum
2904 5533 3200 5606 Cyrillum,
3262 5540 3319 5585 et
3381 5529 3515 5600 quid
3568 5537 3656 5584 est

2060 5636 2333 5708 proﬂuere
2386 5642 2439 5690 et
2495 5630 2828 5704 procedere?
2877 5629 2999 5696 Quo
3050 5635 3213 5698 pacto
3274 5638 3374 5679 vos
3423 5621 3656 5679 cmnino

3174 5895 3249 5957 36
