4004 6414
427 331 570 394 M39

1591 334 1908 394 JOSEPHI
1941 335 1993 392 M
2006 335 2499 396 ETHONENSIS‘

3536 345 3654 410 liii}

423 446 529 501 lius
576 459 730 500 meus
767 442 1041 512 dilectus,
1094 446 1151 500 in
1193 462 1304 515 quo
1345 448 1475 501 mihi
1517 448 1824 515 complacui
1861 449 1926 498 ¹⁹.
1976 465 1993 495 ι

2108 448 2258 518 τρῴα
2287 448 2496 502 ἄνωθεν
2531 449 2908 521 μαρτυροῦσα,
2947 471 2966 502 ι
3002 451 3172 516 Οὗτός
3195 453 3341 507 ὶττιν
3364 457 3390 508 ὁ
3423 456 3533 519 Υἱός
3557 478 3646 527 μου

424 537 506 593 Ad
541 539 663 601 hos,
693 538 790 606 qui
819 535 1016 592 divinae
1045 537 1302 592 Ecclesia:
1339 537 1598 605 dogmata
1637 539 1968 602 subvertunt
1992 578 2006 599 ,

424 639 478 684 et
512 628 924 699 Scripturarum
959 629 1346 684 rectitudinem
1376 640 1696 698 pervertunt
1724 667 1740 693 ,
1775 645 2006 698 respon-

426 721 664 776 dendum
692 721 948 776 cristimo
979 736 992 774 :
1029 719 1360 775 Ebrietatem
1388 721 1646 776 discntite
1670 737 1851 790 pravae
1877 738 2004 774 sua-

427 812 615 877 sionis,
659 824 713 867 et
749 811 1005 875 malitiae,
1042 795 1308 867 facientes
1341 813 1624 868 hominem
1657 813 2009 868 circumscri-

428 917 579 970 ptum
604 918 754 970 eum,
776 904 871 973 qui
907 911 990 959 est
1010 903 1329 960 indeiinitus
1373 912 1430 959 et
1455 904 1962 973 incircumscriptus
1988 921 2004 969 ;

432 1004 488 1048 ut
519 994 864 1064 splendidum
887 996 1136 1052 veritatis
1166 995 1348 1050 lumen
1379 995 1808 1064 circumspicere
1830 995 2011 1048 valea-

431 1091 520 1156 tis,
550 1099 604 1143 et
634 1087 922 1144 nobiseum
963 1088 1031 1144 ad
1062 1087 1356 1144 Dominum
1397 1089 1658 1152 clamare,
1693 1109 1711 1140 ι
1750 1088 1892 1144 Vere
1921 1087 2008 1140 Fi-

426 1182 538 1234 lius
571 1179 666 1235 Dei
699 1195 794 1246 es;
837 1199 858 1232 ι
906 1190 963 1236 et.
1009 1181 1191 1235 omnia
1242 1196 1587 1252 qumcunque
1639 1181 1802 1236 habet
1845 1182 2009 1236 Pater

427 1285 574 1335 tuus,
605 1280 666 1325 ut
691 1271 857 1333 Deus,
894 1282 949 1326 et
981 1281 1034 1324 tu
1068 1271 1277 1326 habes:
1317 1282 1516 1340 tuaque
1543 1271 1729 1325 divina
1766 1269 2007 1341 potentia

425 1373 623 1418 murteta
653 1361 1066 1430 complecteris,
1099 1377 1163 1416 ac
1198 1371 1304 1416 tua:
1350 1363 1541 1418 matris
1587 1361 2004 1424 intercessione,

429 1459 702 1530 placidum
741 1459 1005 1530 Spiritum
1065 1457 1225 1514 nobis
1279 1457 1501 1524 reddis,
1552 1456 1644 1526 qui
1703 1455 2004 1512 bonitatem

425 1550 825 1614 communicat,
861 1560 916 1604 et
948 1569 966 1602 ι
1002 1565 1074 1625 ex
1121 1548 1282 1604 Patre
1325 1562 1422 1618 per
1467 1557 1519 1601 te
1556 1563 1575 1596 ι
1619 1541 1884 1614 procedit.
1942 1541 2008 1596 Et

428 1655 618 1696 rursus
645 1657 772 1698 cum
810 1641 887 1696 sis
915 1640 1448 1708 incircumscriptus,
1477 1637 1550 1692 mi
1606 1634 1740 1690 .lcsu
1797 1643 1852 1689 et
1899 1633 2006 1687 Do-

2112 543 2139 592 6
2163 541 2444 610 ἀγαπητὸς
2475 544 2536 594 ἐν
2581 536 2626 609 ᾧ
2656 543 2955 614 ηὑδόκησα.
2999 563 3017 596 ι
3060 545 3203 612 Πρὸς
3243 547 3299 598 δὲ
3330 547 3532 612 τοῦτους
3563 553 3651 615 φά-

2112 649 2198 684 ναι
2230 633 2340 684 δεῖν
2370 633 2747 700 ὑπολαμϐάνω
2795 637 2921 697 τοὺς
2964 638 3034 688 τὰ
3069 637 3188 690 θεῖα
3231 641 3329 707 τῆς
3366 638 3656 708 Ἐκκλησέσς

2110 725 2524 793 ἀνατρέποντας
2568 726 2841 794 δόγματα,
2873 728 2968 780 καὶ
3008 728 3106 797 τὴν
3148 730 3255 782 τῶν
3287 732 3660 800 γεγραμμένων

2109 814 2380 883 ὀρθότητα
2424 814 2880 884 διαστρέφοντας.
2943 818 3248 887 Ἐκνήῲατε
3295 823 3569 889 μεθύοντες
3607 828 3662 880 ἐκ

2111 906 2212 973 τῆς
2241 909 2544 976 πεισμονῆς
2591 909 2686 960 καὶ
2732 908 2954 974 κακίας,
2984 911 3267 975 ποιοῦντες
3315 919 3664 984 περιγραπτδν

2110 997 2398 1067 ἄνθρωπον
2439 1002 2532 1051 τὸν
2583 1001 2976 1070 ἀπεριόριστόν
3004 1019 3066 1055 τε
3113 1005 3210 1059 καὶ
3255 1006 3662 1076 ἁπερίγραπτον,

2115 1087 2203 1142 ἵνα
2223 1090 2532 1161 δυνήσησθε
2549 1090 2614 1144 τδ
2640 1091 2893 1162 λαμπρὸν
2919 1094 3018 1162 τῆς
3041 1095 3300 1163 ἀληθείας
3324 1097 3666 1166 περιαβρῆσαι

2112 1178 2328 1243 κάλλος,
2390 1181 2488 1234 καὶ
2547 1182 2645 1235 σὺν
2693 1183 2824 1252 ἡμῖν
2869 1185 3172 1255 ἀναϐοῆσαι
3207 1189 3345 1256 πρὸς
3395 1189 3483 1242 τὸν
3533 1191 3665 1254 Υἱὸν,

2115 1289 2135 1322 ι
2159 1271 2398 1339 Ἀληθῶς
2434 1272 2571 1325 Θεοῦ
2610 1273 2737 1338 Υἱὸς
2768 1272 2820 1327 εἴ
2847 1293 2895 1328 ἰ
2941 1278 3038 1330 καὶ
3059 1279 3241 1333 πάντα
3257 1281 3356 1332 ὅσα
3373 1281 3480 1350 ἔχει
3506 1284 3534 1335 6
3574 1283 3670 1334 lia-

2110 1361 2215 1430 τήρ
2244 1375 2338 1414 σου
2365 1355 2453 1414 οἷα
2496 1362 2653 1427 Θεὸς,
2684 1365 2780 1416 καὶ
2811 1365 2974 1428 αὐτὸς
3013 1369 3163 1436 ἔχεις
3187 1386 3200 1399 ·
3235 1371 3328 1424 καὶ
3353 1372 3501 1442 Οεῖκῇ
3531 1374 3670 1425 δυνα-

2115 1452 2270 1522 στείᾳ
2311 1457 2709 1524 συμπεριέχεις
2758 1455 2830 1510 τὰ
2861 1458 3064 1513 πάντα.
3115 1461 3230 1529 Τῆς
3272 1463 3327 1514 δὲ
3357 1466 3553 1532 μητρός
3585 1482 3671 1516 σου

2110 1543 2231 1604 ταῖς
2261 1540 2592 1608 ἐντεύξεων,
2623 1545 2783 1600 ἵλεων
2805 1548 2988 1616 νέμεις
3005 1552 3142 1621 ἡμῖν
3164 1552 3389 1622 Πνεῦμα
3417 1555 3670 1622 μεταδοτι-

2115 1631 2210 1684 κὸν
2238 1633 2627 1703 ἀγαθὸτητος,ι
2657 1638 2720 1688 ὲκ
2752 1639 2963 1708 Πατρὶς
2989 1643 3076 1697 διὰ
3101 1643 3197 1696 σοῦ
3221 1662 3240 1694 ι
3264 1646 3668 1715 προερχόμενον.

427 1736 575 1790 mine
611 1771 631 1798 .
663 1747 977 1804 quanquam
1027 1733 1083 1786 in
1125 1730 1368 1788 Iordane
1399 1729 1674 1795 consistis,
1719 1739 2003 1797 paternum

2115 1725 2221 1778 Καὶ
2251 1724 2412 1790 αὖθις
2441 1743 2454 1757 ·
2501 1727 2943 1798 Ἀπερίγρατιτος
2973 1732 3073 1800 ὢν,
3114 1735 3294 1804 Ἰησοῦ
3322 1754 3422 1806 μου
3451 1739 3539 1791 καὶ
3567 1739 3668 1792 K6-

425 1839 602 1884 tamen
637 1795 893 1884 thronum
925 1841 1038 1881 non
1071 1823 1359 1894 reliquisti.
1395 1822 1687 1890 Nunquam
1721 1819 1854 1874 mihi
1887 1819 2003 1874 hac

2113 1830 2216 1884 ριε,
2246 1818 2337 1870 καὶ
2365 1817 2422 1870 ὲν
2453 1817 2532 1886 τῷ
2574 1795 2815 1891 Ἰορδάνῃ
2853 1795 3189 1886 ἑστὼςίτοῦ,
3208 1795 3473 1895 πατρικοῦ
3495 1826 3670 1894 θρόνου

423 1921 652 1976 haeresis
682 1920 736 1974 in
770 1929 1008 1975 mentem
1031 1916 1233 1980 veniat,
1266 1925 1326 1970 ut
1355 1915 1551 1980 dicam,
1582 1929 1709 1968 eum
1739 1927 1864 1982 qute
1893 1925 2002 1965 non

427 2012 668 2066 habebat
699 2011 949 2080 accipere
982 2025 997 2063 :
1028 2023 1154 2064 nam
1205 2021 1544 2078 quaecunque
1594 2005 1756 2060 Pater
1801 2003 2006 2068 habet,

425 2103 589 2157 habet
626 2113 681 2157 et
709 2101 880 2157 Filius
907 2117 920 2154 :
943 2111 998 2155 et
1029 2100 1162 2154 nihil
1192 2101 1334 2154 inest
1354 2099 1498 2154 l’atri
1524 2097 1654 2167 quin
1685 2095 1812 2150 insit
1841 2093 2003 2160 Filio,

419 2204 647 2262 excepta
681 2195 1030 2264 paternitate.
1070 2191 1126 2246 Si
1156 2192 1304 2246 enim
1326 2189 1470 2260 quod
1516 2204 1628 2244 non
1651 2187 1814 2244 habet
1835 2227 1848 2250 ,
1885 2187 2004 2256 ipse

419 2286 723 2355 accipit-bat
759 2300 930 2340 :vera
959 2284 1124 2340 Arius
1181 2284 1500 2352 protulisset
1524 2281 1780 2347 dicendo,
1819 2297 1838 2332 ι
1881 2288 2007 2334 erat

422 2377 712 2450 aliquando
741 2378 887 2448 quod
912 2394 1016 2432 non
1049 2387 1185 2434 erat.
1222 2379 1321 2431 tAt
1351 2376 1659 2446 idcogitatu
1685 2386 1894 2430 tantum
1921 2383 2006 2430 est

427 2468 682 2538 impium.
710 2466 814 2534 Qui
857 2467 970 2524 vult
1019 2469 1184 2537 igitur
1237 2477 1383 2523 recte
1433 2469 1682 2532 sentire,
1721 2467 1847 2522 talia
1893 2482 2006 2521 non

419 2560 628 2627 credat,
673 2559 769 2615 sed
798 2568 858 2614 ut
884 2573 1040 2614 sacer
1075 2545 1408 2614 Athanasius
1434 2573 1663 2629 magnus
1693 2559 1750 2613 in
1776 2559 2002 2622 divinis,

420 2655 518 2720 qui
555 2653 611 2707 in
636 2666 894 2708 sermone
927 2653 995 2707 de
1023 2653 1306 2707 incarnata
1339 2651 1771 2722 dispensatione,
1794 2651 1886 2720 qui
1923 2651 2004 2706 in-

419 2747 549 2816 cipit
577 2764 591 2800 :
629 2765 648 2799 ι
684 2744 789 2811 Qui
818 2745 1030 2802 divinas
1062 2745 1377 2814 Scripturas
1419 2745 1666 2814 captiose
1700 2744 1891 2800 volunt
1924 2747 2006 2798 in-

420 2838 686 2906 telligere,
716 2855 733 2889 ι
756 2836 838 2892 sic
861 2837 1048 2893 scribit
1073 2852 1086 2884 :
1115 2856 1134 2888 ι
1167 2836 1247 2892 Nc
1275 2839 1460 2894 credat
1479 2837 1602 2907 quis
1622 2837 1766 2905 quod
1791 2838 1834 2892 is
1856 2836 1999 2906 quod

419 2942 528 2983 non
555 2927 787 2984 habebat
811 2927 1149 2998 accipiebat:
1176 2928 1222 2982 is
1248 2929 1394 2982 enim
1425 2943 1662 2997 superne
1687 2925 2006 2982 demitte-bat

419 3030 477 3074 ut
497 3020 640 3074 Deus
665 3036 680 3072 :
706 3028 761 3075 et
787 3018 1133 3088 inferneipse
1165 3035 1291 3074 eum
1324 3020 1664 3090 suscipiebat
1694 3030 1753 3073 ut
1785 3020 1950 3074 homo
1985 3035 1998 3071 :

2109 1907 2210 1960 οὐκ
2239 1908 2475 1971 ἔλειπες.
2505 1911 2596 1979 Μή
2633 1929 2724 1981 μοι
2757 1911 2815 1966 δὲ
2845 1913 3057 1978 γένοιτο
3095 1918 3368 1985 φρονῆσαί
3411 1935 3534 1972 ποτε
3566 1935 3666 1971 τοι-

2110 1999 2282 2069 αύτην
2311 2001 2547 2070 αἵρεσιν,
2577 2004 2660 2056 ὅτι
2687 2003 2763 2074 μὴ
2797 2004 2936 2074 ἔχων
2966 2007 3129 2071 αὐτὸς
3159 2008 3435 2078 ἐλάμϐανε
3460 2027 3476 2044 ⁸
3508 2011 3666 2063 πάντα

2109 2093 2217 2161 γὰρ
2251 2093 2352 2146 ὅσα
2396 2092 2510 2164 ἔχει
2539 2096 2568 2148 6
2601 2095 2814 2165 Πατὴρ,
2861 2098 2976 2168 ἔχει
3023 2100 3118 2153 καὶ
3146 2102 3174 2153 ὀ
3222 2100 3375 2167 Υἱὸς,
3412 2103 3502 2156 καὶ
3533 2103 3668 2154 οὐδὲν

2108 2185 2406 2256 ἐνυπάρχει
2452 2187 2531 2257 τῷ
2563 2189 2760 2257 [lat-pi,
2794 2190 2822 2242 ὃ
2855 2193 2884 2242 6
2933 2191 3060 2254 Υίὺς
3108 2192 3210 2247 οὐκ
3255 2194 3390 2262 ἔχει,
3423 2194 3553 2264 πλὴν
3584 2195 3669 2262 τῆς

2111 2277 2472 2346 πατράτητος.
2507 2279 2569 2332 El
2599 2281 2708 2348 γάρ
2735 2280 2810 2352 μὴ
2838 2281 2976 2351 ἔχων
3002 2284 3165 2347 αὑτὸς
3195 2285 3524 2356 ὲλάμδανενυ
3552 2285 3668 2354 id"

2108 2369 2262 2422 θευεν
2300 2371 2541 2440 Ἄρειος,
2566 2372 2793 2441 λέγωνςι
2830 2369 2899 2444 ἦν
2936 2392 3090 2440 ποτε,
3113 2378 3202 2430 ὅτε
3225 2378 3332 2432 οὐκ
3357 2374 3444 2449 ἦν.
3489 2397 3508 2430 ι
3529 2377 3670 2431 Ἀλλὰ

2107 2459 2268 2514 τοῦτο
2311 2464 2404 2515 καὶ
2439 2463 2696 2534 ἐννοῆσαι
2740 2466 2924 2535 μόνον,
2974 2469 3122 2521 ἐστὶν
3165 2470 3390 2533 ἀσεϐές.
3429 2468 3670 2525 Οὐκοῦνό

2110 2550 2442 2618 βουλόμενος
2479 2555 2615 2626 ὀρθὰ
2646 2559 2868 2626 φρονεῖν
2891 2557 2962 2612 τὰ
2998 2558 3226 2613 τοιαῦτα
3269 2561 3343 2630 μὴ
3376 2561 3668 2627 ὑπονοείτω,

2107 2642 2226 2695 ἀλλ’
2254 2642 2446 2715 ὥσπερ
2470 2647 2497 2698 6
2530 2645 2672 2710 ἱερὸς
2715 2646 3058 2715 Ἀθανάσιος,
3083 2650 3114 2700 6
3144 2650 3318 2713 πολὺς
3359 2652 3428 2704 τὰ
3465 2653 3594 2716 θεῖα,
3618 2649 3670 2712 ὃς
3776 2705 3782 2712 .

2107 2739 2165 2789 ὲν
2217 2735 2295 2806 τῷ
2329 2739 2458 2808 περὶ
2505 2738 2604 2807 τῆς
2653 2739 2922 2810 ινσάρκου
2967 2743 3291 2814 οἰκονομίας
3339 2747 3504 2815 λόγῳ,
3549 2735 3670 2812 οὗή

2109 2832 2309 2901 ἁρχὴ,ι
2348 2833 2413 2886 0!
2434 2834 2777 2904 κακοτέχνοις
2805 2839 2904 2897 τὰς
2931 2835 3083 2901 θείας
3114 2837 3344 2906 Γραφὰς
3381 2838 3673 2908 βουλόμενοι

2107 2923 2274 2986 νοεῖν,
2309 2941 2327 2973 ι
2357 2921 2500 2977 οὕτω
2553 2923 2741 2992 λέγει’
2775 2943 2798 2979 ι
2851 2926 2942 2996 Μὴ
2999 2927 3306 2982 ὑπονοείτω
3359 2946 3442 2992 τις
3474 2929 3550 2981 δτι
3603 2925 3672 2994 μὴ

2107 3013 2249 3082 ἔχων
2299 3014 2463 3078 αὐτὸς
2529 3015 2877 3086 ἐλάμϐανεν,
2927 3018 3093 3081 αὐτὸς
3140 3022 3253 3090 γὰρ
3307 3021 3438 3076 αὐτὸ
3485 3018 3672 3073 ἄνωθεν

421 3128 488 3167 cx
522 3127 589 3166 eo
619 3113 784 3182 igitur
824 3112 878 3167 in
911 3126 1040 3168 eum
1071 3112 1440 3178 descendebat
1471 3128 1487 3164 :
1521 3125 1587 3164 ex
1619 3111 1738 3181 ejus
1777 3111 2003 3172 deitate,

2110 3101 2358 3173 ἔπεμπεν
2395 3107 2470 3167 ὡς
2503 3105 2659 3171 Θεὸς,
2714 3107 2808 3160 καὶ
2849 3108 3176 3172 αὐτὸςάὑτὺ
3210 3110 3456 3166 κάτωθεν
3500 3107 3673 3163 ὑπεδέ-

427 3205 479 3258 in
511 3203 906 3258 humanitatem
933 3202 1122 3271 ipsius.
1153 3221 1170 3254 ι
1210 3201 1422 3257 Audis?
1455 3201 1579 3272 Ipse
1605 3216 1844 3271 superne
1877 3203 2001 3255 mit-

428 3294 571 3349 tebat
602 3303 664 3348 ut
691 3293 854 3360 Deus,
898 3303 954 3349 et
980 3293 1157 3362 ipsum
1187 3293 1402 3348 inferne
1434 3292 1768 3362 suscipiebat
1797 3301 1855 3346 ut
1900 3293 2002 3348 ito-

429 3397 518 3436 ιιςο
551 3385 653 3437 :‘et
681 3382 853 3438 veluti
884 3383 1026 3438 Deus
1057 3383 1334 3447 mittebat,
1361 3384 1526 3440 veluti
1561 3385 1729 3439 homo
1771 3385 2001 3454 recipie—

421 3475 512 3530 bat
548 3495 562 3528 :
595 3490 719 3530 nam
755 3484 904 3530 totus
953 3486 1072 3530 erat
1127 3476 1181 3530 in
1238 3485 1408 3538 terra,
1463 3476 1724 3546 nulloque
1763 3477 1926 3531 modo
1969 3490 2001 3530 a

419 3568 558 3622 rteie
583 3569 809 3623 aberat:
834 3568 1035 3638 quippe
1066 3584 1190 3623 cum
1227 3570 1279 3623 in
1314 3583 1381 3623 eo
1419 3570 1600 3624 omnis
1633 3569 1855 3624 deitatis
1886 3569 2004 3638 ple-

418 3657 611 3712 nitudo
637 3657 1000 3727 corporaliter
1025 3658 1315 3713 resideret.
1342 3659 1476 3714 Cum
1505 3673 1636 3730 ergo
1657 3674 1828 3715 carne
1857 3668 2005 3715 esset

419 3749 888 3820 circumscriptus,
923 3750 978 3826 ip
1002 3749 1241 3807 Jordane
1265 3751 1729 3821 conspiciebatur;
1760 3753 1856 3809 sed
1881 3752 2004 3808 dei-

423 3851 535 3898 tate
575 3857 700 3896 curn
733 3851 884 3925 esset
921 3842 1451 3925 incircumscriptus,
1483 3853 1772 3914 paternum
1820 3843 2002 3900 sinum

424 3949 532 3988 non
585 3919 948 4004 relinquebat,
980 3933 1126 3990 unde
1153 3950 1221 3988 ex
1265 3919 1338 3992 eo
1367 3933 1420 3986 in
1451 3948 1576 3988 cum
1609 3933 2003 3992 descendebat.

425 4025 554 4082 ideo
589 4025 729 4080 nihil
757 4024 983 4094 prodest
1015 4025 1159 4093 quod
1191 4039 1222 4078 a
1271 4023 1428 4077 vobis
1458 4024 1678 4079 allatum
1727 4034 1843 4090 est;
1897 4025 2006 4080 im'o

310 4158 327 4171 .
423 4130 523 4184 pro
546 4114 701 4169 nobis
732 4113 949 4172 videtur
977 4113 1189 4178 facere,
1219 4113 1484 4193 vobisque
1514 4129 1774 4184 magnum
1804 4117 2007 4184 impor-

425 4212 500 4261 tat
529 4205 945 4261 detrimentum.

1175 4474 1259 4528 ιν.

475 4567 650 4627 ,Πιιάο
671 4569 837 4638 igitur
863 4573 1090 4628 omnino
1113 4573 1275 4630 nobis
1297 4572 1588 4628 ostendere
1619 4571 1862 4642 possitis,
1888 4589 1999 4630 non

423 4676 543 4715 esse
575 4677 644 4716 ex
683 4661 822 4718 Filio
850 4663 1140 4735 Spiritum,
1176 4681 1278 4736 ego
1307 4681 1650 4736 nequaquam
1681 4669 1862 4724 video.
1891 4668 2000 4724 Ma-

422 4766 562 4820 gnus
594 4751 832 4810 Joannes
857 4755 1286 4827 Chrysostomus
1313 4760 1366 4812 in
1391 4759 1613 4814 ltomilia
1638 4775 1802 4829 quam
1829 4762 1884 4814 in
1916 4761 2000 4816 in-

422 4842 796 4900 carnationem
858 4847 1070 4903 Domini
1127 4847 1292 4914 facit,
1349 4850 1429 4910 sic
1476 4851 1654 4920 inquit
1706 4867 1720 4903 :
1772 4870 1791 4903 ι
1839 4850 1999 4907 Venit

424 4933 678 4990 Christus
721 4938 791 4991 ad
836 4954 959 5005 nos,
989 4941 1137 5015 dedit
1177 4944 1338 4998 nobis
1367 4945 1792 5000 descendentem
1836 4960 1901 5000 ex
1934 4960 2000 5001 eo

427 5025 692 5095 Spiritum
721 5069 736 5094 ,
779 5039 835 5084 et
872 5045 1072 5102 corpus
1119 5037 1368 5090 nostrum
1399 5039 1665 5110 suscepit.
1702 5057 1720 5090 ι
1756 5037 2000 5094 Verbum

429 5139 447 5172 ι
487 5135 554 5176 ex
582 5135 650 5174 co
688 5140 708 5172 ι
743 5121 873 5192 quid
905 5124 1175 5196 significat
1213 5129 1360 5184 aliud
1386 5168 1400 5192 ,
1434 5145 1594 5198 quam
1636 5131 1782 5202 quod
1815 5131 1906 5202 qui
1932 5147 1999 5188 ex

428 5226 496 5264 eo
529 5214 797 5282 procedit,
827 5213 1091 5284 Spiritum
1140 5220 1299 5275 nobis
1349 5221 1609 5277 tradidit?
1636 5223 1999 5292 quemadmo-

430 5297 560 5352 dum
590 5310 647 5354 et
679 5301 910 5359 dilectus
945 5304 1245 5377 discipulus
1291 5309 1464 5376 dicit,
1499 5313 1645 5380 quod
1700 5329 1764 5368 ex
1796 5314 2002 5382 Spiritu

424 5389 544 5456 ejus
568 5392 720 5448 dedit
766 5397 945 5463 nobis,
975 5406 1032 5453 et
1066 5416 1085 5452 σ
1121 5399 1190 5456 de
1233 5401 1572 5472 plenitudine
1598 5406 1718 5476 ejus
1755 5421 1856 5462 nos
1885 5422 2003 5460 orn-

423 5493 524 5533 nes
553 5486 915 5554 accepimus.»
947 5489 1184 5561 Cyrillus
1206 5491 1432 5564 Magnus
1463 5497 1516 5549 in
1549 5496 1999 5566 interpretatione

425 5566 700 5640 Evangelii
725 5581 1027 5637 secundum
1058 5581 1325 5642 Joannem
1357 5581 1526 5658 super
1557 5603 1622 5643 ea
1655 5591 1820 5644 verba
1852 5605 1867 5644 :
1899 5590 1999 5646 «Et

499 5744 540 5779 ”
582 5745 774 5805 Matth.
831 5768 914 5832 ut,
975 5757 1059 5812 i7.

2035 4469 2084 4530 D

2107 3213 2231 3266 χετο
2257 3197 2330 3258 ὼς
2359 3197 2642 3268 ἄνθρωπος
2667 3216 2680 3229 ·
2718 3201 2777 3264 ἐξ
2807 3201 2972 3254 αὑτοῦ
3001 3198 3114 3263 οὖν,
3149 3203 3229 3265 είς
3255 3203 3419 3255 αὐτὸν
3451 3199 3633 3271 κατῄει
3656 3214 3670 3230 ’

2105 3291 2172 3340 ὲκ
2204 3289 2299 3357 τῆς
2337 3289 2591 3358 Θεότητος
2643 3289 2833 3356 αὐτοῦ,
2867 3292 2948 3354 είς
2996 3293 3096 3361 τὴν
3144 3293 3544 3364 ἀνθρωπότητα
3587 3289 3673 3343 αὐ·-

2105 3382 2223 3435 τοῦ.
2265 3400 2283 3431 ›
2337 3383 2624 3448 ’Δκούεις;
2665 3384 2852 3449 αὐτὸς,
2886 3382 3074 3452 φησιν,
3119 3384 3254 3437 αὐτὸ
3285 3385 3490 3438 ἄνωθεν
3517 3383 3671 3450 Emp-

2107 3487 2209 3522 πεν
2241 3470 2316 3534 ὡς
2370 3470 2529 3533 Θεὸς,
2567 3475 2662 3524 καὶ
2715 3471 2880 3534 αὐτὸς
2924 3472 3057 3524 αὐτὸ
3099 3472 3354 3526 κάτωθεν
3403 3471 3672 3540 ὑπεδέχετο

2104 3561 2180 3624 ὡς
2209 3562 2522 3633 ἅνθρωπος.
2576 3564 2685 3617 Καὶ
2732 3559 2819 3618 οἷα
2865 3563 2965 3633 μὲν
3017 3564 3150 3628 Θεὸς
3198 3565 3472 3638 ἔπεμπεν,
3502 3559 3583 3616 οἷα
3621 3559 3671 3610 δὲ

2105 3652 2398 3723 ἄνθρωπος
2452 3655 2746 3724 ὑπεδέχετο
2773 3673 2788 3688 ·
2821 3655 2939 3718 ὅλος
2977 3657 3087 3726 γὰρ
3129 3652 3197 3727 ἦν
3236 3659 3299 3713 ὲν
3334 3659 3442 3719 τοῖς
3496 3655 3632 3709 κάτω
3657 3665 3670 3680 ⁸

2108 3747 2200 3800 καὶ
2228 3750 2342 3809 τοῖς
2371 3747 2485 3800 ἄνω
2511 3748 2620 3800 οὐδ’
2649 3745 2786 3812 ὅλως
2821 3749 2989 3818 ἀπῆν.
3054 3750 3143 3801 Ἐν
3186 3748 3342 3820 αὐτῷ
3374 3748 3481 3818 γὰρ
3514 3743 3674 3812 κατῴ-

2109 3855 2195 3891 κει
2225 3840 2332 3892 πᾶν
2363 3839 2426 3891 τὸ
2451 3829 2728 3911 πλήρωμᾶ
2767 3839 2868 3910 τῆς
2904 3839 3159 3912 θεότητος
3199 3840 3548 3913 σωματικῶς.
3579 3837 3670 3889 lla-

2109 3929 2414 3998 ριγραπτδς
2449 3925 2542 3982 οὖν
2596 3931 2660 4000 τῇ
2697 3933 2862 4000 σαρκὶ
2908 3930 3194 4000 ὑπάρχων,
3235 3933 3295 3984 ἐν
3323 3932 3401 4002 τῷ
3455 3929 3672 3998 Ἰορδάνῃ

2107 4022 2382 4088 ἐφαίνετο,
2425 4021 2842 4091 ἀπερίγραπτος
2873 4022 2932 4075 δὲ
2967 4025 3029 4089 τῇ
3077 4025 3296 4093 Occium
3324 4022 3420 4090 ὢν,
3462 4019 3552 4074 τοῦ
3580 4033 3674 4070 πα-

2106 4113 2298 4182 τρικοῦ
2335 4113 2431 4166 οὐκ
2456 4113 2637 4165 ἔλειπε
2661 4114 2864 4168 κόλπου
2890 4130 2905 4146 ·
2930 4115 3053 4169 ὅθεν
3085 4116 3146 4180 ἐξ
3183 4116 3353 4170 αὐτοῦ
3415 4117 3492 4177 εἰς
3525 4110 3671 4166 αὑτὸν
3747 4144 3762 4152 .

2108 4202 2306 4272 κατῄει
2361 4219 2376 4234 ⁹
2407 4204 2501 4256 καὶ
2531 4202 2704 4266 οὕτως
2734 4205 2890 4260 οὐδὲν
2928 4206 3059 4276 ὑμῖν
3087 4207 3334 4262 συντελεῖ
3375 4208 3436 4260 τὺ
3466 4202 3673 4274 εἰρημέ-

2108 4311 2198 4346 νον
2232 4295 2362 4364 παρ’
2397 4295 2575 4363 ὑμῶν,
2602 4296 2738 4350 ἀλλὰ
2779 4296 2983 4366 μᾶλλον
3021 4297 3161 4367 ὑπὲρ
3207 4299 3368 4368 ἡμῶν
3418 4296 3672 4350 δείκνυται

2109 4387 2188 4454 ὃν,
2224 4389 2317 4441 καὶ
2353 4387 2557 4458 πολλὴν
2593 4389 2823 4458 παρέχει
2859 4390 2988 4458 ὑμῖν
3022 4388 3120 4461 τὴν
3147 4389 3376 4459 ζημίαν.

2855 4481 2928 4535 Δ’.

2181 4573 2354 4628 Πόθεν
2383 4567 2477 4628 οὖν
2523 4573 2658 4642 ἡμῖν
2686 4572 2858 4636 δεῖξαι
2898 4572 3036 4637 ὅλως
3061 4573 3349 4642 εὑρήσετε,
3389 4573 3470 4625 ὅτι
3497 4568 3589 4623 οὐκ
3615 4570 3672 4622 ἐκ

2108 4666 2203 4720 τοῦ
2260 4666 2389 4720 Υἱοῦ
2441 4666 2504 4719 τὸ
2546 4666 2809 4736 Πνεῦμα,
2845 4666 2959 4734 ἐγὼ
3013 4664 3124 4718 οὐδ’
3161 4663 3297 4730 ὅλως
3347 4681 3413 4732 γε
3455 4658 3669 4730 συνορῶ.

2108 4761 2221 4815 Καὶ
2244 4763 2273 4813 6
2305 4761 2480 4829 μέγας
2510 4759 2568 4814 δὲ
2607 4759 2860 4830 Ἰωάννης
2884 4760 2912 4812 ὁ
2944 4758 3357 4828 Χρυσόστομος,
3385 4759 3443 4810 ὲν
3472 4757 3535 4825 τῇ
3564 4754 3670 4822 ὁμι-

2106 4851 2218 4924 λίᾳ,
2251 4851 2318 4922 ἣν
2347 4854 2427 4914 εἰς
2459 4851 2561 4920 τὴν
2609 4849 3025 4918 ἐνανθρὼπησιν
3057 4847 3154 4904 τοῦ
3186 4850 3394 4921 Κυρίου
3425 4847 3668 4906 ποιεῖται,

2109 4944 2254 4998 οὕτω
2279 4944 2444 5012 φησίν
2470 4959 2483 4971 ·
2520 4962 2538 4994 ι
2577 4941 2780 4998 Ἦλθεν
2806 4944 2834 4996 ὁ
2873 4942 3109 5013 Χριστὸς
3154 4944 3234 5003 εἰς
3263 4943 3412 5012 ἡμᾶς
3435 4958 3450 4972 ο
3485 4939 3668 4992 ἔδωκεν

2110 5035 2243 5104 ἡμῖν
2275 5034 2337 5087 τὸ
2363 5035 2420 5099 ἐξ
2458 5033 2628 5088 αὐτοῦ
2659 5032 2904 5099 Πνεῦμα,
2933 5037 3028 5087 καὶ
3057 5033 3289 5087 ἀνέλαϐε
3330 5032 3390 5085 τὸ
3419 5030 3668 5102 ἡμέτερον

2113 5126 2294 5195 σῶμα.
2336 5146 2355 5178 ι
2391 5128 2463 5179 Τὸ
2491 5126 2548 5178 δὲ
2584 5124 2912 5191 ιὲξαῦτοῦ,ι
2947 5127 3000 5180 τί
3025 5125 3220 5196 δηλοῦν
3251 5117 3566 5196 βούλεται,ἢ
3593 5118 3667 5169 ὅτι

2111 5219 2173 5270 τὸ
2201 5218 2260 5284 ἐξ
2299 5217 2467 5272 αὐτοῦ
2500 5217 2939 5289 ἐκπορευόμενον
2983 5217 3208 5288 Πνεῦμα
3232 5219 3477 5272 ,δέδωκεν
3505 5210 3666 5285 ἡμῖνὶ

2107 5310 2298 5380 ὥσπερ
2328 5313 2425 5363 καὶ
2445 5313 2472 5363 6
2504 5311 2866 5381 ἢγαπημένος
2898 5311 3149 5381 μαθητής
3183 5327 3369 5383 φησιν,
3401 5309 3482 5362 ὅτι
3518 5322 3536 5356 ι
3577 5301 3665 5354 Ἐκ

2106 5401 2203 5454 τοῦ
2237 5402 2554 5471 Πνεύματος
2581 5401 2748 5454 αὑτοῦ
2783 5400 2982 5456 ἔδωκεν
3018 5404 3169 5472 ἡμῖν.
3203 5401 3298 5457 καὶ
3330 5403 3393 5455 ἐκ
3424 5396 3514 5452 τοῦ
3543 5393 3662 5461 πλη·

2108 5495 2363 5566 ρώματος
2389 5494 2555 5548 αὐτοῦ
2584 5497 2749 5565 ⁴ἡμεῖς
2784 5495 2984 5558 πάντες
3031 5496 3316 5568 ἐλάϐομεν.
3353 5513 3373 5546 ι
3412 5485 3662 5560 Κύριλλος

2104 5585 2160 5638 δὲ
2178 5585 2208 5640 6
2233 5585 2404 5655 μέγας
2429 5588 2487 5641 ὲν
2506 5589 2583 5658 τῇ
2599 5587 2867 5658 ἑρμηνείᾳ
2881 5588 2978 5643 τοῦ
2995 5590 3137 5643 κατὰ
3163 5588 3414 5658 Ἰωάννην
3433 5583 3660 5650 Elian"

3905 359 3907 442 τ
