4004 6438
410 359 568 426 '114‘i

1594 359 1916 420 JOSEPHI‘
1953 360 2509 422 METHONENSIS

3553 361 3674 430 illi

422 495 534 532 una
575 493 708 532 voce
748 483 1006 530 uixerunt
1035 492 1048 528 :
1083 472 1333 537 Atticm,»
1367 473 1458 528 liic
1493 474 1657 545 igitur
1694 485 1915 529 sanctus
1947 475 2000 528 in

2121 481 2240 550 τολὴ
2270 483 2461 535 τοῦτον
2488 483 2578 534 τὸν
2615 481 2709 546 τῆς
2737 477 3148 548 όσξ1ς“μνήμης
3202 475 3572 538 ’Δναστάσιον,
3600 473 3690 529 τὸν

420 571 672 624 «ratione
717 583 840 637 quae
891 566 1234 632 inscribitur,
1273 583 1292 618 ι
1327 565 1402 621 De
1449 567 1613 622 rectis
1643 567 1992 637 dogmatibus

420 661 672 717 veritatis
709 661 775 715 ad
806 676 905 714 nos
937 659 1361 729 pertinentibus,
1389 679 1408 710 ι
1446 674 1568 728 quze
1609 659 1824 728 incipit,
1867 678 1885 708 ι
1927 658 2000 712 De

423 772 556 808 sana
620 763 807 807 nostra
867 751 993 815 ﬁde,
1034 769 1053 803 ι
1092 751 1173 805 sic
1229 750 1355 805 ait:
1393 768 1412 801 ι
1450 751 1494 804 Δ
1549 765 1780 820 corpore
1843 751 1999 820 quasi

424 844 723 912 exemplari
747 843 1081 912 proprietate
1100 852 1350 912 accepto,
1371 841 1686 896 divinorum
1705 843 2002 897 connexio-

339 973 344 976 -
429 952 552 991 nem
585 935 948 1002 ostendimus,
975 951 1074 1004 per
1097 936 1468 989 membrorum
1500 936 1910 1005 proportionem
1941 951 2005 990 ac

431 1027 843 1081 similitudinem
887 1043 900 1078 :
935 1027 1014 1080 sic
1045 1033 1105 1080 et
1134 1044 1153 1076 ι
1193 1024 1414 1094 spiritus
1446 1027 1558 1080 oris
1585 1028 1724 1096 ejus,
1759 1045 1776 1078 ι
1812 1027 1865 1080 id
1897 1036 2002 1090 est,

426 1117 520 1170 Dei
547 1114 784 1185 Spiritus
800 1125 1024 1170 sanctus
1049 1115 1273 1180 dicitur,
1301 1131 1425 1171 cum
1451 1131 1512 1170 os
1539 1117 1610 1170 sit
1633 1114 1960 1187 Unigenitus
1987 1130 2004 1169 :

429 1216 484 1262 rt
522 1208 756 1278 Spiritus
801 1223 994 1262 rursus
1029 1222 1095 1262 ex
1127 1222 1193 1262 eo
1227 1207 1535 1277 procedens
1559 1251 1573 1272 ,
1626 1223 1728 1262 nec
1763 1207 1937 1262 solum
1976 1224 2007 1261 a

428 1300 610 1362 Patre,
653 1298 750 1354 sed
775 1299 940 1354 etiam
969 1314 997 1352 a
1051 1299 1189 1354 Filio
1217 1300 1438 1353 missus.
1473 1317 1492 1348 ›
1541 1299 1607 1354 Et
1639 1299 1798 1367 paulo
1837 1309 1959 1368 post
1991 1314 2004 1349 :

435 1412 452 1441 ι
484 1393 644 1461 Atqui
685 1391 942 1448 dominus
975 1407 1003 1445 a
1029 1400 1200 1446 semet
1221 1407 1342 1446 esse
1376 1391 1694 1454 ostendens,
1727 1391 2012 1460 discipulis

435 1483 722 1539 insuﬂlans
747 1483 967 1538 dicebat
991 1499 1006 1535 :
1037 1483 1311 1553 «Accipite
1339 1481 1601 1553 Spiritum
1636 1493 1884 1537 sanctum
1903 1483 2006 1536 υ.»

425 1576 664 1641 Audisti,
712 1577 856 1645 quod
901 1593 1006 1630 non
1050 1577 1228 1631 solum
1262 1593 1291 1630 a
1318 1576 1481 1632 Patre
1513 1577 1683 1644 dic't,
1721 1576 1816 1630 sed
1848 1577 2012 1631 etiam

426 1684 456 1721 a
491 1665 670 1723 Filio?
692 1668 796 1724 Ubi
827 1677 955 1724 sunt
981 1669 1281 1739 quidicunt
1312 1683 1378 1724 ex
1407 1670 1522 1724 solo
1547 1667 1722 1734 Patre,
1745 1684 1844 1724 nec
1874 1683 2016 1737 prm-

426 1761 540 1816 cise
577 1763 781 1832 apponi
833 1764 1221 1831 procedentem
1256 1777 1323 1815 ex
1365 1760 1539 1816 Filio?
1577 1759 1697 1814 Non
1747 1766 2012 1813 verentur

431 1865 511 1908 tot
550 1863 606 1909 et
639 1863 824 1910 tantos
867 1855 1055 1909 Patres
1085 1855 1407 1923 reprobare,
1444 1870 1565 1906 cum
1593 1861 1782 1907 sancta
1813 1862 1866 1905 et
1893 1866 2010 1904 ma-

430 1962 534 2015 gna
565 1946 855 2001 luminaria
885 1947 1016 2010 sint,
1055 1954 1108 1999 et
1138 1953 1328 2014 aperte
1362 1945 1550 1998 dicunt
1579 1945 1745 1998 etiam
1777 1959 1844 1998 ex
1870 1942 2011 1997 Filio

438 2039 493 2091 in
533 2037 720 2092 multis
749 2035 1088 2092 dictionibus
1135 2046 1190 2090 et
1233 2035 1494 2105 syllabis?
1522 2036 1640 2101 Quo
1691 2044 1851 2106 pacto
1898 2051 2007 2089 non

432 2131 808 2193 erubescunt,
843 2131 955 2184 into
989 2128 1134 2183 clare
1163 2129 1551 2184 contradicunt
1587 2136 1739 2182 tanto
1769 2128 2008 2182 examini

431 2239 716 2280 sacrorum
747 2223 1073 2278 doctorum?
1105 2222 1211 2277 Sed
1241 2221 1371 2291 quid
1399 2223 1552 2276 aiunt
1578 2221 1706 2276 novi
1740 2222 2013 2291 interpre-

431 2316 556 2370 tes?
591 2314 858 2385 Spiritum
893 2315 1027 2369 dicit
1057 2329 1120 2370 ex
1152 2314 1311 2369 Patre
1343 2312 1756 2381 procedentem,
1791 2322 1845 2366 et
1879 2314 2013 2367 mis-

431 2424 588 2471 sum,
622 2423 734 2464 non
783 2407 960 2462 solum
1003 2422 1068 2462 ex
1102 2407 1284 2471 Patre,
1327 2422 1519 2461 verum
1566 2406 1729 2459 etiam
1768 2421 1796 2459 a
1830 2403 2010 2471 Filio;

432 2501 901 2569 diStingunntque,
925 2499 1172 2554 dicentes
1202 2499 1349 2552 aliud
1374 2514 1494 2553 esse
1517 2497 1838 2568 procedere,
1866 2497 2014 2550 aliud

433 2591 594 2656 mitti,
629 2607 693 2644 ac
727 2590 1029 2660 procedere
1066 2588 1212 2644 Patri
1247 2591 1326 2660 (Ι)
1361 2591 1672 2660 assignant,
1696 2589 1836 2643 mitti
1877 2588 2014 2642 Filio

436 2683 536 2750 (2).
571 2681 834 2737 Libenter
879 2699 974 2737 eos
1023 2684 1462 2754 interrogarent,
1516 2698 1642 2736 cum
1694 2681 1949 2736 audimus
1983 2697 2014 2736 a

433 2774 594 2828 Patre
627 2774 769 2828 mitti
805 2774 1070 2844 Spiritum
1105 2784 1356 2829 sanctum
1387 2811 1402 2837 ,
1433 2774 1564 2842 quid
1608 2772 1664 2828 id
1698 2771 2018 2842 significet?

435 2885 500 2917 :m
537 2865 744 2936 aliquid
777 2865 921 2919 aliud
956 2865 1114 2918 nobis
1147 2863 1413 2928 ostendit,
1449 2877 1612 2933 qnam
1665 2860 2016 2932 procedere?

439 2958 658 3010 Minimo
688 2972 840 3010 vero.
890 2974 908 3006 ι
944 2953 1090 3008 Misit
1119 2955 1136 3022 (
1161 2953 1541 3009 divinissimus
1573 2951 1777 3008 Paulus
1813 2949 2014 3019 inquit)

443 3050 584 3101 Deus
615 3056 670 3102 et
710 3046 874 3101 Pater
899 3043 1167 3114 Spiritum
1202 3044 1324 3098 Filii
1371 3043 1456 3098 sui
1485 3044 1538 3097 in
1587 3043 1752 3097 corda
1786 3049 1967 3095 nostra
1998 3081 2015 3106 ,

2107 572 2400 638 γενόμενον
2430 572 2728 626 ἐπίσκοπον
2765 568 3120 637 Ἀντιοχείαςσ
3147 567 3244 621 καὶ
3276 566 3370 619 τὸν
3397 564 3471 635 μὴ
3486 565 3688 634 δεχόμε-

2108 678 2200 714 νον
2233 662 2417 725 αὑτὸν,
2457 663 2484 713 ὁ
2516 661 2648 724 Θεδς
2681 659 3093 728 ἀναθεματίσει.
3125 658 3239 710 Kul
3261 657 3464 717 πάντες
3486 653 3686 722 ὁμοφώ-

2111 771 2219 817 νως
2249 749 2530 818 sim-5'16,
2569 752 2764 821 ’Δμήν.
2796 743 2966 811 Οὗτος
3001 745 3095 802 οὖν
3125 751 3151 801 ὁ
3181 748 3343 816 ἅγιος
3371 747 3430 799 ὲν
3462 744 3538 813 τῷ
3558 743 3693 812 λόγῳ

2107 847 2294 912 αὑτοῦ,
2313 845 2371 910 ὃς
2395 845 2704 915 ἐπιγραφὴν
2730 826 2878 914 ἔχει,⁸
2892 863 2910 894 ι
2937 843 3074 910 Περὶ
3090 843 3200 896 τῶν
3217 839 3350 895 καθ’
3367 839 3511 910 ἡμᾶς
3529 838 3693 906 ὀρθῶν

2108 941 2394 1008 δογμάτων
2413 940 2512 1010 τῆς
2535 939 2808 1009 ἀληθείας·
2839 955 2860 991 i
2889 938 2922 1008 ἡ
2956 937 3011 991 δὲ
3038 935 3180 1007 ἀρχὴ
3210 939 3309 988 τοῦ
3343 933 3527 1000 λόγου,
3555 929 3695 984 »Τῶν

2111 1035 2242 1104 περ)¹
2280 1032 2382 1101 τῆς
2426 1032 2614 1100 ὑγιοῦς
2647 1031 2803 1101 ἡμῶν
2837 1030 3095 1092 πίστεως,
3128 1046 3147 1079 ι
3181 1026 3333 1080 οῦτω
3355 1023 3524 1095 φησί’
3557 1020 3695 1076 «Τοῦ

2112 1127 2169 1180 δὲ
2201 1126 2454 1196 σώματος
2478 1123 2538 1177 τό
2583 1123 2778 1192 ἰδίωμα
2801 1121 3060 1183 λαϐόντες
3091 1120 3164 1182 ὡς
3192 1117 3574 1187 παράδειγμα,
3603 1112 3696 1182 τὴν

2114 1217 2476 1288 ἀλληλουχίαν
2501 1214 2610 1270 τῶν
2642 1215 2803 1268 θείων
2845 1215 3278 1284 παρεστήσαμεν
3325 1209 3416 1262 διὰ
3461 1209 3562 1276 τῆς
3595 1205 3697 1260 τῶν

2118 1309 2299 1380 μελῶν
2339 1307 2633 1375 ἀναλογίας
2669 1324 2726 1360 τε
2761 1307 2857 1360 καὶ
2886 1304 3134 1369 εἰκασίας
3155 1321 3170 1336 ’
3219 1303 3407 1375 ταύτῃ
3454 1299 3583 1372 γὰρ,
3611 1297 3698 1352 καὶ

2116 1399 2345 1469 Πνεῦμα
2405 1397 2675 1468 στόματος
2735 1397 2924 1466 αὐτοῦ,
2981 1397 3230 1468 δηλονότι
3293 1396 3389 1450 τοῦ
3440 1393 3598 1460 Θεοῦ,
3643 1392 3699 1446 τὸ

2119 1491 2342 1561 Πνεῦμα
2382 1490 2442 1546 τὸ
2476 1491 2634 1558 ἀγιον
2665 1489 2885 1558 λέγεται
2907 1504 2922 1520 °
2955 1491 3227 1557 στόματος
3275 1489 3433 1549 ὄντος
3465 1485 3560 1538 τοῦ
3593 1485 3696 1539 Mo-
3766 1543 3770 1550 ί

2117 1579 2366 1650 νογενοῦς
2388 1598 2402 1612 ·
2428 1584 2523 1635 καὶ
2545 1579 2769 1651 Πνεῦμα
2789 1581 2948 1634 πάλιν
2972 1580 3032 1646 ἐξ
3050 1579 3218 1634 αὐτοῦ
3243 1577 3696 1650 ἐκπορευόμενον,

2119 1675 2211 1728 καὶ
2254 1674 2744 1744 ἀποστελλόμενον,
2792 1675 2854 1727 οὗ
2908 1673 3072 1744 μόνον
3117 1673 3275 1741 παρά
3316 1670 3413 1725 τοῦ
3471 1669 3694 1738 Πατρὶς,

2119 1767 2256 1820 ἀλλὰ
2293 1767 2384 1820 καὶ
2415 1767 2567 1836 παρά
2607 1767 2702 1820 τοῦ
2736 1765 2888 1820 Υἱοῦ.
2934 1785 2952 1819 ι
2987 1766 3097 1819 Καὶ
3131 1765 3253 1835 μετ’
3301 1763 3462 1831 ὀλίγα
3485 1777 3501 1793 ⁸
3537 1778 3558 1814 ι
3599 1761 3698 1814 Καὶ

2121 1859 2226 1930 μὴν
2257 1862 2284 1912 6
2339 1859 2565 1929 Κύριος,
2619 1859 2680 1924 ἐξ
2713 1858 2908 1912 ἑαυτοῦ
2958 1859 3176 1920 δεικνὺς
3223 1855 3364 1911 αὐτὸ
3421 1855 3695 1922 ὑπάρχειν,

2113 1951 2374 2020 ἐμφυσῶν
2389 1953 2502 2014 τοῖς
2524 1949 2794 2020 μαθηταῖς
2809 1950 2982 2018 ἔλεγε,
3004 1948 3216 2003 Δάὸετε
3246 1945 3477 2013 Πνεῦμα
3497 1945 3688 2008 ἅγιον.»

2117 2043 2420 2106 'lixoucu;,
2474 2043 2550 2102 ὡς
2608 2041 2667 2095 οὐ
2702 2041 2865 2112 μόνον
2897 2041 3050 2111 παρὰ
3100 2039 3196 2093 τοῦ
3249 2038 3470 2109 Πατρός
3519 2051 3692 2104 φησιν,

2114 2136 2249 2190 ἁλλά
2285 2137 2379 2188 καὶ
2415 2135 2566 2204 παρά
2603 2133 2696 2186 τοῦ
2727 2134 2880 2189 ΥΞοῦ.
2912 2133 3022 2187 Ποῦ
3060 2134 3200 2185 εἰσιν
3247 2131 3300 2185 οἱ
3345 2130 3612 2196 λέγοντες,
3635 2127 3692 2179 ἐκ

2117 2229 2278 2298 μόνου
2311 2226 2405 2280 τοῦ
2442 2228 2654 2297 Πατρός
2680 2243 2694 2256 ·
2727 2227 2820 2280 καί
2853 2227 2926 2287 ὡς
2968 2227 3028 2276 οὐ
3071 2227 3253 2278 κεῖται
3286 2221 3493 2294 ῥητῶς,
3540 2223 3690 2273 ὲκπο·

2119 2320 2415 2390 ρευόμενον
2444 2321 2509 2372 ὲκ
2549 2318 2643 2371 τοῦ
2675 2316 2806 2371 Υῑοῦ
2837 2333 2852 2385 ;
2887 2319 3000 2371 Οὐκ
3027 2315 3392 2370 εὐλαϐοῦνται
3419 2313 3693 2372 τοσούτους

2117 2413 2370 2482 Πατέρας
2407 2412 2639 2474 ἀθετεῖν,
2661 2411 2822 2473 ὄντας
2848 2411 3035 2476 ἁγίους
3061 2411 3156 2464 καὶ
3190 2408 3469 2478 μεγάλους
3491 2405 3697 2474 φωπτῆ·

2119 2522 2240 2574 ρας,
2271 2506 2366 2557 xul
2417 2504 2674 2571 λέγοντας
2725 2504 3043 2572 προφανῶε,
3081 2505 3176 2556 xul
3232 2503 3298 2556 ὲκ
3347 2501 3443 2555 τοῦ
3491 2498 3611 2552 Υἱοῦ
3641 2499 3691 2549 ὲν

2116 2597 2399 2665 διαφόροις
2428 2597 2607 2658 λέξεσι
2643 2597 2736 2649 καὶ
2783 2595 3076 2657 συλλαϐαῖς
3105 2612 3120 2662 ;
3157 2596 3276 2658 πῶς
3307 2597 3409 2648 οὐκ
3445 2590 3695 2663 ἐρυθριῶ·

2120 2709 2225 2751 στν,
2260 2691 2378 2743 ἀλλ’
2409 2691 2554 2742 οὕτω
2581 2691 2878 2761 διαρρήδην
2909 2690 3253 2759 ἀντιλέγουσι
3285 2689 3528 2756 τοσούτῳ
3554 2684 3694 2753 ἑσμῷ

2118 2781 2290 2846 ἁγέων
2315 2781 2655 2835 διδασκάλων
2684 2797 2698 2847 ;
2740 2781 2904 2836 Ἀλλὰ
2927 2781 2980 2833 τί
3001 2798 3164 2850 φασιν
3193 2783 3247 2834 οἱ
3271 2783 3384 2836 νέοι
3411 2777 3694 2849 thynni;

2121 2872 2370 2938 Πνεῦμα,
2407 2873 2594 2942 φησὶν,
2627 2875 3064 2944 ἑκπορευόμενον
3089 2881 3153 2927 εκ
3189 2874 3293 2929 τοῦ
3329 2874 3542 2940 Πατρός
3571 2887 3583 2901 ⁸
3608 2869 3692 2922 καὶ

2119 2961 2591 3030 ἀποστελλόμενος)
2638 2961 2699 3016 οὐ
2743 2963 2905 3031 μόνον
2957 2965 3108 3032 παρὰ
3147 2962 3249 3016 τοῦ
3309 2960 3537 3030 Πατρός,
3571 2954 3693 3009 ἀλλά

2121 3055 2216 3108 καὶ
2247 3057 2398 3123 ’παρά
2431 3053 2525 3107 τοῦ
2563 3054 2691 3107 Υῑοῦ
2711 3071 2725 3087 ⁸
2757 3056 2851 3109 xul
2881 3055 3312 3113 διαστέλλουσιν.
3352 3053 3478 3108 ἄλλο
3525 3051 3584 3103 τὸ
3610 3050 3693 3102 Ex.

436 3141 787 3204 clamantem,
820 3141 972 3193 Abba
997 3138 1160 3192 Pater
1183 3139 1227 3171 ³⁸
1255 3155 1302 3190 .i
1327 3135 1522 3189 Nonne
1545 3133 1631 3188 liic
1659 3131 2015 3203 intelligimus

2125 3145 2470 3216 πορεύεσθαι,
2505 3147 2600 3200 καὶ
2633 3147 2762 3201 ἄλλο
2805 3149 2865 3201 τὸ
2901 3147 3373 3202 ἀποστέλλεσθαι·
3401 3144 3494 3199 καὶ
3519 3142 3577 3196 τὸ
3606 3141 3692 3211 μὲν

439 3232 611 3296 ipsius
635 3230 876 3299 Spiritus
903 3227 1246 3283 essentiam?
1271 3225 1631 3296 Nequaquam
1664 3225 1875 3292 dicunt,
1907 3238 2017 3277 non

439 3321 808 3389 pereipientes
830 3335 994 3372 unum
1028 3332 1148 3372 esse
1173 3316 1410 3386 Spiritus
1435 3313 1869 3386 proccssionem,
1896 3329 2020 3384 qua:

437 3411 672 3464 diversis
707 3409 1044 3464 dictionibus
1085 3407 1340 3474 traditur,
1378 3407 1637 3463 eumdem
1668 3406 2019 3462 servantibus

440 3515 702 3567 sensum;
755 3501 1213 3570 quemadmodum
1267 3509 1323 3555 et
1378 3503 1430 3556 in
1488 3501 1841 3572 generatione
1897 3500 2016 3555 Filii

441 3595 648 3661 evenit,
672 3593 891 3662 quando
912 3594 1166 3649 audimus
1197 3610 1210 3647 :
1237 3593 1413 3649 ιΜίεἰι
1443 3593 1588 3649 Deus
1613 3591 1808 3647 Filium
1833 3607 2014 3656 suum,

445 3690 649 3742 factum
668 3701 734 3741 ex
762 3685 993 3741 muliere
1011 3687 1077 3742 ³³.
1094 3685 1200 3742 iAd
1222 3685 1443 3742 Galatas
1470 3686 1575 3742 hoc
1596 3685 1774 3755 inquit
1797 3685 1856 3739 Β.
1881 3684 2022 3739 Pau-

441 3779 545 3832 lus.
582 3777 648 3831 Et
683 3776 803 3846 ipse
845 3776 1094 3832 Salvator
1117 3777 1198 3832 ait
1243 3794 1260 3833 :
1310 3798 1328 3830 ι
1371 3777 1486 3849 Ego
1516 3793 1546 3833 α
1584 3777 1745 3832 Patre
1775 3775 1923 3832 exivi
1963 3784 2021 3830 et

440 3872 564 3926 veni
589 3870 659 3936 εις
697 3889 715 3924 ι
757 3882 812 3928 et
846 3872 973 3926 alibi
1011 3887 1026 3925 :
1074 3889 1095 3924 ‹
1128 3871 1291 3927 Pater
1311 3857 1459 3928 enim
1491 3871 1644 3927 misit
1667 3869 1867 3925 Filium
1897 3869 2017 3924 Sal-

439 3975 688 4020 uatorem
748 3965 938 4020 mundi
977 3965 1060 4031 ἐς
1105 3983 1125 4016 ›
1175 3973 1231 4022 et
1280 3978 1518 4019 rursus:
1574 3981 1595 4014 ι
1632 3961 2021 4032 Evangelizare

441 4055 774 4124 pauperibus
804 4055 952 4109 misit
982 4069 1070 4109 me
1106 4054 1176 4120 ’σς
1206 4071 1226 4105 ι
1252 4063 1307 4108 et
1336 4055 1533 4108 iterum
1567 4069 1584 4108 :
1619 4070 1639 4104 ι
1684 4052 1841 4108 Πυιιο
1868 4053 2016 4108 enim

441 4149 602 4204 Pater
631 4147 866 4216 signavit
895 4147 1042 4200 Deus
1076 4145 1141 4208 ’νς
1181 4163 1204 4196 ι
1237 4153 1292 4199 et
1321 4144 1560 4200 Joannes
1593 4161 1606 4197 :
1640 4162 1661 4196 ι
1700 4145 1764 4200 Et
1781 4145 2018 4200 Verbum

444 4255 572 4292 raro
621 4237 828 4292 factum
873 4248 1000 4301 est,
1039 4245 1096 4290 et
1144 4235 1413 4290 habitavit
1445 4235 1503 4290 in
1536 4235 1700 4290 nobis
1733 4236 1798 4290 ³⁸.
1836 4253 1855 4287 i
1890 4235 2022 4300 Quae

442 4331 628 4389 omnia
679 4329 1092 4400 generationem
1131 4327 1251 4382 Filii
1298 4343 1361 4382 ex
1391 4327 1554 4382 Patre
1579 4327 1966 4383 demonstrant
2001 4345 2015 4382 :

445 4425 612 4494 idque
641 4439 766 4479 vere
799 4434 855 4478 et
884 4423 1120 4477 ﬁdeliter
1166 4421 1524 4490 intelligimus
1551 4459 1567 4486 ,
1600 4419 1764 4475 veluti
1801 4420 2018 4490 quando

441 4517 576 4571 dicit
604 4532 619 4570 :
656 4533 676 4567 ι
715 4515 902 4585 Neque
931 4515 1078 4570 euitn
1121 4512 1283 4567 Pater
1299 4511 1510 4583 jndicat
1537 4526 1894 4582 quemquam,
1919 4510 2015 4566 sed

443 4623 608 4664 mune
629 4609 893 4678 judicium
923 4607 1074 4663 dedit
1103 4604 1261 4660 Filio.
1288 4605 1356 4660 Et
1386 4606 1531 4661 sicut
1560 4604 1724 4658 Pater
1758 4605 1923 4660 habet
1945 4605 2022 4658 vi-

447 4715 556 4754 tam
589 4701 646 4755 in
675 4700 880 4770 seipso,
927 4700 1007 4754 sic
1049 4698 1200 4753 dedit
1245 4705 1301 4752 et
1348 4695 1489 4752 Filio
1519 4697 1686 4751 vitam
1734 4697 1939 4751 habere
1965 4697 2019 4751 in

445 4792 740 4862 semetipso
775 4793 818 4826 ²⁹
857 4810 877 4843 ο
925 4809 938 4844 :
972 4806 1080 4846 non
1113 4790 1258 4845 enim
1297 4788 1450 4860 prius
1479 4789 1793 4857 generavit,
1826 4797 1882 4843 et
1928 4804 2025 4858 po-

447 4896 563 4937 stea
599 4882 824 4938 tradidit
846 4884 894 4937 ei
926 4884 1088 4937 vitam
1117 4881 1482 4953 etjudicium,
1516 4881 1612 4936 sed
1637 4880 1801 4936 vitam
1837 4883 2026 4950 genuit

451 4977 629 5043 ipsum
665 4981 722 5028 et
758 4972 998 5041 judicent
1039 4975 1230 5044 genuit
1272 4973 1479 5044 ipsum.
1507 4974 1600 5029 Sic
1633 4983 1687 5028 et
1718 4975 1785 5029 de
1815 4972 2023 5044 Spiritu

443 5069 897 5139 s;mcto,quando
921 5069 1185 5138 Spiritum
1234 5067 1410 5123 Patris
1435 5069 1714 5136 audimus,
1756 5068 2024 5138 Spiritum

446 5184 510 5220 cx
545 5163 708 5219 Patre
739 5162 1117 5232 intelligimus,
1159 5173 1217 5216 et
1248 5160 1510 5231 Spiritum
1561 5161 1706 5225 Filii,
1759 5159 2024 5230 Spiritum

447 5273 513 5312 ex
545 5253 686 5310 Filio
731 5254 1084 5324 percipimus.
1127 5254 1197 5308 At
1224 5252 1440 5318 quando
1480 5251 1752 5317 audimus,
1787 5250 2028 5320 Spiritus

448 5348 690 5416 proﬂuit,
716 5348 966 5409 scaturit,
990 5355 1230 5412 emanat,
1252 5344 1587 5410 immittitur,
1619 5344 1822 5414 prodit,
1854 5345 2025 5398 tradi-

451 5450 588 5507 tum,
624 5441 876 5504 missum,
904 5439 1190 5505 emissum,
1223 5438 1723 5503 subministratunt,
1747 5435 1984 5490 eﬂusnm
2006 5481 2021 5502 ,
2063 5459 2066 5464 ·

521 5582 748 5638 "Joan.
809 5602 900 5651 xx,
954 5585 1044 5640 2‘2.
1148 5586 1192 5617 ²²
1255 5581 1431 5638 Galat.
1475 5599 1551 5647 tv,
1580 5582 1634 5636 6.
1745 5579 1950 5651 “ibid.
1983 5581 2036 5634 4.

449 5652 535 5708 l8.
644 5653 689 5682 ⁸⁷
742 5654 895 5709 Joan.
949 5672 1024 5718 νι,
1070 5655 1161 5707 ‘27.
1239 5651 1464 5707 "Joan.
1498 5653 1649 5715 1,“.

522 5809 599 5883 (Ι)
637 5807 692 5864 ld
715 5817 818 5875 cst,
854 5823 884 5862 a
917 5808 1078 5865 Patre
1116 5793 1377 5878 Spiritum
1412 5804 1727 5879 procedere.

2122 3242 2516 3312 ὲκπορεὺεσθαι
2551 3243 2754 3297 διδοῦσι
2783 3243 2862 3313 τῷ
2890 3245 3091 3312 Πατρὶ,
3115 3243 3175 3295 τὸ
3197 3243 3248 3295 δ’
3281 3237 3690 3295 ἀποστέλλεσθαι

2121 3336 2198 3404 τῷ
2229 3333 2364 3404 Υἱῷ.
2411 3333 2662 3404 ’Πρόμην
2697 3333 2742 3386 δ’
2780 3334 2847 3386 ἂν
2889 3333 3126 3395 αὐτούς·
3165 3335 3267 3386 xui.
3300 3333 3431 3386 ὅταν
3469 3325 3696 3383 6x06303-

2127 3445 2227 3496 μεν
2257 3427 2321 3479 ἑκ
2370 3426 2465 3479 τοῦ
2518 3425 2731 3494 Πατρὸς
2787 3424 3219 3478 ἀποστέλλεσθαι
3273 3423 3334 3478 τὸ
3371 3420 3591 3488 Πνεῦμα
3637 3413 3694 3467 τὸ

2123 3519 2300 3587 ἅγιον,
2337 3518 2391 3570 τί
2420 3516 2617 3584 δηλοῦν
2645 3516 2930 3588 βοὺλεταις
2957 3516 2988 3587 ἦ
3021 3518 3076 3568 τί
3095 3515 3318 3568 δίδωσιν
3347 3515 3481 3584 ἡμῖν
3507 3507 3689 3563 ἐννοεῖν

2118 3613 2270 3676 ἄλλο,
2311 3611 2466 3680 παρά
2492 3610 2554 3663 τὸ
2586 3611 2983 3678 ὲκπορεύεσθαι
3011 3626 3026 3675 ;
3060 3607 3333 3674 οὖμενουν
3360 3625 3375 3639 ο
3419 3625 3438 3657 ι
3483 3599 3689 3667 Ἐξαπέ-

2123 3702 2298 3756 στειλε
2329 3701 2458 3770 γὰρ,
2492 3703 2656 3771 φησιν
2716 3703 2743 3756 6
2792 3701 3068 3764 θειότατος
3118 3700 3357 3766 Παῦλος,
3399 3700 3427 3751 6
3459 3696 3586 3756 Θεὸς
3611 3691 3692 3744 καὶ

2122 3795 2315 3864 Πατὴρ
2342 3783 2410 3846 τδ
2444 3793 2674 3863 Πνεῦμα
2709 3792 2806 3846 τοῦ
2837 3791 2971 3846 Υἱοῦ
3009 3789 3174 3845 αὐτοῦ
3207 3794 3294 3854 εἰς
3337 3793 3440 3854 τὰς
3478 3785 3692 3855 καρδίας

2121 3889 2302 3958 ἡμῶν,
2335 3888 2540 3956 κράξον
2579 3888 2752 3942 Ἀὕόᾶ
2787 3889 2814 3942 6
2849 3887 3058 3958 Πατήρ.
3107 3905 3127 3939 ι
3167 3884 3302 3958 Ἀρ*
3347 3888 3409 3940 οὐ
3441 3884 3690 3952 νοήσομεν

2122 3978 2360 4032 ἐνταῦθα
2417 3978 2520 4048 τὴν
2574 3979 2741 4052 αὐτοῦ
2788 3978 2883 4031 τοῦ
2939 3977 3266 4049 Πνεῦματος
3327 3975 3598 4046 ὕπαρξινς
3638 3963 3690 4020 οὖ

2124 4086 2281 4138 φασι,
2318 4069 2392 4138 μὴ
2427 4069 2698 4128 συνιέντες
2725 4069 2775 4122 ol
2797 4069 3097 4142 ἄνθρωποι,
3129 4069 3213 4123 ὅτι
3248 4069 3351 4140 μία
3376 4065 3576 4132 ἐστὶνή
3605 4056 3685 4112 τοῦ

2125 4161 2448 4231 Πνεῦματος
2489 4161 2716 4232 πρόοδος
2741 4178 2755 4192 υ
2793 4162 2888 4215 καὶ
2927 4162 3316 4232 δογματίζεται
3347 4162 3402 4214 ὲν
3430 4155 3686 4224 διαφόροις
3759 4192 3766 4197 -

2124 4251 2360 4317 λέξεσιν,
2399 4250 2814 4315 ἀποσωζούσαις
2857 4251 2920 4304 τδ
2949 4251 3084 4305 αὐτὸ
3127 4251 3311 4320 νόημα
3341 4269 3356 4285 ο
3393 4249 3578 4313 ὥσπερ
3606 4236 3688 4294 καὶ

2125 4343 2219 4394 ἐπὶ
2274 4344 2373 4410 τῆς
2425 4342 2735 4412 γεννήσεως
2799 4341 2894 4396 τοῦ
2946 4341 3101 4408 Υῐοῦ,
3163 4342 3296 4396 ὅταν
3353 4338 3684 4400 ἀκούσωμεν.

2129 4452 2148 4485 ι
2195 4435 2612 4499 Ἑξαπέστειλεν
2640 4437 2668 4487 6
2722 4433 2858 4496 Θεὸς
2899 4435 2990 4487 τὸν
3031 4433 3161 4487 Υῑὺν
3203 4433 3372 4488 αὐτοῦ
3415 4427 3685 4496 γενόμενον

2124 4527 2190 4578 ἐκ
2221 4524 2482 4590 γυναικός
2511 4539 2525 4554 ο
2562 4543 2580 4575 i
2615 4523 2755 4593 πρὸς
2806 4523 3054 4587 Γαλάτας
3089 4524 3247 4578 τοῦτό
3276 4541 3442 4593 φησιν
3470 4523 3497 4574 ό
3529 4510 3686 4587 pax!!-

2129 4634 2245 4687 ριος
2292 4614 2525 4674 Παῦλος.
2559 4616 2668 4668 Καὶ
2693 4615 2854 4678 αὐτὸς
2883 4615 2938 4668 δὲ
2975 4615 3004 4668 6
3032 4615 3225 4686 Σωτὴρ
3273 4616 3422 4682 λέγει
3447 4629 3461 4643 ⁶
3501 4628 3520 4660 ί
3558 4601 3682 4671 Ἐγὼ

2129 4710 2281 4775 παρά
2323 4707 2417 4760 τοῦ
2465 4708 2676 4776 Πατρδς
2705 4708 2950 4776 ἐξῆλθον,
2978 4711 3074 4763 καὶ
3100 4709 3243 4779 ἥκω.
3280 4728 3298 4761 i
3339 4707 3447 4761 Καὶ
3477 4696 3646 4757 ἄλλοθι
3667 4707 3680 4721 ⁸

2134 4819 2154 4851 t
2201 4802 2261 4854 ’0
2295 4801 2404 4870 γὰρ
2429 4801 2618 4868 Πατὴρ
2673 4800 2984 4853 ἀπέσταλκε
3028 4801 3120 4853 τὸν
3171 4802 3302 4854 Υῐδν
3352 4795 3572 4863 Σωτῆρα
3601 4784 3680 4840 τοῧ

2129 4893 2372 4960 κόσμου·
2413 4910 2432 4943 i
2480 4891 2575 4946 xul
2607 4887 2674 4944 αὖ
2705 4907 2719 4919 '
2754 4911 2772 4941 ι
2807 4892 3284 4961 Εὐαγγελὶσασθαι
3313 4888 3541 4957 πτωχοῖς
3565 4875 3684 4933 ἀπέ’

2131 4981 2331 5034 σταλκέ
2387 4998 2476 5049 με.
2535 4999 2552 5030 i
2595 4981 2702 5033 Καὶ
2734 4980 2918 5046 πάλιν,
2956 5002 2974 5033 ι
3013 4981 3216 5035 Τοῦτον
3274 4981 3383 5050 γὰρ
3432 4981 3458 5030 ὁ
3512 4968 3681 5033 "alii?

2131 5076 2464 5145 ἐσφράγισεν
2493 5076 2518 5126 ὁ
2547 5073 2700 5136 Θεός.
2735 5091 2757 5128 ι
2795 5075 2906 5127 Καὶ
2951 5075 3207 5144 Ἰωάννης
3234 5094 3248 5108 υ
3287 5096 3306 5127 ι
3343 5067 3449 5128 Καὶ
3475 5071 3501 5122 6
3528 5063 3681 5128 Λόγος

2134 5165 2270 5234 σὰρξ
2299 5165 2539 5230 ἐγένετο,
2589 5167 2684 5216 xul
2722 5166 3038 5235 ἐσκήνωσεν
3070 5167 3128 5218 ἐν
3173 5169 3329 5236 ἡμῖν.
3368 5184 3386 5218 i
3425 5162 3490 5216 'A
3522 5156 3677 5209 πάντα

2133 5256 2233 5328 τὴν
2261 5256 2516 5324 γέννησιν
2571 5256 2738 5309 αὐτοῦ
2767 5260 2862 5310 τοῦ
2897 5257 3030 5311 Υἱοῦ
3063 5257 3320 5326 δηλοῦσιν
3349 5259 3413 5310 ἐκ
3457 5249 3544 5303 τοῦ
3577 5245 3674 5297 llu-

2135 5347 2282 5416 τρός.
2322 5347 2429 5400 Kul
2447 5347 2605 5399 τοῦτο
2627 5347 2842 5414 ἀληθῶς
2865 5348 2956 5400 καὶ
2985 5349 3194 5411 πιστῶς
3224 5347 3468 5414 νοοῦμεν,
3507 5339 3673 5398 ὥσπερ

2137 5435 2232 5487 καὶ
2266 5437 2393 5488 ὅταν
2425 5435 2557 5505 λέγῃ
2595 5452 2608 5466 ·
2649 5453 2668 5485 t
2704 5436 2839 5488 Οὐδὲ
2871 5437 2978 5505 γάρ
3007 5439 3035 5490 ό
3065 5439 3256 5508 Πατὴρ
3285 5437 3456 5506 κρίνει
3482 5424 3671 5482 οὐδένα,
3714 5459 3726 5472 ο

2137 5581 2180 5613 ’λ
2213 5580 2368 5634 Juan.
2432 5597 2542 5644 xvi,
2576 5581 2666 5638 98.
2770 5585 2812 5616 ³⁸
2847 5581 2863 5634 Ι
2902 5581 3058 5637 Joan.
3100 5598 3174 5649 tv,
3229 5583 3314 5638 l4.
3389 5577 3432 5611 ¹⁶
3467 5574 3672 5630 ιλιαιν,

1758 5653 1801 5682 ’³
1831 5649 1989 5704 Juutl.
2040 5667 2093 5714 ν,
2129 5653 2218 5715 2‘2,
2251 5651 2343 5704 ‘26.

2211 5804 2286 5876 (εὶ)
2322 5804 2379 5861 ιιι
2399 5817 2501 5871 est,
2523 5823 2550 5860 a
2574 5805 2712 5864 Filio
2731 5807 2992 5880 Spiritum
3019 5811 3179 5869 mitti.
