4004 6422
279 385 412 451 1117

885 381 1034 442 PRO
1077 389 1288 446 (IONC.
1331 389 1708 454 FLORENT.
1747 392 1912 454 CAP.
1955 394 2000 456 Ῐ.
2045 393 2142 452 DE
2167 393 2500 455 'SPIRITU
2547 391 2861 456 SANCTO.

3407 381 3431 447 l
3444 377 3545 448 153

279 500 485 568 Πατὴρ,
521 499 578 550 ἐν
615 497 715 568 μὲν
745 499 820 568 τῷ
852 500 1017 567 ἕκτῳ,
1048 499 1107 550 τὸ
1136 501 1192 564 ἐξ
1222 498 1385 552 αὐτοῦ
1416 516 1475 550 τε
1501 501 1596 551 καὶ
1624 500 1681 552 ἐν
1712 499 1848 569 αὑτᾷ

1959 513 2124 566 quam
2161 499 2305 564 quod
2355 499 2519 552 Pater
2573 513 2700 552 eum
2751 497 3026 568 producit,
3071 499 3310 555 infundit
3357 509 3546 554 autem

277 592 365 645 καὶ
390 591 522 644 ίδιον
578 591 742 644 αὑτοῦ
767 608 782 624 ο
822 594 881 644 ἐν
923 591 978 643 δὲ
1013 590 1091 661 τῷ
1126 591 1342 659 ἐδεόμῳ
1395 592 1494 643 οὐκ
1549 591 1609 642 ἐκ
1646 591 1849 660 μέτρου

274 683 455 734 δίδωσι
508 683 568 734 τὸ
615 681 849 752 Πνεῦμα
889 681 1033 734 κατά
1079 682 1174 750 τὴν
1216 683 1468 734 Ἰωάννου
1499 681 1706 750 φωνὴν,
1735 680 1851 734 ἀλλ’

275 773 434 835 αὐτὸς
469 773 680 840 ἐνίησιν
711 774 843 826 αύτὺ
884 773 946 836 ἐξ
979 773 1196 833 ἑαυτοῦ,
1242 774 1492 842 καθάπερ
1533 773 1727 842 ἁμέλει
1759 773 1852 825 καὶ

277 867 302 914 6
333 865 545 933 Πατήρ.
593 865 652 916 Ei
691 859 784 917 οὖν
840 864 1091 934 καθάπερ
1138 867 1165 917 6
1219 863 1409 933 Πατὴρ
1460 863 1754 933 προσάλλει
1790 865 1850 916 τὸ

269 957 500 1024 ’Πνεῦμα
543 956 640 1008 καὶ
667 957 695 1009 6
732 955 882 1018 Υἱὸς.
909 957 962 1008 τί
1007 958 1087 1008 ἔτι
1146 956 1303 1024 ὑμεῖς
1339 955 1750 1025 ἁμφιϐάλλετε;
1801 957 1848 1007 εἰ

274 1051 374 1119 μὲν
401 1052 507 1122 γὰρ
540 1052 676 1105 διότι
711 1053 900 1121 φησὶν,
943 1052 1004 1105 'O
1039 1054 1194 1119 ἅγιος
1227 1052 1424 1120 ἐνίησι,
1459 1054 1552 1106 καὶ
1590 1053 1651 1104 ού
1679 1052 1852 1120 λέγει,

271 1143 590 1213 προϐάλλει,
614 1143 646 1210 ἢ
670 1143 940 1213 πρόεισιν,
974 1143 1008 1210 ἦ
1039 1142 1349 1213 ἐκπορεύει,
1376 1143 1510 1196 ἀλλὰ
1536 1144 1595 1196 τὸ
1623 1145 1850 1213 ἐνίησιν·

269 1234 490 1302 ἀδελφοὶ
548 1234 748 1287 ταυτὸν
800 1233 1049 1304 βούλεται
1240 1235 1619 1304 ἐκπορεύεται,
1659 1237 1851 1306 ἐπειδὴ

263 1329 371 1396 τὴν
401 1326 569 1396 αὐτὴν
598 1327 758 1396 ῥῆσιν
789 1328 883 1381 καὶ¹
933 1329 1026 1380 ἐπὶ
1057 1331 1148 1382 τοῦ
1187 1329 1396 1398 Πατρδς
1442 1328 1661 1398 τίθησιυ
1699 1327 1850 1396 λέγει

265 1420 397 1488 γὰρ,
441 1417 679 1488 Ἐνίησιν
708 1420 838 1471 αὐτὸ
860 1419 1109 1489 καθάπερ
1133 1418 1226 1470 καὶ
1258 1420 1285 1470 6
1311 1419 1526 1489 Πατήρ,
1557 1419 1721 1470 Ὥστε
1753 1419 1848 1472 καὶ

1954 605 2080 642 cum
2114 597 2168 643 et
2215 588 2390 642 Filius
2423 590 2888 659 quemadmodum
2944 588 3106 644 Pater
3134 609 3148 645 :
3186 592 3390 645 emittit
3418 607 3550 659 ergo

1954 677 2126 737 Filius
2156 679 2633 750 {quemadmodum
2675 681 2860 749 utique
2914 689 2968 734 et
3007 680 3199 744 Pater,
3243 697 3366 734 nam
3417 697 3547 735 cum

1953 771 2275 841 simpliciter
2300 771 2556 824 audimus
2593 788 2610 820 ι
2648 769 2886 840 Spiritus
2921 771 3121 834 Patris,
3170 789 3187 820 ι
3229 770 3365 824 nihil
3398 768 3546 824 aliud

1955 864 2310 932 intelligimus
2344 863 2447 917 nisi
2481 878 2547 918 ex
2578 864 2736 918 Patre
2767 879 2890 918 eum
2925 865 3242 933 procedere.
3279 863 3544 932 Sequitur

1955 971 2086 1026 ergo
2125 957 2288 1010 etiam
2322 972 2442 1008 cum
2477 956 2546 1009 de
2573 954 2709 1009 Filio
2747 957 2848 1010 hoc
2887 956 3246 1018 audierimus,
3297 974 3312 1005 ι
3357 953 3536 1023 Spiri-

1959 1059 2070 1103 tum
2097 1048 2240 1113 Filii,
2275 1065 2299 1100 ι
2339 1058 2389 1102 et
2420 1063 2484 1102 ex
2515 1047 2653 1102 Filio
2683 1048 3066 1116 procedentem
3107 1046 3416 1100 necessario
3439 1061 3541 1100 nos

1959 1138 2288 1206 intclligi-re,
2341 1153 2516 1207 eoque
2562 1137 2723 1191 modo
2761 1152 2886 1191 vera
2937 1138 3192 1202 dicimus,
3237 1145 3294 1191 et
3334 1136 3545 1190 sanctis

1961 1231 2363 1294 consentimus,
2422 1230 2655 1284 dicendo
2685 1245 2750 1284 ex
2813 1229 2971 1283 Patre
3024 1242 3077 1284 et
3109 1229 3248 1283 Filio
3294 1238 3543 1282 sanctum

1955 1327 2256 1393 procedere
2289 1321 2578 1391 Spiritum.
2618 1321 2686 1374 At
2733 1321 2786 1375 id
2823 1323 3041 1391 quidem
3091 1320 3328 1375 dilucide
3357 1329 3544 1373 osten-

1955 1431 2075 1470 sum
2115 1423 2222 1480 est,
2255 1415 2548 1484 radiosque
2585 1414 2651 1467 ad
2689 1414 2860 1468 instar
2892 1414 3024 1469 solis
3057 1414 3259 1466 emittit
3287 1411 3405 1466 haec
3443 1425 3544 1465 cx-

262 1511 292 1561 6
326 1510 515 1579 Πατὴρ
548 1510 723 1579 ἐνίησι
752 1510 814 1562 τὸ
862 1508 1108 1578 Πνεῦμα.
1152 1509 1218 1562 El
1266 1503 1361 1560 οὖν
1395 1508 1609 1577 ἐνίησιν
1655 1507 1786 1560 αὐτὸ
1820 1507 1848 1559 6

1952 1508 2176 1578 positio,
2208 1507 2469 1562 adversus
2505 1522 2668 1576 quam
2713 1523 2836 1561 cum
2871 1508 3147 1576 respicere
3174 1521 3282 1559 non
3311 1503 3544 1574 possint,

266 1601 480 1670 Πατὴρ,
509 1601 668 1655 τοῦτο
699 1601 757 1654 δέ
789 1602 888 1654 οὐκ
919 1601 1046 1659 ἁλλο
1073 1613 1124 1654 τι
1156 1601 1238 1654 δεῖ
1267 1602 1466 1653 ἐννοεῖν
1495 1601 1666 1669 ἡμᾶς,
1695 1599 1728 1670 ἢ
1765 1600 1847 1652 ὅτι

1953 1601 2047 1669 qui
2083 1610 2296 1654 noctuae
2322 1599 2510 1655 oculos
2547 1601 2775 1664 habent,
2810 1614 3028 1653 sursum
3067 1599 3328 1653 deorsum
3372 1596 3546 1652 oll’eno

262 1694 557 1762 ἐκπορεύει
587 1695 719 1749 αὐτὸ
747 1697 776 1748 6
806 1695 1012 1764 Πατὴρ,
1050 1695 1226 1765 ἐνίησι
1259 1693 1315 1746 δέ
1345 1693 1504 1747 τοῦτο
1535 1693 1628 1746 καὶ
1658 1695 1685 1745 6
1716 1691 1846 1756 Υίδς
1955 1695 2115 1748 dunt.

262 1789 522 1856 καθάπερ
567 1790 660 1842 καὶ
689 1791 715 1840 6
745 1790 964 1858 Πατὴρ,
1005 1788 1298 1857 ἐκπορεύει
1335 1789 1443 1858 ἄρα
1493 1787 1653 1840 τοῦτο
1699 1788 1793 1840 καὶ
1827 1787 1855 1840 6
1890 1785 2042 1852 Υἱὸς,
2099 1787 2354 1858 καθάπερ
2405 1784 2701 1858 τοιγαροῦν
2738 1787 2851 1868 ,καὶ
2910 1789 2938 1838 6
2989 1787 3204 1856 Πατήρ.
3259 1788 3368 1840 Kal
3431 1783 3543 1854 γάδ

261 1885 397 1937 ὅταν
426 1887 747 1955 ἀκούσωμεν
775 1885 961 1948 ἁπλῶς
991 1886 1049 1939 τὺ
1095 1886 1317 1955 Πνεῦμα
1347 1885 1443 1938 τοῦ
1476 1886 1707 1956 Πατρδς,
1737 1887 1841 1938 οὐκ
1884 1887 2014 1940 ἄλλο
2040 1903 2095 1938 τι
2129 1888 2446 1956 ἐννοουμεν,
2479 1886 2513 1956 ἢ
2545 1888 2604 1938 τὸ
2634 1886 2700 1938 ἐκ
2730 1887 2824 1940 τοῦ
2894 1887 3104 1954 Πατρδς
3175 1887 3548 1956 ἐκπορευόμε-

260 1995 374 2031 νον.
415 1977 646 2030 ’Ἐπεται
672 1978 784 2040 οὖν,
819 1980 912 2032 καὶ
939 1981 1067 2032 ὅταν
1101 1982 1194 2032 ἐπὶ
1218 1983 1310 2033 τοῦ
1346 1980 1475 2034 Υίοῦ
1504 1981 1649 2034 τοῦτ’
1681 1982 2028 2050 ἀκούσωμει,
2059 1980 2120 2036 τὸ
2150 1980 2377 2047 Πνεῦμα
2404 1979 2499 2033 τοῦ
2543 1979 2694 2041 Υἱοῦ,
2727 1981 2823 2033 καὶ
2897 1982 2960 2034 ἐκ
3022 1979 3117 2032 τοῦ
3185 1979 3316 2033 Υἱοῦ
3379 1980 3548 2032 ἐκοτιτο⁸

261 2075 564 2144 ρευόμενον
610 2077 924 2144 ἀναγκαίως
977 2079 1116 2130 νοεῖν
1167 2079 1338 2148 ἡμᾶς.
1396 2079 1504 2132 Καὶ
1556 2078 1730 2148 τούτῳ
1762 2079 1839 2146 τῷ
1878 2080 2065 2150 τρόπῳ
2147 2076 2510 2145 ἀληθεύομεν,
2582 2076 2680 2131 καὶ
2723 2078 2835 2138 τοῖς
2886 2077 3068 2144 ἁγίοις
3113 2073 3541 2144 συμφωνοῦμεν,

256 2165 517 2234 λέγοντες
563 2168 644 2220 ὅτι
678 2172 739 2221 ἐκ
793 2170 886 2222 τοῦ
927 2170 1140 2238 Πατρδς
1172 2171 1264 2222 καὶ
1310 2169 1403 2222 τοῦ
1435 2167 1564 2222 Υἱοῦ
1597 2171 1656 2222 τὸ
1686 2171 1843 2238 ἁγιον
1884 2168 2243 2240 ἐκπορεύεται
2279 2167 2500 2241 Πνεῦμα
2526 2181 2544 2199 ⁸
2579 2167 2716 2221 ἀλλά
2761 2167 2918 2221 τοῦτο
2951 2167 3052 2236 μὲν
3119 2166 3391 2235 λαμπρῶς
3452 2163 3542 2217 δέ-

257 2266 510 2317 δεικται·
559 2266 657 2315 καὶ
685 2262 782 2325 τάς
837 2264 1057 2327 ἀκτῖνας
1090 2267 1248 2336 δίκην
1297 2267 1449 2336 ἡλίου
1484 2267 1762 2336 ἐκπέμπει
1808 2269 1841 2336 ἡ
1881 2267 2148 2338 ἐξήγησις
2201 2265 2365 2334 αὕτη.
2401 2265 2495 2328 Εἰς
2527 2264 2706 2336 ἥνπερ

2785 2264 2838 2316 οι
2888 2281 3048 2319 sunt:
3057 2263 3381 2332 ρᾶφθαλμοι,
3461 2265 3538 2334 μὴ

251 2358 559 2428 δυνάμενοι
611 2357 970 2428 ἀντιϐλέψαι,
1019 2360 1134 2413 ἄνω
1192 2360 1287 2412 καὶ
1350 2358 1500 2414 κάτω
1555 2360 2018 2429 προσκόπτουσιν.

1027 2453 1103 2505 Ζ’.

351 2543 509 2611 Ἐμοὶ
555 2541 612 2595 δέ
641 2543 790 2596 δοκεῖ
832 2543 1039 2596 δίκαιον
1083 2541 1209 2594 ἐπεὶ
1248 2540 1695 2609 συνεπεράναμεν
1746 2540 1848 2608 τὴν

257 2635 560 2703 ἡμετέραν.
585 2633 899 2702 ὑπόσχεσιν,
935 2632 1022 2685 διὰ
1057 2633 1355 2701 τριάκοντα
1387 2631 1482 2684 καὶ
1513 2632 1682 2701 τριῶν
1709 2642 1849 2698 μαρ-

255 2725 471 2794 τυριῶν
506 2725 842 2778 ἀνατολικῶν
879 2725 1052 2791 ἁγίων
1083 2724 1500 2786 ἀποδεικνύντες
1529 2726 1588 2776 τὸ
1625 2724 1848 2792 Πνεῦμα

255 2819 328 2872 τδ
367 2817 520 2884 ἆγιον
554 2817 646 2869 καλ⁵
683 2819 744 2870 ἐκ
777 2818 869 2870 τοῦ
909 2818 1058 2880 Υίοῦ,
1096 2819 1242 2880 ὅπως
1282 2819 1376 2870 καὶ
1410 2817 1641 2870 δυτικῶν
1673 2817 1846 2884 ἁγίων

259 2907 621 2978 μνησθῶμεν,
661 2908 755 2960 καὶ
790 2910 1099 2978 μαρτυρίας
1131 2912 1194 2962 ἐκ
1228 2908 1432 2961 τούτων
1464 2909 1718 2971 ἐκὰστου,
1754 2907 1849 2960 δύο

254 3003 288 3070 ἢ
327 3002 480 3070 τρεῖς
538 3004 987 3070 προκομίσωμεν,
1036 3002 1115 3063 εἰς
1152 2999 1381 3066 ἔνδειξιν
1431 3000 1516 3054 ὅτι
1559 3001 1607 3053 οί
1640 3001 1847 3054 δυτικοὶ

253 3093 367 3146 καὶ
389 3092 696 3145 ἀνατολικοὶ
729 3092 1043 3145 διδάσκαλοι
1079 3092 1454 3161 συμφωνοῦσι,
1482 3095 1574 3146 καὶ
1609 3094 1846 3162 ἀμφιδο-

250 3188 356 3239 λία
385 3187 613 3256 οὐδεμία
637 3187 783 3239 ἐστὶν
814 3189 872 3239 ἐν
905 3187 1109 3248 αὐτοῖς.
1143 3184 1251 3238 Καὶ
1274 3184 1492 3254 πρῶτος
1523 3187 1551 3238 6
1581 3187 1637 3237 ἐν
1669 3185 1847 3253 ἁγίοις

255 3279 581 3350 περίφημος
615 3280 711 3332 καὶ
737 3279 836 3348 τῆς
883 3279 1212 3346 Ἐκκλησίας
1249 3276 1438 3345 Πατὴρ
1470 3276 1563 3330 καὶ
1592 3275 1849 3330 διδάσκα-

253 3373 379 3434 λος,
412 3370 714 3440 Γρηγόριὸς
745 3387 886 3439 φημι
919 3373 945 3422 6
974 3369 1248 3438 Διάλογος,
1281 3368 1497 3437 παρίτω
1526 3383 1849 3438 συμμαρτυ-

257 3465 456 3536 ρήσων
518 3466 630 3525 τοῖς
682 3463 1020 3525 ἀνατολικοίς
1069 3462 1432 3524 διδασκάλοις.
1493 3460 1694 3514 Τοῦτον
1736 3461 1846 3528 γάρ

256 3556 364 3610 καὶ
413 3556 446 3626 ἡ
502 3553 800 3624 ἀνατολικὴ
846 3553 1143 3623 Ἐκκλησία
1191 3551 1512 3605 διδάσκαλον
1560 3553 1651 3604 καὶ
1691 3551 1845 3619 ἆγιον

254 3649 415 3718 ἔχει’
453 3645 546 3698 καὶ
596 3645 697 3714 τὴν
741 3645 964 3713 μνήμην
1005 3642 1193 3709 αὐτοῦ,
1236 3643 1468 3696 ἐκάστου
1519 3642 1672 3704 ἔτους
1727 3641 1846 3711 μετ’

255 3737 544 3808 εὐφημίας
563 3738 684 3804 ἁγει
713 3754 730 3768 ο
757 3737 854 3790 καί⁸
879 3737 940 3789 οὐ
970 3737 1245 3805 δυνάμεθα
1273 3736 1410 3806 άρνή
1423 3735 1640 3789 σασοαι.
1675 3734 1844 3797 Οὗτος

258 3790 464 3900 ’ἐν
611 3790 728 3881 τῶν
759 3826 924 3882 αὑτοῦ
982 3790 1455 3898 συγγραμμάτων,
1501 3827 1639 3895 μετὰ
1674 3790 1844 3880 πολλά
1867 3790 1916 3856 c

262 3923 401 3978 ἄλλα
446 3920 645 3990 φησίν·
685 3939 703 3972 ι
741 3918 908 3974 Ὅθεν
954 3919 1052 3974 καὶ
1102 3919 1240 3988 αὑτὴ
1273 3921 1305 3989 ὴ
1351 3919 1581 3990 ἀλήθεια
1612 3919 1698 3973 ἶνα
1731 3919 1845 3982 τοῖς

273 4016 541 4083 μαθηταῖς
587 4014 770 4066 πίστιν
801 4013 1033 4082 προσθῇ,
1066 4009 1219 4066 είπεν
1248 4028 1262 4042 ο
1307 4013 1434 4065 Ἐὰν
1474 4012 1580 4082 γὰρ
1615 4010 1726 4079 ἐγὼ
1768 4013 1844 4083 μὴ

267 4109 511 4170 ἀπέλθω,
549 4109 578 4161 6
635 4107 991 4179 Παράκλητος
1038 4107 1135 4160 οὐκ
1189 4107 1471 4160 ἐλεύσεται
1510 4107 1642 4176 πρδς
1677 4107 1841 4176 ὑμᾶς.

277 4201 437 4255 Ἐπεὶ
463 4201 567 4268 γὰρ
593 4200 807 4268 ἀνάγκη
841 4199 957 4251 ἐστὶ
980 4200 1071 4251 τὸν
1103 4200 1482 4270 Παράκλητον,
1507 4198 1568 4252 τὸ
1599 4196 1845 4266 Πνεῦμα,

263 4295 337 4344 ἐκ
362 4290 455 4344 τοῦ
489 4290 703 4360 Πατρὸς
729 4289 816 4343 ἀεὶ
847 4290 943 4342 καὶ
971 4288 1064 4341 τοῦ
1095 4289 1227 4341 Υἱοῦ
1257 4288 1676 4360 ἐκπορεύεσθαι,
1705 4287 1848 4349 τίνος

261 4383 432 4453 χάριν
484 4381 678 4435 ἑαυτὸν
716 4383 744 4434 6
800 4379 928 4443 Υίδς
986 4380 1413 4450 ἀποδημήσοντα
1474 4380 1720 4450 είρηκεν,
1780 4376 1848 4431 ἵν’

255 4471 481 4538 ἐκεῖνος
505 4473 654 4544 ελθῃ,
687 4476 714 4527 6
749 4473 844 4528 τοῦ
889 4473 1020 4525 Υίοῦ
1054 4472 1322 4542 μηδέποτε
1374 4471 1744 4542 ἀφιστάμενος
1768 4486 1788 4538 ;
1813 4469 1850 4540 ἢ

257 4572 352 4624 ὅτι
406 4569 456 4621 οἱ
516 4566 804 4621 ἀπόστολοι
849 4569 906 4618 ἐν
955 4565 1119 4636 σαρκὶ
1157 4567 1490 4633 σωματικοῖς
1547 4561 1850 4630 ὀρθαλμοῖς

251 4661 505 4734 δρῶντες
531 4661 623 4714 τὸν
661 4661 867 4725 Κύριον
901 4645 994 4710 καῖ
1045 4655 1433 4725 πνευματικῶς
1465 4654 1659 4724 ἐδίψων
1690 4654 1844 4724 ὀρᾷν,

253 4753 447 4826 ὀρθῶς
479 4751 665 4813 αὑτοῖς
691 4751 997 4817 διαλέγεται
1020 4765 1063 4800 ἰ
1088 4748 1213 4803 Ἐὰν
1231 4747 1340 4817 γὰρ
1363 4747 1472 4816 ἐγὼ
1505 4749 1577 4818 μὴ
1606 4745 1845 4813 ἀπέλθω,

249 4851 282 4901 ὁ
324 4844 682 4913 Παράκλητος
715 4843 815 4896 οὐκ
836 4841 1131 4894 ἐλεύσεται*
1166 4857 1184 4889 ι
1221 4839 1416 4909 ὥσπερ
1448 4838 1513 4892 ἂν
1539 4841 1588 4891 εί
1621 4839 1850 4908 διαρρή-

250 4943 361 5010 δην
395 4939 577 4999 αὐτοῖς
617 4936 823 5002 ἔλεγεν,
868 4933 993 4986 Ἐὰν
1021 4934 1098 5002 μὴ
1131 4931 1190 4982 τδ
1231 4931 1390 5000 σῶμα
1422 4930 1732 5000 ἀφέλωμαι,
1760 4929 1842 4992 τίς

254 5035 332 5085 ἂν
367 5030 454 5098 εἴη
494 5029 524 5083 6
559 5025 933 5095 πνευματικὸς
972 5025 1111 5092 ἔρως
1157 5024 1216 5074 οὐ
1249 5023 1532 5090 δείκνυμι·
1564 5022 1654 5073 καὶ
1685 5021 1735 5074 εί
1773 5020 1848 5090 μὴ

2696 2441 2806 2498 VII.

2024 2537 2131 2592 Sed
2159 2536 2294 2592 mihi
2319 2553 2534 2606 mquum
2557 2551 2681 2590 esse
2704 2532 2944 2594 videtur.
2975 2549 3098 2590 cum
3124 2534 3540 2602 prmstiterlmus

1949 2629 2094 2696 quod
2130 2627 2356 2697 polliciti
2393 2643 2605 2691 sumus,
2639 2627 2815 2680 tribus
2849 2633 2903 2679 ct
2949 2627 3166 2696 triginta
3211 2627 3538 2683 testimoniis

1948 2719 2312 2776 Orientalium
2331 2729 2644 2774 sanctorum
2682 2718 2932 2788 prolatis,
2970 2719 3038 2772 ad
3068 2723 3535 2789 COIhpI'Oltalldlllll

1949 2827 2012 2866 ex
2045 2811 2182 2866 Filio
2213 2813 2377 2866 etiam
2411 2827 2536 2865 esse
2566 2820 2822 2865 sanctum
2866 2808 3152 2879 Spiritum,
3209 2823 3265 2865 ut
3315 2822 3539 2868 sancto-

1950 2917 2070 2955 rum
2100 2901 2538 2957 Occidentalium
2591 2903 2929 2955 mentionem
2966 2899 3258 2966 faciamus,
3307 2914 3360 2958 et
3410 2907 3538 2958 bina

1950 2994 2036 3048 vel
2067 3005 2219 3049 terna
2262 2995 2574 3049 testimonia
2605 3009 2672 3047 ex
2699 2992 2926 3061 singulis
2952 2993 3272 3056 aderamus,
3295 2996 3360 3050 ad
3391 3012 3538 3050 com-

1950 3087 2292 3157 probandum
2349 3086 2737 3142 Occidentales
2790 3095 2844 3139 et
2908 3087 3215 3142 Osicntales
3286 3091 3540 3143 doctores

1948 3180 2306 3247 concordare,
2343 3196 2441 3236 nec
2477 3196 2599 3238 esse
2645 3182 2700 3237 in
2753 3182 2820 3240 iis
2865 3184 3030 3238 ullam
3079 3182 3536 3255 ambiguitatem:

1948 3277 2268 3348 primusque
2344 3277 2489 3333 inter
2544 3288 2770 3334 sanctos
2821 3279 3216 3335 celeberrimus
3277 3276 3539 3332 Ecclesiae

1948 3367 2110 3422 Pater
2154 3377 2210 3422 et
2253 3368 2464 3432 doctor,
2507 3367 2824 3438 Gregorius,
2883 3371 3129 3440 inquam,
3159 3368 3435 3437 Dialogus,
3471 3367 3541 3420 ad

1950 3458 2358 3514 testiﬁcandqu
2385 3476 2490 3514 una
2517 3477 2643 3516 cum
2687 3461 3006 3516 doctoribus
3033 3460 3406 3516 Orientalibus
3443 3473 3542 3514 ac-

1947 3551 2105 3606 cedat
2131 3567 2145 3604 :
2174 3566 2296 3606 nam
2332 3567 2464 3606 eum
2494 3553 2660 3608 etiam
2690 3551 2984 3608 Orientalis
3012 3553 3254 3608 Ecclesia
3284 3568 3383 3621 pro
3415 3567 3542 3606 san-

1946 3651 2036 3697 cto
2083 3641 2266 3708 habet,
2293 3643 2525 3713 ejusque
2551 3643 3132 3698 commemorationem
3170 3643 3398 3711 singulis
3431 3657 3537 3695 au-

1948 3733 2033 3788 nis
2063 3749 2185 3790 cum
2237 3735 2430 3806 plausu
2486 3736 2722 3806 peragit,
2776 3750 2877 3790 nec
2916 3733 3148 3805 potestis
3199 3734 3438 3788 dil‘l‘iteri.
3487 3733 3540 3788 Is

1949 3841 2184 3894 namque
2213 3826 2263 3884 in
2293 3827 2529 3896 quodam
2562 3842 2663 3883 suo
2692 3835 2929 3886 tractatu
2963 3827 3040 3896 (l)
3068 3837 3194 3896 post
3227 3826 3330 3882 alia
3365 3827 3538 3880 multa

1947 3917 2142 3972 scribit
2177 3935 2190 3971 :
2233 3937 2252 3970 ι
2295 3917 2452 3973 Unde
2507 3919 2640 3989 ipsa.
2679 3909 2901 3990 quo'que
2950 3917 3165 3978 Veritas
3191 3960 3207 3983 ,
3259 3927 3318 3972 ut
3370 3917 3536 3971 ﬁdem

1947 4007 2228 4078 discipulis
2275 4021 2498 4082 augeret
2529 4050 2545 4075 ,
2593 4012 2766 4066 dixit:
2838 4030 2858 4064 ι
2894 4010 2949 4067 Si
3001 4025 3100 4082 ego
3154 4027 3264 4065 non
3322 4010 3534 4072 abiero.

1948 4098 2266 4158 Paracletus
2317 4119 2427 4158 non
2459 4105 2644 4160 veniet
2676 4104 2745 4158 ad
2775 4119 2927 4160 νοις.»
2962 4105 3102 4161 Cum.
3131 4104 3276 4157 enim
3301 4112 3535 4167 constet,

1949 4193 2077 4263 quia
2115 4193 2432 4254 Paracletus
2464 4198 2704 4267 Spiritus
2744 4213 2774 4253 a
2823 4197 2987 4256 Patre
3023 4214 3242 4269 semper
3277 4197 3540 4268 procedat

1949 4300 2006 4345 et
2026 4288 2190 4357 Filio,
2221 4305 2320 4345 cur
2341 4305 2402 4346 se
2438 4291 2622 4358 Filius
2644 4307 2994 4356 recasurum
3019 4293 3172 4355 dicit,
3222 4301 3279 4346 ut
3312 4291 3400 4346 ille
3443 4307 3538 4346 ve-

1950 4382 2088 4444 niat,
2142 4382 2235 4450 qui
2272 4396 2306 4436 ε
2339 4379 2482 4435 Filio
2515 4398 2794 4452 nunquam
2849 4383 3098 4444 recedit?
3134 4383 3238 4437 Sed
3275 4384 3402 4451 quia
3453 4383 3538 4436 di-

1950 4473 2470 4543 sciptilirbominum
2523 4475 2577 4530 in
2633 4489 2798 4530 carne
2828 4483 3137 4540 cernentes.
3175 4473 3539 4542 spiritualiter
3582 4544 3584 4554 Ι

1949 4579 2167 4635 quoque
2203 4565 2394 4621 videre
2426 4565 2711 4630 sitiebmt,
2737 4574 2888 4622 recte
2919 4566 2997 4624 eis
3032 4565 3252 4631 dicitur,
3289 4582 3309 4616 ι
3347 4565 3404 4619 Si
3433 4578 3538 4634 ego

1951 4671 2060 4711 non
2098 4655 2306 4730 abiero,
2337 4657 2658 4713 Paracletus
2697 4671 2805 4712 non
2851 4658 3055 4723 veniet,
3089 4675 3110 4708 ›
3163 4670 3228 4711 ac
3263 4655 3308 4710 si
3343 4666 3536 4725 aperte

1949 4744 2232 4800 diceretur
2264 4763 2278 4799 :
2321 4743 2378 4801 Si
2407 4761 2608 4817 corpus
2641 4762 2750 4802 non
2795 4746 3082 4812 subtraho,
3116 4747 3239 4816 quis
3281 4748 3353 4800 sit
3383 4760 3538 4806 amor

1951 4831 2190 4901 Spiritus
2222 4850 2332 4888 non
2369 4838 2600 4891 ostendo
2637 4853 2651 4891 :
2681 4845 2738 4892 et
2771 4836 2878 4892 nisi
2917 4851 3002 4892 me
3030 4837 3307 4893 desieriiis
3341 4853 3536 4893 carna-

1951 4925 2073 4978 liter
2127 4941 2392 4989 cernere,
2450 4943 2726 4997 nunquam
2783 4943 2868 4984 me
2921 4928 3109 4984 scietis
3173 4929 3536 4999 spiritualiter

1952 5032 2160 5072 amare.
2198 5036 2218 5070 ι
2263 5018 2407 5074 Idem
2465 5020 2723 5090 magister
2775 5020 2868 5076 lib.
2905 5036 2921 5075 ι
2958 5021 3264 5086 Moralium,
3307 5038 3431 5092 cap.
3477 5022 3535 5084 8,

256 5119 600 5191 σωματικῶς
633 5135 698 5188 με
728 5115 1001 5170 παύσεσθε
1031 5115 1340 5186 βλέποντες.
1388 5113 1644 5166 οὐδέποτε
1684 5129 1848 5166 πνευ-

1955 5111 2032 5165 sic
2059 5109 2296 5180 explicat
2329 5130 2342 5164 :
2370 5131 2390 5162 ι
2417 5110 2474 5165 In
2501 5112 2691 5168 orbem
2715 5113 2832 5168 dies
2852 5114 3087 5168 convivii
3108 5125 3533 5170 transeunteum

256 5211 518 5281 ματικῶς
557 5208 779 5278 ἀγαπᾷν
809 5205 1042 5259 εἴσεσθε.
1088 5223 1104 5256 ι
1152 5205 1213 5258 'O
1245 5204 1405 5268 αὐτὸς
1434 5202 1757 5266 διδάσκαλος
1787 5205 1846 5257 ἐν

246 5304 340 5373 τῷ
370 5297 572 5372 πρώτῳ
605 5298 793 5369 βιϐλίῳ
822 5297 932 5350 τῶν
974 5293 1219 5351 Ἠθικῶν
1257 5295 1446 5360 αὐτοῦ,
1474 5297 1530 5347 ἐν
1562 5292 1845 5363 κειραλαίῳ

245 5394 494 5461 δεκάτῳ,
525 5390 668 5444 οὕτω
699 5389 954 5454 διέξεισιν
977 5405 988 5418 ·
1023 5407 1040 5440 ι
1098 5387 1186 5441 Ἐν
1214 5387 1281 5457 τῇ
1304 5387 1597 5457 οἰκουμένῃ
1623 5386 1680 5438 αἱ
1708 5386 1846 5456 ἡμὲε

255 5507 360 5560 ραι
394 5486 502 5538 τῶν
535 5482 854 5553 συμποσίων
903 5481 1293 5552 παρέρχονται,
1333 5480 1550 5532 ἐπειδὰν
1598 5479 1707 5531 τῶν
1743 5496 1843 5551 κη-

255 5580 564 5650 ρυγμάτων
617 5575 971 5630 διατελῶνται
1018 5577 1086 5626 τὰ
1126 5573 1427 5643 μυστήρια.
1475 5571 1844 5626 Τελεσθέντων

248 5675 321 5726 δὲ
351 5672 459 5724 τῶν
521 5668 861 5740 συμποσίων,
910 5662 1338 5736 ὁλοκαυτώματα
1379 5665 1406 5718 6
1455 5665 1574 5718 Ἰὼϐ
1609 5665 1844 5734 ἀνήνεγ.

342 5848 414 5918 (l)
447 5847 652 5919 Dialog.
675 5844 731 5914 2,
773 5847 826 5904 iu
853 5845 960 5901 line

1959 5202 2372 5271 prmdicationis
2433 5205 2692 5275 mysteria
2758 5215 3112 5276 peraguntur.
3188 5206 3538 5275 Peractisqtle

1949 5294 2213 5349 conviviis
2247 5295 2620 5352 holocaustum
2663 5297 2766 5353 Job
2801 5313 2899 5368 pro
2946 5297 3076 5354 (iliis
3122 5299 3365 5352 obtulit:
3402 5297 3532 5366 quia

1950 5401 2049 5456 pro
2068 5387 2331 5456 apostolis
2373 5388 2442 5443 de
2481 5388 2874 5458 praedicatione
2905 5390 3284 5453 redeuntibus,
3314 5389 3534 5446 Patrem

1949 5476 2202 5533 Christus
2232 5479 2544 5549 redemptor
2569 5483 2842 5538 exoravit.
2871 5479 3015 5536 Bene
3043 5491 3226 5536 autem
3260 5481 3537 5536 mittendo

1951 5575 2295 5632 sanctiﬁcare
2340 5575 2562 5645 dicitur,
2617 5579 2744 5649 quia
2783 5578 2912 5633 dum
2943 5577 3204 5646 Spiritum
3255 5585 3532 5644 sanctum,

1949 5669 2041 5738 qui
2089 5685 2116 5724 a
2158 5684 2218 5726 se
2271 5670 2539 5739 procedit,
2597 5671 2985 5744 discipulorum
3031 5668 3284 5727 cordibus
3317 5671 3534 5737 tribuit,
