4004 6444
220 388 238 401 ⁸
299 387 434 454 lilii

945 395 1098 458 PRO
1125 395 1344 459 CONC.
1379 399 1761 460 FLORENT.
1800 398 1961 462 CAP.
2008 401 2057 462 Ι.
2105 400 2206 461 DE
2240 399 2558 461 SPIRITU
2591 399 2906 464 SANCTO.

3432 402 3571 474 1162

276 501 610 590 "Oppida;
633 501 662 557 6
695 500 995 572 ἀγιώτατος
1029 506 1240 572 πάπας,
1279 509 1338 560 ἐν
1370 511 1436 580 τῇ
1473 508 1609 578 πρὸς
1656 509 1912 590 Ἰουστίο,

2014 512 2269 581 ιτορτίιιηι
2301 510 2721 566 transferamus.
2754 512 3032 584 Magnum,
3065 504 3324 570 sanctum
3380 526 3437 572 et
3483 517 3574 573 in-

297 613 391 651 νον
429 595 520 648 τὸν
569 594 795 667 βασιλέα
840 597 1100 670 ἐπιστολῇ
1131 598 1276 652 κατά
1316 599 1430 653 τῶν
1462 599 1762 670 Νεστορίου
1788 587 1889 653 »καὶ

299 689 578 760 Εὑτυχσῦς
606 689 995 760 βλασφημιῶν,
1025 691 1170 747 οὕτω
1197 694 1332 764 φησί
1356 709 1372 724 ο
1404 712 1424 746 ε
1459 694 1888 765 Προσκυνοῦμεν

297 782 548 853 Πατέρα,
585 784 682 835 καὶ
711 773 862 849 Υίδν,
888 785 984 838 κει)¹
1012 785 1169 854 ἅγιον
1201 787 1429 857 Πνεῦμα
1447 802 1462 818 ⁸
1493 788 1590 858 τὴν
1613 789 1890 861 διακεκρι-

307 875 484 943 μένως
515 866 863 941 ἀδιάστατον,
907 876 1318 948 ἀκατάληπτον,
1351 879 1446 932 καὶ
1495 879 1889 950 ἁνεκδιήγητον

299 968 398 1035 τῆς
447 967 678 1035 Τριάδος
738 969 949 1023 οὐσίαν.
985 969 1154 1023 Ἔνθα
1205 971 1310 1024 κᾶν
1362 971 1598 1042 ἀριθμὸν
1644 973 1672 1024 6
1733 973 1891 1040 λόγος

299 1057 415 1111 τῶν
457 1060 770 1128 προσώπων
805 1061 1117 1126 προσίεται,
1151 1062 1185 1130 ἡ
1212 1063 1400 1132 ἑνότης
1437 1063 1584 1133 ὅμως
1616 1065 1716 1116 οὐκ
1755 1067 1892 1118 ἀπο-

303 1151 496 1204 ϐάλλει
521 1152 621 1220 τὴν
652 1153 864 1207 οὐσίαν.
892 1149 1050 1207 Οῦτω
1083 1153 1293 1223 μέντοι,
1322 1154 1461 1208 ὥστε
1497 1157 1643 1228 ἡμᾶς
1689 1173 1890 1225 συντη-

308 1246 423 1312 ρείν
456 1243 675 1314 ἑκάστῳ
709 1245 842 1312 θείῳ
873 1244 1156 1316 προσώπῳ
1185 1247 1254 1299 τὰ
1304 1247 1411 1300 ῐδια
1437 1261 1450 1275 ⁸
1484 1250 1578 1302 καὶ
1610 1248 1750 1319 μήτε
1805 1249 1894 1303 διὰ

303 1335 416 1388 τῶν
450 1339 764 1405 προσώπων
793 1336 892 1408 τὴν
925 1338 1153 1408 ἑνότητα
1201 1339 1303 1408 τῆς
1339 1338 1592 1410 θεότητος
1629 1342 1896 1412 ἀπαρνείι

306 1428 460 1493 σθαι,
495 1431 635 1501 μήτε
673 1431 810 1501 πρὸς
838 1432 938 1502 τὴν
989 1433 1178 1486 οὐσίαν
1212 1433 1362 1486 τοῦθ’
1391 1435 1528 1502 ὅπερ
1577 1435 1725 1488 ἐστὶν
1757 1436 1893 1490 ῐδιον

301 1519 415 1573 τῶν
442 1520 755 1592 προσώπων
804 1521 1296 1592 μετακομίζεσθαι.
1361 1525 1543 1593 Μέγα,
1588 1524 1766 1592 ἅγιον,
1801 1530 1894 1579 καὶ

303 1612 714 1684 ἀκατάληπτον,
740 1609 802 1667 τὸ
826 1611 1178 1686 τῆς’Τριάδος
1209 1618 1534 1688 μυστήριον.
1571 1619 1702 1682 Θεὸς
1723 1621 1750 1672 6
1781 1620 1894 1673 [la-

299 1706 412 1778 τήρ
431 1723 447 1738 ο
488 1705 622 1770 Θεὸς
651 1707 681 1759 6
705 1706 834 1770 Υίός
859 1723 874 1738 ⁸
914 1707 1048 1772 Θεὸς
1074 1709 1135 1761 τὸ
1169 1711 1394 1780 Πνεῦμα
1419 1711 1480 1764 τὸ
1507 1710 1665 1780 αγιον
1683 1728 1697 1741 ⁸
1725 1713 1896 1782 Τριὰς

1991 603 2491 674 compreltensibile
2523 603 2811 660 Trinitatis
2846 605 3191 676 mysterium,
3223 608 3370 664 Deus
3393 608 3575 676 Pater,

1992 695 2136 752 Deus
2167 684 2361 760 Filius,
2404 695 2552 752 Dens
2587 694 2826 766 Spiritus
2865 707 3110 764 sanctus,
3143 697 3390 755 Trinitas
3437 699 3581 756 indi-

1992 787 2272 843 visibilis:
2305 795 2487 843 tamen
2539 800 2751 843 certum
2784 798 2868 844 est
2915 789 3198 860 proprium
3249 789 3428 846 Patris
3455 805 3580 846 esse

1993 881 2191 936 Filium
2225 895 2512 950 generare,
2547 881 2828 950 proprium
2882 879 3008 936 Filii
3055 882 3145 939 Dei
3175 883 3438 952 aequalem
3474 883 3582 938 Pa-

1995 973 2065 1028 tri
2125 971 2400 1042 generari,
2453 970 2739 1041 proprium
2793 969 3031 1042 Spiritus
3079 974 3254 1028 sancti
3297 988 3364 1028 ex
3419 971 3583 1029 Patre

1994 1063 2297 1132 procedere
2327 1071 2383 1116 et
2409 1061 2569 1127 Filio,
2599 1060 2700 1117 sub
2731 1077 2839 1116 una
2864 1063 3102 1117 essentia
3143 1063 3378 1118 deitatis.
3415 1083 3433 1117 ι
3470 1064 3582 1120 Leo

1993 1155 2382 1210 sanctissimus
2422 1163 2478 1210 et
2516 1155 2632 1224 ipse
2667 1154 2904 1225 antiquae
2933 1153 3120 1211 Romae
3157 1156 3402 1226 pontifex
3431 1173 3583 1212 sum-

1995 1263 2136 1314 mus,
2169 1248 2226 1313 in
2251 1248 2429 1318 primo
2457 1257 2715 1304 sermone
2745 1256 2868 1317 post
2916 1247 3274 1304 Pentecosten
3303 1251 3395 1318 qui
3447 1249 3585 1304 inci-

1995 1343 2123 1414 pit:
2180 1360 2199 1394 ι
2259 1323 2588 1397 llodiernam
2643 1341 3088 1407 solemnitatem,
3150 1343 3513 1407 dilectissimi,
3557 1366 3578 1398 ι

1995 1435 2075 1490 sic
2101 1433 2280 1504 inquit
2312 1450 2326 1488 :
2362 1452 2380 1484 ι
2419 1434 2478 1488 lu
2507 1434 2780 1488 Trinitate
2827 1435 2973 1488 enim
3008 1433 3192 1488 divina
3237 1435 3376 1489 nihil
3423 1438 3585 1492 dissi-

1995 1525 2148 1590 mile,
2186 1524 2323 1580 nihil
2363 1523 2540 1592 impar
2587 1532 2693 1589 est,
2745 1533 2801 1579 et
2851 1525 3034 1578 omnia
3067 1541 3189 1596 qua:
3227 1527 3294 1581 de
3326 1527 3416 1581 illa
3451 1529 3586 1583 sub-

1997 1601 2200 1668 stantia
2235 1615 2467 1685 cogitari
2495 1613 2699 1678 valent,
2733 1629 2836 1670 nec
2869 1615 3095 1683 virtute,
3133 1631 3235 1672 uec
3269 1617 3460 1689 gloria,
3486 1634 3589 1674 nec

1997 1705 2303 1760 mteruitate
2351 1705 2585 1762 discreta
2629 1714 2779 1762 sunt.
2832 1706 3082 1778 Cumque
3127 1711 3181 1764 in
3227 1726 3586 1780 personarum

304 1797 635 1867 ἀδιαίρετος.
689 1797 802 1851 Καὶ
851 1798 960 1868 μὴν
1009 1799 1303 1868 ἔγνωσται,
1350 1803 1435 1856 ὅτι
1470 1803 1602 1857 ῐδιόν
1651 1805 1766 1857 ἐστι
1801 1803 1894 1858 τοῦ

2014 1796 2431 1884 proprietatibus
2463 1797 2605 1854 alius
2633 1798 2707 1853 sit
2736 1797 2920 1865 Pater,
2951 1801 3090 1856 alius
3119 1801 3189 1856 sit
3222 1802 3413 1867 Fdius,
3445 1803 3589 1858 alius

304 1863 542 1963 Ilaep6;,
573 1892 772 1962 γεννᾷν
810 1863 1061 1946 τόν-Υίόν
1082 1909 1097 1925 ·
1132 1893 1263 1947 ἴδιον
1286 1863 1396 1950 ’τοῦ
1426 1894 1560 1949 Υίοῦ
1600 1895 1698 1950 τοῦ
1735 1897 1895 1962 Θεοῦ,

2014 1863 2346 1958 titSpiritus
2390 1897 2639 1950 sanctus,
2669 1903 2780 1943 non
2820 1863 3002 1944 tamen
3043 1890 3147 1944 alia
3192 1890 3368 1945 deitas
3400 1863 3593 1962 illeque

303 1987 370 2039 ικ
395 1984 490 2039 τοῦ
520 1985 736 2057 Πατρὸς
772 1985 888 2048 ἴσος
915 1987 1209 2054 γεννᾶσθαι
1253 1987 1331 2057 τῷ
1379 1989 1551 2060 Πατρί
1578 2007 1592 2021 ·
1632 1991 1765 2044 [διον
1805 1990 1897 2045 τοῦ

303 2077 464 2142 ἁγίου
495 2078 840 2149 Πνεύματος.
869 2077 950 2143 τὸ,
999 2079 1064 2133 ὲκ
1117 2079 1214 2134 τοῦ
1250 2081 1464 2152 Πατρός
1515 2083 1608 2137 καὶ
1643 2081 1774 2135 Υἱοῦ
1807 2085 1900 2136 ἐκ·

304 2169 664 2242 πορεύεσθαι,
720 2171 828 2224 ὑπὸ
893 2171 995 2242 μιᾷ
1046 2171 1208 2243 οὐσία
1263 2169 1542 2244 θεότητος.
1599 2193 1618 2225 ι
1655 2175 1810 2228 Λέων
1871 2177 1900 2228 ό

308 2263 637 2333 ἁγιώτατος,
709 2263 804 2318 καί⁵
864 2263 1027 2326 αὐτὸς
1074 2264 1176 2332 τῆς
1227 2265 1610 2336 πρεσξυτέρας
1677 2267 1900 2337 Ῥώμης

302 2358 600 2428 ἀρχιερεὺς
649 2356 928 2428 μέγιστος,
981 2357 1040 2412 ὲν
1087 2356 1168 2426 τῷ
1229 2359 1310 2422 είς
1355 2357 1456 2429 τὴν
1512 2359 1894 2432 Πεντηκοστὴν

307 2448 515 2519 πρώτῳ
549 2448 715 2518 λόγῳ,
739 2445 800 2502 οὗ
827 2449 862 2517 ἠ
893 2449 1061 2520 ἀρχήο
1097 2468 1116 2500 ε
1145 2450 1256 2521 Τὴν
1294 2453 1534 2521 σήμερον
1563 2453 1897 2523 πανήγυριν,

2002 1979 2220 2035 diversa
2261 1990 2454 2035 natura
2487 1989 2570 2036 est
2601 1997 2619 2036 :
2655 1982 2926 2052 siquidem
2968 1998 3094 2038 cum
3133 1990 3190 2038 et
3228 1983 3300 2038 de
3337 1983 3496 2038 Patre
3521 1985 3596 2040 sit

2003 2073 2172 2132 Filius
2202 2077 2539 2148 unigenitus,
2585 2090 2643 2135 et
2677 2079 2918 2150 Spiritus
2951 2091 3196 2144 sanctus,
3230 2081 3406 2137 Patris
3445 2081 3598 2138 Filii-

2001 2184 2113 2240 que
2147 2169 2220 2224 sit
2255 2169 2515 2239 Spiritus,
2561 2186 2671 2226 non
2726 2173 2874 2228 sicut
2922 2159 3267 2242 quaecunque
3317 2183 3595 2236 creatura,

2003 2279 2128 2336 qua:
2155 2275 2210 2321 et
2248 2263 2428 2321 Patris
2457 2273 2512 2320 et
2544 2263 2666 2320 Filii
2698 2274 2804 2331 est,
2843 2267 2940 2322 sed
3000 2265 3144 2321 sicut
3193 2281 3320 2321 cutn
3359 2277 3596 2336 utroque

2005 2359 2216 2420 virens,
2267 2367 2321 2412 et
2375 2365 2590 2428 potens,
2624 2367 2680 2414 et
2709 2358 3098 2428 sempiternus,
3136 2367 3192 2414 et
3236 2373 3303 2414 ex
3350 2373 3416 2414 eo
3448 2360 3598 2429 quod

2011 2459 2094 2505 est
2115 2447 2276 2505 Pater
2308 2450 2588 2522 Piliusque
2612 2451 2888 2507 subsistit.
2919 2468 2936 2502 ι

304 2545 529 2613 ἀδελφοὶ
561 2544 955 2612 ποθεινότατοι,
987 2564 1006 2598 ι
1041 2543 1186 2628 οὕτω
1216 2547 1418 2616 φησίν·
1475 2567 1493 2599 ι
1542 2548 1634 2603 Ἐν
1677 2549 1787 2619 γὰρ
1834 2551 1902 2619 τῇ
1940 2547 2060 2618 θείᾳ
2091 2548 2284 2619 Τριάδι
2314 2547 2469 2601 οὐδὲν
2497 2547 2776 2617 ἀνόμοιον,
2833 2548 2988 2602 οὐδὲν
3023 2551 3211 2607 ἄνισόν
3277 2555 3398 2609 ἔστι
3425 2571 3439 2586 ·
3504 2557 3602 2611 καὶ

303 2642 487 2696 πάντα
514 2640 580 2696 τὰ
635 2639 762 2711 περὶ
801 2642 902 2711 τῆς
948 2639 1137 2705 οὐσίας
1177 2641 1394 2711 ἐκείνης
1443 2642 1686 2697 νοεῖσθαι
1737 2642 2039 2713 δυνάμενα,
2071 2641 2199 2697 οὒτε
2228 2642 2482 2711 δυνάμει,
2551 2639 2677 2695 οὔτε
2723 2641 2874 2713 δόξῃ,
2949 2641 3082 2696 οὔτε
3151 2647 3420 2719 ἀῖδιότητι
3478 2649 3599 2702 δια-

305 2737 614 2808 κέκρινται.
646 2735 839 2796 Ὀντος
873 2733 930 2787 δὲ
971 2734 1029 2787 ὲν
1058 2735 1177 2797 ταῖς
1208 2734 1320 2789 τῶν
1373 2735 1733 2790 ὑποστάσεων
1770 2735 2054 2805 ἰδιότησιν,
2085 2736 2248 2791 ἄλλου
2301 2736 2402 2805 μὲν
2443 2734 2539 2790 τοῦ

2619 2735 2862 2806 Πατρός,
2937 2737 3099 2792 ἄλλου
3153 2741 3210 2793 δὲ
3277 2734 3371 2796 τοῦ
3441 2741 3601 2808 res,

306 2831 474 2889 ἄλλου
503 2827 598 2884 τοῦ
636 2829 794 2897 ἁγίου
833 2827 1178 2897 Πνεῦματος,
1205 2829 1267 2883 οὐ
1303 2833 1487 2899 μέντοι
1517 2829 1650 2900 ἄλλη
1681 2829 1897 2896 θεότης,
1932 2830 2056 2884 οὐδὲ
2093 2830 2354 2902 διάφορος
2399 2832 2431 2901 ἠ
2483 2829 2650 2900 φύσις
2723 2829 2874 2883 εστίν
2899 2844 2916 2860 ·
2985 2832 3146 2903 εἰπερ
3196 2835 3308 2888 ἀπὸ
3360 2837 3461 2906 μὲν
3507 2839 3603 2892 τοῦ

308 2925 524 2996 [ἰατρὸς
559 2925 588 2977 6
623 2923 753 2986 Υἱός
783 2923 932 2974 εστιν
970 2923 999 2973 6
1031 2923 1350 2993 μονογενὴς,
1385 2923 1448 2976 τδ
1475 2924 1533 2977 δὲ
1575 2923 1800 2992 Πνεῦμα
1837 2925 1899 2976 τὸ
1937 2923 2115 2993 ἅγιον,
2160 2926 2374 2996 Πατρός
2397 2927 2495 2981 καὶ
2529 2922 2660 2979 Υίοῦ
2709 2921 2937 2994 Πνεῦμα
2961 2923 3044 2991 δν,
3090 2927 3189 2997 οὐχ
3257 2927 3332 2991 ὥς
3402 2947 3454 2982 τι
3490 2933 3602 2984 τῶν

308 3025 631 3091 κτισμάτων
660 3021 809 3087 ειπερ
842 3017 1054 3088 Πατρός
1085 3021 1193 3071 εἰσι
1227 3021 1326 3073 καὶ
1353 3017 1506 3084 Υἱοῦ,
1539 3017 1655 3073 ἀλλ’
1682 3018 1758 3081 ώς
1789 3019 1906 3087 μετ’
1948 3021 2277 3091 ἀμφοτέρων
2331 3020 2461 3088 ζῶν,
2512 3021 2609 3074 καὶ⁵
2638 3019 2828 3082 ἁῖδίως
2898 3017 2964 3070 ὲκ
3001 3018 3228 3086 τούτων,
3281 3023 3418 3096 ὅπερ
3484 3029 3608 3085 ἐστὶ

310 3121 340 3174 6
372 3119 562 3187 Πατὴρ
591 3118 684 3172 καὶ¹
729 3117 858 3178 Υἱὸς
917 3114 1308 3184 ὑφιστάμενον.
1346 3129 1365 3165 ι

396 3214 458 3265 ὐ
483 3173 545 3265 si;
571 3210 716 3268 θεῖος
755 3173 1108 3278 Ἀμδρόσιος,
1129 3173 1196 3274 ’ᾧ
1221 3209 1248 3258 6
1286 3206 1428 3276 ἱερὸς
1459 3206 1746 3268 Βασίλειο;
1778 3209 1898 3261 ἐπι·

2090 3205 2256 3262 Divns
2287 3206 2633 3277 Ambrosius,
2687 3207 2754 3266 ad
2801 3225 2962 3282 quem
2998 3222 3154 3268 saCer
3201 3211 3603 3271 Basiliusscri-

311 3303 552 3360 στέλλων
587 3300 794 3369 ἔλεγεν,
831 3316 850 3350 ι
887 3299 1023 3365 ’Λγε
1057 3299 1146 3364 δὴ,
1204 3291 1250 3350 ὦ
1301 3297 1558 3366 ἄνθρωπε
1608 3297 1706 3351 τοῦ
1746 3297 1908 3362 Θεοῦ,

311 3396 508 3466 ιπειδὴ
557 3393 621 3448 οὐ
658 3391 816 3462 παρὰ
847 3391 1156 3460 ἀνθρώπιον
1191 3390 1500 3459 παρέλαϐες
1541 3390 1575 3460 ἦ
1623 3389 1909 3460 ἐδιδάχθης

312 3491 378 3545 τὸ
436 3486 772 3556 Εὑαγγέλιον
823 3483 920 3537 τοῦ
960 3481 1222 3553 Χριστοῦ,
1277 3483 1394 3535 ἀλλ’
1424 3482 1590 3544 αὐτὸς
1627 3485 1657 3537 6
1707 3482 1910 3553 Κύριος

311 3584 427 3639 ὰπδ
474 3581 584 3635 τῶν
612 3579 821 3650 κριτῶν
852 3579 948 3632 ἐπὶ
984 3577 1083 3648 τὴν
1120 3577 1414 3648 προεδρίαν
1450 3578 1558 3630 τῶν
1592 3577 1912 3632 ἀποστόλων

315 3673 663 3747 μετέθηκεν·
702 3689 724 3724 ε
755 3663 913 3734 οὗτος
940 3670 1006 3742 δὴ
1042 3670 1174 3739 πρὸς
1219 3669 1518 3740 ι’ρατιανὺν
1555 3669 1650 3723 τδν
1690 3670 1914 3740 βασιλέα

313 3770 378 3820 ἒν
407 3765 482 3837 τῷ
517 3763 721 3836 πρώτῳ
756 3763 951 3833 βιδλίφ
981 3765 1040 3817 ἐν
1070 3763 1150 3832 τῷ
1178 3761 1426 3833 περὶτοῦ
1461 3762 1621 3830 ἁγίου
1658 3763 1909 3832 Πνεῦμα·

317 3877 414 3924 τος
440 3857 725 3928 κεφαλαίῳ
761 3857 997 3927 δεκάτῳ,
1030 3857 1198 3926 φησίν
1227 3869 1241 3886 ·
1278 3873 1296 3906 t
1344 3855 1493 3909 Ἀλλ’
1530 3852 1655 3909 οὔτε
1688 3856 1913 3910 ἐπειδὰν

322 3956 391 4008 ὲκ
420 3952 513 4006 τοῦ
547 3951 763 4022 Πατρός
802 3949 1087 4021 ἐξέρχεται
1117 3950 1146 4002 ὀ
1184 3948 1336 4014 Υἱὸς,
1368 3948 1476 4002 ἀπὸ
1505 3947 1672 4003 τόπου
1705 3951 1918 4019 ἀναχω·

332 4049 442 4123 ρεῐ,
489 4049 582 4101 καὶ
622 4047 757 4102 ὡσεὶ
787 4047 947 4122 σῷμα
979 4045 1272 4116 χωρίζεται
1309 4045 1418 4098 ἀπὸ
1469 4042 1743 4114 σώματος.
1775 4042 1917 4101 Οὐδὲ

327 4138 443 4207 γὰρ
471 4139 528 4190 ὲν
556 4137 631 4208 τῷ
665 4137 837 4207 Πατρὶ
865 4135 942 4199 ὡς
969 4136 1131 4201 δῆθεν
1157 4137 1214 4189 ἐν
1248 4135 1484 4203 σώματι,
1514 4134 1608 4188 ἇτε
1635 4133 1700 4206 δὴ
1733 4135 1915 4204 σῶμα,

325 4230 806 4300 ἑμπερικλεῖετσι.
851 4229 962 4282 Καὶ
995 4228 1056 4280 τὸ
1089 4226 1316 4296 Πνεῦμα
1349 4227 1408 4280 δὲ
1450 4226 1512 4279 τὸ
1545 4226 1725 4296 ἆγιον,
1758 4225 1920 4298 ἡνίκα

323 4325 396 4376 ix
437 4321 532 4376 τοῦ
567 4321 783 4392 Πατρδς
838 4321 936 4373 καὶ
988 4321 1054 4374 ὲκ
1095 4319 1190 4372 τοῦ
1241 4317 1374 4373 Υἱοῦ
1414 4321 1802 4388 ἐκπορεύεται,
1855 4320 1919 4372 οὐ

324 4403 626 4488 χωρίζεται
659 4414 752 4468 τοῦ
785 4413 998 4483 Πατρός
1025 4428 1040 4445 ο
1061 4413 1122 4466 οὐ
1155 4413 1453 4482 χωρίζεται
1477 4411 1573 4466 τοῦ
1603 4411 1762 4466 Υἰοῦ.
1786 4411 1922 4465 Τίνα

323 4510 439 4579 γὰρ
470 4509 674 4578 τρόπον
697 4507 921 4561 δύναται
945 4505 1286 4576 χωρίζεσθαι
1310 4505 1405 4560 τοῦ
1428 4504 1668 4576 Πατρὺς,
1694 4505 1919 4576 Πνεῦμα

2014 3301 2152 3355 bens
2180 3299 2433 3356 dicebat:
2464 3319 2482 3352 ι
2510 3301 2628 3368 Eia,
2650 3318 2684 3357 0
2716 3303 2878 3359 homo
2900 3305 3016 3369 Dei,
3040 3307 3167 3376 quia
3193 3307 3258 3361 ab
3289 3307 3607 3364 hominibus

2014 3408 2122 3446 non
2149 3393 2435 3462 accepisti.
2467 3409 2572 3448 nec
2601 3394 2844 3450 didicisti
2871 3394 3223 3468 Evangelium
3256 3399 3482 3464 Christi,
3509 3405 3606 3456 sed

2014 3485 2132 3554 ipse
2192 3485 2461 3539 Dominus
2515 3500 2544 3540 a
2572 3487 2856 3556 iudicibus
2891 3489 2959 3543 ad
3002 3490 3376 3553 apostolorum
3410 3494 3606 3550 solium

2016 3577 2322 3640 transtulit,
2376 3595 2395 3630 ι
2441 3577 2554 3642 hic,
2595 3578 2842 3648 inquam,
2879 3580 2968 3634 'ad
3008 3579 3330 3636 Gratianum
3375 3585 3612 3657 impera-

2016 3679 2190 3725 torem
2227 3671 2404 3740 primo
2446 3670 2608 3737 libro,
2663 3673 2844 3741 capite
2887 3672 3102 3728 decimo
3133 3674 3200 3728 de
3234 3673 3440 3743 Spiritu
3483 3694 3613 3734 san-

2015 3771 2126 3825 cto,
2152 3761 2344 3818 scribit
2376 3779 2390 3816 :
2434 3780 2453 3814 ι
2503 3762 2610 3817 Sed
2643 3777 2821 3830 neque
2854 3779 2978 3818 cum
3020 3779 3047 3817 a
3082 3763 3240 3820 Patre
3269 3767 3385 3821 exit
3414 3765 3605 3835 Filius,

2015 3855 2084 3910 de
2114 3855 2234 3910 loco
2269 3853 2498 3919 recedit,
2553 3861 2650 3909 aut
2677 3855 2840 3926 quasi
2878 3865 3080 3924 carpus
3110 3867 3395 3927 separatur
3420 3874 3450 3912 a
3482 3874 3612 3915 cor-

2016 3961 2193 4018 pore:
2222 3960 2402 4018 neque
2447 3945 2594 4002 enim
2631 3946 2684 4002 in
2727 3945 2885 4001 Patre
2927 3948 3086 4014 quasi
3117 3949 3170 4003 in
3222 3962 3450 4017 corpore
3493 3957 3615 4004 tan-

2017 4056 2182 4112 quam
2231 4055 2432 4112 corpus
2476 4040 2796 4096 includitur.
2847 4037 3089 4110 Spiritus
3135 4056 3353 4112 quoque
3387 4051 3613 4098 sanctus

2020 4151 2144 4190 cum
2183 4150 2249 4190 ex
2301 4133 2466 4189 Patre
2506 4133 2762 4205 procedit
2791 4143 2848 4189 et
2883 4133 3047 4199 Filio,
3105 4151 3214 4190 non
3271 4145 3558 4204 separatur
3584 4154 3621 4213 al

2023 4229 2205 4294 Patre,
2239 4243 2352 4283 non
2378 4238 2674 4296 separatur
2703 4242 2733 4282 a
2757 4227 2896 4282 Filio
2930 4247 2945 4282 :
2980 4229 3255 4297 quomodo
3281 4230 3428 4284 enim
3459 4245 3620 4301 sepa-

2024 4319 2132 4375 rari
2170 4329 2354 4391 potest
2377 4334 2408 4374 a
2440 4319 2603 4374 Patre
2632 4321 2724 4390 qui
2751 4318 2990 4388 Spiritus
3019 4320 3138 4388 ejus
3173 4321 3286 4374 oris
3331 4331 3416 4375 est
3457 4320 3482 4374 ?
3517 4322 3622 4374 uti-

2023 4427 2133 4484 que
2188 4423 2244 4468 et
2308 4411 2634 4467 mteruitatis
2703 4411 2968 4466 indicium
3025 4420 3130 4477 est,
3200 4422 3257 4466 et
3315 4410 3622 4466 divinitatis

2029 4503 2290 4574 exprimit
2341 4503 2632 4558 unitatem.
2666 4519 2686 4554 ι
2731 4501 2900 4555 Divus
2943 4501 3306 4572 Augustinus,
3338 4517 3496 4556 mens
3530 4501 3621 4556 illa

325 4601 605 4671 στόματος
661 4597 832 4652 αὑτοῦ
862 4598 962 4666 6v;
993 4597 1023 4652 6
1059 4598 1416 4660 πάντως.καὶ
1465 4597 1563 4667 τῆς
1613 4596 1912 4666 ἁῖδιότητος

2030 4594 2322 4660 altissima,
2371 4593 2428 4648 in
2471 4593 2658 4648 multis
2691 4591 3016 4646 tractatibus
3051 4591 3102 4646 id
3142 4591 3356 4661 egregie
3397 4593 3617 4646 demono

325 4692 538 4763 δεῖγμά
569 4693 709 4758 ἐστι,
762 4691 856 4745 καὶ
904 4689 1005 4759 τῆς
1060 4689 1316 4760 θεότητος
1365 4689 1625 4759 ὶμφαίνει
1675 4687 1776 4760 τὴν
1808 4687 1925 4741 ἑνό-

323 4805 493 4860 τητα.
537 4804 558 4840 ι
587 4786 960 4855 Δῦγουστῖνος
989 4782 1048 4836 δὲ
1089 4785 1119 4835 6
1152 4782 1452 4846 θειότατος,
1482 4782 1512 4834 6
1547 4780 1673 4845 νοῦς
1715 4781 1926 4844 ἐκεῖνος

326 4884 362 4936 6
397 4880 765 4951 ὑψηλότατος,
808 4878 867 4932 εν
896 4875 1114 4940 πολλοῖς
1163 4875 1330 4929 αὐτοῦ
1362 4874 1547 4943 λόγοις
1586 4873 1748 4929 τοῦτο
1781 4873 1930 4944 μάλα

326 4973 600 5044 γενναίως
629 4970 926 5025 δείκνυσιν.
966 4968 1088 5022 Ἔτι
1114 4967 1174 5020 δὲ
1211 4969 1308 5021 καὶ
1341 4967 1483 5038 πρὸς
1512 4965 1779 5038 Ὀρώσιον
1809 4971 1931 5022 ὲπι-

331 5064 600 5130 στέλλων,
634 5064 766 5134 περὶ
791 5060 891 5116 τοῦ
932 5062 1094 5130 ἁγίου
1126 5059 1448 5142 Πνεῦματος
1482 5061 1576 5114 τὸν
1622 5061 1782 5128 λόγον
1810 5079 1932 5115 ποι-

329 5159 592 5226 ούμενος,
615 5155 676 5210 οῦ
705 5158 738 5227 η
776 5155 924 5226 ἀρχή
949 5171 965 5187 ο
988 5173 1006 5205 ε
1043 5154 1102 5208 '0
1136 5153 1338 5224 Κύριος
1368 5152 1527 5222 ἡμῶν
1553 5150 1763 5222 Ἰησοῦς
1793 5153 1934 5222 Χρι·

334 5247 468 5312 στδς
538 5247 809 5316 ὶδηλωσεν
848 5245 1043 5299 ἑαυτὸν
1087 5243 1260 5306 οὕτως
1307 5243 1742 5314 ἀπελευσόμενω
1766 5261 1780 5275 ·
1814 5261 1834 5296 ι
1876 5245 1934 5299 ὲν

334 5339 522 5412 τούτῳ
553 5340 726 5395 πολλὰ
756 5343 854 5393 καὶ
886 5337 1031 5394 καλὰ
1076 5354 1211 5409 φησι
1235 5351 1251 5367 ⁶
1288 5337 1429 5408 μετὰ
1472 5337 1645 5392 πολλὰ
1672 5337 1811 5392 ἄλλα
1841 5337 1936 5391 καὶ

338 5435 477 5506 περὶ
517 5435 712 5488 τούτου
765 5430 1168 5502 διαλαμϐάνει·
1208 5447 1228 5482 ε
1276 5428 1548 5484 Ἐνταῦθα
1589 5430 1773 5483 τοίνυν
1805 5429 1938 5492 ίσως

337 5527 501 5600 ζητεῖ
527 5544 634 5595 τις,
663 5527 899 5598 πότερον
933 5526 1030 5580 καὶ
1065 5527 1220 5598 παρα
1265 5523 1362 5578 τοῦ
1407 5521 1538 5578 Υίοῦ
1572 5522 1938 5593 ἐκπορεύεται

338 5625 406 5677 τὺ
430 5622 658 5689 Πνεῦμα
690 5623 751 5674 τὸ
776 5623 956 5689 ᾰγιον.
995 5617 1056 5676 ’0
1081 5612 1373 5691 γὰρ’Υἱὺς,
1405 5617 1567 5686 μόνου
1594 5615 1692 5670 τοῦ
1726 5617 1940 5685 Πατρός

343 5717 499 5770 ἐστιν
531 5714 660 5778 Υἱός
682 5731 697 5746 ο
725 5713 821 5767 καὶ
854 5714 884 5766 6
920 5713 1132 5782 Πατὴρ,
1179 5712 1344 5781 μόνου
1373 5711 1473 5765 τοῦ
1522 5709 1653 5763 Υίοῦ
1682 5711 1799 5764 ἔστι
1829 5712 1942 5765 Πα-

345 5811 488 5879 τήρ·
521 5807 584 5861 τί,
635 5807 691 5861 δὲ
747 5806 972 5878 Πνεῦμα
1004 5805 1065 5858 τὸ
1119 5806 1278 5874 ἆγιον
1328 5807 1391 5858 οὗ
1451 5804 1684 5874 θατέρου
1735 5804 1944 5858 τούτων

360 5903 525 5972 μόνον
557 5902 676 5954 ἐστὶ
709 5897 958 5969 Πνεῦμα,
999 5898 1116 5953 ἀλλ’
1151 5900 1499 5969 ἀμφοτέρων.
1547 5899 1731 5970 Ἔχεις
1765 5898 1946 5954 ἀὑτὸν

597 5996 869 6056 Parnm.
905 5999 996 6059 Gn
1079 5996 1291 6056 (ΗΧ.

2030 4698 2191 4750 strat,
2225 4689 2388 4742 etiam
2413 4686 2480 4740 ad
2511 4685 2766 4742 Orosium
2794 4685 3070 4749 scribens,
3107 4684 3175 4738 de
3199 4682 3404 4754 Spiritu
3431 4693 3622 4740 saneto

2037 4795 2352 4836 sermonem
2384 4779 2618 4844 habens,
2651 4777 2746 4849 qui
2794 4777 3010 4848 incipit,
3051 4794 3072 4827 ‹
3120 4777 3386 4832 Dominus
3435 4789 3626 4834 noster

2033 4873 2199 4930 Jesus
2229 4873 2506 4938 Christus,
2545 4873 2626 4927 sic
2669 4871 3044 4926 se'abiturum
3100 4869 3362 4935 ostendit,
3405 4888 3424 4923 ι
3467 4869 3519 4924 in
3561 4886 3628 4925 eo

2038 4970 2205 5023 multa
2235 4979 2290 5024 et
2323 4968 2580 5038 praeclara
2616 4963 2832 5030 scribit,
2881 4973 3006 5035 post
3055 4963 3164 5016 alia
3196 4962 3368 5018 multa
3416 4963 3484 5018 de
3524 4963 3630 5020 hoc

2037 5071 2236 5118 tractat
2278 5079 2293 5116 :
2343 5078 2378 5112 ι·
2404 5059 2504 5114 llic
2550 5059 2717 5128 igitur
2759 5057 2896 5113 forte
2943 5065 3154 5127 quaeret
3187 5056 3406 5126 aliquis,
3443 5066 3627 5109 utrum

2037 5167 2067 5206 a
2103 5150 2242 5206 Filio
2274 5150 2534 5217 procedat
2568 5145 2809 5218 Spiritus
2857 5155 3115 5213 sanctus;
3150 5143 3321 5201 Filius
3355 5145 3500 5200 enim
3539 5160 3629 5199 so-

2039 5242 2147 5297 lius
2173 5239 2348 5297 Patris
2370 5249 2459 5295 est
2479 5237 2667 5303 Filius,
2699 5249 2756 5294 et
2784 5237 2945 5293 Pater
2970 5237 3142 5293 solius
3169 5237 3291 5291 Filii
3321 5244 3407 5291 est
3432 5235 3588 5290 Pater
3612 5254 3628 5300 ;

2017 5331 2278 5406 Spiritus
2335 5345 2562 5388 sanctus
2610 5345 2721 5386 non
2767 5330 2997 5385 alterius
3046 5331 3243 5384 horum
3294 5336 3507 5382 tantum
3545 5341 3633 5381 cst

2043 5423 2300 5498 Spiritus,
2330 5427 2426 5481 sed
2454 5425 2762 5494 utriusque.
2797 5422 2977 5478 [labes
3011 5421 3302 5477 Dominum
3331 5419 3510 5489 ipsum
3537 5419 3632 5488 qui

1988 5553 1994 5559 -
2043 5521 2225 5576 dicit:
2267 5538 2286 5570 ε
2330 5518 2447 5573 Non
2497 5516 2643 5572 enim
2699 5531 2796 5572 vos
2829 5516 2964 5571 estis
3023 5514 3116 5586 qui
3174 5509 3486 5582 loquintini,
3534 5511 3634 5566 sed

2047 5617 2290 5686 Spiritus
2312 5614 2489 5669 Patris
2519 5610 2690 5668 vestri
2722 5612 2812 5682 qui
2837 5609 3080 5679 loquitur
3111 5609 3164 5662 in
3197 5606 3390 5670 vobis;
3419 5623 3437 5658 ›
3467 5605 3638 5660 babes

2047 5711 2214 5766 etiam
2247 5705 2568 5778 Apostolum
2605 5722 2619 5759 :
2673 5723 2692 5755 ‹
2731 5703 2876 5757 Misit
2911 5700 3054 5756 Deus
3093 5699 3358 5772 Spiritum
3392 5697 3514 5754 Filii
3551 5699 3640 5752 sui

2049 5805 2103 5858 in
2133 5801 2298 5857 corda
2327 5811 2532 5865 vestra,
2560 5799 2912 5862 clamantem,
2953 5795 3105 5850 Abba
3146 5793 3328 5851 Pater.
3364 5812 3382 5844 ι
3425 5792 3490 5847 Et
3515 5798 3639 5862 post

2051 5909 2225 5969 pauca
2273 5893 2443 5951 dicit:
2480 5912 2498 5945 ι
2536 5892 2672 5962 Quia
2721 5891 2885 5963 igitur
2915 5899 2972 5946 ut
3002 5904 3144 5945 unus
3181 5888 3361 5948 Pater.
3409 5894 3464 5940 et
3494 5899 3639 5939 unus

3243 5982 3320 6040 37
