4004 6430
343 414 488 482 1165
984 409 1139 475 PRO
1173 369 1390 474 conc.
1433 381 1817 473 FLORENT.
1858 409 2017 473 CAP.
2058 409 2109 472 Ι.
2151 407 2248 470 DE
2289 381 2610 471 SPlRlTU
2649 406 2965 470 SANCTO.
3023 472 3025 474 ,
3472 380 3610 473 11m

342 532 557 600 Πέτρον
611 525 750 594 Περὶ
800 526 1090 594 πίστεως,
1124 529 1184 581 ὲν
1231 527 1514 599 κεφαλαίῳ
1557 527 1753 598 ὀγδόῳ,
1780 527 1917 581 οὕτω

2035 541 2156 597 cap.
2198 526 2288 591 il,
2316 525 2427 582 ait:
2467 525 2836 584 tFirmissime
2859 535 3004 592 tene,
3042 534 3098 580 et
3127 525 3442 583 nullatenus
3459 528 3620 585 dulii-

340 623 520 692 φησί’
569 618 988 674 εκΒεόαιότατα
1039 619 1288 681 πίστευε.
1337 620 1434 674 καὶ
1497 620 1642 673 κατὰ
1717 619 1917 688 μηδένα

2036 632 2141 688 tes,
2175 622 2432 697 eumdem
2461 622 2722 693 Spiritum
2753 628 3028 680 sanetum.
3058 621 3150 692 qui
3194 621 3378 678 Patris
3405 633 3460 677 et
3491 623 3613 677 Filii

335 713 910 789 cpdatowdttzpiﬁaitits,
948 713 1080 768 αὐτὸ
1109 713 1172 767 τὸ
1216 714 1440 784 Πνεῦμα
1474 713 1536 767 τὸ
1577 713 1786 780 ἆγιονδ
1816 717 1917 768 Ua-

2034 730 2178 772 unus
2209 725 2294 772 est
2341 714 2598 785 Spiritus,
2653 715 2720 772 de
2765 714 2927 770 Patre
2972 721 3031 769 et
3077 712 3218 770 Filio
3262 715 3562 785 procedere
3601 732 3616 769 :

339 809 472 877 τρός
499 810 620 861 ἐστι
654 806 882 876 Πνεῦμα
911 807 1010 862 καὶ
1043 807 1198 873 Υίοῦ,
1233 808 1298 860 ἐκ
1328 806 1422 861 τοῦ
1454 806 1668 877 [πατρὸς
1703 808 1798 861 καὶ
1832 805 1917 860 τοῐ

2032 808 2166 864 dicit
2195 807 2342 862 enim
2367 805 2560 872 Filius,
2607 824 2628 859 ε
2657 805 2790 861 Cum
2823 807 3036 862 venerit
3074 802 3314 874 Spiritus
3342 807 3614 866 veritatis.

342 899 471 955 Υίοῦ
500 898 924 970 ἐκπορεύεσθαιι
954 899 1120 968 Λέγει
1149 900 1259 973 γὰρ
1285 902 1312 954 6
1347 900 1476 963 Υἱός
1501 915 1514 929 °
1560 919 1581 953 ε
1603 900 1776 954 Ὅταν
1795 899 1917 972 ἔλθῃ

2029 902 2124 969 qui
2177 915 2207 954 a
2254 901 2411 956 Patre
2467 899 2732 970 procedit,
2763 917 2784 952 ι
2830 898 2920 953 ubi
2979 896 3245 968 Spiritum
3282 913 3443 952 suum
3489 913 3615 953 esse

339 994 370 1048 6
400 992 765 1062 Παρὰκλητος
788 991 849 1045 τὸ
880 992 1105 1064 Πνεῦμα
1131 993 1232 1063 τῆς
1259 993 1541 1063 ἀληθείας,
1588 993 1617 1047 6
1648 992 1799 1065 παρὰ
1831 993 1923 1048 τοῦ

336 1084 554 1156 Πατρὸς
617 1084 1066 1157 ὲκπορεύεται·»
1111 1086 1246 1140 ὅπου
1284 1085 1509 1158 Πνεῦμα
1539 1087 1736 1142 ἑαυτοῦ
1787 1083 1924 1141 εἶναι

334 1178 578 1244 ιδίδαξεν
601 1194 618 1212 ο
650 1179 773 1232 επεὶ
801 1179 964 1243 αὐτός
988 1178 1140 1234 ἐστιν
1174 1180 1205 1250 ἡ
1247 1179 1499 1251 ἀλήθεια.
1542 1181 1638 1234 Ἐκ
1663 1180 1756 1235 τοῦ
1788 1179 1922 1235 Υἰοῦ

333 1291 396 1328 τε
429 1272 834 1345 ἐκπορεύεσθαι
862 1273 928 1326 τὸ
954 1271 1192 1344 Πνεῦμα
1221 1274 1283 1326 τὸ
1307 1273 1487 1342 ἅγιον,
1513 1274 1608 1328 καὶ
1641 1275 1673 1346 ἠ
1703 1293 1923 1347 προφη-

333 1364 466 1436 τικὴ
493 1366 587 1420 καὶ
618 1365 958 1437 ἀποστολικὴ
985 1366 1312 1422 διδασκαλία
1342 1366 1476 1438 ἡμῖν
1505 1368 1878 1440 παραδίδωσιν
1903 1383 1918 1401 ο

349 1457 580 1520 Ἠσαῖας
607 1458 709 1528 μὲν
739 1458 848 1528 γὰρ
877 1475 1014 1529 φησι
1033 1459 1164 1530 περὶ
1194 1458 1288 1514 τοῦ
1319 1457 1452 1514 Υίοῦ
1477 1476 1524 1515 ο»
1563 1460 1802 1527 Πατάξει
1820 1461 1921 1535 τὴν

334 1551 446 1621 γῆν
478 1553 550 1622 τῇ
600 1551 784 1623 ῥάϐδῳ
816 1549 911 1605 τοῦ
970 1551 1238 1622 στόματος
1269 1552 1460 1619 αὐτοῦ,
1497 1554 1590 1609 καὶ
1621 1555 1721 1628 ξτῷ
1753 1556 1921 1611 πνεύ-

336 1655 472 1710 ματι
504 1641 869 1712 τῶν’χειλέων
896 1642 1062 1698 αὐτοῦ
1089 1643 1270 1698 ἀνελεῖ
1293 1644 1386 1698 τδν
1416 1644 1622 1716 ἀσεϐῆκ
1645 1664 1664 1699 ι
1701 1649 1838 1717 Περὶ
1859 1639 1920 1704 οὗ

333 1751 472 1805 φησι
509 1735 605 1789 καὶ
630 1735 658 1787 6
701 1734 1046 1802 Ἀπόστολος,
1094 1735 1232 1791 «Ὃν
1255 1737 1285 1791 ύ
1316 1736 1522 1809 Κύριος
1560 1736 1768 1808 Ἰησοῦς
1794 1742 1922 1795 ἁνε-

332 1825 420 1879 λεῖ
449 1825 526 1897 τῷ
554 1824 822 1895 πνεύματι
863 1826 960 1880 τοῦ
988 1826 1258 1896 στόματος
1285 1827 1516 1882 αὐτοῦ.»
1582 1829 1644 1884 '0
1672 1830 1832 1894 αὐτὸς
1862 1831 1922 1886 ἰν

2030 992 2241 1055 docuit,
2266 991 2395 1062 quia
2429 992 2543 1062 ipse
2571 1000 2656 1047 est
2687 993 2913 1046 veritas.
2950 990 3028 1044 De
3061 989 3199 1046 Filio
3228 1005 3451 1060 quoque
3485 1005 3612 1060 pro-

2031 1083 2228 1139 cedere
2265 1082 2527 1152 Spiritum
2559 1092 2810 1139 sanctum
2848 1082 3167 1152 prophetica
3205 1093 3366 1152 atque
3392 1093 3614 1154 aposio-

2026 1172 2130 1228 lica
2156 1173 2402 1230 doctrina
2451 1174 2612 1230 nobis
2664 1173 3036 1228 commendat.
3088 1173 3256 1228 lsaias
3298 1173 3444 1227 enim
3481 1174 3617 1228 dicit

2026 1265 2096 1321 de
2126 1264 2305 1323 Filio:
2336 1264 2644 1322 «Percutiet
2663 1276 2864 1322 terram
2890 1265 3036 1337 virga
3065 1281 3113 1320 οτ
3131 1267 3178 1321 is
3203 1267 3312 1331 sui,
3333 1274 3389 1320 et
3417 1266 3615 1336 spiritu

2027 1358 2295 1416 labiorum
2330 1375 2556 1416 suorum
2610 1360 2902 1416 interﬁciet
2954 1359 3180 1429 impium
3207 1361 3330 1426 “;r
3375 1360 3444 1415 dc
3499 1373 3612 1428 quo

2023 1463 2080 1509 et
2137 1454 2482 1523 Apostolus:
2520 1454 2735 1521 cQucm
2799 1454 3062 1510 interficit
3117 1455 3382 1510 Dominus
3443 1453 3606 1509 Jesus

2024 1548 2221 1618 spiritu
2252 1548 2365 1603 oris
2397 1547 2442 1580 ³¹
2472 1547 2580 1604 sui.
2609 1567 2629 1601 ι
2683 1547 2831 1604 Idem
2863 1563 2986 1618 cap.
3035 1548 3105 1602 20
3149 1548 3283 1602 libr'r
3305 1548 3490 1618 quarti
3532 1547 3610 1601 De

2025 1638 2315 1705 Trinitate,
2361 1640 2454 1710 qui
2492 1641 2686 1710 incipit
2723 1657 2738 1695 :
2803 1661 2822 1693 ε
2851 1639 2909 1696 Si
2947 1652 3128 1695 autem
3161 1640 3469 1695 secundum
3507 1640 3612 1695 hoc

2025 1734 2224 1790 missus
2247 1749 2277 1790 a
2307 1735 2496 1801 Patre,
2528 1754 2548 1788 ι
2583 1745 2707 1806 post
2733 1736 2899 1791 multa
2944 1735 3048 1790 alia
3080 1735 3214 1791 dicit
3247 1753 3263 1791 :
3327 1755 3348 1787 ε
3376 1737 3440 1790 Et
3468 1736 3613 1791 sicut

2025 1825 2252 1890 Spiritui
2284 1837 2476 1883 sancto
2501 1828 2708 1884 donum
2744 1827 2839 1883 Dei
2870 1841 3018 1894 esse,
3049 1839 3134 1884 est
3166 1844 3198 1883 a
3224 1827 3387 1883 Patre
3419 1843 3612 1897 proco-

333 1917 416 1986 τῷ
443 1892 676 1988 εἰκοστῷ
695 1892 988 1990 ’κεφαλαίῳ
1015 1892 1111 1984 τοῦ
1139 1922 1404 1991 τετάρτου
1434 1918 1652 1992 βιϐλίοιῖ
1671 1921 1764 1976 τοῦ
1790 1892 1917 1994 ἰτερὶ

2022 1916 2174 1984 dere,
2222 1916 2298 1973 ita
2322 1916 2468 1973 mitti
2497 1925 2584 1972 est
2610 1918 2885 1989 cognosci,
2913 1892 3054 1988 quod
3085 1918 3154 1974 ab
3187 1917 3280 1973 illo
3312 1892 3608 1988 procedat:

333 2009 590 2080 Τριάδος,
613 2009 673 2064 οῦ
707 2010 740 2079 ἡ
770 2009 912 2080 ἀρχή
932 2023 947 2038 ⁸
985 2027 1005 2062 ε
1033 2011 1095 2064 Ei
1119 2010 1176 2064 δὲ
1204 2013 1302 2066 καὶ
1324 2012 1468 2066 κατὰ
1493 2013 1554 2067 τὸ
1585 2015 1920 2070 ἀποστέλλει

331 2101 461 2156 σθαι
499 2102 655 2172 παρά
679 2099 776 2156 τοῦ
810 2101 1028 2172 Πατρδς
1061 2102 1090 2154 6
1119 2101 1249 2166 Υίδς
1268 2103 1512 2172 λέγεται,
1536 2124 1557 2159 ε
1587 2108 1728 2177 μετὰ
1748 2108 1920 2162 πολλὰ

327 2194 469 2272 ἄλλα
499 2193 662 2271 ,φησί
684 2209 698 2225 ⁸
736 2194 901 2248 (Καὶ
930 2193 1123 2267 ὥσπερ
1163 2195 1243 2265 τῷ
1274 2196 1550 2267 Πνεύματι
1580 2198 1660 2268 τῷ
1694 2199 1834 2270 ἁγίῳ
1859 2199 1919 2254 τὸ

325 2286 470 2342 Θεοῦ
511 2286 686 2356 δῶρον
737 2279 903 2348 εἶναι,
937 2285 1000 2340 τὸ
1031 2288 1096 2341 ἐκ
1124 2285 1220 2341 τοῦ
1263 2288 1481 2358 Πατρδς
1519 2289 1918 2360 ἐκπορεύεσθαι

326 2382 502 2445 ἔστιν,
531 2379 677 2438 οὕτω
722 2381 818 2436 καὶ
842 2381 904 2434 τὸ
934 2379 1277 2452 πέμπεσθαι,
1307 2380 1368 2435 τὸ
1406 2382 1794 2452 γινώσκεσθαι,
1829 2385 1913 2440 ὄτι

323 2475 388 2539 ἐξ
417 2475 627 2530 ἐκείνου
671 2473 1040 2545 ἐκπορεύεταί
1084 2473 1254 2528 ἔστιν.
1287 2475 1362 2530 οὐ
1400 2476 1588 2547 μέντοι
1635 2477 1915 2546 δυνάμεθα

323 2568 512 2635 λέγειν
535 2569 616 2622 ὅτι
640 2568 704 2620 τὸ
735 2566 958 2637 Πνεῦμα
989 2566 1050 2622 τὸ
1076 2565 1235 2635 ἅγιον
1287 2567 1412 2640 ούχὶ
1442 2570 1534 2622 καὶ
1560 2570 1624 2622 ἐκ
1651 2563 1746 2624 τοῦ
1781 2571 1912 2626 Υίοῦ

322 2660 712 2731 ἐκπορεύεται,
739 2659 863 2714 οὐδὲ
896 2659 1007 2730 γὰρ
1054 2660 1234 2730 μάτην
1271 2660 1332 2714 τὸ
1359 2661 1492 2716 αύτδ
1533 2662 1782 2734 Πνεῦμα,
1818 2667 1915 2720 καὶ

326 2755 542 2824 Πατρδς
568 2752 666 2807 καὶ
687 2750 819 2806 Υἰοῦ
844 2752 1070 2824 Πνεῦμα
1098 2752 1318 2820 λέγεται
1335 2769 1351 2787 ο
1381 2753 1508 2808 οὒτε
1543 2755 1658 2826 μὴν
1679 2758 1911 2829 συνορῶ,

322 2848 382 2900 τί
414 2864 545 2900 ποτε
577 2848 768 2917 ἕτερον
804 2849 1045 2916 σημᾶναι
1073 2846 1354 2917 ἠϐούλετο,
1380 2848 1548 2919 ἡνίκα
1584 2851 1912 2922 ἐμφυσήσας

320 2941 408 3002 είς
439 2941 495 2992 τὸ
514 2940 807 3010 πρόσωπον
832 2940 940 2993 τῶν
965 2938 1245 3009 μαθητῶν,
1275 2935 1422 3007 εἷπε,
1445 2940 1653 2995 Λάϐετε
1683 2941 1911 3012 Πνεῦμα

320 3032 503 3099 ἅγιον.
551 3029 690 3086 Οὐδὲ
737 3030 850 3100 γὰρ
888 3031 950 3084 τὸ
999 3031 1311 3102 σωματικὸν
1353 3033 1531 3088 ἐκεῖνο
1580 3035 1906 3107 ἐμφύσημα,

324 3125 428 3178 σὺν
456 3124 708 3195 αίσθήσει
756 3121 852 3178 τοῦ
904 3124 1234 3192 σωματικῶς
1282 3124 1568 3194 θιγγάνειν
1614 3131 1809 3198 προϊὸν
1845 3133 1909 3184 ἐκ

2022 2021 2128 2063 nec
2161 2022 2452 2078 possumus
2485 2007 2671 2065 dicere
2699 2009 2842 2080 quod
2879 2008 3118 2081 Spiritus
3146 2018 3370 2065 sanctus
3403 2023 3511 2064 non
3550 2018 3609 2064 et

2021 2113 2051 2154 a
2093 2099 2234 2156 Filio
2267 2101 2570 2171 procedat:
2605 2116 2783 2173 neque
2826 2103 3031 2159 frustra
3067 2103 3212 2158 idem
3265 2102 3503 2173 Spiritus
3556 2111 3612 2155 et

2021 2193 2200 2250 Patris
2224 2204 2280 2250 et
2313 2194 2432 2250 Filii
2459 2195 2697 2266 Spiritus
2713 2196 2934 2259 dicitur,
2975 2211 3079 2253 nec
3104 2196 3266 2252 video
3295 2196 3426 2266 quid
3459 2195 3607 2248 aliud

2018 2287 2327 2357 signiﬁcare
2363 2287 2621 2354 voluerit,
2649 2301 2774 2342 cum
2829 2286 3060 2344 suillans
3095 2286 3149 2342 in
3183 2286 3381 2343 [aciem
3440 2284 3608 2342 disci-

2019 2379 2297 2448 pulorum,
2375 2378 2454 2436 ait
2506 2394 2522 2433 :
2594 2377 2887 2450 «Accipite
2948 2379 3215 2450 Spiritum
3272 2389 3601 2442 sanctum;-

2019 2486 2202 2542 ncque
2229 2472 2381 2528 enim
2413 2472 2572 2529 ﬂatus
2612 2472 2700 2529 ille
2720 2487 3024 2542 corporeus
3048 2488 3173 2530 cum
3205 2486 3372 2528 sensu
3401 2486 3602 2540 corpo-

2017 2567 2204 2622 raliter
2261 2567 2518 2639 tangendi
2571 2566 2881 2636 procedens
2933 2581 2999 2622 ex
3063 2579 3314 2635 corpore,
3347 2567 3602 2621 substan-

2017 2662 2090 2716 tia
2147 2660 2388 2732 Spiritus
2453 2662 2627 2717 sancti
2686 2659 2812 2725 fuit,
2877 2662 2973 2717 sed
3049 2660 3450 2716 demonstratio
3505 2674 3602 2730 per

2015 2770 2313 2827 congruam
2375 2754 2855 2826 signiﬁcationem,
2922 2768 3032 2810 non
3088 2763 3356 2810 tantuma
3415 2754 3599 2815 Patre.

2012 2848 2106 2904 scd
2153 2857 2212 2902 et
2242 2862 2272 2901 a
2325 2846 2466 2902 Filio
2491 2848 2790 2917 procedere
2831 2847 3097 2915 Spiritum
3133 2859 3406 2902 sanctum.
3462 2847 3599 2912 Quis

2012 2941 2158 2998 enim
2185 2941 2658 3008 dementissimus,
2691 2941 2893 2997 dixerit
2913 2943 3080 2998 alium
3111 2943 3281 2998 fuisse
3307 2942 3596 3010 Spiritum,

2011 3032 2174 3106 quem
2202 3035 2425 3091 sufﬂans
2453 3036 2622 3099 dedit,
2677 3044 2732 3090 et
2762 3035 2929 3090 alium
2961 3050 3126 3106 quem
3165 3045 3285 3105 post
3314 3038 3597 3092 ascensio-

2012 3143 2136 3182 nem
2190 3128 2378 3184 misit?
2419 3148 2437 3182 ι
2499 3129 2646 3184 ldem
2681 3145 2734 3186 e.
2798 3129 2867 3184 17
2914 3130 3009 3185 lib.
3056 3145 3126 3192 xy
3169 3131 3246 3186 De
3298 3131 3594 3200 Trinitate,

318 3218 422 3272 τοῦ
463 3217 732 3300 στόματος
773 3219 804 3287 ἡ
828 3216 988 3271 οὐσία
1011 3217 1105 3270 τοῦ
1137 3217 1296 3284 ἁγίου
1321 3217 1642 3290 Πνεύματος
1671 3216 1762 3293 ἦν,
1788 3223 1905 3278 ἀλλ’

2020 3222 2102 3291 qui
2134 3222 2330 3293 incipit,
2359 3239 2372 3277 :
2434 3240 2454 3274 ι
2485 3222 2631 3279 Satis
2649 3223 2719 3278 de
2761 3223 2922 3281 Patre
2952 3235 3009 3281 et
3037 3223 3228 3293 Filio,t
3260 3228 3412 3296 juxta
3446 3228 3597 3298 priu-

319 3308 547 3376 ἔνδειξις
571 3310 661 3364 διὰ
692 3309 1027 3380 καταλλήλου
1057 3309 1366 3378 δηλώσεως,
1402 3310 1476 3382 μὴ
1517 3312 1680 3382 μόνον
1710 3314 1776 3368 ἐκ
1805 3315 1901 3368 τοῦ

2020 3316 2215 3386 cipium
2253 3319 2334 3373 sic
2367 3317 2482 3372 ait:
2536 3338 2555 3370 ε
2583 3317 2739 3384 Quod
2775 3316 3016 3390 Spiritus
3042 3331 3268 3378 sanctus
3289 3324 3590 3378 secundum

319 3401 562 3470 Πατρδς,
615 3401 750 3456 ἀλλὰ
804 3405 899 3456 καὶ
958 3403 1022 3455 ἐκ
1065 3401 1162 3456 τοῦ
1215 3399 1350 3456 Υίοῦ
1406 3404 1812 3475 ἐκπορεύεσθαι
1842 3409 1904 3461 τὸ

2020 3408 2322 3480 Βοτίριύηε
2355 3422 2579 3468 sanctas
2633 3428 2733 3468 nec
2765 3414 2943 3470 Patris
2973 3413 3148 3470 solius
3174 3425 3278 3481 est,
3333 3431 3434 3472 nec
3467 3416 3588 3470 Filii

319 3495 548 3565 Πνεῦμα
577 3494 640 3548 τὸ
676 3494 852 3562 ἅγιον.
887 3495 986 3558 Τίς
1018 3496 1127 3566 γὰρ
1154 3494 1220 3549 ἂν
1268 3495 1619 3560 ἀτοπώτατος
1653 3498 1900 3571 φήσειεν,

2020 3501 2198 3566 solius,
2255 3503 2350 3558 sed
2406 3506 2732 3570 amborum;
2776 3523 2796 3557 ι
2830 3514 2888 3560 et
2937 3515 3061 3575 post
3099 3509 3348 3574 quaedam
3389 3527 3403 3564 :
3445 3528 3463 3560 ε
3501 3508 3595 3565 Sic

315 3590 512 3659 ιτερον
541 3589 643 3656 μὲν
681 3581 822 3642 εἶναι
871 3588 1010 3659 ὅπερ
1035 3589 1371 3659 ἐμφυσήσας
1407 3590 1662 3657 δέδωκεν,
1711 3590 1902 3665 ἓτερον

2020 3588 2156 3642 enim
2203 3599 2256 3644 et
2290 3587 2454 3646 Pater
2485 3584 2652 3658 Deus,
2681 3602 2738 3648 et
2766 3593 2960 3658 Filius,
2989 3603 3048 3649 et
3089 3595 3329 3666 Spiritus
3366 3610 3594 3655 sanctus

285 3681 378 3736 ’δὲ
411 3680 440 3733 6
471 3679 610 3751 μετὰ
639 3679 739 3750 τὴν
769 3680 1041 3750 ἀνάληψιν
1068 3679 1234 3733 αὑτοῦ
1276 3680 1601 3751 πέπομφενς
1646 3699 1665 3734 ι
1718 3682 1778 3736 Ὅ
1804 3684 1901 3736 αύ-

2020 3675 2173 3744 Deus,
2232 3688 2289 3734 et
2338 3682 2502 3736 simul
2556 3697 2750 3738 omnes
2781 3699 2925 3740 unus
2962 3685 3126 3742 Deus.
3170 3685 3238 3742 Et
3267 3697 3447 3743 tamen
3481 3707 3592 3746 non

314 3774 414 3839 τδς
449 3775 507 3827 ιν
537 3774 614 3843 τῷ
635 3773 1086 3844 ἑπτακαιδεκάτῳ
1111 3775 1393 3842 κεφαλαίῳ
1417 3774 1512 3828 τοῦ
1548 3778 1902 3832 πεντεκαιδει

2020 3770 2209 3827 ῗι-ιιειτα
2259 3774 2313 3828 in
2349 3773 2454 3829 hac
2501 3773 2774 3831 Trinitate
2826 3789 2934 3831 nou
2979 3776 3184 3834 dicitur
3216 3779 3450 3835 Verbum
3491 3781 3592 3836 Dei

317 3865 748 3938 κᾶτουβιδλίου,
777 3869 871 3922 τοῦ
903 3871 1034 3939 περὶ
1059 3869 1311 3940 Τριάδος,
1342 3862 1404 3923 οὗ
1435 3870 1468 3941 ὴ
1502 3871 1669 3942 ἀρχὴ,
1697 3888 1717 3923 ε
1746 3872 1900 3938 Ἅλις

2020 3862 2111 3918 nisi
2154 3862 2352 3928 Filius,
2390 3879 2492 3920 uec
2529 3863 2735 3920 donum
2775 3866 2895 3932 Dei,
2929 3867 3033 3922 nisi
3065 3867 3308 3938 Spiritus
3343 3881 3589 3932 sanctus,

293 3958 429 4031 ’μὲν
470 3957 564 4015 οὖν
615 3963 744 4033 περὶ
792 3962 1008 4031 Πατρ’ς
1043 3959 1136 4015 καί
1166 3961 1315 4028 Υἶοῧθ
1351 3979 1370 4014 ³
1403 3961 1633 4033 ἔγγιστά
1659 3981 1764 4017 που
1799 3964 1902 4034 τῆς

2020 3971 2108 4012 nec
2137 3957 2207 4022 de
2225 3972 2334 4026 quo
2361 3957 2609 4028 genitum
2638 3969 2724 4014 est
2748 3959 3005 4025 Verbum,
3027 3960 3167 4016 etde
3194 3976 3304 4032 quo
3336 3965 3589 4032 procedit

323 4055 526 4123 ἀρχῆς,
549 4054 690 4108 οὕτω
724 4058 888 4126 φησίν
909 4071 924 4085 ο
962 4072 982 4106 ε
1033 4055 1123 4118 Ὠς
1147 4055 1209 4108 τὸ
1232 4054 1464 4125 Πνεῦμα
1477 4053 1549 4109 (ιδ
1574 4057 1734 4126 ἅγιον
1761 4034 1902 4112 κάτά

2020 4049 2382 4120 )riucipaliter
2437 4049 2675 4120 Spiritus
2726 4059 2970 4117 sanctus,
3032 4054 3136 4109 nisi
3204 4055 3346 4110 Deus
3401 4055 3583 4110 Pater.

317 4149 422 4208 τὰς
472 4149 621 4218 ίερὰς
678 4147 922 4218 Γραφὰς,
957 4145 1082 4200 οὗτε
1114 4147 1210 4201 τοῦ
1267 4149 1479 4220 Πατρός
1531 4152 1649 4202 ἐστι
1706 4151 1895 4220 μόνου,

2020 4143 2134 4200 ideo
2157 4151 2343 4200 autem
2379 4143 2565 4199 addidi
2611 4160 2632 4194 ε
2659 4145 3039 4216 principaliter
3058 4165 3076 4199 ›
3109 4147 3236 4218 quia
3264 4158 3323 4203 et
3349 4148 3415 4202 de
3448 4148 3587 4202 Filio

314 4235 442 4292 οὔτε
471 4238 567 4292 τοῦ
603 4238 734 4293 Υίοῦ
763 4241 952 4309 μόνου,
984 4236 1104 4293 ἀλλ’
1133 4241 1360 4312 ἀμφοῖν,
1399 4253 1419 4292 t‘
1456 4241 1550 4294 καὶ
1584 4243 1724 4311 μετά
1752 4260 1896 4310 τινα,

2020 4239 2246 4311 Spiritus
2301 4249 2525 4296 sanctus
2579 4241 2888 4311 procedere
2949 4243 3247 4314 reperitur.
3313 4243 3422 4299 Sed
3485 4245 3588 4300 hoc

320 4349 345 4384 ε
385 4327 540 4388 Οὕτω
580 4329 690 4402 γὰρ
726 4333 874 4386 καὶὸ
906 4333 1116 4404 Πατὴρ,
1161 4334 1330 4397 Θεός·
1365 4335 1464 4388 καὶ
1488 4337 1515 4388 6
1547 4336 1696 4399 Υίδς.
1729 4337 1895 4395 Θεός’

2020 4333 2308 4404 ιιιοψιοίιιί
2339 4332 2498 4389 Pater
2518 4329 2802 4390 dedit'non
2825 4334 2934 4404 iam
2959 4335 3246 4390 exsistenti
3269 4337 3586 4391 etnundum

314 4425 500 4479 καὶτὸ
551 4425 777 4493 Πνεῦμα
810 4425 871 4479 τὸ
918 4425 1094 4494 ἅγιον,
1147 4425 1278 4489 Θεός
1303 4441 1320 4458 ο
1353 4427 1448 4480 καὶ
1500 4428 1635 4498 ὁμοῦ
1674 4429 1898 4492 πάντες,

2020 4425 2263 4490 tabenti;
2325 4425 2423 4480 sed
2457 4425 2721 4495 quidquid
2753 4427 3040 4494 unigenito
3070 4425 3246 4482 Verbo
3286 4428 3460 4492 dedit,
3508 4430 3588 4499 gi-

313 4513 400 4582 εἷς
433 4512 590 4572 Θεὸς.
625 4513 733 4572 Καὶ
755 4518 962 4589 ’μέντοι
993 4519 1056 4571 οὐ
1094 4520 1272 4591 μάτην
1307 4520 1364 4572 ἑν
1409 4520 1540 4590 τῇδε
1577 4522 1642 4591 τῇ
1675 4521 1893 4592 Τριάδι,

2020 4519 2223 4578 mendo
2267 4519 2442 4578 dedit.
2501 4518 2597 4574 Sic
2640 4533 2774 4587 ergo
2807 4533 2932 4573 eum
2961 4520 3174 4588 genuit,
3211 4527 3270 4574 ut
3314 4520 3481 4576 etiam
3515 4525 3584 4576 de

277 4604 622 4681 ὀὔλέγεται
670 4585 841 4681 Adv-oc;
894 4611 1055 4676 Θεοῦ,
1097 4585 1164 4665 *εί
1306 4613 1334 4665 6
1555 4585 1675 4666 οὐδὲ
1720 4585 1895 4685 δῶρον

2023 4611 2094 4666 llo
2123 4610 2330 4665 donum
2361 4625 2657 4666 commune
2708 4585 3150 4682 procederctfet
3182 4609 3424 4682 Spiritus
3451 4629 3581 4668 san-

307 4703 474 4768 Θιοῦ,
505 4703 661 4774 εἰμὴ
695 4705 756 4758 τὸ
792 4703 1019 4775 Πνεῦμα
1060 4704 1120 4758 τὸ
1161 4705 1352 4773 ᾶγιονο
1379 4705 1504 4759 οὐδὲ
1540 4706 1600 4771 ἐξ
1629 4705 1690 4760 οῦ
1738 4709 1895 4775 ἐγεν-

2020 4715 2119 4761 ttus
2171 4703 2402 4774 spiritus
2453 4711 2601 4759 esset
2662 4703 2971 4758 amborum.
3007 4719 3028 4756 ι
3095 4703 3243 4759 Idem
3289 4704 3468 4774 capite
3507 4706 3580 4759 26

309 4797 454 4868 νήθη
483 4798 512 4852 6
539 4798 732 4866 Λόγος,
769 4797 865 4852 καὶ
908 4797 968 4866 ἐξ
1001 4791 1064 4852 οὒ
1109 4798 1470 4870 ἐκπορεύεται
1499 4801 1800 4871 ἀρχοειδῶς
1833 4802 1894 4855 τὸ

2020 4799 2242 4870 ejusdem
2269 4797 2414 4864 libri,
2443 4798 2584 4868 quod
2614 4797 2806 4864 incipit
2835 4815 2850 4850 :
2881 4815 2902 4849 ι
2931 4797 3134 4852 Deinde
3163 4797 3218 4852 in
3255 4797 3343 4852 illa
3364 4814 3578 4855 summa

309 4891 547 4962 Πνεῦμα
597 4891 660 4944 τὸ
709 4889 888 4960 ἅγιον,
921 4881 986 4944 ἐί
1028 4890 1103 4964 μὴ
1149 4893 1178 4945 6
1207 4891 1344 4955 Θεὸς
1392 4893 1486 4946 καὶ
1526 4894 1738 4964 Πατήρ.
1795 4894 1896 4947 Διὰ

2020 4891 2287 4958 l‘rinitate,
2317 4907 2337 4944 ι
2377 4891 2456 4946 sic
2490 4891 2568 4946 ait
2600 4908 2616 4945 :
2655 4908 2674 4941 ο
2698 4890 3044 4961 Quapropter
3073 4891 3166 4961 qui
3203 4901 3387 4962 potest
3418 4894 3582 4948 intel-

308 4981 473 5036 τοῦτο
502 4971 566 5036 ’δὲ
599 4984 967 5052 προστέθεικα
996 4981 1316 5052 ἀρχοειδῶς,
1350 4983 1542 5055 ἔπειδὴ
1581 4987 1676 5038 καὶ
1707 4986 1772 5038 ἑκ
1799 4984 1895 5038 τοῦ

2021 4986 2166 5058 igere
2213 4984 2332 5040 sine
2384 4991 2632 5054 tempore
2670 4983 3081 5051 generationem
3114 4983 3236 5040 Filii
3292 4985 3362 5041 de
3391 4987 3577 5049 Patre,

308 5065 447 5126 Υῐοῦ
476 5073 570 5127 τοῦ
600 5073 761 5141 Θεοῦ,
793 5075 852 5127 τὸ
898 5072 1124 5143 Πνεῦμα
1156 5073 1216 5127 τὸ
1246 5075 1403 5144 ἄτιον
1451 5073 1769 5147 εὑρίσκεται
1800 5079 1896 5129 ὲκ-

2023 5077 2263 5147 ntelligat
2330 5075 2452 5130 sine
2521 5085 2769 5143 tempore
2845 5075 3254 5146 processionem
3339 5078 3577 5146 Spiritus

310 5155 715 5238 πορευόμενον.
762 5167 908 5220 Ἀλλ’
939 5169 1131 5238 ἐπειδὴ
1164 5169 1260 5221 καὶ
1285 5169 1446 5224 τοῦτο
1473 5169 1625 5241 αὐτῷ
1649 5172 1677 5225 6
1705 5169 1897 5242 Πατὴρ

2020 5169 2170 5223 .ancti
2243 5168 2312 5223 de
2338 5175 2596 5238 utroque.
2631 5167 2696 5221 Et
2721 5169 2817 5239 qui
2853 5177 3032 5238 potest
3066 5170 3369 5239 intelligere
3401 5170 3452 5222 in
3485 5185 3576 5233 eo,

309 5258 541 5324 ἔδωκεν,
575 5261 676 5314 οὐκ
705 5245 808 5332 ἤδη
839 5261 1174 5331 ύφεστηκότι
1221 5261 1314 5314 καὶ
1350 5261 1517 5333 μήπω
1546 5262 1748 5335 ἔχοντι,
1778 5263 1898 5316 ἀλλ’

2020 5263 2142 5330 {uod
2174 5259 2252 5314 ait
2278 5259 2471 5325 Filius,
2499 5258 2684 5314 «Sicut
2710 5259 2872 5314 Pater
2903 5259 3070 5314 habet
3090 5261 3252 5315 vitam
3283 5259 3337 5312 in
3373 5272 3578 5313 sumet-

307 5352 344 5405 ὃ
368 5367 421 5405 τι
448 5352 580 5406 ποτὶ
606 5353 685 5421 τῷ
721 5353 1006 5422 μονογενεϊ
1033 5353 1194 5423 Λόγῳ
1219 5353 1474 5418 δέδωκεν,
1506 5354 1565 5407 ὲν
1589 5355 1667 5424 τῷ
1696 5336 1894 5426 γεννᾷν

2020 5361 2144 5425 ρεο,
2187 5354 2266 5408 sic
2298 5353 2447 5408 dedit
2479 5351 2616 5407 Filio
2649 5352 2814 5406 vitam
2852 5353 3056 5407 habere
3088 5353 3143 5407 in
3196 5352 3520 5420 semetipso,
3554 5373 3571 5401 ι

308 5445 566 5502 δέδωκεν.
605 5444 794 5510 Οὕτως
821 5447 932 5516 ἄρα
967 5446 1132 5500 αὑτὸν
1165 5448 1477 5518 ἐγέννησεν,
1525 5448 1601 5511 ὡς
1636 5449 1694 5516 ἐξ
1721 5449 1888 5504 αὑτοῦ

2020 5462 2108 5500 ton
2169 5446 2290 5501 siue
2344 5447 2455 5501 vita
2511 5445 2797 5501 exsisteuti
2829 5445 2937 5515 jam
2968 5445 3131 5511 Filio,
3160 5445 3325 5500 vitam
3357 5442 3574 5498 Patrem

312 5535 376 5587 τὺ
400 5537 574 5608 δῶρον
599 5537 778 5592 κοινὸν
807 5539 1203 5610 προέρχεσθαι,
1237 5541 1332 5593 καὶ
1358 5539 1583 5608 Πνεῦμα
1610 5542 1837 5612 ἀμφοῖν.
1864 5561 1884 5596 ι

2020 5541 2265 5596 ledisse:
2327 5540 2421 5595 sed
2481 5539 2552 5592 ita
2583 5553 2710 5592 cum
2763 5539 2884 5592 sine
2915 5547 3158 5608 tempore
3201 5535 3480 5606 genuisse,
3517 5551 3577 5591 tit

325 5627 385 5682 '0
412 5630 575 5692 αὐτὸς
605 5631 665 5683 ἐν
707 5629 787 5702 τῷ
817 5632 1048 5701 εἰκοστῷ
1080 5631 1227 5704 ἕκτῳ
1277 5632 1564 5703 κεφαλαίῳ
1595 5633 1692 5687 τοῦ
1723 5635 1890 5689 αὐτοῦ

2020 5635 2133 5701 rita,
2168 5646 2328 5702 quam
2385 5630 2548 5686 Pater
2582 5627 2723 5684 Filio
2765 5627 3037 5699 gignendo
3083 5625 3256 5692 dedit,
3301 5634 3572 5681 coa‘ti-rua

315 5721 542 5793 βιὸλίου,
571 5719 632 5778 οὗ
662 5725 696 5795 ἡ
725 5711 867 5795 ἀρχή
894 5737 910 5752 °
949 5743 968 5778 ε
995 5725 1228 5782 Ἔπειτα
1253 5726 1309 5780 δὲ
1335 5728 1392 5780 ἐν
1412 5729 1476 5798 τῇ
1499 5725 1648 5801 ἄκρᾳ
1669 5726 1888 5799 Τριὰδι,

2020 5726 2073 5781 ait
2102 5726 2226 5781 vita:
2260 5722 2440 5779 Patris
2469 5722 2560 5793 qui
2606 5723 2776 5789 dedit,
2810 5721 3106 5790 intelligat;
3138 5729 3193 5773 et
3235 5717 3383 5774 sicut
3411 5719 3572 5774 Pater

391 5901 435 5933 ³ο
466 5902 569 5958 isa.
606 5919 680 5970 ιι,
715 5904 766 5959 4.
867 5903 970 5960 "ll
999 5902 1194 5960 Thess.
1231 5919 1292 5972 ιι,
1323 5903 1376 5960 8.
