4004 6422
497 279 636 346 1175

1695 291 2029 354 ΙΟΞΕΡΗὶ
2065 243 2616 358 MEil'HONENSIS

3563 281 3710 367 ius

491 393 670 466 scopi,
708 394 1019 466 Augustini,
1055 405 1111 452 et
1132 397 1491 469 reliquorum,
1523 411 1788 473 praeterea
1841 414 2067 461 clancu—

2170 409 2457 477 δογμάτων
2489 413 2592 482 τῆς
2620 409 2716 465 τοῦ
2747 408 2886 466 Θεοῦ
2922 407 3257 484 Ἐκκλησῖας
3314 414 3710 488 ἐκφωνηθεῐσας,

493 487 836 542 menicorum
883 499 1001 544 aeta
1043 492 1434 559 conciliorum,
1463 497 1642 564 quarti
1672 497 1798 554 dico
1840 509 1896 554 et
1927 502 2067 555 sexti

494 592 608 631 non
645 579 1116 648 amplectentibus,
1147 571 1496 640 anathema.»
1561 589 1730 643 Audis
1753 599 1811 644 ut
1845 592 2071 648 anathe-

493 669 626 723 mati
648 670 959 740 subjicitur,
995 672 1086 740 qui
1121 674 1418 746 Augustini
1453 682 1762 736 sententias
1792 697 1902 736 non
1935 685 2072 738 reci-

499 763 624 832 pit?
673 763 791 818 Non
829 780 958 836 ergo
989 765 1042 820 in
1077 779 1358 836 posterum
1392 772 1640 842 ambigas
1669 788 1765 841 pro
1795 783 1986 829 sancto
2015 783 2071 830 et

492 858 713 911 doctore
739 857 938 913 habere
957 859 1342 928 Augustinum,
1379 863 1535 933 cujus
1557 864 1729 933 gloria
1761 882 1954 938 magna
1984 879 2072 924 est

490 949 544 1000 in
580 947 820 1005 Ecclesia
853 949 970 1005 Dei.
993 949 1144 1006 Nosti
1167 967 1298 1024 ergo
1325 956 1600 1022 quomodo
1631 967 1686 1011 et
1748 957 2071 1014 Occidentao

489 1041 570 1096 lc's
599 1042 852 1098 doctores
884 1044 940 1097 in
995 1046 1250 1100 omnibus
1275 1044 1651 1104 Orientalibus
1679 1053 2067 1120 consentiunt,

486 1131 644 1196 quasi
673 1132 863 1187 eodem
898 1133 1092 1204 spiritu
1129 1134 1346 1198 atllatis,
1375 1146 1427 1191 et
1477 1139 1623 1207 quod
1654 1140 1817 1193 etiam
1840 1157 1906 1194 ex
1930 1141 2068 1198 Filio

493 1224 729 1292 Spiritus
751 1236 976 1281 sanctus
1010 1227 1280 1295 procedit,
1309 1229 1492 1303 datur,
1522 1229 1782 1294 mittitur,
1815 1232 2068 1286 immitti-

413 1344 447 1386 ..ι
490 1329 598 1379 tur,
640 1316 883 1386 proﬂuit,
928 1319 1259 1384 infunditur,
1289 1323 1500 1391 prodit,
1541 1324 1788 1391 scaturit,
1822 1335 2066 1391 emanat,

422 1397 425 1401 ’
487 1418 546 1460 et
574 1409 784 1478 spirat:
830 1428 952 1479 quae
991 1414 1172 1468 omnia
1206 1415 1595 1485 sempiternam
1628 1418 1743 1488 ejus
1769 1419 2068 1486 processio-

489 1515 616 1556 nem
671 1503 1078 1570 demonstrant,
1136 1522 1200 1561 cx
1261 1507 1421 1564 Patre
1479 1509 1732 1573 similiter
1783 1520 1836 1566 et
1886 1511 2064 1577 Filio,

487 1591 743 1661 quodque
767 1594 1006 1663 apertius
1026 1593 1410 1653 Occidentales
1431 1598 1799 1668 Orientalibus
1829 1599 2068 1656 clamant

486 1683 669 1749 clare,
719 1700 785 1740 ex
835 1696 1067 1756 utroque
1110 1689 1439 1758 procedere,
1488 1689 1649 1745 Patre
1700 1691 1953 1747 videlicet
2010 1703 2065 1746 et

2187 501 2537 568 Ἀθανασίου,
2594 505 2893 575 Κυρίλλου,
2963 505 3318 578 Ἀμϐροσῐου,
3381 507 3714 579 Ἀμφιλοχίου,

2173 595 2271 646 τοῦ
2303 594 2570 666 θεηγόρου
2603 595 2832 660 Λέοντος
2857 595 2952 650 τοῦ
2980 597 3290 665 ἀγιωτάτου
3315 600 3714 672 ἀρχιεπισιιόπου

2172 686 2273 756 τῆς
2328 689 2712 758 πρεσευτέρας
2767 688 3012 758 Ῥώμης,
3065 689 3459 759 Αὑγουστινου,
3497 694 3585 747 καὶ⁵
3627 696 3720 749 τῶν

2173 777 2411 832 λοιπῶν·
2443 779 2526 833 ἔτι
2574 797 2634 833 τε
2684 781 2876 835 καὶτὰ
2911 785 3021 836 τῶν
3067 785 3468 853 οἰκουμενικῶν
3513 785 3721 842 συνόδων

2172 869 2485 940 Πρακτικὰ,
2525 871 2627 941 τῆς
2665 873 2939 943 τετάρτης
2972 876 3116 944 φημὶ
3158 875 3256 928 καὶ
3318 874 3414 944 τῆς
3455 875 3631 946 ἕκτης,
3660 877 3724 948 μὴ

2173 951 2710 1030 κατασπαζομένοις,
2759 964 3035 1033 ἀνάθεμα.
3069 983 3088 1017 ο
3135 966 3402 1032 Ἀκούεις,
3454 967 3528 1030 ὠς
3555 966 3726 1022 ἀναθέ-

2177 1067 2306 1120 ματι
2343 1052 2819 1108 καθυποδάλλεται
2850 1057 2879 1108 6
2916 1055 2991 1126 μὴ
3025 1055 3127 1121 τὰς
3160 1057 3347 1126 φωνὰς
3390 1058 3727 1126 Aureum-im

2171 1141 2463 1212 δεχόμενος
2486 1160 2504 1212 ;
2554 1145 2762 1200 Οὐκοῦν
2805 1145 2903 1200 τοῦ
2936 1146 3128 1201 λοιποῦ
3182 1147 3260 1220 μὴ
3305 1148 3606 1218 ἀμφέδαλλε
3637 1149 3724 1204 A6—

2170 1236 2455 1302 γουστῖνον
2512 1235 2658 1305 ἔχειν
2688 1238 2844 1305 ἅγιον
2872 1238 2967 1292 καὶ
3011 1238 3335 1295 διδάσκαλον
3359 1257 3374 1272 ο
3415 1239 3476 1294 οῦ
3503 1241 3560 1294 τδ
3590 1241 3726 1306 κλέος

2171 1325 2308 1378 πολὺ
2340 1329 2398 1380 ἐν
2425 1329 2489 1398 τῇ
2517 1327 2614 1380 τοῦ
2639 1328 2774 1382 Θεοῦ
2813 1330 3136 1402 Ἐκκλησία.
3173 1330 3339 1396 Οῐδας
3365 1332 3472 1404 ἄρα
3501 1334 3590 1386 καὶ
3617 1335 3726 1397 τοὺς

2169 1417 2424 1478 δυτικοὺς
2450 1420 2808 1484 διδασκάλους
2838 1422 2957 1488 πῶς
2986 1423 3130 1476 κατὰ
3171 1425 3352 1478 πάντα
3399 1424 3723 1494 συμφωνοῦσι

2168 1509 2281 1571 τοῖς
2309 1508 2677 1573 ’Δνατολικοῖς
2703 1550 2718 1574 ,
2751 1511 2829 1574 ὡς
2862 1511 2957 1566 τοῦ
2988 1511 3162 1565 ἀὐτοῦ
3215 1513 3535 1583 Πνεῦματος
3578 1514 3723 1583 λαλή-

2171 1616 2364 1663 σαντος
2391 1601 2450 1654 ὲν
2498 1602 2680 1666 αὐτοῖς
2705 1617 2722 1635 ο
2754 1604 2850 1656 καὶ
2881 1605 2962 1657 ὅτι
2990 1605 3054 1659 ἑκ
3089 1605 3184 1658 τοῦ
3215 1603 3352 1659 Υῐοῦ
3391 1607 3721 1676 ἐκπορεύεται

2169 1692 2229 1744 τὸ
2269 1691 2494 1762 Πνεῦμα
2537 1695 2599 1747 τὸ
2651 1693 2830 1764 ἅγιον,
2869 1696 2964 1749 καὶ
3017 1696 3245 1764 δίδοται,
3303 1701 3399 1752 καὶ
3446 1698 3720 1767 πέμπεται.

487 1775 665 1832 Filio:
731 1794 910 1848 neque
954 1779 1213 1834 diﬂ‘erunt
1254 1781 1396 1834 inter
1439 1797 1521 1843 se,
1569 1781 1664 1836 sed
1711 1785 1970 1853 prmelare
2013 1793 2067 1838 et

2173 1783 2269 1835 καὶ
2319 1759 2732 1846 ἀποστέλλεται.
2780 1759 2875 1838 καὶ
2908 1759 3362 1858 προχεῖταιίκαὶ
3411 1759 3602 1856 ἑνίτίσι,
3642 1776 3720 1841 καὶ

485 1868 669 1923 divine
691 1871 1043 1926 consentiunt
1071 1887 1085 1925 :
1119 1885 1222 1926 nec
1261 1881 1413 1941 potes
1444 1887 1539 1926 eos
1562 1873 1808 1945 rejicere,
1845 1876 2066 1944 synodis

487 1962 667 2027 palam
711 1961 1077 2018 clamantibus
1122 1965 1386 2018 adversus
1442 1979 1561 2028 eos,
1626 1965 1720 2032 qui
1761 1968 2065 2023 sententias

487 2051 703 2106 illorum
733 2068 840 2108 non
874 2055 1165 2124 recipiunt,
1197 2058 1502 2113 Auathema
1538 2067 1676 2114 esto.
1712 2059 1867 2115 Unde
1896 2060 2064 2132 igitur

485 2160 551 2199 ex
585 2144 703 2200 solo
735 2147 891 2202 Patre
920 2146 1183 2217 Spiritum
1209 2159 1457 2206 sanctum
1478 2152 1708 2220 putealis
1733 2153 2070 2209 ostendere?

447 2236 808 2294 ‘doctoribus
855 2241 1109 2295 omnibus
1163 2243 1552 2309 clamantibus,
1600 2255 1655 2299 et
1703 2260 1769 2300 ex
1826 2243 1986 2310 Filio,
2014 2255 2070 2301 et

490 2329 725 2399 reliqua.
757 2345 828 2385 ne
869 2330 1079 2400 singula
1133 2347 1474 2389 enumerem.
1530 2335 1748 2390 Credite
1779 2335 1943 2406 igitur
1983 2336 2069 2391 bis

486 2422 831 2487 doctoribus,
880 2432 934 2478 et
991 2423 1329 2493 acquiescitc
1383 2425 1541 2480 nobis
1584 2427 1676 2495 qui
1723 2434 1874 2481 recte
1910 2427 2065 2482 vobis

484 2515 848 2569 consulimus.

2177 1875 2414 1944 πρόεισι,
2448 1875 2544 1928 καὶ
2588 1876 2905 1943 ἀναϐλύζει,
2943 1881 3036 1932 καὶ
3065 1880 3329 1950 πηγάζει,
3361 1881 3456 1935 καὶ
3487 1880 3666 1934 πνέει·
3691 1877 3720 1934 ἃ

2173 1967 2350 2020 πάντα
2375 1969 2474 2038 τὴν
2507 1969 2681 2022 ἀῖδιον
2711 1969 2880 2023 αὐτοῦ
2913 1971 3248 2042 σημαίνουσι
3298 1972 3524 2043 πρόοδον
3555 1974 3614 2026 ὲκ
3639 1970 3719 2026 τοῦ

2171 2059 2387 2130 Πττρδς
2417 2061 2531 2129 ἅμα
2560 2063 2657 2115 καὶ
2683 2062 2778 2116 τοῦ
2813 2063 2946 2118 Υἱοῦ
2965 2083 2976 2096 ·
3010 2066 3105 2118 καὶ
3134 2067 3218 2120 ότι
3244 2068 3295 2120 οι
3327 2067 3544 2121 Δυτικοὶ
3577 2065 3720 2136 σαφέ-

2168 2169 2336 2222 στερα
2371 2153 2479 2206 τῶν
2512 2152 2880 2210 Ἀνατολικῶν
2915 2157 3081 2228 βοῶσι
3121 2159 3423 2231 διαρρήδην
3450 2159 3718 2232 ἐκπορευό-

2168 2257 2332 2309 μενον
2400 2239 2542 2298 εἶναι
2583 2244 2644 2309 ἐξ
2696 2246 3045 2317 ἀμφοτέρων,
3094 2249 3314 2320 Πατρδς
3352 2250 3588 2321 δηλονότι
3637 2248 3722 2304 καὶ

2167 2334 2300 2387 Υιοῦ
2319 2353 2334 2368 ο
2367 2335 2464 2390 καὶ
2493 2337 2553 2389 οὐ
2598 2337 2951 2408 διαφέρονται
2980 2339 3076 2396 ἀπῗ
3107 2340 3381 2412 ἀλλήλων,
3419 2342 3554 2396 ἀλλά
3595 2358 3718 2410 συμ-

2167 2430 2414 2496 φωνοῦσι
2468 2430 2730 2485 κάλλιστά
2768 2451 2826 2486 τε
2872 2433 2965 2486 καὶ
3016 2433 3615 2489 ὲνθουσιαστικὼτατα·
3643 2432 3724 2487 καὶ

2163 2522 2224 2572 οὐ
2261 2521 2490 2575 δύνασαι
2539 2523 2738 2587 αὐτοὺς
2789 2525 3299 2596 παραγράψασθαι,
3350 2526 3462 2580 τῶν
3516 2525 3724 2580 συνόδων

488 2608 740 2678 βοώντων
775 2609 1077 2680 ἀναφανδὸν
1108 2609 1219 2673 τοῖς
1253 2607 1328 2679 μὴ
1370 2608 1682 2678 δεχομένοις
1732 2607 1832 2672 τὰς
1859 2610 2066 2664 τούτων
2106 2617 2315 2680 φωνὰς,
2353 2615 2504 2668 "Hem
2549 2617 2825 2689 ἀνάθεμα.
2873 2619 3046 2673 Πόθεν
3110 2613 3209 2676 οὖν
3256 2622 3416 2692 ὑμεῖς
3477 2624 3537 2676 ἐκ
3581 2621 3722 2690 μόνον

484 2702 580 2757 τοῦ
627 2701 844 2774 Πατρὸς
875 2705 1027 2776 ἔχετε
1061 2703 1229 2770 δεῖξαι
1274 2705 1334 2757 τὸ
1371 2699 1597 2769 Πνεῦμα
1637 2701 1698 2753 τὸ
1733 2704 1924 2770 ᾶγιονς
1959 2705 2070 2758 τῶν
2106 2706 2447 2761 διδασκάλων
2472 2710 2729 2764 ἁπάντων
2769 2711 3022 2781 βοώντων
3052 2720 3149 2774 καὶ
3189 2718 3254 2769 ἐκ
3286 2715 3384 2770 τοῦ
3442 2715 3591 2783 Υῐοῦ,
3643 2715 3725 2768 καὶ

483 2799 554 2852 τὰ
583 2797 765 2862 λοιπὰ,
804 2799 890 2852 ἵνα
921 2800 996 2870 μὴ
1026 2798 1150 2853 καθ’
1183 2801 1412 2853 ἕκαστον
1457 2799 1622 2869 λέγω.
1659 2796 1930 2868 Πεῖσθητε
1961 2799 2259 2872 τοιγαροῦν
2341 2804 2554 2872 τούτοις
2605 2809 2718 2874 τοῖς
2799 2810 3184 2882 διδασκάλοις,
3263 2814 3362 2870 καὶ
3413 2796 3729 2869 emensi

485 2896 620 2965 ἡμῖν
649 2896 830 2961 καλῶς
865 2897 995 2967 ὑμῖν
1024 2895 1485 2967 συμϐουλεύουσι.

1213 2991 1374 3048 1Χ’

2921 2997 3002 3056 8'.

559 3087 652 3142 llis
679 3088 843 3159 igitur
865 3103 894 3142 a
926 3085 1084 3142 nobis
1143 3087 1427 3156 expositis,
1463 3103 1490 3141 a
1548 3087 1857 3158 divinisque
1885 3097 1940 3143 et
1971 3102 2060 3143 sa-

2243 3083 2431 3139 ταῦτα
2490 3085 2672 3139 τοίνυν
2703 3085 2772 3139 τὰ
2803 3088 3139 3156 προτεθέντα
3197 3088 3270 3144 ὲκ
3317 3087 3428 3142 τῶν
3470 3087 3624 3160 ἱερῶν
3647 3080 3730 3137 καὶ

486 3182 596 3234 eris
629 3180 882 3234 Ecclesiae
926 3180 1242 3235 doctoribus
1294 3179 1564 3245 collectis,
1615 3195 1794 3249 opera-
1828 3182 2066 3251 pretium

485 3285 610 3324 esse
632 3270 1069 3325 existimavimus
1092 3269 1237 3323 etde
1265 3277 1457 3323 nostro
1513 3269 1620 3324 alia
1671 3271 1918 3338 quaedam
1968 3271 2069 3325 ad-

397 3376 400 3378 ν
483 3363 734 3430 jungerc,
772 3376 894 3430 quae
933 3375 962 3413 a
999 3360 1187 3416 multis
1225 3351 1521 3428 audiendo,
1553 3371 1608 3416 et
1638 3361 1779 3416 intra
1805 3377 1906 3417 nos
1939 3376 2069 3417 exa-

489 3453 772 3517 minando,
809 3453 1282 3522 investigavimus,
1309 3454 1506 3524 quibus
1535 3455 1680 3511 suasi
1709 3455 1838 3510 huic
1865 3464 2069 3512 sancta:

488 3547 695 3618 synodo
724 3563 827 3602 nos
860 3546 1219 3615 sulijecitnus.
1277 3547 1476 3603 Audite
1509 3562 1644 3604 sane
1701 3557 1759 3602 et
1787 3563 1906 3602 vos.
1940 3547 2068 3618 Spi-

489 3640 654 3694 iitum
699 3647 964 3709 praeterea
999 3636 1122 3691 Filii
1164 3637 1272 3693 dici
1310 3634 1578 3706 Spiritum
1641 3647 1916 3699 sanetum.
1949 3636 2070 3707 ipse

487 3731 659 3788 Filius
703 3732 855 3796 dicit,
889 3729 1152 3802 Spiritum
1177 3729 1424 3786 veritatis
1487 3729 1736 3785 vocando
1766 3745 1930 3793 cum;
1985 3738 2070 3785 est

485 3835 666 3882 autem
697 3827 812 3896 ipse
832 3826 1371 3893 veritas,:etmagnus
1394 3819 1595 3878 Paulus
1645 3821 1854 3892 pluries
1894 3822 1946 3877 id
1989 3822 2070 3877 fe-

484 3922 588 3974 cit.
623 3919 796 3974 «Misit
853 3917 1028 3980 enim,
1060 3917 1242 3982 inquit
1301 3915 1465 3980 Deus,
1523 3913 1788 3984 Spiritum
1829 3913 1952 3968 Filii
1984 3914 2066 3969 sui

485 4017 548 4069 in
575 4014 737 4070 corda
764 4019 1000 4066 vestra.»
1040 4007 1138 4064 Et:
1175 4007 1264 4061 «Si
1299 4007 1424 4076 quis
1445 4007 1712 4077 Spiritum
1734 4004 1936 4061 Christi
1960 4019 2067 4058 non

491 4105 679 4168 liabet,
707 4101 798 4155 ltie
829 4116 938 4155 non
969 4108 1058 4156 est
1087 4097 1264 4166 ejus.»
1323 4097 1434 4155 lloe
1480 4099 1726 4162 verbum,
1752 4105 1818 4152 et
1864 4095 2065 4159 solum,

486 4196 706 4258 fratres,
729 4190 795 4246 ad
822 4190 1004 4246 omnia
1057 4186 1400 4243 ostendenda
1428 4187 1562 4242 satis
1591 4197 1707 4244 est:
1751 4203 1878 4242 nam
1899 4184 2068 4258 Spiri-

483 4298 602 4343 tum
629 4283 753 4340 Fdii
779 4281 909 4348 diei,
943 4279 1080 4336 nihil
1101 4279 1250 4334 aliud
1285 4278 1506 4334 denotat
1540 4294 1702 4348 quam
1729 4277 1873 4348 quod
1906 4292 1970 4332 ex
2001 4292 2068 4333 eo

483 4390 588 4437 cst.
623 4377 779 4444 Quod
800 4375 945 4430 enim
973 4374 1194 4446 quidam
1217 4373 1406 4430 dicunt
1428 4380 1715 4428 veritatem
1735 4371 2064 4439 devitantes,

2173 3177 2334 3231 θείων
2361 3181 2462 3246 τῆς
2496 3179 2824 3250 Ἐκκλησῐας
2852 3179 3184 3234 διδασκάλων
3207 3182 3610 3252 ἑρανισάμενοι,
3633 3177 3726 3230 δεῖν

2171 3269 2434 3341 ᾠήθημεν
2463 3270 2556 3323 καὶ
2582 3271 2645 3323 ἐκ
2673 3270 2783 3324 τῶν
2819 3269 3048 3324 ἐνόντων
3076 3272 3208 3340 ἡμῖν
3239 3272 3406 3343 ἕτερά
3437 3288 3555 3326 τινα
3579 3283 3728 3340 προσ-

2173 3362 2345 3415 θεῖναι
2371 3378 2388 3394 ο
2433 3363 2468 3416 ἀ
2521 3362 2633 3415 τῶν
2667 3361 2878 3416 πολλῶν
2913 3363 3256 3427 ἀκούσαντες
3280 3367 3463 3436 ἡμεῖς,
3491 3363 3580 3416 καὶ
3617 3356 3724 3414 καθ’

2171 3453 2402 3517 ἑαυτοὺς
2431 3454 2956 3526 συνδιασκεψάμενοι
2985 3455 3228 3528 εῦρομεν
3257 3473 3274 3490 ·
3305 3455 3388 3521 οἷς
3417 3454 3726 3514 πεισθέντες,

2171 3550 2238 3618 τῇ
2271 3548 2393 3618 ἱερᾷ
2441 3547 2619 3620 ταύτῃ
2668 3548 2874 3620 συνόδῳ
2923 3549 3308 3618 ὕπετάγημεν.
3353 3547 3636 3602 Ἀκούσατε
3673 3543 3727 3611 δὴ

2171 3639 2264 3693 καὶ
2315 3639 2492 3694 αὐτοί.
2549 3639 2778 3709 Πνεῦμα
2826 3638 2959 3693 Υῖοῦ
3009 3640 3270 3708 λέγεσθαι
3321 3640 3384 3695 τὸ
3426 3638 3637 3708 Πνεῦμα
3676 3633 3728 3686 τὺ

2169 3730 2348 3798 ἅγιον,
2379 3731 2542 3796 αὐτός
2575 3747 2636 3782 τε
2687 3733 2714 3785 6
2749 3730 2874 3795 Υἱός
2906 3747 3062 3801 φησι,
3118 3731 3349 3803 Πνεῦμα
3394 3730 3570 3785 καλῶν
3611 3722 3728 3781 αὐτὸ

2169 3819 2427 3887 ἀληθείας
2455 3836 2469 3851 ο
2526 3821 2642 3873 ἔστι
2697 3819 2755 3874 δὲ
2787 3819 2952 3884 αὐτὸς
2999 3821 3032 3891 ἠ
3085 3820 3342 3892 ἀλήθεια.
3383 3820 3587 3882 Παῦλός
3621 3813 3726 3870 τεό

2173 3911 2348 3982 μέγας
2379 3911 2651 3983 πολλαχοῦ
2691 3913 2852 3967 τοῦτο
2895 3912 3044 3981 λέγει
3070 3928 3088 3945 ·
3129 3929 3148 3963 ε
3197 3911 3581 3980 Ἐξαπέστειλε
3606 3909 3723 3978 γὰρ.

2171 4006 2358 4071 φησιν,
2389 4005 2417 4056 6
2449 4005 2581 4067 Θεὸς
2613 4004 2674 4058 τὸ
2727 4002 2952 4075 Πνεῦμα
2993 4002 3094 4057 τοῦ
3139 4003 3276 4058 Υῐοῦ
3325 4001 3492 4058 αὐτοῦ
3523 4003 3599 4060 εἰς
3638 3999 3724 4057 τὰς

2169 4093 2402 4163 καρδίας
2431 4095 2588 4163 ὑμῶν
2611 4109 2627 4124 ’
2666 4112 2686 4147 ι
2722 4085 2839 4160 καὶ,
2872 4113 2892 4148 ε
2922 4094 2994 4150 El’
3015 4111 3102 4159 τις
3128 4095 3360 4166 Πνεῦμα
3385 4089 3614 4164 Χριστοῦ
3637 4086 3724 4140 οὐκ

2169 4182 2308 4253 ἔχει,
2340 4178 2493 4246 οὗτος
2539 4183 2642 4236 οὐκ
2674 4183 2824 4238 ἔστιν
2865 4184 3050 4240 αὐτοῦ.
3095 4202 3117 4238 ι
3162 4185 3338 4240 Τοῦτο
3378 4185 3436 4240 τὺ
3470 4184 3614 4254 ῥῆμα
3642 4177 3724 4231 καὶ

2171 4275 2356 4342 μόνον,
2388 4273 2634 4343 ἀδελφοὶ,
2669 4276 2836 4347 ἀρκεῖ
2862 4277 2921 4330 τὸ
2943 4277 3054 4330 πᾶν
3093 4277 3400 4344 ἀποδεῖξαι.
3430 4276 3502 4328 Τὸ
3525 4271 3625 4341 γὰρ
3647 4266 3723 4320 λέο

2169 4368 2365 4438 γεσθαι
2416 4369 2638 4438 Πνεῦμα
2673 4370 2827 4436 Tim”),
2881 4371 3034 4426 οὐδὲν
3081 4370 3212 4426 ἄλλο
3263 4369 3502 4442 δηλοῖ,ἥ
3553 4367 3629 4417 ὃτι
3673 4356 3724 4421 ἐξ

483 4476 628 4545 quod
659 4471 778 4526 Filii
802 4468 1068 4540 Spiritum
1094 4465 1204 4522 dici
1236 4480 1357 4521 esse
1385 4464 1673 4536 Spiritum,
1699 4463 2060 4521 consubstan-

2170 4460 2335 4514 αὐτοῦ
2368 4461 2541 4517 ἐστιν.
2585 4462 2650 4517 '0
2686 4465 2796 4531 γάρ
2829 4463 2962 4530 φασί
2993 4478 3168 4528 τινες,
3199 4463 3300 4533 τὴν
3325 4455 3724 4545 ἀλήθειανάπσς

485 4567 768 4623 tialitateut
835 4560 1102 4625 ostendit,
1161 4557 1347 4613 aranei
1397 4557 1502 4612 tela
1543 4564 1648 4612 est.
1675 4555 1888 4626 Quippe
1939 4572 2064 4613 cum

483 4661 525 4714 si
577 4669 798 4730 propter
846 4650 1474 4712 consubstantialitatem
1506 4657 1518 4706 ἔ
1555 4648 1834 4704 diceretur
1889 4647 2066 4719 Spiri-

484 4766 573 4816 tus
630 4750 774 4821 ejus,
857 4755 1084 4819 propter
1141 4743 1389 4798 eamdem
1446 4743 1616 4812 ipsam
1666 4741 1836 4796 Filius
1899 4743 2064 4796 etiam

485 4847 762 4901 diceretur
796 4840 970 4910 ipsius
1003 4837 1258 4908 Spiritus.
1293 4834 1454 4890 Pater
1491 4849 1709 4905 quoque
1752 4842 1810 4888 et
1865 4833 1984 4887 Filii
2011 4843 2068 4888 et

485 4937 724 5008 Spiritus
782 4932 1086 4998 saneti;at
1146 4930 1196 4983 id
1258 4942 1528 4999 nusquam
1582 4925 1843 4995 reperies.
1881 4924 2070 4980 Restat

484 5034 649 5102 igitur
684 5036 746 5082 ut
776 5024 1077 5080 emittentis
1106 5031 1163 5077 et
1203 5019 1561 5092 producentis
1585 5017 1761 5072 Patris
1787 5017 1878 5080 sit,
1921 5015 2066 5086 quod

485 5121 832 5195 producitur,
873 5131 996 5170 nam
1046 5114 1192 5169 aliud
1218 5111 1468 5181 cogitare
1492 5110 1573 5164 fas
1599 5127 1707 5165 non
1731 5119 1835 5164 est.
1873 5109 2068 5164 Praete-

483 5233 576 5271 rea
597 5215 835 5286 Spiritus
869 5219 1094 5265 sanctus
1122 5205 1208 5261 vel
1256 5220 1325 5260 ex
1362 5203 1483 5258 solo
1533 5203 1803 5273 procedit.
1840 5201 1925 5255 vel
1958 5215 2067 5255 non

485 5329 550 5365 ex
575 5311 694 5365 solo
746 5306 941 5369 Patre;
973 5300 1113 5356 nihil
1137 5299 1284 5354 enim
1316 5299 1556 5353 medium
1608 5303 1694 5350 est
1749 5294 1804 5348 in
1845 5303 2068 5348 contra-

486 5403 826 5468 dictoriis,at
865 5413 974 5454 non
1006 5411 1074 5450 ex
1109 5395 1222 5450 solo
1247 5392 1406 5447 Patre
1460 5389 1746 5460 procedit;
1779 5387 1823 5441 si
1864 5401 1974 5440 non
1998 5400 2066 5439 ex

486 5472 623 5558 solo,
652 5511 783 5566 ergo
808 5503 864 5548 et
886 5507 952 5548 ex
993 5488 1149 5544 Filio.
1183 5487 1338 5551 Quod
1361 5499 1491 5539 vero
1527 5497 1634 5536 non
1677 5497 1740 5534 ex
1773 5479 1889 5534 solo
1909 5478 2068 5530 Patre

488 5589 769 5658 procedat,
819 5588 949 5642 hinc
1011 5579 1362 5639 manifestum
1424 5584 1544 5636 est;
1599 5573 1833 5644 primum
1875 5568 2066 5623 nullibi

490 5681 634 5751 apud
685 5695 897 5734 sacram
957 5678 1320 5746 Seripturam,
1373 5683 1555 5738 neque
1614 5664 1758 5735 apud
1814 5664 2068 5716 doctores

492 5771 762 5837 invenitur
789 5769 840 5828 id
869 5771 1090 5831 dictum.
1118 5765 1272 5836 Quod
1297 5777 1425 5820 vero
1456 5778 1483 5815 a
1512 5757 1730 5820 nemine
1753 5763 2064 5810 sanctorum

2169 4551 2488 4621 φεύγοντες,
2539 4551 2616 4616 ὡς
2658 4553 2719 4606 τὸ
2750 4529 2882 4606 Ῠῐοῦ
2934 4553 3158 4624 Πνεῦμα
3209 4529 3466 4622 λέγεσθαι
3515 4529 3720 4600 εἶναιτὸ

2167 4643 2414 4712 Πνεῦμα,
2473 4645 2572 4714 τὴν
2627 4644 3024 4716 ὁμοουσιότητα
3073 4645 3438 4715 παριστάνει,
3495 4637 3719 4709 ἀράχνης

2167 4737 2320 4808 νῆμὰ
2355 4739 2524 4790 ἐστιν.
2551 4737 2612 4790 Εἰ
2646 4737 2755 4806 γὰρ
2793 4737 2880 4790 διὰ
2917 4742 2978 4790 τὸ
3010 4737 3302 4803 δμοούσιον
3329 4736 3539 4803 ἐλέγετο
3567 4721 3717 4784 Πνεῦ-

2170 4846 2247 4898 μα
2273 4828 2464 4892 αῦτοῦ,
2492 4827 2580 4883 διὰ
2610 4829 2670 4882 τὸ
2701 4829 2834 4881 αὐτὸ
2864 4829 2928 4894 δὴ
2973 4827 3134 4881 τοῦτο
3167 4829 3262 4882 καὶ
3293 4830 3322 4882 6
3355 4828 3480 4887 Υἱὸς
3523 4819 3716 4912 ἐλέγετο

2169 4920 2238 4972 ἂν
2259 4919 2355 4972 τοῦ
2407 4919 2754 4989 Πνεῦματος,
2782 4920 2878 4974 καὶ
2908 4921 2936 4972 6
2981 4919 3196 4991 Πατὴρ,
3225 4919 3321 4974 τοῦ
3350 4915 3478 4973 Υἱοῦ
3519 4910 3608 4966 καὶ
3634 4910 3716 4959 τοῦ

2170 5011 2486 5082 Πνεῦματος
2515 5031 2529 5044 ·
2564 5011 2681 5065 ἀλλ’
2707 5013 2810 5067 οὐκ
2841 5013 2910 5066 ἂν
2945 5011 3129 5081 εὕροις
3156 5011 3393 5082 οὐδαμοῦ
3417 5007 3586 5061 τοῦτο.
3609 4994 3716 5055 Δεί-

2176 5122 2342 5158 πεται
2376 5107 2558 5159 τοίνυν
2591 5105 2652 5158 τὸ
2682 5104 2773 5161 τοῦ
2816 5104 3208 5174 ἐκπορεύοντός
3243 5121 3302 5157 τε
3343 5102 3437 5156 καὶ
3468 5097 3558 5152 τοῦ
3601 5105 3696 5159 προ

2171 5197 2455 5260 ϐάλλοντος
2481 5196 2694 5266 Πατρὸς
2717 5196 2780 5249 τὸ
2809 5193 3248 5265 προϐαλλόμενον
3274 5189 3442 5246 εἶναι·
3472 5183 3594 5241 ἄλλο
3617 5176 3711 5268 γάρ
3810 5265 3814 5268 η

2167 5307 2221 5342 τι
2252 5289 2371 5343 οὐδὲ
2425 5265 2626 5342 ἐννοεῖν
2661 5288 2840 5354 θέμις.
2875 5287 3003 5344 Ἐτι
3051 5286 3112 5339 τὸ
3142 5285 3366 5354 Πνεῦμα
3406 5281 3464 5335 τὺ
3493 5265 3710 5344 ἅγιονοῆ
3789 5324 3796 5326 π

2171 5380 2532 5452 ἐκπορεύεται
2569 5382 2633 5434 ἐκ
2664 5381 2852 5449 μόνου,
2885 5381 2918 5450 ἢ
2950 5379 3052 5436 οὐκ
3078 5380 3143 5431 ἐκ
3173 5377 3338 5449 μόνου
3369 5373 3462 5430 τοῦ
3489 5363 3710 5436 Πατρός⁹

2168 5473 2512 5542 ἀντιφάσεως
2551 5471 2659 5541 γὰρ
2685 5471 2841 5525 οὐδὲν
2871 5471 3079 5537 μεταξύ
3100 5485 3118 5502 ο
3159 5469 3296 5526 ἀλλὰ
3325 5468 3432 5539 μὴν
3455 5463 3551 5516 οὐκ
3571 5461 3712 5511 ἐκπο-

2174 5567 2390 5636 ρεύεται
2423 5567 2486 5619 ὲκ
2524 5565 2690 5632 μόνου
2725 5563 2819 5617 τοῦ
2863 5562 3075 5634 Πατρός
3099 5579 3115 5596 ·
3137 5565 3205 5617 ἐἶ
3237 5563 3294 5617 δὲ
3318 5563 3418 5614 οὐκ
3461 5558 3520 5609 εκ
3546 5550 3709 5622 μόνου.

2171 5660 2266 5712 καὶ
2298 5664 2362 5712 ὲκ
2396 5658 2489 5710 τοῦ
2521 5658 2651 5712 Υἱοῦ
2685 5657 2817 5727 ἄρα.
2847 5657 2972 5711 Ὅτι
3001 5659 3046 5712 δ’
3075 5657 3175 5712 οῦκ
3217 5658 3283 5710 ἐκ
3312 5653 3471 5724 μόνου
3503 5643 3707 5744 τοῦ

2172 5756 2300 5826 τρὸς
2322 5753 2706 5826 ἐκπορεύεται,
2731 5752 2891 5826 δῆλον
2915 5753 3166 5816 ἐντεῦθεν
3190 5768 3206 5787 ο
3241 5748 3429 5824 πρῶτα
3457 5743 3552 5818 μὲν
3573 5732 3703 5789 ουδε-
