4004 6414
269 326 407 388 U77

906 336 1055 398 PRO
1090 337 1302 405 CONC.
1354 339 1739 408 FLORENT.
1771 347 1933 409 CAP.
1965 350 2010 414 ῐ.
2057 353 2156 413 DE
2193 353 2510 416 SPIRITU.
2557 355 2874 425 SANCTO.

3395 361 3531 427 11⁸78

264 444 394 512 μοῦ,
426 443 550 497 οῦτε
584 444 686 513 τῆς
731 448 880 512 θείας
918 453 1158 522 Γραφῆε.
1192 453 1317 509 οὔτε
1353 457 1460 508 τῶν
1503 457 1841 513 διδασκάλων

1963 464 2146 519 Ιίειιιιη
2178 475 2284 531 εει,
2323 470 2529 525 nemini
2568 471 2750 528 dicere
2797 473 2876 529 las
2901 484 3006 531 est.
3037 474 3240 533 Deinde
3262 493 3386 533 cum
3406 496 3534 549 pro-

261 536 497 606 εὕρηται
542 538 860 609 εἰρημένον.
899 545 966 596 ’(1
1008 544 1066 597 δὲ
1113 546 1218 600 ὑπό
1256 549 1404 611 τινός
1443 565 1507 616 γε
1540 549 1647 602 τῶν
1673 551 1844 618 ἁγίων

260 630 364 683 οὐκ
395 631 636 702 εἴρηται,
688 634 868 687 οὐδενὶ
912 637 1214 708 τολμητέον
1266 641 1465 696 εἰπεῖν.
1515 643 1752 697 Ἔπειτα
1786 646 1847 696 τὸ

262 721 600 793 προϐάλλειν
633 725 884 795 ἐνέργεια
914 729 1008 782 τοῦ
1042 731 1257 802 Πατρός
1286 733 1556 802 οὖσιώδης
1596 730 1753 800 οὖσα,
1782 737 1844 790 οὐ

268 816 461 886 πρώτη
489 816 602 871 καὶ·
624 818 832 887 ἄμεσος
877 821 1225 888 ἐπιτελεῖται,
1259 825 1396 878 ἀλλὰ
1429 826 1518 879 διὰ
1559 826 1657 894 τῆς
1692 828 1846 896 πρώ-

273 923 388 972 της,
426 907 553 977 ἣτις
580 909 875 979 ἀπεδείχθη
902 906 1036 965 οὖσα
1060 914 1120 966 τὸ
1151 915 1346 986 γεννᾷν
1378 917 1476 970 καὶ
1500 919 1532 988 ὴ
1565 919 1841 989 γέννησις.

272 999 434 1050 Ὥστε
471 1001 566 1052 καὶ
602 1000 693 1052 τὸν
725 1001 854 1054 Υἰὸν
906 1004 1118 1074 ταύτης
1157 1009 1372 1079 ἀνάγκη
1423 1011 1520 1077 τῆς
1566 1011 1848 1080 ἔνεργείας

268 1094 572 1160 κοινωνεῖν,
606 1095 700 1148 καὶ
729 1093 800 1148 δι’
826 1096 994 1151 αὐτοῦ
1023 1087 1082 1151 τὸ
1123 1099 1348 1170 Πνεῦμα
1377 1103 1440 1154 τὸ
1485 1102 1642 1172 ἅγιον
1680 1105 1848 1158 ἐκπο-

270 1183 549 1252 ρεύεσθαι.
597 1187 719 1241 Ἔτι
775 1190 972 1254 κοινῶς
1029 1194 1180 1262 παρά
1225 1195 1446 1248 πάντων
1504 1195 1845 1266 ὁμολογεῖται

267 1276 382 1328 τῶν
403 1279 760 1346 διδασκάλων,
791 1283 867 1346 ὡς
895 1286 954 1337 τὸ
981 1285 1205 1356 Πνεῦμα
1235 1287 1294 1340 τὸ
1319 1287 1476 1355 ἅγιον
1502 1289 1750 1359 πρόεισιν
1788 1291 1846 1357 ἐξ

270 1368 425 1425 Υίοῦ.
485 1371 547 1424 Ei
579 1369 676 1424 οὖν
709 1374 962 1443 πρόεισιν
1006 1375 1065 1441 ἐξ
1116 1375 1304 1442 αὐτοῦ,
1357 1379 1574 1449 πρόεισι
1628 1381 1846 1442 πάντως

270 1462 554 1529 φυσικῶςο
589 1465 741 1518 οὐδὲν
775 1468 884 1536 γὰρ
929 1468 987 1520 ὲν
1026 1468 1103 1538 τῷ
1132 1468 1251 1538 Θεῷ
1295 1471 1447 1540 παρὰ
1483 1472 1669 1540 φύσιν,
1719 1473 1846 1527 οὔτε

270 1553 589 1623 ἐπίκτητον.
617 1555 741 1607 Τῶν
772 1557 878 1626 γὰρ
911 1559 1231 1628 κτισμάτων
1261 1559 1376 1612 ἐστὶ
1406 1563 1465 1613 τδ
1493 1563 1568 1630 μὴ
1598 1561 1758 1630 φύσει
1784 1565 1846 1616 ἐκ

267 1646 410 1699 Θεοῦ
464 1649 732 1717 προϊέναι.
782 1650 844 1703 Ei
883 1652 1064 1704 τοίνυν
1107 1652 1248 1705 κατὰ
1305 1654 1470 1723 φύσιν
1503 1656 1561 1720 ἐξ
1621 1656 1750 1710 Υἰοῦ
1788 1658 1848 1710 τὸ

271 1736 502 1806 Πνεῦμα
535 1739 802 1806 πρόεισιν,
856 1742 888 1809 ὴ
917 1742 974 1794 δὲ
1009 1744 1149 1796 κατὰ
1182 1745 1346 1812 φύσιν
1381 1747 1604 1815 πρόοδος
1650 1749 1707 1800 ὲν
1735 1751 1846 1812 τοῖς

270 1828 442 1890 θείοις
491 1828 653 1898 διχῶς
690 1830 958 1900 ἐνδέχεται
1013 1829 1173 1898 εἶναι,
1219 1835 1250 1907 ἢ
1303 1838 1444 1891 κατὰ
1495 1839 1769 1908 γέννησιν,
1810 1841 1842 1912 ἢ

269 1921 400 1972 κατ’
433 1922 794 1992 ὲκπόριυσινο
826 1926 969 1980 κατά
995 1928 1251 1994 γέννησιν
1291 1929 1348 1982 δὲ
1388 1931 1446 1983 οὐ
1501 1933 1742 2001 πρόεισιν
1787 1933 1847 2003 ἐξ

270 2012 441 2066 αὐτοῦ
569 2015 676 2084 γὰρ
709 2015 775 2067 ἂν
800 2013 867 2088 ἦν
896 2019 1022 2081 Tib;
1042 2020 1135 2072 τοῦ
1175 2021 1306 2075 Υἱοῦ
1340 2024 1401 2075 τὸ
1436 2024 1679 2096 Πνεῦμα,
1716 2029 1849 2098 πρό-

272 2119 417 2152 εισιν
446 2102 554 2170 ἄρα
582 2104 705 2156 κατ’
730 2107 1056 2173 ἑκπόρευσιν
1077 2127 1092 2142 ο
1132 2109 1270 2163 ὥστε
1301 2115 1393 2168 καὶ
1422 2115 1452 2187 ἢ
1498 2120 1559 2170 ἐκ
1584 2117 1677 2171 τοῦ
1717 2119 1848 2172 Υίοῦ

268 2195 372 2247 τοῦ
401 2196 721 2265 Πνεῦματος
757 2203 983 2268 πρόοδνς
1015 2206 1099 2271 εἴη
1135 2205 1199 2259 ἂν
1224 2207 1298 2272 ὡς
1326 2213 1760 2282 ἐκπορευομένου
1792 2212 1850 2280 ἐξ

273 2290 468 2344 αὐτοῦ.
501 2292 622 2345 Ἔτι
649 2293 710 2345 τὸ
762 2294 986 2368 Πνεῦμα
1019 2297 1076 2354 τὸ
1113 2305 1267 2372 ἃγιον
1296 2305 1358 2357 ἐκ
1403 2304 1500 2373 τῆς
1533 2305 1722 2367 οὐσίας
1754 2304 1848 2358 τοῦ

275 2381 495 2456 Πατρθνς
528 2380 668 2442 εἶναι
721 2390 817 2444 καὶ
862 2392 958 2445 τοῦ
1007 2393 1158 2459 Υίοῦ,
1204 2395 1402 2458 πάντες
1437 2397 1485 2448 oi
1541 2396 1850 2451 διδάσκαλοι

275 2480 477 2546 βοῶσ.ν
505 2481 839 2537 Ἀνατολικοί
867 2499 924 2536 τε
958 2487 1051 2538 καὶ
1076 2487 1293 2540 Δυτικοί
1319 2504 1332 2517 ⁸
1373 2488 1508 2541 ἀλλὰ
1537 2489 1613 2549 τδ,
1632 2489 1729 2542 Ἐκ
1751 2491 1853 2559 τῆς

277 2572 472 2636 οὐσίας
516 2574 659 2637 τινὸς
691 2573 751 2628 ὃν
779 2579 836 2628 ἐν
869 2580 931 2647 τῇ
986 2578 1197 2644 Τριάδι,
1251 2580 1344 2632 καὶ
1379 2581 1441 2632 ἐκ
1488 2582 1586 2650 τῆς
1618 2580 1853 2635 ὑποστάο

277 2684 424 2731 uso);
453 2669 618 2724 αὐτοῦ
650 2673 790 2725 ἐστι.
820 2672 893 2726 Τὸ
945 2674 1167 2744 Πνεῦμα
1200 2675 1307 2748 ἄρα
1355 2678 1413 2730 τό
1444 2679 1599 2745 ἅγιον
1652 2679 1716 2732 ὲκ
1752 2678 1856 2746 τῆς

275 2761 472 2822 οὐσίας
508 2763 604 2816 τοῦ
641 2763 771 2818 Υίοῦ
801 2764 1094 2834 λεγόμενον
1122 2777 1287 2830 ειναι,
1337 2769 1432 2822 καὶ
1472 2771 1536 2823 ὲκ
1563 2770 1661 2837 τῆς
1689 2770 1854 2824 αὑτοῦ

278 2855 434 2906 ἐστιν
461 2856 833 2920 ὑποστάσεως.
876 2860 938 2912 Εἰ
971 2860 1026 2913 δέ
1065 2878 1149 2924 τις
1197 2861 1490 2932 τολμήσειε
1541 2863 1740 2932 λέγειν,
1771 2864 1858 2918 διὰ

278 2947 344 3000 τὸ
388 2947 677 3016 όμοοῦσιον
706 2949 881 3005 ταῦτα
928 2952 1205 3022 εἰρῆσθαι,
1262 2956 1356 3007 καὶ
1389 2955 1475 3008 ἵνα
1531 2956 1592 3008 τὸ
1636 2955 1858 3026 Πνεῦμα

279 3039 469 3110 δειχθῇ
505 3041 604 3109 τῆς
636 3042 806 3111 αὐτῆς
838 3043 1047 3108 οὐσίας,
1078 3046 1253 3114 "arpi
1284 3048 1377 3100 καὶ
1403 3046 1540 3116 Υίῷ,
1569 3049 1728 3102 τοῦτο
1762 3049 1860 3116 μὶν

1949 555 2146 609 ducere
2192 561 2439 628 operatio
2459 559 2636 616 Patris
2668 565 2981 622 essentialis
3008 565 3099 632 sit,
3128 584 3237 622 non
3267 573 3439 636 prima
3471 581 3540 624 et.

1950 645 2262 702 immediata
2296 650 2371 716 lit,
2422 652 2518 707 sed
2565 670 2660 724 per
2684 656 2944 724 primam,
2986 673 3109 728 qua:
3157 676 3421 732 generare
3480 672 3536 716 et

1948 741 2231 806 generatio
2253 752 2412 796 antea
2443 745 2586 800 dicta
2613 756 2712 801 est.
2749 748 3116 814 Quamobrem
3137 751 3302 808 etiam
3336 754 3533 810 Filium

1959 830 2122 898 hujus
2169 834 2505 903 operationis
2535 851 2656 892 esse
2685 850 3001 895 consortem
3048 857 3278 898 necesse
3320 854 3424 910 est,
3479 855 3534 900 et

1952 936 2049 990 per
2097 939 2222 977 eum
2281 924 2546 994 Spiritum
2617 943 2867 984 sanctum
2905 933 3226 1001 procedere.
3263 933 3534 991 Prmterea

1949 1013 2090 1082 apud
2121 1030 2314 1070 omnes
2350 1016 2604 1072 doctores
2629 1019 2680 1072 in
2703 1019 2958 1076 confesso
2984 1033 3090 1089 est,
3117 1023 3377 1095 Spiritum
3401 1041 3534 1081 san-

1947 1113 2096 1159 etum
2125 1107 2348 1176 prodire
2371 1124 2436 1162 ex
2471 1106 2628 1164 Filio.
2663 1109 2719 1164 Si
2752 1125 2881 1183 ergo
2902 1115 3080 1182 prodit
3109 1130 3174 1170 ex
3193 1131 3281 1182 eo,
3311 1118 3535 1173 omnino

1949 1197 2273 1253 naturaliter
2329 1199 2552 1270 prodit:
2591 1201 2726 1258 nihil
2764 1204 2911 1258 enim
2948 1205 3001 1260 in
3049 1205 3160 1262 Deo
3205 1219 3403 1278 praeter
3435 1225 3536 1263 na—

1950 1299 2126 1345 turam
2172 1304 2228 1347 et
2250 1293 2605 1347 ailventitium
2630 1302 2736 1361 est,
2759 1312 2884 1350 nam
2911 1308 3289 1354 creaturarum
3314 1311 3534 1357 estnon

1949 1382 2174 1452 prodire
2197 1400 2264 1438 ex
2300 1385 2410 1440 Deo
2440 1397 2654 1440 natura.
2691 1384 2748 1441 Si
2781 1402 2912 1458 ergo
2943 1390 3250 1444 secundum
3283 1402 3534 1447 naturam

1949 1488 2016 1528 ex
2047 1473 2185 1529 Filio
2225 1476 2406 1545 prodit
2435 1475 2695 1546 Spiritus,
2718 1480 3126 1549 processionem
3164 1496 3294 1536 vero
3345 1496 3539 1538 secun-

1949 1567 2074 1620 dum
2117 1578 2364 1622 natttram
2392 1570 2444 1622 in
2483 1569 2685 1625 divinis
2713 1571 3002 1640 dupliciter
3032 1582 3254 1642 oportet
3280 1589 3425 1642 esse,
3453 1576 3537 1628 vel

1951 1675 2050 1728 per
2079 1660 2503 1729 generationem,
2539 1661 2621 1716 vel
2655 1678 2752 1732 per
2810 1663 3227 1733 productionem
3267 1681 3281 1718 :
3309 1679 3408 1734 per
3448 1679 3540 1734 ge-

1955 1753 2292 1805 nerationem
2319 1761 2498 1806 autem
2541 1769 2647 1806 non
2679 1755 2861 1824 prodit
2892 1770 2954 1808 ex
2981 1770 3048 1810 eo
3084 1774 3098 1810 :
3129 1754 3538 1826 profcetoenim

1953 1853 2098 1898 esset
2130 1843 2270 1898 [ilius
2292 1842 2414 1897 Filii
2448 1843 2708 1912 Spiritus,
2741 1844 2923 1914 prodit
2972 1861 3103 1912 ergo
3159 1862 3256 1916 per
3326 1831 3543 1915 proces—

1949 1937 2160 1991 sionem
2186 1952 2200 1989 :
2237 1935 2418 2004 itaque
2450 1934 2688 2005 Spiritus
2710 1952 2772 1990 ex
2804 1934 2940 1990 Filio
2984 1937 3269 2006 processio
3298 1937 3400 1990 erit
3423 1947 3544 1991 tati-

1947 2042 2111 2098 quam
2141 2028 2259 2096 ejus
2288 2026 2379 2097 qui
2413 2027 2658 2096 procedit
2696 2043 2760 2081 ex
2797 2043 2886 2082 eo.
2956 2027 3226 2082 Pratterea
3278 2026 3542 2096 Spiritttm

1951 2124 2202 2171 sanctum
2229 2131 2292 2170 ex
2332 2117 2640 2170 substantia
2669 2115 2848 2170 Patris
2882 2132 3004 2170 esse
3058 2124 3111 2170 et
3175 2116 3317 2180 Filii,
3349 2131 3542 2172 omnes

1948 2209 2242 2273 doctores,
2289 2206 2594 2262 Orientales
2646 2209 2847 2277 pariter
2881 2219 2938 2262 et
2988 2207 3387 2272 Occidentales,
3431 2207 3539 2261 cla-

1950 2310 2134 2367 mant;
2162 2300 2254 2354 sed
2281 2299 2424 2365 quod
2452 2300 2504 2354 in
2529 2298 2798 2355 Trinitate
2826 2315 2890 2355 ex
2917 2298 3155 2354 essentia
3182 2299 3414 2364 alicujus
3434 2308 3540 2361 est,

1950 2393 2114 2448 etiam
2166 2406 2231 2444 ex
2289 2391 2564 2461 bypostasi
2598 2391 2715 2461 ejus
2744 2402 2848 2447 est.
2916 2391 3074 2446 Cum,
3120 2406 3248 2458 ergo
3307 2390 3542 2459 Spiritus

1954 2495 2177 2540 sanctus
2234 2481 2453 2537 dicatur
2497 2496 2622 2536 esse
2657 2498 2721 2536 ex
2749 2482 3055 2536 substantia
3093 2479 3242 2546 Filii,
3271 2491 3355 2535 est
3377 2481 3542 2535 etiam

1954 2595 2017 2633 ex
2053 2578 2225 2646 ipsius
2276 2577 2577 2647 bypostasi.
2604 2575 2760 2642 Quod
2799 2578 2841 2630 si
2878 2575 3002 2644 quis
3033 2575 3232 2630 audeat
3266 2575 3448 2629 dicere
3480 2588 3544 2628 ea

1955 2683 2178 2744 propter
2204 2672 2672 2728 consubstantiale
2709 2687 2833 2726 esse
2862 2671 3088 2740 prolata,
3127 2685 3190 2724 ac
3217 2679 3275 2723 ut
3304 2667 3547 2738 Spiritus

1956 2767 2205 2839 ejusdem
2270 2767 2524 2822 essentia:
2572 2764 2894 2836 Ostendatur
2952 2779 3073 2818 esse
3120 2777 3243 2818 cum
3297 2761 3456 2816 Patre
3491 2769 3550 2816 et

1959 2861 2119 2926 F.lio,
2149 2861 2202 2916 id
2225 2862 2444 2932 quidem
2514 2875 2703 2914 verum
2757 2867 2864 2924 est,
2928 2868 2982 2911 et
3014 2869 3221 2926 quanto
3253 2853 3424 2925 magis
3455 2867 3546 2906 ve-

1959 2971 2081 3010 rum
2115 2963 2218 3020 est,
2253 2964 2406 3010 tanto
2431 2967 2604 3023 magis
2653 2951 2876 3021 adjuvat
2910 2964 3046 3005 nos:
3093 2963 3218 3002 nam
3255 2947 3334 3002 sie
3366 2944 3542 3015 magis

1961 3055 2048 3102 est
2090 3043 2576 3101 eonsubstantialis
2633 3039 2777 3096 Patri
2805 3050 2859 3095 et
2902 3039 3040 3095 Filio
3087 3037 3347 3108 Spiritus,
3385 3033 3545 3105 quasi

277 3132 484 3200 ἀληθές
503 3148 519 3165 ο
555 3133 665 3204 ὅσῳ
693 3133 749 3187 δὲ
782 3134 1005 3204 ἀληθὲς,
1033 3137 1286 3190 τοσοῦτον
1330 3141 1626 3210 συνηγοριῐ
1655 3139 1859 3210 μᾶλλον

1964 3156 2028 3196 ex
2057 3155 2248 3195 eorum
2280 3138 2540 3204 essentia,
2580 3145 2637 3192 et
2666 3151 2731 3190 ex
2787 3135 2854 3189 iis
2878 3133 3160 3204 prodiens,
3192 3131 3311 3186 sive
3349 3142 3550 3199 proce-

279 3226 444 3293 ἡμῖν.
497 3224 657 3278 Οὕτω
685 3226 792 3297 γὰρ
833 3228 1122 3297 όμοούσιον
1161 3227 1337 3300 ηατρὶ
1368 3231 1464 3284 καὶ
1510 3230 1624 3301 Υίῷ
1659 3232 1860 3301 μᾶλλον

281 3316 350 3365 τὸ
379 3313 621 3382 Πνεῦμα,
650 3313 725 3376 ὡς
756 3317 822 3368 ἐκ
852 3317 953 3382 τῆς
997 3317 1188 3381 οὐσίας
1231 3317 1415 3372 αὐτῶν
1444 3319 1536 3372 καὶ
1573 3319 1632 3386 ἐξ
1679 3320 1861 3372 αὐτῶν

282 3407 502 3474 προϊὸν,
535 3408 702 3476 ἤγουν
739 3409 1192 3479 ἐκπορευόμενον.
1227 3411 1289 3463 El
1320 3411 1425 3479 γὰρ
1455 3410 1552 3481 τὴν
1583 3410 1864 3480 όμοουσιό-

282 3515 429 3565 τητα
461 3499 652 3562 ἁπλῶς
687 3499 840 3568 δηλοῖ
886 3502 1066 3571 μόνον,
1091 3504 1171 3564 ῶς
1214 3503 1366 3556 αὐτοὶ
1405 3503 1706 3574 βούλονται,
1757 3503 1861 3557 ἔδει

285 3591 508 3645 καὶτὸν
555 3593 770 3662 Πατέρα
820 3593 884 3647 ἐκ
930 3597 1030 3664 τῆς
1075 3580 1276 3660 οὐσίας’
1317 3596 1411 3649 τοῦ
1463 3598 1592 3650 Υἱοῦ
1644 3600 1739 3652 καί
1768 3598 1863 3652 τοῦ

287 3683 630 3752 Πνεῦματος,
666 3684 761 3738 καὶ
801 3688 892 3738 τόν
927 3686 1056 3740 Υἱδν
1091 3689 1154 3741 ἐκ
1191 3690 1290 3758 τῆς
1334 3690 1522 3754 οὐσίας
1567 3689 1662 3745 τοῦ
1696 3694 1866 3746 Πνεῦ-

292 3793 467 3846 ματος
495 3775 776 3844 λέγεσθαι.
817 3777 979 3832 Ἀλλὰ
1005 3778 1166 3833 τοῦτο
1195 3781 1368 3841 οὐδεὶς
1401 3781 1671 3854 ίτόλμησε
1700 3785 1866 3854 μέχρι

286 3869 388 3922 καὶ
423 3866 539 3934 νῦν,
575 3865 700 3920 οὔτε
733 3867 997 3938 τολμήσει
1044 3872 1241 3935 εἰπεῖν,
1274 3872 1324 3924 εί
1359 3872 1521 3940 μόνον
1565 3875 1867 3942 χριστιανί-

292 3961 412 4023 ζειν
445 3961 713 4029 βούλεται.
749 3961 871 4015 Ἔτι
897 3961 1001 4014 ὑπό
1035 3978 1095 4015 τε
1141 3961 1238 4016 τοῦ
1281 3964 1520 4034 μεγάλου
1557 3964 1865 4032 Βασιλείου,

295 4051 396 4106 καὶ
430 4053 535 4104 τῶν
577 4052 849 4106 πλείστων
881 4053 1074 4121 ἁγίων,
1101 4057 1130 4109 ό
1168 4055 1267 4125 μὲν
1293 4055 1421 4120 Υίδς
1447 4057 1612 4110 εἰκὼν
1639 4056 1731 4109 τοῦ
1762 4059 1871 4112 Πα-

291 4144 424 4212 τρός
453 4143 697 4212 λέγεταιο
730 4147 788 4198 τὸ
828 4144 885 4199 δὲ
919 4146 1165 4216 Πνεῦμα,
1214 4147 1376 4202 είκὼν
1409 4147 1502 4202 τοῦ
1559 4148 1690 4204 Υίοῦ
1711 4166 1724 4180 ·
1777 4151 1872 4204 καὶ

286 4239 319 4288 ὁ
355 4237 454 4304 μὲν
497 4234 643 4300 Υίὺς,
697 4237 944 4306 ἐνέργεια
987 4235 1080 4290 τοῦ
1132 4239 1372 4306 Πατρόςο
1420 4239 1482 4291 τὸ
1527 4240 1584 4290 δὲ
1621 4237 1868 4310 Πνεῦμα,

289 4331 546 4397 ἐνέργεια
572 4327 668 4382 τοῦ
703 4327 835 4381 Υἱοῦ
862 4343 877 4356 ·
907 4328 998 4382 καὶ
1024 4330 1053 4382 ό
1089 4327 1189 4398 μὲν
1241 4329 1393 4393 Υίὸς,
1435 4331 1607 4398 Λόγος
1633 4330 1727 4384 τοῦ
1759 4332 1873 4384 Πα-

1964 3231 2140 3287 dens:
2170 3230 2296 3300 quia
2329 3229 2374 3284 si
2415 3223 3039 3284 consubstantialitatem
3071 3230 3278 3274 tantum
3342 3213 3552 3284 simpli—

1964 3330 2103 3379 citer
2143 3323 2394 3388 denotat,
2427 3334 2486 3378 ut
2533 3321 2634 3391 ipsi
2663 3320 2876 3380 volunt,
2908 3328 3137 3370 necesse
3187 3319 3355 3371 esset,
3386 3307 3552 3362 etiam

1964 3415 2179 3471 Patrem
2218 3432 2282 3469 ex
2316 3414 2553 3470 essentia
2610 3412 2755 3478 Filii,
2777 3421 2830 3465 et
2855 3409 3115 3478 Spiritus,
3175 3415 3229 3460 et
3260 3403 3458 3459 Filium
3486 3414 3552 3454 ex

1957 3507 2202 3563 essentia
2255 3505 2494 3576 Spiritus
2551 3503 2682 3558 diei.
2755 3499 2862 3555 Sed
2915 3499 2966 3553 id
3042 3500 3327 3566 bucusque
3394 3508 3556 3548 nemo

1965 3601 2154 3655 dicere
2175 3613 2341 3651 ausus
2361 3605 2466 3658 est,
2493 3609 2670 3663 neque
2695 3592 2938 3654 audebit,
2965 3590 3010 3644 si
3059 3588 3408 3643 Christianus
3433 3588 3556 3640 esse

1967 3692 2222 3746 voluerit.
2259 3688 2528 3742 Praeterea
2582 3700 2611 3739 a
2644 3699 2841 3754 magno
2878 3681 3079 3735 Basilio
3112 3697 3126 3745 ;
3183 3687 3238 3734 et
3273 3679 3557 3747 plerisque

1969 3783 2173 3839 sanctis
2206 3780 2376 3834 Filius
2410 3779 2588 3847 imago
2613 3774 2792 3850 Patris
2818 3771 3040 3836 dicitur,
3069 3769 3316 3838 Spiritus
3369 3767 3555 3838 imago

1974 3874 2116 3940 Filii,
2147 3885 2201 3928 et
2231 3872 2398 3926 Filius
2455 3868 2704 3940 operatio
2760 3868 2964 3933 Patris,
3002 3862 3242 3933 Spiritus
3301 3858 3554 3929 operatio

1971 3967 2108 4030 Filii,
2147 3975 2204 4020 et
2233 3963 2401 4018 Filius
2433 3961 2614 4015 Patris
2661 3959 2926 4023 Verbum,
2983 3957 3230 4028 Spiritus
3263 3950 3386 4006 Filii
3431 3950 3552 4006 elo-

1972 4059 2185 4129 quium,
2207 4067 2261 4111 et
2303 4055 2477 4110 Filius
2508 4051 2792 4123 ﬂagrantia
2822 4048 3019 4112 Patris.
3050 4047 3289 4118 Spiritus
3317 4042 3561 4113 ﬂagran-

1974 4153 2048 4208 tia
2077 4151 2221 4206 Ftlii.
2255 4149 2362 4204 Sed
2419 4145 2602 4201 omnia
2641 4144 2811 4198 Filius
2860 4143 3040 4196 Patris
3069 4139 3273 4196 dicitur
3299 4147 3559 4206 tanquam

1975 4247 2044 4302 de
2069 4246 2233 4298 Patre
2296 4240 2618 4312 procedens,
2655 4254 2785 4308 ergo
2816 4245 2871 4291 et
2911 4234 3150 4305 Spiritus
3215 4239 3440 4286 sanctus
3493 4242 3558 4283 ea

1975 4336 2172 4392 dicitur
2202 4334 2325 4389 Filii
2354 4349 2497 4399 esse,
2541 4341 2601 4386 ut
2624 4331 2716 4400 qui
2738 4346 2800 4385 ex
2837 4329 2975 4384 Filio
3008 4324 3196 4396 sit(l).
3225 4323 3494 4379 Prmterea
3511 4320 3558 4374 si

289 4422 458 4490 τρός·
493 4421 552 4472 τό
584 4421 641 4474 δὲ
699 4419 943 4488 Πιεῦμα,
1007 4422 1162 4490 ῥῆμα
1202 4420 1298 4474 τοῦ
1351 4421 1484 4474 Υἱοῦ
1516 4437 1531 4453 ο
1571 4423 1665 4476 καὶ
1697 4422 1725 4475 ό
1775 4423 1859 4485 μὲι

1980 4426 2216 4495 Spiritus
2244 4440 2350 4478 non
2385 4433 2468 4478 est
2499 4440 2565 4478 ex
2597 4421 2751 4487 Filio,
2773 4421 2842 4475 ab
2879 4434 2947 4474 eo
2991 4433 3270 4488 nunquam
3295 4427 3563 4485 persona-

291 4514 444 4579 Υἱὸς,
497 4512 695 4582 εὒῳδεα
749 4511 842 4566 τοῦ
880 4513 1134 4581 Πατρός·
1185 4515 1245 4566 τὸ
1293 4511 1349 4566 δὲ
1400 4513 1650 4583 Πνεῦμα,
1677 4515 1876 4586 εὑῳδία

291 4603 394 4658 τοῦ
426 4605 582 4659 Υἰοῦ.
644 4604 788 4657 Ἀλλ’
843 4606 1026 4658 ἐκεῖνα
1056 4605 1232 4658 πάντα
1280 4607 1309 4658 ό
1347 4606 1476 4668 Υίὺς
1527 4607 1750 4676 λέγεται
1778 4609 1874 4662 τοῦ

296 4697 535 4766 Πατρός,
566 4696 643 4760 ὡς
671 4697 738 4750 lat
765 4695 862 4749 τοῦ
895 4695 1109 4766 Πατρὸς
1141 4695 1249 4749 ῶνο
1284 4698 1380 4750 καὶ
1409 4697 1479 4750 τὸ
1511 4697 1738 4767 Πνεῦμα
1767 4699 1875 4770 ἄρα

291 4792 360 4844 τὸ
384 4791 562 4860 ἅγιον,
605 4791 777 4845 ταῦτα
823 4791 1045 4860 λέγεται
1091 4790 1189 4844 τοῦ
1224 4791 1356 4846 Υίοῦ
1387 4789 1526 4848 εῖναι
1560 4793 1636 4857 ὡς
1678 4795 1741 4847 ἐκ
1777 4792 1873 4846 τοῦ

294 4884 430 4937 Υἱοῦ
461 4884 542 4939 δν.
575 4884 698 4936 Ἔτι
746 4884 796 4937 εί
833 4884 908 4954 μὴ
939 4885 999 4936 τὸ
1031 4883 1253 4952 Πνεῦμα
1298 4885 1533 4952 ἐστιν’ὲξ
1566 4886 1720 4953 Υίοῦ,
1771 4889 1875 4940 οὐκ

292 4976 364 5030 ἂν
391 4973 556 5030 αὐτοῦ
585 4976 961 5046 προσωπικῶς
991 4975 1324 5047 διακρίνοιτο
1345 4992 1361 5008 °
1392 4977 1530 5031 ἀλλὰ
1558 4977 1717 5031 τοῦτο
1746 4979 1876 5033 ἄτο-

292 5086 402 5121 πον
463 5068 678 5136 λέγειν·
733 5067 876 5122 οὕτω
915 5067 1099 5140 γὰρὴ
1151 5068 1319 5138 Τριὰς
1374 5069 1733 5140 ὁρισθήσεται
1792 5071 1874 5133 είς

291 5159 504 5212 δυάδα·
553 5158 704 5213 ἔστιν
735 5159 843 5229 ἄρα
891 5159 950 5223 ἐξ
1012 5159 1141 5212 Υίοῦ
1180 5160 1241 5213 τὸ
1294 5159 1540 5231 Πνεῦμα,
1575 5162 1623 5214 εί
1689 5161 1877 5230 μέλλοι

295 5250 674 5319 προσωπικῶς
701 5250 869 5304 αὐτοῦ
895 5251 1291 5320 διακρίνεσθαι.
1327 5253 1449 5306 Ἔτι
1483 5256 1650 5324 φησὶν
1680 5257 1709 5308 ὸ
1738 5256 1879 5324 Χρι-

295 5345 444 5409 ab:
461 5347 569 5407 τοῖς
599 5345 899 5417 μαθηταῖςο
935 5362 958 5396 ι
992 5346 1162 5399 Ὅταν
1187 5347 1318 5419 ἔλθῃ
1345 5349 1372 5401 ὁ
1405 5347 1767 5417 Παράκλητος
1817 5347 1879 5402 ὃν

293 5437 412 5505 ἐγὼ
436 5439 636 5508 πέμψω
656 5438 786 5508 ὑμῖν
802 5453 817 5468 ο
838 5456 857 5490 ι
898 5440 1012 5505 καὶ,
1037 5441 1197 5493 «Ἐὰν
1223 5442 1473 5511 πορευθῶ
1496 5439 1700 5511 πέμψω
1717 5439 1881 5493 αὑτὸν

303 5531 444 5600 πρὸς
492 5531 639 5601 ὑμᾶς
667 5546 680 5560 ’
715 5550 734 5584 ι
768 5531 842 5584 Τὸ
879 5531 989 5601 γὰρ
1019 5533 1339 5601 πέμπεσθαι
1372 5533 1464 5585 ἐπὶ
1499 5532 1658 5597 Θεοῦ,
1692 5532 1751 5586 τὸ
1781 5532 1880 5586 ἀπ’

299 5625 484 5688 αἰτίας
511 5621 650 5688 εῖναι
679 5625 851 5700 δηλοῖ.
879 5626 989 5681 Καὶ
1018 5625 1228 5696 μάρτυς
1249 5627 1277 5679 ὁ
1309 5624 1448 5690 θεῖος
1471 5627 1880 5697 Χρυσόστομος,

378 5805 454 5877 (ι)
483 5804 625 5864 Citat
648 5805 792 5868 hunc
815 5805 992 5864 locum
1019 5803 1255 5863 Thomas
1279 5821 1326 5861 ε’.
1355 5807 1440 5864 3‘2.

1979 4519 2105 4573 liter
2133 4516 2524 4587 distinguitur;
2554 4524 2610 4568 at.
2660 4513 2711 4568 id
2741 4510 3047 4566 absurdum
3083 4508 3232 4562 dictu
3267 4514 3353 4560 est
3385 4521 3401 4560 :
3431 4518 3560 4558 nam

1980 4611 2050 4666 ita
2079 4609 2316 4664 Trinitas
2345 4609 2397 4663 in
2457 4607 2778 4662 dualitatem
2833 4600 3244 4658 terminabitur.
3277 4596 3372 4652 Est
3427 4608 3562 4664 ergo

1977 4718 2044 4758 ex
2093 4700 2232 4756 Filio
2281 4699 2548 4770 Spiritus,
2597 4701 2642 4754 si
2704 4693 3070 4769 personaliter
3117 4691 3183 4746 ab
3210 4703 3279 4744 eo
3301 4687 3560 4755 distingui

1979 4793 2306 4866 oportuerit.
2357 4795 2488 4848 item
2535 4791 2671 4846 dicit
2734 4787 2988 4844 Christus
3021 4780 3326 4852 discipulis,
3383 4779 3568 4834 «Cum

1979 4887 2192 4944 venerit
2221 4886 2560 4948 Paraeletus,
2591 4897 2752 4954 quem
2800 4894 2906 4948 ego
2957 4877 3168 4932 mittam
3205 4872 3383 4930 vobis.
3415 4890 3435 4924 ι
3471 4870 3566 4937 Ει,

1989 5001 2007 5032 ι
2033 4979 2088 5036 Si
2111 4979 2298 5035 abiero
2326 4978 2540 5032 mittam
2572 4989 2695 5030 eum
2721 4971 2789 5027 ad
2826 4985 2944 5035 vos,
2975 4988 2995 5023 ι
3049 4968 3176 5038 quia
3203 4965 3346 5020 mitti
3374 4964 3426 5018 in
3457 4962 3572 5018 Deo

1980 5087 2008 5125 a
2041 5087 2203 5126 causa
2266 5085 2386 5124 esse
2421 5069 2784 5122 demonstrat.
2822 5061 3004 5118 Testis
3034 5070 3118 5116 est
3151 5059 3210 5113 D.
3238 5059 3570 5128 Cbry-sosto-

1981 5182 2104 5220 mus
2135 5165 2203 5219 ad
2257 5160 2624 5232 Arianos,qui
2653 5157 3000 5217 dubitabant.
3023 5151 3298 5224 quomodo
3323 5146 3569 5219 ejusdem

1985 5257 2240 5313 essattia:
2263 5257 2338 5310 sit
2364 5255 2456 5326 qui
2491 5252 2659 5308 mittit
2711 5260 2771 5307 et
2802 5249 2894 5320 qui
2933 5246 3194 5311 mittitur,
3227 5243 3294 5298 39
3321 5237 3569 5305 bomilia,

1987 5362 2111 5402 cum
2135 5345 2306 5401 dicit:
2349 5343 2562 5400 Rursus
2587 5343 2652 5398 ad
2690 5342 2933 5397 humana
2961 5339 3268 5396 orationem
3306 5331 3572 5395 traducis,

1988 5455 2089 5494 nec
2111 5438 2370 5509 intelligis
2399 5436 2582 5491 omnia
2625 5435 2742 5490 haec
2777 5434 2847 5489 ob
2886 5431 3024 5487 nihil
3058 5427 3203 5486 aliud
3252 5427 3397 5482 dicta
3423 5436 3576 5490 esse,

1993 5532 2094 5587 nisi
2123 5539 2179 5585 ut
2205 5544 2425 5585 causam
2445 5529 2705 5594 sciamus,
2739 5540 2918 5596 neque
2979 5525 3034 5580 in
3065 5518 3289 5579 Sabellii
3321 5516 3573 5572 morbum

1991 5624 2299 5682 incidamus
2330 5641 2342 5680 :
2377 5622 2471 5679 sed
2504 5621 2745 5694 Spiritus
2797 5636 2865 5676 ex
2894 5618 3034 5676 Fil'o
3095 5614 3350 5682 mittitur,
3415 5624 3482 5666 ex
3506 5625 3572 5664 eo
