4004 6402
228 311 377 378 1197

735 317 883 393 PRO
914 320 1127 384 CONC.
1165 323 1546 388 FLORENT.
1587 323 1751 386 CAP.
1797 326 1874 386 ll.
1920 327 2018 386 DE
2067 327 2320 387 ΛΖΫΜΟ
2355 329 2449 387 ΕΤ
2493 327 3032 390 FEBMEVTATU.

3363 331 3499 395 1198

213 429 558 498 διαφὰγεσθε
589 431 717 483 αὐτὸ
741 448 755 462 ο
789 435 844 486 αῖ
893 435 1094 503 ὀσφύες
1129 437 1285 507 ὑμῶν
1333 439 1774 510 περιεζωσμέναι
1803 456 1808 469 '

1930 440 2254 495 festinantes
2283 458 2296 495 :
2327 449 2412 496 est
2437 441 2582 495 enim
2605 441 2814 496 Pascha
2839 440 3112 496 Domini.)
3133 441 3176 473 δ’
3195 440 3347 498 Nosti
3367 460 3496 511 ergo

213 518 314 578 καὶ
348 524 418 576 τὰ
461 523 788 592 ὑποδήματα
845 527 1000 596 ὑμῶν
1045 530 1104 581 ἐν
1153 532 1266 592 τοῖς
1303 534 1459 582 ποσὶν
1498 531 1686 597 ὑμῶν·
1717 530 1815 582 καὶ

214 617 274 670 αἱ
307 616 604 686 βακτηρίαι
639 617 794 684 ὑμῶν
822 621 879 671 ἐν
909 622 1030 682 ταῖς
1057 622 1247 690 χερσὶν
1276 622 1431 689 ὑμῶν
1459 635 1474 651 ο
1506 622 1603 675 καὶ
1631 621 1814 674 ἐδεσθε

219 711 362 763 αὐτὰ
424 709 564 777 μετὰ
614 709 881 778 σπουδῆς.
926 713 1115 783 Πάσχα
1167 715 1286 766 ἐστί
1326 713 1559 783 Κυρίου.
1600 732 1618 765 ι
1656 709 1817 778 Οἶδας

225 802 336 870 ἄρα
361 801 412 852 τί
439 801 500 852 τὸ
529 801 717 868 Πάσχα
746 803 863 854 ἐστί
886 818 900 832 ⁸
933 803 1120 858 λαὸεῖν
1146 806 1320 874 ἀμνὸν
1351 806 1606 878 ἄμωμον,
1638 809 1815 860 ἐνιαύ-

230 911 362 956 σιον,
400 892 510 944 ἀπὺ
540 891 646 961 τῆς
679 893 912 963 δεκάτης
939 894 1033 947 τοῦ
1067 897 1255 967 μηνὸς,
1287 899 1383 950 καὶ
1414 899 1694 968 διατηρεῖν
1721 902 1815 951 καὶ

218 985 518 1053 φυλάττειν
574 985 740 1036 αὐτὸν
793 986 957 1055 μέχρι
998 989 1088 1039 καὶ
1140 989 1237 1056 τῆς
1287 989 1817 1060 τεσσαρεσκαιδεκά-

209 1095 359 1148 της·
394 1079 488 1130 καὶ
536 1081 603 1148 τῇ
656 1081 1234 1151 τεσσαρεσκαιδεκάτῃ
1288 1081 1381 1135 τοῦ
1452 1083 1619 1152 μηνὸς
1677 1084 1816 1153 πρὸς

211 1171 485 1240 ἑσπέραν,
543 1170 706 1223 θῦσαι
747 1172 919 1224 αὑτόο
963 1174 1059 1226 καὶ
1104 1173 1171 1226 τὰ
1225 1175 1429 1230 λοιπάο
1479 1177 1572 1228 καὶ
1618 1179 1817 1243 φαγεῖν

208 1263 363 1317 ὀπτὰ
399 1264 566 1334 πυρί⁶
593 1263 689 1317 καὶ
737 1263 928 1333 ἄζυμα
966 1266 1060 1318 ἐπὶ
1092 1267 1358 1338 πικρίδων
1407 1267 1590 1320 ἐδεσθε
1631 1269 1772 1322 αὑτὰ
1797 1285 1814 1302 ο

207 1358 314 1408 καὶ
346 1357 521 1410 ταῦτα
558 1358 696 1426 μετὰ
747 1359 1016 1427 σπουδῆς·
1050 1361 1132 1412 ὅτι
1165 1362 1358 1429 Πάσχα
1411 1363 1529 1415 ἐστὶ
1581 1363 1813 1429 Κυρίου.

208 1449 394 1501 Τοῦτό
427 1453 575 1504 ἐστιν
601 1453 780 1504 ἐκεῖνο
820 1453 879 1504 τὸ
908 1453 1132 1522 νομικὸν
1164 1454 1356 1523 Πάσχα
1378 1470 1391 1483 °
1422 1455 1559 1523 ὅπερ
1591 1458 1617 1506 ὁ
1652 1455 1816 1523 νόμος

211 1543 564 1612 προσέταττε
599 1545 776 1596 ποιεῖν
806 1544 939 1606 τοὺς
967 1545 1117 1606 υἱοὺς
1159 1546 1402 1616 Ἰσραήλ.
1443 1547 1504 1599 Et
1535 1543 1629 1602 οὖν
1658 1546 1814 1599 ταῦθ’

207 1633 396 1697 οὕτως
424 1635 556 1704 ἔχει,
604 1639 698 1690 καὶ
733 1637 781 1689 οί
827 1638 926 1707 μὲν
959 1638 1185 1705 λέγουσι
1238 1641 1368 1708 περὶ
1401 1638 1498 1691 τοῦ
1534 1640 1746 1708 Πάσχα.
1789 1641 1817 1691 6

208 1727 279 1780 δὲ
315 1727 593 1796 ἐξηγεῖται
625 1730 753 1799 περὶ
783 1730 876 1782 τοῦ
909 1732 1126 1800 Πάσχα,
1158 1733 1308 1783 ποῖον
1334 1731 1442 1800 ἄρα
1473 1732 1664 1800 Πάσχα
1692 1731 1818 1801 ἐζή-

207 1840 347 1876 τουν
377 1825 424 1874 ot
461 1820 709 1892 μαθηταὶ
744 1824 1034 1891 ἑτοιμάσαι
1061 1840 1076 1889 ;
1108 1824 1168 1875 τὸ
1195 1824 1418 1892 νομικὸν
1457 1825 1553 1877 καὶ
1585 1826 1816 1896 σύνηθες

211 1915 428 1977 αὐτῶν,
463 1914 652 1984 ἢᾶλλο
689 1931 742 1967 τι
791 1915 1002 1968 καινόν.
1040 1917 1150 1968 Καὶ
1193 1917 1299 1986 γὰρ
1350 1917 1592 1971 Ἰουδαῖοι
1637 1919 1816 1984 ὄντες,

209 2006 279 2058 τὸ
319 2006 454 2058 αὐτὸ
486 2007 674 2076 Πάσχα
695 2007 833 2076 ὅπερ
861 2006 1053 2076 ἐδήλου
1086 2006 1186 2076 τὴν
1217 2006 1471 2059 διάϐασιν
1511 2009 1610 2077 τῆς
1657 2010 1812 2080 Ἐρυο

213 2099 358 2168 Θρᾶς
378 2098 655 2167 Θαλάσσης
679 2112 694 2128 ⁸
735 2099 924 2167 Πάσχα
960 2099 1070 2167 γὰρ
1097 2099 1379 2165 διάϐασις
1421 2101 1814 2172 ἑρμηνεύεται.

220 2193 313 2245 Διδ
345 2194 441 2246 καὶ
491 2193 518 2245 ὃ
574 2195 716 2246 κατὰ
759 2195 1050 2265 συνήθειαν
1100 2191 1248 2265 εῐχον
1299 2197 1597 2255 ἐπιτελεῖν.
1653 2196 1814 2250 τοῦτο

220 2287 317 2338 καὶ
347 2286 637 2353 ἑτοιμάσαι
668 2287 902 2357 ἠρώτων
929 2293 942 2306 ⁸
975 2289 1069 2341 καὶ
1097 2291 1124 2341 6
1164 2291 1401 2358 Χριστὸς
1451 2293 1814 2360 μαρτυρεῖται

221 2379 378 2447 παρὰ
411 2381 478 2448 τῇ
510 2379 726 2450 Γραφῇ,
761 2379 992 2449 ποιητὴς
1037 2381 1132 2433 τοῦ
1163 2383 1328 2448 νόμου
1367 2383 1460 2434 καὶ
1491 2385 1810 2452 πληρωτὴς.

224 2471 386 2527 Οὕτω
413 2475 522 2542 γάρ
585 2490 751 2542 φησιν
789 2473 951 2535 αὐτὸς
992 2473 1132 2544 ὑπὲρ
1182 2472 1378 2527 ἐαυτοῦ
1405 2491 1417 2504 ·
1457 2493 1476 2525 ‹
1530 2474 1668 2542 Ἐγὼ
1713 2475 1813 2528 οὐκ

216 2558 385 2632 ἦλθον
416 2562 719 2616 καταλῦσαι
752 2562 843 2615 τὸν
876 2564 1062 2633 νόμον,
1096 2562 1237 2616 ἀλλὰ
1289 2565 1582 2634 πληρῶσαι
1606 2582 1617 2594 °
1662 2585 1678 2616 ι
1717 2570 1810 2618 καὶ

220 2650 319 2717 αὖ,
351 2673 369 2706 ι
405 2655 799 2725 Εὐκοπώτερον
824 2655 915 2707 τὸν
946 2657 1178 2724 οὐρανὸν
1211 2659 1306 2710 καὶ
1329 2657 1428 2725 τὴν
1471 2660 1575 2726 γῆν
1606 2643 1812 2726 παρελ-

219 2749 419 2818 θεῖν.ἢ
454 2749 586 2801 ἰῶτα
617 2749 674 2800 ἒν
735 2749 766 2818 ἢ
807 2750 936 2817 μίαν
977 2749 1206 2818 κεραίαν
1251 2749 1546 2818 παρελθεῖν
1578 2754 1684 2802 ὰπδ
1713 2750 1808 2803 τοῦ

217 2842 412 2910 νόμου.
455 2860 475 2892 ι
526 2841 648 2904 Πῶς
671 2837 766 2894 οὖν
798 2843 902 2894 ἔδει
932 2839 1095 2893 αὐτὸν
1124 2843 1330 2909 πρᾶξαι
1361 2842 1518 2906 ἄλλα,
1555 2843 1587 2912 ἢ
1621 2843 1810 2895 rit-0'3

217 2934 388 3002 νόμον
418 2949 434 2999 ;
469 2933 665 2986 οὐκοῦν
696 2933 989 3004 πληρωτὴς
1017 2932 1094 2986 ὢν
1131 2934 1226 2986 τοῦ
1255 2935 1444 3003 νόμου,
1475 2935 1535 2988 τὸ
1565 2935 1669 2986 ὑπὸ
1709 2935 1805 2987 τοῦ

217 3027 389 3095 νόμου
428 3026 528 3095 μὲν
558 3027 1056 3094 προσταττόμενον,
1091 3027 1226 3096 παρ’
1257 3027 1422 3079 αὐτοῦ
1454 3027 1510 3079 δὲ
1543 3030 1812 3097 πρίτερον

217 3121 372 3188 ἐντῷ
395 3119 531 3189 ὄρει,
561 3119 641 3189 τῷ
673 3120 874 3190 θεοπτῃ
904 3120 1097 3173 Μωσεῖ
1120 3119 1561 3188 παραδεδομένον
1593 3120 1804 3190 Πάσχα,

215 3213 296 3274 ὡς
326 3215 353 3265 6
400 3213 566 3282 νόμος
614 3212 953 3265 διεκελεύετο
998 3211 1320 3264 ἀπετέλεσε.
1368 3212 1478 3263 Καὶ
1515 3213 1610 3264 ἐὰν
1650 3213 1809 3265 τοῦτο

214 3305 363 3357 εἴποι
389 3321 492 3366 τις,
529 3304 628 3356 οὐκ
660 3305 723 3356 ἃν
752 3304 999 3374 ἁμάρτῃ,
1019 3305 1101 3355 ὅτι
1123 3303 1172 3354 οῖ
1204 3302 1515 3368 ἀπόστολοι,
1538 3301 1613 3366 ὡς
1646 3304 1810 3372 προέ-

216 3413 424 3466 ιρημεν,
469 3397 708 3450 Ἰουδαῖοι
731 3397 1092 3464 ὑπάρχοντες,
1129 3397 1220 3446 καὶ
1244 3395 1336 3446 τον
1361 3395 1525 3462 νόμον
1555 3395 1628 3457 ὡς
1658 3395 1808 3458 εξκὸς

210 3485 285 3557 ἦν
327 3488 648 3557 τηροῦντες,
715 3491 762 3539 εἰ
807 3487 1029 3557 ᾔδεισαν
1072 3486 1234 3538 αὑτὸν
1267 3487 1471 3554 ἑτέρως
1505 3487 1680 3554 tat-api
1713 3487 1806 3537 τζν

212 3582 384 3649 νόμον
421 3579 700 3644 ποιοῦντα,
752 3579 853 3631 οὐκ
897 3578 963 3630 ἂν
999 3577 1149 3647 αὐτῷ
1188 3576 1522 3645 ἠκολούθουν
1568 3578 1660 3630 καὶ
1709 3580 1805 3628 σὺν

105 3660 118 3665 ’
211 3671 368 3742 αὐτῷ
403 3673 592 3743 ἢσθιον
634 3670 694 3724 τὸ
742 3672 937 3739 Πάσχα
963 3687 976 3702 ·
1005 3670 1122 3724 ἀλλ’
1167 3671 1392 3741 ᾔδεισαν
1439 3671 1685 3739 ἀκριϐῶς
1721 3671 1804 3722 ὅτι

207 3764 307 3816 τὸν
335 3765 503 3832 νόμον
539 3763 728 3832 ἐτήρει
767 3764 932 3832 μέχρι
968 3762 1171 3824 παντός
1197 3779 1211 3793 ·
1245 3762 1334 3814 διὰ
1366 3762 1524 3815 τοῦτο
1562 3762 1653 3814 καὶ
1693 3762 1801 3814 ἐδί-

213 3860 336 3924 ψων
378 3855 693 3907 ἀκολουθεῖν
738 3855 907 3924 αὐτῷ.
945 3856 1067 3908 Ὅτι
1119 3855 1175 3908 δὲ
1231 3855 1323 3908 τὸν
1371 3855 1536 3924 νόμον
1589 3856 1799 3924 ἐτήρει,

221 3949 450 4002 ἄκουσον
493 3948 589 4001 τοῦ
648 3949 1101 4020 χρυσοῤῥήμονος
1170 3948 1442 4012 Ἰωάννου,
1495 3948 1553 3998 ἐν
1612 3946 1801 4015 ὁμιλία

215 4040 546 4112 ὀγδοηκοστῇ
585 4042 780 4111 πρώτῃ
807 4041 900 4094 τοῦ
936 4039 1328 4109 εὐαγγελιστοῦ
1374 4039 1678 4104 Ματθαέου,
1711 4038 1800 4089 λέ-

211 4149 434 4201 γοντος·
481 4151 500 4185 ι
553 4134 709 4197 Τίνος
740 4135 796 4187 δὲ
825 4134 1013 4188 ἕνεκεν
1052 4133 1114 4186 τὸ
1162 4132 1354 4202 Πάσχα
1393 4131 1672 4196 ἐπετέ).ει;
1711 4131 1799 4184 διὰ

214 4227 436 4280 πάντων
463 4226 678 4289 δεικνὺς
714 4226 878 4296 μέχρι
908 4227 1007 4296 τῆς
1043 4226 1280 4296 ἐσχάτης
1312 4226 1547 4296 ἡμέρας,
1583 4227 1663 4278 ὅτι
1697 4224 1798 4275 οὐκ

1920 533 2048 602 quid
2068 532 2274 587 Pascha
2309 533 2380 586 sit
2409 548 2424 587 :
2466 549 2681 588 sumere
2707 551 2905 605 agnum
2939 536 3374 597 immaculatum.
3403 555 3501 593 an—

1921 627 2165 680 niculum
2197 643 2226 682 a
2278 627 2484 682 decima
2519 629 2609 682 die
2644 629 2866 691 mensis.
2905 639 2961 683 et
2993 645 3214 684 servare
3239 640 3293 685 et
3317 641 3505 687 custo-

1922 721 2037 772 dire
2070 737 2195 773 cum
2246 737 2418 790 usque
2450 723 2516 775 ad
2567 733 2818 792 quartum
2865 723 3173 788 decimum;
3217 735 3272 780 ct
3311 737 3502 794 quarta

1920 814 2128 867 decima
2157 814 2363 867 mensis
2389 829 2636 882 vespere,
2666 815 2975 870 sacriﬁcare
3002 819 3172 879 illum,
3193 830 3247 872 et
3272 820 3502 887 reliqua,

1920 915 1973 960 et
2001 903 2292 958 comedere
2322 922 2442 959 assa
2473 908 2608 976 igni,
2645 919 2697 962 et
2730 923 2916 979 azyma
2954 912 3241 966 comedere
3279 913 3395 981 ipsa
3447 919 3501 968 itt

1920 997 2150 1050 lactucis
2203 998 2532 1066 agrestibus,
2584 1008 2639 1052 et
2679 1010 2939 1067 praeterea
2993 999 3330 1066 festinantes,
3377 1005 3503 1070 quia

1918 1087 2126 1142 Pascha
2155 1099 2236 1144 est
2263 1090 2496 1144 Domini.
2519 1089 2634 1144 Hoc
2656 1101 2739 1144 est
2758 1091 2888 1144 illud
2907 1092 3078 1161 legale
3103 1092 3330 1157 Pascha,
3358 1094 3505 1156 quod

1919 1181 2001 1233 les
2030 1183 2197 1250 jussit
2242 1183 2421 1236 facere
2447 1183 2572 1237 ﬁliis
2615 1183 2802 1238 Israel.
2836 1186 2890 1239 Si
2930 1187 3046 1240 hanc
3071 1202 3198 1258 ergo
3219 1189 3295 1241 ita
3325 1204 3383 1242 se
3409 1190 3506 1242 ba-

1918 1273 2069 1337 bent,
2126 1282 2181 1328 et
2222 1274 2273 1327 hi
2309 1276 2528 1343 quidem
2581 1276 2650 1330 de
2684 1277 2950 1332 Paschale
2997 1275 3218 1341 dicunt,
3254 1279 3340 1334 ille
3370 1294 3503 1334 vero

1917 1365 2143 1434 exponit
2171 1367 2239 1420 de
2274 1367 2538 1422 Paschate
2570 1411 2584 1433 ,
2631 1370 2920 1436 qualenam
2949 1372 3158 1425 Pascha
3191 1373 3503 1440 quaerebant

1917 1453 2172 1525 discipuli
2234 1460 2481 1525 parare?
2536 1460 2732 1529 Legale
2787 1474 2841 1516 et
2893 1474 3215 1517 consuetum
3251 1464 3379 1528 illis,
3429 1481 3498 1519 an

1917 1560 2122 1601 novum
2145 1549 2290 1604 aliud
2318 1552 2341 1603 ?
2364 1549 2495 1604 Nam
2522 1550 2834 1608 cumJudaei
2863 1565 3070 1624 essent,
3096 1556 3236 1609 idem
3271 1557 3500 1624 Pascha,

1918 1639 2062 1704 quod
2115 1640 2400 1694 transitum
2470 1643 2644 1697 Rubri
2683 1646 2850 1698 maris
2895 1646 3261 1716 signiﬁcabat.
3316 1652 3502 1704 celeb-

1919 1729 2153 1798 rabant;
2224 1730 2432 1787 Pascha
2490 1736 2636 1789 enim
2702 1739 2961 1792 transitus
3018 1741 3330 1809 exponitur,
3384 1743 3504 1798 ideo

1852 1803 1891 1856 Β
1921 1823 2063 1891 qttud
2094 1824 2163 1878 de
2195 1840 2347 1878 more
2376 1827 2686 1881 sacriﬁcare
2710 1831 3009 1895 debebant,
3035 1803 3102 1886 id‘
3126 1803 3325 1903 pararet
3353 1851 3503 1904 quae-

1923 1917 2134 1969 rebant.
2167 1915 2231 1969 Et
2265 1916 2546 1986 Scriptura
2597 1930 2851 1984 testatur,
2895 1922 3172 1978 Christum
3221 1936 3501 1982 auc-torem

1920 2021 2042 2060 esse
2072 2007 2241 2076 legem
2274 2010 2530 2064 servandi
2570 2020 2626 2064 et
2665 2012 3032 2082 adimplendi;
3087 2016 3160 2071 ita
3197 2019 3343 2071 enim
3387 2020 3504 2087 ipse

1918 2099 1984 2153 de
2016 2100 2200 2170 seipso
2230 2101 2382 2169 (lit-it,
2422 2123 2439 2154 ι
2474 2103 2585 2173 Ego
2625 2121 2731 2159 non
2773 2107 2897 2160 veni
2925 2108 3136 2162 solvere
3171 2110 3372 2180 legem,
3407 2114 3502 2164 sed

1918 2191 2216 2259 adimplere
2249 2192 2336 2257 ης
2399 2202 2451 2246 et
2506 2194 2705 2247 iterum
2739 2213 2754 2250 :
2797 2195 3064 2250 «Facilius
3097 2208 3182 2252 est
3216 2200 3410 2253 ca-lutn
3448 2211 3505 2256 et

1921 2292 2120 2336 terrain
2181 2285 2478 2353 praeterire,
2540 2301 2702 2351 quam
2770 2286 2838 2340 de
2873 2287 2992 2357 lege
3040 2290 3146 2343 iota
3201 2306 3370 2344 unum
3418 2293 3502 2346 vel

1919 2390 2086 2427 unum
2127 2377 2336 2442 apicem
2368 2376 2565 2432 cadere
2596 2377 2667 2432 “.
2695 2398 2714 2431 ι
2769 2379 3058 2444 Quomodo
3095 2397 3225 2452 ergo
3277 2393 3502 2453 oporte-

1918 2467 2012 2520 bat
2033 2482 2156 2519 eum
2178 2466 2280 2520 alia
2301 2483 2461 2537 agere
2481 2484 2644 2538 quam
2665 2485 2786 2538 qua:
2817 2470 2883 2524 ad
2912 2470 3086 2541 legem
3115 2473 3502 2542 pertinebant?

1919 2557 2057 2628 Ergo
2085 2575 2211 2612 cum
2255 2569 2448 2614 auctor
2475 2572 2620 2616 esset
2654 2562 2786 2628 legis
2823 2563 3202 2629 adimplendze,
3233 2566 3518 2636 aditnp'cr

1917 2653 2015 2714 rit,
2045 2653 2187 2720 quod
2217 2669 2245 2706 a
2278 2654 2393 2724 lege
2443 2656 2717 2710 sancitum
2755 2666 2872 2711 erat
2910 2658 3118 2713 Pascha
3140 2699 3155 2724 ,
3193 2661 3260 2712 ah
3287 2675 3354 2714 eo
3374 2676 3503 2716 vero

1916 2741 2068 2808 prius
2108 2742 2160 2796 in
2199 2752 2384 2796 monte
2415 2743 2607 2814 Moysi,
2645 2746 2738 2814 qui
2767 2748 2861 2800 Dei
2919 2748 3112 2802 faciem
3142 2750 3297 2814 vidit,
3325 2752 3501 2807 tradi-

1917 2839 2054 2896 tum,
2093 2843 2151 2886 ttt
2178 2833 2262 2886 lex
2294 2833 2537 2902 iubebat.
2565 2836 2718 2904 Quod
2743 2839 2786 2891 si
2817 2839 3177 2908 quisdixerit,
3210 2843 3352 2912 quod
3377 2860 3500 2898 cum

1915 2927 2144 2997 aPOlell
2181 2927 2354 2982 Judaei
2383 2939 2592 2990 essent,
2629 2941 2687 2983 ut
2719 2941 2846 2985 ante
2873 2934 3251 3001 exposuimus,
3311 2946 3368 2990 et
3422 2937 3503 2991 le-

1915 3037 2061 3092 gem,
2085 3032 2138 3073 nt
2175 3038 2273 3090 par
2305 3031 2444 3087 erat,
2475 3034 2782 3088 servarent,
2817 3025 2860 3078 si
2893 3027 3173 3080 novissent
3203 3044 3326 3081 cum
3353 3030 3502 3086 aliud

1917 3130 2079 3181 quam
2113 3113 2260 3183 quod
2293 3115 2376 3168 lex
2407 3114 2637 3183 iubebat
2677 3135 2860 3187 agere,
2907 3133 3014 3174 non
3044 3133 3168 3178 eum
3198 3122 3374 3178 secuti
3409 3137 3504 3178 es-

1919 3216 2064 3272 sent,
2085 3223 2183 3262 nec
2202 3224 2324 3263 cum
2352 3223 2417 3262 eo
2435 3207 2652 3264 Pascha
2681 3213 3188 3278 comedissent,non
3220 3215 3500 3274 aherrabit

1911 3317 1943 3352 a
1985 3315 2114 3353 vero
2149 3319 2161 3353 :
2203 3301 2300 3354 sed
2332 3304 2580 3356 sciebant
2630 3318 2754 3359 eum
2781 3317 2970 3361 exacte
3022 3323 3237 3376 semper
3272 3325 3497 3366 servare

1913 3390 2108 3457 legem,
2140 3391 2352 3447 idcirco
2380 3393 2559 3462 ipsum
2595 3397 2751 3465 sequi
2782 3399 3108 3467 gestiebant.
3136 3400 3293 3466 Quod
3316 3414 3499 3458 autem

1911 3482 2084 3551 legem
2139 3495 2437 3551 servaret,
2511 3489 2637 3540 audi
2694 3505 2860 3544 aurea
2913 3491 3283 3548 ell‘undenteut
3335 3499 3499 3552 verba

1907 3574 2173 3628 Joannem
2210 3577 2264 3629 in
2326 3576 2551 3631 homilia
2593 3583 2968 3648 ocluagcsima
3027 3585 3205 3652 prima
3257 3585 3308 3639 in
3365 3587 3504 3641 Mat-

1909 3665 2108 3718 thazutn
2145 3665 2441 3731 dicentem,
2504 3685 2523 3717 ι
2564 3666 2681 3732 Qua
2721 3669 2789 3723 de
2818 3685 2982 3724 causa
3025 3670 3233 3728 Pascha
3271 3690 3501 3746 perage-

1905 3755 2022 3823 bat,
2059 3775 2078 3808 ι
2116 3757 2171 3810 in
2195 3757 2454 3813 omnibus
2478 3775 2648 3830 usque
2681 3761 2749 3815 ad
2786 3772 3095 3817 extremum
3131 3766 3275 3819 diem
3306 3775 3499 3821 osten-

1905 3849 2065 3914 dens,
2095 3849 2199 3919 legi
2237 3865 2295 3904 se
2322 3867 2434 3905 non
2471 3867 2597 3907 esse
2645 3854 2980 3908 contrarium
3018 3876 3030 3909 :
3065 3872 3134 3912 ne
3180 3867 3361 3912 autem
3391 3859 3496 3930 legi

1905 3943 2220 3998 contrarius
2265 3954 2437 4010 esset,
2487 3946 2660 4016 legem
2720 3949 3034 4017 peragebat.
3091 3948 3290 4006 Exacte
3327 3953 3496 4021 igitur

1903 4051 1969 4091 ex
1996 4052 2062 4090 eo
2086 4044 2370 4091 ostensum
2394 4047 2499 4101 est,
2545 4039 2690 4105 quod
2715 4039 2890 4110 legale
2911 4039 3116 4094 Pascha
3137 4053 3418 4112 pararunt,
3436 4054 3497 4100 ttt

1902 4129 2042 4184 alter
2087 4129 2550 4199 evangelistarum
2613 4142 2870 4200 testatur,
2925 4153 2942 4184 ι
2987 4133 3119 4189 Erat
3173 4145 3354 4192 autetn
3394 4138 3497 4192 Pa-

1902 4225 2032 4279 scha
2053 4230 2109 4277 et
2133 4222 2354 4293 Azyma.
2388 4242 2408 4275 ι

209 4321 365 4376 ἔστιν
397 4323 639 4387 ἐναντίος
667 4324 743 4393 τῷ
771 4324 921 4392 νόμῳ
946 4339 960 4353 ο
995 4323 1081 4376 ἵνα
1111 4324 1167 4377 δέ
1199 4324 1277 4392 μὴ
1305 4323 1550 4384 ἐναντίος
1578 4321 1807 4390 γένηται
1835 4321 1914 4388 τῷ
1949 4322 2119 4392 νόμῳ,
2153 4323 2212 4374 τὸ
2243 4321 2436 4393 Πάσχα
2465 4323 2726 4376 ἐπετέλει.
2768 4341 2781 4372 ι
2836 4321 3240 4377 Ἀποδὲδεικται
3270 4341 3497 4396 τοιγαρ-

205 4416 307 4470 οὖν
353 4419 419 4469 ἐκ
462 4417 654 4469 τούτου
724 4417 990 4489 ἀκριϐῶς,
1041 4419 1124 4470 ὅτι
1183 4417 1242 4468 τὸ
1319 4417 1544 4485 νομικὸν
1604 4416 1795 4484 Πάσχα
1838 4415 2169 4484 ἡτοίμασαν,
2206 4416 2282 4480 ὥς
2327 4435 2491 4488 φησιν
2522 4417 2709 4485 ἕτερος
2737 4416 2846 4468 τῶν
2877 4416 3307 4484 εὑαγγελιστῶν.
3351 4413 3494 4471 ιἬν

207 4513 269 4566 δὲ
297 4511 358 4564 τὸ
392 4513 583 4581 Πάσχα
611 4515 704 4565 καὶ
739 4515 807 4566 τέι
847 4512 1123 4581 Ἀζυμα.›

293 4607 357 4658 Τί
401 4603 494 4658 οὖν
523 4609 640 4658 ἐστι
673 4607 732 4658 τὸ
775 4604 1153 4676 ζητούμενον;
1197 4605 1248 4655 τί
1300 4605 1364 4655 ἐκ
1395 4602 1584 4656 τούτου
1619 4601 1807 4670 βουλόο

211 4699 355 4770 μεθα
401 4699 704 4764 ἀποδεῖξαι,
736 4699 979 4750 τοσαῦτα
1022 4695 1554 4761 καταναλώσαντες;
1616 4693 1801 4763 Πάσης

213 4790 483 4862 πονηρίας
516 4789 865 4859 ἀπηλλάχθαι
909 4789 991 4840 δεῖ
1020 4789 1110 4839 τὸν
1151 4787 1339 4839 πιστόν
1361 4799 1375 4812 ⁸
1434 4787 1614 4838 πᾶσαν
1651 4785 1804 4854 φιλο-

208 4887 426 4951 νεικίαν
457 4885 552 4935 καὶ
580 4882 732 4951 ἔριδα
760 4884 854 4935 καὶ
885 4880 1130 4950 ματαίαν
1163 4877 1438 4948 πρόληψιν
1460 4877 1802 4942 ἁποσοὸἧσαι

203 4977 291 5028 δεῖ
313 4977 376 5027 ἐκ
399 4974 652 5045 καρδίας,
689 4973 778 5026 τὸν
813 4972 910 5042 τὴν
938 4971 1217 5040 σωτηρίαν
1249 4967 1415 5022 αὑτοῦ
1450 4965 1799 5037 βουλόμενον,

210 5068 340 5121 Ὀτι
367 5070 394 5120 6
435 5067 628 5136 Σωτὴρ
657 5068 685 5117 6
717 5066 996 5137 ἡμέτερος
1026 5068 1082 5114 ἐν
1131 5062 1206 5132 τῷ
1236 5062 1556 5130 τεταγμένῳ
1587 5059 1679 5112 τοῦ
1717 5060 1802 5112 νό-

213 5178 318 5231 μου
346 5159 547 5230 καιρῷ,
581 5159 641 5211 τὸ
684 5158 872 5226 Πάσχα
903 5155 1117 5208 ἐτέλεσε
1141 5173 1154 5185 ·
1189 5155 1284 5208 καὶ
1338 5153 1460 5206 οὔτε
1511 5150 1803 5222 προλαόὼν

209 5255 492 5324 ἐποίησεν,
544 5251 621 5314 ὦς
665 5267 812 5314 τινες
851 5249 1157 5319 βούλονται,
1190 5247 1312 5300 οὕτε
1375 5245 1640 5324 μεταῆἁς,
1685 5245 1800 5300 ἀλλ’

211 5352 270 5400 ἐν
297 5311 373 5415 τῴ
408 5311 524 5415 ίδίιρ
569 5311 772 5415 καιρῷ,
794 5311 913 5397 vacet
959 5345 1014 5396 ἐν
1051 5346 1117 5412 τῇ
1144 5311 1481 5409 ’τεταγμένῃ
1525 5311 1678 5410 ὧραο
1709 5340 1805 5392 καί¹

207 5439 404 5494 τούτου
432 5441 643 5510 μάρτυς
669 5439 697 5490 6
726 5435 1122 5512 εὐαγγελιστὴς
1147 5434 1383 5495 Λουκᾶς,
1414 5433 1610 5499 λέγων*
1643 5452 1660 5482 ι
1696 5431 1802 5484 Καὶ

207 5532 297 5584 ὅτε
332 5530 552 5596 ἐγένετο
585 5530 619 5598 ἡ
660 5526 802 5598 ὦρα,
833 5529 1066 5580 ἀνέπεσε
1107 5523 1372 5595 μετὰτῶν
1401 5523 1630 5578 δώδεκα.
1665 5542 1684 5574 ι
1721 5522 1793 5576 Οὐ

209 5627 319 5696 γὰρ
372 5619 548 5688 εἶπεν,
580 5623 668 5677 ὅτε
699 5625 919 5692 ἐγένετο
949 5625 982 5693 ἡ
1015 5623 1204 5694 ἡμέρα
1227 5638 1240 5653 ο
1273 5616 1368 5673 καὶ
1419 5619 1525 5689 γὰρ
1554 5620 1614 5672 οὐ
1647 5635 1793 5688 παρ-

281 5809 324 5840 “
354 5809 525 5865 Exod.
551 5822 649 5869 ιιι.
685 5808 840 5864 1-11.
945 5808 989 5841 δ’
1019 5807 1206 5862 Μοιιίι.
1261 5823 1313 5874 v,
1357 5807 1443 5860 l7.

1984 4600 2254 4668 Quidnam
2314 4609 2397 4655 est
2431 4599 2594 4670 igitur
2619 4598 2762 4666 quod
2798 4596 3062 4666 Quaeritur
3085 4596 3108 4649 ?
3133 4597 3262 4665 quid
3288 4613 3354 4652 ex
3387 4598 3491 4654 hoc

1914 4703 2024 4748 tatu
2065 4691 2253 4746 multis
2287 4690 2471 4746 verbis
2499 4689 2735 4759 probare
2783 4687 3202 4743 contendimus?
3230 4689 3313 4744 Ab
3338 4691 3490 4746 omni

1903 4787 2171 4854 pravitate
2201 4781 2414 4836 ﬁdelem
2444 4788 2660 4849 Oportet
2722 4780 3018 4843 vindicare,
3059 4795 3223 4833 omne
3265 4795 3490 4836 concer-

1905 4877 2052 4931 tandi
2102 4874 2367 4940 studium,
2411 4873 2560 4928 litem
2617 4882 2673 4927 et
2721 4873 2943 4928 stultam
2999 4873 3484 4942 praesumptionem

1900 4970 1968 5024 de
1998 4968 2163 5024 corde
2217 4981 2354 5035 opus
2380 4974 2467 5020 est
2491 4979 2616 5019 eum
2654 4965 3006 5034 prepulsare,
3028 4965 3121 5034 qui
3151 4981 3265 5020 sua:
3293 4966 3487 5020 salutis

1902 5063 2136 5132 cupidus
2157 5068 2280 5114 est:
2318 5057 2446 5129 quia
2485 5057 2741 5111 Salvator
2766 5067 2952 5111 noster
2989 5065 3237 5126 tempore
3279 5068 3484 5113 sanctae

1903 5156 2040 5223 legis
2099 5152 2308 5224 peregit
2339 5149 2567 5216 Pascha,
2603 5163 2782 5218 neque
2808 5157 2971 5202 antea
3005 5149 3249 5218 peregit,
3282 5156 3341 5201 ut
3364 5147 3489 5217 qui-

1904 5249 2027 5303 dam
2064 5247 2274 5312 volunt,
2303 5258 2484 5314 neque
2515 5253 2657 5313 post,
2688 5243 2782 5297 sed
2813 5258 2915 5297 suo
2949 5253 3191 5313 tempore.
3237 5251 3294 5297 et
3316 5242 3473 5304 hora,

1905 5350 1963 5393 ut
1983 5339 2196 5408 iussum
2230 5344 2350 5391 erat
2382 5352 2397 5402 ;
2435 5335 2600 5406 hujus
2629 5334 2707 5388 rei
2757 5335 2913 5388 testis
2937 5343 3022 5388 est
3088 5333 3262 5386 Lucas
3316 5348 3485 5388 evan-

1903 5432 2097 5502 gelista
2121 5445 2247 5485 cum
2270 5428 2430 5484 dicit:
2507 5446 2526 5479 ι
2567 5425 2634 5482 Ει
2663 5443 2787 5482 cum
2817 5427 2957 5480 facta
2989 5437 3135 5481 esset
3191 5426 3344 5490 hora,
3374 5425 3486 5480 dis-

1904 5523 2103 5582 cubuit
2130 5537 2255 5576 cum
2293 5520 2608 5576 duodecim.
2659 5539 2678 5571 ι
2746 5518 2864 5573 Νοιι
2891 5517 3037 5571 enim
3067 5517 3228 5582 dixit,
3251 5517 3486 5583 Quando

1902 5615 2048 5672 facta
2077 5613 2316 5679 estdies,
2339 5629 2466 5669 nam
2498 5612 2606 5669 alia
2640 5611 2758 5667 dies
2789 5625 2899 5665 non
2924 5610 3259 5676 praeterierat
3291 5619 3487 5680 ιιι-αξιοι·

1563 5804 1610 5835 ⁴³
1643 5803 1775 5854 lue.
1815 5815 1924 5865 xw,
1968 5799 2058 5853 l7.
