4004 6408
292 443 435 512 1213
792 443 945 506 PRO
976 444 1201 508 conc.
1240 444 1625 507 FLORENT.
1663 445 1826 507 est).
1877 446 1957 507 11.
1992 446 2089 506 DE
2125 445 2380 508 AZYM‘O
2410 448 2509 509 ET
2538 449 3080 514 FERMENTATO.
3400 422 3538 524 121;

293 557 373 622 εις
397 555 462 612 τδ
490 553 848 627 πραιτώριον,
890 554 982 609 ῖνα
1012 555 1088 627 μὴ
1131 555 1455 627 μιανθῶσιν,
1491 555 1610 609 ἀλλ’
1647 557 1735 610 ἵνα
1773 557 1873 623 φάο
1898 588 1913 622 λ

2022 567 2036 613 t
2073 560 2357 628 cupiditati
2394 578 2504 633 qua
2532 563 2799 618 ardebant
2824 565 3151 621 inservirent
3178 565 3378 624 caedem
3408 569 3549 626 hanc

295 664 432 718 γωσι
455 648 520 702 τὸ
536 647 754 720 Πάσχα.
787 666 807 701 ι
831 649 900 704 Τί
928 648 1024 703 οῦν
1051 649 1202 702 ἐστιν
1217 650 1393 702 εἰπεῖν
1417 665 1433 716 ;
1461 648 1587 701 Ὀτι
1622 650 1681 703 ἒν
1710 650 1874 721 ἑτέρᾳ

2022 654 2352 722 erpetrandi,
2391 670 2515 708 nam
2559 663 2775 724 tempus
2809 655 3068 714 Christus
3107 675 3215 712 non
3249 668 3552 726 transgres-

295 741 521 810 ἔφαγον,
560 741 656 795 καὶ
705 740 798 794 τδν
847 741 1013 808 νόμον
1055 739 1253 794 ἔλυσαν
1304 739 1393 794 διὰ
1431 740 1530 811 τὴν
1573 739 1874 809 ἐπιθυμίαν

2022 762 2072 801 ts
2101 756 2186 800 est
2218 746 2521 815 Paschalis,
2553 762 2679 801 cum
2710 763 2935 818 vespere
2971 750 3021 803 id
3056 752 3406 806 comedisset.
3441 751 3553 807 Sed

296 832 396 900 τὴν
425 834 558 904 περὶ
580 834 679 900 τὴν
701 831 918 902 σφαγὴν
945 831 1170 901 ταύτην.
1204 831 1337 886 Οὐδὲ
1365 832 1473 904 γὰρ
1503 832 1570 886 ἂν
1593 834 1619 885 6
1638 832 1876 901 Χριστὸς

2041 845 2238 892 cuncta
2274 838 2568 905 audebant,
2604 854 2908 908 omnesque
2942 840 3085 909 leges
3109 840 3551 899 conculcabant:

299 924 518 994 παρέϐη
569 926 662 979 τδν
712 925 908 995 καιρὸν
940 923 1034 979 τοῦ
1084 923 1278 994 Πάσχα
1331 924 1521 995 φαγὼν
1578 924 1710 977 αὐτὸ
1739 922 1875 992 πρὸς

2023 943 2105 982 am
2139 929 2268 997 quia
2304 930 2655 985 vehementer
2687 931 2770 985 ira
2797 930 3133 993 mstuabant,
3178 948 3277 987 nec
3317 947 3441 986 eum
3473 933 3540 986 in-

301 1012 540 1082 ἑσπέραν
558 1031 583 1051 ὀ
602 1013 717 1067 ἀλλ’
746 1015 943 1069 ἐκεῖνοι
981 1014 1032 1068 οἱ
1072 1014 1252 1067 πάντα
1282 1014 1615 1081 τολμῶντες,
1647 1015 1741 1068 καὶ
1775 1030 1879 1083 μυ-

2022 1020 2228 1075 :rﬁcere
2254 1030 2526 1090 poterant,
2554 1024 2804 1092 quamvis
2832 1024 2882 1077 id
2917 1039 3059 1092 saepe
3080 1024 3320 1095 aggressi
3348 1034 3556 1088 essent,

303 1108 453 1177 ρίους
498 1104 945 1170 καταπατοῦντες
998 1106 1232 1175 νόμους·
1270 1106 1456 1176 ἐπειδὴ
1507 1106 1617 1177 γὰρ
1672 1105 1880 1175 σφόδρα

2022 1126 2113 1165 mc
2147 1126 2270 1165 cum
2315 1114 2492 1181 ipsum
2533 1113 2810 1183 inopinato
2841 1116 3401 1185 comprehendisseut.
3434 1133 3552 1171 ma-

302 1199 450 1264 εζεον
474 1198 556 1269 τῷ
594 1198 774 1269 θυμῷ,
804 1199 919 1253 καὶ
950 1199 1212 1262 πολλάκις
1260 1200 1719 1269 ἐπιχειρήσαντες
1755 1203 1879 1253 dve-

2022 1216 2197 1259 terunt
2230 1206 2439 1262 Pascha
2474 1208 2749 1270 omittere,
2778 1216 2837 1262 ut
2870 1209 3220 1277 cupiditatem
3244 1224 3368 1263 eum
3394 1207 3561 1279 jugu-

304 1290 447 1356 λεῖν,
473 1291 571 1345 οὐκ
603 1290 853 1362 ἴσχυσαν,
886 1294 1008 1348 τότε
1036 1295 1295 1356 λαϐόντες
1327 1293 1487 1347 αὑτὸν
1527 1295 1878 1364 ἀπροσδοκή-

307 1399 432 1447 τως,
479 1387 796 1452 προείλοντο
841 1386 936 1439 καὶ⁵
983 1385 1044 1438 τὸ
1093 1387 1285 1457 Πάσχα
1334 1387 1573 1455 ἀφεῖναι,
1611 1387 1750 1457 ὑπὲρ
1781 1385 1876 1440 τοῦ

2022 1404 2198 1444 ressos
2256 1404 2407 1454 esse,
2460 1391 2748 1446 Christum
2795 1408 2900 1446 non
2949 1404 3356 1462 transgressum
3402 1394 3566 1449 esse?

307 1479 407 1549 τὴν
440 1480 667 1550 φονικὴν
690 1480 871 1533 αὐτῶν
896 1480 1176 1549 ἐμπλῆσαι
1196 1478 1517 1548 ἐπιθυμίαν.
1552 1497 1567 1529 ι
1642 1477 1889 1539 ’Ᾱκούεις

2023 1480 2070 1532 bi
2103 1491 2229 1533 sunt
2254 1483 2345 1550 qui
2379 1482 2567 1537 dicunt
2602 1498 2723 1536 eum
2758 1482 3137 1553 anticipasse?

309 1572 392 1625 ὅτι
421 1573 618 1625 ἐκεῖνοι
645 1572 743 1643 μὲν
772 1571 1093 1642 παρέϐησαν
1122 1573 1213 1627 τὸν
1240 1574 1431 1641 καιρδιν
1457 1571 1664 1625 καὶτὸν
1692 1571 1881 1638 νόμον,
1915 1570 1943 1623 6
1978 1570 2033 1624 δὲ
2065 1572 2301 1643 Χριστὸς
2333 1574 2393 1627 ού
2428 1575 2648 1647 παρέϐη
2675 1593 2691 1643 ;
2723 1577 2833 1629 Ποῦ
2885 1577 3024 1631 εἰσιν
3070 1579 3117 1631 οἱ
3181 1577 3436 1648 λέγοντες
3482 1576 3566 1639 ὅτι

1981 1295 2127 1351 laudi
2153 1298 2489 1368 explerent.)
2525 1299 2697 1355 Audis
2717 1316 2811 1356 eos
2845 1310 3056 1370 tempus
3084 1310 3138 1355 et
3170 1300 3340 1371 legem
3380 1311 3560 1355 traus-
3620 1320 3629 1326 ·
3687 1355 3694 1363 ,

312 1666 598 1735 προλαϐὼν
621 1667 879 1735 ἐποίησεν
906 1683 923 1733 ;
1860 1718 1865 1721 .

382 1757 599 1813 Τούτων
625 1762 807 1813 τοίνυν
836 1760 1012 1824 οῦτως
1053 1762 1311 1831 ἑχόντων,
1345 1759 1441 1815 καὶ
1486 1757 1884 1825 ἀποδεικνυμέ-

312 1868 418 1906 νων
451 1852 701 1922 φανερῶς
729 1850 925 1915 οὕτως,
962 1853 1044 1906 ὅτι
1091 1853 1300 1922 ἄζυμον
1334 1852 1656 1922 παρέδωκεν
1681 1851 1707 1901 6
1753 1850 1887 1914 Χρι-

2064 1755 2161 1813 His
2186 1758 2356 1827 igitur
2389 1758 2460 1814 ita
2492 1776 2551 1815 se
2586 1761 2911 1815 habentibus
2932 1802 2946 1825 ,
2979 1771 3033 1816 ct
3061 1762 3135 1817 ita
3171 1762 3379 1833 liquido
3418 1773 3569 1819 com'

1994 1849 2257 1917 probatis.
2287 1849 2566 1906 Christum
2596 1854 2774 1908 saeris
2810 1853 3072 1923 apostolis
3106 1868 3353 1925 azymum
3394 1856 3449 1909 in
3485 1855 3573 1910 die

316 1946 437 2006 στος
465 1948 577 2007 τοῖς
609 1947 777 2016 ἱεροῖς
804 1945 966 1999 αὑτοῦ
1000 1921 1268 2015 μαθηταῖς
1302 1947 1357 1998 ὲν
1385 1948 1449 2013 τῇ
1481 1945 1590 1996 τῶν
1634 1940 1888 2010 ’Λζύμων

2022 1957 2321 2010 tzymorum
2364 1945 2653 2001 tradidisse
2713 1947 2990 2012 (existimo
3022 1947 3163 2001 enim
3191 1947 3335 2017 quod
3369 1946 3412 2003 si
3447 1956 3575 2003 tunc

314 2037 541 2107 ἡμέρᾳο
594 2034 751 2106 οἶμαι
797 2040 928 2106 γάρ,
962 2035 1141 2106 οἶμαι,
1187 2039 1260 2101 ὼς
1289 2038 1457 2092 είούκ
1512 2035 1788 2089 ἐνεστῶσα
1824 2029 1890 2102 ἦν

312 2130 437 2183 τότε
467 2132 500 2197 ἡ
550 2130 660 2182 τῶν
708 2129 960 2196 Ἀζύμων
998 2131 1206 2200 ἡμέρα,
1236 2131 1296 2182 ὲν
1337 2127 1554 2198 ὲνξύμῳ
1600 2125 1890 2195 παρεδίδου

317 2219 388 2273 ἂν
420 2218 481 2272 τὸ
510 2219 836 2291 μυστήριον,
875 2219 1202 2290 βουλόμενος
1233 2220 1372 2283 ὅλως
1410 2217 1573 2271 τοῦτο
1617 2216 1893 2283 παραδοῦ-

319 2329 451 2367 ναι·
488 2312 758 2384 μηδαμῶς
806 2312 966 2378 λόγον
1022 2311 1346 2380 ποιούμενος
1398 2308 1635 2378 ὲνζύμου
1692 2324 1753 2361 τε
1796 2292 1895 2359 καὶ⁵

320 2404 554 2475 ἀζύμου,
588 2406 661 2470 ὡς
692 2403 848 2469 εἰδὼς
882 2403 981 2473 τὴν
1009 2404 1143 2472 ὓλην
1168 2421 1229 2456 τε
1262 2403 1356 2455 καὶ
1383 2401 1572 2455 οὐσίαν
1602 2399 1694 2453 τοῦ
1726 2400 1892 2469 ἄρτου

319 2499 458 2557 εἶναι
488 2503 550 2555 ἐκ
579 2500 753 2564 σίτου,
794 2498 909 2561 πῶς
938 2497 1406 2566 κατηγορήσωμεν
1433 2494 1559 2556 τοὺς
1594 2494 1732 2564 μετὰ
1759 2491 1895 2557 άςύ-

325 2610 440 2664 μων
470 2592 569 2660 τὴν
599 2590 790 2644 θυσίαν
848 2589 1137 2651 ποιοῦντας
1165 2603 1180 2652 ;
1226 2586 1259 2657 ἢ
1291 2585 1405 2647 πῶς
1454 2582 1894 2652 ὲηντιωθῶμεν,

321 2686 419 2753 τῆς
453 2684 606 2755 ἱερᾶς
634 2682 855 2737 συνόδου
891 2679 1226 2751 κελευούσης
1260 2679 1317 2732 ἐν
1347 2675 1425 2746 τῷ
1456 2677 1626 2744 αὐτῆς
1652 2677 1785 2746 ὅρῳ,
1816 2676 1898 2755 ὅτι

322 2752 385 2832 ἒν
431 2752 767 2846 ἀμφοτέροις
802 2777 913 2836 τοῖς
950 2776 1144 2841 μέρεσι
1205 2772 1265 2825 τὸ
1309 2769 1402 2824 τοῦ
1448 2768 1687 2841 Χριστοῦ
1739 2752 1903 2836 σῶμα

322 2869 580 2929 τελεῖται,
613 2868 704 2921 καὶ
738 2868 797 2918 ἐν
842 2866 1039 2935 άζύμφ
1071 2865 1164 2918 καὶ
1196 2863 1254 2916 ἐν
1298 2860 1555 2932 ὲνζύμῳ;
1597 2858 1627 2913 6
1657 2860 1900 2926 παρέλα-

327 2961 419 3014 ϐεν
448 2961 620 3022 Cvrc);
652 2960 684 3027 ή
736 2958 859 3027 ίερδι
902 2954 1205 3025 Ἐκκλησία
1249 2955 1400 3024 παρά
1440 2953 1546 3005 τῶν
1579 2950 1739 3021 ἱερῶν
1769 2950 1903 3001 ἀπο-

328 3052 550 3106 στόλων.
601 3051 665 3104 Oi
696 3050 803 3117 γὰρ
844 3050 978 3118 ἱεροὶ
1027 3045 1340 3109 ἀπόστολοι,
1376 3044 1463 3098 ὅτε
1496 3045 1596 3097 οὐκ
1626 3037 1694 3112 ἦν
1744 3042 1771 3094 6
1797 3041 1904 3092 τῶν

340 3141 590 3212 ’Δζύμων
644 3139 858 3210 καιρὶς,
894 3137 1019 3191 κατ’
1069 3130 1218 3189 οἷκον
1262 3134 1436 3197 ὄντες,
1470 3132 1708 3194 κλῶντες
1741 3131 1904 3200 ἄρτον

1995 2036 2329 2105 Azyznorum
2367 2037 2499 2092 hora
2536 2055 2641 2091 non
2697 2039 3009 2105 institisset,
3052 2039 3107 2095 in
3156 2039 3425 2096 fermento
3455 2057 3579 2114 my-

1997 2128 2222 2181 stcrimu
2278 2130 2618 2191 tradidisset,
2649 2131 2838 2186 volens
2872 2134 3100 2187 omnino
3153 2132 3282 2185 illud
3337 2132 3575 2195 tradere,

1999 2218 2153 2273 nihili
2199 2217 2406 2274 faciens
2444 2228 2627 2274 utrum
2664 2222 2718 2275 in
2755 2220 3021 2277 fermento
3056 2222 3138 2276 vel
3174 2238 3364 2293 azymo
3394 2223 3446 2276 id
3490 2221 3578 2276 la—

1996 2324 2182 2378 ceret,
2224 2313 2404 2367 sciens
2438 2312 2719 2365 materiam
2754 2321 2808 2366 et
2837 2311 3200 2367 substantiam
3242 2327 3363 2367 esse
3418 2311 3577 2381 panis

1998 2419 2063 2459 ex
2098 2404 2282 2457 tritico
2318 2404 2669 2471 constantis),
2719 2417 2829 2472 quo
2893 2414 3054 2473 pacto
3111 2403 3580 2470 reprehendemus

2000 2510 2093 2549 eos
2136 2495 2226 2563 qui
2263 2494 2315 2549 in
2354 2509 2546 2566 azymo
2586 2494 2941 2548 sacriﬁcant?
2974 2510 3078 2564 qua
3127 2495 3337 2548 ratione
3386 2495 3582 2548 adver-

2001 2589 2268 2649 sabimur,
2307 2602 2430 2642 cum
2466 2602 2622 2641 sacra
2652 2586 2892 2657 synodus
2919 2586 2972 2640 iu
3006 2602 3108 2640 suo
3138 2585 3360 2641 decreto
3390 2584 3584 2654 iubeat

2004 2693 2236 2751 utroque
2274 2680 2435 2734 modo
2460 2679 2661 2733 Christi
2696 2694 2895 2745 corpus
2926 2679 3120 2733 confici
3152 2692 3333 2748 posse,
3361 2678 3415 2730 in
3455 2691 3580 2748 azy-

2004 2787 2093 2825 mu
2121 2771 2329 2825 scilicet
2359 2780 2412 2825 et
2444 2768 2970 2837 fermentatohptod
2998 2766 3242 2821 Ecclesia
3264 2781 3421 2819 sacra
3460 2779 3587 2834 pro-

2008 2863 2145 2918 fecto
2169 2878 2198 2916 a
2222 2863 2397 2919 sacris
2426 2862 2632 2930 accepit
2667 2861 2962 2927 apostolis;
2988 2860 3127 2913 sacri
3158 2858 3307 2914 enim
3343 2855 3574 2927 apostoli

2006 2963 2159 3007 extra
2201 2963 2414 3022 tempus
2463 2952 2789 3020 Azymorum
2831 2949 3005 3003 fracto
3057 2964 3193 3016 pane
3243 2945 3577 3001 sacrificium

2009 3045 2364 3117 peragebant,
2395 3060 2494 3099 nec
2524 3042 2674 3097 ullihi
2706 3051 2929 3112 apparet
2978 3057 3072 3097 eos
3112 3056 3365 3110 azymuut
3397 3048 3589 3109 postu-

2010 3138 2175 3192 lasse.
2213 3136 2276 3191 Et
2303 3151 2496 3191 rursus
2526 3135 2580 3189 iu
2612 3134 2803 3190 diebus
2830 3135 3177 3204 Azymorum,
3206 3146 3328 3183 eum
3361 3129 3585 3185 Jerusa-

327 3237 426 3305 τὴν
451 3235 643 3287 Ουτίαν
666 3230 976 3293 ἐπετέλουν,
1008 3227 1100 3282 καὶ
1128 3223 1363 3295 οὐδαμοῦ
1392 3223 1643 3293 φαίνεται
1675 3222 1903 3283 τούτους

2022 3232 2116 3285 {em
2156 3230 2534 3283 fermentatum
2566 3245 2670 3283 non
2710 3227 3064 3296 reperiretur,
3093 3228 3297 3277 omisso
3328 3223 3571 3276 fermen-

329 3329 502 3382 αἰτεῖν
531 3326 760 3396 ἄζυμον.
790 3325 901 3378 Καὶ
926 3323 1090 3376 πάλιν
1113 3322 1168 3373 ὲν
1190 3322 1307 3381 ταῖς
1338 3317 1576 3385 ἡμέραις
1607 3314 1714 3366 τῶν
1748 3312 1907 3378 Ἀζύ-

330 3434 470 3489 μων,
505 3416 562 3469 ὲν
596 3413 959 3485 Ἰερουσαλὴμ
993 3411 1068 3481 μὴ
1098 3406 1495 3479 εὑρισκομένου
1520 3401 1777 3472 ὲνζύμου,
1806 3402 1908 3454 οὐκ

331 3513 568 3582 ινζυμον
598 3509 877 3571 αἰτοῦντες
910 3509 1010 3578 τὴν
1045 3505 1237 3560 θυσίαν
1274 3502 1610 3573 εἰργάζοντο.
1646 3498 1909 3570 ᾝδεισαν

330 3605 441 3671 γὰρ
472 3600 717 3671 ἀκριϐῶς
755 3600 838 3652 ὅτι
870 3598 1034 3670 ἀρκεῖ
1064 3595 1201 3668 πρὸς
1234 3593 1417 3656 τοῦτο,
1451 3594 1515 3644 ὲκ
1563 3589 1711 3642 σίτου
1744 3584 1907 3641 εἶναι.

333 3697 409 3749 Οὐ
442 3694 543 3763 γὰρ
574 3693 662 3746 διὰ
699 3692 759 3744 τὸ
790 3690 864 3762 μὴ
891 3690 1038 3759 ἔχειν
1069 3688 1272 3759 μικρὰν
1307 3685 1509 3753 ζύμην,
1538 3678 1606 3753 ἦν
1632 3683 1809 3735 πάντα
1843 3681 1913 3732 τὰ

333 3786 631 3854 τελούμενα
672 3784 817 3853 ἀργά
841 3801 854 3815 ·
893 3784 987 3836 καὶ
1031 3781 1266 3850 μάλιστα
1298 3778 1367 3831 τὰ
1399 3764 1492 3830 τοῦ
1524 3775 1777 3842 Σωτῆρος
1811 3773 1912 3843 ρή·

340 3898 486 3950 ματα
513 3896 526 3910 ·
555 3877 592 3932 ἆ
619 3896 737 3932 τινα
772 3874 1135 3945 μεταποιοῦσι
1183 3874 1274 3925 τὸν
1310 3873 1474 3943 ἄρτον
1507 3870 1600 3922 καὶ
1648 3867 1740 3921 τὸν
1772 3861 1915 3921 οἶνον

342 3976 438 4028 σὺν
464 3972 543 4041 τῷ
574 3971 750 4035 ὕδατι,
786 3972 870 4034 είς
900 3968 1058 4037 σῶμα
1092 3967 1187 4020 καὶ
1230 3960 1372 4035 αἷμα
1402 3960 1569 4016 αὐτοῦ
1595 3976 1611 3991 σ
1648 3958 1785 4012 ἀλλὰ
1820 3956 1918 4009 καὶ

345 4065 498 4120 τοῦτο
530 4067 580 4121 οί
611 4065 687 4137 μὴ
712 4067 776 4134 τῇ
808 4063 1012 4132 συνόδῳ
1042 4059 1322 4129 ἑπόμενοι,
1351 4054 1647 4125 ἀρνοῦνται
1672 4069 1688 4085 ’
1722 4052 1818 4104 καὶ
1852 4049 1913 4101 οὐ

345 4159 619 4212 πείθονται
655 4155 934 4209 πιστεύειν
980 4154 1052 4214 ὡς
1088 4153 1121 4218 ἡ
1165 4148 1465 4219 Ἐκκλησία
1501 4145 1805 4216 νομοθετεῖ,
1834 4141 1919 4195 δτι
1956 4216 1965 4227 Ι

343 4254 403 4307 ὲν
433 4256 497 4323 τῇ
538 4253 789 4322 κυριακῇ
825 4250 973 4316 φωνῇ
1003 4245 1206 4317 ἐκείνῃ,
1235 4246 1302 4312 τῇ
1338 4241 1571 4311 λεγούσῃ
1591 4254 1607 4270 ο
1640 4256 1658 4289 ι
1685 4235 1919 4302 Λάϐετε,

345 4346 571 4415 φάγετε,
608 4344 767 4397 τοῦτό
796 4342 897 4412 μού
949 4343 1066 4393 εστι
1118 4340 1179 4390 τὸ
1233 4334 1415 4404 σῶμα,
1455 4333 1552 4386 καὶ
1600 4329 1760 4384 τοῦτό
1817 4326 1920 4398 μού

344 4439 461 4491 ἐστι
493 4440 551 4491 τι
575 4431 737 4505 αἷμα,
776 4454 795 4487 ι
829 4434 888 4485 τὸ
913 4434 1215 4501 μυστήριον
1242 4423 1547 4480 τελειοῦται
1570 4438 1586 4453 ·
1618 4420 1756 4475 ἀλλὰ
1784 4419 1925 4490 μετὰ

340 4530 536 4592 ταῦτα,
570 4529 627 4582 ὲν
660 4525 735 4596 τῷ
786 4525 989 4593 λέγειν,
1024 4523 1178 4590 φασὶ,
1221 4539 1239 4571 ι
1271 4520 1379 4573 Καὶ
1436 4516 1663 4580 ποίησον
1698 4513 1792 4567 τὸν
1825 4511 1926 4582 μὲν

2014 3331 2127 3376 tato
2158 3322 2496 3376 sacrificium
2544 3319 2927 3389 peragebant:
2977 3334 3100 3371 nam
3148 3325 3299 3370 certo
3349 3314 3597 3370 sciebant

2020 3411 2158 3467 satis
2199 3425 2317 3465 esse
2358 3411 2404 3465 si
2442 3425 2507 3465 ex
2543 3409 2728 3465 tritico
2756 3416 3036 3463 constaret
3063 3446 3078 3468 ,
3111 3421 3212 3461 nec
3243 3405 3368 3475 quia
3402 3420 3592 3475 parum

2012 3500 2268 3570 fermenti
2291 3502 2577 3563 haberent,
2609 3515 2729 3568 qure
2759 3499 2962 3553 ﬂebant
2998 3498 3203 3551 idcirco
3230 3496 3460 3551 fuissent
3479 3512 3598 3549 om-

2015 3593 2105 3646 nia
2132 3593 2309 3653 irrita,
2345 3591 2686 3660 potissimum
2718 3605 2843 3642 vero
2874 3588 3085 3643 Domini
3122 3589 3309 3651 verba,
3344 3603 3465 3656 qua:
3494 3602 3596 3656 pa-

2018 3702 2140 3741 nem
2173 3695 2225 3740 et
2260 3685 2450 3738 viuum
2510 3697 2630 3736 eum
2668 3694 2806 3747 aqua
2853 3679 2905 3731 in
2937 3691 3133 3745 corpus
3174 3688 3227 3729 ct
3273 3677 3597 3743 sanguinem

2016 3780 2133 3848 ejus
2175 3782 2570 3831 transmittant.
2621 3772 2887 3826 Creterum
2935 3768 3123 3823 ethoc
3181 3766 3454 3832 abnegaut
3505 3765 3598 3834 qui

2022 3870 2293 3942 synodum
2331 3883 2436 3921 non
2472 3873 2777 3933 sequuntur
2814 3878 2827 3915 :
2865 3875 2964 3915 nec
2991 3856 3207 3913 suaderi
3244 3856 3463 3920 volunt,
3501 3871 3602 3911 uec

2024 3962 2244 4018 credere
2277 3958 2423 4026 quod
2459 3957 2635 4011 sancit
2673 3952 2944 4017 Ecclesia,
2976 3948 3200 4019 quodin
3236 3948 3516 4004 Dominica
3538 3963 3602 4002 ea

2025 4068 2177 4117 voce,
2214 4065 2333 4120 quae
2363 4049 2519 4107 dicit,
2562 4065 2581 4097 ι
2618 4045 2886 4115 Accipite,
2918 4042 3211 4103 comeditc,
3238 4041 3341 4096 hoc
3361 4049 3445 4094 est
3475 4052 3604 4093 cor-

2026 4160 2127 4214 pus
2157 4157 2393 4206 meum,»
2422 4150 2475 4194 et
2503 4136 2638 4193 «llic
2670 4146 2751 4190 est
2779 4134 3003 4205 sanguis
3032 4147 3242 4198 meus,»
3283 4128 3604 4203 mysterium

2027 4236 2303 4307 peragitur
2330 4248 2345 4299 ;
2377 4231 2467 4285 sed
2498 4238 2619 4299 post
2653 4230 2790 4287 haec.
2822 4242 2946 4282 cum
2977 4225 3184 4280 dicitur
3217 4221 3439 4292 (aiunt),
3481 4238 3503 4273 ι
3542 4220 3609 4275 Et

2032 4342 2224 4398 paan
2272 4326 2417 4379 hunc
2449 4322 2599 4376 eilice
2627 4320 2938 4375 venerabile
2970 4333 3173 4385 corpus
3198 4314 3402 4370 Christi
3436 4315 3552 4379 tui,
3583 4330 3603 4364 ι

2029 4435 2137 4474 non
2173 4417 2557 4487 percipieutes,
2594 4413 2743 4482 quod
2775 4412 2878 4464 hoc
2900 4410 3074 4463 sancti
3112 4407 3367 4462 sacriﬁcii
3393 4412 3601 4475 myste-

2032 4512 2173 4564 rium
2221 4509 2478 4563 Christus
2514 4503 2736 4559 tradidit
2767 4517 2782 4554 :
2816 4516 2916 4555 nec
2963 4499 3069 4552 alia
3107 4505 3307 4566 praeter
3342 4510 3404 4548 ea
3435 4495 3604 4547 verba

343 4620 508 4693 ἄρτον
536 4620 745 4682 τοῦτον,
776 4618 959 4686 τίμιον
998 4614 1158 4683 σῶμα
1201 4610 1296 4664 τοῦ
1331 4607 1569 4680 Χριστοῦ
1612 4622 1706 4659 σου
1737 4619 1752 4634 ⁸
1796 4623 1814 4656 ι
1851 4604 1913 4673 μὶ

2037 4601 2193 4665 dixit,
2230 4599 2359 4663 nisi,
2391 4616 2411 4649 ι
2451 4593 2718 4664 Accipite,
2749 4591 3040 4654 comedite,
3070 4598 3125 4643 et
3159 4586 3330 4641 bibite
3357 4599 3604 4644 omnes.)

347 4715 624 4775 συνιέντες
654 4714 736 4766 ὅτι
767 4709 826 4763 τὸ
855 4707 1158 4779 μυστήριον
1187 4701 1345 4755 τοῦτο
1371 4701 1470 4769 τῆς
1500 4699 1655 4768 ἱερᾶς
1680 4694 1923 4765 τελετῆς,

348 4808 377 4859 6
409 4804 647 4875 Χριστὸς
673 4802 957 4871 παρέδωκε
983 4814 999 4831 ν
1035 4798 1131 4850 καὶ
1166 4796 1360 4855 ἄλλους
1391 4790 1581 4858 λόγους
1623 4787 1723 4841 οὐκ
1751 4782 1929 4849 εἶπεν,

350 4898 384 4967 ἦ
420 4893 632 4959 τούτοις
680 4893 775 4947 καὶ
828 4893 1011 4962 μόνον,
1061 4887 1146 4947 τὸ.
1180 4906 1199 4938 ι
1236 4883 1471 4945 Λάϐετε,
1497 4880 1701 4949 φάγετε
1728 4893 1743 4910 ο
1784 4896 1804 4930 ι
1835 4875 1932 4929 καὶ

353 4989 434 5055 τδ,
478 5005 496 5038 ι
546 4988 705 5040 [lists
740 4985 963 5044 πάντες.
1007 5001 1024 5034 ι
1060 4980 1167 5034 Καὶ
1199 4976 1321 5030 οὔτε
1347 4974 1574 5042 ποίησον
1603 4966 1780 5034 εἶπεν,
1808 4967 1934 5021 οὔτε

351 5081 522 5135 τᾶλλα
555 5082 657 5132 ὅσα
703 5079 864 5147 ἡμεῖς
897 5075 1153 5144 λέγομεν.
1210 5064 1370 5123 Οὗτοι
1415 5064 1525 5134 γὰρ
1552 5064 1600 5116 οἱ
1651 5060 1802 5128 λόγοι
1837 5059 1934 5111 καὶ

357 5173 510 5242 μόνοι
534 5170 635 5239 τὴν
690 5169 846 5236 ίσχὺν
879 5166 1063 5237 ἔχουσι
1088 5179 1107 5198 ο
1138 5162 1206 5215 τὰ
1231 5160 1274 5214 δ’
1304 5158 1439 5214 ἄλλα
1466 5156 1650 5209 πάντα
1675 5153 1773 5205 ὅσα
1797 5151 1936 5218 δῆτα

354 5263 452 5318 καὶ
485 5262 719 5333 λέγομεν
751 5258 1062 5329 εὐχόμενοι,
1094 5254 1235 5323 ὑπὲρ
1259 5250 1415 5323 ἡμῶν
1438 5246 1616 5300 ταῦτα
1646 5242 1935 5324 λέγονταιο

356 5356 427 5409 ῖν⁹
462 5355 609 5417 ὅπως
655 5350 981 5419 ἀξιωθῶμεν
1012 5345 1253 5401 τοιούτου
1303 5341 1539 5412 αἵματος
1580 5334 1934 5404 κοινωνῆσαι,

356 5446 455 5499 καὶ
480 5443 729 5499 τοιούτου
762 5439 1016 5508 σώματος
1062 5434 1329 5507 ἅψασθαι.
1367 5431 1580 5498 Ὥσπερ
1615 5426 1725 5498 γὰρ
1777 5427 1837 5478 ἐν
1866 5425 1934 5493 τῇ

356 5536 658 5607 παραδόσει
680 5531 772 5586 τοῦ
802 5528 1072 5599 σωτηρίου
1101 5527 1503 5598 βαπτίοματος,
1528 5518 1724 5582 ἄλλους
1744 5517 1940 5585 λόγους

359 5629 464 5682 ούκ
513 5623 690 5687 εἶπεν,
739 5624 798 5696 ἢ,
843 5640 863 5674 ι
909 5618 1278 5691 Πορευθέντες
1328 5610 1707 5685 μαθητεύσατε
1760 5608 1940 5662 πάντα

360 5720 431 5773 τὰ
463 5718 615 5790 ἔθνη,
670 5716 1024 5788 βαπτίζοντες
1046 5710 1245 5772 αὐτοὺς
1276 5710 1357 5770 εἷς
1386 5705 1447 5759 τὸ
1497 5704 1668 5773 ὄνομα
1695 5699 1790 5755 τοῦ
1830 5703 1943 5755 Πα-

359 5812 514 5883 τρὸξ,
545 5813 640 5865 καὶ¹
671 5810 763 5864 τοῦ
800 5806 958 5874 Υίοῦ,
989 5807 1085 5858 καὶ
1107 5802 1203 5855 τοῦ
1230 5800 1389 5865 ἁγίου
1424 5796 1739 5867 Πνεύματος
1760 5809 1810 5844 ο»
1848 5790 1943 5845 καὶ

361 5904 511 5958 οῦτοι
532 5905 590 5958 ὀί
614 5902 764 5973 λόγοι
791 5900 1154 5972 ἑνοπὲμειναν
1178 5894 1349 5957 τύπος
1379 5891 1473 5947 τοῦ
1513 5888 1839 5963 μυστηρίου,
1867 5886 1940 5950 ὡς

1267 6172 1279 6201 l

2035 4708 2145 4746 non
2195 4690 2346 4746 ellice
2389 4689 2548 4751 dixit,
2592 4701 2768 4755 neque
2803 4693 2996 4738 cratera
3047 4694 3169 4748 qua:
3209 4692 3311 4732 nos
3353 4674 3611 4740 dicimus,

2035 4786 2236 4856 quippe
2286 4797 2409 4839 cum
2446 4785 2560 4836 haec
2591 4788 2801 4834 tantum
2834 4776 2997 4829 verba
3032 4774 3136 4825 vim
3170 4770 3611 4834 haberent;ca1-

2036 4887 2155 4933 tcra
2187 4876 2370 4934 omnia
2410 4891 2532 4945 qua:
2565 4875 2830 4938 dicimus,
2870 4887 2969 4942 pro
3016 4868 3178 4925 nobis
3210 4880 3430 4923 orantes
3465 4860 3613 4920 dici-

2039 4984 2185 5031 mus,
2227 4977 2287 5022 ut
2332 4967 2459 5020 huic
2505 4964 2760 5035 sanguini
2813 4961 3222 5017 communicare
3274 4968 3438 5029 atque
3500 4957 3607 5010 hoc

2038 5074 2242 5129 corpus
2290 5062 2518 5125 tangere
2554 5069 2890 5111 mereamur.
2940 5051 3412 5119 Quemadmodum
3467 5048 3611 5101 enim

2042 5165 2166 5203 cum
2201 5148 2468 5219 baptisma
2495 5145 2730 5201 traderet
2764 5144 3025 5210 salutare,
3062 5142 3167 5196 alia
3194 5143 3360 5197 verba
3395 5154 3502 5193 non
3534 5137 3619 5191 di-

2039 5239 2118 5292 xit
2151 5254 2334 5307 quam,
2362 5255 2383 5289 ι
2415 5235 2621 5292 Euntes
2643 5236 2834 5290 docete
2862 5249 3054 5303 omnes
3082 5241 3292 5302 gentes,
3328 5230 3615 5299 baptizan-

2040 5340 2124 5387 tes
2164 5346 2259 5386 eos
2285 5333 2344 5384 in
2373 5330 2598 5384 nomine
2627 5328 2833 5390 Patris,
2863 5335 2919 5380 et
2950 5323 3111 5391 Filii,
3137 5332 3190 5378 et
3221 5320 3453 5391 Spiritus
3486 5335 3617 5374 san-

2042 5431 2112 5480 cti
2151 5443 2165 5477 :
2198 5441 2216 5474 ι
2250 5429 2306 5476 et
2336 5434 2401 5477 ea
2436 5420 2598 5475 verba
2648 5427 2969 5474 manserunt
3017 5415 3191 5470 forma
3242 5411 3618 5476 sacramenti,

2045 5513 2248 5585 quippe
2270 5513 2473 5581 quibus
2491 5510 2716 5580 prolatis
2734 5506 3000 5578 baptisma
3023 5505 3361 5577 perficiatur.
3383 5504 3618 5573 reliqua,

2043 5623 2166 5677 qua:
2193 5605 2432 5661 dicimus
2459 5618 2556 5672 pro
2590 5604 2772 5667 nobis,
2805 5616 2902 5670 pro
2933 5599 3210 5669 baptizato
3245 5596 3411 5652 simul
3439 5605 3495 5651 et
3525 5612 3623 5666 pro

2045 5701 2366 5764 susceptore
2405 5692 2663 5756 dicimus,
2696 5692 2773 5745 ita
2818 5699 2872 5744 et
2918 5689 2991 5744 ibi
3040 5687 3176 5742 dicit
3221 5686 3287 5741 ad
3321 5685 3620 5755 discipulos

2041 5785 2317 5850 Christus,
2383 5801 2402 5836 ι
2471 5783 2730 5850 Accipite,
2791 5779 3081 5842 eomedite,
3122 5787 3258 5844 etc.,
3298 5776 3405 5831 hoc
3461 5775 3622 5828 facite

2046 5880 2099 5937 in
2133 5888 2307 5937 meam
2333 5873 2946 5934 commemorationem:
2978 5890 2997 5925 ›
3020 5871 3264 5941 nihilque
3286 5867 3432 5925 aliud
3454 5865 3614 5929 dixit.
