4004 6416
450 397 588 463 121³5

1581 402 1904 464 JOSEPHI
1943 405 1997 464 Μ
2011 405 2506 469 ETHONENSIS

3587 411 3724 477 1216

450 525 624 582 eaque
657 519 787 565 sunt
815 526 934 581 quae
961 526 1156 583 panem
1186 515 1239 566 in
1272 512 1474 568 Christi
1517 529 1714 584 corpus
1747 511 2021 570 transmu-

2142 518 2332 573 τούτων
2363 519 2704 589 λεγομένων,
2742 519 2804 573 τδ
2834 485 3129 592 βάπτισμα
3159 521 3503 577 τελειοῦσθαι
3523 540 3537 554 ο
3567 526 3638 578 τὰ
3663 527 3723 580 δὶ

453 611 569 658 tant
595 613 650 657 et
683 596 866 658 vinum
899 605 950 657 in
987 604 1332 674 sanguinem.
1381 605 1434 659 Id
1474 621 1687 661 mecum
1723 623 1913 663 rursus
1950 619 2024 662 tc-

453 695 690 753 stabitur
719 711 881 750 aurea
918 697 1098 766 lingua
1130 697 1387 762 przrditus
1420 695 1679 765 Joannes,
1712 698 1932 754 homilia
1971 700 2023 753 in

453 788 734 858 mysticam
770 787 1069 843 Salvatoris
1120 805 1356 853 ccenam,
1417 799 1472 844 et
1522 791 1576 846 in
1628 793 2020 862 mysteriorum

367 933 383 952 ,
453 880 794 934 traditionem
825 897 836 932 :
870 879 921 934 in
949 895 1079 947 quo,
1111 891 1165 935 et
1193 891 1382 937 contra
1414 881 1658 944 Judmos.
1682 885 2017 952 principium

451 972 738 1037 sermonis,
767 991 783 1022 ι
809 971 1006 1033 Pauca,
1046 974 1245 1042 inquit,
1281 974 1440 1029 hodie
1479 978 1787 1030 necessaria
1823 985 1975 1037 sunt,
2003 994 2020 1026 ι

451 1062 503 1114 in
543 1061 644 1114 hac
683 1049 906 1114 homilia
943 1073 1066 1124 post
1099 1063 1267 1116 multa
1301 1063 1433 1116 dicit
1474 1081 1487 1118 :
1537 1082 1554 1114 ι
1595 1063 1850 1132 Christus
1903 1065 2021 1132 ipse

449 1151 621 1212 adest,
655 1152 746 1221 qui
775 1168 1019 1207 mensam
1049 1153 1189 1206 hanc.
1215 1163 1462 1208 exornat.
1493 1152 1623 1208 Nam
1649 1155 1742 1224 qui
1779 1169 2026 1212 mensam

451 1247 593 1300 illam
630 1247 868 1311 ornavit,
903 1248 1044 1302 idem
1079 1264 1226 1302 nunc
1257 1249 1418 1303 etiam
1449 1251 1587 1310 hanc
1609 1251 2025 1320 exornat,‘quia

452 1338 613 1392 homo
646 1354 753 1391 non
785 1347 886 1398 est.
917 1339 1011 1408 qui
1041 1352 1102 1392 ea
1137 1355 1258 1408 qua:
1304 1351 1683 1410 proponuntur
1711 1341 1874 1397 elﬁcit
1902 1357 2032 1398 san-

449 1430 668 1500 guinem
708 1439 762 1485 et
795 1446 997 1499 corpus
1035 1431 1283 1495 Christi,
1331 1431 1452 1492 sei
1477 1433 1596 1503 ipse
1643 1434 1897 1490 Christus
1929 1450 2030 1504 pro

451 1523 608 1577 nobis
623 1521 936 1578 cruciﬁxus.
962 1523 1116 1579 Astat
1147 1525 1402 1581 sacerdos
1430 1525 1656 1594 ﬁguram
1692 1536 1902 1583 tantum
1935 1529 2034 1582 ad-

449 1611 706 1686 implens,
733 1613 1063 1682 adhibetque
1103 1629 1316 1684 preces,
1348 1628 1412 1670 ea
1438 1617 1604 1670 verba
1646 1617 1982 1686 proloquens
2013 1632 2029 1683 ;

449 1704 623 1775 gratia
656 1714 710 1759 et
738 1705 820 1760 vis
853 1704 948 1760 Del
977 1713 1103 1771 est,
1132 1721 1254 1773 quze
1289 1716 1486 1762 cuncta
1529 1717 1812 1777 operatur.
1855 1725 1874 1760 ι
1919 1705 2034 1762 Hoc.

453 1805 537 1853 est
563 1811 767 1864 corpus
799 1813 1039 1864 meum,»
1065 1799 1218 1854 dicit.
1249 1797 1364 1854 Hoc
1381 1799 1606 1854 verbum
1629 1802 1822 1865 quain
1858 1802 2034 1856 mani-

2127 612 2290 665 λοιπὰ
2319 612 2419 664 ὅσα
2469 612 2725 680 λέγομεν,
2758 612 2902 685 ὑπὲρ
2930 615 3088 684 ἡμῶν
3113 616 3210 669 καὶ
3255 615 3348 669 τοῦ
3382 615 3722 685 βαπτιζομέ-

2128 720 2218 756 sou
2252 702 2370 771 ἅμα
2401 703 2497 755 καὶ
2543 705 2810 772 ἁναδόχου
2845 705 3020 760 ταῦτα
3062 707 3319 776 λέγομεν,
3359 708 3505 762 οὕτω
3558 711 3727 762 κάκεῖ

2131 812 2296 866 φησιν
2325 795 2353 847 6
2382 795 2615 864 Χριστὸς
2654 795 2790 865 πρὸς
2823 798 2950 858 τοὺς
2978 797 3252 864 μαθητὰς,
3293 817 3313 849 ι
3352 799 3589 858 Λάσετε,
3619 799 3727 865 φά-

2130 902 2279 954 γετε,
2322 903 2340 936 ι
2377 887 2472 938 καὶ
2525 885 2592 938 τὰ
2631 885 2756 953 ἑξῆς
2784 903 2797 917 ·
2842 905 2862 939 ι
2899 887 3059 940 τοῦτο
3093 891 3298 943 ποιεῖτε
3343 890 3424 951 είς
3449 889 3553 957 τὴν
3585 887 3731 956 ἐμὴν

2129 980 2440 1047 ἀνάμνησιν
2468 995 2480 1008 ·
2518 997 2535 1030 ι
2571 979 2664 1032 καὶ
2695 979 2848 1033 οὐδὲν
2871 981 3004 1034 ἄλλο
3024 981 3126 1053 ἔφη
3153 997 3168 1012 ο
3203 982 3299 1036 καὶ
3317 983 3367 1034 oi
3398 981 3551 1048 λόγοι
3583 981 3735 1034 εἰσὶν

2129 1069 2274 1122 οῦτοι
2305 1070 2354 1122 οἱ
2386 1070 2922 1141 μεταρῤυθμίζοντες
2953 1073 3040 1126 τὸν
3065 1072 3231 1142 ἄρτον
3265 1075 3348 1135 είς
3382 1072 3549 1139 σῶμα
3586 1057 3728 1142 Χρι-

2134 1159 2282 1225 στοῦ,
2321 1163 2416 1216 καὶ
2457 1164 2546 1215 τδν
2579 1158 2722 1215 οἶνον
2751 1164 2830 1223 εἰς
2855 1159 3018 1231 αἷμα.
3055 1162 3227 1216 Τοῦτο
3266 1163 3312 1215 δ’
3345 1163 3413 1217 αὖ
3458 1180 3728 1234 συμμαρ-

2129 1256 2356 1322 τυρήσει
2393 1272 2483 1324 μοι
2527 1255 2622 1308 καὶ
2650 1257 2676 1308 6
2722 1256 2824 1326 τὴν
2875 1255 3124 1322 γλῶτταν
3161 1255 3398 1325 χρυσοῦς
3440 1255 3733 1325 Ἰωάννης,

2132 1349 2190 1400 ὲν
2220 1351 2286 1418 τῇ
2316 1347 2505 1420 ὁμιλίᾳ
2532 1349 2698 1402 αὑτοῦ
2731 1350 2797 1418 τῇ
2833 1349 2912 1412 εἰς
2952 1348 3043 1402 τὸν
3079 1349 3346 1420 μυστικὸν
3373 1350 3599 1402 δεῖπνον
3634 1348 3732 1401 τοῦ

2133 1435 2412 1507 Σωτῆρος.
2445 1437 2540 1490 καὶ
2569 1438 2649 1500 τίς
2677 1438 2778 1507 τὴν
2809 1437 3110 1506 παράδοσιν
3138 1441 3248 1493 τῶν
3277 1439 3604 1510 μυστηρίων
3631 1457 3646 1470 ο
3675 1440 3734 1492 ὲν

2131 1521 2285 1595 ᾦκαὶ
2305 1529 2448 1581 κατὰ
2472 1527 2746 1582 Ἰουδαίων
2770 1544 2788 1561 ο
2809 1529 2843 1598 ὴ
2871 1529 2928 1584 δὲ
2952 1530 3098 1601 ἀρχὴ
3123 1529 3218 1584 τοῦ
3252 1530 3439 1596 λόγου,
3472 1549 3491 1582 ι
3539 1529 3736 1598 Ὀλίγα

2134 1621 2302 1689 φησὶν
2327 1621 2544 1690 ἀνάγκη
2571 1621 2836 1690 σήμερον·
2853 1639 2871 1672 ι
2910 1623 2967 1674 ὲν
2987 1621 3162 1696 ταύτῃ
3185 1621 3241 1675 δὶ
3264 1624 3330 1692 τῇ
3349 1621 3562 1694 ὁμιλίᾳ,
3585 1623 3736 1689 μετὰ

2136 1712 2313 1768 πολλά
2367 1730 2530 1782 φησι,
2569 1730 2587 1766 ι
2646 1713 2887 1784 Πάρεστι
2933 1713 3172 1783 Χριστὸς
3211 1716 3421 1777 ἐκεῖνος
3458 1715 3561 1784 τὴν
3595 1714 3736 1785 τρά-

2137 1805 2310 1871 πεζαν
2338 1805 2545 1874 ταύτην
2574 1803 2819 1874 κοσμῶν.
2856 1804 2915 1859 '0
2937 1805 3045 1875 γὰρ
3069 1806 3168 1874 τὴν
3193 1805 3475 1875 τράπεζαν
3505 1807 3736 1876 ἐκείνην

457 1889 558 1943 bus
593 1890 861 1946 habemus
889 1900 1241 1947 transmutat.
1278 1893 1357 1947 Ae
1386 1902 1446 1947 ut
1473 1909 1537 1948 ea
1572 1907 1673 1947 vox
1705 1909 1828 1964 quae
1854 1893 1987 1949 dicit
2017 1935 2032 1956 ,

2142 1900 2446 1968 κοσμήσας,
2482 1887 2638 1960 οὗτος
2672 1897 2769 1951 καὶ
2797 1897 3006 1967 ταύτην
3033 1897 3319 1966 διακοσμεῖ
3349 1897 3466 1950 νῦν.
3505 1898 3583 1950 Οὐ
3619 1898 3735 1967 γὰρ

463 1997 482 2029 ι
523 1981 786 2042 Crescite.
822 1991 876 2036 et
911 1984 1374 2051 multiplicamini,
1407 1995 1464 2039 et
1492 1987 1696 2055 replete
1739 1998 1962 2051 terram,
2008 2005 2026 2037 ι

457 2073 625 2127 semel
658 2075 888 2142 prolata,
928 2076 982 2128 in
1014 2091 1176 2130 omne
1208 2085 1389 2131 tamen
1417 2091 1592 2130 :evnm
1628 2079 1929 2148 peragitur,
1957 2079 2023 2132 atl

457 2161 692 2218 ﬁliorum
730 2168 1166 2234 procreationem
1208 2151 1410 2223 nostra:
1455 2179 1663 2224 naturae
1705 2171 1852 2226 vires
1901 2171 2034 2226 sub-

454 2254 778 2312 ministrans
812 2274 827 2312 :
864 2258 936 2312 ita
972 2268 1025 2312 et
1062 2261 1177 2314 haec
1209 2275 1314 2314 vox
1361 2261 1429 2315 ab
1479 2275 1543 2318 ea
1600 2261 1782 2316 divina
1843 2264 2030 2332 lingua

455 2346 622 2400 semel
663 2348 894 2414 prolata,
931 2348 984 2402 id
1011 2359 1116 2411 est,
1155 2368 1175 2401 ι
1205 2349 1314 2406 lloc
1347 2361 1430 2407 est
1452 2368 1654 2422 corpus
1684 2369 1888 2418 meum,
1921 2373 1939 2406 ι
1976 2357 2028 2408 itt

454 2435 688 2506 singulis
720 2437 979 2494 Ecclesia;
1017 2441 1281 2497 altaribus
1317 2444 1464 2500 illius
1497 2446 1651 2501 verbi
1695 2449 1778 2501 vis
1803 2487 1820 2511 ,
1857 2463 2030 2516 usque

453 2543 520 2584 ac
543 2530 688 2584 hanc
717 2531 858 2584 diem
900 2541 955 2586 et
996 2533 1289 2588 adventum
1328 2536 1502 2604 ipsius
1533 2539 1866 2607 sacriﬁcium
1907 2554 2031 2607 pere

452 2621 658 2676 fectum
712 2635 992 2692 operatur.
1039 2643 1057 2674 ι
1095 2626 1150 2681 Si
1199 2626 1304 2683 hoc
1351 2629 1578 2683 verbum
1614 2630 1779 2701 igitur
1811 2645 1872 2683 ea
1908 2643 2030 2699 quae

452 2718 733 2785 proposita
778 2728 908 2773 sunt
959 2719 1012 2774 in
1071 2736 1274 2789 corpus
1329 2733 1384 2778 et
1437 2724 1760 2792 sanguinem
1819 2723 2027 2778 Christi

451 2817 805 2875 transmutat,
830 2822 883 2866 et
909 2812 1193 2875 tremenda
1218 2816 1472 2886 mysteria
1504 2815 1688 2875 ellicit,
1717 2814 2028 2870 mirandum

457 2901 652 2970 utique
681 2902 809 2966 erit,
843 2903 888 2957 si
926 2919 1031 2958 non
1055 2915 1286 2975 possunt
1336 2922 1398 2960 ea
1433 2922 1553 2962 esse
1608 2906 1850 2976 perfecta
1903 2908 2032 2976 quia

450 2993 652 3062 exiguo
684 2993 952 3050 fermento
985 3007 1196 3064 carent,
1230 2999 1533 3068 praesertim
1565 3015 1689 3054 cum
1725 3000 1829 3054 hac
1858 3007 2035 3054 mate-

452 3079 534 3134 ria
561 3079 812 3136 Christus
843 3086 1160 3154 mysterium
1191 3088 1482 3157 peregerit,
1511 3097 1570 3144 ut
1592 3099 1718 3144 ante
1741 3089 2032 3160 probatum

451 3180 558 3226 est.

2137 1985 2426 2056 ἄνθρωπός
2479 1988 2629 2039 ἐστιν
2681 1986 2911 2040 ὁποιῶν
2952 1986 3020 2039 τὰ
3071 1986 3410 2057 προκείμενα
3461 1989 3736 2053 γενέσθαι

2139 2077 2297 2146 σῶμα
2327 2078 2422 2130 καὶ
2476 2074 2617 2146 αἷμα
2653 2076 2915 2148 Χριστοῦ,
2966 2077 3085 2130 ἀλλ’
3120 2077 3279 2141 αὐτὸς
3314 2081 3341 2131 6
3385 2079 3737 2149 σταυρωθελς

2137 2169 2276 2236 ὑπὲρ
2308 2169 2466 2237 ἡμῶν
2495 2168 2756 2238 Χριστός.
2793 2169 2990 2240 Σχῆμα
3018 2171 3246 2238 πληρῶν
3273 2173 3457 2240 μόνον,
3489 2171 3739 2243 ἕστηκεν

2134 2261 2162 2313 6
2196 2261 2378 2328 ἱερεὺς
2435 2259 2529 2312 καὶ
2583 2259 2890 2329 προσφέρει
2941 2261 3042 2330 τὴν
3083 2251 3308 2330 ’δέησιν,
3371 2265 3440 2317 τὰ
3496 2263 3738 2333 ῥήματα

2136 2350 2513 2421 φθεγγόμενος
2545 2351 2764 2402 ὲκείναο
2800 2352 2832 2422 ἡ
2859 2351 2914 2403 δὲ
2951 2351 3113 2423 χάρις
3145 2355 3238 2407 καὶ
3267 2356 3300 2423 ἡ
3337 2353 3572 2424 δύναμίς
3611 2358 3740 2408 ἐστι

2135 2443 2228 2496 τοῦ
2265 2443 2427 2518 Θεοῦ,
2464 2445 2494 2513 ἡ
2534 2443 2711 2496 πάντα
2745 2445 3115 2516 ἐργαζομένη.
3153 2445 3325 2499 Τοῦτό
3358 2448 3462 2516 μού
3501 2450 3622 2500 ἐστι
3677 2447 3743 2500 τδ

2138 2534 2324 2601 σῶμα,
2375 2536 2544 2604 φησί’
2581 2533 2742 2588 τοῦτο
2766 2536 2825 2587 τὸ
2863 2529 3036 2606 ῥῆμα,
3066 2537 3136 2589 τὰ
3162 2537 3499 2609 προκείμενα
3520 2539 3744 2612 μεταρ-

2137 2627 2416 2696 ρυθμίζει.
2451 2627 2561 2679 Καὶ
2589 2627 2845 2696 καθάπερ
2876 2628 3058 2698 ἐκείνη
3113 2630 3146 2698 ἡ
3185 2629 3339 2700 φωνὴ
3385 2631 3419 2698 ὴ
3457 2629 3739 2698 λέγουσα,

2143 2737 2161 2771 ι
2175 2717 2475 2782 Αύξάνεσθε
2500 2717 2596 2770 καὶ
2614 2717 2952 2787 πληθύνεσθε
2981 2722 3072 2774 καὶ
3097 2721 3424 2792 πληρώσατε
3443 2722 3544 2794 τὴν
3562 2723 3701 2792 γῆν,
3715 2743 3737 2777 ι

2136 2812 2338 2882 ἐρρέθη
2381 2809 2479 2880 μὲν
2514 2809 2686 2875 ἅπαξ,
2712 2810 2800 2864 διὰ
2827 2808 3118 2877 παντδς’δὲ
3161 2813 3254 2867 τοῦ
3285 2816 3481 2886 χρόνου
3519 2814 3747 2882 γίνεται

2137 2903 2321 2974 ἔργον,
2352 2904 2668 2975 δυναμοῦσα
2685 2906 2784 2975 τὴν
2806 2907 2967 2974 φύσιν
2992 2907 3090 2976 τὴν
3116 2907 3398 2978 ἡμετέραν
3431 2907 3573 2977 πρὸς
3601 2925 3744 2962 παι-

2136 2996 2402 3061 δοποιίαν,
2429 2997 2569 3052 οὕτω
2595 3001 2687 3053 καλ⁸
2705 3000 2843 3070 αῦτη
2865 3002 2898 3069 ἡ
2923 2999 3095 3070 φωνὴ,
3113 2999 3261 3065 ἅπαξ
3292 3000 3548 3068 λεχθεῖσα
3576 3001 3748 3072 παρὰ

2137 3086 2239 3156 τῆς
2279 3089 2424 3153 θείας
2458 3089 2701 3159 γλώττης
2739 3091 2980 3160 ἐκείνης,
3005 3091 3083 3154 τὸ,
3121 3111 3139 3142 ‹
3173 3089 3342 3143 Τοῦτό
3384 3090 3487 3159 μού
3519 3094 3647 3145 ἐστι
3684 3093 3752 3145 τδ

2142 3164 2322 3249 σῶμα,
2362 3201 2379 3233 ι
2406 3184 2526 3237 καθ’
2570 3186 2808 3254 ἑκάστην
2826 3184 3107 3255 τράπεζαν
3147 3185 3203 3236 ὲν
3232 3185 3350 3246 ταῖς
3405 3183 3752 3253 ἐκκλησίαις

454 3267 669 3322 ἑκείνου
693 3268 787 3322 τοῦ
819 3271 1072 3340 ῥήματος
1101 3275 1130 3341 ἡ
1163 3270 1414 3337 δύναμις,
1448 3270 1609 3341 μέχρι
1641 3270 1739 3340 τῆς
1768 3272 2030 3339 σήμερον,
2076 3273 2171 3326 καὶ
2201 3273 2331 3342 ἄχρι
2382 3276 2486 3344 τῆς
2519 3276 2685 3330 αὑτοῦ
2723 3277 3052 3346 παρουσίας,
3100 3278 3202 3348 τὴν
3254 3279 3448 3332 Θυσίαν
3536 3281 3749 3352 ἀπηρ-

452 3363 720 3431 τισμένην
771 3363 1088 3433 ἐργάζεται.
1136 3384 1154 3417 ι
1186 3365 1249 3418 Εἰ
1281 3360 1374 3418 οῦν
1425 3363 1584 3418 τοῦτο
1633 3365 1694 3418 τὸ
1749 3366 1902 3436 ῥῆμα
1963 3367 2045 3430 είς
2090 3367 2251 3434 σῶμα
2280 3367 2520 3437 Χριστοῦ
2553 3372 2648 3424 καὶ
2687 3368 2828 3441 αἷμα
2869 3371 2938 3423 τὰ
3003 3371 3344 3440 προκείμενα
3417 3376 3754 3440 μεταποιεῖ,

454 3458 550 3510 καὶ
607 3457 816 3528 φρικτὰ
871 3459 1148 3530 μυστήρια
1204 3459 1603 3529 ἀπεργάζεται,
1671 3461 1926 3513 ἀδυνατεῖ
1971 3462 2238 3518 δὲταῦτα
2273 3461 2415 3518 εῖναι
2447 3464 2650 3524 τέλεια.
2689 3465 2777 3516 διὰ
2837 3463 2898 3516 τὸ
2964 3462 3041 3533 μὴ
3072 3462 3218 3532 ἔχειν
3257 3466 3466 3533 μικρὰν
3509 3465 3740 3537 ζύμην,

457 3552 643 3622 θαῦμα
669 3553 735 3607 ἂν
759 3557 846 3624 ειη
876 3570 890 3584 ⁸
919 3553 1014 3608 καὶ
1041 3553 1217 3608 ταῦτα
1241 3556 1307 3622 τῇ
1336 3555 1438 3627 ῦλῃ
1465 3556 1639 3627 ταύτῃ
1667 3553 1764 3610 τοῦ
1798 3555 2043 3627 Χριστοῦ
2086 3559 2408 3621 τελέσαντος
2436 3558 2495 3610 τὸ
2541 3558 2842 3628 μυστήριον
2872 3559 2948 3622 ὡς
2982 3559 3496 3628 προαποδέδεικται.

1193 3650 1310 3706 Vll.

531 3743 594 3799 Ut
627 3753 811 3798 autem
851 3743 1162 3815 intelligant
1191 3759 1313 3814 qua:
1352 3745 1416 3798 ad
1447 3745 1552 3800 hoe
1587 3745 1906 3816 mysterium
1946 3761 2040 3797 ne-

452 3835 694 3891 cessaria
725 3843 872 3896 sunt,
903 3835 1115 3905 etquid
1150 3838 1527 3892 necessarium
1583 3837 1654 3891 ad
1681 3838 1788 3894 hoc
1821 3839 2040 3892 sacriﬁ-

453 3932 597 3984 cium
639 3931 731 3993 sit,
767 3946 834 3984 ne
861 3930 915 3984 in
955 3929 1321 3996 disquirendo
1345 3930 1412 3983 de
1444 3945 1634 4001 azymo
1667 3930 1753 3984 vel
1790 3929 2038 3985 fermen-

455 4033 572 4078 tato
623 4025 916 4089 laborent,
965 4025 1128 4078 etiam
1163 4024 1282 4076 lucc
1331 4022 1714 4093 adiungemus.
1755 4022 2034 4077 Materiam

455 4114 692 4180 primum
726 4115 884 4179 panis
918 4129 984 4168 ex
1019 4114 1227 4177 tritico.
1255 4124 1310 4169 et
1335 4113 1520 4168 vinum
1559 4114 1773 4169 scilicet
1809 4130 1876 4167 ex
1905 4114 2038 4167 vite.

458 4205 800 4270 Secundum;
824 4205 1027 4260 Christi
1059 4204 1246 4268 verba,
1277 4204 1330 4259 id
1373 4214 1476 4260 est:
1512 4221 1531 4255 ι
1578 4203 1693 4264 Hoc
1723 4214 1808 4259 est
1837 4219 2040 4273 corpus

460 4319 668 4368 meum,
701 4321 721 4354 ι
760 4312 837 4368 et,
874 4319 896 4356 ι
941 4300 1041 4356 Hic
1084 4309 1170 4356 est
1214 4299 1440 4371 sanguis
1463 4315 1639 4356 meus.
1691 4319 1709 4353 ι
1749 4299 1993 4354 Tertium
2024 4341 2038 4364 ,

455 4397 762 4453 sacerdos:
805 4411 929 4450 nam
977 4395 1069 4466 qui
1113 4394 1374 4451 sacerdos
1417 4408 1525 4449 non
1567 4402 1671 4457 est,
1703 4391 1756 4446 id
1792 4400 1902 4457 est,
1943 4391 2037 4460 qui

457 4490 685 4560 gradum
722 4487 1122 4544 sacerdotalem
1156 4500 1262 4541 non
1289 4485 1488 4552 habet,
1524 4484 1860 4542 sacriﬁcium
1895 4498 2043 4537 nun-

455 4595 620 4648 quam
652 4581 928 4634 conﬁciet.
963 4579 1254 4644 Quartum,
1283 4575 1534 4639 scientia,
1564 4574 1616 4630 id
1646 4583 1753 4640 est,
1781 4574 2040 4630 sacerdo-

451 4677 565 4725 tem
598 4668 652 4722 in
687 4669 878 4739 primis
908 4666 1270 4723 intentionem
1309 4667 1515 4723 habere
1555 4667 1621 4721 ad
1654 4682 1716 4720 ea
1748 4666 1893 4721 dona
1919 4678 2043 4730 quae

457 4771 866 4831 proponuntur,
905 4775 1009 4814 non
1045 4759 1153 4814 alio
1185 4769 1426 4814 mentem
1478 4757 1794 4814 deﬂectere.
1858 4755 2038 4822 Quin-

462 4862 606 4914 tttm,
639 4852 832 4920 altare,
867 4851 921 4907 id
957 4859 1062 4912 est.
1103 4867 1293 4906 mensa
1331 4866 1360 4906 a
1396 4853 1652 4921 pontiﬁce
1693 4855 2038 4903 consecrata.

464 4945 589 5000 llaec
623 4945 935 4999 necessaria
969 4955 1094 5000 Sunt
1117 4955 1172 4999 et
1194 4944 1334 5010 sola,
1362 4945 1617 5014 quamvis
1643 4941 1898 4997 ultimum
1933 4931 2082 4994 non“

456 5034 626 5094 sit'ut
673 5047 871 5091 castera
906 5037 1304 5093 necessarium.
1343 5038 1440 5092 Sin
1481 5046 1665 5090 autem
1704 5035 1822 5088 haec
1849 5033 2036 5088 omnia
2079 5027 2122 5081 ι)

455 5133 632 5186 otiosa
662 5139 792 5185 sunt
816 5128 944 5198 quia
977 5132 1198 5198 exiguo,
1233 5131 1325 5185 sed
1353 5130 1511 5184 acido
1544 5130 1812 5184 fermento
1835 5137 2046 5190 carent,

445 5224 698 5277 maxima
737 5223 926 5291 utique
958 5221 1323 5276 admiratione
1349 5219 1574 5290 dignum
1613 5230 1720 5282 est,
1747 5235 1871 5273 cum
1903 5218 2041 5271 alta-

461 5328 542 5382 re,
577 5314 832 5378 intentio,
867 5315 1145 5380 sacerdos,
1201 5313 1464 5378 materia,
1507 5321 1573 5369 ,ει
1616 5310 1764 5382 quod
1819 5311 2045 5364 maximi

465 5406 736 5476 prmcipue
765 5404 1025 5461 momenti
1060 5412 1181 5466 cst,
1233 5403 1434 5460 Christi
1475 5403 1664 5468 verba,
1697 5416 1820 5472 qua)
1845 5414 2049 5469 propo-

465 5498 568 5552 sita
598 5498 651 5552 in
684 5500 1008 5569 sanguinem
1038 5507 1091 5552 et
1132 5513 1331 5565 corpus
1363 5504 1756 5557 transmutaut,
1794 5508 1890 5562 per
1923 5505 2048 5560 quae

465 5589 668 5641 cmlum
720 5601 1099 5646 constructum
1152 5599 1258 5654 est,
1298 5599 1436 5644 terra
1493 5589 1717 5643 fundata
1761 5596 1813 5640 et
1866 5585 2050 5638 omnia

468 5680 786 5747 constituta,
813 5685 930 5737 sine
958 5684 1230 5739 fermento
1261 5683 1393 5737 nihil
1424 5683 1657 5753 possint,
1685 5682 1788 5736 hoc
1813 5695 1921 5734 non
1943 5686 2048 5742 est,

475 5786 627 5824 same
654 5774 852 5825 mentis
883 5784 1285 5838 commentum,
1337 5776 1432 5829 sed
1466 5775 1670 5829 mentis
1701 5787 1930 5843 prorsus
1953 5770 2055 5826 de-

475 5863 702 5916 mentis.
751 5863 1016 5921 Admiror
1064 5866 1226 5922 ctiam
1261 5881 1367 5936 qua
1399 5867 1465 5922 de
1498 5881 1664 5922 causa
1708 5867 1892 5922 vinum
1945 5879 2052 5919 non

2895 3648 2972 3707 Z'.

2219 3744 2341 3798 Ἰνα
2373 3743 2430 3796 δὲ
2477 3745 2723 3814 μάθωσιν
2759 3743 2796 3798 ἆ.
2843 3744 2984 3797 είσιν
3018 3743 3298 3810 ἀναγκαῖα
3333 3745 3468 3814 πρὸς
3517 3744 3584 3797 τὺ
3639 3764 3761 3816 μυ-

2147 3838 2395 3906 στήριον,
2447 3837 2543 3890 καὶ
2569 3837 2622 3889 τί
2673 3837 2973 3904 ἀναγκαῖον
3018 3835 3158 3904 πρὸς
3193 3835 3294 3905 τὴν
3345 3835 3541 3890 θυσίαν
3598 3839 3758 3902 ἐστὶ,

2145 3928 2239 3981 καὶ
2293 3927 2369 3997 μὴ
2423 3929 2650 3998 ἐρευνᾷν
2685 3927 2884 3996 ἔχωσιν
2942 3928 3150 3998 ἄζυμον
3200 3929 3297 3980 καὶ
3348 3929 3614 3996 ένζυμον,
3654 3935 3759 3984 καὶ

2145 4018 2320 4072 ταῦτα
2366 4021 2774 4090 προσθήσομεν.
2808 4020 2977 4074 Πέντε
3012 4021 3221 4088 ὀφείλει
3262 4015 3403 4073 εῖναι
3449 4020 3508 4072 ὲν
3539 4023 3618 4091 τῇ
3654 4023 3757 4075 θυ-

2148 4113 2260 4182 σίᾳ.
2293 4113 2516 4182 Πρῶτον
2547 4114 2579 4180 ἡ
2615 4111 2740 4183 ῦλη,
2771 4113 2934 4181 ᾷρτος
2965 4115 3029 4166 ὲκ
3079 4113 3228 4167 σίτου
3257 4131 3270 4144 ·
3305 4113 3398 4166 καὶ
3429 4106 3605 4176 οἶνος,
3645 4115 3758 4185 δη-

2147 4203 2282 4272 λαδὴ
2315 4205 2373 4268 ἐξ
2404 4203 2684 4272 ἀμπέλου.
2739 4204 3028 4274 Δεύτερον,
3057 4206 3107 4258 οἱ
3135 4204 3231 4257 τοῦ
3267 4203 3506 4271 Χριστοῦ
3537 4204 3707 4274 λόγοι
3740 4223 3757 4238 ο

2146 4295 2228 4356 τὸ,
2261 4313 2278 4345 ι
2309 4293 2479 4348 Τοῦτό
2509 4295 2610 4364 μού
2641 4298 2755 4348 ἐστι
2782 4295 2841 4348 τὸ
2872 4296 3032 4363 σῶμα
3054 4311 3099 4347 ἰ
3127 4299 3257 4359 καὶ,¹
3282 4315 3299 4346 ι
3338 4295 3510 4350 Τοῦτό
3532 4298 3664 4352 ἐστι
3689 4300 3760 4352 τὸ

2147 4380 2286 4454 αἶμά
2317 4403 2442 4455 μου.
2477 4405 2494 4439 ι
2521 4388 2740 4454 Τρίτον,
2773 4390 2801 4440 ό
2821 4387 3098 4456 ἱερεὺς,οὐ
3122 4389 3231 4456 γὰρ
3262 4388 3504 4456 ἀνίερος,
3534 4388 3760 4444 θυσίαν

2148 4479 2372 4548 ποιήσει
2400 4480 2530 4533 ποτέ
2555 4495 2570 4510 ο
2593 4479 2867 4544 τουτέστι,
2899 4479 2976 4547 μὴ
3000 4479 3140 4549 έχων
3165 4479 3374 4550 βαθμὸν
3406 4481 3756 4554 ἱερωσύνης.

2149 4570 2447 4640 Τέταρτον,
2502 4570 2744 4638 εἴδησιν
2780 4570 3058 4634 τουτέστι,
3111 4571 3544 4640 προηγουμένως
3595 4573 3762 4643 ἔχειν

2145 4661 2242 4719 τὸν
2278 4661 2482 4716 σκοπὸν
2510 4663 2605 4715 τὸν
2635 4662 2785 4732 ἱερέα
2813 4662 2952 4732 πρὸς
2978 4664 3043 4716 τὰ
3073 4663 3410 4734 προκείμενα
3439 4663 3622 4734 δῶρα,
3654 4669 3761 4721 καὶ

2151 4756 2226 4827 μὴ
2260 4754 2497 4826 ἀλλαχοῦ
2551 4755 2644 4807 τὸν
2684 4754 2812 4808 νοῦν
2844 4757 3167 4827 ἀναφέρειν.
3212 4757 3492 4826 Πέμπτον,
3531 4758 3598 4810 τὸ
3647 4759 3758 4812 θυ-

2151 4851 2495 4920 σιαστήριον,
2545 4849 2821 4912 τουτέστι,
2855 4848 3240 4921 καθιερωμένη
3278 4849 3527 4919 τράπεζα
3581 4855 3756 4920 παρᾶ

2151 4943 2457 5012 ἀρχιερέως
2487 4957 2498 4972 ·
2535 4941 2708 4995 ταῦτα
2734 4941 2844 5010 γάρ
2874 4942 3012 4993 εἰσιν
3050 4943 3326 5009 ἀναγκαῖα
3364 4943 3460 4994 καὶ
3500 4942 3667 5012 μόνα,
3699 4947 3759 4997 εἰ

2151 5038 2244 5094 καὶ
2281 5036 2353 5105 μὴ
2395 5034 2569 5092 οὕτως
2617 5035 2918 5102 ἀναγκαῖον
2967 5033 3027 5086 τὸ
3067 5033 3299 5102 ἔσχατον
3339 5033 3416 5096 ὡς
3455 5034 3525 5086 τὰ
3575 5035 3755 5091 ἄλλα.

2149 5128 2210 5180 Ei
2241 5127 2298 5179 δὲ
2356 5125 2532 5178 ταῦτα
2585 5125 2766 5177 πάντα
2805 5124 2973 5195 ἀργὰ,
3008 5124 3097 5178 διὰ
3135 5125 3196 5176 τὸ
3249 5125 3324 5194 μὴ
3385 5125 3531 5197 ἔχειν
3561 5127 3756 5199 ὀξώδη

2152 5219 2358 5288 μικρὰν
2397 5218 2602 5287 ζύμην,
2663 5215 2850 5287 θαῦμα
2881 5215 2946 5269 ἂν
2988 5218 3074 5287 είη
3111 5217 3366 5286 μέγιστον
3389 5232 3404 5248 ⁶
3439 5219 3522 5271 ὅτι
3553 5222 3652 5272 καὶ
3683 5223 3754 5274 τὸ

2147 5312 2561 5380 θυσιαστήριον,
2625 5311 2720 5364 καὶ
2757 5309 2784 5362 6
2833 5309 3057 5372 σκοπὸς,
3116 5310 3266 5362 καὶὸ
3316 5308 3523 5379 ἱερεὺς,
3581 5313 3678 5364 καὶ
3716 5313 3753 5380 ἡ

2150 5403 2273 5472 ὕλη,
2323 5401 2419 5456 καὶ
2463 5402 2700 5472 μάλιστα
2735 5401 2798 5453 τὸ
2840 5400 3227 5469 καιριώτερον,
3279 5403 3327 5452 οἱ
3376 5399 3472 5453 τοῦ
3504 5401 3750 5473 Χριστοῦ

2149 5493 2323 5562 λόγοι,
2356 5494 2554 5554 οἵτινες
2592 5492 2950 5562 μεταποιοῦσι
2989 5491 3057 5545 τὰ
3095 5493 3437 5563 προκείμενα
3471 5495 3549 5557 εἰς
3581 5494 3748 5561 σῶμα

2150 5585 2245 5640 καὶ
2276 5580 2436 5656 αἷμα,
2461 5585 2531 5638 δι’
2557 5577 2631 5639 ὧν
2658 5587 2686 5638 6
2709 5585 2936 5652 οὐρανὸς
2953 5585 3252 5654 ιῆὂρασται,
3282 5584 3354 5652 γῆ
3378 5584 3743 5654 ἐθεμελιὼθη,

2151 5678 2248 5733 καὶ
2280 5677 2353 5731 τὰ
2392 5677 2572 5730 πάντα
2627 5676 3002 5741 συνίστανται,
3047 5676 3201 5730 οὐδὲν
3247 5676 3534 5746 ἰσχύουσιν
3583 5677 3745 5739 ἐκτὸς

2152 5773 2252 5842 τῆς
2283 5770 2463 5841 ζύμης
2491 5787 2504 5801 ο
2541 5768 2702 5823 τοῦτο
2737 5769 2798 5822 ού
2828 5768 3070 5831 διανοίας
3103 5769 3252 5823 ἐστὶν
3279 5767 3468 5836 ὑγιοῦς
3497 5768 3736 5839 εὕρημα,

2157 5865 2294 5919 ἀλλὰ
2323 5863 2589 5929 διανοίας,
2625 5861 2809 5932 πάσης
2841 5859 3048 5922 ἀνοίας.
3093 5859 3217 5925 Πῶς
3239 5859 3293 5915 δὲ
3324 5862 3425 5915 οὐκ
3457 5858 3734 5931 ἐγκαλεῖτε
