4004 6414
293 377 430 443 ῙΞΠ

791 376 944 437 PRO
987 374 1199 436 CONC.
1250 375 1636 437 FLORENT.
1673 373 1933 438 CAPJI.
1985 374 2085 434 DE
2128 371 2380 433 ΑΖῖΜΟ
2424 373 2515 432 ΕΤ
2559 370 3096 432 FERMENTATO.

3423 371 3562 435 12l8

286 497 417 567 ἡμῖν
465 494 560 547 καὶ
596 492 684 546 διὰ
717 492 808 544 τδν
838 487 1004 554 οἶνον,
1049 491 1340 560 θαυμάζω,
1375 490 1459 544 ὅτι
1491 490 1721 560 ἐρυθρὸν
1751 489 1866 542 πολε

1988 488 2332 557 improbatis,
2366 502 2494 540 cunt
2525 488 2752 541 rubrum
2804 504 2949 554 saepe
2988 487 3313 551 offeramus,
3350 500 3450 545 aut
3478 491 3561 546 al-

284 589 441 650 λάκις
485 585 896 656 προσφέρομεν,
922 585 954 654 ἦ
985 584 1202 646 λευκὸν,
1238 585 1276 654 ἦ
1310 584 1468 652 ἡδὺν,
1493 583 1531 651 ἢ
1561 581 1866 650 αὐστηρὸν,

285 682 423 737 ἀλλὰ
454 681 617 750 μόνον
651 682 782 751 περὶ
829 679 922 732 τοῦ
968 680 1158 750 ἄρτου.
1192 681 1406 749 Ὠσπερ
1457 678 1566 747 γὰρ
1623 678 1866 746 εἴρηκεν,

283 777 346 829 ἐκ
377 775 472 828 τοῦ
507 774 846 843 γεννήματος
871 775 970 843 τῆς
1011 773 1283 841 ἀμπέλου,
1311 774 1406 828 καὶ
1434 773 1495 826 ού
1532 771 1699 826 διεῖλε
1745 771 1872 824 λευ-

283 869 401 933 κὸν,
432 867 466 937 ἢ
495 867 752 937 ἐρυθρὸν,
796 866 939 920 οὕτω
979 868 1076 920 καὶ
1113 867 1242 935 περὶ
1289 866 1386 918 τοῦ
1415 866 1587 936 ἄρτου
1614 882 1629 898 ·
1692 864 1869 918 είπὼν

282 958 468 1026 ἄρτον,
503 958 563 1010 ού
609 957 827 1019 διεῖλεν,
878 955 1111 1024 ενζυμον
1141 956 1178 1024 ἢ
1222 954 1457 1023 ἄζυμον,
1511 953 1544 1023 ἢ
1603 951 1800 1005 λευκὸν
1833 950 1870 1021 ἢ

286 1051 510 1120 μέλανα,
562 1049 596 1118 ἢ
627 1049 758 1118 ήδὺν
804 1047 838 1118 ἢ
881 1046 1090 1117 ὀξώδηο
1126 1048 1217 1099 διὰ
1267 1045 1427 1100 τοῦτο
1457 1047 1491 1117 ή
1561 1043 1870 1114 Ἐκκλησία

286 1141 504 1209 στέργει
555 1138 862 1209 ἀδιαφόρως
913 1138 1203 1209 ἀμφότερα
1231 1153 1246 1169 ⁸
1299 1138 1484 1192 ἰδοῦσα
1527 1139 1638 1209 γὰρ
1673 1141 1706 1210 ὴ
1741 1138 1869 1210 ιερὰ

290 1232 507 1295 σύνοδος
535 1231 804 1301 ἀκριϐῶς,
835 1232 920 1284 ὅτι
955 1230 1122 1300 ἄρτος
1155 1231 1304 1284 ἐστὶν
1327 1229 1664 1301 ἀμφότερον,
1693 1233 1870 1300 ἀναμ-

287 1324 525 1394 φισόλως
561 1325 878 1395 ίερουργεῖυ
919 1323 1016 1378 καὶ
1055 1323 1118 1376 ού
1161 1323 1438 1393 μέμφεται
1473 1322 1738 1394 θάτερονο
1771 1324 1870 1377 καὶ

285 1417 458 1471 ταῦτα
490 1415 693 1485 μᾶλλον
722 1414 800 1478 ὥς
829 1412 1345 1482 προαποδέδεικται,
1379 1413 1476 1468 τοῦ
1506 1413 1750 1486 Χριστοῦ
1781 1431 1869 1468 τεο

287 1508 546 1571 λὲσαντος
596 1508 833 1576 ἄζυμον.
868 1506 1084 1561 Οὐκοῦν
1118 1507 1321 1569 ἀδίκως
1359 1506 1643 1574 ἐγκαλεῖτε
1672 1509 1741 1578 τῇ
1787 1509 1870 1562 oi-

287 1604 585 1672 κουμενικῇ
614 1601 836 1672 συνόδῳ,
867 1603 932 1670 τῇ
961 1599 1134 1664 οὕτως
1157 1598 1468 1670 κελευσάσῃ
1495 1615 1508 1629 ο
1537 1600 1630 1651 καὶ
1660 1599 1866 1662 ἀδίκως

286 1697 434 1766 ἡμᾶς
458 1697 584 1758 τοὺς
618 1695 751 1748 αὐτὸ
799 1695 1130 1765 στέργοντας
1173 1697 1265 1747 καὶ
1297 1692 1726 1764 ὁμολογοῦντας,
1764 1709 1859 1745 συ-

288 1788 608 1853 κοφαντεῖτε
642 1785 738 1838 καὶ
768 1785 1081 1855 διασύρετε.

1975 577 2127 640 bum,
2163 579 2243 632 vel
2286 577 2470 641 dulce,
2506 580 2582 630 vel
2613 589 2896 632 austerum
2918 618 2934 642 ,
2968 579 3060 632 sed
3093 595 3286 648 panem
3325 591 3564 636 tantum.

1972 668 2108 722 Νλιιι
2162 671 2624 738 quemadmodum
2677 673 2742 725 de
2780 671 3056 737 grttimine
3108 672 3236 727 vitis
3269 673 3430 736 dixit,
3467 691 3567 730 nec

1973 761 2157 816 album
2194 763 2446 817 distinxit
2482 780 2508 814 a
2541 764 2728 827 rubro,
2759 767 2829 818 ita
2867 776 2920 820 et
2949 765 3017 819 de
3050 781 3191 836 pane
3226 767 3442 832 dicens,
3470 784 3566 838 pa-

1973 871 2098 910 nem
2127 872 2233 910 non
2259 857 2514 910 distinxit
2547 857 2938 912 lerntentatum
2967 859 3036 914 ab
3070 875 3265 930 azymo
3295 879 3308 914 :
3359 860 3442 914 vel
3478 861 3564 916 al-

1972 948 2124 1014 bum,
2153 949 2235 1004 vel
2273 950 2510 1020 nigrum,
2533 951 2615 1005 vel
2646 952 2886 1014 dulcem,
2914 951 2998 1006 vel
3018 952 3236 1007 acidum
3263 971 3278 1018 ;
3306 963 3561 1023 prapter-

1971 1055 2034 1095 ea
2107 1049 2339 1111 utraque
2369 1043 2487 1098 sine
2515 1043 2626 1098 ullo
2653 1023 2979 1100 discrimine
3022 1046 3429 1114 amplectimur.
3455 1043 3566 1102 No-

1972 1148 2129 1189 scens
2143 1134 2289 1188 enim
2304 1136 2462 1204 plane
2476 1151 2632 1190 sacra
2647 1137 2892 1206 synodus
2909 1148 3200 1208 utrumque
3215 1154 3408 1207 panem
3422 1152 3564 1202 esse,

1973 1226 2286 1295 promiscue
2343 1229 2640 1289 sacrificat,
2683 1244 2782 1282 nec
2825 1231 3146 1284 alterutrum
3186 1230 3561 1298 reprehendit,

1972 1318 2273 1389 praesertim
2289 1335 2412 1374 cum
2435 1319 2692 1375 Christus
2708 1320 2761 1374 in
2786 1336 2978 1390 azytno
2997 1323 3315 1385 confecerit,
3333 1333 3385 1376 ιιι
3405 1331 3564 1378 antea

1971 1422 2255 1466 ostensum
2269 1420 2372 1466 est.
2403 1412 2548 1480 Ergo
2572 1411 3195 1480 injuria'oecuntenicatn
3229 1411 3565 1468 insimulatis

1970 1501 2260 1571 synodum,
2293 1516 2416 1571 qua:
2440 1502 2522 1557 sic
2540 1502 2720 1571 jubet,
2749 1511 2804 1556 et
2834 1504 3034 1572 injuria
3062 1519 3181 1566 nos,
3207 1505 3298 1572 qui
3322 1519 3444 1558 eam
3473 1519 3566 1559 se-

1971 1593 2192 1663 quimur
2233 1604 2286 1648 et
2315 1594 2667 1662 confitemur,
2688 1595 3105 1652 calumniamini
3139 1605 3194 1651 et
3217 1580 3562 1666 suggillatis.

369 1833 456 1949 ίιῐέ
475 1833 544 1930 ἇεᾷ
559 1833 617 1929 εξ
636 1833 737 1929 ἐξὶ
758 1833 1080 1946 sagas;
1097 1875 1421 1940 Καλλίστου,
1449 1874 1546 1929 τοῦ
1562 1875 1866 1929 Ξανθοπού-

2052 1869 2120 1925 Ut
2227 1880 2413 1926 autem
2517 1872 2817 1944 Nicephori
2912 1833 3140 1930 Callisti-
3224 1875 3562 1946 Xanthopuli

283 1968 380 2024 λου
415 1969 662 2039 μνησθῶ,
707 1968 885 2022 ἔπεισί
929 1987 1019 2038 μοι
1054 1970 1147 2022 καὶ
1178 1970 1387 2038 σφόδρα
1430 1969 1597 2040 γελᾷν
1623 1986 1636 2000 ·
1665 1968 1724 2032 ὃς
1751 1969 1867 2036 ἐφι-

284 2059 554 2130 λοτιμήθη
609 2061 710 2130 μὶν
767 2061 1086 2130 συγγράψαι
1140 2064 1210 2117 τὲ
1249 2063 1312 2115 ἐν
1354 2059 1436 2130 τῷ
1467 2061 1719 2133 Τριῳδίῳ
1770 2057 1865 2112 νῦν

285 2152 652 2222 εὑρισκόμενα
682 2151 982 2223 συναξιὶρια
1004 2170 1019 2186 ο
1052 2157 1118 2224 τῇ
1155 2155 1308 2226 ῥύμῃ
1328 2155 1385 2208 δι
1411 2153 1512 2224 τῆς
1537 2153 1740 2216 κακίας
1766 2149 1863 2206 τοῦ

284 2247 582 2316 σχίσματος
609 2245 868 2314 κινηθεὶς,
901 2247 1107 2316 ἔγραψε
1150 2248 1242 2300 καὶ
1276 2247 1406 2314 περὶ
1437 2247 1534 2316 τῆς
1559 2245 1860 2315 προκειμέ-

282 2355 383 2408 νης
421 2341 554 2409 ἡμῖν
587 2340 918 2400 ὑποθέσεως.
951 2339 1165 2409 μεγάλα
1195 2341 1288 2396 καὶ
1317 2338 1628 2407 θαυμαστά.
1663 2339 1786 2390 Ὅτι
1807 2337 1864 2390 δὲ

280 2429 456 2484 ταῦτα
507 2431 566 2484 ὲν
611 2432 1184 2487 Κωνσταντινυυπόλει
1232 2433 1336 2486 οὐκ
1391 2431 1862 2500 ἀνεγινώσκοντο,

283 2523 482 2585 πάντες
516 2522 662 2577 ἴσασι
688 2539 704 2556 ·
743 2525 836 2577 καὶ
859 2525 919 2576 ού
950 2525 1031 2577 δεῖ
1066 2542 1132 2592 με
1171 2524 1488 2596 περαιτέρω
1514 2524 1858 2594 προϐαίνειν·

282 2619 344 2668 iv
389 2617 559 2687 ταύτῃ
603 2617 766 2685 μόνον
814 2620 878 2688 τῇ
934 2619 1087 2672 πόλει
1129 2620 1274 2682 τινες
1330 2620 1636 2684 κατέταξιν
1691 2622 1750 2673 ὲν
1786 2617 1864 2688 τῷ

281 2709 514 2777 τριῳδίῳ
550 2711 627 2772 ὼς
666 2709 1038 2779 εὑρίσκονται.
1075 2711 1200 2764 Ὅτι
1232 2713 1286 2765 δὲ
1315 2711 1435 2765 λίαν
1463 2712 1866 2779 ἀσυλλόγιστα,

282 2801 311 2850 ὁ
349 2799 675 2870 βουλόμενος
729 2801 1087 2869 ἀναλεξάσθω
1131 2805 1198 2858 τὰ
1246 2804 1398 2874 αύτῷ
1443 2805 1733 2874 εἰρημένα,
1768 2803 1870 2858 καὶ

281 2890 506 2961 εὑρήσει
538 2891 699 2945 αὑτὸν
725 2893 784 2946 ὲν
815 2893 1034 2958 πολλοῖς
1083 2895 1265 2966 ἑαυτῷ
1291 2896 1666 2964 ἀντιλέγοντα.
1715 2897 1784 2950 Τί
1811 2897 1867 2949 δὲ

281 2981 344 3035 τὸ
374 2983 602 3054 φοϐερὸν
653 2984 820 3040 αὑτοῦ
853 2987 1054 3054 λόγιον,
1088 2989 1182 3040 καὶ
1212 2988 1288 3052 ὡς
1317 2990 1467 3059 αὐτῷ
1508 2991 1678 3055 δοκεῖ,
1704 2992 1872 3044 ἀναν-

281 3072 689 3145 τίρῤητον;Τῇ
743 3075 958 3149 μεγάλῃ
1001 3077 1265 3149 Πέμπτῃ,
1324 3081 1406 3144 είς
1443 3080 1541 3151 τήν
1568 3081 1870 3153 παράδοσιν

280 3164 392 3218 τῶν
420 3165 757 3235 μυστηρίων,
787 3169 928 3238 μετᾶ
957 3169 1129 3225 πολλὰ
1153 3171 1251 3225 καὶ
1277 3171 1436 3238 ἄλλα,
1468 3175 1654 3243 φησίν.
1691 3176 1867 3246 (Ὅρα

1971 1968 2306 2023 mentionem
2377 1965 2606 2032 faciam,
2673 1970 2822 2025 subit
2886 1970 3021 2026 mihi
3108 1972 3405 2027 admodum
3482 1974 3565 2028 ri-

1967 2060 2146 2114 dere:
2199 2060 2292 2128 qui
2357 2059 2649 2116 ambitiose
2728 2061 3037 2126 contendit,
3084 2077 3148 2116 ea
3204 2077 3328 2131 qua:
3415 2077 3568 2117 nunc

1972 2151 2027 2203 in
2084 2147 2309 2205 Triodio
2371 2151 2661 2221 synaxaria
2720 2152 3100 2220 reperiuntur,
3153 2153 3562 2219 conscribere;

1969 2244 2169 2311 impetu
2207 2259 2338 2299 vero
2365 2245 2653 2313 pravitatis
2687 2256 2871 2302 motus
2892 2287 2910 2313 ,
2954 2248 3024 2302 de
3075 2250 3362 2318 proposito
3396 2251 3560 2306 nobis

1966 2348 2294 2404 argumento
2325 2351 2518 2405 magna
2545 2347 2600 2392 et
2625 2339 2971 2394 admirabilia
3009 2341 3254 2410 scripsit.
3279 2341 3386 2397 Sed
3411 2344 3558 2412 quod

1967 2444 2036 2483 ca
2069 2429 2544 2499 Constantinopoli
2599 2445 2709 2484 non
2777 2431 3107 2502 legerentur,
3157 2435 3422 2489 omnibus
3472 2445 3560 2491 cst

1967 2529 2308 2589 compertum
2349 2538 2364 2576 :
2401 2536 2508 2576 nec
2557 2531 2782 2591 oportet
2828 2539 2916 2577 me
2952 2523 3186 2578 ulterius
3233 2525 3551 2594 procedere.

1968 2612 2025 2668 In
2058 2613 2157 2668 hac
2193 2614 2332 2669 urbe
2357 2623 2569 2669 tantum
2596 2615 2824 2682 quidam
2857 2619 2910 2670 in
2935 2615 3163 2673 'l‘riodio
3192 2619 3558 2689 quemadmo-

1967 2704 2097 2758 dum
2152 2705 2511 2760 inveniuntur
2563 2707 3014 2774 collocaverunt,
3069 2724 3192 2763 esse
3245 2717 3426 2764 autem
3490 2724 3559 2764 ea

1969 2797 2126 2852 valde
2157 2797 2556 2853 irrationabilia
2589 2801 2633 2855 si
2685 2800 2810 2868 quis
2859 2801 3004 2856 scire
3056 2799 3354 2864 desidet-at,
3411 2803 3558 2869 lngat

1969 2905 2091 2959 qua:
2126 2891 2243 2960 ipse
2277 2893 2612 2960 composuit,
2651 2893 3001 2961 reperietque
3025 2909 3149 2946 eum
3179 2893 3232 2947 itt
3275 2893 3558 2963 plerisque

1968 2984 2071 3038 sibi
2105 2984 2204 3054 ipsi
2229 2996 2560 3054 pugnantem
2591 3000 2733 3042 esse.
2766 2986 2872 3040 Sed
2897 2987 3174 3056 quodnam
3197 2997 3278 3041 est
3314 2996 3562 3040 tremen-

1970 3076 2100 3130 dum
2115 3075 2236 3146 ejus
2266 3077 2575 3142 oraculum,
2602 3085 2677 3142 et,
2713 3086 2773 3132 ιιι
2801 3078 2908 3132 sibi
2939 3079 3180 3142 videtur,
3214 3078 3555 3133 insolubile?

1971 3169 2031 3223 in
2062 3168 2254 3239 quinta
2288 3184 2486 3238 magna
2519 3169 2655 3225 feria
2681 3169 2735 3224 in
2783 3171 3172 3242 mysteriorum
3202 3171 3554 3229 traditionem

280 3258 428 3322 ὅπως
455 3258 621 3329 ἄρτον
659 3260 811 3328 λέγει
837 3262 897 3314 τὸ
936 3264 1096 3332 σῶμα
1143 3263 1334 3330 αὐτοῦ,
1369 3265 1432 3319 ού
1465 3267 1576 3338 μὴν
1605 3268 1818 3338 ἄζυμον
1841 3286 1858 3302 ο

1968 3271 2092 3331 post
2143 3262 2251 3316 alia
2294 3264 2463 3316 multa
2509 3262 2698 3318 dicit:
2748 3283 2769 3316 ι
2813 3262 2972 3330 Vide,
3021 3275 3082 3319 ut
3143 3279 3338 3334 panem
3396 3273 3562 3321 vocet.

281 3352 722 3420 αίσχυνέσθωσαν
743 3356 792 3406 οἱ
810 3356 877 3425 τῇ
904 3354 1065 3426 θυσίᾳ
1097 3356 1343 3427 ἀζύμους
1370 3361 1802 3432 προσφέροντες.
1835 3381 1857 3416 ι

280 3446 454 3499 Τοῦτο
477 3445 525 3498 δ’
548 3447 623 3510 ὼς
660 3449 1024 3520 φοϐερώτατα
1051 3451 1183 3522 παρ’
1207 3453 1381 3507 αὑτοῦ
1405 3457 1527 3527 είρη
1537 3457 1719 3524 μένον,
1749 3457 1866 3511 ἄνω

278 3538 378 3590 καὶ
421 3537 568 3591 κάτω
603 3541 1003 3608 προϐάλλονται
1029 3545 1080 3596 οί
1109 3546 1306 3616 ἐκείνῳ
1337 3548 1617 3614 ἑπόμενοι,
1652 3549 1859 3613 ἐκεῖνός

278 3648 342 3696 γε
379 3629 485 3701 μὴν
513 3630 661 3684 δοκεῖ
711 3632 893 3701 λίγειν
928 3651 981 3688 τι
1006 3650 1021 3665 ο
1067 3635 1222 3689 οὐδὲν
1249 3637 1327 3700 δὲ,
1381 3638 1456 3700 ὡς
1489 3639 1860 3710 δειχθήσεται.

279 3722 391 3776 Καὶ
423 3726 528 3793 γὰρ
556 3725 716 3793 ἡμεῖς
750 3724 997 3795 μαθηταὶ
1032 3726 1185 3790 ὄντες
1227 3728 1324 3782 τοῦ
1363 3731 1667 3799 φήσαντος,
1708 3750 1726 3784 ι
1768 3733 1865 3786 El-

283 3813 453 3884 ρήνην
500 3813 743 3878 διώκετε,
785 3835 804 3867 ι
840 3817 939 3884 οὐχ
989 3817 1292 3888 ὑϐρίζομεν
1321 3821 1508 3885 αὑτὸν,
1542 3823 1617 3884 ὼς
1653 3825 1862 3889 ἐκεῖνος

279 3904 426 3972 ἡμᾶς
459 3922 470 3936 ·
523 3906 638 3958 ἀλλ’
693 3908 726 3975 ὴ
765 3908 1031 3977 ἀπολογία
1065 3910 1133 3979 ἣν
1157 3913 1500 3982 ποιησόμεθα
1557 3915 1694 3984 πρὸς
1732 3917 1863 3980 τοὺς

285 3995 450 4050 αὒτοῦ
483 3995 697 4063 λόγους,
733 3999 870 4070 αύτὴ
922 4002 1018 4054 καὶ
1050 4005 1188 4073 μόνη
1219 4003 1378 4074 ὕϐρις
1418 4007 1554 4076 πρὸς
1580 4007 1746 4061 αὑτὸν
1777 4008 1864 4062 λο-

285 4087 603 4158 γισθήσεται
628 4106 643 4122 ⁸
675 4093 756 4145 ὃτι
787 4093 1114 4158 διδάσκαλος
1147 4097 1396 4166 οἰόμενος
1448 4097 1613 4168 εἶναι,
1648 4101 1865 4176 ἐξελέγ-

281 4195 438 4248 χεται
461 4181 594 4252 παρ’
623 4185 655 4250 ἡ
667 4184 808 4252 μῶν,
844 4186 1076 4256 ἀμαθῶν
1101 4188 1274 4245 ὄντων
1303 4209 1317 4224 ·
1349 4194 1442 4247 καὶ
1469 4195 1531 4267 δή
1556 4212 1762 4265 φαμεν,
1787 4197 1864 4262 ὡς

149 4327 172 4342 _
278 4273 490 4336 ἐκεῖνος
522 4275 643 4327 καΨ
664 4276 862 4330 ἑαυτὸν
882 4278 1241 4350 λογιζόμενος
1270 4286 1590 4356 συγγράψαι
1617 4291 1864 4347 ἐναντίον

211 4421 218 4424 _
277 4367 344 4435 τῇ
404 4367 671 4441 καθολικῇ
732 4371 1054 4444 Ἐκκλησία,
1107 4376 1456 4450 διολισθήσας
1512 4384 1862 4452 ἐπιτηδείως,

277 4462 594 4530 κατωφερεῖ
623 4461 804 4534 βόθρῳ
830 4465 970 4518 κατά
1007 4469 1253 4538 κεφαλῆς
1287 4469 1474 4530 ἔπεσε,
1507 4473 1696 4529 Εἰπὼν
1725 4481 1863 4547 γὰρ,

279 4568 300 4600 ι
327 4549 473 4620 Ὅρα
496 4553 646 4617 ὅπως
675 4555 841 4650 ἄρτον
857 4555 1078 4624 λέγειτδ
1097 4559 1258 4629 σῶμα
1283 4562 1473 4629 αὑτοῦ,
1507 4567 1567 4618 ού
1599 4567 1709 4638 μὴν
1734 4569 1864 4633 ἄζυ-
1894 4593 1939 4650 ι)

279 4659 405 4710 μον,
435 4663 454 4696 ι
491 4647 791 4700 ἐπελάθετο
823 4649 904 4702 ὃτι
928 4651 1020 4702 καὶ
1053 4651 1081 4702 ὁ
1117 4651 1348 4722 ἄζυμος,
1379 4657 1546 4727 ἄρτος
1589 4660 1862 4717 καλεῖται.

281 4734 470 4799 Ἔδοξε
502 4736 613 4806 γάρ
652 4739 824 4809 αὐτῷ,
857 4742 933 4805 ὡς
961 4742 1093 4796 ὅταν
1125 4746 1265 4817 λέγῃ
1309 4763 1394 4810 τις
1421 4748 1608 4816 ἄρτον,
1654 4751 1745 4804 τὸν
1776 4753 1862 4804 ἐν·

275 4822 450 4893 ζυμον
473 4827 558 4880 δεῖ
585 4833 725 4882 νοεῖν
751 4847 765 4862 ο
803 4830 922 4884 ἀλλ’
953 4833 1012 4885 ού
1062 4833 1290 4888 δύναται
1322 4838 1482 4891 τοῦτο
1525 4839 1705 4906 δεῖξαι
1729 4859 1745 4875 ο
1782 4844 1864 4896 ὅτι

274 4917 554 4990 πολλαχοῦ
580 4920 678 4988 τῆς
708 4921 956 4992 Γραφῆς,
990 4927 1086 4977 καὶ
1109 4926 1138 4978 ὁ
1163 4927 1393 4996 ἄζυμος,
1426 4929 1589 4998 ἄρτος
1621 4931 1860 5000 λέγεται.

272 5009 416 5078 Φησὶ
451 5011 558 5080 γὰρ
590 5013 622 5082 ή
661 5012 784 5082 ίερὰ
821 5015 1015 5085 Γραφή
1045 5032 1057 5045 ·
1097 5036 1115 5068 ι
1158 5019 1266 5071 Καὶ
1296 5019 1478 5072 λαΰὼν
1509 5024 1638 5086 τοὺς
1663 5024 1864 5093 ἄρτους

274 5103 405 5164 τοὺς
435 5101 702 5173 ἀζύμους.
739 5107 904 5160 »Καὶ
949 5109 1030 5161 ἔτι
1063 5110 1121 5163 ὲν
1151 5115 1217 5180 τῇ
1261 5112 1482 5184 Ἐξὸδῳ,
1517 5133 1534 5166 ι
1567 5116 1727 5186 Λήψῃ
1767 5135 1864 5187 μοι

276 5195 506 5265 σχάριον
547 5199 614 5249 ἐκ
653 5197 792 5267 βοῶν
829 5199 908 5265 ἓν,
949 5203 1041 5255 καὶ
1090 5205 1282 5272 κριοὺς
1325 5206 1594 5276 ἀμώμους
1619 5207 1733 5276 δύο,
1771 5211 1866 5264 καὶ

272 5286 482 5354 ἄρτους
528 5289 772 5360 ἀζύμους
807 5295 1238 5364 πεφυραμένους
1280 5299 1470 5366 ἐλαίῳ,
1504 5302 1599 5352 καὶ
1651 5300 1864 5364 λάγανα

273 5378 468 5448 ἄζυμα
498 5383 838 5452 κεχρισμένα
887 5387 945 5437 ἐν
994 5388 1158 5458 ἐλαίῳ
1194 5405 1206 5418 ·
1245 5391 1528 5458 σεμίδαλιν
1561 5395 1626 5445 ὲκ
1673 5395 1864 5464 πυρῶν

273 5472 529 5533 ποιήσεις
554 5473 715 5538 αὐτὰ,
744 5477 837 5528 καὶ
867 5476 1161 5548 ἐπιθήσεις
1188 5481 1328 5534 αύτὰ
1362 5483 1456 5535 ἐπὶ
1493 5483 1692 5538 κανοῦν
1721 5486 1803 5539 ἓν.
1835 5504 1856 5539 ι

270 5558 390 5614 Καὶ
428 5561 546 5630 μετ’
577 5563 758 5632 ὀλίγα,
805 5585 826 5617 ι
865 5568 975 5620 Καὶ
1025 5569 1170 5641 λήψῃ
1201 5573 1365 5643 ἄρτον
1415 5575 1511 5628 ἕνα
1546 5575 1604 5641 ἐξ
1647 5576 1858 5646 ἐλαίου,

269 5651 374 5705 καὶ
403 5652 638 5722 λάγανον
664 5656 724 5710 ἓν
747 5658 855 5712 ἀπὸ
879 5659 974 5714 τοῦ
1007 5663 1174 5717 κανοῦ
1203 5665 1308 5722 τῶν
1340 5667 1566 5740 ἀζύμων
1592 5670 1700 5726 τῶν
1727 5689 1859 5743 προσ

349 5837 428 5909 (1)
465 5839 668 5898 Contra
700 5843 997 5914 Ephesium

1968 3369 2168 3423 corpus
2194 3371 2382 3421 suum,
2420 3371 2528 3411 ιιοιι
2563 3367 2745 3412 tamen
2775 3372 3056 3429 aaymutn.
3084 3359 3427 3413 Erttbescant
3459 3361 3556 3428 qui

1968 3448 2026 3501 in
2061 3447 2336 3502 sacrificio
2372 3461 2598 3516 azymos
2624 3448 2906 3502 adhibent.
2951 3468 2971 3500 t
3006 3449 3063 3502 ld
3095 3459 3151 3504 ιιι
3181 3449 3422 3504 terribile
3448 3452 3562 3504 ad-

1966 3538 2188 3592 modum
2215 3541 2283 3592 ab
2315 3554 2381 3593 eo
2408 3539 2636 3601 dictum,
2665 3553 2886 3594 sursum
2927 3540 3190 3594 deorsum
3219 3541 3339 3608 ejus
3373 3552 3557 3596 secta-

1975 3641 2124 3685 tores
2157 3631 2475 3698 objertant;
2511 3639 2676 3699 atque
2724 3631 2772 3684 is
2825 3631 3037 3696 aliquid
3083 3632 3299 3686 videtur
3330 3633 3554 3698 dicere,

1969 3726 2044 3778 nil
2086 3735 2266 3778 autem
2316 3725 2470 3784 dicit.
2537 3734 2594 3777 ut
2649 3723 3138 3778 demonstrabitnr.
3192 3724 3406 3777 Etenim
3450 3740 3556 3778 nos

1965 3835 2089 3874 cum
2117 3819 2365 3888 discipuli
2399 3817 2522 3888 ejus
2563 3817 2762 3882 simus,
2791 3817 2883 3885 qui
2918 3817 3072 3881 dicit,
3125 3816 3318 3871 Pacem
3367 3817 3556 3887 sequi-

1971 3914 2128 3975 mini,
2179 3912 2381 3982 injuria
2414 3926 2538 3965 eum
2583 3926 2690 3964 non
2734 3911 2999 3965 allicimus
3041 3912 3144 3981 (ι),
3181 3922 3239 3964 ιιι
3278 3911 3363 3962 ille
3401 3926 3500 3964 nos
3534 3927 3552 3965 :

1967 4007 2060 4061 scd
2095 4005 2377 4074 responsio
2409 4015 2638 4069 tanttnn,
2673 4019 2840 4071 quam
2877 4003 3146 4056 adversus
3187 4001 3308 4070 ejus
3337 4016 3554 4056 sermo-

1968 4114 2065 4152 nes
2099 4097 2391 4152 afferentes
2417 4133 2434 4161 ,
2467 4111 2567 4166 pro
2602 4096 2799 4164 injuria
2853 4094 3196 4163 reputabitur
3242 4110 3254 4147 :
3293 4093 3388 4162 qui
3423 4107 3554 4148 cum

1967 4193 2284 4263 magistrum
2319 4205 2380 4245 se
2413 4205 2534 4245 esse
2564 4189 2846 4260 opim-tur,
2876 4204 2905 4243 a
2936 4188 3116 4252 nobis,
3148 4189 3241 4255 qui
3266 4186 3410 4241 docti
3445 4203 3552 4239 ttott

1969 4302 2162 4342 sumus
2187 4326 2204 4351 ,
2236 4284 2602 4340 convincitur.
2634 4284 2757 4338 Ideo
2788 4283 3030 4337 dicimus
3056 4281 3208 4349 quod
3241 4279 3330 4334 ille
3362 4269 3563 4332 secuto

1969 4394 2194 4435 versans
2248 4377 2520 4434 adversus
2560 4375 2887 4430 catholicam
2924 4373 3226 4429 Ecclesiam
3280 4370 3552 4434 scribere,

1966 4471 2317 4542 apertissime
2354 4470 2538 4539 lapsus
2569 4469 2622 4522 in
2677 4468 3019 4538 praecipitem
3072 4456 3288 4518 foveam
3341 4475 3551 4532 pronus

1967 4563 2183 4616 cecidit.
2218 4561 2354 4615 Nam
2389 4576 2512 4615 cum
2543 4559 2794 4624 dixisset,
2827 4556 2993 4612 «Vide
3019 4557 3164 4625 quod
3196 4568 3392 4625 panem
3423 4567 3550 4606 cor-

1968 4670 2068 4725 pns
2103 4670 2264 4710 suutn
2293 4654 2446 4718 dicit,
2475 4668 2586 4707 non
2617 4667 2923 4722 azyntum,»
2960 4649 3165 4704 oblitus
3193 4655 3281 4701 est
3313 4645 3461 4712 quod
3493 4653 3551 4700 et

1965 4763 2190 4818 azymns
2215 4750 2370 4816 panis
2393 4745 2713 4816 appellatur.
2743 4741 2934 4796 Visum
2965 4750 3048 4794 est
3071 4739 3216 4793 enim
3245 4738 3346 4806 ipsi
3371 4752 3550 4807 opor-

1967 4849 2086 4894 tere
2121 4855 2244 4893 eum
2279 4840 2405 4908 quis
2435 4851 2627 4907 panem
2666 4836 2819 4900 dicit,
2855 4835 2920 4888 de
2968 4831 3302 4886 fermentata
3334 4838 3548 4884 tantum

1965 4933 2236 5002 intelligi;
2267 4944 2322 4987 at
2347 4934 2448 4986 hoc
2478 4929 2709 4999 probare
2743 4943 2852 4982 non
2885 4935 3086 4996 potest,
3115 4923 3244 4992 quia
3271 4923 3326 4977 in
3365 4922 3549 4976 multis

1969 5027 2271 5094 Scriptura:
2307 5024 2440 5078 locis
2472 5036 2699 5091 azytnus
2747 5021 2914 5074 etiam
2967 5020 3122 5086 panis
3156 5019 3376 5072 dicitur.
3417 5015 3545 5085 quia

1967 5132 2122 5174 siit-ra
2160 5119 2444 5188 Scriptura
2477 5117 2634 5180 dicit,
2678 5134 2696 5166 ι
2737 5115 2890 5169 Tolle
2942 5128 3166 5184 azytnos
3218 5126 3405 5180 partes;
3443 5127 3464 5158 ι
3493 5116 3544 5160 ιι

1964 5213 2018 5266 in
2065 5210 2275 5274 Exodo,
2318 5227 2337 5260 ι
2377 5209 2529 5265 Tolle
2577 5208 2812 5261 vitulum
2847 5223 2911 5259 ex
2948 5214 3204 5259 armento
3253 5216 3420 5258 unum
3447 5241 3462 5264 ,
3492 5207 3545 5254 ct

1966 5307 2170 5358 arietes
2205 5305 2346 5358 duos
2398 5301 2806 5357 immaculatos.
2844 5311 3125 5369 partesque
3175 5310 3396 5365 azymos
3425 5293 3544 5345 oleo

1969 5412 2320 5466 conspersos,
2351 5396 2542 5464 lagona
2581 5409 2799 5462 quoque
2829 5406 3020 5463 azyma
3059 5391 3182 5444 oleo
3215 5389 3304 5441 lita
3331 5428 3344 5453 ,
3371 5385 3439 5440 de
3469 5386 3547 5441 sie

1969 5489 2096 5542 tnila
2163 5489 2372 5543 triticea
2408 5500 2608 5541 cuneta
2656 5487 2858 5550 iacies;
2891 5494 2945 5537 et
2995 5484 3168 5553 posita
3211 5481 3268 5534 in
3304 5478 3545 5534 canistro

1966 5584 2186 5637 oneres.
2221 5601 2238 5633 ι
2273 5580 2339 5635 Et
2367 5590 2488 5650 post
2520 5593 2695 5650 pauca
2723 5598 2736 5632 :
2769 5597 2788 5630 ι
2827 5578 3006 5630 Toltes
3039 5575 3198 5645 panis
3226 5573 3390 5628 unius
3417 5589 3546 5626 cru-

1971 5672 2168 5728 stulam
2191 5686 2545 5742 conspersam
2571 5671 2716 5737 oleo,
2747 5669 3000 5752 laganum
3026 5682 3196 5722 unum
3219 5665 3287 5721 de
3303 5665 3545 5732 canistro
