4004 6416
465 380 604 448 1219

1609 369 1931 432 JOSEPHI
1964 365 2520 429 METHONENSIS

3551 363 3665 432 1220

463 508 744 568 azymum,
771 491 916 563 quod
949 489 1187 563 positum
1218 496 1303 543 est
1333 487 1389 542 in
1423 495 1718 554 conspectu
1759 481 2032 536 Domini.)

2177 485 2471 555 εθειμένων
2530 483 2716 538 έναντι
2755 481 2989 554 Κυρίου.
3028 497 3048 532 ι
3111 479 3221 534 Kal
3271 477 3568 551 Θεοδώριτος
3605 486 3671 538 δὲ.

469 591 550 645 Ac
580 587 949 642 Theodoritus
1001 585 1054 638 in
1085 581 1430 652 expositione
1476 578 1530 633 in
1579 577 1898 647 prophetam
1937 575 2042 629 Da-

465 681 576 736 niel
610 679 760 742 dicit,
798 677 993 731 «Panis
1029 674 1233 728 dicitur
1265 673 1646 735 fermentatus,
1671 677 1724 724 et
1754 681 2037 738 azymus.»

464 770 633 827 Vides
664 781 722 824 ut
746 779 801 824 et
835 784 1060 838 azymus
1085 775 1317 821 vocatur
1343 762 1536 833 panis?
1561 761 1846 828 Quomodo
1881 760 2044 827 hujus

2149 582 2208 634 έν
2232 583 2300 651 τῇ
2336 581 2595 649 ἐξηγήσει
2619 580 2687 649 τῇ
2721 578 2803 640 είς
2839 577 2931 631 τὸν
2959 577 3248 647 προφήτην
3277 576 3478 645 Δανιὴλ,
3510 579 3675 645 φησὶνο

2153 693 2172 725 ι
2213 674 2415 741 "Apto;
2431 673 2541 741 γὰρ
2561 671 2807 739 λέγεται,
2837 670 2973 724 καὶό
3000 669 3235 739 ζυμίτης
3267 669 3356 721 καὶ
3378 669 3406 721 ὁ
3430 668 3631 737 ἄζυμος.
3658 685 3674 720 ι

2159 766 2346 834 Ὀρᾷς,
2381 765 2500 827 πῶς
2527 765 2624 818 καὶ
2649 765 2676 815 ὀ
2700 763 2906 832 ἄζυμος
2938 760 3105 832 ἄρτος
3140 760 3412 824 καλεῖταις
3442 758 3551 820 Πῶς
3575 762 3681 812 ἔπει

466 863 669 917 oblitus
706 877 786 926 es,
818 863 960 914 bone
982 857 1327 926 Nicephore?
1353 853 1380 908 .Ι
1390 870 1485 909 ure
1509 853 1853 922 Nicephorus
1887 865 2047 904 voca-

2181 860 2314 914 ἀθου
2337 856 2556 920 τούτου,
2612 856 2786 923 ἀγαθὲ
2830 854 3159 926 Νικηφόρες
3211 853 3442 914 Εἰκότως
3481 851 3686 920 ἐκλήθης

467 968 554 1012 tus
590 971 669 1018 es,
707 955 834 1024 quia
872 954 925 1006 in
964 949 1084 1005 foro
1116 952 1367 1014 sedentes
1402 947 1643 1018 plebeios
1676 946 1927 1000 homines
1963 944 2040 996 vi-

465 1047 586 1103 cisti
619 1046 718 1116 (l),
740 1062 848 1099 non
877 1045 969 1113 qui
991 1045 1043 1097 in
1076 1042 1295 1098 excelso
1323 1041 1515 1096 sedent
1540 1049 1590 1092 et
1619 1038 1847 1092 rationis
1874 1036 2046 1106 parti-

467 1140 616 1205 cipes
638 1145 787 1191 sunt.
814 1135 919 1188 Sed
949 1134 1148 1202 aliquis
1177 1133 1412 1187 fortasse
1434 1133 1600 1193 dicet,
1627 1129 1738 1185 imo
1765 1144 1863 1196 pro
1889 1127 2050 1182 nobis

465 1228 569 1282 hoc
590 1238 675 1283 est
707 1243 721 1279 :
757 1241 882 1279 nam
916 1225 1006 1278 ubi
1040 1225 1340 1292 apponitur
1364 1222 1718 1288 adjectivum,
1745 1220 1816 1272 ibi
1848 1232 2050 1287 cogno-

469 1322 643 1376 scitur
677 1329 730 1374 ct
763 1335 847 1373 res
881 1334 894 1369 :
943 1319 1035 1371 ubi
1088 1317 1309 1385 quidem
1347 1331 1469 1370 cum
1518 1313 1792 1380 adjectivo
1823 1311 2048 1381 ponitur

469 1413 652 1482 panis,
689 1411 740 1465 id
776 1421 860 1466 est
889 1424 1134 1479 azymus,
1170 1416 1301 1461 tunc
1331 1415 1415 1461 est
1462 1416 1516 1460 et
1561 1405 1888 1473 intelligitur
1923 1418 2048 1472 azy-

470 1519 631 1569 mus;
658 1504 750 1557 ubi
787 1517 918 1556 vero
953 1500 1283 1568 adjertivum
1316 1513 1420 1552 non
1453 1497 1700 1566 ponitur,
1729 1496 1783 1548 id
1814 1505 1899 1548 est
1926 1509 2051 1563 azy-

470 1611 613 1660 mus,
654 1605 783 1650 tunc
816 1592 1128 1648 necessario
1170 1589 1490 1658 intelligitur
1532 1587 1921 1642 fermentatus.
1951 1585 2051 1640 Hic

471 1689 636 1758 igitur
659 1685 910 1741 Christus
950 1700 1076 1737 cum
1107 1683 1181 1736 nil
1207 1681 1354 1735 aliud
1393 1679 1760 1734 nominaverit
1787 1678 1889 1731 nisi
1917 1677 2053 1731 sim-

471 1779 687 1849 pliciter
715 1793 910 1847 panem
933 1816 960 1838 ,.
982 1785 1169 1845 aperte
1201 1773 1429 1843 pretnlit
1470 1787 1593 1826 esse
1633 1769 2049 1824 fermentatum.

2149 951 2471 1020 Νικηφόρος
2499 967 2512 984 ·
2557 949 2640 1002 ὅτι
2679 949 2808 1010 τοὺς
2856 947 3205 1015 καθημένους
3237 947 3326 998 ἐπὶ
3355 945 3471 1007 τοὺς
3497 945 3689 1012 φόρους,

2152 1044 2366 1104 ἰδιώτας
2396 1039 2718 1110 ἀνθρώπους
2757 1038 3049 1108 ἐνίκησας,
3110 1039 3177 1092 οὐ
3217 1038 3327 1106 μὴν
3350 1037 3404 1089 δὲ
3436 1037 3548 1098 τοὺς
3577 1051 3696 1105 προ-

2153 1135 2505 1205 καθημένους
2535 1136 2592 1185 ὲν
2623 1131 2874 1202 ὑψηλοῖς,
2909 1131 3002 1184 καὶ
3034 1131 3163 1192 τοὺς
3204 1129 3464 1198 μετόχους
3489 1128 3574 1180 τοῦ
3606 1129 3696 1181 Δό-

2152 1247 2274 1296 γου.
2314 1227 2457 1279 Ἀλλ’
2488 1229 2620 1287 ίσως
2647 1226 2764 1292 ὲρεῖ
2793 1239 2896 1288 τις,
2930 1223 3012 1275 ὅτι
3034 1221 3175 1292 ὑπὲρ
3204 1221 3360 1290 ήμῶν
3389 1222 3498 1272 ἔστι
3526 1222 3693 1270 τοῦτο’

2153 1322 2280 1374 ἔνθα
2310 1321 2420 1388 γὰρ
2464 1318 2672 1372 τίθεται
2704 1319 2800 1371 καὶ
2825 1317 2885 1370 τὸ
2934 1316 3206 1378 ἐπίθετον,
3244 1315 3358 1366 ικεῖ
3404 1311 3696 1381 γνωρίζεται

2156 1414 2249 1466 καὶ
2303 1413 2364 1465 τὸ
2405 1413 2664 1481 πρᾶγμαο
2725 1408 2859 1462 ἔνθα
2897 1407 2997 1476 μὲν
3036 1406 3246 1459 τίθεται
3280 1405 3440 1474 ἄρτος
3470 1404 3596 1470 μετᾶ
3620 1398 3698 1452 τοῦ

2160 1503 2446 1569 έπιθέτου,
2497 1505 2618 1571 ήτοι
2668 1499 2763 1554 τοῦ
2811 1499 3046 1566 ἄζυμος,
3093 1498 3203 1551 τότ’
3253 1498 3367 1550 ἐστὶ
3414 1495 3505 1548 καὶ
3529 1495 3700 1545 νοεῖται

2157 1599 2368 1668 ἄζυμος
2393 1612 2406 1626 ·
2457 1596 2588 1648 ἔνθα
2628 1595 2685 1648 δὲ
2721 1594 2782 1647 οὐ
2814 1593 3024 1646 τίθεται
3052 1591 3112 1643 τὸ
3143 1585 3418 1652 ἐπίθετον,
3451 1587 3704 1640 τουτέστιν

2156 1687 2386 1756 ἄζυμος,
2415 1686 2526 1740 τότ’
2563 1685 2878 1754 ἀναγκαίους
2906 1686 3115 1738 νοεῖται
3141 1686 3170 1737 ὁ
3205 1683 3456 1751 ἔνζυμος.
3475 1678 3704 1733 Ἐνταῦθα

2158 1781 2344 1834 τοίνυν
2381 1779 2477 1832 καὶ
2525 1778 2554 1830 ὁ
2587 1777 2825 1849 Χριστὸς
2877 1777 2956 1847 μὴ
3007 1775 3357 1844 ἐπονομάσας
3391 1773 3515 1828 ἄλλο
3553 1772 3597 1824 εί
3646 1771 3705 1838 μὴ

471 1847 628 1926 iuste
657 1886 789 1934 ergo
836 1867 982 1936 apud
1029 1866 1442 1934 Xanthopulum
1492 1864 1755 1933 scriptum
1791 1871 1877 1916 est
1907 1860 2049 1929 quod

2177 1873 2353 1936 ἅπλῶς
2397 1873 2586 1942 ἄρτον,
2635 1847 2937 1942 διαρρήδην
2967 1865 3124 1922 εἶπεν
3176 1869 3253 1932 ὡς
3296 1866 3521 1934 ἑνζυμός
3561 1866 3704 1916 ἐστιν.

476 1977 671 2032 panem
695 1962 830 2015 dicit
858 1973 1059 2027 corpus
1093 1972 1276 2022 suum,
1315 1973 1421 2010 non
1449 1966 1630 2009 tamen
1664 1968 1943 2025 azymum.
1980 1951 2050 2006 At

474 2070 576 2110 nos
594 2052 752 2108 facile
771 2052 1108 2106 Contrarium
1135 2047 1662 2111 demonstrabimus,
1694 2046 1746 2100 id
1771 2054 1880 2107 est,
1904 2043 2051 2112 quod

473 2161 600 2199 cum
626 2145 782 2214 panis
807 2141 1127 2210 simpliciter
1148 2139 1348 2194 dicitur
1371 2139 1489 2192 sine
1513 2136 1804 2206 adjectivo,
1825 2147 2052 2206 azymus

472 2252 594 2292 esse
626 2234 900 2304 reperitur
921 2272 936 2294 ,
974 2247 1072 2287 nec
1101 2231 1341 2299 eﬂugere
1370 2233 1574 2299 poteris
1604 2226 2013 2297 responsionem
2033 2261 2054 2292 ,

474 2345 601 2385 cum
653 2329 726 2382 sit
773 2326 1143 2397 apertissima.
1181 2323 1305 2377 Dies
1363 2321 1782 2376 resurrectionis
1835 2301 2052 2375 Domini

477 2421 638 2476 tertia
667 2419 784 2473 dies
816 2427 935 2472 erat
965 2418 1152 2488 legalis
1174 2414 1477 2476 Paschatis,
1512 2422 1572 2468 ut
1610 2411 1943 2483 evangelista
1973 2410 2060 2464 di-

478 2514 554 2567 cit
603 2526 727 2566 cum
775 2509 904 2564 Jesu
957 2510 1319 2576 colloquens:
1358 2524 1376 2556 ι
1417 2505 1484 2558 Ει
1520 2519 1664 2558 nunc
1713 2518 1879 2571 super
1934 2501 2051 2558 llth

478 2603 689 2667 onutia,
723 2602 879 2654 tertia
912 2598 1034 2653 dies
1063 2609 1147 2652 est
1175 2599 1334 2651 hodie
1361 2596 1504 2666 quod
1530 2595 1647 2648 haec
1677 2593 1821 2648 facta
1857 2603 2012 2648 sunt.
2033 2611 2052 2646 ι

498 2716 517 2748 ι
556 2695 614 2748 In
648 2697 749 2750 hac
784 2697 948 2764 igitur
979 2694 1066 2749 die
1101 2693 1249 2746 ibant
1281 2693 1388 2746 duo
1419 2707 1484 2744 ex
1531 2690 1816 2759 discipulis
1855 2688 1974 2756 ejus
2004 2689 2062 2743 in

483 2789 794 2853 castellum,
827 2787 973 2856 quod
1008 2785 1200 2839 aberat
1231 2786 1408 2852 spatio
1439 2783 1744 2838 stadiorum
1777 2782 2059 2848 sexaginta

483 2884 552 2937 ab
568 2880 894 2947 Jerusalem,
921 2879 1142 2933 nomine
1173 2879 1428 2932 Emaus.»
1458 2877 1521 2930 Et
1544 2875 1706 2945 paulo
1737 2886 1859 2944 post
1885 2874 2055 2928 dicit:

489 2980 594 3030 «Ac
625 2981 912 3044 coegerunt
944 2987 1092 3036 eum,
1121 2967 1310 3024 Jesum
1341 2968 1569 3031 scilicet,
1609 2967 1881 3028 dicentes.
1902 2966 2064 3020 Mane

486 3068 809 3131 nobiscum;
849 3064 1108 3134 quoniam
1143 3063 1576 3130 advesperascit,
1609 3068 1665 3114 et
1695 3059 1953 3113 inclinata
1978 3067 2064 3112 est

484 3160 595 3234 jam
619 3161 759 3216 dies.
793 3158 994 3210 Eorum
1037 3156 1204 3223 igitur
1233 3153 1488 3223 precibus
1535 3167 1663 3206 cum
1692 3153 2019 3207 assensisset
2045 3188 2062 3216 ,

489 3253 735 3318 intravit,
781 3261 844 3305 ut
877 3259 1124 3304 maneret
1158 3246 1322 3302 simul
1363 3261 1486 3299 cum
1512 3245 1613 3299 eis.
1649 3245 1712 3298 Et
1745 3242 1951 3297 factum
1984 3253 2068 3297 est

490 3344 620 3398 dum
656 3343 1002 3398 recumberet
1032 3356 1155 3394 cum
1190 3339 1294 3403 eis,
1321 3338 1530 3404 accepit
1564 3351 1779 3404 panem,
1811 3345 1864 3389 et
1901 3334 2068 3389 benc-

492 3435 652 3500 dixit,
687 3444 740 3488 et
765 3433 947 3503 fregit,
975 3441 1029 3486 et
1055 3429 1383 3502 porrigebat
1413 3429 1576 3482 illis.)
1610 3425 1677 3479 Et
1705 3436 1829 3496 post
1861 3441 2068 3493 pauca:

501 3525 598 3579 «Et
617 3532 1019 3594 cognoverunt,
1049 3523 1148 3583 ait,
1177 3522 1357 3588 ipsum
1387 3520 1438 3572 in
1474 3518 1739 3572 iractione
1771 3517 1926 3584 panis
1959 3514 2024 3578 ⁸⁸,
2047 3533 2065 3566 ι

495 3615 780 3683 Quodnam
809 3614 1094 3669 candidius
1127 3614 1229 3667 hoc
1262 3611 1343 3665 vel
1391 3611 1581 3680 purius
1607 3607 1868 3663 aﬂ‘eretur
1909 3623 2077 3676 argu-

495 3719 740 3763 mentum
783 3708 850 3762 iis
882 3706 976 3776 qui
1006 3705 1338 3760 contendere
1386 3703 1602 3764 nolunt,
1655 3714 1756 3755 nec
1803 3698 2105 3753 scandala-

498 3799 928 3871 avtuplectuntnr?
949 3798 1149 3852 Panem
1175 3795 1496 3866 simpliciter
1523 3793 1610 3847 hic
1635 3794 1764 3848 dicit
1789 3792 1852 3846 D.
1879 3791 2076 3857 Lucas,

497 3909 676 3963 neque
726 3893 1154 3955 fermentatum,
1204 3903 1382 3957 neque
1439 3899 1718 3958 azymum.
1783 3884 2079 3950 Quodnam

496 3986 662 4055 igitur
687 3995 804 4039 erat
839 3983 1165 4051 cogitemus,
1205 3995 1300 4035 nec
1331 3979 1524 4033 oculos
1557 3983 1628 4030 ita
1671 3975 1938 4031 adversus
1969 3975 2081 4026 cla-

499 4080 719 4133 rissima
771 4075 1165 4139 occludamus;
1207 4087 1330 4125 nam
1371 4079 1430 4124 ut
1460 4070 1717 4139 cognitus
1751 4069 1819 4122 ab
1855 4067 1960 4120 illis
1996 4075 2082 4120 est

503 4171 557 4224 in
603 4169 874 4222 fractione
926 4165 1103 4235 panis,
1154 4165 1234 4220 sic
1267 4173 1320 4218 et
1349 4181 1376 4216 a
1410 4164 1569 4218 nobis
1603 4163 1988 4231 dignoscetur,
2020 4161 2080 4214 ‘si

501 4263 806 4330 disquirere
834 4258 1194 4320 voluerimus,
1223 4256 1351 4327 quia
1380 4271 1489 4310 non
1517 4256 1591 4309 ita
1618 4256 1838 4308 hebetes
1869 4267 2082 4317 sumus,

503 4364 564 4410 ut
593 4355 874 4406 veritatem
912 4364 1019 4406 non
1063 4350 1366 4408 videamus.
1405 4347 1672 4413 Quamvis
1697 4353 1841 4402 enim
1877 4345 1931 4398 in
1967 4343 2087 4412 phi-

503 4447 856 4514 losOphorum
901 4454 954 4497 et
987 4443 1268 4498 rhetorum
1299 4441 1494 4497 litteris
1519 4441 1717 4496 Versati
1751 4455 1855 4493 non
1883 4439 2079 4502 simus,

2170 1965 2386 2022 Οὐκοῦν
2415 1964 2600 2028 καλῶς
2628 1965 2847 2034 εἴρηται
2875 1963 3028 2030 παρά
3053 1961 3128 2030 τῷ
3155 1956 3614 2025 Ξανθοπούλῳ,ὄτι
3633 1954 3711 2019 ἄρ-

2167 2077 2261 2114 τον
2311 2059 2462 2127 λέγει
2492 2057 2554 2110 τδ
2604 2056 2767 2126 σῶμα
2805 2055 2994 2120 αὐτοῦ,
3052 2054 3113 2106 οὐ
3152 2053 3261 2123 μὴν
3314 2051 3538 2119 ἄζυμον.
3592 2043 3710 2099 Ἀλλ’

2168 2156 2332 2225 ἡμεῖς
2364 2152 2616 2221 δείξομεν
2657 2149 2860 2221 ῥᾳδίως
2892 2147 2956 2200 τὸ
2988 2145 3234 2199 ἐναντίον
3258 2160 3273 2174 ·
3302 2143 3394 2209 ζὼς
3425 2143 3546 2225 ὅταν
3571 2137 3712 2205 λέγη·

2167 2222 2259 2304 ται
2291 2249 2387 2300 καὶ
2421 2245 2607 2305 ἁπλῶς
2641 2243 2806 2313 ἄρτος
2839 2239 3009 2310 χωρὶς
3044 2237 3142 2292 τοῦ
3186 2235 3464 2296 ἐπιθέτου,
3491 2222 3716 2300 εὑρίσκε⁶

2169 2362 2261 2397 ται
2294 2345 2505 2414 agona;
2531 2336 2696 2401 εἶναι.
2747 2339 2844 2392 καὶ
2873 2336 2934 2389 οὒ
2963 2335 3170 2406 δυνήσῃ
3203 2335 3401 2402 φυγεῖν
3427 2330 3522 2400 τήν
3550 2325 3720 2381 ἀπολο-

2172 2439 2324 2507 γίαν,
2343 2433 2740 2506 φανερωτάτην
2764 2430 2959 2484 οὖσαν.
2983 2429 3050 2482 'H
3077 2428 3265 2496 ἡμέρα
3287 2427 3386 2494 τῆς
3403 2419 3720 2478 ἀναστάσεως

2170 2527 2268 2583 τοῦ
2302 2511 2532 2596 κυρίου,
2570 2520 2640 2595 ἦν
2679 2523 2840 2592 τρίτη
2886 2520 3076 2588 ἡμέρα
3115 2515 3210 2570 τοῦ
3255 2516 3446 2581 Πάσχα
3477 2508 3566 2564 τοῦ
3592 2522 3723 2596 vopi-

2174 2619 2298 2684 κοῦ,
2331 2619 2406 2680 ὣς
2439 2632 2604 2686 φησιν
2649 2615 2678 2665 ὁ
2721 2608 3142 2678 εὖαγγελιστὴς.
3190 2605 3566 2673 διαλεγόμενος
3610 2595 3725 2665 μετὰ

2175 2711 2271 2766 τοῦ
2311 2708 2511 2778 Ἰησοῦ,
2543 2706 2625 2773 τὸ,
2661 2724 2680 2757 ι
2729 2705 2892 2758 Ἀλλὰ
2921 2719 2987 2770 γε
3016 2703 3114 2754 σὺν
3146 2701 3282 2754 πᾶσι
3305 2697 3530 2760 τούτοις,
3560 2691 3726 2761 τρίτην

2177 2805 2384 2866 ταύτην
2401 2803 2614 2872 ἡμέραν
2635 2800 2762 2867 ἄγει
2785 2798 3049 2866 σήμερον,
3073 2795 3166 2864 ἀφ’
3191 2791 3253 2846 οὗ
3275 2791 3447 2844 ταῦτα
3476 2787 3722 2860 ἐγένετο.»

2189 2896 2281 2950 Ἐν
2311 2895 2450 2964 αὐτῇ
2491 2890 2586 2948 οὖν
2617 2895 2684 2962 τῇ
2736 2891 2918 2960 ἡμέρα
2964 2885 3108 2958 ἦσαν
3155 2885 3517 2954 πορευόμενοι
3569 2876 3652 2928 δύο
3676 2874 3729 2925 Ex

2177 2988 2290 3041 τῶν
2327 2984 2586 3057 μαθητῶν
2619 2983 2809 3048 αὐτοῦ,
2843 2985 2925 3046 εἰς
2951 2981 3148 3050 κώμην
3170 2980 3488 3047 ἀπέχουσαν
3512 2967 3732 3026 σταδίους

2179 3056 2447 3148 ἐξήκοντα
2475 3077 2582 3131 ἀπο
2613 3067 3240 3146 Ἵερουσαλὴμ,ᾖὸνομα
3269 3065 3566 3139 Ἐμμαούς.
3600 3080 3618 3114 t
3640 3056 3733 3112 Kal

2184 3174 2324 3242 μετὰ
2365 3173 2567 3242 μικρόν
2598 3188 2736 3241 φησι
2765 3185 2779 3200 ·
2823 3188 2842 3221 ι
2886 3169 2998 3220 Kal
3032 3165 3448 3232 παρεϐιάσαντο
3471 3151 3736 3217 nummon-

2174 3268 2353 3322 λονότι
2381 3265 2473 3318 τὸν
2518 3265 2750 3335 Ἰησοῦν,
2781 3263 3059 3326 λέγοντες,
3097 3261 3297 3313 Μεῖνον
3328 3254 3447 3324 μεθ’
3481 3245 3738 3321 ήμῶννδτι

2177 3363 2317 3426 προς
2354 3358 2599 3428 ἑσπέραν
2637 3357 2774 3417 ἐστὶ,
2812 3355 2908 3410 καὶ
2939 3354 3193 3408 κέκλικεν
3230 3353 3263 3421 ή
3297 3336 3739 3428 ήμέρα.⁹Επινει5-

2182 3469 2283 3513 σας
2318 3451 2413 3504 οὖν
2460 3453 2526 3520 τῇ
2563 3449 2782 3518 αἰτήσει
2813 3445 3015 3508 αὐτῶν,
3049 3442 3274 3511 εἰσῆλθε
3319 3439 3416 3493 τοῦ
3457 3437 3625 3506 μεῖναι
3658 3427 3738 3480 σὺν

2176 3547 2382 3606 αὐτοῖς.
2418 3544 2529 3596 Kal
2564 3542 2782 3609 ἐγένετο
2811 3537 2980 3607 ὲν,τῷ
3011 3534 3417 3602 κατακλιθῆναι
3452 3525 3611 3582 αὐτὸν
3643 3533 3742 3590 μετ’

2179 3638 2382 3700 αὐτῶν,
2415 3635 2599 3690 λαόὼν
2625 3636 2716 3689 τὸν
2746 3633 2914 3702 ἄρτον
2944 3633 3211 3696 εὑλ-ὁγησε
3237 3644 3253 3660 ο
3290 3630 3384 3680 καί
3411 3624 3618 3686 κλᾱισας¹
3637 3617 3744 3664 ἐπε·

2178 3731 2323 3784 δίδου
2372 3730 2579 3789 αὐτοῖς.
2622 3745 2640 3778 ι
2680 3727 2790 3779 Kal
2830 3725 2949 3792 μετ’
2982 3722 3163 3788 ὀλίγα,
3199 3738 3216 3769 ι
3246 3721 3363 3781 Καὶ
3394 3716 3468 3777 ώς
3504 3704 3745 3792 ἐγνώσθη,

2183 3821 2374 3890 φησὶν,
2413 3820 2597 3881 αὐτοῖς
2633 3819 2690 3869 ἐν
2722 3819 2787 3885 τῇ
2821 3815 3015 3868 κλάσει
3061 3813 3155 3864 τοῦ
3189 3813 3386 3879 ἄρτου.
3429 3827 3447 3860 ι
3487 3803 3676 3857 Τούτου
3703 3791 3745 3846 τί

2185 3913 2252 3967 ἂν
2289 3914 2503 3977 γένοιτο
2551 3911 2875 3976 λευκότεμεν
2931 3907 2964 3975 ἢ
3018 3903 3413 3973 καθαρώτερον
3460 3895 3743 3962 γνώρισμα.

2183 4008 2297 4068 τοῖς
2330 4006 2404 4074 μή
2433 4004 2766 4073 φιλονεικεῖν
2806 4000 3070 4062 ἐθέλουσι,
3117 3999 3214 4050 καὶ
3257 3997 3376 4058 τοῖς
3405 3993 3470 4045 τὰ
3500 3981 3744 4043 σκάνδαλα

2189 4097 2264 4167 μὴ
2302 4095 2592 4164 ἀγαπῶσιν
2623 4110 2636 4160 ;
2681 4091 2898 4154 ’Λπλῶς
2929 4090 3096 4160 ἄρτον
3131 4085 3284 4155 λέγει
3317 4083 3552 4139 ἐνταῦθα
3579 4081 3606 4132 ὀ
3628 4075 3748 4167 θεῖος

2185 4163 2404 4252 bduxi;
2430 4204 2444 4219 ·
2481 4187 2576 4240 καὶ
2617 4185 2743 4239 οὔτε
2791 4184 3029 4252 ένζυμον
3075 4182 3250 4249 λέγει,
3287 4179 3403 4234 οὒτ’
3440 4178 3658 4244 ἄζυμον.
3695 4163 3748 4221 Τί

2186 4285 2296 4352 ἄρα
2327 4278 2417 4354 ἦν,
2470 4281 2842 4348 ἐννοήσωμεν,
2877 4278 2971 4331 καὶ
3011 4279 3086 4346 μὴ
3118 4277 3246 4338 τοὺς
3287 4265 3604 4346 ὀφθαλμοῦς
3630 4280 3751 4331 καμ-
3809 4293 3816 4302 -

2190 4375 2452 4446 μύσωμεν
2474 4371 2616 4426 οὕτω
2637 4371 2773 4441 πρὸς
2799 4372 2867 4424 τὰ
2891 4372 3170 4438 φανὸτατα
3194 4386 3206 4400 ·
3238 4369 3339 4424 καὶ
3364 4367 3474 4436 γὰρ
3507 4365 3579 4425 ὡς
3607 4355 3749 4446 έΥνάῘ’

2191 4466 2293 4533 σθη
2329 4466 2516 4526 αὐτοῖς
2551 4466 2609 4515 ὲν
2635 4463 2699 4530 τῇ
2740 4461 2931 4514 κλάσει
2963 4457 3058 4512 τοῦ
3107 4459 3314 4526 ἄρτου,
3341 4455 3488 4508 οὕτω
3523 4451 3616 4505 καὶ
3641 4443 3752 4516 ἡμῖν

504 4549 560 4592 at
585 4551 834 4592 naturain
865 4536 1036 4603 ipsam
1064 4551 1159 4602 pro
1176 4536 1402 4590 doctore
1433 4533 1591 4587 nobis
1620 4531 2067 4601 romparavimus

2194 4555 2594 4625 γνωσθήσεται,
2627 4553 2677 4604 εἰ
2717 4551 3024 4620 θελήσομεν
3054 4549 3353 4612 ἐξετάσαι·
3387 4546 3448 4597 οὐ
3480 4543 3583 4611 γάρ
3613 4543 3754 4604 ἐσμεν

503 4649 625 4702 qua:
653 4634 856 4700 optime
895 4628 1177 4683 veritatem
1211 4629 1535 4696 dignoscere
1581 4634 1760 4693 potest
1793 4634 1843 4678 et
1880 4623 2081 4678 falsum

506 4739 826 4792 coarguere,
863 4731 918 4775 et
943 4721 1092 4790 quod
1131 4722 1323 4772 melius
1355 4728 1438 4771 est
1471 4734 1499 4771 a
1529 4718 1713 4786 pejure
1744 4718 2084 4772 discernere.

507 4815 646 4883 Quid
671 4831 800 4884 ergo
815 4811 1106 4868 dicemus?
1129 4811 1545 4865 Fertnentatuan
1572 4825 1708 4862 erat.
1741 4808 1920 4863 Absit.
1947 4809 2090 4873 Quo-
2121 4829 2126 4833 -

511 4923 636 4963 nam
675 4905 872 4960 modo?
904 4905 1088 4960 Tertia
1124 4914 1245 4958 erat
1275 4904 1390 4958 dies
1422 4901 1606 4969 legalis
1645 4900 1950 4964 Pascliatis,
1990 4915 2090 4956 nec

512 5006 760 5071 poterant
783 4998 877 5060 qui
914 5013 1040 5051 cum
1064 4996 1192 5051 Jesu
1217 4997 1380 5050 simul
1412 4995 1566 5048 ibant
1593 4992 1866 5062 Cieophas
1896 5002 1947 5045 et
1976 4991 2082 5046 Ln-

508 5108 627 5157 cas,
670 5091 773 5146 nisi
815 5105 1064 5158 azymum
1111 5087 1253 5142 ferre
1292 5087 1361 5142 ab
1392 5089 1525 5141 urbe
1561 5084 1862 5140 Jerusalem
1903 5082 2088 5154 profe-

512 5185 607 5242 cti.
644 5203 663 5236 ι
703 5181 922 5254 Septem
955 5180 1174 5243 diebus,
1205 5179 1380 5249 inquit
1405 5178 1512 5241 lex,
1539 5191 1729 5246 azyma
1763 5174 2087 5238 comedetis,

511 5287 566 5331 ct
606 5289 953 5344 nequaquam
1008 5272 1352 5328 fermentata.
1403 5289 1422 5322 ι
1461 5269 1598 5323 Nam
1640 5267 1861 5330 subdit,
1905 5284 1923 5316 ι
1960 5264 2093 5332 Qni-

513 5383 751 5437 cumquc
781 5365 1078 5422 comederit
1109 5361 1742 5431 fermentatum,peribit
1776 5357 1957 5412 anima
1993 5359 2085 5411 illa

514 5474 580 5514 ex
611 5459 799 5517 Israel.
837 5476 856 5509 ι
891 5456 946 5514 Si
982 5471 1112 5527 ergo
1155 5455 1269 5508 haec
1305 5470 1431 5510 vera
1476 5465 1643 5517 sunt,
1676 5467 1784 5519 quo
1819 5463 1979 5522 pacto
2017 5450 2089 5505 ibi

519 5551 694 5618 potuit
721 5549 1046 5604 fermentum
1077 5545 1326 5616 reperiri,
1358 5546 1473 5614 lege
1508 5553 1723 5598 vetante
1750 5543 1801 5595 id
1834 5542 2024 5596 conﬁci
2060 5557 2090 5596 a

519 5642 926 5710 quartadecima
986 5639 1075 5694 die
1137 5652 1312 5708 usque
1365 5637 1432 5690 ad
1487 5635 1800 5692 vicesimam
1861 5633 2091 5688 urimam

627 5775 672 5806 ‘°
719 5775 854 5828 Luc.
886 5792 1037 5840 ntv,
1063 5775 1129 5827 9.1
1171 5789 1332 5843 seqq.

598 5889 675 5960 (l)
696 5889 1064 5958 Nicephorus,
1093 5905 1255 5953 quasi
1281 5889 1484 5942 vincens
1515 5887 1713 5955 forum.

2193 4647 2448 4702 τοσοῦτον
2483 4644 2705 4698 ἀσύνετ’
2727 4663 2771 4706 ι,
2807 4644 2950 4697 ὣστε
2983 4644 3056 4710 μὴ
3105 4641 3233 4693 ἰδεῖν
3265 4642 3369 4710 τὴν
3401 4637 3674 4708 ἀλήθειαν.
3705 4625 3752 4678 Εἰ

2196 4739 2303 4806 γὰρ
2340 4737 2435 4790 καὶ
2485 4735 2562 4804 μὴ
2608 4731 2982 4802 φιλοσόφοιςῆ
3017 4731 3277 4800 ῥήτορσιν
3325 4724 3753 4797 ένετρυφήσαμεν

2178 4828 2396 4897 λόγοις,
2431 4825 2574 4880 ἀλλὰ
2609 4825 2709 4895 τὴν
2749 4823 2912 4892 φύσιν
2945 4823 3114 4892 αὐτὴν
3147 4821 3474 4874 διδάσκαλον
3519 4807 3756 4872 ἐπλουτή·

2200 4934 2418 4988 σαμενθ
2471 4919 2554 4971 ὅτι
2593 4917 2831 4985 μάλιστα
2884 4915 3118 4980 ξυνιδεῖν
3170 4912 3409 4980 τάληθὲς
3458 4904 3752 4974 δυναμένην,

2199 5013 2296 5066 καὶ
2327 5009 2606 5078 διελέγξαι
2642 5009 2702 5061 τὺ
2744 5008 2964 5077 ψεῦδος,
2999 5007 3094 5061 καί⁵
3124 5007 3408 5075 διακρῖναι
3447 5003 3505 5056 τὸ
3537 4999 3752 5066 κρεῖττον

2196 5103 2308 5160 ἀπὸ
2352 5103 2448 5156 τοῦ
2501 5102 2769 5172 χείρονος.
2819 5101 2884 5153 Τί
2929 5095 3022 5152 οὖν
3059 5099 3339 5169 ἐροῦμεν;
3375 5095 3643 5162 Ἕνζυμον
3682 5081 3752 5153 ἦν*

2197 5199 2403 5264 ἄπαγε.
2451 5196 2576 5257 Πῶς
2611 5195 2758 5264 γάρ;
2795 5193 2965 5262 Τρίτη
3001 5189 3068 5261 ἦν
3091 5192 3275 5262 ἡμέρα
3296 5190 3394 5243 τοῦ
3427 5181 3646 5255 νομικοῦ
3669 5175 3757 5264 lli:

2205 5305 2334 5356 σχα,
2365 5287 2466 5341 καὶ
2494 5286 2596 5338 οὐκ
2624 5285 2891 5356 ἠδύναντο
2937 5284 2986 5336 οἱ
3027 5278 3658 5350 συμπαραπορευόμενοι
3693 5259 3755 5330 τῷ

2212 5351 2416 5450 ’ίησοῖη
2447 5351 2719 5440 Κλεώπας
2750 5392 2808 5428 τε
2859 5377 2957 5429 καὶ
2996 5374 3237 5436 Λουκᾶς,
3272 5369 3591 5440 βαστάζειν,
3621 5359 3664 5413 εί
3696 5351 3754 5424 μὴ
3789 5387 3792 5390 ’

2201 5474 2430 5543 ἄζυμον,
2450 5467 2862 5541 ἐρχόμενοιοὰπδ
2889 5465 3254 5536 Ἰερουσαλήμ
3275 5503 3289 5518 .
3320 5481 3339 5513 ι
3362 5451 3752 5523 Ἐπτὰήμέραςο

2203 5566 2370 5636 φησιν
2394 5567 2424 5618 ὁ
2443 5563 2628 5634 νόμος,
2659 5561 2840 5615 ἓδεσθε
2872 5559 3081 5627 ἄζυμα,
3106 5557 3201 5611 καὶ
3224 5553 3491 5626 μηδαμῶς
3519 5547 3707 5636 aucupa
3733 5551 3747 5583 ι

2202 5631 2315 5724 Kell
2338 5654 2445 5726 γὰρ
2470 5631 2672 5722 ἐττάγει
2699 5667 2712 5682 ⁶
2739 5669 2761 5704 ι
2791 5653 2886 5714 Ὃς
2913 5649 2978 5704 ἂν
3006 5647 3158 5721 φάγῃ
3177 5645 3449 5718 ζυμωτδν,
3480 5631 3753 5704 ἐξολεθρευ-
