4004 6418
287 405 418 468 Ῑῖὶι

789 401 939 463 PRO
975 400 1185 464 CONC.
1227 397 1603 462 FLORENT.
1637 397 1804 462 CAP.
1855 400 1871 458 l

1985 398 2074 458 DE
2116 393 2370 456 ΛΖΥΜΟ
2395 395 2491 455 ΕΤ
2534 393 3075 457 FERMENTATO.

3401 395 3538 462 1222

273 518 501 580 θήσεται
739 513 921 581 ἐκείνη
942 513 1006 564 ἐκ
1037 511 1362 580 συναγωγῆς
1380 509 1515 562 υἱῶν
1555 510 1800 579 Ἰσραήλ.
1835 528 1854 562 ι

1985 505 2208 559 nensis?
2239 505 2422 571 Itaque
2454 514 2573 559 erat
2606 521 2854 575 azymus.
2887 505 2944 561 Si
2972 506 3120 560 enim
3160 506 3538 573 fermentatus.

275 608 342 660 Εἰ
378 601 469 658 οὖν
516 603 672 658 ταῦτ’
721 604 922 673 ἀληθῆ,
961 605 1076 666 πῶς
1128 602 1362 670 ὠφειλεν
1395 603 1512 654 ἐκεῖ
1563 601 1856 671 εὑρεθῆναι

274 699 536 765 ἕνζυμον,
573 695 666 748 τοῦ
699 696 866 764 νόμου
902 695 1238 757 κελεύοντος,
1269 695 1391 764 μηδ’
1423 694 1565 758 ὅλως
1599 695 1852 765 εὑρίσκει

276 787 402 838 σθαι
444 785 552 837 ἀπὸ
585 785 686 853 τῆς
712 786 1345 854 τεσσαρεσκαιδεκάτης,
1375 785 1479 847 ἓως
1511 786 1613 853 τῆς
1639 788 1857 850 εἰκάδος

275 877 374 929 καὶ
408 880 557 943 μιᾶς.
588 877 679 928 τοῦ
721 878 888 946 μηνός
918 893 933 944 ;
973 879 1135 930 Ὥστε
1164 877 1370 946 ﬁngo;
1413 873 1501 946 ἦν.
1537 879 1595 930 Εἰ
1626 878 1727 946 μὲν
1760 881 1866 948 γὰρ

277 969 532 1037 ἕνζυμος,
572 971 817 1021 κάκεῖνοι
852 969 1190 1038 παρανόμως
1221 971 1485 1039 ἐποίησαν
1519 970 1863 1039 προσφέρον-

279 1078 371 1120 τες
396 1061 629 1130 ἕνζυμον
665 1064 731 1130 τῇ
764 1061 875 1113 τῶν
924 1061 1176 1130 Ἀζύμων
1200 1061 1384 1131 ἡμέρᾳ
1405 1076 1419 1090 ⁸
1449 1061 1542 1113 καὶ
1571 1063 1600 1114 ὁ
1627 1061 1862 1130 Χριστὸς

283 1153 614 1220 παραϐάτης
655 1153 953 1214 ἐδείκνυτο,
994 1154 1200 1212 κλάσας
1230 1153 1484 1222 ἒνζυμον,
1527 1153 1616 1205 καὶ
1645 1153 1863 1215 ἐπιδοὺς

282 1245 497 1306 αὐτοῖς’
521 1247 570 1298 εί
599 1245 644 1296 δ’
666 1245 896 1315 ἄζυμος,
916 1245 1106 1316 ὥσπερ
1141 1248 1234 1299 καὶ
1259 1243 1348 1315 ἦν,
1382 1247 1560 1316 μάτην
1580 1244 1862 1312 ἐγκαλεῖτε

285 1337 420 1404 ἡμῖν
451 1335 637 1390 λοιπόν
663 1354 678 1368 ο
710 1339 804 1390 καὶ
829 1338 938 1406 γὰρ
969 1337 1262 1406 πληρωτὴς
1288 1339 1382 1390 τοῦ
1409 1337 1576 1406 νόμου
1603 1339 1866 1408 ὑπάρχων

282 1427 314 1478 ὁ
346 1427 596 1495 Χριστὸς,
629 1428 730 1480 οὐκ
766 1430 832 1480 ἂν
871 1428 1102 1481 ἔκλασεν
1134 1429 1322 1491 αὑτὸν,
1353 1431 1401 1482 εἰ
1435 1430 1556 1500 ᾔδει
1592 1430 1676 1484 ὅτι
1709 1429 1866 1492 ἐνζυ-

288 1536 390 1588 μσς
418 1516 520 1590 ἦν·
555 1522 678 1574 ἐπεὶ
707 1521 762 1572 ἐν
792 1523 911 1583 ταῖς
941 1523 1430 1590 άπηγορευμέναις
1456 1523 1690 1592 ἡμέραις
1717 1523 1866 1591 παρὰ

284 1611 382 1665 τοῦ
417 1614 581 1680 νόμου
627 1613 805 1666 ἐποίει
853 1612 1033 1667 τοῦτο.
1080 1615 1344 1666 Κάκεῖνοι
1404 1614 1459 1666 δέ
1487 1619 1552 1668 τὰ
1601 1613 1868 1668 Ἰουδαῖκὰ

1964 597 1998 650 ii
2033 598 2202 666 legem
2239 597 2534 652 violassent
2566 600 2954 651 fermentatum
2987 597 3039 651 in
3088 597 3177 651 die
3211 599 3537 670 Azymorum

1962 687 2263 751 offerendo,
2313 698 2365 744 et
2412 691 2671 744 Christus
2716 699 3093 758 transgressor
3147 693 3443 759 evaderet,
3495 695 3544 749 si

1969 781 2359 836 fermentatum
2411 779 2659 850 fregisset
2701 797 2768 834 ac
2819 782 3156 835 tradidisset.
3211 781 3268 836 Si
3316 799 3545 852 azymtts

1971 878 2054 943 (ut
2089 875 2251 942 erat),
2295 884 2499 927 temere
2533 878 2749 926 tandem
2787 888 2886 926 nos
2915 874 3182 928 incnsatis
3216 889 3235 926 :
3265 889 3389 927 nam
3418 890 3543 928 cum

1970 977 2161 1022 auctor
2199 965 2334 1034 legis
2366 966 2728 1034 adimplenda:
2757 964 3012 1020 Christus
3053 976 3224 1029 esset,
3271 981 3398 1021 eum
3434 983 3542 1021 non

1971 1060 2240 1130 fregisset,
2263 1059 2308 1111 si
2328 1059 2712 1113 fermentatum
2733 1074 2855 1112 esse
2877 1059 3093 1122 scisset,
3122 1074 3246 1112 nam
3275 1059 3328 1112 in
3349 1059 3546 1114 diebus

1971 1167 1999 1205 a
2033 1152 2150 1220 lege
2178 1151 2358 1205 vetitis
2387 1150 2439 1204 id
2472 1151 2783 1218 effecisset;
2818 1153 2852 1206 ii
2881 1167 3009 1206 vero
3042 1152 3185 1207 sicut
3207 1149 3381 1206 Judaei
3415 1167 3542 1207 sen-

1971 1244 2201 1309 tiebant,
2233 1251 2287 1297 et
2314 1243 2512 1312 legent,
2548 1253 2606 1296 ttt
2645 1244 2952 1314 oportebat,
2997 1243 3307 1310 servabant,
3339 1259 3448 1299 non
3480 1259 3548 1298 eo

1972 1350 2215 1406 tempore
2241 1346 2475 1402 tantum,
2507 1337 2677 1391 sedet
2710 1347 2834 1407 post
2861 1339 3328 1393 resurrectionem
3357 1345 3412 1392 et
3446 1337 3549 1392 Do-

1971 1431 2103 1485 mini
2128 1429 2590 1498 assumptiouem.
2615 1428 2758 1497 Ergo
2782 1444 2845 1484 ex
2879 1430 2961 1484 his
2987 1431 3241 1484 omnibus
3268 1429 3548 1499 sequitur.

1971 1537 2219 1592 azyntum
2257 1519 2560 1584 exstitisse,
2595 1522 2689 1589 qui
2727 1535 2755 1574 a
2790 1518 2922 1575 Jesn
2956 1519 3164 1576 fractus
3183 1521 3398 1576 duobus
3460 1519 3548 1574 di-

1981 1611 2207 1682 scipulis
2245 1613 2478 1667 traditus
2511 1621 2612 1667 est.

287 1709 371 1762 ἔτι
421 1707 703 1776 ἐφρόνουν,
739 1709 834 1760 καὶ
879 1709 972 1761 τὸν
1005 1707 1194 1777 νόμον,
1229 1709 1304 1771 ὡς
1359 1709 1466 1762 ἔδει
1522 1711 1775 1780 ἐτήρουν,
1808 1711 1868 1763 οὐ
1900 1711 2058 1780 μόνον
2087 1711 2233 1773 τότε,
2266 1711 2400 1763 ἀλλὰ
2447 1709 2543 1762 καὶ
2577 1711 2717 1778 μετὰ
2747 1710 2849 1780 τὴν
2899 1709 3231 1777 ἀνάστασιν,
3291 1711 3391 1764 καὶ
3449 1710 3554 1780 τὴν

285 1803 381 1857 τοῦ
432 1804 635 1872 Κυρίου
670 1803 962 1872 ἀνάληψιν.
1008 1803 1220 1857 Οὐκοῦν
1273 1805 1469 1858 ἕπεται
1515 1808 1604 1861 διὰ
1658 1807 1867 1861 τούτων
1900 1808 2157 1862 ἁπάντων
2205 1807 2417 1878 ἄζυμον
2450 1804 2592 1862 εἶναι
2668 1806 2762 1860 τὸν
2805 1807 2957 1878 παρὰ
3024 1808 3118 1862 τοῦ
3195 1807 3375 1879 Ἰησοῦ
3416 1810 3552 1862 κλα-

290 1899 488 1953 σθέντα
513 1899 606 1951 καὶ
628 1897 851 1952 δοθέντα
888 1900 1002 1962 τοῖς
1041 1898 1165 1951 δυσὶ
1203 1899 1501 1970 μαθηταῖς.

1038 2000 1122 2054 η’.

365 2091 427 2143 Ei
457 2089 512 2142 δέ
539 2107 622 2153 τις
671 2091 917 2160 ἀνοήτως
957 2091 1050 2143 καὶ
1083 2090 1242 2144 τοῦτο
1285 2092 1441 2163 εἴπῃ,
1494 2093 1576 2144 ὅτι
1626 2091 1731 2158 ἔξω
1766 2092 1867 2160 τῆς

299 2181 666 2252 Ἰερουσαλὴμ
720 2177 882 2249 ἦσαν,
939 2181 1035 2232 καὶ
1100 2180 1367 2249 ἠδύναντο
1401 2181 1634 2251 ἐνζυμον
1675 2183 1870 2249 φαγεῖν

293 2279 484 2345 ἄρτον,
520 2273 883 2344 ἐνθυμηθήτω
911 2273 992 2325 ὅτι
1019 2273 1047 2323 ὁ
1076 2275 1238 2341 νόμος
1269 2274 1460 2342 φησὶν,
1495 2290 1515 2324 ι
1536 2273 1628 2326 Ἐν
1669 2274 1872 2336 πάσαις

292 2370 418 2430 ταῖς
447 2365 710 2436 γειώραις
743 2367 836 2418 καὶ
873 2363 1162 2434 αὐτόχθοσι
1189 2364 1288 2432 τῆς
1319 2364 1418 2432 γῆς
1445 2379 1461 2396 ⁶
1497 2364 1591 2417 καὶ
1620 2364 1677 2414 ἐν
1707 2363 1872 2416 παντὶ

295 2458 708 2528 κατοικητηρίῳ
740 2457 916 2523 ὑμῶν,
949 2456 1129 2508 ἔδεσθε
1161 2456 1348 2523 ἄζυμα
1379 2456 1474 2508 καὶ
1499 2456 1557 2507 οὐ
1584 2455 1867 2521 ζυμωτόνο

295 2556 355 2617 ὃς
369 2553 496 2607 δ’ἂν
520 2553 695 2623 φάγῃ,
723 2549 1242 2619 ἐξολοθρευθήσεται
1263 2547 1323 2612 ἐξ
1359 2548 1578 2618 Ἰσραήλ
1605 2563 1651 2598 ο)
1683 2545 1873 2616 ὥσπερ

296 2649 406 2716 γὰρ
436 2647 494 2698 ἐν
525 2645 602 2713 τῷ
626 2645 828 2712 δείπνῳ
855 2644 914 2695 ἐν
943 2644 1009 2712 τῇ
1038 2641 1250 2712 ἑσπέρα
1289 2640 1382 2694 τοῦ
1416 2638 1742 2708 μυστηρίου,
1776 2638 1874 2690 λα-

298 2740 409 2792 ϐὼν
438 2739 528 2791 τδν
561 2737 770 2806 ἄζυμον
799 2736 1008 2788 ἐκεῖνον
1037 2734 1223 2803 ἄρτον,
1255 2735 1348 2787 καὶ
1392 2733 1600 2795 κλάσας
1629 2732 1872 2786 ἐπεδίδου

299 2830 416 2892 τοῖς
467 2827 757 2898 μαθηταῖς,
814 2823 1009 2888 εἰπὼν,
1050 2841 1070 2875 ‹
1124 2823 1355 2884 Λάϐετε,
1404 2823 1631 2894 φάγετε,
1677 2839 1695 2872 ι
1733 2819 1878 2872 οὕτω

299 2921 581 2976 κάνταῦθα
636 2921 863 2990 ἔπραξε.
900 2918 1003 2971 Διὰ
1051 2916 1218 2970 τοῦτο
1265 2916 1360 2972 καὶ
1398 2914 1644 2982 ἔγνωσαν
1689 2913 1876 2976 αὑτὸν,

305 3013 648 3085 μεμνημένοι
683 3013 776 3064 τοῦ
809 3012 931 3065 τότε
965 3011 1303 3080 πραχθέντος
1329 3025 1342 3038 ·
1375 3008 1579 3061 ὡσανεὶ
1611 3007 1883 3077 μελετῶνο

301 3124 394 3168 τες
432 3107 641 3176 ἡρέμα,
689 3104 747 3156 ὐ
779 3103 1101 3164 διδάσκαλός
1153 3103 1322 3162 ἐστιν,
1361 3102 1390 3152 ό
1441 3099 1536 3154 καὶ
1565 3103 1630 3168 τῇ
1676 3099 1881 3167 προλα-

305 3196 478 3265 ϐούοῃ
506 3195 597 3247 τὸν
615 3193 780 3263 ἄρτον
805 3192 1006 3254 κλάσας
1030 3189 1484 3258 τοιουτοτρόπως,
1514 3189 1610 3242 καὶ
1631 3187 1884 3252 δεδωκὼς

303 3294 414 3353 τοῖς
443 3289 710 3356 ἀδελφοῖς.
749 3286 1072 3352 Βουλόμενοι
1103 3283 1159 3336 δὲ
1199 3281 1441 3352 ἅψασθαι
1475 3282 1662 3344 αὐτοῦ,
1713 3282 1883 3349 ἄφαν-

1895 2003 1942 2062 Β

2642 1999 2782 2056 Vl".

2045 2091 2101 2145 Si
2136 2106 2262 2146 vero
2291 2091 2486 2145 stolide
2509 2090 2635 2160 quis
2679 2089 2907 2155 dixerit,
2943 2104 3038 2146 eos
3063 2099 3219 2147 extra
3245 2089 3548 2146 Jerusalem

1981 2184 2175 2250 fuisse,
2218 2192 2270 2237 et
2309 2184 2381 2236 ita
2435 2183 2821 2236 fermentatum
2859 2185 3144 2237 comedere
3201 2197 3394 2252 panem
3452 2198 3553 2252 po-

1981 2277 2177 2339 tuisse,
2205 2283 2418 2343 reputet
2451 2274 2593 2344 quod
2626 2276 2709 2328 lex
2747 2274 2877 2327 dicit
2910 2289 2922 2325 :
2962 2291 2981 2325 ι
3020 2273 3077 2327 ln
3103 2273 3362 2328 omnibus
3387 2274 3552 2328 adve—

1907 2432 1912 2436 ,
1977 2371 2063 2424 nis
2089 2377 2142 2424 et
2163 2368 2436 2438 indigenis
2469 2377 2647 2428 terra.
2675 2375 2729 2421 et
2764 2367 2816 2420 in
2849 2366 3000 2420 omni
3021 2365 3336 2420 habitacula
3369 2375 3553 2422 vestro

1975 2463 2272 2518 comedetis
2331 2475 2544 2530 azyma,
2621 2475 2729 2513 non
2784 2459 3190 2513 fermentatum.
3236 2458 3560 2528 Quicunque

1977 2555 2302 2617 comederit,
2340 2554 2538 2623 peribit
2569 2552 2846 2608 exlsrael.
2895 2570 2913 2602 ι
2951 2551 3085 2606 Nam
3112 2553 3278 2606 Veluti
3314 2553 3366 2606 in
3396 2566 3556 2606 ctena

1977 2646 2189 2715 vesperi
2230 2645 2476 2714 mysterii
2541 2654 2783 2712 tempore
2845 2658 3037 2714 azymo
3070 2656 3289 2713 sumpto
3323 2657 3460 2711 pane
3507 2654 3561 2697 et

1981 2741 2153 2794 fracto
2187 2737 2490 2801 discubuit,
2521 2736 2808 2804 discipulis
2835 2735 3047 2796 dicens,
3087 2753 3107 2786 α
3152 2735 3416 2804 Accipite,
3461 2750 3558 2790 co-

1979 2833 2202 2898 meditc,
2236 2850 2254 2882 ι
2289 2832 2369 2885 sic
2419 2841 2470 2884 et
2515 2829 2621 2882 hoc
2673 2829 2796 2881 loco
2837 2827 2984 2882 fecit.
3019 2827 3228 2881 Idcirco
3278 2840 3556 2896 cognove-

1979 2934 2106 2979 runt
2129 2937 2280 2988 eum,
2305 2923 2356 2975 in
2401 2921 2717 2975 memoriam
2753 2923 3061 2974 revocando
3093 2934 3212 2988 qua:
3263 2929 3377 2972 tum
3407 2928 3563 2988 gesta
3634 2931 3641 2935 ·

1985 3026 2132 3082 sunt,
2169 3016 2326 3086 quasi
2357 3015 2518 3067 tacite
2565 3027 2750 3066 secum
2787 3011 3135 3075 meditantes,
3172 3011 3269 3065 llic
3301 3011 3564 3080 magister

1984 3110 2186 3179 estqui
2216 3109 2299 3160 die
2331 3105 2602 3176 superiori
2637 3120 2832 3173 panem
2867 3105 3048 3175 fregit,
3082 3105 3274 3158 eodem
3311 3104 3476 3158 modo
3505 3111 3562 3157 et

1988 3200 2252 3254 fratribus
2284 3198 2526 3260 lrutlltlil,
2565 3205 2618 3251 et
2673 3211 2795 3250 cum
2830 3196 3135 3251 voluissent
3168 3211 3292 3250 eum
3342 3207 3566 3265 tangere

1987 3293 2229 3348 evanuit.
2296 3289 2400 3344 Sed
2453 3289 2732 3359 quomodo
2790 3288 3162 3356 intelligamus
3216 3287 3284 3341 de
3333 3289 3568 3357 panibus

301 3398 392 3444 τος
433 3377 526 3433 ἀπ’
571 3376 752 3432 αὐτῶν
805 3376 1042 3443 ἐγένετο.
1080 3373 1150 3424 Ἢ
1207 3373 1324 3433 πῶς
1366 3371 1715 3440 ἐννοήσωμεν
1756 3373 1878 3433 τοὺς

1990 3385 2410 3453 propositionis,
2448 3386 2513 3435 de
2540 3381 2742 3450 quibus
2797 3379 2931 3436 dicit
2989 3381 3246 3436 Christus
3275 3381 3453 3451 capite
3479 3397 3572 3436 se-

302 3472 505 3540 ἄρτους
529 3469 628 3537 τῆς
658 3465 992 3536 προθέσεως,
1023 3463 1152 3530 περὶ
1185 3457 1315 3515 ὦνό
1351 3461 1588 3530 Χριστος
1621 3461 1792 3525 λέγει,
1823 3461 1881 3512 ἐν

303 3561 588 3631 κεφαλαίῳ
617 3556 852 3628 εἰκοστῷ
879 3555 1131 3624 τετάρτῳ
1161 3555 1255 3609 τοῦ
1306 3551 1695 3621 εὐαγγελιστοῦ
1728 3552 1886 3620 Μάρ-

304 3672 404 3710 κου
424 3670 439 3720 ;
465 3653 604 3720 Φησὶ
625 3653 734 3722 γὰρ
759 3653 898 3720 πρὸς
920 3651 1044 3714 τοὺς
1063 3649 1368 3712 Ἰουδαίους,
1386 3646 1741 3708 ὀνειδίζοντας
1758 3645 1885 3704 τοὺς

313 3745 655 3810 ἀποστόλους
675 3745 957 3806 τίλλοντας
979 3743 1107 3806 τοὺς
1142 3741 1404 3810 στάχυας,
1435 3738 1580 3791 «Οὐκ
1613 3739 1884 3803 ἀνέγνωτε

305 3839 360 3892 τί
386 3840 607 3909 ἐποίησε
626 3837 812 3902 Δαόῖδ,
832 3837 920 3889 ὅτε
953 3835 1145 3906 χρείαν
1175 3833 1298 3902 ἔσχε
1322 3849 1336 3866 ο
1369 3835 1462 3885 καὶ
1485 3829 1770 3883 ἐπείνασεν
1791 3829 1886 3880 αὑ-

307 3932 399 3993 τὸς
427 3930 518 3982 καὶ
547 3930 595 3982 οῖ
641 3930 757 3997 μετ’
787 3927 954 3980 αὐτοῦ
981 3944 995 3992 ;
1035 3925 1158 3987 ῐιῶς
1191 3923 1442 3991 εἰσῆλθεν
1485 3923 1565 3984 εἰς
1613 3921 1704 3972 τὸν
1736 3916 1884 3972 οἷκον

311 4019 408 4072 τοῦ
435 4018 568 4072 Θεοῦ
601 4019 694 4072 ἐπὶ
734 4016 1004 4086 Ἀϐιάθαρ
1037 4015 1364 4084 ἀρχιερέως,
1401 4011 1497 4065 καὶ
1525 4013 1647 4074 τοὺς
1689 4010 1887 4081 ἄρτους

311 4110 414 4179 τῆς
455 4111 762 4181 προθέσεως
786 4109 1014 4178 ἔφαγεν,
1041 4105 1134 4170 οὓς
1171 4106 1268 4158 οὐκ
1299 4105 1477 4169 ἔξεστι
1507 4105 1703 4172 φαγεῖν
1735 4105 1782 4154 εἰ
1813 4101 1887 4171 μὴ

307 4207 420 4268 τοῖς
452 4203 656 4276 ἱερεῦσι
711 4203 918 4270 μόνοις,
953 4203 1048 4254 καὶ
1092 4201 1263 4254 ἔδωκε
1303 4200 1396 4252 καὶ
1449 4199 1562 4259 τοῖς
1592 4198 1691 4249 σὺν
1737 4195 1886 4263 αὐτῷ

308 4294 502 4361 οὖσινς
547 4315 567 4350 ›
619 4297 948 4366 Ἐρωτῶμεν
985 4293 1079 4347 οὖν
1126 4293 1272 4361 ὑμᾶς
1301 4309 1312 4320 ·
1351 4292 1400 4344 oi
1449 4291 1606 4359 ἄρτοι
1654 4288 1802 4342 οὗτοι
1839 4291 1888 4341 oi

305 4391 407 4462 τῆς
440 4391 776 4462 προθέσεως,
805 4390 1034 4458 ἐνζυμοι
1067 4390 1333 4456 ὑπῆρχον,
1363 4386 1396 4454 ἢ
1425 4385 1623 4450 ἄζυμοι
1651 4400 1664 4446 ;
1698 4383 1756 4434 Εἰ
1791 4382 1889 4450 μὲν

310 4483 553 4553 ενζυμοι,
594 4483 936 4551 ἰουδαΐζομεν
963 4482 1057 4534 καὶ
1085 4482 1244 4553 ἡμεῖς
1279 4477 1398 4529 καθ’
1426 4476 1566 4544 ὑμᾶς
1599 4473 1875 4549 ἐνζύμους

307 4581 506 4648 ἄρτους
545 4576 736 4628 θυσίαν
785 4573 1104 4633 ποιοῦντεςο
1148 4573 1196 4622 εί
1251 4570 1296 4622 δ’
1335 4568 1536 4638 ἄζυμοι
1579 4562 1739 4637 ἦσαν,
1782 4567 1891 4635 ἄρα.

1987 3476 2168 3529 eundo
2200 3477 2341 3543 apud
2368 3473 2610 3528 Marcum
2647 3475 3076 3543 evangelistam;
3111 3475 3246 3529 dicit
3299 3475 3446 3529 enim
3494 3475 3562 3527 ad

1987 3565 2207 3620 .ludmos
2240 3565 2596 3633 obiurgantes
2632 3565 2912 3632 apostolos
2953 3565 3098 3633 quod
3157 3566 3340 3633 spicas
3402 3565 3566 3619 velle-

1987 3659 2118 3711 bant
2157 3674 2172 3711 :
2214 3656 2500 3724 Nunquam
2535 3655 2748 3722 legistis
2778 3656 2907 3723 quid
2943 3655 3133 3709 fecerit
3167 3655 3566 3724 Davidquando

1989 3751 2371 3804 necessitatem
2411 3746 2625 3810 habuit,
2649 3757 2703 3800 ct
2729 3746 2924 3800 esuriit
2954 3745 3090 3815 ipse,
3126 3753 3180 3799 et
3204 3745 3296 3813 qui
3331 3759 3457 3799 cum
3499 3761 3565 3799 eo

1987 3837 2486 3905 erantiquomodo
2509 3836 2759 3890 introivit
2786 3836 2840 3889 in
2881 3835 3101 3889 domum
3140 3835 3232 3887 Dei
3270 3835 3371 3889 sub
3398 3833 3568 3888 Ahia-

1997 3934 2122 3986 tltar
2153 3929 2396 3998 principe
2450 3927 2818 3991 sacerdotum,
2869 3933 2922 3979 et
2958 3938 3128 3995 panes
3175 3923 3566 3992 propositionis

1995 4020 2370 4081 manducavit,
2407 4033 2546 4086 quos
2575 4033 2680 4070 non
2721 4016 2843 4070 licet
2881 4015 2990 4069 nisi
3014 4014 3396 4069 sacerdotibus
3415 4028 3569 4067 man-

1992 4115 2218 4178 ducare,
2245 4123 2298 4166 et
2340 4111 2488 4166 dedit
2519 4109 2601 4164 eis
2632 4108 2724 4178 qui
2751 4124 2878 4162 cum
2923 4123 2988 4163 eo
3024 4108 3218 4162 erant?
3271 4108 3569 4161 Perconta-

1995 4223 2118 4262 mur
2155 4206 2320 4276 igitur
2363 4221 2491 4267 vos,
2543 4219 2709 4272 panes
2758 4202 3150 4271 propositionis
3190 4201 3571 4255 ferntentatiue

1995 4309 2152 4357 erant
2183 4316 2249 4352 an
2288 4297 2507 4367 azymi?
2538 4296 2592 4351 Si
2629 4294 2962 4356 fermentati,
2998 4308 3094 4346 nos
3125 4294 3290 4346 etiam
3317 4293 3568 4362 julaiza-

1994 4409 2139 4455 mus,
2173 4402 2233 4446 ιιι
2286 4405 2384 4444 vos
2435 4387 2789 4450 existimatis,
2831 4387 2886 4439 in
2940 4385 3286 4440 fermentatis
3332 4383 3570 4454 panibus

1994 4486 2396 4542 sacrificantes.
2425 4483 2480 4535 Si
2520 4496 2648 4534 vero
2688 4481 2886 4551 azymi,
2923 4493 3051 4547 ergo
3105 4487 3158 4532 et
3203 4477 3378 4547 azymi
3405 4461 3574 4543 partes

1996 4585 2282 4632 vocantur.
2319 4576 2584 4628 Praeterea
2613 4572 2657 4626 si
2697 4571 3004 4625 fermentati
3057 4577 3216 4622 erant
3281 4582 3448 4636 panes
3495 4567 3569 4620 illi

308 4670 406 4723 καὶ
445 4670 492 4721 oi
546 4667 766 4738 ἄζυμοι,
800 4665 956 4735 ἄρτοι
1002 4661 1320 4717 καλοῦνται.
1367 4661 1488 4712 Ἔτι
1525 4660 1572 4711 εί
1609 4658 1709 4729 μὲν
1739 4658 1878 4722 ἐνζυ-

1998 4667 2408 4741 propositionis,
2443 4665 2769 4720 sacrificium
2825 4664 2877 4716 in
2932 4661 3260 4715 fermentata
3291 4658 3570 4712 Christum

311 4777 405 4830 μοι
440 4756 580 4830 ἦσαν
614 4759 662 4810 οῖ
695 4758 852 4829 ἄρτοι
887 4758 1086 4809 ἐκεῖνοι
1126 4755 1224 4824 τῆς
1269 4753 1604 4823 προθέσεως,
1649 4752 1760 4806 ἔδει
1799 4753 1890 4804 τὸν

307 4852 545 4923 Χριστὸν
589 4850 797 4904 παῦσαι
847 4849 944 4918 τὴν
1002 4847 1194 4901 θυσίαν
1249 4845 1348 4915 τὴν
1405 4845 1474 4898 δι’
1504 4845 1781 4913 ἐνζύμων,
1816 4844 1892 4905 ὼς

309 4945 548 4996 παλαιάν
576 4958 636 4996 τε
671 4944 764 4996 καὶ
797 4941 1058 5011 νόμιμον,
1087 4939 1174 4991 ἴνα
1201 4937 1277 5008 μὴ
1310 4937 1376 4989 τὰ
1407 4937 1572 5006 ὅμοια
1605 4938 1719 4997 τοῖς
1763 4937 1894 4988 Ἰου-

310 5038 484 5100 δαίοις
537 5035 803 5104 ποιῶμεν,
857 5035 953 5087 καὶ
1000 5031 1207 5101 ταύτην
1265 5029 1476 5097 διδάξαι
1539 5027 1788 5098 γίνεσθαι
1824 5025 1891 5079 δι’

311 5127 574 5197 ἀζύμων·
618 5128 666 5179 εί
712 5125 754 5177 δ’
789 5125 988 5195 ἄζυμοι
1032 5119 1200 5194 ἦσαν,
1257 5123 1351 5174 καὶ
1382 5123 1410 5174 ὁ
1458 5119 1692 5188 ἄζυμος,
1728 5118 1892 5188 ἄρτος

313 5220 586 5274 καλεῖται.
626 5219 874 5289 Ἐδείχθη
889 5214 983 5272 οὖν
1013 5218 1239 5279 ῖκσνῶς,
1269 5215 1441 5283 ἀγαθὲ
1472 5213 1786 5282 Νικηφὸρε,
1810 5211 1893 5264 ὅτι

313 5315 410 5367 καὶ
441 5313 468 5366 ὁ
499 5313 707 5383 ἄζυμος
774 5312 938 5382 ἄρτος
971 5311 1214 5376 λέγεται,
1247 5309 1342 5362 καὶ
1372 5308 1512 5372 ἐστι,
1544 5306 1636 5358 καὶ
1667 5307 1889 5368 νοεῖται,

315 5411 487 5480 χωρίς
516 5410 606 5462 τοῦ
639 5407 914 5461 ἐπιθέτου.
943 5406 1108 5459 Ὥστε
1150 5403 1324 5468 οὐδεὶς
1361 5401 1425 5456 ἂν
1471 5396 1528 5453 εὖ
1567 5399 1781 5468 φρονῶν
1814 5397 1893 5449 ετ-

317 5518 430 5566 ποι,
469 5501 541 5564 ὡς
567 5502 656 5580 κού
690 5501 970 5566 δυνάμεθα
1019 5498 1270 5567 ἐννοῆσαι
1331 5491 1648 5572 ἄζυμον-δι’
1696 5486 1756 5545 οὗ
1794 5492 1894 5560 τὴν

319 5594 510 5647 θυσίαν
539 5594 794 5664 ἐποίησεν
822 5595 846 5645 ἑ
884 5594 1144 5662 Χριστὸς,
1178 5592 1264 5644 διὰ
1291 5589 1351 5641 τὸ
1375 5590 1466 5642 τὸν
1497 5585 1893 5654 εὐαγγελιστὴν

321 5688 495 5741 εἰπεῖν
529 5687 697 5758 χωρὶς
747 5685 842 5776 τοῦ
897 5683 1177 5748 ἐπιθέτου,
1221 5684 1388 5752 ἄρτον
1422 5679 1606 5732 λαϐεῖν
1635 5680 1726 5731 τὴν
1764 5676 1894 5748 Χρι-

320 5781 445 5833 στὸν
480 5782 547 5852 τῇ
595 5779 704 5832 τῶν
750 5770 1001 5847 ’Ᾱζύμων
1049 5777 1235 5846 ἡμέρᾳ
1274 5777 1367 5826 καί
1416 5777 1481 5843 τῇ
1512 5771 1628 5843 ὥρῃ
1657 5771 1748 5823 τοῦ
1780 5770 1892 5822 [la't-

320 5889 444 5944 σχα.
481 5873 724 5944 Ἀξυμος
750 5869 818 5946 ἦν
845 5871 955 5942 ἄρα
981 5873 1055 5934 ὡς
1088 5868 1326 5938 ἐδείχθη,
1373 5869 1467 5922 καὶ
1503 5866 1710 5935 ἄζυμον
1743 5867 1887 5918 ἐννο-

1999 4764 2192 4818 tollere
2223 4762 2532 4832 oportebat,
2563 4767 2829 4826 tanquam
2868 4764 3102 4810 veterem
3133 4764 3187 4807 et
3224 4751 3472 4820 legalem,
3505 4766 3573 4805 ne

1994 4857 2212 4912 Iudaeos
2251 4855 2618 4914 imitaremur,
2653 4857 2708 4904 et
2734 4850 2786 4902 in
2833 4862 3023 4919 azymo
3058 4845 3391 4900 sacrificium
3415 4844 3574 4898 insti-

1996 4957 2146 5002 tuere
2181 4957 2236 5001 et
2287 4945 2602 5015 praecipere.
2665 4940 2721 4994 Si
2782 4939 2958 5010 azymi
3018 4947 3198 5001 erant,
3243 4951 3374 5006 ergo
3417 4935 3573 5006 panis

1994 5043 2156 5094 etiam
2172 5051 2395 5107 azymus
2407 5035 2726 5104 appellatur.
2747 5031 3090 5087 Snﬂicientcr
3110 5029 3276 5098 igitur
3288 5035 3570 5082 ostensum

1995 5140 2098 5194 est,
2135 5145 2166 5183 ο
2195 5130 2333 5183 boue
2364 5124 2692 5193 Nicephorc,
2729 5122 2875 5191 quod
2928 5129 2982 5175 et
3033 5120 3189 5190 panis
3217 5117 3420 5172 dicitur
3446 5129 3573 5185 azy-

1999 5240 2150 5284 mus.
2178 5232 2230 5276 et
2259 5229 2365 5287 est,
2401 5217 2726 5287 intelligitur
2757 5215 2876 5270 sine
2899 5213 3191 5282 adjectivo.
3209 5205 3568 5275 Quamobrem

1997 5323 2159 5364 nemo
2220 5307 2461 5377 prudens
2502 5317 2741 5372 unquam
2803 5299 3008 5354 dixerit
3080 5313 3179 5351 nos
3228 5307 3571 5362 nequaquam

1999 5413 2160 5466 posse
2193 5394 2496 5464 intelligere
2521 5408 2798 5463 azymum,
2841 5392 2894 5446 in
2941 5405 3049 5460 quo
3091 5385 3418 5442 sacrificium
3447 5383 3575 5438 fecit

1997 5489 2292 5552 Christus;
2328 5497 2382 5541 et
2407 5489 2547 5556 quod
2580 5487 2699 5540 sine
2743 5483 3013 5552 adjectivo
3053 5480 3190 5535 dixit
3217 5477 3571 5548 evangelista,

2001 5599 2197 5654 panem
2225 5580 2500 5650 accepisse
2547 5579 2825 5634 Christum
2870 5579 2927 5632 in
2980 5576 3070 5630 die
3113 5575 3467 5646 Azymorum,
3520 5579 3575 5626 et

2003 5675 2287 5730 Paschatis
2321 5681 2589 5740 tempore.
2635 5671 2877 5739 Azymus
2904 5683 3031 5738 ergo
3063 5675 3207 5730 erat,
3242 5675 3293 5721 et
3325 5677 3574 5736 azytnum

2002 5769 2380 5840 intelligimus,
2411 5775 2466 5822 ut
2523 5766 2634 5835 jam
2676 5772 2958 5819 ostensum
3007 5771 3111 5818 est.
3163 5758 3258 5815 llis
3288 5759 3450 5828 igitur
3500 5756 3575 5810 ita

2003 5862 2290 5933 expositis,
2321 5856 2891 5930 argumentatiunrula
2916 5871 2946 5910 a
2968 5864 3020 5909 te
3044 5851 3456 5923 adducta,quod
3477 5863 3574 5904 ua-
