  <div class='ocr_page' id='page_1' title='image "/cluster/home/n/w/nwhite01/storage/ocr_20150623/159/coo.31924054870641/620.png"; bbox 0 0 4004 6408; ppageno 0'>
   <div class='ocr_carea' id='block_1_1' title="bbox 279 393 424 460">
    <p class='ocr_par' dir='ltr' id='par_1_1' title="bbox 279 393 424 460">
     <span class='ocr_line' id='line_1_1' title="bbox 279 393 424 460; baseline -0.028 0"><span class='ocrx_word' id='word_1_1' title='bbox 279 393 424 460; x_wconf 68' lang='grc'><strong>1225</strong></span> 
     </span>
    </p>
   </div>
   <div class='ocr_carea' id='block_1_2' title="bbox 270 603 1857 685">
    <p class='ocr_par' dir='ltr' id='par_1_2' title="bbox 270 603 1857 685">
     <span class='ocr_line' id='line_1_2' title="bbox 270 603 1857 685; baseline -0.004 -23"><span class='ocrx_word' id='word_1_2' title='bbox 270 608 639 678; x_wconf 82' lang='grc' dir='ltr'>προκείμενον</span> <span class='ocrx_word' id='word_1_3' title='bbox 674 605 794 659; x_wconf 79' lang='grc' dir='ltr'>κατ’</span> <span class='ocrx_word' id='word_1_4' title='bbox 837 606 936 675; x_wconf 77' lang='grc' dir='ltr'><strong>ἐμὲ</strong></span> <span class='ocrx_word' id='word_1_5' title='bbox 969 607 1265 673; x_wconf 69' lang='grc' dir='ltr'>διεσάφησε</span> <span class='ocrx_word' id='word_1_6' title='bbox 1289 621 1302 634; x_wconf 85' lang='grc'><strong>·</strong></span> <span class='ocrx_word' id='word_1_7' title='bbox 1336 605 1438 676; x_wconf 69' lang='grc' dir='ltr'>τὴν</span> <span class='ocrx_word' id='word_1_8' title='bbox 1483 606 1584 673; x_wconf 84' lang='grc' dir='ltr'>μὲν</span> <span class='ocrx_word' id='word_1_9' title='bbox 1616 605 1744 672; x_wconf 71' lang='grc' dir='ltr'>γὰρ,</span> <span class='ocrx_word' id='word_1_10' title='bbox 1774 603 1857 685; x_wconf 23' lang='grc' dir='ltr'>τῷ.</span> 
     </span>
    </p>
   </div>
   <div class='ocr_carea' id='block_1_3' title="bbox 268 697 1854 768">
    <p class='ocr_par' dir='ltr' id='par_1_3' title="bbox 268 697 1854 768">
     <span class='ocr_line' id='line_1_3' title="bbox 268 697 1854 768; baseline -0.001 -15"><span class='ocrx_word' id='word_1_11' title='bbox 268 700 466 768; x_wconf 81' lang='grc' dir='ltr'>ἁζύμῳ</span> <span class='ocrx_word' id='word_1_12' title='bbox 497 697 735 767; x_wconf 74' lang='grc' dir='ltr'>χρῆσθαί</span> <span class='ocrx_word' id='word_1_13' title='bbox 785 715 940 766; x_wconf 85' lang='grc' dir='ltr'>φησι.</span> <span class='ocrx_word' id='word_1_14' title='bbox 974 697 1060 750; x_wconf 77' lang='grc' dir='ltr'><strong>διὰ</strong></span> <span class='ocrx_word' id='word_1_15' title='bbox 1089 699 1150 749; x_wconf 77' lang='grc' dir='ltr'><strong>τὸ</strong></span> <span class='ocrx_word' id='word_1_16' title='bbox 1197 698 1494 767; x_wconf 73' lang='grc' dir='ltr'>εἰλικρινές</span> <span class='ocrx_word' id='word_1_17' title='bbox 1531 715 1591 750; x_wconf 87' lang='grc' dir='ltr'><strong>τε</strong></span> <span class='ocrx_word' id='word_1_18' title='bbox 1625 699 1718 750; x_wconf 70' lang='grc' dir='ltr'>καὶ</span> <span class='ocrx_word' id='word_1_19' title='bbox 1755 715 1854 751; x_wconf 65' lang='grc' dir='ltr'>κα-</span> 
     </span>
    </p>
   </div>
   <div class='ocr_carea' id='block_1_4' title="bbox 268 788 1851 863">
    <p class='ocr_par' dir='ltr' id='par_1_4' title="bbox 268 788 1851 863">
     <span class='ocr_line' id='line_1_4' title="bbox 268 788 1851 863; baseline -0.003 -17"><span class='ocrx_word' id='word_1_20' title='bbox 268 795 592 863; x_wconf 84' lang='grc' dir='ltr'>οαρὼτατον</span> <span class='ocrx_word' id='word_1_21' title='bbox 623 791 722 861; x_wconf 68' lang='grc' dir='ltr'>τῆς</span> <span class='ocrx_word' id='word_1_22' title='bbox 749 791 953 858; x_wconf 65' lang='grc' dir='ltr'>σαρκὸς</span> <span class='ocrx_word' id='word_1_23' title='bbox 975 789 1067 842; x_wconf 75' lang='grc' dir='ltr'><strong>τοῦ</strong></span> <span class='ocrx_word' id='word_1_24' title='bbox 1098 789 1304 860; x_wconf 84' lang='grc' dir='ltr'>Κυρίου</span> <span class='ocrx_word' id='word_1_25' title='bbox 1333 804 1346 817; x_wconf 92' lang='grc'><strong>·</strong></span> <span class='ocrx_word' id='word_1_26' title='bbox 1378 791 1458 842; x_wconf 85' lang='grc' dir='ltr'>ὅτι</span> <span class='ocrx_word' id='word_1_27' title='bbox 1487 788 1766 856; x_wconf 70' lang='grc' dir='ltr'>ἄψαυστόν</span> <span class='ocrx_word' id='word_1_28' title='bbox 1791 805 1851 842; x_wconf 84' lang='grc' dir='ltr'><strong>τε</strong></span> 
     </span>
    </p>
   </div>
   <div class='ocr_carea' id='block_1_5' title="bbox 269 882 1852 954">
    <p class='ocr_par' dir='ltr' id='par_1_5' title="bbox 269 882 1852 954">
     <span class='ocr_line' id='line_1_5' title="bbox 269 882 1852 954; baseline -0.004 -14"><span class='ocrx_word' id='word_1_29' title='bbox 269 889 367 940; x_wconf 78' lang='grc' dir='ltr'>καὶ</span> <span class='ocrx_word' id='word_1_30' title='bbox 395 885 750 938; x_wconf 76' lang='grc' dir='ltr'>ἀνεπίδεκτον</span> <span class='ocrx_word' id='word_1_31' title='bbox 778 884 972 953; x_wconf 82' lang='grc' dir='ltr'><strong>μώμου</strong></span> <span class='ocrx_word' id='word_1_32' title='bbox 1003 885 1235 946; x_wconf 79' lang='grc' dir='ltr'>παντός’</span> <span class='ocrx_word' id='word_1_33' title='bbox 1266 883 1367 954; x_wconf 76' lang='grc' dir='ltr'>τὴν</span> <span class='ocrx_word' id='word_1_34' title='bbox 1395 883 1471 948; x_wconf 82' lang='grc' dir='ltr'><strong>δὲ,</strong></span> <span class='ocrx_word' id='word_1_35' title='bbox 1510 882 1588 953; x_wconf 80' lang='grc' dir='ltr'>τῷ</span> <span class='ocrx_word' id='word_1_36' title='bbox 1612 882 1852 954; x_wconf 76' lang='grc' dir='ltr'>ἑνζύμῳ,</span> 
     </span>
    </p>
   </div>
   <div class='ocr_carea' id='block_1_6' title="bbox 270 974 1854 1047">
    <p class='ocr_par' dir='ltr' id='par_1_6' title="bbox 270 974 1854 1047">
     <span class='ocr_line' id='line_1_6' title="bbox 270 974 1854 1047; baseline -0.003 -16"><span class='ocrx_word' id='word_1_37' title='bbox 270 980 364 1032; x_wconf 68' lang='grc' dir='ltr'><strong>διὰ</strong></span> <span class='ocrx_word' id='word_1_38' title='bbox 392 978 492 1047; x_wconf 83' lang='grc' dir='ltr'>τὴν</span> <span class='ocrx_word' id='word_1_39' title='bbox 537 978 737 1030; x_wconf 76' lang='grc' dir='ltr'>ἕνωσιν</span> <span class='ocrx_word' id='word_1_40' title='bbox 783 977 881 1046; x_wconf 74' lang='grc' dir='ltr'><strong>τῆς</strong></span> <span class='ocrx_word' id='word_1_41' title='bbox 911 975 1170 1045; x_wconf 75' lang='grc' dir='ltr'>οεύτητός</span> <span class='ocrx_word' id='word_1_42' title='bbox 1199 992 1258 1028; x_wconf 81' lang='grc' dir='ltr'><strong>τε</strong></span> <span class='ocrx_word' id='word_1_43' title='bbox 1290 976 1384 1027; x_wconf 74' lang='grc' dir='ltr'>καὶ</span> <span class='ocrx_word' id='word_1_44' title='bbox 1429 974 1854 1045; x_wconf 81' lang='grc' dir='ltr'>ἀνθρωπότητος</span> 
     </span>
    </p>
   </div>
   <div class='ocr_carea' id='block_1_7' title="bbox 265 1065 1856 1138">
    <p class='ocr_par' dir='ltr' id='par_1_7' title="bbox 265 1065 1856 1138">
     <span class='ocr_line' id='line_1_7' title="bbox 265 1065 1856 1138; baseline -0.003 -14"><span class='ocrx_word' id='word_1_45' title='bbox 265 1072 368 1137; x_wconf 73' lang='grc' dir='ltr'>τῆς</span> <span class='ocrx_word' id='word_1_46' title='bbox 397 1069 564 1124; x_wconf 81' lang='grc' dir='ltr'>αὐτοῦ</span> <span class='ocrx_word' id='word_1_47' title='bbox 595 1071 974 1130; x_wconf 80' lang='grc' dir='ltr'>ὑποστάσεως.</span> <span class='ocrx_word' id='word_1_48' title='bbox 1005 1067 1116 1120; x_wconf 76' lang='grc' dir='ltr'><strong>Καὶ</strong></span> <span class='ocrx_word' id='word_1_49' title='bbox 1144 1067 1372 1130; x_wconf 77' lang='grc' dir='ltr'><strong>εἰκότως</strong></span> <span class='ocrx_word' id='word_1_50' title='bbox 1396 1083 1412 1098; x_wconf 90' lang='grc'><strong>·</strong></span> <span class='ocrx_word' id='word_1_51' title='bbox 1448 1065 1637 1138; x_wconf 81' lang='grc' dir='ltr'>ὥσπερ</span> <span class='ocrx_word' id='word_1_52' title='bbox 1663 1067 1773 1137; x_wconf 73' lang='grc' dir='ltr'><strong>γὰρ</strong></span> <span class='ocrx_word' id='word_1_53' title='bbox 1794 1067 1856 1119; x_wconf 83' lang='grc' dir='ltr'>τὸ</span> 
     </span>
    </p>
   </div>
   <div class='ocr_carea' id='block_1_8' title="bbox 267 1158 1858 1234">
    <p class='ocr_par' dir='ltr' id='par_1_8' title="bbox 267 1158 1858 1234">
     <span class='ocr_line' id='line_1_8' title="bbox 267 1158 1858 1234; baseline -0.003 -16"><span class='ocrx_word' id='word_1_54' title='bbox 267 1164 482 1234; x_wconf 78' lang='grc' dir='ltr'>ἄζυμον</span> <span class='ocrx_word' id='word_1_55' title='bbox 511 1160 842 1216; x_wconf 71' lang='grc' dir='ltr'>λεπτότατόν</span> <span class='ocrx_word' id='word_1_56' title='bbox 864 1178 925 1214; x_wconf 88' lang='grc' dir='ltr'><strong>τε</strong></span> <span class='ocrx_word' id='word_1_57' title='bbox 951 1161 1044 1213; x_wconf 75' lang='grc' dir='ltr'>καὶ</span> <span class='ocrx_word' id='word_1_58' title='bbox 1081 1158 1471 1229; x_wconf 64' lang='grc' dir='ltr'>καθαρώτατον</span> <span class='ocrx_word' id='word_1_59' title='bbox 1505 1161 1644 1224; x_wconf 79' lang='grc' dir='ltr'>ἐστι,</span> <span class='ocrx_word' id='word_1_60' title='bbox 1680 1159 1767 1213; x_wconf 68' lang='grc' dir='ltr'>διὰ</span> <span class='ocrx_word' id='word_1_61' title='bbox 1797 1159 1858 1213; x_wconf 68' lang='grc' dir='ltr'>τὸ</span> 
     </span>
    </p>
   </div>
   <div class='ocr_carea' id='block_1_9' title="bbox 263 1253 1908 1324">
    <p class='ocr_par' dir='ltr' id='par_1_9' title="bbox 263 1253 1908 1324">
     <span class='ocr_line' id='line_1_9' title="bbox 263 1253 1908 1324; baseline -0.002 -14"><span class='ocrx_word' id='word_1_62' title='bbox 263 1257 400 1311; x_wconf 76' lang='grc' dir='ltr'>ἄνευ</span> <span class='ocrx_word' id='word_1_63' title='bbox 442 1257 623 1324; x_wconf 81' lang='grc' dir='ltr'>ζύμης</span> <span class='ocrx_word' id='word_1_64' title='bbox 670 1254 925 1320; x_wconf 80' lang='grc' dir='ltr'>γενέσθαι</span> <span class='ocrx_word' id='word_1_65' title='bbox 967 1254 1124 1318; x_wconf 76' lang='grc' dir='ltr'>αὐτὸ,</span> <span class='ocrx_word' id='word_1_66' title='bbox 1160 1253 1310 1321; x_wconf 80' lang='grc' dir='ltr'>ζύμη</span> <span class='ocrx_word' id='word_1_67' title='bbox 1348 1255 1459 1323; x_wconf 69' lang='grc' dir='ltr'><strong>γὰρ</strong></span> <span class='ocrx_word' id='word_1_68' title='bbox 1511 1254 1545 1323; x_wconf 83' lang='grc' dir='ltr'><strong>ή</strong></span> <span class='ocrx_word' id='word_1_69' title='bbox 1597 1253 1858 1322; x_wconf 80' lang='grc' dir='ltr'>ἁμαρτία</span> <span class='ocrx_word' id='word_1_70' title='bbox 1905 1293 1908 1297; x_wconf 49' lang='grc' dir='ltr'><strong>ν</strong></span> 
     </span>
    </p>
   </div>
   <div class='ocr_carea' id='block_1_10' title="bbox 271 1343 1854 1418">
    <p class='ocr_par' dir='ltr' id='par_1_10' title="bbox 271 1343 1854 1418">
     <span class='ocr_line' id='line_1_10' title="bbox 271 1343 1854 1418; baseline -0.004 -16"><span class='ocrx_word' id='word_1_71' title='bbox 271 1348 427 1418; x_wconf 69' lang='grc' dir='ltr'>παρὰ</span> <span class='ocrx_word' id='word_1_72' title='bbox 460 1350 524 1418; x_wconf 84' lang='grc' dir='ltr'><strong>τῇ</strong></span> <span class='ocrx_word' id='word_1_73' title='bbox 562 1347 748 1416; x_wconf 79' lang='grc' dir='ltr'>Γραφῇ</span> <span class='ocrx_word' id='word_1_74' title='bbox 805 1345 1044 1414; x_wconf 78' lang='grc' dir='ltr'>λέγεται,</span> <span class='ocrx_word' id='word_1_75' title='bbox 1084 1345 1229 1399; x_wconf 70' lang='grc' dir='ltr'>οὕτω</span> <span class='ocrx_word' id='word_1_76' title='bbox 1282 1346 1379 1398; x_wconf 79' lang='grc' dir='ltr'>καὶ</span> <span class='ocrx_word' id='word_1_77' title='bbox 1412 1343 1472 1398; x_wconf 84' lang='grc' dir='ltr'>τδ</span> <span class='ocrx_word' id='word_1_78' title='bbox 1505 1343 1600 1398; x_wconf 84' lang='grc' dir='ltr'>τοῦ</span> <span class='ocrx_word' id='word_1_79' title='bbox 1646 1345 1854 1414; x_wconf 84' lang='grc' dir='ltr'>Κυρίου</span> 
     </span>
    </p>
   </div>
   <div class='ocr_carea' id='block_1_11' title="bbox 273 1439 1858 1511">
    <p class='ocr_par' dir='ltr' id='par_1_11' title="bbox 273 1439 1858 1511">
     <span class='ocr_line' id='line_1_11' title="bbox 273 1439 1858 1511; baseline -0.003 -16"><span class='ocrx_word' id='word_1_80' title='bbox 273 1443 436 1510; x_wconf 86' lang='grc' dir='ltr'>σῶμα</span> <span class='ocrx_word' id='word_1_81' title='bbox 483 1440 871 1511; x_wconf 76' lang='grc' dir='ltr'><strong>καθαρώτατον</strong></span> <span class='ocrx_word' id='word_1_82' title='bbox 898 1439 979 1504; x_wconf 79' lang='grc' dir='ltr'>ὃν,</span> <span class='ocrx_word' id='word_1_83' title='bbox 1030 1439 1126 1492; x_wconf 74' lang='grc' dir='ltr'>καὶ</span> <span class='ocrx_word' id='word_1_84' title='bbox 1171 1439 1528 1493; x_wconf 75' lang='grc' dir='ltr'><strong>ἀνεπίδεκτον</strong></span> <span class='ocrx_word' id='word_1_85' title='bbox 1576 1439 1858 1508; x_wconf 80' lang='grc' dir='ltr'>ἁμαρτίας</span> 
     </span>
    </p>
   </div>
   <div class='ocr_carea' id='block_1_12' title="bbox 270 1531 1857 1605">
    <p class='ocr_par' dir='ltr' id='par_1_12' title="bbox 270 1531 1857 1605">
     <span class='ocr_line' id='line_1_12' title="bbox 270 1531 1857 1605; baseline -0.001 -18"><span class='ocrx_word' id='word_1_86' title='bbox 270 1537 475 1605; x_wconf 80' lang='grc' dir='ltr'>πάσης,</span> <span class='ocrx_word' id='word_1_87' title='bbox 507 1533 575 1587; x_wconf 87' lang='grc' dir='ltr'>δι’</span> <span class='ocrx_word' id='word_1_88' title='bbox 609 1534 822 1602; x_wconf 77' lang='grc' dir='ltr'>ἀζύμου</span> <span class='ocrx_word' id='word_1_89' title='bbox 865 1535 1254 1602; x_wconf 80' lang='grc' dir='ltr'>ίερουργεῖται.</span> <span class='ocrx_word' id='word_1_90' title='bbox 1290 1533 1401 1586; x_wconf 76' lang='grc' dir='ltr'><strong>Καὶ</strong></span> <span class='ocrx_word' id='word_1_91' title='bbox 1429 1531 1623 1602; x_wconf 77' lang='grc' dir='ltr'>ὥσπερ</span> <span class='ocrx_word' id='word_1_92' title='bbox 1647 1534 1675 1586; x_wconf 79' lang='grc' dir='ltr'><strong>ὁ</strong></span> <span class='ocrx_word' id='word_1_93' title='bbox 1702 1532 1857 1597; x_wconf 77' lang='grc' dir='ltr'>ἐνζυ-</span> 
     </span>
    </p>
   </div>
   <div class='ocr_carea' id='block_1_13' title="bbox 272 1626 1856 1698">
    <p class='ocr_par' dir='ltr' id='par_1_13' title="bbox 272 1626 1856 1698">
     <span class='ocr_line' id='line_1_13' title="bbox 272 1626 1856 1698; baseline -0.001 -19"><span class='ocrx_word' id='word_1_94' title='bbox 272 1645 379 1697; x_wconf 86' lang='grc' dir='ltr'><strong>μος</strong></span> <span class='ocrx_word' id='word_1_95' title='bbox 449 1627 539 1680; x_wconf 73' lang='grc' dir='ltr'>διὰ</span> <span class='ocrx_word' id='word_1_96' title='bbox 587 1629 684 1698; x_wconf 84' lang='grc' dir='ltr'>τῆς</span> <span class='ocrx_word' id='word_1_97' title='bbox 740 1626 920 1696; x_wconf 78' lang='grc' dir='ltr'>ζύμης</span> <span class='ocrx_word' id='word_1_98' title='bbox 989 1627 1368 1696; x_wconf 83' lang='grc' dir='ltr'>ἀρτοποιεῖται</span> <span class='ocrx_word' id='word_1_99' title='bbox 1410 1627 1506 1680; x_wconf 77' lang='grc' dir='ltr'>καὶ</span> <span class='ocrx_word' id='word_1_100' title='bbox 1577 1629 1658 1690; x_wconf 87' lang='grc' dir='ltr'><strong>είς</strong></span> <span class='ocrx_word' id='word_1_101' title='bbox 1725 1627 1856 1680; x_wconf 73' lang='grc' dir='ltr'><strong>ύπὶ-</strong></span> 
     </span>
    </p>
   </div>
   <div class='ocr_carea' id='block_1_14' title="bbox 269 1719 1856 1790">
    <p class='ocr_par' dir='ltr' id='par_1_14' title="bbox 269 1719 1856 1790">
     <span class='ocr_line' id='line_1_14' title="bbox 269 1719 1856 1790; baseline 0.001 -16"><span class='ocrx_word' id='word_1_102' title='bbox 269 1739 472 1774; x_wconf 81' lang='grc' dir='ltr'>στασιν</span> <span class='ocrx_word' id='word_1_103' title='bbox 502 1720 822 1790; x_wconf 71' lang='grc' dir='ltr'>παχυτέραν</span> <span class='ocrx_word' id='word_1_104' title='bbox 854 1720 1086 1787; x_wconf 82' lang='grc' dir='ltr'>γίνεται,</span> <span class='ocrx_word' id='word_1_105' title='bbox 1120 1719 1265 1774; x_wconf 75' lang='grc' dir='ltr'>οὕτω</span> <span class='ocrx_word' id='word_1_106' title='bbox 1305 1722 1396 1774; x_wconf 74' lang='grc' dir='ltr'><strong>καὶ</strong></span> <span class='ocrx_word' id='word_1_107' title='bbox 1417 1722 1477 1774; x_wconf 78' lang='grc' dir='ltr'>τὸ</span> <span class='ocrx_word' id='word_1_108' title='bbox 1511 1721 1604 1775; x_wconf 77' lang='grc' dir='ltr'>τοῦ</span> <span class='ocrx_word' id='word_1_109' title='bbox 1647 1723 1856 1788; x_wconf 83' lang='grc' dir='ltr'>Κυρίου</span> 
     </span>
    </p>
   </div>
   <div class='ocr_carea' id='block_1_15' title="bbox 271 1813 1859 1886">
    <p class='ocr_par' dir='ltr' id='par_1_15' title="bbox 271 1813 1859 1886">
     <span class='ocr_line' id='line_1_15' title="bbox 271 1813 1859 1886; baseline 0.001 -20"><span class='ocrx_word' id='word_1_110' title='bbox 271 1813 437 1883; x_wconf 85' lang='grc' dir='ltr'>σῶμα</span> <span class='ocrx_word' id='word_1_111' title='bbox 470 1815 560 1867; x_wconf 76' lang='grc' dir='ltr'>διὰ</span> <span class='ocrx_word' id='word_1_112' title='bbox 599 1813 694 1866; x_wconf 74' lang='grc' dir='ltr'>τοῦ</span> <span class='ocrx_word' id='word_1_113' title='bbox 746 1814 1070 1883; x_wconf 74' lang='grc' dir='ltr'><strong>φυράματος</strong></span> <span class='ocrx_word' id='word_1_114' title='bbox 1113 1813 1212 1882; x_wconf 85' lang='grc' dir='ltr'>τῆς</span> <span class='ocrx_word' id='word_1_115' title='bbox 1247 1813 1602 1883; x_wconf 75' lang='grc' dir='ltr'><strong>ἀνθρωπίνης</strong></span> <span class='ocrx_word' id='word_1_116' title='bbox 1655 1816 1859 1886; x_wconf 77' lang='grc' dir='ltr'>σαρκὸς</span> 
     </span>
    </p>
   </div>
   <div class='ocr_carea' id='block_1_16' title="bbox 746 391 1864 467">
    <p class='ocr_par' dir='ltr' id='par_1_16' title="bbox 746 391 1858 456">
     <span class='ocr_line' id='line_1_16' title="bbox 746 391 1858 456; baseline -0.002 -3"><span class='ocrx_word' id='word_1_117' title='bbox 746 392 898 454; x_wconf 75' lang='lat' dir='ltr'>I&#39;RO</span> <span class='ocrx_word' id='word_1_118' title='bbox 937 391 1150 456; x_wconf 69' lang='lat' dir='ltr'><strong>CONC.</strong></span> <span class='ocrx_word' id='word_1_119' title='bbox 1195 393 1573 454; x_wconf 82' lang='lat' dir='ltr'><strong>FLOREN&#39;I‘.</strong></span> <span class='ocrx_word' id='word_1_120' title='bbox 1628 392 1786 454; x_wconf 76' lang='lat' dir='ltr'><strong>CAP.</strong></span> <span class='ocrx_word' id='word_1_121' title='bbox 1837 394 1858 451; x_wconf 84' lang='grc' dir='ltr'><strong>Ι</strong></span> 
     </span>
    </p>
   </div>
   <div class='ocr_carea' id='block_1_17' title="bbox 1972 391 3073 467">
    <p class='ocr_par' dir='ltr' id='par_1_17' title="bbox 1972 396 3073 467">
     <span class='ocr_line' id='line_1_17' title="bbox 1972 396 3073 467; baseline 0.013 -14"><span class='ocrx_word' id='word_1_122' title='bbox 1972 396 2050 454; x_wconf 73' lang='lat' dir='ltr'>)E</span> <span class='ocrx_word' id='word_1_123' title='bbox 2093 397 2344 458; x_wconf 81' lang='grc' dir='ltr'><strong>ΛΖΥΜΟ</strong></span> <span class='ocrx_word' id='word_1_124' title='bbox 2389 401 2486 461; x_wconf 85' lang='grc' dir='ltr'><strong>ΕΤ</strong></span> <span class='ocrx_word' id='word_1_125' title='bbox 2529 403 3073 467; x_wconf 74' lang='lat' dir='ltr'><strong>FERMENTATU.</strong></span> 
     </span>
    </p>
   </div>
   <div class='ocr_carea' id='block_1_18' title="bbox 270 511 1864 586">
    <p class='ocr_par' dir='ltr' id='par_1_18' title="bbox 270 511 1864 586">
     <span class='ocr_line' id='line_1_18' title="bbox 270 511 1864 586; baseline -0.001 -21"><span class='ocrx_word' id='word_1_126' title='bbox 270 513 538 586; x_wconf 77' lang='grc' dir='ltr'>δηλονότι,</span> <span class='ocrx_word' id='word_1_127' title='bbox 573 513 667 564; x_wconf 74' lang='grc' dir='ltr'>καὶ</span> <span class='ocrx_word' id='word_1_128' title='bbox 698 511 824 575; x_wconf 84' lang='grc' dir='ltr'>ταῖς</span> <span class='ocrx_word' id='word_1_129' title='bbox 871 513 932 564; x_wconf 77' lang='grc' dir='ltr'>ἐν</span> <span class='ocrx_word' id='word_1_130' title='bbox 973 514 1040 582; x_wconf 77' lang='grc' dir='ltr'><strong>τῇ</strong></span> <span class='ocrx_word' id='word_1_131' title='bbox 1077 511 1360 581; x_wconf 79' lang='grc' dir='ltr'>’Λνατολῇ.</span> <span class='ocrx_word' id='word_1_132' title='bbox 1401 513 1635 581; x_wconf 80' lang='grc' dir='ltr'>Ἀριστα</span> <span class='ocrx_word' id='word_1_133' title='bbox 1667 511 1776 580; x_wconf 81' lang='grc' dir='ltr'>γὰρ</span> <span class='ocrx_word' id='word_1_134' title='bbox 1805 511 1864 564; x_wconf 84' lang='grc' dir='ltr'>τδ</span> 
     </span>
    </p>
   </div>
   <div class='ocr_carea' id='block_1_19' title="bbox 1972 511 2636 586">
    <p class='ocr_par' dir='ltr' id='par_1_19' title="bbox 1972 511 2636 580">
     <span class='ocr_line' id='line_1_19' title="bbox 1972 511 2636 580; baseline 0.008 -17"><span class='ocrx_word' id='word_1_135' title='bbox 1972 511 2192 580; x_wconf 84' lang='lat' dir='ltr'><strong>inquam</strong></span> <span class='ocrx_word' id='word_1_136' title='bbox 2217 522 2272 567; x_wconf 86' lang='lat' dir='ltr'><strong>et</strong></span> <span class='ocrx_word' id='word_1_137' title='bbox 2299 512 2636 572; x_wconf 86' lang='lat' dir='ltr'><strong>Orientalcm</strong></span> 
     </span>
    </p>
   </div>
   <div class='ocr_carea' id='block_1_20' title="bbox 2676 521 3546 594">
    <p class='ocr_par' dir='ltr' id='par_1_20' title="bbox 2676 521 3546 594">
     <span class='ocr_line' id='line_1_20' title="bbox 2676 521 3546 594; baseline 0.013 -23"><span class='ocrx_word' id='word_1_138' title='bbox 2676 534 2689 572; x_wconf 90' lang='lat'>:</span> <span class='ocrx_word' id='word_1_139' title='bbox 2733 533 2858 572; x_wconf 90' lang='lat' dir='ltr'><strong>nam</strong></span> <span class='ocrx_word' id='word_1_140' title='bbox 2886 521 3110 590; x_wconf 85' lang='lat' dir='ltr'><strong>optime,</strong></span> <span class='ocrx_word' id='word_1_141' title='bbox 3145 530 3203 577; x_wconf 88' lang='lat' dir='ltr'><strong>ut</strong></span> <span class='ocrx_word' id='word_1_142' title='bbox 3234 523 3350 594; x_wconf 84' lang='lat' dir='ltr'><strong>ipse</strong></span> <span class='ocrx_word' id='word_1_143' title='bbox 3398 529 3546 582; x_wconf 68' lang='lat' dir='ltr'><strong>arisi-</strong></span> 
     </span>
    </p>
   </div>
   <div class='ocr_carea' id='block_1_21' title="bbox 1962 603 3550 684">
    <p class='ocr_par' dir='ltr' id='par_1_21' title="bbox 1962 603 3550 684">
     <span class='ocr_line' id='line_1_21' title="bbox 1962 603 3550 684; baseline 0.013 -30"><span class='ocrx_word' id='word_1_144' title='bbox 1962 609 2097 666; x_wconf 90' lang='lat' dir='ltr'><strong>tror,</strong></span> <span class='ocrx_word' id='word_1_145' title='bbox 2133 603 2435 660; x_wconf 75' lang='lat' dir='ltr'><strong>declaravit</strong></span> <span class='ocrx_word' id='word_1_146' title='bbox 2483 609 2629 677; x_wconf 85' lang='lat' dir='ltr'><strong>quod</strong></span> <span class='ocrx_word' id='word_1_147' title='bbox 2664 625 2810 664; x_wconf 88' lang='lat' dir='ltr'><strong>nunc</strong></span> <span class='ocrx_word' id='word_1_148' title='bbox 2861 615 3203 682; x_wconf 77' lang='lat' dir='ltr'><strong>propositum</strong></span> <span class='ocrx_word' id='word_1_149' title='bbox 3254 625 3360 684; x_wconf 89' lang='lat' dir='ltr'><strong>est,</strong></span> <span class='ocrx_word' id='word_1_150' title='bbox 3411 618 3550 674; x_wconf 79' lang='lat' dir='ltr'><strong>hanc</strong></span> 
     </span>
    </p>
   </div>
   <div class='ocr_carea' id='block_1_22' title="bbox 1964 701 3548 780">
    <p class='ocr_par' dir='ltr' id='par_1_22' title="bbox 1964 701 3548 780">
     <span class='ocr_line' id='line_1_22' title="bbox 1964 701 3548 780; baseline 0.011 -32"><span class='ocrx_word' id='word_1_151' title='bbox 1964 708 2161 766; x_wconf 84' lang='lat' dir='ltr'><strong>azymo</strong></span> <span class='ocrx_word' id='word_1_152' title='bbox 2195 712 2350 751; x_wconf 85' lang='lat' dir='ltr'><strong>usam</strong></span> <span class='ocrx_word' id='word_1_153' title='bbox 2383 713 2510 754; x_wconf 87' lang='lat' dir='ltr'><strong>esse</strong></span> <span class='ocrx_word' id='word_1_154' title='bbox 2552 701 2629 755; x_wconf 89' lang='lat' dir='ltr'><strong>ait</strong></span> <span class='ocrx_word' id='word_1_155' title='bbox 2655 713 2874 773; x_wconf 83' lang='lat' dir='ltr'><strong>prepter</strong></span> <span class='ocrx_word' id='word_1_156' title='bbox 2894 705 3270 762; x_wconf 71' lang='lat' dir='ltr'><strong>sinceritatem</strong></span> <span class='ocrx_word' id='word_1_157' title='bbox 3299 718 3356 763; x_wconf 92' lang='lat' dir='ltr'><strong>et</strong></span> <span class='ocrx_word' id='word_1_158' title='bbox 3391 716 3548 780; x_wconf 85' lang='lat' dir='ltr'><strong>puri-</strong></span> 
     </span>
    </p>
   </div>
   <div class='ocr_carea' id='block_1_23' title="bbox 1963 782 3547 872">
    <p class='ocr_par' dir='ltr' id='par_1_23' title="bbox 1963 782 3547 872">
     <span class='ocr_line' id='line_1_23' title="bbox 1963 782 3547 872; baseline 0.011 -31"><span class='ocrx_word' id='word_1_159' title='bbox 1963 795 2130 842; x_wconf 89' lang='lat' dir='ltr'><strong>tatem</strong></span> <span class='ocrx_word' id='word_1_160' title='bbox 2171 782 2362 846; x_wconf 81' lang='lat' dir='ltr'><strong>ca’rnis</strong></span> <span class='ocrx_word' id='word_1_161' title='bbox 2404 792 2648 860; x_wconf 84' lang='lat' dir='ltr'><strong>Domini,</strong></span> <span class='ocrx_word' id='word_1_162' title='bbox 2679 797 2810 865; x_wconf 90' lang='lat' dir='ltr'><strong>quia</strong></span> <span class='ocrx_word' id='word_1_163' title='bbox 2845 798 3106 855; x_wconf 86' lang='lat' dir='ltr'><strong>immunis</strong></span> <span class='ocrx_word' id='word_1_164' title='bbox 3135 807 3190 855; x_wconf 87' lang='lat' dir='ltr'><strong>et</strong></span> <span class='ocrx_word' id='word_1_165' title='bbox 3228 817 3423 872; x_wconf 80' lang='lat' dir='ltr'><strong>expers</strong></span> <span class='ocrx_word' id='word_1_166' title='bbox 3462 817 3547 860; x_wconf 88' lang='lat' dir='ltr'><strong>est</strong></span> 
     </span>
    </p>
   </div>
   <div class='ocr_carea' id='block_1_24' title="bbox 1962 885 3549 965">
    <p class='ocr_par' dir='ltr' id='par_1_24' title="bbox 1962 885 3549 965">
     <span class='ocr_line' id='line_1_24' title="bbox 1962 885 3549 965; baseline 0.01 -28"><span class='ocrx_word' id='word_1_167' title='bbox 1962 885 2145 939; x_wconf 80' lang='lat' dir='ltr'><strong>omnis</strong></span> <span class='ocrx_word' id='word_1_168' title='bbox 2202 885 2322 940; x_wconf 76' lang='lat' dir='ltr'><strong>vitii</strong></span> <span class='ocrx_word' id='word_1_169' title='bbox 2358 903 2374 940; x_wconf 89' lang='lat'><strong>:</strong></span> <span class='ocrx_word' id='word_1_170' title='bbox 2405 886 2555 943; x_wconf 81' lang='lat' dir='ltr'><strong>illam</strong></span> <span class='ocrx_word' id='word_1_171' title='bbox 2593 889 2928 947; x_wconf 81' lang='lat' dir='ltr'><strong>lermentato</strong></span> <span class='ocrx_word' id='word_1_172' title='bbox 2980 907 3204 965; x_wconf 81' lang='lat' dir='ltr'><strong>propter</strong></span> <span class='ocrx_word' id='word_1_173' title='bbox 3243 898 3549 953; x_wconf 82' lang='lat' dir='ltr'><strong>divinitatis</strong></span> 
     </span>
    </p>
   </div>
   <div class='ocr_carea' id='block_1_25' title="bbox 1963 975 3553 1060">
    <p class='ocr_par' dir='ltr' id='par_1_25' title="bbox 1963 975 3553 1060">
     <span class='ocr_line' id='line_1_25' title="bbox 1963 975 3553 1060; baseline 0.008 -30"><span class='ocrx_word' id='word_1_174' title='bbox 1963 984 2015 1030; x_wconf 85' lang='lat' dir='ltr'><strong>et</strong></span> <span class='ocrx_word' id='word_1_175' title='bbox 2039 975 2398 1033; x_wconf 83' lang='lat' dir='ltr'><strong>humanitatis</strong></span> <span class='ocrx_word' id='word_1_176' title='bbox 2426 979 2685 1036; x_wconf 83' lang='lat' dir='ltr'><strong>unionem</strong></span> <span class='ocrx_word' id='word_1_177' title='bbox 2722 983 2775 1036; x_wconf 89' lang='lat' dir='ltr'><strong>in</strong></span> <span class='ocrx_word' id='word_1_178' title='bbox 2809 983 2983 1052; x_wconf 88' lang='lat' dir='ltr'><strong>ipsius</strong></span> <span class='ocrx_word' id='word_1_179' title='bbox 3020 987 3300 1056; x_wconf 78' lang='lat' dir='ltr'><strong>liypostasi</strong></span> <span class='ocrx_word' id='word_1_180' title='bbox 3331 1001 3346 1042; x_wconf 87' lang='lat'><strong>:</strong></span> <span class='ocrx_word' id='word_1_181' title='bbox 3383 989 3553 1060; x_wconf 84' lang='lat' dir='ltr'><strong>idque</strong></span> 
     </span>
    </p>
   </div>
   <div class='ocr_carea' id='block_1_26' title="bbox 1966 1069 3552 1150">
    <p class='ocr_par' dir='ltr' id='par_1_26' title="bbox 1966 1069 3552 1150">
     <span class='ocr_line' id='line_1_26' title="bbox 1966 1069 3552 1150; baseline 0.012 -30"><span class='ocrx_word' id='word_1_182' title='bbox 1966 1069 2167 1122; x_wconf 88' lang='lat' dir='ltr'><strong>merito</strong></span> <span class='ocrx_word' id='word_1_183' title='bbox 2197 1086 2211 1135; x_wconf 93' lang='lat'><strong>;</strong></span> <span class='ocrx_word' id='word_1_184' title='bbox 2262 1085 2386 1123; x_wconf 90' lang='lat' dir='ltr'><strong>nam</strong></span> <span class='ocrx_word' id='word_1_185' title='bbox 2417 1080 2476 1125; x_wconf 91' lang='lat' dir='ltr'><strong>ut</strong></span> <span class='ocrx_word' id='word_1_186' title='bbox 2515 1086 2766 1143; x_wconf 85' lang='lat' dir='ltr'><strong>azymum</strong></span> <span class='ocrx_word' id='word_1_187' title='bbox 2815 1075 3240 1133; x_wconf 84' lang='lat' dir='ltr'><strong>subtilissimum</strong></span> <span class='ocrx_word' id='word_1_188' title='bbox 3277 1095 3343 1134; x_wconf 91' lang='lat' dir='ltr'><strong>ac</strong></span> <span class='ocrx_word' id='word_1_189' title='bbox 3375 1083 3552 1150; x_wconf 90' lang='lat' dir='ltr'><strong>puris-</strong></span> 
     </span>
    </p>
   </div>
   <div class='ocr_carea' id='block_1_27' title="bbox 1963 1160 3546 1243">
    <p class='ocr_par' dir='ltr' id='par_1_27' title="bbox 1963 1160 3546 1243">
     <span class='ocr_line' id='line_1_27' title="bbox 1963 1160 3546 1243; baseline 0.006 -29"><span class='ocrx_word' id='word_1_190' title='bbox 1963 1160 2166 1214; x_wconf 85' lang='lat' dir='ltr'><strong>simum</strong></span> <span class='ocrx_word' id='word_1_191' title='bbox 2227 1173 2332 1227; x_wconf 89' lang='lat' dir='ltr'><strong>est,</strong></span> <span class='ocrx_word' id='word_1_192' title='bbox 2396 1165 2525 1231; x_wconf 88' lang='lat' dir='ltr'><strong>quia</strong></span> <span class='ocrx_word' id='word_1_193' title='bbox 2584 1170 2708 1220; x_wconf 84' lang='lat' dir='ltr'><strong>sine</strong></span> <span class='ocrx_word' id='word_1_194' title='bbox 2767 1170 3039 1223; x_wconf 83' lang='lat' dir='ltr'><strong>fermento</strong></span> <span class='ocrx_word' id='word_1_195' title='bbox 3072 1171 3364 1226; x_wconf 78' lang='lat' dir='ltr'><strong>coniicitur</strong></span> <span class='ocrx_word' id='word_1_196' title='bbox 3397 1174 3546 1243; x_wconf 90' lang='lat' dir='ltr'><strong>(nam</strong></span> 
     </span>
    </p>
   </div>
   <div class='ocr_carea' id='block_1_28' title="bbox 1961 1249 3550 1330">
    <p class='ocr_par' dir='ltr' id='par_1_28' title="bbox 1961 1249 3550 1330">
     <span class='ocr_line' id='line_1_28' title="bbox 1961 1249 3550 1330; baseline 0.006 -26"><span class='ocrx_word' id='word_1_197' title='bbox 1961 1249 2236 1307; x_wconf 80' lang='lat' dir='ltr'><strong>fermento</strong></span> <span class='ocrx_word' id='word_1_198' title='bbox 2282 1268 2382 1321; x_wconf 82' lang='lat' dir='ltr'><strong>pro</strong></span> <span class='ocrx_word' id='word_1_199' title='bbox 2430 1263 2657 1322; x_wconf 87' lang='lat' dir='ltr'><strong>peccato</strong></span> <span class='ocrx_word' id='word_1_200' title='bbox 2711 1254 2992 1326; x_wconf 83' lang='lat' dir='ltr'><strong>Scriptura</strong></span> <span class='ocrx_word' id='word_1_201' title='bbox 3053 1259 3269 1330; x_wconf 85' lang='lat' dir='ltr'><strong>utitur),</strong></span> <span class='ocrx_word' id='word_1_202' title='bbox 3341 1260 3424 1315; x_wconf 89' lang='lat' dir='ltr'><strong>sic</strong></span> <span class='ocrx_word' id='word_1_203' title='bbox 3491 1272 3550 1316; x_wconf 93' lang='lat' dir='ltr'><strong>et</strong></span> 
     </span>
    </p>
   </div>
   <div class='ocr_carea' id='block_1_29' title="bbox 1967 1343 3550 1422">
    <p class='ocr_par' dir='ltr' id='par_1_29' title="bbox 1967 1343 3550 1422">
     <span class='ocr_line' id='line_1_29' title="bbox 1967 1343 3550 1422; baseline 0.006 -25"><span class='ocrx_word' id='word_1_204' title='bbox 1967 1343 2178 1399; x_wconf 90' lang='lat' dir='ltr'><strong>Domini</strong></span> <span class='ocrx_word' id='word_1_205' title='bbox 2212 1361 2411 1416; x_wconf 83' lang='lat' dir='ltr'><strong>corpus</strong></span> <span class='ocrx_word' id='word_1_206' title='bbox 2427 1361 2550 1401; x_wconf 88' lang='lat' dir='ltr'><strong>cum</strong></span> <span class='ocrx_word' id='word_1_207' title='bbox 2581 1349 2935 1418; x_wconf 80' lang='lat' dir='ltr'><strong>purissimum</strong></span> <span class='ocrx_word' id='word_1_208' title='bbox 2968 1365 3067 1406; x_wconf 80' lang='lat' dir='ltr'><strong>nec</strong></span> <span class='ocrx_word' id='word_1_209' title='bbox 3089 1352 3322 1422; x_wconf 68' lang='lat' dir='ltr'><strong>al3cujus</strong></span> <span class='ocrx_word' id='word_1_210' title='bbox 3341 1355 3550 1421; x_wconf 79' lang='lat' dir='ltr'><strong>peccati</strong></span> 
     </span>
    </p>
   </div>
   <div class='ocr_carea' id='block_1_30' title="bbox 1963 1437 3551 1512">
    <p class='ocr_par' dir='ltr' id='par_1_30' title="bbox 1963 1437 3551 1512">
     <span class='ocr_line' id='line_1_30' title="bbox 1963 1437 3551 1512; baseline 0.006 -21"><span class='ocrx_word' id='word_1_211' title='bbox 1963 1437 2317 1506; x_wconf 80' lang='lat' dir='ltr'><strong>pereeptibile</strong></span> <span class='ocrx_word' id='word_1_212' title='bbox 2373 1441 2484 1504; x_wconf 90' lang='lat' dir='ltr'><strong>sit,</strong></span> <span class='ocrx_word' id='word_1_213' title='bbox 2521 1440 2574 1494; x_wconf 92' lang='lat' dir='ltr'><strong>in</strong></span> <span class='ocrx_word' id='word_1_214' title='bbox 2629 1443 2806 1512; x_wconf 82' lang='lat' dir='ltr'><strong>azymi</strong></span> <span class='ocrx_word' id='word_1_215' title='bbox 2838 1446 3110 1500; x_wconf 87' lang='lat' dir='ltr'><strong>sacrilicio</strong></span> <span class='ocrx_word' id='word_1_216' title='bbox 3140 1445 3448 1511; x_wconf 79' lang='lat' dir='ltr'><strong>conﬁcitur,</strong></span> <span class='ocrx_word' id='word_1_217' title='bbox 3485 1461 3551 1500; x_wconf 89' lang='lat' dir='ltr'><strong>ac</strong></span> 
     </span>
    </p>
   </div>
   <div class='ocr_carea' id='block_1_31' title="bbox 1966 1528 3555 1606">
    <p class='ocr_par' dir='ltr' id='par_1_31' title="bbox 1966 1528 3555 1606">
     <span class='ocr_line' id='line_1_31' title="bbox 1966 1528 3555 1606; baseline 0.007 -25"><span class='ocrx_word' id='word_1_218' title='bbox 1966 1537 2028 1582; x_wconf 90' lang='lat' dir='ltr'><strong>ut</strong></span> <span class='ocrx_word' id='word_1_219' title='bbox 2073 1528 2466 1584; x_wconf 78' lang='lat' dir='ltr'><strong>fermentatum</strong></span> <span class='ocrx_word' id='word_1_220' title='bbox 2523 1546 2620 1602; x_wconf 88' lang='lat' dir='ltr'><strong>per</strong></span> <span class='ocrx_word' id='word_1_221' title='bbox 2649 1533 2977 1589; x_wconf 80' lang='lat' dir='ltr'><strong>fermentum</strong></span> <span class='ocrx_word' id='word_1_222' title='bbox 3015 1536 3070 1590; x_wconf 90' lang='lat' dir='ltr'><strong>in</strong></span> <span class='ocrx_word' id='word_1_223' title='bbox 3116 1553 3309 1606; x_wconf 83' lang='lat' dir='ltr'><strong>panem</strong></span> <span class='ocrx_word' id='word_1_224' title='bbox 3331 1554 3555 1594; x_wconf 84' lang='lat' dir='ltr'><strong>conver-</strong></span> 
     </span>
    </p>
   </div>
   <div class='ocr_carea' id='block_1_32' title="bbox 1964 1623 3554 1696">
    <p class='ocr_par' dir='ltr' id='par_1_32' title="bbox 1964 1623 3554 1696">
     <span class='ocr_line' id='line_1_32' title="bbox 1964 1623 3554 1696; baseline 0.007 -22"><span class='ocrx_word' id='word_1_225' title='bbox 1964 1623 2124 1687; x_wconf 90' lang='lat' dir='ltr'><strong>titur,</strong></span> <span class='ocrx_word' id='word_1_226' title='bbox 2196 1631 2250 1678; x_wconf 90' lang='lat' dir='ltr'><strong>et</strong></span> <span class='ocrx_word' id='word_1_227' title='bbox 2313 1626 2678 1681; x_wconf 90' lang='lat' dir='ltr'><strong>substantiam</strong></span> <span class='ocrx_word' id='word_1_228' title='bbox 2742 1629 3077 1685; x_wconf 86' lang='lat' dir='ltr'><strong>crassiorem</strong></span> <span class='ocrx_word' id='word_1_229' title='bbox 3141 1631 3311 1696; x_wconf 83' lang='lat' dir='ltr'><strong>subit,</strong></span> <span class='ocrx_word' id='word_1_230' title='bbox 3369 1632 3448 1687; x_wconf 87' lang='lat' dir='ltr'><strong>sic</strong></span> <span class='ocrx_word' id='word_1_231' title='bbox 3498 1643 3554 1686; x_wconf 90' lang='lat' dir='ltr'><strong>et</strong></span> 
     </span>
    </p>
   </div>
   <div class='ocr_carea' id='block_1_33' title="bbox 1967 1712 3548 1793">
    <p class='ocr_par' dir='ltr' id='par_1_33' title="bbox 1967 1712 3548 1793">
     <span class='ocr_line' id='line_1_33' title="bbox 1967 1712 3548 1793; baseline 0.004 -25"><span class='ocrx_word' id='word_1_232' title='bbox 1967 1712 2184 1769; x_wconf 82' lang='lat' dir='ltr'><strong>Domini</strong></span> <span class='ocrx_word' id='word_1_233' title='bbox 2205 1730 2410 1786; x_wconf 88' lang='lat' dir='ltr'><strong>corpus</strong></span> <span class='ocrx_word' id='word_1_234' title='bbox 2443 1733 2538 1787; x_wconf 83' lang='lat' dir='ltr'><strong>per</strong></span> <span class='ocrx_word' id='word_1_235' title='bbox 2598 1719 2854 1776; x_wconf 64' lang='lat' dir='ltr'><strong>humanm</strong></span> <span class='ocrx_word' id='word_1_236' title='bbox 2891 1722 3076 1780; x_wconf 85' lang='lat' dir='ltr'><strong>carnis</strong></span> <span class='ocrx_word' id='word_1_237' title='bbox 3099 1725 3548 1793; x_wconf 87' lang='lat' dir='ltr'><strong>conspersionem</strong></span> 
     </span>
    </p>
   </div>
   <div class='ocr_carea' id='block_1_34' title="bbox 1966 1808 3550 1888">
    <p class='ocr_par' dir='ltr' id='par_1_34' title="bbox 1966 1808 3550 1888">
     <span class='ocr_line' id='line_1_34' title="bbox 1966 1808 3550 1888; baseline 0.007 -26"><span class='ocrx_word' id='word_1_238' title='bbox 1966 1808 2022 1862; x_wconf 88' lang='lat' dir='ltr'><strong>in</strong></span> <span class='ocrx_word' id='word_1_239' title='bbox 2057 1824 2222 1863; x_wconf 85' lang='lat' dir='ltr'><strong>unam</strong></span> <span class='ocrx_word' id='word_1_240' title='bbox 2280 1809 2579 1867; x_wconf 76' lang='lat' dir='ltr'><strong>divinitatis</strong></span> <span class='ocrx_word' id='word_1_241' title='bbox 2624 1824 2679 1866; x_wconf 90' lang='lat' dir='ltr'><strong>et</strong></span> <span class='ocrx_word' id='word_1_242' title='bbox 2730 1815 3088 1870; x_wconf 81' lang='lat' dir='ltr'><strong>humanitatis</strong></span> <span class='ocrx_word' id='word_1_243' title='bbox 3129 1832 3417 1886; x_wconf 82' lang='lat' dir='ltr'><strong>personam</strong></span> <span class='ocrx_word' id='word_1_244' title='bbox 3451 1833 3550 1888; x_wconf 91' lang='lat' dir='ltr'><strong>per</strong></span> 
     </span>
    </p>
   </div>
   <div class='ocr_carea' id='block_1_35' title="bbox 265 1889 1864 1978">
    <p class='ocr_par' dir='ltr' id='par_1_35' title="bbox 265 1907 1857 1978">
     <span class='ocr_line' id='line_1_35' title="bbox 265 1907 1857 1978; baseline 0.001 -18"><span class='ocrx_word' id='word_1_245' title='bbox 265 1910 353 1968; x_wconf 77' lang='grc' dir='ltr'>εἰς</span> <span class='ocrx_word' id='word_1_246' title='bbox 388 1907 691 1961; x_wconf 75' lang='grc' dir='ltr'><strong>ὑπόστασιν</strong></span> <span class='ocrx_word' id='word_1_247' title='bbox 723 1907 854 1972; x_wconf 85' lang='grc' dir='ltr'>μίαν</span> <span class='ocrx_word' id='word_1_248' title='bbox 887 1907 1145 1975; x_wconf 79' lang='grc' dir='ltr'>θεότητὸς</span> <span class='ocrx_word' id='word_1_249' title='bbox 1175 1923 1234 1960; x_wconf 94' lang='grc' dir='ltr'><strong>τε</strong></span> <span class='ocrx_word' id='word_1_250' title='bbox 1279 1908 1374 1960; x_wconf 75' lang='grc' dir='ltr'>καὶ</span> <span class='ocrx_word' id='word_1_251' title='bbox 1409 1908 1857 1978; x_wconf 84' lang='grc' dir='ltr'>ἀνθρωπότητος,</span> 
     </span>
    </p>
   </div>
   <div class='ocr_carea' id='block_1_36' title="bbox 1972 1889 3552 1978">
    <p class='ocr_par' dir='ltr' id='par_1_36' title="bbox 1972 1901 3552 1978">
     <span class='ocr_line' id='line_1_36' title="bbox 1972 1901 3552 1978; baseline 0.008 -24"><span class='ocrx_word' id='word_1_252' title='bbox 1972 1901 2290 1956; x_wconf 87' lang='lat' dir='ltr'><strong>l&#39;ermentum</strong></span> <span class='ocrx_word' id='word_1_253' title='bbox 2340 1903 2642 1958; x_wconf 81' lang='lat' dir='ltr'><strong>indicatur.</strong></span> <span class='ocrx_word' id='word_1_254' title='bbox 2713 1906 2901 1976; x_wconf 85' lang='lat' dir='ltr'><strong>Itaque</strong></span> <span class='ocrx_word' id='word_1_255' title='bbox 2966 1924 3064 1978; x_wconf 80' lang='lat' dir='ltr'><strong>per</strong></span> <span class='ocrx_word' id='word_1_256' title='bbox 3119 1909 3450 1966; x_wconf 77' lang='lat' dir='ltr'><strong>fermentum</strong></span> <span class='ocrx_word' id='word_1_257' title='bbox 3498 1923 3552 1966; x_wconf 90' lang='lat' dir='ltr'><strong>et</strong></span> 
     </span>
    </p>
   </div>
   <div class='ocr_carea' id='block_1_37' title="bbox 263 1997 1858 2070">
    <p class='ocr_par' dir='ltr' id='par_1_37' title="bbox 263 1997 1858 2070">
     <span class='ocr_line' id='line_1_37' title="bbox 263 1997 1858 2070; baseline 0.001 -18"><span class='ocrx_word' id='word_1_258' title='bbox 263 1999 360 2052; x_wconf 76' lang='grc' dir='ltr'>διὰ</span> <span class='ocrx_word' id='word_1_259' title='bbox 391 1997 486 2052; x_wconf 79' lang='grc' dir='ltr'>τοῦ</span> <span class='ocrx_word' id='word_1_260' title='bbox 520 1997 752 2067; x_wconf 81' lang='grc' dir='ltr'>ὲνζύμου</span> <span class='ocrx_word' id='word_1_261' title='bbox 782 1999 1120 2052; x_wconf 75' lang='grc' dir='ltr'>ἐνδείκνυται</span> <span class='ocrx_word' id='word_1_262' title='bbox 1141 2015 1155 2032; x_wconf 82' lang='grc' dir='ltr'><strong>ο</strong></span> <span class='ocrx_word' id='word_1_263' title='bbox 1189 2002 1282 2052; x_wconf 69' lang='grc' dir='ltr'><strong>καὶ</strong></span> <span class='ocrx_word' id='word_1_264' title='bbox 1314 1999 1490 2063; x_wconf 71' lang='grc' dir='ltr'>οὕτως</span> <span class='ocrx_word' id='word_1_265' title='bbox 1521 2000 1588 2053; x_wconf 85' lang='grc' dir='ltr'>δι’</span> <span class='ocrx_word' id='word_1_266' title='bbox 1618 2000 1858 2070; x_wconf 78' lang='grc' dir='ltr'>ὲνζύμου</span> 
     </span>
    </p>
   </div>
   <div class='ocr_carea' id='block_1_38' title="bbox 265 2089 1862 2162">
    <p class='ocr_par' dir='ltr' id='par_1_38' title="bbox 265 2089 1862 2162">
     <span class='ocr_line' id='line_1_38' title="bbox 265 2089 1862 2162; baseline 0 -17"><span class='ocrx_word' id='word_1_267' title='bbox 265 2110 332 2144; x_wconf 85' lang='grc' dir='ltr'><strong>τε</strong></span> <span class='ocrx_word' id='word_1_268' title='bbox 371 2092 466 2145; x_wconf 71' lang='grc' dir='ltr'>καὶ</span> <span class='ocrx_word' id='word_1_269' title='bbox 495 2089 706 2159; x_wconf 77' lang='grc' dir='ltr'>ἀζύμου</span> <span class='ocrx_word' id='word_1_270' title='bbox 730 2090 790 2143; x_wconf 81' lang='grc' dir='ltr'>τὸ</span> <span class='ocrx_word' id='word_1_271' title='bbox 817 2089 912 2142; x_wconf 82' lang='grc' dir='ltr'><strong>τοῦ</strong></span> <span class='ocrx_word' id='word_1_272' title='bbox 940 2090 1147 2160; x_wconf 80' lang='grc' dir='ltr'>Κυρίου</span> <span class='ocrx_word' id='word_1_273' title='bbox 1175 2091 1385 2158; x_wconf 86' lang='grc' dir='ltr'>γίνεται</span> <span class='ocrx_word' id='word_1_274' title='bbox 1427 2091 1586 2160; x_wconf 81' lang='grc' dir='ltr'>σῶμα</span> <span class='ocrx_word' id='word_1_275' title='bbox 1618 2093 1862 2162; x_wconf 79' lang='grc' dir='ltr'>ἀναμφι-</span> 
     </span>
    </p>
   </div>
   <div class='ocr_carea' id='block_1_39' title="bbox 259 2183 1858 2254">
    <p class='ocr_par' dir='ltr' id='par_1_39' title="bbox 259 2183 1858 2254">
     <span class='ocr_line' id='line_1_39' title="bbox 259 2183 1858 2254; baseline 0 -18"><span class='ocrx_word' id='word_1_276' title='bbox 259 2185 481 2247; x_wconf 71' lang='grc' dir='ltr'>ϐόλωςο</span> <span class='ocrx_word' id='word_1_277' title='bbox 524 2183 619 2236; x_wconf 76' lang='grc' dir='ltr'><strong>καὶ</strong></span> <span class='ocrx_word' id='word_1_278' title='bbox 662 2185 773 2247; x_wconf 83' lang='grc' dir='ltr'>τοῖς</span> <span class='ocrx_word' id='word_1_279' title='bbox 815 2183 1136 2236; x_wconf 81' lang='grc' dir='ltr'>πιστεύουσι</span> <span class='ocrx_word' id='word_1_280' title='bbox 1197 2183 1550 2254; x_wconf 77' lang='grc' dir='ltr'>σωτηριὼδης</span> <span class='ocrx_word' id='word_1_281' title='bbox 1581 2185 1699 2238; x_wconf 67' lang='grc' dir='ltr'>ἐστὶ</span> <span class='ocrx_word' id='word_1_282' title='bbox 1740 2201 1858 2238; x_wconf 85' lang='grc' dir='ltr'>κοι-</span> 
     </span>
    </p>
   </div>
   <div class='ocr_carea' id='block_1_40' title="bbox 263 2278 464 2333">
    <p class='ocr_par' dir='ltr' id='par_1_40' title="bbox 263 2278 464 2333">
     <span class='ocr_line' id='line_1_40' title="bbox 263 2278 464 2333; baseline -0.01 -1"><span class='ocrx_word' id='word_1_283' title='bbox 263 2278 464 2333; x_wconf 86' lang='grc' dir='ltr'>νωνία.</span> 
     </span>
    </p>
   </div>
   <div class='ocr_carea' id='block_1_41' title="bbox 1033 2370 1110 2424">
    <p class='ocr_par' dir='ltr' id='par_1_41' title="bbox 1033 2370 1110 2424">
     <span class='ocr_line' id='line_1_41' title="bbox 1033 2370 1110 2424; baseline 0.026 -2"><span class='ocrx_word' id='word_1_284' title='bbox 1033 2370 1110 2424; x_wconf 74' lang='grc' dir='ltr'><strong>Θν.</strong></span> 
     </span>
    </p>
   </div>
   <div class='ocr_carea' id='block_1_42' title="bbox 361 2463 1863 2536">
    <p class='ocr_par' dir='ltr' id='par_1_42' title="bbox 361 2463 1863 2536">
     <span class='ocr_line' id='line_1_42' title="bbox 361 2463 1863 2536; baseline 0.001 -19"><span class='ocrx_word' id='word_1_285' title='bbox 361 2463 496 2517; x_wconf 73' lang='grc' dir='ltr'><strong>Ἰδοὺ</strong></span> <span class='ocrx_word' id='word_1_286' title='bbox 528 2464 624 2515; x_wconf 75' lang='grc' dir='ltr'><strong>καὶ</strong></span> <span class='ocrx_word' id='word_1_287' title='bbox 658 2464 720 2517; x_wconf 75' lang='grc' dir='ltr'><strong>τδ</strong></span> <span class='ocrx_word' id='word_1_288' title='bbox 751 2463 1008 2534; x_wconf 85' lang='grc' dir='ltr'>δεύτερον</span> <span class='ocrx_word' id='word_1_289' title='bbox 1043 2465 1154 2517; x_wconf 84' lang='grc' dir='ltr'><strong>τῶν</strong></span> <span class='ocrx_word' id='word_1_290' title='bbox 1188 2465 1320 2535; x_wconf 82' lang='grc' dir='ltr'>παρ’</span> <span class='ocrx_word' id='word_1_291' title='bbox 1349 2467 1483 2536; x_wconf 72' lang='grc' dir='ltr'>ἡμῖν</span> <span class='ocrx_word' id='word_1_292' title='bbox 1519 2465 1863 2534; x_wconf 74' lang='grc' dir='ltr'>ἐγκαλουμέ-</span> 
     </span>
    </p>
   </div>
   <div class='ocr_carea' id='block_1_43' title="bbox 265 2558 1861 2630">
    <p class='ocr_par' dir='ltr' id='par_1_43' title="bbox 265 2558 1861 2630">
     <span class='ocr_line' id='line_1_43' title="bbox 265 2558 1861 2630; baseline 0.002 -19"><span class='ocrx_word' id='word_1_293' title='bbox 265 2575 411 2624; x_wconf 83' lang='grc' dir='ltr'>νων,</span> <span class='ocrx_word' id='word_1_294' title='bbox 442 2558 744 2627; x_wconf 76' lang='grc' dir='ltr'><strong>ἀπεδείχθη</strong></span> <span class='ocrx_word' id='word_1_295' title='bbox 780 2559 983 2623; x_wconf 87' lang='grc' dir='ltr'>καλῶς,</span> <span class='ocrx_word' id='word_1_296' title='bbox 1015 2559 1091 2622; x_wconf 80' lang='grc' dir='ltr'>ὡς</span> <span class='ocrx_word' id='word_1_297' title='bbox 1123 2559 1352 2626; x_wconf 75' lang='grc' dir='ltr'>ἀμαθῶς</span> <span class='ocrx_word' id='word_1_298' title='bbox 1394 2561 1529 2630; x_wconf 76' lang='grc' dir='ltr'>ἡμῖν</span> <span class='ocrx_word' id='word_1_299' title='bbox 1555 2560 1861 2627; x_wconf 75' lang='grc' dir='ltr'>ἐγκαλεῖτε,</span> 
     </span>
    </p>
   </div>
   <div class='ocr_carea' id='block_1_44' title="bbox 269 2648 1863 2720">
    <p class='ocr_par' dir='ltr' id='par_1_44' title="bbox 269 2648 1863 2720">
     <span class='ocr_line' id='line_1_44' title="bbox 269 2648 1863 2720; baseline 0.001 -20"><span class='ocrx_word' id='word_1_300' title='bbox 269 2649 376 2701; x_wconf 78' lang='grc' dir='ltr'>καὶ</span> <span class='ocrx_word' id='word_1_301' title='bbox 429 2649 637 2711; x_wconf 80' lang='grc' dir='ltr'><strong>σκαιῶς</strong></span> <span class='ocrx_word' id='word_1_302' title='bbox 687 2648 789 2718; x_wconf 81' lang='grc' dir='ltr'>τὴν</span> <span class='ocrx_word' id='word_1_303' title='bbox 835 2649 1225 2719; x_wconf 79' lang='grc' dir='ltr'>οἰκουμενικὴν</span> <span class='ocrx_word' id='word_1_304' title='bbox 1268 2649 1558 2720; x_wconf 83' lang='grc' dir='ltr'>διασύρετε</span> <span class='ocrx_word' id='word_1_305' title='bbox 1619 2652 1863 2717; x_wconf 79' lang='grc' dir='ltr'><strong>σύνοδον,</strong></span> 
     </span>
    </p>
   </div>
   <div class='ocr_carea' id='block_1_45' title="bbox 268 2741 1866 2814">
    <p class='ocr_par' dir='ltr' id='par_1_45' title="bbox 268 2741 1866 2814">
     <span class='ocr_line' id='line_1_45' title="bbox 268 2741 1866 2814; baseline 0.001 -18"><span class='ocrx_word' id='word_1_306' title='bbox 268 2743 649 2796; x_wconf 75' lang='grc' dir='ltr'>πιστεύουσαν</span> <span class='ocrx_word' id='word_1_307' title='bbox 680 2744 738 2796; x_wconf 71' lang='grc' dir='ltr'>ἐν</span> <span class='ocrx_word' id='word_1_308' title='bbox 765 2741 963 2812; x_wconf 77' lang='grc' dir='ltr'>ἀζύμῳ</span> <span class='ocrx_word' id='word_1_309' title='bbox 991 2742 1052 2794; x_wconf 72' lang='grc' dir='ltr'><strong>τὸ</strong></span> <span class='ocrx_word' id='word_1_310' title='bbox 1082 2743 1244 2812; x_wconf 86' lang='grc' dir='ltr'>σῶμα</span> <span class='ocrx_word' id='word_1_311' title='bbox 1272 2743 1366 2796; x_wconf 72' lang='grc' dir='ltr'><strong>τοῦ</strong></span> <span class='ocrx_word' id='word_1_312' title='bbox 1393 2743 1657 2814; x_wconf 77' lang='grc' dir='ltr'>Χριστοῦ,</span> <span class='ocrx_word' id='word_1_313' title='bbox 1688 2747 1786 2799; x_wconf 73' lang='grc' dir='ltr'>καὶ</span> <span class='ocrx_word' id='word_1_314' title='bbox 1810 2747 1866 2798; x_wconf 75' lang='grc' dir='ltr'>ἒν</span> 
     </span>
    </p>
   </div>
   <div class='ocr_carea' id='block_1_46' title="bbox 269 2832 1866 2908">
    <p class='ocr_par' dir='ltr' id='par_1_46' title="bbox 269 2832 1866 2908">
     <span class='ocr_line' id='line_1_46' title="bbox 269 2832 1866 2908; baseline -0.001 -17"><span class='ocrx_word' id='word_1_315' title='bbox 269 2838 503 2906; x_wconf 71' lang='grc' dir='ltr'>ὶνςύμῳ</span> <span class='ocrx_word' id='word_1_316' title='bbox 533 2839 634 2906; x_wconf 85' lang='grc' dir='ltr'><strong>οὐχ</strong></span> <span class='ocrx_word' id='word_1_317' title='bbox 669 2832 832 2908; x_wconf 81' lang='grc' dir='ltr'>ἦττον</span> <span class='ocrx_word' id='word_1_318' title='bbox 865 2837 1164 2903; x_wconf 73' lang='grc' dir='ltr'><strong>τελεῖσθαι,</strong></span> <span class='ocrx_word' id='word_1_319' title='bbox 1191 2837 1311 2897; x_wconf 69' lang='grc' dir='ltr'>ἑνὸς</span> <span class='ocrx_word' id='word_1_320' title='bbox 1346 2837 1499 2901; x_wconf 72' lang='grc' dir='ltr'>ὄντος</span> <span class='ocrx_word' id='word_1_321' title='bbox 1544 2839 1637 2892; x_wconf 83' lang='grc' dir='ltr'>τοῦ</span> <span class='ocrx_word' id='word_1_322' title='bbox 1666 2839 1866 2891; x_wconf 83' lang='grc' dir='ltr'>δεσπο-</span> 
     </span>
    </p>
   </div>
   <div class='ocr_carea' id='block_1_47' title="bbox 270 2931 1867 3004">
    <p class='ocr_par' dir='ltr' id='par_1_47' title="bbox 270 2931 1867 3004">
     <span class='ocr_line' id='line_1_47' title="bbox 270 2931 1867 3004; baseline -0.001 -16"><span class='ocrx_word' id='word_1_323' title='bbox 270 2935 436 2988; x_wconf 78' lang='grc' dir='ltr'>τικοῦ</span> <span class='ocrx_word' id='word_1_324' title='bbox 467 2933 743 3002; x_wconf 83' lang='grc' dir='ltr'>σώματος,</span> <span class='ocrx_word' id='word_1_325' title='bbox 770 2933 865 2986; x_wconf 80' lang='grc' dir='ltr'><strong>καὶ</strong></span> <span class='ocrx_word' id='word_1_326' title='bbox 887 2933 946 2985; x_wconf 91' lang='grc' dir='ltr'><strong>ού</strong></span> <span class='ocrx_word' id='word_1_327' title='bbox 970 2931 1332 3002; x_wconf 76' lang='grc' dir='ltr'>μεριζομένου</span> <span class='ocrx_word' id='word_1_328' title='bbox 1359 2933 1438 2995; x_wconf 85' lang='grc' dir='ltr'><strong>είς</strong></span> <span class='ocrx_word' id='word_1_329' title='bbox 1465 2933 1580 2999; x_wconf 88' lang='grc' dir='ltr'>δύο,</span> <span class='ocrx_word' id='word_1_330' title='bbox 1605 2933 1680 2996; x_wconf 85' lang='grc' dir='ltr'>ὡς</span> <span class='ocrx_word' id='word_1_331' title='bbox 1703 2935 1867 3004; x_wconf 75' lang='grc' dir='ltr'>ἡμεῖς</span> 
     </span>
    </p>
   </div>
   <div class='ocr_carea' id='block_1_48' title="bbox 267 3026 1869 3100">
    <p class='ocr_par' dir='ltr' id='par_1_48' title="bbox 267 3026 1869 3100">
     <span class='ocr_line' id='line_1_48' title="bbox 267 3026 1869 3100; baseline -0.002 -17"><span class='ocrx_word' id='word_1_332' title='bbox 267 3031 327 3083; x_wconf 83' lang='lat' dir='ltr'><strong>ol.</strong></span> <span class='ocrx_word' id='word_1_333' title='bbox 357 3032 425 3100; x_wconf 74' lang='grc' dir='ltr'>τῇ</span> <span class='ocrx_word' id='word_1_334' title='bbox 462 3028 672 3098; x_wconf 73' lang='grc' dir='ltr'>συνόδῳ</span> <span class='ocrx_word' id='word_1_335' title='bbox 709 3028 784 3098; x_wconf 79' lang='grc' dir='ltr'>μὴ</span> <span class='ocrx_word' id='word_1_336' title='bbox 833 3027 1111 3098; x_wconf 76' lang='grc' dir='ltr'>ὲπύμενοι,</span> <span class='ocrx_word' id='word_1_337' title='bbox 1147 3026 1373 3088; x_wconf 77' lang='grc' dir='ltr'>ἄκοντές</span> <span class='ocrx_word' id='word_1_338' title='bbox 1403 3044 1462 3078; x_wconf 85' lang='grc' dir='ltr'><strong>τε</strong></span> <span class='ocrx_word' id='word_1_339' title='bbox 1490 3028 1584 3079; x_wconf 79' lang='grc' dir='ltr'>καὶ</span> <span class='ocrx_word' id='word_1_340' title='bbox 1637 3027 1713 3098; x_wconf 79' lang='grc' dir='ltr'>μὴ</span> <span class='ocrx_word' id='word_1_341' title='bbox 1745 3027 1869 3096; x_wconf 78' lang='grc' dir='ltr'>βουο</span> 
     </span>
    </p>
   </div>
   <div class='ocr_carea' id='block_1_49' title="bbox 223 3119 1867 3192">
    <p class='ocr_par' dir='ltr' id='par_1_49' title="bbox 223 3119 1867 3192">
     <span class='ocr_line' id='line_1_49' title="bbox 223 3119 1867 3192; baseline -0.002 -16"><span class='ocrx_word' id='word_1_342' title='bbox 223 3154 229 3161; x_wconf 89' lang='grc'><strong><em>-</em></strong></span> <span class='ocrx_word' id='word_1_343' title='bbox 270 3125 520 3192; x_wconf 84' lang='grc' dir='ltr'>λόμενοι,</span> <span class='ocrx_word' id='word_1_344' title='bbox 553 3125 600 3175; x_wconf 87' lang='grc' dir='ltr'><strong>εί</strong></span> <span class='ocrx_word' id='word_1_345' title='bbox 633 3124 727 3175; x_wconf 74' lang='grc' dir='ltr'>καὶ</span> <span class='ocrx_word' id='word_1_346' title='bbox 762 3123 840 3192; x_wconf 78' lang='grc' dir='ltr'>μὴ</span> <span class='ocrx_word' id='word_1_347' title='bbox 869 3121 957 3173; x_wconf 72' lang='grc' dir='ltr'>διὰ</span> <span class='ocrx_word' id='word_1_348' title='bbox 988 3120 1231 3189; x_wconf 74' lang='grc' dir='ltr'>γραφῆς,</span> <span class='ocrx_word' id='word_1_349' title='bbox 1261 3119 1378 3172; x_wconf 87' lang='grc' dir='ltr'>ἀλλ’</span> <span class='ocrx_word' id='word_1_350' title='bbox 1411 3121 1468 3172; x_wconf 82' lang='grc' dir='ltr'>ὲν</span> <span class='ocrx_word' id='word_1_351' title='bbox 1499 3119 1578 3190; x_wconf 83' lang='grc' dir='ltr'><strong>τῷ</strong></span> <span class='ocrx_word' id='word_1_352' title='bbox 1613 3122 1867 3173; x_wconf 87' lang='grc' dir='ltr'>ἀπιστεῖν</span> 
     </span>
    </p>
   </div>
   <div class='ocr_carea' id='block_1_50' title="bbox 266 3213 1937 3305">
    <p class='ocr_par' dir='ltr' id='par_1_50' title="bbox 266 3213 1937 3305">
     <span class='ocr_line' id='line_1_50' title="bbox 266 3213 1937 3305; baseline -0.003 -32"><span class='ocrx_word' id='word_1_353' title='bbox 266 3221 393 3280; x_wconf 83' lang='grc' dir='ltr'>τοῖς</span> <span class='ocrx_word' id='word_1_354' title='bbox 435 3217 777 3287; x_wconf 75' lang='grc' dir='ltr'>λεγομένοις,</span> <span class='ocrx_word' id='word_1_355' title='bbox 813 3215 1215 3288; x_wconf 75' lang='grc' dir='ltr'>συμπεραίνετε</span> <span class='ocrx_word' id='word_1_356' title='bbox 1243 3231 1258 3246; x_wconf 75' lang='grc' dir='ltr'><strong>ο</strong></span> <span class='ocrx_word' id='word_1_357' title='bbox 1307 3213 1402 3267; x_wconf 72' lang='grc' dir='ltr'>καὶ</span> <span class='ocrx_word' id='word_1_358' title='bbox 1433 3215 1522 3268; x_wconf 78' lang='grc' dir='ltr'><strong>διὰ</strong></span> <span class='ocrx_word' id='word_1_359' title='bbox 1571 3213 1732 3268; x_wconf 68' lang='grc' dir='ltr'>τοῦτο</span> <span class='ocrx_word' id='word_1_360' title='bbox 1762 3215 1864 3268; x_wconf 83' lang='grc' dir='ltr'><strong>ούκ</strong></span> <span class='ocrx_word' id='word_1_361' title='bbox 1894 3245 1937 3305; x_wconf 74' lang='lat' dir='ltr'><strong><em>C</em></strong></span> 
     </span>
    </p>
   </div>
   <div class='ocr_carea' id='block_1_51' title="bbox 269 3305 1866 3380">
    <p class='ocr_par' dir='ltr' id='par_1_51' title="bbox 269 3305 1866 3380">
     <span class='ocr_line' id='line_1_51' title="bbox 269 3305 1866 3380; baseline -0.004 -16"><span class='ocrx_word' id='word_1_362' title='bbox 269 3309 576 3380; x_wconf 80' lang='grc' dir='ltr'>ὲκφεύγετε</span> <span class='ocrx_word' id='word_1_363' title='bbox 608 3310 699 3362; x_wconf 79' lang='grc' dir='ltr'>τὸν</span> <span class='ocrx_word' id='word_1_364' title='bbox 723 3309 939 3362; x_wconf 73' lang='grc' dir='ltr'>ὄλισθον</span> <span class='ocrx_word' id='word_1_365' title='bbox 967 3309 1064 3378; x_wconf 80' lang='grc' dir='ltr'>τῆς</span> <span class='ocrx_word' id='word_1_366' title='bbox 1085 3308 1372 3376; x_wconf 80' lang='grc' dir='ltr'>αἱρέσεως.</span> <span class='ocrx_word' id='word_1_367' title='bbox 1412 3305 1472 3360; x_wconf 79' lang='grc'><strong>’0</strong></span> <span class='ocrx_word' id='word_1_368' title='bbox 1497 3305 1605 3377; x_wconf 71' lang='grc' dir='ltr'><strong>γὰρ</strong></span> <span class='ocrx_word' id='word_1_369' title='bbox 1627 3305 1866 3375; x_wconf 84' lang='grc' dir='ltr'>Χριστός</span> 
     </span>
    </p>
   </div>
   <div class='ocr_carea' id='block_1_52' title="bbox 269 3399 1866 3477">
    <p class='ocr_par' dir='ltr' id='par_1_52' title="bbox 269 3399 1866 3477">
     <span class='ocr_line' id='line_1_52' title="bbox 269 3399 1866 3477; baseline -0.005 -18"><span class='ocrx_word' id='word_1_370' title='bbox 269 3423 415 3477; x_wconf 79' lang='grc' dir='ltr'>φησι</span> <span class='ocrx_word' id='word_1_371' title='bbox 447 3404 547 3477; x_wconf 73' lang='grc' dir='ltr'>τὴν</span> <span class='ocrx_word' id='word_1_372' title='bbox 589 3403 918 3473; x_wconf 73' lang='grc' dir='ltr'>Ἐκκλησίαν</span> <span class='ocrx_word' id='word_1_373' title='bbox 951 3403 1120 3457; x_wconf 80' lang='grc' dir='ltr'>αὑτοῦ</span> <span class='ocrx_word' id='word_1_374' title='bbox 1154 3401 1428 3471; x_wconf 78' lang='grc' dir='ltr'>μηδέποτε</span> <span class='ocrx_word' id='word_1_375' title='bbox 1481 3399 1866 3471; x_wconf 82' lang='grc' dir='ltr'>πλανηθῆναι,</span> 
     </span>
    </p>
   </div>
   <div class='ocr_carea' id='block_1_53' title="bbox 265 3492 1866 3569">
    <p class='ocr_par' dir='ltr' id='par_1_53' title="bbox 265 3492 1866 3569">
     <span class='ocr_line' id='line_1_53' title="bbox 265 3492 1866 3569; baseline -0.006 -15"><span class='ocrx_word' id='word_1_376' title='bbox 265 3499 403 3554; x_wconf 72' lang='grc' dir='ltr'>ἐπεὶ</span> <span class='ocrx_word' id='word_1_377' title='bbox 435 3499 805 3569; x_wconf 69' lang='grc' dir='ltr'>ἐπηγγείλατο</span> <span class='ocrx_word' id='word_1_378' title='bbox 841 3497 962 3566; x_wconf 81' lang='grc' dir='ltr'>μετ’</span> <span class='ocrx_word' id='word_1_379' title='bbox 989 3497 1164 3562; x_wconf 82' lang='grc' dir='ltr'>αὐτῆς</span> <span class='ocrx_word' id='word_1_380' title='bbox 1191 3492 1334 3549; x_wconf 75' lang='grc' dir='ltr'>εἶναι</span> <span class='ocrx_word' id='word_1_381' title='bbox 1360 3494 1651 3566; x_wconf 82' lang='grc' dir='ltr'>διηνεκῶς.</span> <span class='ocrx_word' id='word_1_382' title='bbox 1680 3494 1745 3547; x_wconf 77' lang='grc' dir='ltr'><strong>Εἰ</strong></span> <span class='ocrx_word' id='word_1_383' title='bbox 1772 3493 1866 3546; x_wconf 81' lang='grc' dir='ltr'>οὖν</span> 
     </span>
    </p>
   </div>
   <div class='ocr_carea' id='block_1_54' title="bbox 267 3584 1866 3664">
    <p class='ocr_par' dir='ltr' id='par_1_54' title="bbox 267 3584 1866 3664">
     <span class='ocr_line' id='line_1_54' title="bbox 267 3584 1866 3664; baseline -0.008 -16"><span class='ocrx_word' id='word_1_384' title='bbox 267 3591 486 3662; x_wconf 82' lang='grc' dir='ltr'>ἀληθής</span> <span class='ocrx_word' id='word_1_385' title='bbox 522 3592 669 3644; x_wconf 79' lang='grc' dir='ltr'>ἐστιν</span> <span class='ocrx_word' id='word_1_386' title='bbox 715 3591 742 3641; x_wconf 85' lang='grc' dir='ltr'>ὁ</span> <span class='ocrx_word' id='word_1_387' title='bbox 779 3590 1035 3660; x_wconf 79' lang='grc' dir='ltr'>Χριστὸς,</span> <span class='ocrx_word' id='word_1_388' title='bbox 1067 3589 1164 3641; x_wconf 75' lang='grc' dir='ltr'>καὶ</span> <span class='ocrx_word' id='word_1_389' title='bbox 1198 3589 1296 3659; x_wconf 76' lang='grc' dir='ltr'>τὴν</span> <span class='ocrx_word' id='word_1_390' title='bbox 1329 3587 1666 3664; x_wconf 76' lang='grc' dir='ltr'>ἐπαγγελίαν</span> <span class='ocrx_word' id='word_1_391' title='bbox 1698 3584 1866 3638; x_wconf 78' lang='grc' dir='ltr'>αὑτοῦ</span> 
     </span>
    </p>
   </div>
   <div class='ocr_carea' id='block_1_55' title="bbox 268 3677 1865 3754">
    <p class='ocr_par' dir='ltr' id='par_1_55' title="bbox 268 3677 1865 3754">
     <span class='ocr_line' id='line_1_55' title="bbox 268 3677 1865 3754; baseline -0.006 -14"><span class='ocrx_word' id='word_1_392' title='bbox 268 3689 360 3740; x_wconf 78' lang='grc' dir='ltr'>δεῖ</span> <span class='ocrx_word' id='word_1_393' title='bbox 408 3684 689 3739; x_wconf 80' lang='grc' dir='ltr'>πιστεύειν</span> <span class='ocrx_word' id='word_1_394' title='bbox 736 3679 877 3737; x_wconf 74' lang='grc' dir='ltr'>εἶναι</span> <span class='ocrx_word' id='word_1_395' title='bbox 923 3684 1133 3754; x_wconf 81' lang='grc' dir='ltr'><strong>ἁλη6ῆ’</strong></span> <span class='ocrx_word' id='word_1_396' title='bbox 1187 3683 1322 3753; x_wconf 77' lang='grc' dir='ltr'>φησὶ</span> <span class='ocrx_word' id='word_1_397' title='bbox 1364 3681 1493 3750; x_wconf 70' lang='grc' dir='ltr'>γὰρ,</span> <span class='ocrx_word' id='word_1_398' title='bbox 1534 3698 1552 3731; x_wconf 80' lang='grc' dir='ltr'><strong>ι</strong></span> <span class='ocrx_word' id='word_1_399' title='bbox 1595 3679 1706 3734; x_wconf 72' lang='grc' dir='ltr'><strong>Καὶ</strong></span> <span class='ocrx_word' id='word_1_400' title='bbox 1755 3677 1865 3731; x_wconf 71' lang='grc' dir='ltr'><strong>ἰδοὺ</strong></span> 
     </span>
    </p>
   </div>
   <div class='ocr_carea' id='block_1_56' title="bbox 272 3769 1868 3848">
    <p class='ocr_par' dir='ltr' id='par_1_56' title="bbox 272 3769 1868 3848">
     <span class='ocr_line' id='line_1_56' title="bbox 272 3769 1868 3848; baseline -0.005 -16"><span class='ocrx_word' id='word_1_401' title='bbox 272 3777 394 3847; x_wconf 77' lang='grc' dir='ltr'><strong>ἐγὼ</strong></span> <span class='ocrx_word' id='word_1_402' title='bbox 431 3777 551 3848; x_wconf 79' lang='grc' dir='ltr'>μεθ’</span> <span class='ocrx_word' id='word_1_403' title='bbox 603 3776 761 3847; x_wconf 81' lang='grc' dir='ltr'>ὑμῶν</span> <span class='ocrx_word' id='word_1_404' title='bbox 802 3779 925 3846; x_wconf 80' lang='grc' dir='ltr'>εἰμι</span> <span class='ocrx_word' id='word_1_405' title='bbox 975 3776 1158 3838; x_wconf 63' lang='grc' dir='ltr'>πάσας</span> <span class='ocrx_word' id='word_1_406' title='bbox 1214 3776 1314 3836; x_wconf 73' lang='grc' dir='ltr'>τὰς</span> <span class='ocrx_word' id='word_1_407' title='bbox 1370 3773 1586 3844; x_wconf 80' lang='grc' dir='ltr'>ἡμέρας</span> <span class='ocrx_word' id='word_1_408' title='bbox 1629 3771 1735 3832; x_wconf 71' lang='grc' dir='ltr'>ἕως</span> <span class='ocrx_word' id='word_1_409' title='bbox 1765 3769 1868 3839; x_wconf 82' lang='grc' dir='ltr'>τῆς</span> 
     </span>
    </p>
   </div>
   <div class='ocr_carea' id='block_1_57' title="bbox 273 3861 1868 3935">
    <p class='ocr_par' dir='ltr' id='par_1_57' title="bbox 273 3861 1868 3935">
     <span class='ocr_line' id='line_1_57' title="bbox 273 3861 1868 3935; baseline -0.005 -12"><span class='ocrx_word' id='word_1_410' title='bbox 273 3869 599 3932; x_wconf 85' lang='grc' dir='ltr'>συντελείας</span> <span class='ocrx_word' id='word_1_411' title='bbox 647 3868 741 3922; x_wconf 80' lang='grc' dir='ltr'>τοῦ</span> <span class='ocrx_word' id='word_1_412' title='bbox 774 3869 966 3931; x_wconf 80' lang='grc' dir='ltr'>αἰῶνος</span> <span class='ocrx_word' id='word_1_413' title='bbox 992 3885 1005 3898; x_wconf 91' lang='grc'><strong>·</strong></span> <span class='ocrx_word' id='word_1_414' title='bbox 1045 3886 1062 3918; x_wconf 72' lang='grc' dir='ltr'><strong>ι</strong></span> <span class='ocrx_word' id='word_1_415' title='bbox 1101 3867 1196 3919; x_wconf 73' lang='grc' dir='ltr'><strong>καὶ</strong></span> <span class='ocrx_word' id='word_1_416' title='bbox 1228 3867 1393 3935; x_wconf 75' lang='grc' dir='ltr'>ἡμεῖς</span> <span class='ocrx_word' id='word_1_417' title='bbox 1425 3862 1570 3916; x_wconf 76' lang='grc' dir='ltr'>οὕτω</span> <span class='ocrx_word' id='word_1_418' title='bbox 1611 3861 1868 3915; x_wconf 79' lang='grc' dir='ltr'>πιστεύο-</span> 
     </span>
    </p>
   </div>
   <div class='ocr_carea' id='block_1_58' title="bbox 283 3952 1864 4032">
    <p class='ocr_par' dir='ltr' id='par_1_58' title="bbox 283 3952 1864 4032">
     <span class='ocr_line' id='line_1_58' title="bbox 283 3952 1864 4032; baseline -0.006 -18"><span class='ocrx_word' id='word_1_419' title='bbox 283 3979 388 4032; x_wconf 84' lang='grc' dir='ltr'><strong>μεν</strong></span> <span class='ocrx_word' id='word_1_420' title='bbox 421 3965 560 4032; x_wconf 76' lang='grc' dir='ltr'>μετὰ</span> <span class='ocrx_word' id='word_1_421' title='bbox 605 3963 703 4030; x_wconf 71' lang='grc' dir='ltr'>τῆς</span> <span class='ocrx_word' id='word_1_422' title='bbox 745 3960 1080 4031; x_wconf 82' lang='grc' dir='ltr'>Ἐκκλησίας</span> <span class='ocrx_word' id='word_1_423' title='bbox 1115 3957 1280 4012; x_wconf 81' lang='grc' dir='ltr'>αὑτοῦ</span> <span class='ocrx_word' id='word_1_424' title='bbox 1321 3953 1463 4010; x_wconf 75' lang='grc' dir='ltr'>εἶναι</span> <span class='ocrx_word' id='word_1_425' title='bbox 1517 3955 1607 4007; x_wconf 79' lang='grc' dir='ltr'><strong>διὰ</strong></span> <span class='ocrx_word' id='word_1_426' title='bbox 1641 3952 1864 4018; x_wconf 75' lang='grc' dir='ltr'>παντὸς,</span> 
     </span>
    </p>
   </div>
   <div class='ocr_carea' id='block_1_59' title="bbox 283 4047 1868 4132">
    <p class='ocr_par' dir='ltr' id='par_1_59' title="bbox 283 4047 1868 4132">
     <span class='ocr_line' id='line_1_59' title="bbox 283 4047 1868 4132; baseline -0.007 -22"><span class='ocrx_word' id='word_1_427' title='bbox 283 4057 385 4109; x_wconf 72' lang='grc' dir='ltr'>καὶ</span> <span class='ocrx_word' id='word_1_428' title='bbox 431 4057 700 4127; x_wconf 76' lang='grc' dir='ltr'>μηδέποτε</span> <span class='ocrx_word' id='word_1_429' title='bbox 737 4054 1092 4124; x_wconf 73' lang='grc' dir='ltr'>καταλείψειν</span> <span class='ocrx_word' id='word_1_430' title='bbox 1137 4053 1332 4132; x_wconf 72' lang='grc' dir='ltr'>αὑτήν.</span> <span class='ocrx_word' id='word_1_431' title='bbox 1369 4051 1429 4104; x_wconf 82' lang='lat' dir='ltr'><strong>El</strong></span> <span class='ocrx_word' id='word_1_432' title='bbox 1470 4049 1526 4102; x_wconf 79' lang='grc' dir='ltr'><strong>δὲ</strong></span> <span class='ocrx_word' id='word_1_433' title='bbox 1566 4047 1686 4102; x_wconf 79' lang='grc' dir='ltr'>καθ’</span> <span class='ocrx_word' id='word_1_434' title='bbox 1721 4047 1868 4118; x_wconf 84' lang='grc' dir='ltr'>ὑμᾶς</span> 
     </span>
    </p>
   </div>
   <div class='ocr_carea' id='block_1_60' title="bbox 277 4140 1864 4219">
    <p class='ocr_par' dir='ltr' id='par_1_60' title="bbox 277 4140 1864 4219">
     <span class='ocr_line' id='line_1_60' title="bbox 277 4140 1864 4219; baseline -0.006 -17"><span class='ocrx_word' id='word_1_435' title='bbox 277 4150 651 4219; x_wconf 72' lang='grc' dir='ltr'>ἐπηγγείλατο</span> <span class='ocrx_word' id='word_1_436' title='bbox 704 4147 806 4217; x_wconf 82' lang='grc' dir='ltr'>μὲν</span> <span class='ocrx_word' id='word_1_437' title='bbox 852 4147 1131 4216; x_wconf 83' lang='grc' dir='ltr'>διαμένειν</span> <span class='ocrx_word' id='word_1_438' title='bbox 1167 4143 1436 4214; x_wconf 83' lang='grc' dir='ltr'>διηνεκῶς</span> <span class='ocrx_word' id='word_1_439' title='bbox 1502 4143 1622 4212; x_wconf 87' lang='grc' dir='ltr'>μετ’</span> <span class='ocrx_word' id='word_1_440' title='bbox 1666 4140 1864 4208; x_wconf 80' lang='grc' dir='ltr'>αὐτῆς,</span> 
     </span>
    </p>
   </div>
   <div class='ocr_carea' id='block_1_61' title="bbox 276 4234 1864 4312">
    <p class='ocr_par' dir='ltr' id='par_1_61' title="bbox 276 4234 1864 4312">
     <span class='ocr_line' id='line_1_61' title="bbox 276 4234 1864 4312; baseline -0.006 -16"><span class='ocrx_word' id='word_1_441' title='bbox 276 4244 544 4297; x_wconf 81' lang='grc' dir='ltr'>κατέλιπε</span> <span class='ocrx_word' id='word_1_442' title='bbox 575 4242 634 4294; x_wconf 84' lang='grc' dir='ltr'><strong>δὲ</strong></span> <span class='ocrx_word' id='word_1_443' title='bbox 675 4241 868 4312; x_wconf 80' lang='grc' dir='ltr'>αὐτὴν,</span> <span class='ocrx_word' id='word_1_444' title='bbox 908 4241 1004 4294; x_wconf 63' lang='grc' dir='ltr'><strong>καὶ⁸</strong></span> <span class='ocrx_word' id='word_1_445' title='bbox 1033 4238 1187 4292; x_wconf 75' lang='grc' dir='ltr'>εἴασε</span> <span class='ocrx_word' id='word_1_446' title='bbox 1217 4236 1584 4306; x_wconf 78' lang='grc' dir='ltr'>πλανηθῆναι,</span> <span class='ocrx_word' id='word_1_447' title='bbox 1617 4234 1676 4300; x_wconf 78' lang='grc' dir='ltr'><strong>ἐξ</strong></span> <span class='ocrx_word' id='word_1_448' title='bbox 1705 4235 1864 4303; x_wconf 80' lang='grc' dir='ltr'>ἐνάγ-</span> 
     </span>
    </p>
   </div>
   <div class='ocr_carea' id='block_1_62' title="bbox 274 4327 1866 4407">
    <p class='ocr_par' dir='ltr' id='par_1_62' title="bbox 274 4327 1866 4407">
     <span class='ocr_line' id='line_1_62' title="bbox 274 4327 1866 4407; baseline -0.008 -16"><span class='ocrx_word' id='word_1_449' title='bbox 274 4353 386 4406; x_wconf 81' lang='grc' dir='ltr'><strong>κης</strong></span> <span class='ocrx_word' id='word_1_450' title='bbox 417 4335 656 4407; x_wconf 73' lang='grc' dir='ltr'>ψεύστης</span> <span class='ocrx_word' id='word_1_451' title='bbox 687 4333 836 4386; x_wconf 78' lang='grc' dir='ltr'>ἐστίν</span> <span class='ocrx_word' id='word_1_452' title='bbox 863 4350 878 4364; x_wconf 76' lang='grc' dir='ltr'><strong>ο</strong></span> <span class='ocrx_word' id='word_1_453' title='bbox 902 4332 951 4385; x_wconf 82' lang='grc' dir='ltr'><strong>εί</strong></span> <span class='ocrx_word' id='word_1_454' title='bbox 977 4331 1033 4385; x_wconf 79' lang='grc' dir='ltr'><strong>δὲ</strong></span> <span class='ocrx_word' id='word_1_455' title='bbox 1057 4331 1322 4400; x_wconf 75' lang='grc' dir='ltr'>ψεύστης,</span> <span class='ocrx_word' id='word_1_456' title='bbox 1351 4331 1414 4381; x_wconf 82' lang='grc' dir='ltr'><strong>ού</strong></span> <span class='ocrx_word' id='word_1_457' title='bbox 1438 4329 1589 4393; x_wconf 73' lang='grc' dir='ltr'>θεός.</span> <span class='ocrx_word' id='word_1_458' title='bbox 1628 4327 1738 4382; x_wconf 75' lang='grc' dir='ltr'><strong>Καὶ</strong></span> <span class='ocrx_word' id='word_1_459' title='bbox 1764 4327 1866 4396; x_wconf 82' lang='grc' dir='ltr'>ὅρα</span> 
     </span>
    </p>
   </div>
   <div class='ocr_carea' id='block_1_63' title="bbox 271 4415 1867 4496">
    <p class='ocr_par' dir='ltr' id='par_1_63' title="bbox 271 4415 1867 4496">
     <span class='ocr_line' id='line_1_63' title="bbox 271 4415 1867 4496; baseline -0.009 -16"><span class='ocrx_word' id='word_1_460' title='bbox 271 4429 379 4496; x_wconf 84' lang='grc' dir='ltr'>τὴν</span> <span class='ocrx_word' id='word_1_461' title='bbox 408 4425 642 4479; x_wconf 83' lang='grc' dir='ltr'>ἀτοπίαν</span> <span class='ocrx_word' id='word_1_462' title='bbox 669 4423 762 4476; x_wconf 78' lang='grc' dir='ltr'>τοῦ</span> <span class='ocrx_word' id='word_1_463' title='bbox 795 4422 979 4488; x_wconf 79' lang='grc' dir='ltr'>λέγειν</span> <span class='ocrx_word' id='word_1_464' title='bbox 1007 4419 1159 4491; x_wconf 75' lang='grc' dir='ltr'>ὑμᾶς</span> <span class='ocrx_word' id='word_1_465' title='bbox 1195 4418 1286 4470; x_wconf 82' lang='grc' dir='ltr'>τὸν</span> <span class='ocrx_word' id='word_1_466' title='bbox 1317 4415 1556 4487; x_wconf 72' lang='grc' dir='ltr'>Χριστὸν</span> <span class='ocrx_word' id='word_1_467' title='bbox 1577 4415 1824 4485; x_wconf 78' lang='grc' dir='ltr'>ψεύστην</span> <span class='ocrx_word' id='word_1_468' title='bbox 1850 4429 1867 4445; x_wconf 85' lang='grc'>⁶</span> 
     </span>
    </p>
   </div>
   <div class='ocr_carea' id='block_1_64' title="bbox 268 4510 1868 4591">
    <p class='ocr_par' dir='ltr' id='par_1_64' title="bbox 268 4510 1868 4591">
     <span class='ocr_line' id='line_1_64' title="bbox 268 4510 1868 4591; baseline -0.011 -14"><span class='ocrx_word' id='word_1_469' title='bbox 268 4523 440 4577; x_wconf 80' lang='grc' dir='ltr'>τοῦτο</span> <span class='ocrx_word' id='word_1_470' title='bbox 466 4522 575 4591; x_wconf 81' lang='grc' dir='ltr'><strong>γὰρ</strong></span> <span class='ocrx_word' id='word_1_471' title='bbox 605 4521 785 4590; x_wconf 81' lang='grc' dir='ltr'>πάσης</span> <span class='ocrx_word' id='word_1_472' title='bbox 828 4515 1062 4585; x_wconf 86' lang='grc' dir='ltr'>ἀνομίας</span> <span class='ocrx_word' id='word_1_473' title='bbox 1100 4514 1192 4568; x_wconf 76' lang='grc' dir='ltr'>καὶ</span> <span class='ocrx_word' id='word_1_474' title='bbox 1224 4511 1579 4584; x_wconf 75' lang='grc' dir='ltr'>βλασφημίας</span> <span class='ocrx_word' id='word_1_475' title='bbox 1605 4510 1868 4578; x_wconf 78' lang='grc' dir='ltr'>ὑπέρκει-</span> 
     </span>
    </p>
   </div>
   <div class='ocr_carea' id='block_1_65' title="bbox 269 4588 1944 4685">
    <p class='ocr_par' dir='ltr' id='par_1_65' title="bbox 269 4588 1944 4685">
     <span class='ocr_line' id='line_1_65' title="bbox 269 4588 1944 4685; baseline -0.014 -12"><span class='ocrx_word' id='word_1_476' title='bbox 269 4636 394 4673; x_wconf 78' lang='grc' dir='ltr'>ται.</span> <span class='ocrx_word' id='word_1_477' title='bbox 437 4588 599 4670; x_wconf 77' lang='grc' dir='ltr'>Ἀλλὰ</span> <span class='ocrx_word' id='word_1_478' title='bbox 651 4588 771 4685; x_wconf 75' lang='grc' dir='ltr'>μετ’</span> <span class='ocrx_word' id='word_1_479' title='bbox 811 4611 986 4682; x_wconf 79' lang='grc' dir='ltr'>αὐτῆς</span> <span class='ocrx_word' id='word_1_480' title='bbox 1023 4606 1114 4681; x_wconf 75' lang='grc' dir='ltr'>ἦν,</span> <span class='ocrx_word' id='word_1_481' title='bbox 1155 4608 1251 4662; x_wconf 71' lang='grc' dir='ltr'>καὶ</span> <span class='ocrx_word' id='word_1_482' title='bbox 1296 4604 1413 4659; x_wconf 75' lang='grc' dir='ltr'>ἐστι</span> <span class='ocrx_word' id='word_1_483' title='bbox 1459 4605 1555 4657; x_wconf 68' lang='grc' dir='ltr'><strong>καὶ</strong></span> <span class='ocrx_word' id='word_1_484' title='bbox 1589 4601 1742 4655; x_wconf 82' lang='grc' dir='ltr'>ἔσται</span> <span class='ocrx_word' id='word_1_485' title='bbox 1774 4600 1868 4652; x_wconf 71' lang='grc' dir='ltr'>καὶ</span> <span class='ocrx_word' id='word_1_486' title='bbox 1903 4588 1944 4643; x_wconf 80' lang='grc' dir='ltr'>ο</span> 
     </span>
    </p>
   </div>
   <div class='ocr_carea' id='block_1_66' title="bbox 273 4693 1868 4783">
    <p class='ocr_par' dir='ltr' id='par_1_66' title="bbox 273 4693 1868 4783">
     <span class='ocr_line' id='line_1_66' title="bbox 273 4693 1868 4783; baseline -0.015 -18"><span class='ocrx_word' id='word_1_487' title='bbox 273 4712 437 4783; x_wconf 82' lang='grc' dir='ltr'>μενεῖ</span> <span class='ocrx_word' id='word_1_488' title='bbox 469 4709 546 4771; x_wconf 82' lang='grc' dir='ltr'><strong>εἰς</strong></span> <span class='ocrx_word' id='word_1_489' title='bbox 581 4709 671 4761; x_wconf 70' lang='grc' dir='ltr'>τὸν</span> <span class='ocrx_word' id='word_1_490' title='bbox 703 4705 878 4760; x_wconf 79' lang='grc' dir='ltr'>αἰῶνα</span> <span class='ocrx_word' id='word_1_491' title='bbox 929 4704 1021 4757; x_wconf 77' lang='grc' dir='ltr'><strong>τὸν</strong></span> <span class='ocrx_word' id='word_1_492' title='bbox 1059 4703 1315 4756; x_wconf 75' lang='grc' dir='ltr'>ἅπαντα·</span> <span class='ocrx_word' id='word_1_493' title='bbox 1362 4695 1466 4751; x_wconf 78' lang='grc' dir='ltr'>κᾶν</span> <span class='ocrx_word' id='word_1_494' title='bbox 1505 4693 1868 4765; x_wconf 78' lang='grc' dir='ltr'>διαῤῥήγνυν-</span> 
     </span>
    </p>
   </div>
   <div class='ocr_carea' id='block_1_67' title="bbox 269 4784 1870 4866">
    <p class='ocr_par' dir='ltr' id='par_1_67' title="bbox 269 4784 1870 4866">
     <span class='ocr_line' id='line_1_67' title="bbox 269 4784 1870 4866; baseline -0.014 -10"><span class='ocrx_word' id='word_1_495' title='bbox 269 4819 372 4857; x_wconf 83' lang='grc' dir='ltr'><strong>ται</strong></span> <span class='ocrx_word' id='word_1_496' title='bbox 409 4801 458 4854; x_wconf 80' lang='grc' dir='ltr'><strong>οί</strong></span> <span class='ocrx_word' id='word_1_497' title='bbox 493 4797 758 4852; x_wconf 79' lang='grc' dir='ltr'>τάναντία</span> <span class='ocrx_word' id='word_1_498' title='bbox 797 4797 896 4864; x_wconf 80' lang='grc' dir='ltr'>τῆς</span> <span class='ocrx_word' id='word_1_499' title='bbox 943 4791 1184 4866; x_wconf 79' lang='grc' dir='ltr'>Χριστοῦ</span> <span class='ocrx_word' id='word_1_500' title='bbox 1235 4786 1564 4858; x_wconf 83' lang='grc' dir='ltr'>Ἐκκλησίας</span> <span class='ocrx_word' id='word_1_501' title='bbox 1605 4784 1699 4837; x_wconf 71' lang='grc' dir='ltr'><strong>καὶ</strong></span> <span class='ocrx_word' id='word_1_502' title='bbox 1736 4799 1870 4854; x_wconf 79' lang='grc' dir='ltr'>φρο-</span> 
     </span>
    </p>
   </div>
   <div class='ocr_carea' id='block_1_68' title="bbox 268 4875 1868 4960">
    <p class='ocr_par' dir='ltr' id='par_1_68' title="bbox 268 4875 1868 4960">
     <span class='ocr_line' id='line_1_68' title="bbox 268 4875 1868 4960; baseline -0.013 -9"><span class='ocrx_word' id='word_1_503' title='bbox 268 4894 499 4956; x_wconf 75' lang='grc' dir='ltr'>νοῦντες</span> <span class='ocrx_word' id='word_1_504' title='bbox 531 4893 626 4945; x_wconf 75' lang='grc' dir='ltr'>καὶ</span> <span class='ocrx_word' id='word_1_505' title='bbox 649 4891 1004 4960; x_wconf 71' lang='grc' dir='ltr'>πράττοντες.</span> <span class='ocrx_word' id='word_1_506' title='bbox 1042 4885 1236 4952; x_wconf 81' lang='grc' dir='ltr'>Ἡμεῖς</span> <span class='ocrx_word' id='word_1_507' title='bbox 1261 4883 1306 4936; x_wconf 86' lang='grc' dir='ltr'><strong>δ’</strong></span> <span class='ocrx_word' id='word_1_508' title='bbox 1341 4881 1478 4952; x_wconf 74' lang='grc' dir='ltr'>αὐτῇ</span> <span class='ocrx_word' id='word_1_509' title='bbox 1503 4882 1596 4933; x_wconf 81' lang='grc' dir='ltr'>καὶ</span> <span class='ocrx_word' id='word_1_510' title='bbox 1618 4875 1868 4946; x_wconf 81' lang='grc' dir='ltr'>ἑπόμεθα</span> 
     </span>
    </p>
   </div>
   <div class='ocr_carea' id='block_1_69' title="bbox 271 4969 1866 5052">
    <p class='ocr_par' dir='ltr' id='par_1_69' title="bbox 271 4969 1866 5052">
     <span class='ocr_line' id='line_1_69' title="bbox 271 4969 1866 5052; baseline -0.011 -13"><span class='ocrx_word' id='word_1_511' title='bbox 271 4986 378 5039; x_wconf 73' lang='grc' dir='ltr'>καὶ</span> <span class='ocrx_word' id='word_1_512' title='bbox 409 4982 821 5052; x_wconf 77' lang='grc' dir='ltr'>ἀκολουθοῦμεν</span> <span class='ocrx_word' id='word_1_513' title='bbox 846 4998 859 5010; x_wconf 78' lang='grc'>³</span> <span class='ocrx_word' id='word_1_514' title='bbox 894 4980 972 5043; x_wconf 81' lang='grc' dir='ltr'>ὡς</span> <span class='ocrx_word' id='word_1_515' title='bbox 997 4979 1074 5050; x_wconf 81' lang='grc' dir='ltr'>μὴ</span> <span class='ocrx_word' id='word_1_516' title='bbox 1105 4975 1337 5030; x_wconf 81' lang='grc' dir='ltr'>δυνατὸν</span> <span class='ocrx_word' id='word_1_517' title='bbox 1360 4969 1501 5026; x_wconf 80' lang='grc' dir='ltr'>εἶναι</span> <span class='ocrx_word' id='word_1_518' title='bbox 1532 4971 1704 5041; x_wconf 76' lang='grc' dir='ltr'>αὐτήν</span> <span class='ocrx_word' id='word_1_519' title='bbox 1733 4985 1866 5023; x_wconf 89' lang='grc' dir='ltr'>ποτε</span> 
     </span>
    </p>
   </div>
   <div class='ocr_carea' id='block_1_70' title="bbox 271 5064 1868 5148">
    <p class='ocr_par' dir='ltr' id='par_1_70' title="bbox 271 5064 1868 5148">
     <span class='ocr_line' id='line_1_70' title="bbox 271 5064 1868 5148; baseline -0.011 -16"><span class='ocrx_word' id='word_1_520' title='bbox 271 5078 491 5148; x_wconf 79' lang='grc' dir='ltr'>πλάνην</span> <span class='ocrx_word' id='word_1_521' title='bbox 518 5076 753 5147; x_wconf 70' lang='grc' dir='ltr'>κηρύξαι</span> <span class='ocrx_word' id='word_1_522' title='bbox 775 5076 806 5108; x_wconf 79' lang='grc'><strong>·“</strong></span> <span class='ocrx_word' id='word_1_523' title='bbox 828 5075 966 5128; x_wconf 76' lang='grc' dir='ltr'>ἀλλὰ.</span> <span class='ocrx_word' id='word_1_524' title='bbox 999 5073 1203 5143; x_wconf 73' lang='grc' dir='ltr'>μᾶλλον</span> <span class='ocrx_word' id='word_1_525' title='bbox 1243 5068 1505 5137; x_wconf 75' lang='grc' dir='ltr'>ἀλήθειαν</span> <span class='ocrx_word' id='word_1_526' title='bbox 1534 5067 1631 5120; x_wconf 70' lang='grc' dir='ltr'>καὶ</span> <span class='ocrx_word' id='word_1_527' title='bbox 1653 5064 1868 5133; x_wconf 71' lang='lat'><strong>690060-</strong></span> 
     </span>
    </p>
   </div>
   <div class='ocr_carea' id='block_1_71' title="bbox 273 5154 1870 5239">
    <p class='ocr_par' dir='ltr' id='par_1_71' title="bbox 273 5154 1870 5239">
     <span class='ocr_line' id='line_1_71' title="bbox 273 5154 1870 5239; baseline -0.008 -19"><span class='ocrx_word' id='word_1_528' title='bbox 273 5173 428 5239; x_wconf 74' lang='grc' dir='ltr'>ξίαν,</span> <span class='ocrx_word' id='word_1_529' title='bbox 481 5171 556 5234; x_wconf 81' lang='grc' dir='ltr'><strong>ὡς</strong></span> <span class='ocrx_word' id='word_1_530' title='bbox 613 5154 744 5238; x_wconf 53' lang='grc' dir='ltr'>μετί</span> <span class='ocrx_word' id='word_1_531' title='bbox 787 5169 957 5238; x_wconf 81' lang='grc' dir='ltr'>αὐτῆς</span> <span class='ocrx_word' id='word_1_532' title='bbox 1001 5167 1238 5237; x_wconf 72' lang='grc' dir='ltr'><strong>¹ἔχουσαν</strong></span> <span class='ocrx_word' id='word_1_533' title='bbox 1293 5161 1386 5216; x_wconf 86' lang='grc' dir='ltr'>τὸν</span> <span class='ocrx_word' id='word_1_534' title='bbox 1429 5160 1666 5230; x_wconf 80' lang='grc' dir='ltr'>νυμφίον</span> <span class='ocrx_word' id='word_1_535' title='bbox 1702 5157 1870 5226; x_wconf 78' lang='grc' dir='ltr'>αὐτῆς</span> 
     </span>
    </p>
   </div>
   <div class='ocr_carea' id='block_1_72' title="bbox 288 5248 1869 5334">
    <p class='ocr_par' dir='ltr' id='par_1_72' title="bbox 288 5248 1869 5334">
     <span class='ocr_line' id='line_1_72' title="bbox 288 5248 1869 5334; baseline -0.013 -15"><span class='ocrx_word' id='word_1_536' title='bbox 288 5267 506 5334; x_wconf 77' lang='grc' dir='ltr'>Ἰησοῦν</span> <span class='ocrx_word' id='word_1_537' title='bbox 561 5267 652 5318; x_wconf 73' lang='grc' dir='ltr'><strong>τὸν</strong></span> <span class='ocrx_word' id='word_1_538' title='bbox 699 5263 958 5331; x_wconf 82' lang='grc' dir='ltr'>Χριστόν.</span> <span class='ocrx_word' id='word_1_539' title='bbox 1005 5257 1474 5327; x_wconf 81' lang='grc' dir='ltr'>’Υποτασσόμενοι</span> <span class='ocrx_word' id='word_1_540' title='bbox 1535 5248 1629 5306; x_wconf 69' lang='grc' dir='ltr'><strong>οὖν</strong></span> <span class='ocrx_word' id='word_1_541' title='bbox 1681 5252 1869 5322; x_wconf 75' lang='grc' dir='ltr'>ἐκείνῃ</span> 
     </span>
    </p>
   </div>
   <div class='ocr_carea' id='block_1_73' title="bbox 277 5342 1869 5430">
    <p class='ocr_par' dir='ltr' id='par_1_73' title="bbox 277 5342 1869 5430">
     <span class='ocr_line' id='line_1_73' title="bbox 277 5342 1869 5430; baseline -0.012 -15"><span class='ocrx_word' id='word_1_542' title='bbox 277 5363 434 5424; x_wconf 74' lang='grc' dir='ltr'>ἐντός</span> <span class='ocrx_word' id='word_1_543' title='bbox 470 5362 636 5430; x_wconf 75' lang='grc' dir='ltr'>ἐσμεν</span> <span class='ocrx_word' id='word_1_544' title='bbox 683 5362 782 5426; x_wconf 85' lang='grc' dir='ltr'>τῆς</span> <span class='ocrx_word' id='word_1_545' title='bbox 817 5355 1091 5424; x_wconf 77' lang='grc' dir='ltr'>σωστικῆς</span> <span class='ocrx_word' id='word_1_546' title='bbox 1138 5350 1379 5404; x_wconf 70' lang='grc' dir='ltr'>κιϐωτοῦ</span> <span class='ocrx_word' id='word_1_547' title='bbox 1407 5366 1422 5381; x_wconf 79' lang='grc' dir='ltr'><strong>ο</strong></span> <span class='ocrx_word' id='word_1_548' title='bbox 1461 5348 1527 5401; x_wconf 87' lang='grc' dir='ltr'>δι’</span> <span class='ocrx_word' id='word_1_549' title='bbox 1563 5342 1630 5418; x_wconf 78' lang='grc' dir='ltr'>ἧς</span> <span class='ocrx_word' id='word_1_550' title='bbox 1674 5347 1737 5398; x_wconf 75' lang='grc' dir='ltr'>ἐκ</span> <span class='ocrx_word' id='word_1_551' title='bbox 1774 5344 1869 5396; x_wconf 78' lang='grc' dir='ltr'>τοῦ</span> 
     </span>
    </p>
   </div>
   <div class='ocr_carea' id='block_1_74' title="bbox 283 5442 1875 5526">
    <p class='ocr_par' dir='ltr' id='par_1_74' title="bbox 283 5442 1875 5526">
     <span class='ocr_line' id='line_1_74' title="bbox 283 5442 1875 5526; baseline -0.012 -17"><span class='ocrx_word' id='word_1_552' title='bbox 283 5456 522 5526; x_wconf 81' lang='grc' dir='ltr'>ματαίου</span> <span class='ocrx_word' id='word_1_553' title='bbox 558 5454 673 5524; x_wconf 84' lang='grc' dir='ltr'>βίου</span> <span class='ocrx_word' id='word_1_554' title='bbox 707 5452 901 5506; x_wconf 88' lang='grc' dir='ltr'>τούτου</span> <span class='ocrx_word' id='word_1_555' title='bbox 966 5449 1102 5519; x_wconf 83' lang='grc' dir='ltr'>πρὸς</span> <span class='ocrx_word' id='word_1_556' title='bbox 1149 5447 1248 5516; x_wconf 80' lang='grc' dir='ltr'>τὴν</span> <span class='ocrx_word' id='word_1_557' title='bbox 1275 5444 1445 5499; x_wconf 80' lang='grc' dir='ltr'>ἀΐδιόν</span> <span class='ocrx_word' id='word_1_558' title='bbox 1475 5460 1530 5494; x_wconf 90' lang='grc' dir='ltr'><strong>τε</strong></span> <span class='ocrx_word' id='word_1_559' title='bbox 1573 5442 1665 5494; x_wconf 75' lang='grc' dir='ltr'>καὶ</span> <span class='ocrx_word' id='word_1_560' title='bbox 1698 5456 1875 5509; x_wconf 82' lang='grc' dir='ltr'>μακα-</span> 
     </span>
    </p>
   </div>
   <div class='ocr_carea' id='block_1_75' title="bbox 284 5534 1872 5618">
    <p class='ocr_par' dir='ltr' id='par_1_75' title="bbox 284 5534 1872 5618">
     <span class='ocr_line' id='line_1_75' title="bbox 284 5534 1872 5618; baseline -0.011 -18"><span class='ocrx_word' id='word_1_561' title='bbox 284 5550 411 5618; x_wconf 87' lang='grc' dir='ltr'>ρίαν</span> <span class='ocrx_word' id='word_1_562' title='bbox 446 5546 592 5616; x_wconf 79' lang='grc' dir='ltr'>ζωην</span> <span class='ocrx_word' id='word_1_563' title='bbox 645 5542 1015 5612; x_wconf 77' lang='grc' dir='ltr'>ὲπανήξομεν.</span> <span class='ocrx_word' id='word_1_564' title='bbox 1052 5541 1247 5610; x_wconf 78' lang='grc' dir='ltr'>Ἔχετε</span> <span class='ocrx_word' id='word_1_565' title='bbox 1299 5534 1392 5592; x_wconf 73' lang='grc' dir='ltr'>οὖν</span> <span class='ocrx_word' id='word_1_566' title='bbox 1429 5537 1524 5590; x_wconf 77' lang='grc' dir='ltr'>καὶ</span> <span class='ocrx_word' id='word_1_567' title='bbox 1565 5536 1722 5606; x_wconf 85' lang='grc' dir='ltr'>ὑμεῖς</span> <span class='ocrx_word' id='word_1_568' title='bbox 1754 5534 1872 5585; x_wconf 87' lang='grc' dir='ltr'>ἰκα-</span> 
     </span>
    </p>
   </div>
   <div class='ocr_carea' id='block_1_76' title="bbox 285 5624 1873 5708">
    <p class='ocr_par' dir='ltr' id='par_1_76' title="bbox 285 5624 1873 5708">
     <span class='ocr_line' id='line_1_76' title="bbox 285 5624 1873 5708; baseline -0.013 -14"><span class='ocrx_word' id='word_1_569' title='bbox 285 5639 395 5702; x_wconf 84' lang='grc' dir='ltr'><strong>νῶς</strong></span> <span class='ocrx_word' id='word_1_570' title='bbox 435 5637 714 5708; x_wconf 77' lang='grc' dir='ltr'>ὁροόδοξοι</span> <span class='ocrx_word' id='word_1_571' title='bbox 761 5636 862 5704; x_wconf 79' lang='grc' dir='ltr'>τὴν</span> <span class='ocrx_word' id='word_1_572' title='bbox 886 5635 995 5686; x_wconf 84' lang='grc' dir='ltr'><strong>τῶν</strong></span> <span class='ocrx_word' id='word_1_573' title='bbox 1026 5632 1335 5702; x_wconf 77' lang='grc' dir='ltr'>εἰρημένων</span> <span class='ocrx_word' id='word_1_574' title='bbox 1377 5626 1696 5695; x_wconf 81' lang='grc' dir='ltr'>ἀπολογίαν.</span> <span class='ocrx_word' id='word_1_575' title='bbox 1734 5624 1873 5675; x_wconf 88' lang='grc' dir='ltr'>Τού-</span> 
     </span>
    </p>
   </div>
   <div class='ocr_carea' id='block_1_77' title="bbox 280 5717 1870 5802">
    <p class='ocr_par' dir='ltr' id='par_1_77' title="bbox 280 5717 1870 5802">
     <span class='ocr_line' id='line_1_77' title="bbox 280 5717 1870 5802; baseline -0.01 -17"><span class='ocrx_word' id='word_1_576' title='bbox 280 5747 401 5797; x_wconf 80' lang='grc' dir='ltr'>τοις</span> <span class='ocrx_word' id='word_1_577' title='bbox 426 5729 715 5802; x_wconf 80' lang='grc' dir='ltr'>ἐμμένετε,</span> <span class='ocrx_word' id='word_1_578' title='bbox 770 5730 853 5781; x_wconf 84' lang='grc' dir='ltr'>ὅτι</span> <span class='ocrx_word' id='word_1_579' title='bbox 899 5730 1004 5782; x_wconf 81' lang='grc' dir='ltr'>οὐκ</span> <span class='ocrx_word' id='word_1_580' title='bbox 1045 5728 1184 5783; x_wconf 68' lang='grc' dir='ltr'>εἰσὶν</span> <span class='ocrx_word' id='word_1_581' title='bbox 1232 5727 1398 5796; x_wconf 77' lang='grc' dir='ltr'>ἕτερα</span> <span class='ocrx_word' id='word_1_582' title='bbox 1433 5725 1480 5776; x_wconf 87' lang='grc' dir='ltr'><strong>εί</strong></span> <span class='ocrx_word' id='word_1_583' title='bbox 1537 5722 1613 5792; x_wconf 82' lang='grc' dir='ltr'>μὴ</span> <span class='ocrx_word' id='word_1_584' title='bbox 1655 5718 1726 5773; x_wconf 81' lang='grc' dir='ltr'>τὰ</span> <span class='ocrx_word' id='word_1_585' title='bbox 1761 5717 1870 5772; x_wconf 86' lang='grc' dir='ltr'><strong>τῶν</strong></span> 
     </span>
    </p>
   </div>
   <div class='ocr_carea' id='block_1_78' title="bbox 399 5911 903 5974">
    <p class='ocr_par' dir='ltr' id='par_1_78' title="bbox 399 5911 903 5974">
     <span class='ocr_line' id='line_1_78' title="bbox 399 5911 903 5974; baseline -0.008 -7"><span class='ocrx_word' id='word_1_586' title='bbox 399 5913 442 5945; x_wconf 78' lang='grc'><strong>⁸⁷</strong></span> <span class='ocrx_word' id='word_1_587' title='bbox 465 5912 655 5967; x_wconf 76' lang='lat' dir='ltr'><strong>Matth.</strong></span> <span class='ocrx_word' id='word_1_588' title='bbox 693 5927 782 5974; x_wconf 81' lang='lat' dir='ltr'><strong>xx,</strong></span> <span class='ocrx_word' id='word_1_589' title='bbox 816 5911 903 5964; x_wconf 80' lang='grc'><strong>19.</strong></span> 
     </span>
    </p>
   </div>
   <div class='ocr_carea' id='block_1_79' title="bbox 598 6003 1286 6074">
    <p class='ocr_par' dir='ltr' id='par_1_79' title="bbox 598 6003 1286 6074">
     <span class='ocr_line' id='line_1_79' title="bbox 598 6003 1286 6074; baseline -0.016 0"><span class='ocrx_word' id='word_1_590' title='bbox 598 6014 876 6074; x_wconf 73' lang='grc' dir='ltr'>Ρηειοι..</span> <span class='ocrx_word' id='word_1_591' title='bbox 920 6010 1038 6069; x_wconf 77' lang='lat' dir='ltr'><strong>Gn.</strong></span> <span class='ocrx_word' id='word_1_592' title='bbox 1086 6003 1286 6066; x_wconf 77' lang='lat' dir='ltr'><strong>CLIX.</strong></span> 
     </span>
    </p>
   </div>
   <div class='ocr_carea' id='block_1_80' title="bbox 1964 2000 3554 2066">
    <p class='ocr_par' dir='ltr' id='par_1_80' title="bbox 1964 2000 3554 2066">
     <span class='ocr_line' id='line_1_80' title="bbox 1964 2000 3554 2066; baseline 0.007 -16"><span class='ocrx_word' id='word_1_593' title='bbox 1964 2011 2218 2066; x_wconf 79' lang='lat' dir='ltr'><strong>azymum</strong></span> <span class='ocrx_word' id='word_1_594' title='bbox 2276 2000 2426 2053; x_wconf 85' lang='lat' dir='ltr'><strong>omni</strong></span> <span class='ocrx_word' id='word_1_595' title='bbox 2487 2011 2694 2055; x_wconf 86' lang='lat' dir='ltr'><strong>remota</strong></span> <span class='ocrx_word' id='word_1_596' title='bbox 2768 2002 3114 2060; x_wconf 85' lang='lat' dir='ltr'><strong>dubitatione</strong></span> <span class='ocrx_word' id='word_1_597' title='bbox 3167 2007 3384 2060; x_wconf 85' lang='lat' dir='ltr'><strong>Domini</strong></span> <span class='ocrx_word' id='word_1_598' title='bbox 3431 2022 3554 2061; x_wconf 92' lang='lat' dir='ltr'><strong>cor-</strong></span> 
     </span>
    </p>
   </div>
   <div class='ocr_carea' id='block_1_81' title="bbox 1967 2089 3555 2161">
    <p class='ocr_par' dir='ltr' id='par_1_81' title="bbox 1967 2089 3555 2161">
     <span class='ocr_line' id='line_1_81' title="bbox 1967 2089 3555 2161; baseline 0.008 -19"><span class='ocrx_word' id='word_1_599' title='bbox 1967 2103 2068 2158; x_wconf 85' lang='lat' dir='ltr'><strong>pus</strong></span> <span class='ocrx_word' id='word_1_600' title='bbox 2092 2089 2404 2154; x_wconf 89' lang='lat' dir='ltr'><strong>conllcitnr,</strong></span> <span class='ocrx_word' id='word_1_601' title='bbox 2431 2102 2484 2145; x_wconf 90' lang='lat' dir='ltr'><strong>et</strong></span> <span class='ocrx_word' id='word_1_602' title='bbox 2515 2094 2656 2161; x_wconf 80' lang='lat' dir='ltr'><strong>apud</strong></span> <span class='ocrx_word' id='word_1_603' title='bbox 2680 2095 2974 2153; x_wconf 85' lang='lat' dir='ltr'><strong>credentes</strong></span> <span class='ocrx_word' id='word_1_604' title='bbox 3009 2098 3270 2154; x_wconf 85' lang='lat' dir='ltr'><strong>salutaris</strong></span> <span class='ocrx_word' id='word_1_605' title='bbox 3303 2100 3360 2154; x_wconf 85' lang='lat' dir='ltr'><strong>llt</strong></span> <span class='ocrx_word' id='word_1_606' title='bbox 3402 2114 3555 2156; x_wconf 92' lang='lat' dir='ltr'><strong>com-</strong></span> 
     </span>
    </p>
   </div>
   <div class='ocr_carea' id='block_1_82' title="bbox 1967 2197 2176 2235">
    <p class='ocr_par' dir='ltr' id='par_1_82' title="bbox 1967 2197 2176 2235">
     <span class='ocr_line' id='line_1_82' title="bbox 1967 2197 2176 2235; baseline 0.005 -1"><span class='ocrx_word' id='word_1_607' title='bbox 1967 2197 2176 2235; x_wconf 76' lang='grc' dir='ltr'>ηιυηιι».</span> 
     </span>
    </p>
   </div>
   <div class='ocr_carea' id='block_1_83' title="bbox 2684 2370 2776 2424">
    <p class='ocr_par' dir='ltr' id='par_1_83' title="bbox 2684 2370 2776 2424">
     <span class='ocr_line' id='line_1_83' title="bbox 2684 2370 2776 2424; baseline 0.011 -1"><span class='ocrx_word' id='word_1_608' title='bbox 2684 2370 2776 2424; x_wconf 74' lang='lat' dir='ltr'><strong>IX.</strong></span> 
     </span>
    </p>
   </div>
   <div class='ocr_carea' id='block_1_84' title="bbox 2036 2462 3555 2534">
    <p class='ocr_par' dir='ltr' id='par_1_84' title="bbox 2036 2462 3555 2534">
     <span class='ocr_line' id='line_1_84' title="bbox 2036 2462 3555 2534; baseline 0.007 -19"><span class='ocrx_word' id='word_1_609' title='bbox 2036 2462 2178 2518; x_wconf 87' lang='lat' dir='ltr'><strong>Ecce</strong></span> <span class='ocrx_word' id='word_1_610' title='bbox 2202 2463 2453 2518; x_wconf 73' lang='lat' dir='ltr'><strong>secunda:</strong></span> <span class='ocrx_word' id='word_1_611' title='bbox 2502 2464 2613 2534; x_wconf 79' lang='lat' dir='ltr'><strong>jam</strong></span> <span class='ocrx_word' id='word_1_612' title='bbox 2648 2466 2987 2522; x_wconf 83' lang='lat' dir='ltr'><strong>accusationi</strong></span> <span class='ocrx_word' id='word_1_613' title='bbox 3025 2477 3220 2524; x_wconf 73' lang='lat' dir='ltr'><strong>vestra:</strong></span> <span class='ocrx_word' id='word_1_614' title='bbox 3279 2470 3417 2525; x_wconf 91' lang='lat' dir='ltr'><strong>bene</strong></span> <span class='ocrx_word' id='word_1_615' title='bbox 3470 2486 3555 2524; x_wconf 88' lang='lat' dir='ltr'><strong>re-</strong></span> 
     </span>
    </p>
   </div>
   <div class='ocr_carea' id='block_1_85' title="bbox 1967 2557 3553 2634">
    <p class='ocr_par' dir='ltr' id='par_1_85' title="bbox 1967 2557 3553 2634">
     <span class='ocr_line' id='line_1_85' title="bbox 1967 2557 3553 2634; baseline 0.004 -24"><span class='ocrx_word' id='word_1_616' title='bbox 1967 2557 2323 2626; x_wconf 80' lang='lat' dir='ltr'><strong>spondimus,</strong></span> <span class='ocrx_word' id='word_1_617' title='bbox 2382 2559 2838 2629; x_wconf 90' lang='lat' dir='ltr'><strong>ostendimnsqne</strong></span> <span class='ocrx_word' id='word_1_618' title='bbox 2912 2563 3057 2632; x_wconf 93' lang='lat' dir='ltr'><strong>quod</strong></span> <span class='ocrx_word' id='word_1_619' title='bbox 3131 2563 3382 2634; x_wconf 83' lang='lat' dir='ltr'><strong>imperite</strong></span> <span class='ocrx_word' id='word_1_620' title='bbox 3449 2580 3553 2618; x_wconf 83' lang='lat' dir='ltr'><strong>nos</strong></span> 
     </span>
    </p>
   </div>
   <div class='ocr_carea' id='block_1_86' title="bbox 1968 2651 3557 2717">
    <p class='ocr_par' dir='ltr' id='par_1_86' title="bbox 1968 2651 3557 2717">
     <span class='ocr_line' id='line_1_86' title="bbox 1968 2651 3557 2717; baseline 0.006 -12"><span class='ocrx_word' id='word_1_621' title='bbox 1968 2651 2365 2717; x_wconf 85' lang='lat' dir='ltr'><strong>criminamini,</strong></span> <span class='ocrx_word' id='word_1_622' title='bbox 2423 2662 2478 2707; x_wconf 91' lang='lat' dir='ltr'><strong>et</strong></span> <span class='ocrx_word' id='word_1_623' title='bbox 2515 2653 2742 2709; x_wconf 91' lang='lat' dir='ltr'><strong>sinistre</strong></span> <span class='ocrx_word' id='word_1_624' title='bbox 2809 2658 3212 2712; x_wconf 71' lang='lat' dir='ltr'><strong>meumenicam</strong></span> <span class='ocrx_word' id='word_1_625' title='bbox 3259 2659 3557 2714; x_wconf 88' lang='lat' dir='ltr'><strong>traducitis</strong></span> 
     </span>
    </p>
   </div>
   <div class='ocr_carea' id='block_1_87' title="bbox 1969 2745 3556 2818">
    <p class='ocr_par' dir='ltr' id='par_1_87' title="bbox 1969 2745 3556 2818">
     <span class='ocr_line' id='line_1_87' title="bbox 1969 2745 3556 2818; baseline 0.006 -20"><span class='ocrx_word' id='word_1_626' title='bbox 1969 2745 2236 2813; x_wconf 79' lang='lat' dir='ltr'><strong>synodum</strong></span> <span class='ocrx_word' id='word_1_627' title='bbox 2268 2761 2388 2814; x_wconf 71' lang='lat' dir='ltr'><strong>qua:</strong></span> <span class='ocrx_word' id='word_1_628' title='bbox 2415 2761 2569 2814; x_wconf 64' lang='lat' dir='ltr'><strong>reque</strong></span> <span class='ocrx_word' id='word_1_629' title='bbox 2620 2747 2676 2800; x_wconf 89' lang='lat' dir='ltr'><strong>in</strong></span> <span class='ocrx_word' id='word_1_630' title='bbox 2701 2764 2896 2818; x_wconf 79' lang='lat' dir='ltr'><strong>azymo</strong></span> <span class='ocrx_word' id='word_1_631' title='bbox 2928 2759 2981 2803; x_wconf 91' lang='lat' dir='ltr'><strong>et</strong></span> <span class='ocrx_word' id='word_1_632' title='bbox 3018 2751 3287 2806; x_wconf 80' lang='lat' dir='ltr'><strong>fermento</strong></span> <span class='ocrx_word' id='word_1_633' title='bbox 3313 2752 3556 2808; x_wconf 88' lang='lat' dir='ltr'><strong>Domini-</strong></span> 
     </span>
    </p>
   </div>
   <div class='ocr_carea' id='block_1_88' title="bbox 1970 2841 3553 2908">
    <p class='ocr_par' dir='ltr' id='par_1_88' title="bbox 1970 2841 3553 2908">
     <span class='ocr_line' id='line_1_88' title="bbox 1970 2841 3553 2908; baseline 0.006 -17"><span class='ocrx_word' id='word_1_634' title='bbox 1970 2853 2095 2891; x_wconf 92' lang='lat' dir='ltr'><strong>cum</strong></span> <span class='ocrx_word' id='word_1_635' title='bbox 2143 2855 2346 2908; x_wconf 83' lang='lat' dir='ltr'><strong>corpus</strong></span> <span class='ocrx_word' id='word_1_636' title='bbox 2375 2841 2572 2895; x_wconf 79' lang='lat' dir='ltr'><strong>confici</strong></span> <span class='ocrx_word' id='word_1_637' title='bbox 2625 2841 2818 2908; x_wconf 88' lang='lat' dir='ltr'><strong>credit,</strong></span> <span class='ocrx_word' id='word_1_638' title='bbox 2859 2858 2985 2896; x_wconf 89' lang='lat' dir='ltr'><strong>cum</strong></span> <span class='ocrx_word' id='word_1_639' title='bbox 3021 2859 3185 2897; x_wconf 90' lang='lat' dir='ltr'><strong>unum</strong></span> <span class='ocrx_word' id='word_1_640' title='bbox 3221 2846 3294 2898; x_wconf 86' lang='lat' dir='ltr'><strong>sit</strong></span> <span class='ocrx_word' id='word_1_641' title='bbox 3334 2845 3553 2901; x_wconf 84' lang='lat' dir='ltr'><strong>Domini</strong></span> 
     </span>
    </p>
   </div>
   <div class='ocr_carea' id='block_1_89' title="bbox 1971 2933 3554 3008">
    <p class='ocr_par' dir='ltr' id='par_1_89' title="bbox 1971 2933 3554 3008">
     <span class='ocr_line' id='line_1_89' title="bbox 1971 2933 3554 3008; baseline 0.004 -24"><span class='ocrx_word' id='word_1_642' title='bbox 1971 2944 2196 3000; x_wconf 86' lang='lat' dir='ltr'><strong>corpus,</strong></span> <span class='ocrx_word' id='word_1_643' title='bbox 2227 2933 2400 2987; x_wconf 84' lang='lat' dir='ltr'><strong>nonin</strong></span> <span class='ocrx_word' id='word_1_644' title='bbox 2428 2933 2538 2988; x_wconf 90' lang='lat' dir='ltr'><strong>duo</strong></span> <span class='ocrx_word' id='word_1_645' title='bbox 2566 2933 2916 2998; x_wconf 81' lang='lat' dir='ltr'><strong>distractum,</strong></span> <span class='ocrx_word' id='word_1_646' title='bbox 2946 2943 3004 2989; x_wconf 87' lang='lat' dir='ltr'><strong>ut</strong></span> <span class='ocrx_word' id='word_1_647' title='bbox 3032 2951 3129 2990; x_wconf 73' lang='lat' dir='ltr'><strong>vos</strong></span> <span class='ocrx_word' id='word_1_648' title='bbox 3164 2938 3256 3006; x_wconf 92' lang='lat' dir='ltr'><strong>qui</strong></span> <span class='ocrx_word' id='word_1_649' title='bbox 3285 2941 3554 3008; x_wconf 79' lang='lat' dir='ltr'><strong>synodum</strong></span> 
     </span>
    </p>
   </div>
   <div class='ocr_carea' id='block_1_90' title="bbox 1974 3025 3552 3099">
    <p class='ocr_par' dir='ltr' id='par_1_90' title="bbox 1974 3025 3552 3099">
     <span class='ocr_line' id='line_1_90' title="bbox 1974 3025 3552 3099; baseline 0.005 -21"><span class='ocrx_word' id='word_1_650' title='bbox 1974 3039 2080 3078; x_wconf 92' lang='lat' dir='ltr'><strong>non</strong></span> <span class='ocrx_word' id='word_1_651' title='bbox 2124 3025 2444 3094; x_wconf 89' lang='lat' dir='ltr'><strong>sequimini,</strong></span> <span class='ocrx_word' id='word_1_652' title='bbox 2504 3027 2755 3082; x_wconf 78' lang='lat' dir='ltr'><strong>nolentes</strong></span> <span class='ocrx_word' id='word_1_653' title='bbox 2818 3029 3086 3091; x_wconf 78' lang='lat' dir='ltr'><strong>volentes.</strong></span> <span class='ocrx_word' id='word_1_654' title='bbox 3144 3031 3395 3099; x_wconf 79' lang='lat' dir='ltr'><strong>quamvis</strong></span> <span class='ocrx_word' id='word_1_655' title='bbox 3447 3049 3552 3086; x_wconf 88' lang='lat' dir='ltr'><strong>non</strong></span> 
     </span>
    </p>
   </div>
   <div class='ocr_carea' id='block_1_91' title="bbox 1974 3118 3557 3192">
    <p class='ocr_par' dir='ltr' id='par_1_91' title="bbox 1974 3118 3557 3192">
     <span class='ocr_line' id='line_1_91' title="bbox 1974 3118 3557 3192; baseline 0.004 -19"><span class='ocrx_word' id='word_1_656' title='bbox 1974 3119 2202 3186; x_wconf 89' lang='lat' dir='ltr'><strong>scripto,</strong></span> <span class='ocrx_word' id='word_1_657' title='bbox 2236 3118 2329 3174; x_wconf 87' lang='lat' dir='ltr'><strong>sed</strong></span> <span class='ocrx_word' id='word_1_658' title='bbox 2368 3121 2620 3190; x_wconf 76' lang='lat' dir='ltr'><strong>negando</strong></span> <span class='ocrx_word' id='word_1_659' title='bbox 2646 3136 2770 3192; x_wconf 76' lang='lat' dir='ltr'><strong>quae</strong></span> <span class='ocrx_word' id='word_1_660' title='bbox 2802 3123 3058 3185; x_wconf 86' lang='lat' dir='ltr'><strong>dicimus,</strong></span> <span class='ocrx_word' id='word_1_661' title='bbox 3109 3123 3459 3191; x_wconf 85' lang='lat' dir='ltr'><strong>conelmlitis,</strong></span> <span class='ocrx_word' id='word_1_662' title='bbox 3500 3138 3557 3180; x_wconf 89' lang='lat' dir='ltr'><strong>et</strong></span> 
     </span>
    </p>
   </div>
   <div class='ocr_carea' id='block_1_92' title="bbox 1975 3211 3551 3291">
    <p class='ocr_par' dir='ltr' id='par_1_92' title="bbox 1975 3211 3551 3291">
     <span class='ocr_line' id='line_1_92' title="bbox 1975 3211 3551 3291; baseline 0.006 -26"><span class='ocrx_word' id='word_1_663' title='bbox 1975 3211 2097 3265; x_wconf 84' lang='lat' dir='ltr'><strong>ideo</strong></span> <span class='ocrx_word' id='word_1_664' title='bbox 2131 3227 2197 3264; x_wconf 82' lang='lat' dir='ltr'><strong>ne</strong></span> <span class='ocrx_word' id='word_1_665' title='bbox 2225 3212 2276 3265; x_wconf 91' lang='lat' dir='ltr'><strong>in</strong></span> <span class='ocrx_word' id='word_1_666' title='bbox 2305 3211 2524 3268; x_wconf 62' lang='lat' dir='ltr'><strong>haeresis</strong></span> <span class='ocrx_word' id='word_1_667' title='bbox 2553 3212 2762 3283; x_wconf 86' lang='lat' dir='ltr'><strong>lapsum</strong></span> <span class='ocrx_word' id='word_1_668' title='bbox 2808 3215 3083 3284; x_wconf 86' lang='lat' dir='ltr'><strong>incidatis,</strong></span> <span class='ocrx_word' id='word_1_669' title='bbox 3137 3234 3246 3273; x_wconf 90' lang='lat' dir='ltr'><strong>non</strong></span> <span class='ocrx_word' id='word_1_670' title='bbox 3289 3219 3551 3291; x_wconf 79' lang='lat' dir='ltr'><strong>cll&#39;ugilis.</strong></span> 
     </span>
    </p>
   </div>
   <div class='ocr_carea' id='block_1_93' title="bbox 1973 3303 3560 3380">
    <p class='ocr_par' dir='ltr' id='par_1_93' title="bbox 1973 3303 3560 3380">
     <span class='ocr_line' id='line_1_93' title="bbox 1973 3303 3560 3380; baseline 0.007 -23"><span class='ocrx_word' id='word_1_671' title='bbox 1973 3303 2108 3358; x_wconf 84' lang='lat' dir='ltr'><strong>Nam</strong></span> <span class='ocrx_word' id='word_1_672' title='bbox 2159 3305 2420 3361; x_wconf 87' lang='lat' dir='ltr'><strong>Christus</strong></span> <span class='ocrx_word' id='word_1_673' title='bbox 2453 3307 2588 3362; x_wconf 87' lang='lat' dir='ltr'><strong>dicit</strong></span> <span class='ocrx_word' id='word_1_674' title='bbox 2627 3325 2910 3380; x_wconf 85' lang='lat' dir='ltr'><strong>nunquam</strong></span> <span class='ocrx_word' id='word_1_675' title='bbox 2949 3325 3104 3366; x_wconf 90' lang='lat' dir='ltr'><strong>suam</strong></span> <span class='ocrx_word' id='word_1_676' title='bbox 3150 3327 3336 3368; x_wconf 88' lang='lat' dir='ltr'><strong>errare</strong></span> <span class='ocrx_word' id='word_1_677' title='bbox 3369 3313 3560 3368; x_wconf 80' lang='lat' dir='ltr'><strong>Eccle-</strong></span> 
     </span>
    </p>
   </div>
   <div class='ocr_carea' id='block_1_94' title="bbox 1973 3399 3562 3477">
    <p class='ocr_par' dir='ltr' id='par_1_94' title="bbox 1973 3399 3562 3477">
     <span class='ocr_line' id='line_1_94' title="bbox 1973 3399 3562 3477; baseline 0.006 -25"><span class='ocrx_word' id='word_1_678' title='bbox 1973 3399 2134 3460; x_wconf 89' lang='lat' dir='ltr'><strong>siam,</strong></span> <span class='ocrx_word' id='word_1_679' title='bbox 2160 3399 2288 3468; x_wconf 86' lang='lat' dir='ltr'><strong>quia</strong></span> <span class='ocrx_word' id='word_1_680' title='bbox 2323 3415 2382 3454; x_wconf 89' lang='lat' dir='ltr'><strong>se</strong></span> <span class='ocrx_word' id='word_1_681' title='bbox 2416 3415 2636 3470; x_wconf 88' lang='lat' dir='ltr'><strong>semper</strong></span> <span class='ocrx_word' id='word_1_682' title='bbox 2667 3415 2792 3456; x_wconf 90' lang='lat' dir='ltr'><strong>cum</strong></span> <span class='ocrx_word' id='word_1_683' title='bbox 2825 3417 2887 3457; x_wconf 90' lang='lat' dir='ltr'><strong>ea</strong></span> <span class='ocrx_word' id='word_1_684' title='bbox 2921 3419 3246 3460; x_wconf 89' lang='lat' dir='ltr'><strong>mansurum</strong></span> <span class='ocrx_word' id='word_1_685' title='bbox 3285 3406 3562 3477; x_wconf 87' lang='lat' dir='ltr'><strong>pollicitus</strong></span> 
     </span>
    </p>
   </div>
   <div class='ocr_carea' id='block_1_95' title="bbox 1971 3491 3558 3567">
    <p class='ocr_par' dir='ltr' id='par_1_95' title="bbox 1971 3491 3558 3567">
     <span class='ocr_line' id='line_1_95' title="bbox 1971 3491 3558 3567; baseline 0.004 -22"><span class='ocrx_word' id='word_1_686' title='bbox 1971 3500 2074 3546; x_wconf 90' lang='lat' dir='ltr'><strong>est.</strong></span> <span class='ocrx_word' id='word_1_687' title='bbox 2106 3491 2161 3545; x_wconf 84' lang='lat' dir='ltr'><strong>Si</strong></span> <span class='ocrx_word' id='word_1_688' title='bbox 2208 3507 2340 3561; x_wconf 86' lang='lat' dir='ltr'><strong>ergo</strong></span> <span class='ocrx_word' id='word_1_689' title='bbox 2393 3507 2557 3547; x_wconf 82' lang='lat' dir='ltr'><strong>verus</strong></span> <span class='ocrx_word' id='word_1_690' title='bbox 2587 3503 2671 3547; x_wconf 88' lang='lat' dir='ltr'><strong>est</strong></span> <span class='ocrx_word' id='word_1_691' title='bbox 2703 3492 2983 3562; x_wconf 85' lang='lat' dir='ltr'><strong>Christus,</strong></span> <span class='ocrx_word' id='word_1_692' title='bbox 3039 3507 3091 3551; x_wconf 88' lang='lat' dir='ltr'><strong>et</strong></span> <span class='ocrx_word' id='word_1_693' title='bbox 3133 3500 3558 3567; x_wconf 75' lang='lat' dir='ltr'><strong>promissionem</strong></span> 
     </span>
    </p>
   </div>
   <div class='ocr_carea' id='block_1_96' title="bbox 1971 3587 3558 3661">
    <p class='ocr_par' dir='ltr' id='par_1_96' title="bbox 1971 3587 3558 3661">
     <span class='ocr_line' id='line_1_96' title="bbox 1971 3587 3558 3661; baseline 0.001 -23"><span class='ocrx_word' id='word_1_694' title='bbox 1971 3597 2128 3638; x_wconf 89' lang='lat' dir='ltr'><strong>suam</strong></span> <span class='ocrx_word' id='word_1_695' title='bbox 2166 3599 2352 3637; x_wconf 83' lang='lat' dir='ltr'><strong>veram</strong></span> <span class='ocrx_word' id='word_1_696' title='bbox 2385 3598 2509 3638; x_wconf 91' lang='lat' dir='ltr'><strong>csse</strong></span> <span class='ocrx_word' id='word_1_697' title='bbox 2551 3592 2813 3652; x_wconf 84' lang='lat' dir='ltr'><strong>oportet;</strong></span> <span class='ocrx_word' id='word_1_698' title='bbox 2869 3587 2945 3640; x_wconf 89' lang='lat' dir='ltr'><strong>ita</strong></span> <span class='ocrx_word' id='word_1_699' title='bbox 2986 3588 3129 3643; x_wconf 90' lang='lat' dir='ltr'><strong>enim</strong></span> <span class='ocrx_word' id='word_1_700' title='bbox 3166 3589 3326 3655; x_wconf 78' lang='lat' dir='ltr'><strong>dixit,</strong></span> <span class='ocrx_word' id='word_1_701' title='bbox 3379 3611 3396 3642; x_wconf 83' lang='grc' dir='ltr'><strong>ι</strong></span> <span class='ocrx_word' id='word_1_702' title='bbox 3446 3593 3558 3661; x_wconf 77' lang='lat' dir='ltr'><strong>Ego</strong></span> 
     </span>
    </p>
   </div>
   <div class='ocr_carea' id='block_1_97' title="bbox 1970 3675 3559 3749">
    <p class='ocr_par' dir='ltr' id='par_1_97' title="bbox 1970 3675 3559 3749">
     <span class='ocr_line' id='line_1_97' title="bbox 1970 3675 3559 3749; baseline 0.005 -21"><span class='ocrx_word' id='word_1_703' title='bbox 1970 3675 2252 3729; x_wconf 85' lang='lat' dir='ltr'><strong>vobiscum</strong></span> <span class='ocrx_word' id='word_1_704' title='bbox 2295 3692 2414 3730; x_wconf 91' lang='lat' dir='ltr'><strong>sum</strong></span> <span class='ocrx_word' id='word_1_705' title='bbox 2441 3676 2696 3731; x_wconf 88' lang='lat' dir='ltr'><strong>omnibus</strong></span> <span class='ocrx_word' id='word_1_706' title='bbox 2744 3677 2933 3733; x_wconf 87' lang='lat' dir='ltr'><strong>diebus</strong></span> <span class='ocrx_word' id='word_1_707' title='bbox 2971 3695 3146 3749; x_wconf 89' lang='lat' dir='ltr'><strong>usque</strong></span> <span class='ocrx_word' id='word_1_708' title='bbox 3179 3681 3244 3732; x_wconf 82' lang='lat' dir='ltr'><strong>ad</strong></span> <span class='ocrx_word' id='word_1_709' title='bbox 3299 3697 3559 3737; x_wconf 86' lang='lat' dir='ltr'><strong>consum-</strong></span> 
     </span>
    </p>
   </div>
   <div class='ocr_carea' id='block_1_98' title="bbox 1972 3769 3554 3840">
    <p class='ocr_par' dir='ltr' id='par_1_98' title="bbox 1972 3769 3554 3840">
     <span class='ocr_line' id='line_1_98' title="bbox 1972 3769 3554 3840; baseline 0.003 -17"><span class='ocrx_word' id='word_1_710' title='bbox 1972 3769 2273 3824; x_wconf 89' lang='lat' dir='ltr'><strong>mationem</strong></span> <span class='ocrx_word' id='word_1_711' title='bbox 2313 3771 2500 3824; x_wconf 59' lang='lat' dir='ltr'><strong>saeculi</strong></span> <span class='ocrx_word' id='word_1_712' title='bbox 2528 3770 2593 3833; x_wconf 81' lang='lat'><strong>&quot;,</strong></span> <span class='ocrx_word' id='word_1_713' title='bbox 2657 3789 2675 3821; x_wconf 75' lang='grc' dir='ltr'><strong>ι</strong></span> <span class='ocrx_word' id='word_1_714' title='bbox 2713 3786 2925 3840; x_wconf 91' lang='lat' dir='ltr'><strong>nosque</strong></span> <span class='ocrx_word' id='word_1_715' title='bbox 2970 3774 3044 3825; x_wconf 90' lang='lat' dir='ltr'><strong>ita</strong></span> <span class='ocrx_word' id='word_1_716' title='bbox 3093 3773 3396 3840; x_wconf 77' lang='lat' dir='ltr'><strong>credimus,</strong></span> <span class='ocrx_word' id='word_1_717' title='bbox 3429 3792 3554 3830; x_wconf 91' lang='lat' dir='ltr'><strong>eum</strong></span> 
     </span>
    </p>
   </div>
   <div class='ocr_carea' id='block_1_99' title="bbox 1972 3861 3556 3935">
    <p class='ocr_par' dir='ltr' id='par_1_99' title="bbox 1972 3861 3556 3935">
     <span class='ocr_line' id='line_1_99' title="bbox 1972 3861 3556 3935; baseline 0.001 -18"><span class='ocrx_word' id='word_1_718' title='bbox 1972 3877 2096 3917; x_wconf 80' lang='lat' dir='ltr'><strong>cum</strong></span> <span class='ocrx_word' id='word_1_719' title='bbox 2124 3861 2368 3918; x_wconf 80' lang='lat' dir='ltr'><strong>Ecclesia</strong></span> <span class='ocrx_word' id='word_1_720' title='bbox 2405 3877 2504 3918; x_wconf 89' lang='lat' dir='ltr'><strong>sua</strong></span> <span class='ocrx_word' id='word_1_721' title='bbox 2557 3880 2776 3932; x_wconf 83' lang='lat' dir='ltr'><strong>semper</strong></span> <span class='ocrx_word' id='word_1_722' title='bbox 2804 3880 2927 3920; x_wconf 83' lang='lat' dir='ltr'><strong>esse</strong></span> <span class='ocrx_word' id='word_1_723' title='bbox 2976 3881 3420 3935; x_wconf 88' lang='lat' dir='ltr'><strong>permansurum,</strong></span> <span class='ocrx_word' id='word_1_724' title='bbox 3454 3885 3556 3923; x_wconf 81' lang='lat' dir='ltr'><strong>nec.</strong></span> 
     </span>
    </p>
   </div>
   <div class='ocr_carea' id='block_1_100' title="bbox 1975 3955 3556 4026">
    <p class='ocr_par' dir='ltr' id='par_1_100' title="bbox 1975 3955 3556 4026">
     <span class='ocr_line' id='line_1_100' title="bbox 1975 3955 3556 4026; baseline 0.003 -17"><span class='ocrx_word' id='word_1_725' title='bbox 1975 3969 2097 4009; x_wconf 90' lang='lat' dir='ltr'><strong>eam</strong></span> <span class='ocrx_word' id='word_1_726' title='bbox 2122 3955 2516 4010; x_wconf 88' lang='lat' dir='ltr'><strong>derclictnrum</strong></span> <span class='ocrx_word' id='word_1_727' title='bbox 2544 3972 2810 4026; x_wconf 88' lang='lat' dir='ltr'><strong>unquam.</strong></span> <span class='ocrx_word' id='word_1_728' title='bbox 2850 3957 2906 4013; x_wconf 87' lang='lat' dir='ltr'><strong>Si</strong></span> <span class='ocrx_word' id='word_1_729' title='bbox 2945 3974 3075 4013; x_wconf 85' lang='lat' dir='ltr'><strong>vero</strong></span> <span class='ocrx_word' id='word_1_730' title='bbox 3115 3963 3416 4020; x_wconf 68' lang='lat' dir='ltr'><strong>secundum</strong></span> <span class='ocrx_word' id='word_1_731' title='bbox 3455 3976 3556 4014; x_wconf 84' lang='lat' dir='ltr'><strong>vos</strong></span> 
     </span>
    </p>
   </div>
   <div class='ocr_carea' id='block_1_101' title="bbox 1973 4050 3554 4122">
    <p class='ocr_par' dir='ltr' id='par_1_101' title="bbox 1973 4050 3554 4122">
     <span class='ocr_line' id='line_1_101' title="bbox 1973 4050 3554 4122; baseline 0.005 -24"><span class='ocrx_word' id='word_1_732' title='bbox 1973 4060 2097 4122; x_wconf 85' lang='lat' dir='ltr'><strong>cum</strong></span> <span class='ocrx_word' id='word_1_733' title='bbox 2127 4062 2190 4100; x_wconf 84' lang='lat' dir='ltr'><strong>ea</strong></span> <span class='ocrx_word' id='word_1_734' title='bbox 2246 4062 2306 4100; x_wconf 88' lang='lat' dir='ltr'><strong>se</strong></span> <span class='ocrx_word' id='word_1_735' title='bbox 2343 4061 2559 4117; x_wconf 72' lang='lat' dir='ltr'><strong>semper</strong></span> <span class='ocrx_word' id='word_1_736' title='bbox 2627 4065 2949 4104; x_wconf 90' lang='lat' dir='ltr'><strong>mansurum</strong></span> <span class='ocrx_word' id='word_1_737' title='bbox 2983 4050 3257 4120; x_wconf 84' lang='lat' dir='ltr'><strong>pollicitus</strong></span> <span class='ocrx_word' id='word_1_738' title='bbox 3289 4063 3393 4119; x_wconf 89' lang='lat' dir='ltr'><strong>est,</strong></span> <span class='ocrx_word' id='word_1_739' title='bbox 3461 4055 3554 4106; x_wconf 80' lang='lat' dir='ltr'><strong>sed</strong></span> 
     </span>
    </p>
   </div>
   <div class='ocr_carea' id='block_1_102' title="bbox 1973 4141 3559 4223">
    <p class='ocr_par' dir='ltr' id='par_1_102' title="bbox 1973 4141 3559 4223">
     <span class='ocr_line' id='line_1_102' title="bbox 1973 4141 3559 4223; baseline 0.003 -28"><span class='ocrx_word' id='word_1_740' title='bbox 1973 4141 2264 4210; x_wconf 84' lang='lat' dir='ltr'><strong>dereliquit</strong></span> <span class='ocrx_word' id='word_1_741' title='bbox 2291 4142 2437 4197; x_wconf 89' lang='lat' dir='ltr'><strong>illam</strong></span> <span class='ocrx_word' id='word_1_742' title='bbox 2485 4150 2537 4197; x_wconf 87' lang='lat' dir='ltr'><strong>et</strong></span> <span class='ocrx_word' id='word_1_743' title='bbox 2564 4157 2752 4198; x_wconf 89' lang='lat' dir='ltr'><strong>errare</strong></span> <span class='ocrx_word' id='word_1_744' title='bbox 2794 4144 3168 4223; x_wconf 62' lang='lat' dir='ltr'><strong>permisit,ch</strong></span> <span class='ocrx_word' id='word_1_745' title='bbox 3229 4147 3559 4202; x_wconf 79' lang='lat' dir='ltr'><strong>necessitate</strong></span> 
     </span>
    </p>
   </div>
   <div class='ocr_carea' id='block_1_103' title="bbox 1974 4231 3560 4305">
    <p class='ocr_par' dir='ltr' id='par_1_103' title="bbox 1974 4231 3560 4305">
     <span class='ocr_line' id='line_1_103' title="bbox 1974 4231 3560 4305; baseline 0.004 -17"><span class='ocrx_word' id='word_1_746' title='bbox 1974 4235 2213 4289; x_wconf 83' lang='lat' dir='ltr'><strong>mendax</strong></span> <span class='ocrx_word' id='word_1_747' title='bbox 2247 4246 2354 4291; x_wconf 85' lang='lat' dir='ltr'><strong>est.</strong></span> <span class='ocrx_word' id='word_1_748' title='bbox 2388 4231 2446 4289; x_wconf 90' lang='lat' dir='ltr'><strong>Si</strong></span> <span class='ocrx_word' id='word_1_749' title='bbox 2481 4252 2612 4291; x_wconf 74' lang='lat' dir='ltr'><strong>vero</strong></span> <span class='ocrx_word' id='word_1_750' title='bbox 2661 4236 2918 4305; x_wconf 78' lang='lat' dir='ltr'><strong>mendax,</strong></span> <span class='ocrx_word' id='word_1_751' title='bbox 2969 4239 3112 4292; x_wconf 87' lang='lat' dir='ltr'><strong>Deus</strong></span> <span class='ocrx_word' id='word_1_752' title='bbox 3164 4254 3272 4292; x_wconf 91' lang='lat' dir='ltr'><strong>non</strong></span> <span class='ocrx_word' id='word_1_753' title='bbox 3310 4249 3414 4294; x_wconf 88' lang='lat' dir='ltr'><strong>cst.</strong></span> <span class='ocrx_word' id='word_1_754' title='bbox 3469 4241 3560 4294; x_wconf 81' lang='lat' dir='ltr'><strong>Vi--</strong></span> 
     </span>
    </p>
   </div>
   <div class='ocr_carea' id='block_1_104' title="bbox 1975 4330 3559 4399">
    <p class='ocr_par' dir='ltr' id='par_1_104' title="bbox 1975 4330 3559 4399">
     <span class='ocr_line' id='line_1_104' title="bbox 1975 4330 3559 4399; baseline 0.002 -15"><span class='ocrx_word' id='word_1_755' title='bbox 1975 4330 2101 4384; x_wconf 84' lang='lat' dir='ltr'><strong>dcte</strong></span> <span class='ocrx_word' id='word_1_756' title='bbox 2137 4331 2191 4384; x_wconf 90' lang='lat' dir='ltr'><strong>iu</strong></span> <span class='ocrx_word' id='word_1_757' title='bbox 2215 4346 2382 4399; x_wconf 91' lang='lat' dir='ltr'><strong>quam</strong></span> <span class='ocrx_word' id='word_1_758' title='bbox 2406 4330 2804 4388; x_wconf 89' lang='lat' dir='ltr'><strong>absurditatem</strong></span> <span class='ocrx_word' id='word_1_759' title='bbox 2833 4332 3430 4397; x_wconf 82' lang='lat' dir='ltr'><strong>incidistis,Cliristum</strong></span> <span class='ocrx_word' id='word_1_760' title='bbox 3462 4348 3559 4387; x_wconf 85' lang='lat' dir='ltr'><strong>vo-</strong></span> 
     </span>
    </p>
   </div>
   <div class='ocr_carea' id='block_1_105' title="bbox 1975 4424 3558 4494">
    <p class='ocr_par' dir='ltr' id='par_1_105' title="bbox 1975 4424 3558 4494">
     <span class='ocr_line' id='line_1_105' title="bbox 1975 4424 3558 4494; baseline 0.001 -18"><span class='ocrx_word' id='word_1_761' title='bbox 1975 4425 2154 4476; x_wconf 89' lang='lat' dir='ltr'><strong>cando</strong></span> <span class='ocrx_word' id='word_1_762' title='bbox 2183 4425 2528 4490; x_wconf 85' lang='lat' dir='ltr'><strong>mendacem,</strong></span> <span class='ocrx_word' id='word_1_763' title='bbox 2563 4439 2684 4477; x_wconf 89' lang='lat' dir='ltr'><strong>nam</strong></span> <span class='ocrx_word' id='word_1_764' title='bbox 2719 4424 2821 4478; x_wconf 88' lang='lat' dir='ltr'><strong>hoc</strong></span> <span class='ocrx_word' id='word_1_765' title='bbox 2846 4441 3064 4480; x_wconf 87' lang='lat' dir='ltr'><strong>omnem</strong></span> <span class='ocrx_word' id='word_1_766' title='bbox 3106 4425 3454 4494; x_wconf 77' lang='lat' dir='ltr'><strong>iniquitatem</strong></span> <span class='ocrx_word' id='word_1_767' title='bbox 3502 4437 3558 4478; x_wconf 88' lang='lat' dir='ltr'><strong>et</strong></span> 
     </span>
    </p>
   </div>
   <div class='ocr_carea' id='block_1_106' title="bbox 1977 4515 3560 4586">
    <p class='ocr_par' dir='ltr' id='par_1_106' title="bbox 1977 4515 3560 4586">
     <span class='ocr_line' id='line_1_106' title="bbox 1977 4515 3560 4586; baseline 0.001 -18"><span class='ocrx_word' id='word_1_768' title='bbox 1977 4515 2380 4585; x_wconf 81' lang='lat' dir='ltr'><strong>blasphemiam</strong></span> <span class='ocrx_word' id='word_1_769' title='bbox 2411 4525 2667 4586; x_wconf 80' lang='lat' dir='ltr'><strong>superat:</strong></span> <span class='ocrx_word' id='word_1_770' title='bbox 2695 4516 2790 4570; x_wconf 90' lang='lat' dir='ltr'><strong>sed</strong></span> <span class='ocrx_word' id='word_1_771' title='bbox 2827 4531 2953 4571; x_wconf 93' lang='lat' dir='ltr'><strong>cum</strong></span> <span class='ocrx_word' id='word_1_772' title='bbox 2985 4532 3046 4570; x_wconf 85' lang='lat' dir='ltr'><strong>ea</strong></span> <span class='ocrx_word' id='word_1_773' title='bbox 3082 4515 3206 4580; x_wconf 84' lang='lat' dir='ltr'><strong>fuit,</strong></span> <span class='ocrx_word' id='word_1_774' title='bbox 3251 4527 3304 4570; x_wconf 91' lang='lat' dir='ltr'><strong>et</strong></span> <span class='ocrx_word' id='word_1_775' title='bbox 3346 4529 3450 4578; x_wconf 85' lang='lat' dir='ltr'><strong>est,</strong></span> <span class='ocrx_word' id='word_1_776' title='bbox 3505 4528 3560 4570; x_wconf 81' lang='lat' dir='ltr'><strong>rt</strong></span> 
     </span>
    </p>
   </div>
   <div class='ocr_carea' id='block_1_107' title="bbox 1973 4606 3560 4677">
    <p class='ocr_par' dir='ltr' id='par_1_107' title="bbox 1973 4606 3560 4677">
     <span class='ocr_line' id='line_1_107' title="bbox 1973 4606 3560 4677; baseline -0.002 -15"><span class='ocrx_word' id='word_1_777' title='bbox 1973 4608 2101 4671; x_wconf 89' lang='lat' dir='ltr'><strong>erit,</strong></span> <span class='ocrx_word' id='word_1_778' title='bbox 2150 4617 2205 4661; x_wconf 92' lang='lat' dir='ltr'><strong>et</strong></span> <span class='ocrx_word' id='word_1_779' title='bbox 2232 4607 2474 4661; x_wconf 84' lang='lat' dir='ltr'><strong>manebit</strong></span> <span class='ocrx_word' id='word_1_780' title='bbox 2504 4606 2555 4660; x_wconf 91' lang='lat' dir='ltr'><strong>in</strong></span> <span class='ocrx_word' id='word_1_781' title='bbox 2593 4607 2823 4670; x_wconf 64' lang='lat' dir='ltr'><strong>saecula,</strong></span> <span class='ocrx_word' id='word_1_782' title='bbox 2851 4607 3102 4676; x_wconf 80' lang='lat' dir='ltr'><strong>quamvis</strong></span> <span class='ocrx_word' id='word_1_783' title='bbox 3125 4607 3560 4677; x_wconf 85' lang='lat' dir='ltr'><strong>disrumpantur,</strong></span> 
     </span>
    </p>
   </div>
   <div class='ocr_carea' id='block_1_108' title="bbox 1975 4698 3562 4772">
    <p class='ocr_par' dir='ltr' id='par_1_108' title="bbox 1975 4698 3562 4772">
     <span class='ocr_line' id='line_1_108' title="bbox 1975 4698 3562 4772; baseline 0.001 -18"><span class='ocrx_word' id='word_1_784' title='bbox 1975 4701 2067 4769; x_wconf 90' lang='lat' dir='ltr'><strong>qui</strong></span> <span class='ocrx_word' id='word_1_785' title='bbox 2134 4710 2328 4755; x_wconf 90' lang='lat' dir='ltr'><strong>contra</strong></span> <span class='ocrx_word' id='word_1_786' title='bbox 2373 4716 2536 4772; x_wconf 89' lang='lat' dir='ltr'><strong>quam</strong></span> <span class='ocrx_word' id='word_1_787' title='bbox 2601 4698 2846 4757; x_wconf 87' lang='lat' dir='ltr'><strong>Ecclesia</strong></span> <span class='ocrx_word' id='word_1_788' title='bbox 2892 4701 3080 4762; x_wconf 86' lang='lat' dir='ltr'><strong>sentit,</strong></span> <span class='ocrx_word' id='word_1_789' title='bbox 3109 4701 3356 4755; x_wconf 89' lang='lat' dir='ltr'><strong>sentiunt</strong></span> <span class='ocrx_word' id='word_1_790' title='bbox 3384 4709 3440 4755; x_wconf 91' lang='lat' dir='ltr'><strong>et</strong></span> <span class='ocrx_word' id='word_1_791' title='bbox 3481 4700 3562 4755; x_wconf 78' lang='lat' dir='ltr'><strong>fa-</strong></span> 
     </span>
    </p>
   </div>
   <div class='ocr_carea' id='block_1_109' title="bbox 1975 4791 3562 4864">
    <p class='ocr_par' dir='ltr' id='par_1_109' title="bbox 1975 4791 3562 4864">
     <span class='ocr_line' id='line_1_109' title="bbox 1975 4791 3562 4864; baseline 0 -18"><span class='ocrx_word' id='word_1_792' title='bbox 1975 4792 2133 4846; x_wconf 89' lang='lat' dir='ltr'><strong>ciunt</strong></span> <span class='ocrx_word' id='word_1_793' title='bbox 2164 4808 2178 4844; x_wconf 90' lang='lat'>:</span> <span class='ocrx_word' id='word_1_794' title='bbox 2223 4807 2323 4848; x_wconf 92' lang='lat' dir='ltr'><strong>nos</strong></span> <span class='ocrx_word' id='word_1_795' title='bbox 2348 4806 2477 4847; x_wconf 88' lang='lat' dir='ltr'><strong>vero</strong></span> <span class='ocrx_word' id='word_1_796' title='bbox 2497 4807 2616 4847; x_wconf 91' lang='lat' dir='ltr'><strong>eam</strong></span> <span class='ocrx_word' id='word_1_797' title='bbox 2637 4792 2919 4862; x_wconf 89' lang='lat' dir='ltr'><strong>sequimur</strong></span> <span class='ocrx_word' id='word_1_798' title='bbox 2957 4801 3010 4848; x_wconf 90' lang='lat' dir='ltr'><strong>et</strong></span> <span class='ocrx_word' id='word_1_799' title='bbox 3039 4791 3419 4860; x_wconf 86' lang='lat' dir='ltr'><strong>observamus,</strong></span> <span class='ocrx_word' id='word_1_800' title='bbox 3441 4809 3562 4864; x_wconf 88' lang='lat' dir='ltr'><strong>pcr-</strong></span> 
     </span>
    </p>
   </div>
   <div class='ocr_carea' id='block_1_110' title="bbox 1974 4884 3557 4955">
    <p class='ocr_par' dir='ltr' id='par_1_110' title="bbox 1974 4884 3557 4955">
     <span class='ocr_line' id='line_1_110' title="bbox 1974 4884 3557 4955; baseline -0.001 -16"><span class='ocrx_word' id='word_1_801' title='bbox 1974 4885 2104 4940; x_wconf 90' lang='lat' dir='ltr'><strong>inde</strong></span> <span class='ocrx_word' id='word_1_802' title='bbox 2138 4901 2201 4939; x_wconf 92' lang='lat' dir='ltr'><strong>ac</strong></span> <span class='ocrx_word' id='word_1_803' title='bbox 2234 4884 2576 4954; x_wconf 88' lang='lat' dir='ltr'><strong>impossibile</strong></span> <span class='ocrx_word' id='word_1_804' title='bbox 2599 4885 2670 4941; x_wconf 91' lang='lat' dir='ltr'><strong>sit</strong></span> <span class='ocrx_word' id='word_1_805' title='bbox 2699 4895 2761 4938; x_wconf 92' lang='lat' dir='ltr'><strong>ut</strong></span> <span class='ocrx_word' id='word_1_806' title='bbox 2788 4899 2852 4940; x_wconf 88' lang='lat' dir='ltr'><strong>ea</strong></span> <span class='ocrx_word' id='word_1_807' title='bbox 2885 4899 3130 4940; x_wconf 87' lang='lat' dir='ltr'><strong>errorem</strong></span> <span class='ocrx_word' id='word_1_808' title='bbox 3163 4885 3442 4955; x_wconf 65' lang='lat' dir='ltr'><strong>praedicet,</strong></span> <span class='ocrx_word' id='word_1_809' title='bbox 3463 4888 3557 4942; x_wconf 87' lang='lat' dir='ltr'><strong>scd</strong></span> 
     </span>
    </p>
   </div>
   <div class='ocr_carea' id='block_1_111' title="bbox 1975 4977 3556 5049">
    <p class='ocr_par' dir='ltr' id='par_1_111' title="bbox 1975 4977 3556 5049">
     <span class='ocr_line' id='line_1_111' title="bbox 1975 4977 3556 5049; baseline 0.001 -17"><span class='ocrx_word' id='word_1_810' title='bbox 1975 4978 2152 5049; x_wconf 76' lang='lat' dir='ltr'><strong>magis</strong></span> <span class='ocrx_word' id='word_1_811' title='bbox 2205 4979 2490 5032; x_wconf 79' lang='lat' dir='ltr'><strong>veritatem</strong></span> <span class='ocrx_word' id='word_1_812' title='bbox 2526 4987 2580 5032; x_wconf 89' lang='lat' dir='ltr'><strong>et</strong></span> <span class='ocrx_word' id='word_1_813' title='bbox 2620 4988 2823 5033; x_wconf 87' lang='lat' dir='ltr'><strong>rectam</strong></span> <span class='ocrx_word' id='word_1_814' title='bbox 2875 4977 3060 5040; x_wconf 80' lang='lat' dir='ltr'><strong>ﬁdem,</strong></span> <span class='ocrx_word' id='word_1_815' title='bbox 3091 4994 3216 5034; x_wconf 92' lang='lat' dir='ltr'><strong>cum</strong></span> <span class='ocrx_word' id='word_1_816' title='bbox 3249 4995 3312 5034; x_wconf 91' lang='lat' dir='ltr'><strong>ea</strong></span> <span class='ocrx_word' id='word_1_817' title='bbox 3371 4996 3556 5036; x_wconf 84' lang='lat' dir='ltr'><strong>secum</strong></span> 
     </span>
    </p>
   </div>
   <div class='ocr_carea' id='block_1_112' title="bbox 1980 5069 3563 5142">
    <p class='ocr_par' dir='ltr' id='par_1_112' title="bbox 1980 5069 3563 5142">
     <span class='ocr_line' id='line_1_112' title="bbox 1980 5069 3563 5142; baseline -0.001 -17"><span class='ocrx_word' id='word_1_818' title='bbox 1980 5071 2144 5125; x_wconf 89' lang='lat' dir='ltr'><strong>habet</strong></span> <span class='ocrx_word' id='word_1_819' title='bbox 2181 5084 2444 5139; x_wconf 86' lang='lat' dir='ltr'><strong>sponsum</strong></span> <span class='ocrx_word' id='word_1_820' title='bbox 2479 5084 2638 5124; x_wconf 82' lang='lat' dir='ltr'><strong>suum</strong></span> <span class='ocrx_word' id='word_1_821' title='bbox 2674 5069 2974 5125; x_wconf 77' lang='lat' dir='ltr'><strong>Christum.</strong></span> <span class='ocrx_word' id='word_1_822' title='bbox 3011 5069 3149 5125; x_wconf 84' lang='lat' dir='ltr'><strong>Cum</strong></span> <span class='ocrx_word' id='word_1_823' title='bbox 3178 5086 3307 5142; x_wconf 77' lang='lat' dir='ltr'><strong>ergo</strong></span> <span class='ocrx_word' id='word_1_824' title='bbox 3331 5071 3404 5124; x_wconf 91' lang='lat' dir='ltr'><strong>illi</strong></span> <span class='ocrx_word' id='word_1_825' title='bbox 3437 5072 3563 5124; x_wconf 84' lang='lat' dir='ltr'><strong>sub-</strong></span> 
     </span>
    </p>
   </div>
   <div class='ocr_carea' id='block_1_113' title="bbox 1974 5159 3563 5232">
    <p class='ocr_par' dir='ltr' id='par_1_113' title="bbox 1974 5159 3563 5232">
     <span class='ocr_line' id='line_1_113' title="bbox 1974 5159 3563 5232; baseline 0.001 -19"><span class='ocrx_word' id='word_1_826' title='bbox 1974 5162 2224 5232; x_wconf 74' lang='lat' dir='ltr'><strong>jiciatur,</strong></span> <span class='ocrx_word' id='word_1_827' title='bbox 2252 5162 2395 5216; x_wconf 89' lang='lat' dir='ltr'><strong>intra</strong></span> <span class='ocrx_word' id='word_1_828' title='bbox 2432 5159 2628 5216; x_wconf 87' lang='lat' dir='ltr'><strong>salutis</strong></span> <span class='ocrx_word' id='word_1_829' title='bbox 2659 5175 2844 5216; x_wconf 87' lang='lat' dir='ltr'><strong>arcam</strong></span> <span class='ocrx_word' id='word_1_830' title='bbox 2861 5163 3022 5232; x_wconf 78' lang='lat' dir='ltr'><strong>positi</strong></span> <span class='ocrx_word' id='word_1_831' title='bbox 3049 5177 3261 5226; x_wconf 90' lang='lat' dir='ltr'><strong>sumus,</strong></span> <span class='ocrx_word' id='word_1_832' title='bbox 3288 5177 3563 5231; x_wconf 88' lang='lat' dir='ltr'><strong>perquam</strong></span> 
     </span>
    </p>
   </div>
   <div class='ocr_carea' id='block_1_114' title="bbox 1981 5252 3566 5310">
    <p class='ocr_par' dir='ltr' id='par_1_114' title="bbox 1981 5252 3566 5310">
     <span class='ocr_line' id='line_1_114' title="bbox 1981 5252 3566 5310; baseline -0.003 0"><span class='ocrx_word' id='word_1_833' title='bbox 1981 5270 2046 5310; x_wconf 85' lang='lat' dir='ltr'><strong>ex</strong></span> <span class='ocrx_word' id='word_1_834' title='bbox 2078 5255 2176 5308; x_wconf 92' lang='lat' dir='ltr'><strong>hac</strong></span> <span class='ocrx_word' id='word_1_835' title='bbox 2205 5254 2369 5307; x_wconf 86' lang='lat' dir='ltr'><strong>stulta</strong></span> <span class='ocrx_word' id='word_1_836' title='bbox 2408 5253 2517 5306; x_wconf 82' lang='lat' dir='ltr'><strong>vita</strong></span> <span class='ocrx_word' id='word_1_837' title='bbox 2561 5253 2614 5306; x_wconf 93' lang='lat' dir='ltr'><strong>in</strong></span> <span class='ocrx_word' id='word_1_838' title='bbox 2665 5260 2929 5306; x_wconf 67' lang='lat' dir='ltr'><strong>aeternam</strong></span> <span class='ocrx_word' id='word_1_839' title='bbox 2962 5267 3029 5306; x_wconf 89' lang='lat' dir='ltr'><strong>ac</strong></span> <span class='ocrx_word' id='word_1_840' title='bbox 3072 5252 3283 5306; x_wconf 87' lang='lat' dir='ltr'><strong>beatam</strong></span> <span class='ocrx_word' id='word_1_841' title='bbox 3320 5265 3566 5308; x_wconf 81' lang='lat' dir='ltr'><strong>reverte—</strong></span> 
     </span>
    </p>
   </div>
   <div class='ocr_carea' id='block_1_115' title="bbox 1982 5343 3565 5414">
    <p class='ocr_par' dir='ltr' id='par_1_115' title="bbox 1982 5343 3565 5414">
     <span class='ocr_line' id='line_1_115' title="bbox 1982 5343 3565 5414; baseline -0.003 -14"><span class='ocrx_word' id='word_1_842' title='bbox 1982 5363 2129 5402; x_wconf 90' lang='lat' dir='ltr'><strong>mur.</strong></span> <span class='ocrx_word' id='word_1_843' title='bbox 2175 5347 2404 5401; x_wconf 83' lang='lat' dir='ltr'><strong>llabctis</strong></span> <span class='ocrx_word' id='word_1_844' title='bbox 2438 5345 2603 5414; x_wconf 83' lang='lat' dir='ltr'><strong>igitur</strong></span> <span class='ocrx_word' id='word_1_845' title='bbox 2635 5356 2905 5413; x_wconf 84' lang='lat' dir='ltr'><strong>quantum</strong></span> <span class='ocrx_word' id='word_1_846' title='bbox 2971 5343 3104 5398; x_wconf 89' lang='lat' dir='ltr'><strong>satis</strong></span> <span class='ocrx_word' id='word_1_847' title='bbox 3144 5352 3228 5398; x_wconf 89' lang='lat' dir='ltr'><strong>est</strong></span> <span class='ocrx_word' id='word_1_848' title='bbox 3277 5343 3565 5398; x_wconf 70' lang='lat' dir='ltr'><strong>orthodoxi</strong></span> 
     </span>
    </p>
   </div>
   <div class='ocr_carea' id='block_1_116' title="bbox 1981 5436 3564 5509">
    <p class='ocr_par' dir='ltr' id='par_1_116' title="bbox 1981 5436 3564 5509">
     <span class='ocr_line' id='line_1_116' title="bbox 1981 5436 3564 5509; baseline -0.003 -15"><span class='ocrx_word' id='word_1_849' title='bbox 1981 5440 2047 5495; x_wconf 92' lang='lat' dir='ltr'><strong>ad</strong></span> <span class='ocrx_word' id='word_1_850' title='bbox 2080 5456 2142 5494; x_wconf 85' lang='lat' dir='ltr'><strong>ca</strong></span> <span class='ocrx_word' id='word_1_851' title='bbox 2172 5455 2294 5509; x_wconf 68' lang='lat' dir='ltr'><strong>qua:</strong></span> <span class='ocrx_word' id='word_1_852' title='bbox 2321 5440 2466 5494; x_wconf 90' lang='lat' dir='ltr'><strong>dicta</strong></span> <span class='ocrx_word' id='word_1_853' title='bbox 2506 5447 2656 5504; x_wconf 91' lang='lat' dir='ltr'><strong>sunt,</strong></span> <span class='ocrx_word' id='word_1_854' title='bbox 2712 5437 3166 5505; x_wconf 87' lang='lat' dir='ltr'><strong>responsionem:</strong></span> <span class='ocrx_word' id='word_1_855' title='bbox 3205 5437 3260 5491; x_wconf 89' lang='lat' dir='ltr'><strong>in</strong></span> <span class='ocrx_word' id='word_1_856' title='bbox 3317 5436 3404 5492; x_wconf 89' lang='lat' dir='ltr'><strong>his</strong></span> <span class='ocrx_word' id='word_1_857' title='bbox 3444 5451 3564 5491; x_wconf 81' lang='lat' dir='ltr'><strong>ma-</strong></span> 
     </span>
    </p>
   </div>
   <div class='ocr_carea' id='block_1_117' title="bbox 1982 5531 3570 5601">
    <p class='ocr_par' dir='ltr' id='par_1_117' title="bbox 1982 5531 3570 5601">
     <span class='ocr_line' id='line_1_117' title="bbox 1982 5531 3570 5601; baseline -0.004 -13"><span class='ocrx_word' id='word_1_858' title='bbox 1982 5544 2140 5601; x_wconf 86' lang='lat' dir='ltr'><strong>nete;</strong></span> <span class='ocrx_word' id='word_1_859' title='bbox 2171 5533 2305 5587; x_wconf 86' lang='lat' dir='ltr'><strong>nihil</strong></span> <span class='ocrx_word' id='word_1_860' title='bbox 2332 5534 2480 5587; x_wconf 91' lang='lat' dir='ltr'><strong>cnim</strong></span> <span class='ocrx_word' id='word_1_861' title='bbox 2512 5533 2565 5586; x_wconf 92' lang='lat' dir='ltr'><strong>in</strong></span> <span class='ocrx_word' id='word_1_862' title='bbox 2597 5532 2662 5586; x_wconf 87' lang='lat' dir='ltr'><strong>iis</strong></span> <span class='ocrx_word' id='word_1_863' title='bbox 2699 5533 2971 5600; x_wconf 88' lang='lat' dir='ltr'><strong>reperitur</strong></span> <span class='ocrx_word' id='word_1_864' title='bbox 2998 5531 3098 5585; x_wconf 88' lang='lat' dir='ltr'><strong>nisi</strong></span> <span class='ocrx_word' id='word_1_865' title='bbox 3145 5545 3208 5584; x_wconf 88' lang='lat' dir='ltr'><strong>ea</strong></span> <span class='ocrx_word' id='word_1_866' title='bbox 3256 5545 3376 5599; x_wconf 80' lang='lat' dir='ltr'><strong>qua:</strong></span> <span class='ocrx_word' id='word_1_867' title='bbox 3402 5531 3570 5584; x_wconf 82' lang='lat' dir='ltr'><strong>lumi-</strong></span> 
     </span>
    </p>
   </div>
   <div class='ocr_carea' id='block_1_118' title="bbox 1982 5623 3569 5694">
    <p class='ocr_par' dir='ltr' id='par_1_118' title="bbox 1982 5623 3569 5694">
     <span class='ocr_line' id='line_1_118' title="bbox 1982 5623 3569 5694; baseline -0.003 -14"><span class='ocrx_word' id='word_1_868' title='bbox 1982 5627 2138 5680; x_wconf 89' lang='lat' dir='ltr'><strong>naria</strong></span> <span class='ocrx_word' id='word_1_869' title='bbox 2174 5623 2433 5679; x_wconf 71' lang='lat' dir='ltr'><strong>Ecclesia:</strong></span> <span class='ocrx_word' id='word_1_870' title='bbox 2457 5625 2656 5693; x_wconf 63' lang='lat' dir='ltr'><strong>iubent</strong></span> <span class='ocrx_word' id='word_1_871' title='bbox 2693 5641 2706 5676; x_wconf 91' lang='lat'><strong>:</strong></span> <span class='ocrx_word' id='word_1_872' title='bbox 2737 5640 2918 5693; x_wconf 86' lang='lat' dir='ltr'><strong>neque</strong></span> <span class='ocrx_word' id='word_1_873' title='bbox 2951 5624 3051 5689; x_wconf 89' lang='lat' dir='ltr'><strong>iis,</strong></span> <span class='ocrx_word' id='word_1_874' title='bbox 3087 5625 3179 5692; x_wconf 90' lang='lat' dir='ltr'><strong>qui</strong></span> <span class='ocrx_word' id='word_1_875' title='bbox 3221 5624 3469 5694; x_wconf 74' lang='lat' dir='ltr'><strong>litigandi</strong></span> <span class='ocrx_word' id='word_1_876' title='bbox 3512 5634 3569 5676; x_wconf 84' lang='lat' dir='ltr'><strong>et</strong></span> 
     </span>
    </p>
   </div>
   <div class='ocr_carea' id='block_1_119' title="bbox 1983 5711 3571 5789">
    <p class='ocr_par' dir='ltr' id='par_1_119' title="bbox 1983 5711 3571 5789">
     <span class='ocr_line' id='line_1_119' title="bbox 1983 5711 3571 5789; baseline -0.003 -14"><span class='ocrx_word' id='word_1_877' title='bbox 1983 5717 2508 5789; x_wconf 59' lang='lat' dir='ltr'><strong>contendendixitio</strong></span> <span class='ocrx_word' id='word_1_878' title='bbox 2558 5711 2862 5787; x_wconf 80' lang='lat' dir='ltr'><strong>loquuntur</strong></span> <span class='ocrx_word' id='word_1_879' title='bbox 2912 5732 2976 5771; x_wconf 92' lang='lat' dir='ltr'><strong>ac</strong></span> <span class='ocrx_word' id='word_1_880' title='bbox 3026 5719 3296 5787; x_wconf 88' lang='lat' dir='ltr'><strong>scribunt,</strong></span> <span class='ocrx_word' id='word_1_881' title='bbox 3331 5716 3571 5788; x_wconf 75' lang='lat' dir='ltr'><strong>vestigiis</strong></span> 
     </span>
    </p>
   </div>
   <div class='ocr_carea' id='block_1_120' title="bbox 3135 5988 3210 6048">
    <p class='ocr_par' dir='ltr' id='par_1_120' title="bbox 3135 5988 3210 6048">
     <span class='ocr_line' id='line_1_120' title="bbox 3135 5988 3210 6048; baseline -0.027 0"><span class='ocrx_word' id='word_1_882' title='bbox 3135 5988 3210 6048; x_wconf 86' lang='lat'><strong>39</strong></span> 
     </span>
    </p>
   </div>
  </div>
