4004 6414
534 409 662 474 1231

1727 395 2046 461 JOSEI‘HI
2090 390 2644 456 METIIONENSIS

3611 388 3718 453 1232

532 546 642 600 que
671 529 706 582 ii
741 541 849 581 non
883 530 1179 594 potuerunt
1215 519 1268 574 in
1300 519 1408 572 vita
1451 515 1735 586 perﬁcere,
1772 529 1873 584 pro
1903 513 1990 568 bis
2023 526 2121 566 su-

2234 506 2513 578 Bapt'qpitp
2570 504 2807 574 λέγομεν
2860 496 3027 556 εἶναι.
3084 501 3192 554 Καὶ
3240 501 3373 572 ὅπερ
3401 501 3490 556 οὐκ
3537 503 3726 571 ἔφθασαν

533 619 788 691 pcrstites
827 617 892 669 ad
928 612 1356 682 redemptionem
1381 626 1539 680 opem
1582 608 1788 672 ferunt,
1815 605 2118 662 secundum

539 714 691 769 illius
717 711 945 768 dictum.
974 704 1030 760 Si
1054 705 1195 760 forte
1212 703 1340 772 quld
1377 701 1547 773 prosit
1581 702 1678 756 tibi
1719 718 1734 756 :
1786 699 1950 768 idque
1995 711 2124 751 san-

535 815 744 860 ctarum
793 815 1015 871 precum
1053 797 1341 861 beneﬂcio,
1379 793 1772 866 eleemosynis,
1835 788 2122 847 sacriﬁciis

535 898 768 966 aliisque
820 893 924 964 piis
967 891 1252 962 operibus,
1287 889 1434 943 utin
1477 886 1667 941 divino
1705 894 1759 940 ct
1821 897 1983 940 sacro
2029 882 2124 936 de-

535 998 688 1044 creto
746 987 951 1056 optime
1004 984 1273 1052 scriptum
1332 990 1441 1036 est.
1475 977 1718 1033 Tertiam
1768 985 1824 1030 ct
1873 976 2121 1029 ultimam

534 1081 928 1137 constituimus
961 1091 1154 1132 eorum
1181 1075 1274 1146 qui
1309 1075 1364 1128 in
1403 1072 1730 1128 mortalibus
1762 1069 2002 1139 peccatis
2055 1080 2121 1122 ex

536 1174 640 1228 bac
671 1175 781 1226 vita
812 1171 1216 1240 migraverunt,
1281 1167 1602 1235 nullumque
1655 1163 1756 1218 sibi
1790 1162 2124 1232 paenitentia:

533 1265 848 1336 praesidium
875 1263 1006 1318 dum
1032 1261 1278 1316 viverent
1325 1259 1692 1326 reliquerunt,
1732 1270 1966 1326 quorum
2004 1255 2124 1308 ani-

536 1373 657 1412 mas
689 1359 756 1411 ad
814 1355 1029 1409 iul‘eros
1084 1354 1271 1407 statim
1324 1350 1678 1415 descendere,
1724 1347 1902 1418 pinnis
1945 1355 2125 1400 tamen

535 1450 853 1520 disparibus
906 1445 1221 1518 plectendas
1284 1457 1504 1498 sacrum
1565 1440 1743 1495 innuit
1814 1439 2122 1493 decretum.

537 1541 812 1602 Ceterum
845 1541 913 1593 tle
961 1539 1121 1608 primi
1150 1537 1365 1593 ordinis
1401 1545 1570 1599 statu,
1610 1549 1744 1608 quae
1783 1547 1976 1587 eorum
2028 1530 2122 1602 qui

537 1633 844 1687 liberantur
876 1607 1070 1684 classis
1091 1638 1196 1695 est,
1232 1643 1355 1698 qua:
1389 1637 1441 1681 et
1466 1607 1741 1696 iustorum
1779 1623 1968 1678 fruitio
2001 1635 2128 1676 esse

537 1727 760 1788 dicitur,
804 1723 1215 1794 responsionem
1253 1719 1492 1791 reperies
1545 1719 1597 1772 iu
1673 1725 1874 1787 quarto
1921 1713 2126 1769 decreti

539 1820 742 1888 capite,
770 1818 838 1871 de
871 1833 984 1887 quo
1020 1830 1121 1871 nos
1181 1824 1345 1869 antea
1398 1814 1780 1883 disputaturos
1831 1822 1954 1864 esse
2010 1805 2125 1876 pol-

542 1911 678 1967 liciti
720 1926 938 1973 smnus,
971 1909 1308 1978 peculiarem
1342 1908 1447 1962 hac
1501 1909 1568 1962 de
1599 1920 1658 1960 re
1709 1911 2001 1958 tractatum
2050 1900 2130 1955 l'a-

535 2005 681 2060 cturi
711 2020 726 2057 :
757 2013 1044 2075 propterea
1078 2001 1262 2057 multis
1320 1998 1505 2055 verbis
1547 1997 1634 2052 bic
1681 2012 1788 2052 non
1843 2006 1925 2050 est
1950 1990 2128 2065 'opus,

537 2099 741 2168 quippe
775 2097 869 2168 qui
930 2096 984 2151 in
1049 2109 1116 2150 eo
1175 2095 1299 2150 loco
1339 2092 1450 2148 Deo
1485 2090 1781 2162 adjuvantc
1839 2088 2130 2158 responde

536 2192 742 2248 bimus.

612 2464 950 2530 Proximum,
982 2473 1044 2518 ut
1077 2461 1168 2517 hic
1219 2459 1288 2516 de
1332 2459 1577 2517 secunda
1619 2467 1676 2514 et
1737 2457 1896 2513 tertia
1941 2445 2130 2512 classe

537 2558 922 2613 disseramus:
949 2565 1006 2610 at
1041 2555 1108 2609 de
1141 2553 1303 2610 tertia
1333 2553 1482 2608 nulla
1526 2551 1688 2607 nobis
1732 2560 1817 2607 est
1845 2564 1980 2605 cura
2032 2564 2132 2604 sn-

538 2648 845 2719 sciplenda,
895 2647 1154 2717 quoniam
1216 2661 1395 2714 neque
1440 2643 1687 2701 Ecclesia
1719 2657 1900 2714 neque
1949 2642 2130 2698 sancti

538 2743 780 2811 aliquam
815 2741 883 2795 de
907 2741 972 2794 iis
994 2738 1088 2808 qui
1151 2739 1220 2794 ad
1264 2736 1516 2794 eamdem
1563 2736 1843 2805 pertinent
1893 2735 2128 2790 classem

541 2833 657 2888 lieri
687 2831 1269 2888 commemorationem
1302 2831 1652 2901 permittunt,
1674 2841 1879 2897 eosque
1905 2828 2130 2882 omnino

540 2929 832 2982 damnatos
858 2937 982 2981 esse
1000 2923 1276 2988 sentiunt,
1296 2923 1461 2978 veluti
1481 2921 1802 2990 desperatos
1826 2929 1882 2974 ct
1921 2920 2134 2987 absque

540 3019 867 3091 paenitentia
899 3019 1024 3073 hinc
1060 3018 1327 3072 sublatos.
1365 3016 1440 3070 De
1482 3016 1568 3069 bis
1597 3013 1746 3068 enim
1777 3027 1890 3066 non
1916 3020 2134 3081 oportet

544 3129 646 3169 nos
701 3128 826 3168 esse
851 3112 1145 3176 sollicitos,
1181 3124 1358 3180 neque
1389 3108 1663 3170 laborare,
1697 3109 1781 3162 vel
1822 3106 2126 3177 deprecari,

2229 605 2426 656 ἐκείνοι
2458 600 2659 664 ζῶντες
2687 599 2936 663 ποιῆσαι.
2969 597 3112 666 ὑπὲρ
3138 597 3340 650 τούτων
3368 598 3413 648 οἱ
3439 597 3611 660 ζῶντες
3639 601 3730 652 tm.

2227 695 2488 767 κουροῦσι
2521 695 2589 748 τά
2623 694 2765 764 πρὸς
2807 692 3135 762 ἀνάρρυσιν,
3170 691 3310 744 κατὰ
3343 691 3427 742 τὸν
3470 691 3700 758 φάσκοντα
3721 711 3732 726 ι

2231 791 2391 852 Ἴσως
2421 789 2536 858 ἔχει
2579 787 2704 841 τινά
2742 785 2876 855 πρὸς
2911 784 3187 853 ὠφέλειαν
3233 783 3326 836 καὶ
3371 783 3532 844 τοῦτο,
3561 783 3635 836 διὰ
3654 785 3736 836 τῶι

2230 886 2396 954 ιερῶν
2424 882 2620 953 εὐχῶν,
2647 885 2742 936 καὶ
2771 879 3180 951 ἐλεημοσυνῶν,
3211 880 3306 932 καὶ
3329 879 3533 941 θυσιῶν,
3561 879 3640 931 καὶ
3661 879 3740 932 τῶν

2227 978 2405 1049 ἄλλων
2450 977 2549 1046 τῆς
2607 974 2892 1037 εὐσεϐείας
2927 973 3108 1043 ἔργων
3136 989 3151 1005 ο
3188 972 3264 1035 ὡς
3310 973 3366 1025 ὲν
3401 971 3474 1041 τῷ
3521 972 3636 1041 θείῳ
3677 976 3742 1026 καὶ

2229 1072 2362 1145 ίερῷ
2409 1073 2524 1142 ὅρῳ
2570 1070 2714 1141 μάλα
2768 1067 2954 1132 καλῶς
2985 1067 3318 1138 γέγραπται.
3353 1067 3545 1137 τρίτην
3588 1083 3641 1119 τε
3682 1071 3740 1121 tul.

2227 1167 2551 1222 τελευταίαν
2573 1181 2586 1196 ·
2621 1166 2729 1219 τῶν
2761 1167 2819 1219 ὲν
2853 1164 3181 1233 θανασίμοις
3223 1163 3596 1235 ἁμαρτήμασιν
3619 1163 3743 1230 ἁπερ-

2228 1260 2482 1331 χομένων
2511 1259 2606 1311 τοῦ
2636 1257 2767 1328 τῇδε
2813 1256 2958 1327 βίου,
2995 1257 3092 1310 καὶ
3130 1257 3337 1327 μηδένα
3386 1257 3582 1326 καρπὸν
3624 1273 3745 1327 μετα-

2230 1353 2381 1417 νοίας
2432 1352 2802 1422 κτησαμένων
2850 1351 2910 1403 ιν
2943 1349 3023 1419 τῷ
3077 1351 3342 1422 παρόντι·
3381 1345 3456 1405 ὧν
3491 1351 3581 1412 τὰς
3617 1349 3750 1420 ψυχὰς

2231 1446 2445 1510 εὐθέως
2478 1444 2838 1499 καταϐαίνειν
2869 1445 2948 1507 είς
2995 1442 3130 1516 ᾅδην
3155 1461 3170 1475 ο
3203 1445 3490 1513 τιμωρίαις
3519 1444 3650 1512 ὅμως
3672 1443 3753 1495 ἀνί-

2234 1555 2348 1602 σοις
2377 1535 2918 1607 τιμωρηθησομένας
2941 1537 2971 1590 ὁ
3014 1535 3162 1604 ίερδς
3200 1535 3491 1588 αἰνίττεται
3519 1535 3645 1602 ὄρος.
3674 1535 3756 1586 Καὶ

2232 1629 2364 1699 περὶ
2390 1627 2492 1698 μὲν
2523 1628 2620 1692 τῆς
2649 1629 2877 1696 πρώτης
2915 1626 3160 1697 μερίδος,
3205 1627 3333 1697 ἥτις
3363 1626 3472 1678 ἐστὶ
3501 1626 3602 1677 τῶν
3625 1625 3755 1686 σωζο-

2237 1723 2418 1794 μένων
2447 1721 2628 1788 τάξις,
2686 1721 2720 1792 ἡ
2768 1722 2864 1776 καὶ
2906 1720 3214 1785 ἀπόλαυσις
3260 1720 3370 1774 τῶν
3406 1720 3614 1775 δικαίων
3651 1713 3755 1770 εἶναι

2229 1817 2487 1886 λέγεταιο
2547 1817 2814 1888 εὑρήσεις
2865 1815 2964 1888 τὴν
3003 1816 3310 1884 ἀπολογίαν
3363 1816 3418 1868 ὲν
3455 1813 3528 1882 τῷ
3561 1811 3759 1878 τετάρτῳ

2235 1908 2518 1980 κεφαλαίῳ
2547 1908 2646 1963 τοῦ
2677 1912 2809 1980 ὅρου
2835 1926 2852 1942 ·
2881 1909 3024 1980 ὑπὲρ
3053 1903 3116 1964 οὗ
3159 1907 3503 1981 προεθέμεθα
3541 1905 3762 1971 ἀπολογη-

2233 2002 2422 2072 θῆναι,
2460 2002 2601 2056 ίδίαν
2624 2003 3016 2072 πραγματείαν
3045 2002 3322 2056 καὶτοῦτο
3356 2000 3625 2070 μέλλοντες
3644 1997 3762 2064 ποιή-

2235 2114 2352 2151 σειν
2375 2113 2392 2132 ⁸
2437 2099 2534 2150 καὶ
2568 2098 2658 2151 δια
2687 2097 2848 2151 τοῦτο
2893 2097 2956 2151 οὐ
2989 2097 3072 2150 δεῖ
3101 2095 3340 2151 ἐνταῦθα
3382 2095 3580 2148 πολλῶν
3607 2093 3761 2160 λόγων,

2178 2223 2185 2230 -
2233 2191 2308 2256 ὡς
2347 2191 2552 2256 ἱκανῶς
2596 2192 2732 2259 ἐκεῖ,
2765 2189 2862 2246 τοῦ
2900 2189 3041 2246 Θεοῦ
3089 2189 3504 2262 συνεργοῦντος,
3544 2189 3763 2256 ἀπολογη-

2234 2285 2480 2355 οόμενοι.

2998 2379 3075 2434 B'.

2317 2473 2625 2542 Ἐπὸμενον
2659 2472 2716 2527 δὲ
2752 2473 2882 2543 περὶ
2933 2473 3033 2544 τῆς
3069 2474 3336 2546 δευτέρας
3380 2463 3672 2543 καίτρίτης
3705 2471 3765 2522 ἐν·

2231 2566 2410 2619 ταῦθα
2439 2565 2638 2619 εἰπεῖν.
2670 2565 2781 2628 Καὶ
2807 2568 2942 2636 περί
2969 2571 3068 2632 μὲν
3095 2567 3195 2635 τῆς
3223 2568 3439 2636 τρίτης,
3472 2567 3638 2629 οὐδεὶς
3664 2566 3767 2634 ἡμῖν

2233 2658 2390 2726 λόγος
2413 2672 2429 2689 ο
2481 2657 2608 2709 επεὶ
2638 2655 2763 2709 οὕτε
2800 2657 2832 2726 ἡ
2880 2655 3202 2726 Ἐκκλησία,
3243 2656 3372 2710 οὔτε
3410 2661 3458 2710 οἱ
3497 2657 3632 2724 ἅγιοι
3671 2653 3768 2723 περὶ

2233 2745 2461 2798 ἐκείνων
2507 2744 2620 2800 τῶν
2651 2747 2712 2799 ἐν
2759 2745 2947 2819 ἐκείνῃ
2977 2746 3278 2816 λαχόντων,
3318 2750 3508 2819 μνείαν
3549 2747 3769 2802 ποιεῖσθαι

2231 2837 2494 2892 θέλουσι·
2547 2839 2644 2891 καὶ
2680 2838 2822 2901 ὅλως
2874 2837 3134 2908 φρονοῦσι
3191 2841 3470 2910 σωτηρίαν
3522 2842 3681 2900 αὐτοῖς
3715 2841 3769 2906 μὴ

2234 2925 2378 2984 εῖναι
2402 2934 2478 2994 ὡς
2505 2932 2980 2998 ἀπεγνωσμένοις,
3010 2933 3104 2985 καὶ
3134 2933 3522 3005 ἀμετανοήτως
3546 2927 3772 2996 ἐξελθοῦσι

2232 3022 2328 3076 τοῦ
2357 3023 2508 3094 τῇδε.
2544 3022 2681 3087 Περὶ
2721 3022 2930 3075 τούτων
2965 3025 3077 3093 γὰρ
3112 3025 3172 3077 οὐ
3196 3024 3278 3076 δεῖ
3303 3023 3622 3095 φροντίζειν,
3647 3021 3675 3087 ἢ
3702 3035 3772 3070 πο-

2235 3116 2372 3178 νεῖν,
2407 3114 2440 3184 ἢ
2476 3112 2906 3184 προσεύχεσθαι,
2935 3113 3055 3166 οὐδὲ
3084 3112 3279 3177 Θυσίας
3306 3114 3632 3184 προσφέρειν
3663 3107 3771 3175 ὑπὲρ

543 3205 632 3262 vel
663 3205 937 3260 sacriﬁcia
989 3203 1213 3269 oﬁ'erre,
1270 3202 1356 3258 vel
1404 3203 1792 3275 eleemosynas
1849 3203 2129 3267 exhibere,

2235 3204 2440 3267 αὐτῶν,
2485 3203 2519 3274 ἦ
2577 3202 2958 3273 ἐλεημοσύνας
2997 3203 3221 3266 διδόναι,
3258 3205 3292 3274 ἦ
3347 3204 3450 3257 ὅσα
3503 3202 3628 3256 ἄλλα
3663 3197 3772 3262 ὑπὲρ

542 3298 628 3353 vcl
663 3298 769 3352 alia
826 3312 949 3368 qua:
1000 3311 1101 3366 pro
1134 3297 1204 3351 iis
1259 3297 1352 3366 qui
1403 3296 1636 3352 ﬁdeliter
1689 3297 2129 3364 obdormierunt,

543 3391 884 3461 fervidisque
946 3403 1073 3445 cum
1137 3389 1398 3460 lacrymis
1452 3391 1830 3458 pwnitentiatn
1875 3399 2126 3462 egerunt,

544 3485 847 3540 constituta
879 3493 1031 3550 sunt,
1064 3484 1326 3553 quoniam
1364 3483 1418 3538 in
1439 3483 1847 3554 desperatione,
1875 3501 1986 3542 non
2028 3499 2132 3540 au-

545 3587 655 3632 tem
685 3577 742 3632 in
775 3576 1096 3648 paenitentia
1123 3575 1253 3631 hinc
1271 3577 1669 3648 demigrarunt.
1709 3580 1788 3632 Ac
1819 3578 1987 3634 veluti
2032 3593 2134 3648 pro

545 3668 724 3738 prima
759 3667 960 3734 classe,
1003 3683 1125 3738 qua).
1175 3668 1230 3722 in
1279 3669 1538 3738 paradiso
1569 3684 1697 3724 cum
1745 3669 1968 3724 Christo
2024 3675 2130 3736 est,

548 3775 660 3816 non
693 3769 911 3832 oportet
938 3778 1036 3832 pro
1063 3777 1258 3818 eorum
1291 3765 1531 3832 peccatis
1567 3762 1825 3818 tollendis
1856 3761 2132 3819 sacriﬁcia

545 3854 770 3922 oﬁ'erre,
809 3871 936 3910 cum
963 3855 1017 3909 in
1052 3855 1157 3912 hoc
1186 3855 1392 3910 saeculo
1447 3855 1844 3920 satisfecerint,
1874 3864 1930 3911 et
1986 3867 2136 3910 nunc

546 3953 602 4004 in
630 3949 844 4004 deliciis
873 3949 1233 4004 ineli‘abiliutn
1282 3950 1554 4005 bonorum
1587 3957 1900 4016 versentur,
1925 3949 2006 4004 sic
2032 3963 2137 4003 ne-

547 4057 656 4110 que
681 4054 781 4108 pro
819 4040 1164 4094 dimittendis
1205 4043 1448 4108 peccatis
1475 4055 1669 4094 eorum
1699 4041 1794 4110 qui
1822 4039 1878 4094 in
1917 4039 2137 4096 crucia-

552 4134 703 4186 tibus
737 4129 935 4184 inferni
958 4131 1164 4199 degunt
1203 4131 1336 4185 licet
1365 4132 1704 4187 sacriﬁcare.
1759 4131 1832 4186 At
1887 4131 1938 4184 id
2009 4130 2135 4184 novi

547 4222 641 4276 isti
684 4219 925 4290 theologi
961 4235 1072 4274 non
1109 4222 1444 4286 concedunt,
1485 4221 1691 4291 quippe
1735 4221 1832 4291 qui
1874 4236 1976 4276 nec
2008 4235 2142 4276 san-

547 4326 666 4371 ctos
697 4315 750 4368 in
780 4329 948 4385 regno
981 4314 1248 4370 caelorum
1268 4322 1400 4370 "esse
1421 4314 1628 4381 volunt,
1661 4330 1764 4399 nec
1785 4316 1843 4370 in
1879 4314 2134 4370 cruciatu

548 4421 889 4481 peccatores.
913 4408 1087 4464 Nobis
1116 4417 1298 4464 autem
1349 4408 1453 4464 etsi
1491 4412 1838 4480 propositum
1893 4424 2004 4464 non
2053 4418 2140 4464 est

547 4511 618 4562 de
653 4507 739 4561 bis
783 4506 886 4560 boc
919 4505 1044 4560 loco
1072 4504 1364 4567 disserere,
1405 4504 1498 4559 sed
1547 4503 1617 4558 de
1671 4506 1986 4574 purgatorio
2018 4514 2140 4558 tan-

550 4614 688 4671 tum,
726 4602 872 4672 quod
901 4610 986 4657 est
1019 4601 1243 4655 tertium
1284 4597 1490 4654 decreti
1507 4607 1694 4669 caput,
1731 4573 1910 4654 tamen
1942 4612 2010 4654 ne
2058 4598 2140 4652 vi-
2172 4573 2214 4628 υ

548 4698 746 4749 deatur
777 4694 972 4748 deesse
1022 4692 1184 4748 nobis
1231 4690 1603 4761 respondendi
1661 4689 1915 4756 facultas,
1971 4691 2138 4745 etiam

549 4792 615 4842 de
641 4788 727 4841 bis
752 4801 922 4855 pauca
947 4783 1198 4855 quaedam
1232 4784 1622 4854 adjungemus.
1652 4781 1962 4838 Animabus
1989 4783 2139 4837 enim

553 4899 676 4952 qua:
707 4883 834 4936 hinc
863 4883 987 4936 sine
1037 4879 1218 4934 fructu
1257 4878 1596 4950 patuitentia
1647 4877 1941 4942 decedunt,
1989 4876 2140 4932 nulla

556 4984 678 5045 post
705 4987 936 5029 mortem
969 4973 1178 5028 utilitas
1217 4973 1451 5028 accedit.
1472 4970 1607 5028 Nam
1631 4980 1686 5028 et
1719 4971 1994 5042 Propheta
2011 4968 2060 5001 “
2091 4969 2142 5023 id

555 5075 796 5124 innitens
832 5067 1048 5122 dicebat
1088 5083 1146 5122 ιι
1187 5064 1246 5120 In
1288 5065 1505 5121 inferno
1525 5074 1708 5122 autem
1739 5064 1865 5134 quis
1915 5062 2140 5118 conﬁte-

559 5164 706 5216 bitur
737 5158 836 5214 tibi
865 5157 890 5212 ’ἰ
925 5176 947 5210 ι
972 5157 1033 5212 Et
1063 5172 1256 5212 rursus
1291 5171 1308 5210 :
1343 5175 1364 5208 ι
1396 5155 1515 5211 Non
1549 5165 1633 5211 est
1662 5154 1982 5227 paenitentia
2017 5162 2142 5224 post

552 5263 807 5318 mortem,
849 5271 868 5304 ι
907 5265 1065 5306 sacer
1095 5250 1228 5305 dicit
1275 5249 1639 5319 Epiphanius,
1674 5256 1904 5303 mortem
1952 5245 2142 5318 appel-

554 5347 674 5402 lans
695 5345 916 5415 plenam
961 5343 1296 5412 injustorum
1330 5340 1770 5405 damnationem,
1793 5347 1854 5393 ut
1874 5340 1928 5392 in
1958 5353 2145 5392 exent-

555 5442 644 5508 plo
667 5441 876 5506 divitis,
914 5439 1008 5510 qui
1050 5440 1104 5493 in
1129 5440 1255 5507 igne
1283 5447 1546 5500 tot-retur,
1582 5435 1914 5499 ostenditur,
1939 5433 2139 5488 stillam

556 5542 711 5595 aquae
771 5533 1006 5596 petentis
1074 5543 1176 5584 nec
1229 5527 1601 5597 impetrantis,
1649 5527 1853 5583 stillam
1890 5524 2142 5579 videlicet

560 5617 895 5683 pcenitcntiae
927 5619 1278 5690 postulantis,
1309 5633 1410 5674 nec
1440 5619 1798 5675 invenientis.
1836 5616 2004 5685 quue
2031 5632 2144 5671 me-

559 5709 686 5776 rito,
734 5713 911 5767 hieme
955 5713 1394 5771 misericordiam
1461 5729 1570 5770 non
1633 5711 1946 5778 sem'navit,
1997 5719 2145 5766 venit

629 5893 674 5924 ⁸⁸
707 5891 850 5947 l’sal.
891 5907 966 5959 Vl,
991 5891 1046 5948 ὓ.

2235 3300 2344 3355 τῶν
2392 3299 2605 3363 πιστῶς
2661 3298 3043 3368 κοιμηθέντων
3093 3299 3187 3351 καὶ
3245 3299 3686 3370 μετανοησάντων
3732 3292 3774 3342 ἐν

2237 3392 2467 3464 θερμοῖς
2504 3393 2618 3454 τοίς
2648 3391 2936 3460 δάκρυσιν,
2965 3391 3232 3461 ὥρισταιο
3265 3391 3460 3463 ἐπειδὴ
3488 3395 3545 3444 ὲν
3573 3382 3778 3453 ἀπογνώ-

2236 3502 2320 3538 σει
2363 3483 2656 3554 μᾶλλον,ἢ
2699 3485 2756 3536 ὲν
2805 3483 3064 3554 μετανοίᾳ
3109 3485 3218 3537 τῶν
3265 3485 3396 3556 τῇδε
3452 3482 3776 3553 μετέστησαν.

2235 3580 2348 3632 Καὶ
2401 3578 2592 3649 ὥσπερ
2629 3578 2737 3647 γὰρ
2790 3579 2883 3633 ἐπὶ
2937 3577 3042 3647 τῆς
3071 3579 3298 3646 πρώτης
3351 3579 3588 3648 μερὶδος,
3628 3571 3776 3640 τῆςιν

2235 3670 2555 3744 παραδείσῳ
2613 3671 2804 3741 οὔσης,
2855 3673 2950 3724 καὶ
2986 3672 3129 3742 μετὰ
3180 3672 3275 3725 τοῦ
3332 3669 3590 3739 Χριστοῦ,
3622 3668 3674 3720 οὔ
3723 3663 3784 3716 δεῖ

2239 3765 2379 3834 ὑπὲρ
2409 3765 2591 3818 αὐτῶν
2624 3765 2816 3827 θυσίας
2849 3764 3184 3834 προσφέρειν
3220 3765 3303 3827 είς
3333 3763 3610 3832 ἀναίρεσιν
3640 3760 3782 3828 ἁμαρ-

2207 3859 2393 3945 δτιῶν,
2463 3859 2540 3922 ὡς
2599 3859 2804 3920 ἱκανῶς
2853 3857 3088 3912 ἐνταῦθα
3150 3857 3668 3929 ίκανοττοιησάντων,
3713 3849 3783 3902 xei

2238 3950 2335 4006 νῦν
2364 3951 2760 4020 ἐντρυφώντων
2795 3953 2909 4012 τοῖς
2941 3951 3204 4021 ἀρρήτοις
3229 3951 3343 4004 τῶν
3375 3950 3612 4019 ἀγαθῶν,
3645 3946 3783 3998 sicut:

2237 4043 2348 4097 οὐδ’
2386 4045 2527 4112 ὑπὲρ
2573 4046 2803 4107 τούτων,
2851 4043 3024 4096 ὄντων
3073 4046 3132 4096 έν
3165 4044 3392 4098 κολάσει
3436 4043 3532 4098 τοῦ
3560 4041 3697 4114 ᾆδον,
3725 4033 3786 4088 δεῖ

2241 4129 2522 4195 θυσιάζειν
2577 4133 2718 4202 ὑπὲρ
2771 4134 3022 4203 ἀφέσεως
3072 4134 3392 4205 ἁμαρτιῶν.
3436 4125 3576 4188 Ἀλλ’
3609 4131 3656 4184 oi
3700 4127 3784 4179 νέοι

2241 4221 2490 4290 θεολόγοι
2539 4224 2635 4277 καὶ
2677 4223 2840 4279 τοῦτο
2879 4225 2941 4278 οὐ
3003 4223 3290 4295 βούλονται
3315 4243 3330 4258 ·
3366 4227 3493 4283 οὔτε
3551 4225 3654 4294 γὰρ
3691 4218 3787 4276 τοὺς

2243 4314 2433 4383 ἁγίους
2479 4315 2539 4369 ὲν
2597 4314 2846 4388 βασιλείᾳ
2899 4320 3146 4388 οὐρανῶν
3198 4319 3450 4376 θέλουσιν
3503 4315 3659 4377 εἶναι.
3690 4312 3785 4365 οὔτε

2241 4408 2367 4470 τοὺς
2395 4407 2756 4478 ἁμαρτωλοὺς
2789 4395 2848 4463 ἐν
2879 4411 3126 4467 κολάσει.
3169 4413 3336 4484 Ἡμῖν
3361 4415 3420 4466 δὲ
3446 4416 3495 4468 εί
3521 4412 3610 4467 καὶ
3635 4409 3721 4463 οὐκ
3739 4400 3787 4472 ἦν

2246 4505 2448 4568 σκοπὸς
2478 4507 2607 4576 περὶ
2637 4506 2830 4560 τούτου
2852 4507 2920 4560 τὰ
2947 4507 3044 4560 νῦν
3071 4511 3268 4575 εἰπεῖν,
3297 4509 3416 4561 ἀλλ’
3442 4509 3475 4578 ἢ
3508 4509 3656 4576 μόνον
3679 4499 3789 4566 ὑπὲρ

2238 4598 2334 4652 τοῦ
2362 4598 2768 4670 καθαρτηρίου,
2795 4600 2825 4653 ὃ
2849 4601 2966 4654 ἐστι
2995 4601 3179 4672 τρίτον
3213 4601 3309 4654 τοῦ
3345 4602 3476 4671 ὅρου
3511 4597 3789 4666 κεφάλαιον,

2238 4690 2392 4758 ὅμως
2457 4689 2541 4743 ἵνα
2587 4688 2664 4760 μὴ
2717 4689 3001 4753 ἀδυνάτως
3028 4691 3174 4744 τισὶν
3212 4690 3363 4762 ἔχειν
3417 4691 3650 4755 δόξωμεν
3691 4676 3789 4746 περὶ

2239 4787 2460 4846 τούτου,
2507 4782 2662 4851 ὀλίγα
2709 4783 2966 4854 ἐροῦμεν.
3019 4783 3308 4837 Ἐντεῦθεν
3341 4786 3457 4854 γὰρ
3501 4772 3790 4847 ὲξελθουσῶν

2240 4877 2352 4930 τῶν
2383 4874 2576 4946 ψυχῶν
2615 4875 3032 4944 ἀμετανοήτων,
3082 4875 3328 4946 ὠφέλεια
3362 4880 3456 4929 καὶ
3490 4871 3626 4944 μετὰ
3658 4862 3792 4922 θανάσ

2241 4982 2336 5019 τον
2366 4964 2598 5034 οὐδεμία
2639 4965 2778 5018 ἐστί.
2813 4965 2950 5035 Περὶ
2987 4965 3194 5020 τούτων
3227 4968 3337 5035 γάρ
3363 4967 3459 5022 καὶ
3487 4967 3515 5019 ὁ
3544 4959 3792 5033 προφήτης

2241 5058 2624 5126 αἰνιττόμενος
2670 5057 2876 5126 ἔλεγεν,
2920 5077 2940 5111 t
2991 5060 3082 5112 'Ev
3111 5059 3168 5113 δὲ
3198 5059 3276 5129 τῷ
3305 5059 3433 5132 ᾅδῃ,
3473 5059 3554 5121 τίς
3584 5049 3794 5122 ἐξομολο-

2240 5153 2475 5225 γήσεται
2517 5169 2642 5218 σοι;
2683 5171 2700 5205 ν
2739 5155 2832 5206 καὶ
2872 5151 2940 5206 αὖ
2969 5153 3132 5207 πάλιν
3156 5167 3227 5204 ⁶·ι
3267 5155 3389 5208 Οὐκ
3427 5152 3542 5206 ἐστι
3579 5146 3797 5220 μετάνοια

2246 5247 2386 5318 μετὰ
2417 5245 2707 5312 θάνατον,›
2739 5248 2766 5298 ὁ
2815 5245 2963 5316 ἱερὸς
3010 5246 3360 5314 Ἐπιφάνειος
3397 5248 3597 5314 φάσκει
3618 5258 3631 5274 ·
3664 5238 3795 5291 Θάνα·

2243 5356 2335 5393 τον
2374 5339 2551 5407 λέγων
2580 5338 2682 5408 τὴν
2712 5339 2954 5405 παντελῆ
3001 5339 3109 5392 τῶν
3153 5340 3363 5392 ἀδίκων
3392 5336 3701 5402 καταδίκην,
3738 5323 3794 5383 ὡς

2244 5434 2302 5486 ἐν
2329 5430 2408 5501 τῷ
2436 5432 2682 5501 πλουσίῳ
2711 5433 2790 5502 τῷ
2818 5431 3096 5502 καιομένῳ
3137 5433 3197 5483 ὲν
3234 5435 3301 5501 τῇ
3334 5431 3496 5499 φλογὶ
3528 5429 3793 5481 δείκνυται.

2245 5523 2501 5594 ζητοῦντι
2541 5523 2730 5592 ῥανίδα
2763 5523 2982 5588 ὓδατος,
3018 5525 3114 5578 καὶ
3156 5525 3230 5594 μὴ
3281 5523 3570 5594 δυναμένῳ
3613 5513 3792 5584 τυχεῖν·

2249 5617 2440 5691 ῥανίδα
2503 5615 2796 5687 μετανοίας
2849 5615 3054 5687 δηλαδὴ
3100 5617 3405 5681 αἰτοῦντιμ
3434 5616 3530 5669 καὶ
3568 5610 3638 5682 μὴ
3675 5598 3796 5672 εὑρί-

2250 5725 2478 5766 σκοντιο
2533 5710 2628 5763 καὶ
2681 5708 2947 5774 είκότως·
2989 5707 3068 5779 τῷ
3119 5710 3380 5780 χειμῶνι,
3435 5710 3536 5760 οὐκ
3583 5703 3794 5762 ἔσπειρεν
