4004 6414
486 336 621 398 1239

1679 335 1997 397 JOSEPI-Il
2033 335 2585 398 METHONENSIS

3584 338 3699 403 1240

481 461 631 506 sunt.
659 451 958 520 Gregorius
993 452 1186 506 deinde
1209 451 1516 523 Theologus
1545 456 1893 526 cognomine,
1916 456 2064 510 divi-

2171 455 2323 524 μένῳ
2366 453 2426 520 ἐξ
2471 453 2823 522 ἀνθρωπίνης
2872 450 3164 515 ἀσθενείας
3217 451 3473 521 κηλῖδαςο
3507 454 3697 522 ἐπείπερ

482 561 616 601 num
636 545 961 616 eloquentiae
985 545 1210 611 flumen,
1251 548 1306 601 in
1336 547 1550 603 funebri
1578 550 1632 604 in
1692 549 1918 606 fratrem
1948 551 2064 606 Cae-

2171 547 2364 613 ούδεὶς,
2393 547 2470 610 ὡς
2494 547 2562 599 τὰ
2586 546 2705 600 θεῖά
2728 563 2861 613 φασι
2889 546 3068 612 λόγια,
3100 545 3340 614 καθαρὸς
3369 545 3472 599 ἀπὺ
3495 546 3663 614 ῥύπου.
3681 567 3697 599 ι

484 639 688 694 sarium
710 655 964 695 sermone
994 639 1061 694 de
1099 648 1272 695 matre
1304 655 1401 696 sua
1433 656 1448 694 :
1492 660 1511 694 ι
1543 642 1808 699 Auditum
1844 652 1945 710 est,
1979 645 2063 699 in-

484 733 624 799 quit,
643 734 891 788 nuntium
923 733 1149 803 dignum
1208 736 1438 792 auribus
1471 737 1742 803 omnium,
1777 753 1838 794 se
1869 738 1978 792 filio
2005 739 2059 792 in

484 824 676 879 funere
705 839 920 880 omnem
944 825 1067 894 ejus
1099 827 1462 882 substantiam
1487 843 1584 898 pro
1617 844 1684 884 eo
1717 828 1861 885 dono
1885 828 2016 885 dare
2048 845 2061 882 :

488 930 598 984 qua
621 924 811 970 sancta
835 926 888 972 et
917 917 1164 985 speciosa
1222 918 1621 988 pollicitatione
1646 923 1830 976 omnis
1858 920 2073 976 interor'

482 1019 552 1059 ex
585 1006 773 1062 animo
821 1007 942 1077 ejus
997 1007 1248 1062 sublatus
1299 1017 1418 1074 est;
1467 1027 1485 1061 ι
1543 1019 1597 1062 et
1651 1009 1842 1078 paucis
1892 1008 2063 1064 inter-

480 1096 640 1163 jcctis
669 1114 683 1152 :
724 1117 742 1151 ι
771 1099 905 1165 Quae
929 1099 994 1154 ad
1050 1115 1152 1155 nos
1180 1101 1531 1170 pertinebant
1570 1101 1699 1156 talia
1744 1111 1911 1156 sunt:
1938 1116 2062 1170 par-

487 1189 582 1244 tim
611 1206 848 1260 namque
868 1192 1198 1247 tradidimus
1223 1193 1826 1262 partimquetrademus
1856 1207 2067 1246 annuos

483 1284 720 1339 honores
746 1293 800 1338 et
827 1288 1378 1341 commemorationes
1410 1284 1719 1340 adhibendo
1757 1305 1777 1335 ι

2166 637 2399 700 Βλέπεις
2427 637 2456 689 ὁ
2491 637 2814 704 ἀντιλέγων,
2847 637 2966 700 πῶς
2999 637 3211 708 βεϐαιοῖ
3244 636 3534 704 ἐπωφελεῖς
3564 638 3705 708 ὑπᾶρ-

2165 745 2284 798 χεηιν
2331 727 2432 791 τὰς
2467 727 2609 800 ὑπὲρ
2652 728 2761 782 τῶν
2815 729 3025 791 πιστῶς
3071 728 3442 799 κοιμηθέντων
3493 730 3706 798 δεήσειςς

2165 821 2320 876 Μετά
2355 821 2410 876 δὲ
2459 821 2650 876 τοῦτον
2688 821 2846 886 αὖθις
2894 824 2922 876 ὁ
2953 821 3053 891 τῆς
3101 822 3380 890 θεολογίας
3427 821 3708 890 ἐπώνυμος,

2166 913 2490 985 θεορῤήμων
2541 915 2866 983 Γρηγόριος,
2925 917 2986 968 ὲν
3033 913 3112 984 τῷ
3163 915 3245 975 εις
3303 913 3594 982 Καισάρων
3640 913 3714 965 τὸν

2168 1005 2400 1076 ἀδελφὸν
2455 1006 2731 1075 ἐπιταφίῳ
2770 1007 2938 1076 λόγῳ,
2998 1006 3260 1075 περὶτῆς
3311 1007 3446 1069 ἰδίας
3497 1004 3713 1074 μητρός’

2170 1117 2188 1151 ι
2235 1099 2533 1170 Ἠκούσθη,
2564 1101 2718 1170 φησι,
2751 1100 3020 1170 κήρυγμα
3043 1101 3222 1162 πάσης
3253 1099 3424 1168 ἀκοῆς
3451 1098 3614 1162 ἀξιον,
3638 1097 3716 1150 καὶ

2172 1186 2380 1262 μητρὸς
2441 1192 2614 1256 πάθος
2669 1192 2920 1247 κενοῦται
2950 1195 3021 1247 δι’
3052 1194 3403 1263 ὑποσχέσεως
3452 1191 3616 1259 καλῆς
3640 1191 3718 1242 καὶ

2171 1287 2326 1352 ὁσίας
2347 1303 2362 1317 ο
2395 1286 2581 1340 δοῦναι
2611 1288 2678 1340 τὰ
2711 1287 2892 1340 πάντα
2919 1287 2995 1356 τῷ
3029 1287 3182 1341 παιδὶ
3211 1287 3304 1339 τὸν
3339 1288 3550 1354 ἐκείνης
3581 1284 3719 1337 πλοῦ-

477 1392 569 1426 τον
602 1375 747 1447 ὑπὲρ
777 1379 987 1431 ἐκείνου
1020 1379 1192 1450 δῶρον
1221 1381 1498 1450 ἐντάφιον.
1531 1399 1550 1433 ι
1581 1381 1691 1434 Καὶ
1716 1379 1836 1449 μεθ’
1866 1381 2060 1451 ἕτερα·
2099 1397 2117 1430 ι
2159 1381 2241 1436 Τά
2278 1381 2380 1450 μὲν
2407 1381 2499 1436 οὖν
2531 1383 2664 1453 παρ’
2689 1382 2847 1453 ήμῶν
2880 1385 3127 1437 τοιαῦτα.
3157 1381 3270 1435 Καὶ
3316 1381 3386 1434 τὰ
3421 1381 3537 1449 μὲν,
3587 1381 3702 1432 ἀπο-

477 1471 795 1544 δεδώκαμεν
819 1491 832 1506 ·
866 1478 935 1531 τὰ
962 1478 1039 1541 δὲ,
1074 1477 1344 1547 δώσομεν,
1381 1479 1479 1542 τὰς
1520 1480 1591 1533 δι’
1623 1481 1779 1542 ἐτους
1814 1481 2223 1549 προσφέροντες
2256 1482 2424 1550 τιμάς
2458 1499 2522 1534 τε
2549 1483 2644 1534 καὶ
2685 1482 2928 1551 μνήμας.
2969 1501 2988 1534 ι

561 1565 724 1624 Vides
743 1573 1020 1638 quomodo
1055 1572 1156 1626 hoc
1184 1587 1439 1642 magnum
1465 1572 1728 1628 Ecclesia:
1757 1573 1939 1628 lumen
1985 1571 2069 1626 af-

467 1659 690 1727 ﬁrmat,
726 1664 1002 1731 Speciosas
1033 1673 1086 1718 et
1119 1661 1339 1722 sanelas
1361 1665 1666 1721 oblationes
1720 1664 2064 1734 appellando,

485 1771 605 1824 qua:
635 1757 842 1825 probis
870 1774 992 1826 qua:
1023 1757 1450 1816 obdormierunt
1480 1758 1877 1827 suscipiuntur,
1913 1772 2066 1813 eom-

485 1850 789 1920 prnbatqne
816 1851 1223 1906 anniversarias
1245 1849 1824 1906 commemorationes.
1865 1847 2071 1905 Ubiest

485 1944 816 1999 miserorum
848 1943 1131 2000 hominum
1156 1942 1362 1998 nefaria
1382 1959 1657 2015 synagoga
1685 1959 1806 2010 qua:
1833 1942 1901 1998 de
1954 1958 2070 1997 me-

482 2036 577 2090 dio
636 2037 825 2092 tollere
881 2048 1118 2092 conatur
1146 2053 1210 2094 ea
1252 2053 1374 2106 quae
1416 2038 1674 2093 doctores
1712 2049 1767 2092 et
1803 2035 2063 2092 Ecclesiae

485 2130 694 2184 lamina
727 2127 1201 2202 conscripserunt,
1233 2132 1406 2187 multo
1434 2131 1623 2187 labore
1649 2144 1702 2188 et
1721 2131 1902 2186 studio
1921 2129 2073 2185 adhi-

486 2225 599 2278 bito
624 2238 654 2278 a
684 2225 896 2280 sanctis
927 2226 1192 2294 apostolis
1223 2225 1338 2280 haec
1365 2223 1718 2294 colligendo?
1754 2221 1863 2278 Sed
1902 2221 2070 2292 prava

483 2318 960 2375 srhismaticorum
1036 2322 1400 2389 quorumdam
1467 2318 1786 2382 stultorum,
1847 2315 2069 2382 levium,

494 2409 844 2467 indoctorum
910 2422 966 2469 et
994 2413 1358 2469 obscurorum
1395 2426 1694 2484 synagoga.
1747 2409 1840 2480 qui
1876 2422 2070 2464 omnes

487 2511 709 2565 nostras
735 2508 944 2564 insulas
974 2508 1341 2563 confuderunt
1377 2517 1432 2562 et
1461 2502 2070 2577 perturbarunt,omitti

481 2605 684 2661 debere
742 2600 1297 2658 commemorationes
1350 2613 1452 2668 pro
1511 2597 1765 2653 fidelibus
1799 2595 2069 2651 defunctis

479 2698 802 2768 prmdicant,
840 2690 1160 2764 nullamque
1186 2702 1502 2750 sanctorum
1534 2692 1858 2747 memoriam
1887 2702 1951 2744 ac
1977 2704 2069 2745 sa-

479 2791 711 2856 crificia,
743 2798 1113 2845 conventusve
1136 2802 1323 2843 saeros
1352 2795 1407 2842 et
1440 2787 1559 2842 dies
1575 2785 1744 2842 festos
1776 2784 2066 2850 celebrari,

482 2893 578 2939 aut
610 2899 735 2939 cum
792 2883 896 2952 piis
927 2881 1306 2937 sacerdotibus
1371 2881 1605 2950 psallere
1641 2889 1922 2949 oportere,
1969 2879 2065 2934 sed

479 2979 718 3049 disjungi
745 2985 937 3032 mutuo
971 2985 1024 3032 et
1049 2987 1312 3044 tanquam
1338 2989 1365 3027 a
1405 2980 1724 3044 serpentum
1754 2971 1895 3028 facie
1920 2970 2068 3027 refu-

477 3085 626 3142 gere.
663 3069 770 3125 Sed
799 3069 878 3124 ad
899 3071 952 3124 id
991 3069 1235 3136 ipsorum
1271 3066 1512 3124 dedecus
1542 3075 1598 3121 et
1627 3063 2063 3120 confutationem

2261 1573 2427 1645 Ὁρᾷς
2455 1573 2571 1636 πῶς
2599 1575 2694 1627 καὶ
2722 1569 2875 1636 οὗτος
2899 1575 2927 1626 ὁ
2955 1574 3127 1642 μέγας
3151 1574 3251 1638 τῆς
3287 1570 3611 1644 Ἐκκλησίας
3634 1587 3724 1638 φω-

2177 1666 2313 1736 στὴρ
2342 1667 2570 1736 βεϐαιοῖ,
2596 1666 2691 1721 καὶ
2709 1665 2877 1729 καλὰς
2895 1667 2989 1720 καὶ
3010 1668 3163 1728 ὁσίας
3175 1666 3332 1718 καλεῖ
3363 1665 3460 1727 τάς
3493 1664 3623 1734 ὑπὲρ
3636 1663 3724 1715 τῶν

2104 1792 2144 1846 Β
2173 1759 2594 1830 κεκοιμημένων
2632 1763 3005 1830 προσαγωγὰς
3027 1775 3042 1790 °
3071 1759 3167 1811 καὶ
3192 1759 3292 1822 τὰς
3323 1757 3448 1812 κατ’
3478 1757 3589 1820 ἔτος
3619 1756 3725 1822 ἐτη-

2177 1853 2326 1915 σίους
2353 1853 2574 1922 μνήμας
2619 1854 2947 1923 συνίστησι;
2982 1852 3088 1906 ποῦ
3119 1852 3152 1924 ἡ
3193 1851 3306 1905 τῶν
3331 1850 3535 1905 ἀθλίων
3582 1849 3730 1918 μιαρά

2176 1948 2510 2016 συναγωγῆς
2539 1947 2571 2016 ή
2614 1946 2793 2000 ταῦτα
2821 1948 2885 2000 ὲκ
2921 1947 3086 2017 μέσου
3125 1946 3354 2014 ποιῆσαι
3388 1943 3726 2005 σπουδάσασα,

2172 2041 2208 2094 ἀ
2239 2040 2288 2093 οί
2319 2040 2634 2094 διδάσκαλοι
2656 2041 2750 2094 καὶ
2778 2041 3066 2109 φωστῆρες
3092 2041 3191 2111 τῆς
3227 2038 3576 2110 Ἐκκλησίας,
3599 2037 3732 2102 κόπῳ

2173 2136 2268 2188 καὶ
2303 2134 2488 2206 μόχθῳ
2534 2135 2717 2204 πολλῷ
2757 2135 3106 2205 παρέδωκαν,
3160 2135 3226 2186 ἐκ
3271 2131 3386 2186 τῶν
3437 2130 3592 2203 ἱερῶν
3617 2129 3731 2182 ἀπο-

2174 2229 2379 2282 στόλων
2426 2233 2610 2282 πάντα
2650 2225 3089 2298 παραλαϐόντες.
3129 2226 3292 2280 Ἀλλά
3340 2223 3625 2292 συναγωγή
3651 2238 3729 2274 πο-

2173 2321 2315 2392 νηρὰ
2348 2321 2748 2389 σχισματικῶν,
2782 2321 2876 2374 καὶ
2916 2319 3280 2390 παπαδαρίων
3309 2318 3478 2373 τινῶν
3519 2315 3729 2383 κούφων,

2171 2416 2558 2486 ἀγραμμάτων
2589 2418 2685 2470 καὶ
2717 2414 3038 2480 σκοτεινῶν,
3067 2413 3118 2468 οἳ
3147 2415 3332 2476 πάσας
3361 2416 3458 2474 τὰς
3485 2411 3733 2480 ἡμετέρας

2173 2513 2373 2582 νήσους
2425 2511 2688 2582 συνέχεάν
2716 2529 2775 2564 τε
2810 2511 2904 2565 καὶ
2945 2502 3323 2580 συνετάραξαν
3349 2526 3365 2541 ·
3416 2508 3730 2565 διδάσκοντες

2170 2609 2221 2661 οί
2253 2607 2513 2677 ἀμαθεῖς,
2557 2605 2630 2678 μὴ
2664 2607 2840 2660 ποιεῖν
2873 2607 3098 2676 μνήμας
3122 2605 3231 2658 τῶν
3270 2605 3331 2656 ἐν
3366 2603 3544 2658 πίστει
3572 2616 3730 2654 κεκοι·

2173 2699 2452 2769 μημένων,
2504 2698 2640 2768 μηδὲ
2672 2696 2860 2768 μνείας
2893 2696 3063 2764 ἁγίων
3085 2695 3176 2748 καὶ
3209 2693 3438 2753 τελετάς
3460 2707 3477 2723 ⁶
3512 2690 3583 2758 μὴ
3624 2704 3732 2740 συν-

2170 2791 2318 2856 άξεις
2366 2790 2520 2860 ἱεράς
2552 2805 2614 2841 τε
2675 2789 2768 2843 καὶ
2816 2785 3200 2857 πανηγύρεις·
3251 2785 3386 2854 μηδὲ
3423 2779 3729 2854 συμψάλλειν

2167 2889 2282 2950 τοῖς
2317 2883 2604 2938 εύσεϐἐσιν
2634 2881 2875 2953 ἱερεῦσιν
2898 2896 2913 2911 ·
2964 2879 3103 2934 ἀλλά
3146 2877 3436 2951 σχίζεσθαι
3463 2875 3556 2930 ἀπ’
3586 2871 3724 2938 ἀλλή-

2167 2977 2312 3031 λων*
2345 2977 2441 3030 καὶ
2491 2975 2716 3045 φεύγειν
2741 2975 2818 3036 ὡς
2857 2973 2968 3027 ἀπὸ
3016 2972 3219 3042 ὄφεως.
3259 2970 3357 3033 Εἰς
3399 2967 3650 3040 αἰσχύνην
3683 2961 3729 3015 δὲ

2169 3071 2264 3124 καὶ
2308 3068 2625 3139 ἀνατροπὴν
2661 3067 2865 3134 αὐτῶν,
2928 3067 3024 3122 καὶ
3051 3068 3080 3120 δ
3129 3065 3538 3136 χρυσορῤήμων
3587 3060 3730 3116 ὅντως

480 3180 540 3217 re
565 3175 618 3218 et
659 3163 988 3232 cognomine
1031 3175 1233 3214 aureus
1270 3154 1512 3214 Joannes
1549 3157 1794 3220 accedat,
1833 3170 2064 3225 pauper-

2173 3164 2270 3216 καὶ
2323 3134 2760 3232 χρυσεπιὶινυμος
2801 3161 3057 3229 Ἰωάννης
3115 3134 3332 3226 παρίτω
3357 3173 3373 3189 ο
3409 3158 3437 3209 ὁ
3473 3155 3568 3224 τῆς
3606 3148 3731 3219 φιλο·

480 3256 612 3310 tatis
641 3263 854 3309 amator
871 3263 924 3308 et
947 3251 1285 3322 poenitentiae
1320 3249 1435 3307 dux
1476 3264 1539 3304 ac
1568 3249 1843 3318 magister,
1887 3247 1981 3318 qui
2010 3247 2064 3302 in

480 3346 824 3416 expoSitione
861 3361 956 3402 sua
993 3345 1176 3399 divina
1228 3344 1292 3399 ad
1329 3343 1708 3413 Philippenses
1764 3353 1818 3397 et
1845 3342 2067 3398 Galatas

483 3443 563 3497 sic
597 3441 778 3510 inquit
806 3457 820 3493 :
854 3459 872 3493 ι
907 3439 963 3494 Si
1003 3439 1147 3493 enim
1177 3436 1348 3494 Graeci
1388 3453 1492 3491 una
1526 3451 1649 3492 cum
1690 3436 1919 3491 mortuis
1945 3450 2063 3491 cre-

486 3543 633 3588 mant
669 3548 790 3604 quae
824 3547 923 3590 sua
955 3531 1202 3598 fuerunt,
1240 3539 1445 3604 quanto
1469 3531 1644 3602 magis
1664 3530 1874 3587 fidelem
1899 3543 2065 3602 Oper-

480 3637 555 3683 tet
609 3643 716 3683 una
772 3644 894 3683 cum
955 3627 1102 3682 fideli
1154 3642 1252 3683 sua
1309 3627 1687 3683 consociare?
1731 3624 1849 3682 Non
1913 3634 1972 3680 ut
2000 3641 2066 3682 ea

477 3723 942 3792 quemadmodum
1007 3725 1109 3778 ista
1147 3721 1200 3776 in
1239 3721 1481 3778 cinerem
1513 3730 1932 3786 convertantur,
1969 3721 2064 3776 sed

475 3823 537 3870 ut
587 3816 792 3884 majore
818 3814 991 3885 gloria
1028 3813 1279 3868 cumules
1319 3813 1497 3868 illum.
1530 3811 1596 3868 Et
1649 3811 1697 3867 si
1740 3810 1903 3866 fuerit
1940 3824 2066 3881 prc-

475 3918 629 3964 cator
660 3905 982 3975 defunctus,
1016 3919 1077 3964 ut
1102 3922 1227 3963 eum
1264 3907 1446 3962 solvas
1489 3921 1517 3962 a
1551 3905 1826 3976 peccatis;
1851 3904 1936 3960 sin
1974 3905 2067 3972 ju-

477 4012 618 4067 stus,
656 4003 1171 4056 utndditamentum
1212 4000 1306 4054 fiet
1361 4000 1629 4055 mercedis
1657 4008 1710 4052 et
1744 3998 2065 4053 retributio-

477 4096 583 4148 nis.
618 4109 637 4143 ι
673 4091 738 4146 Et
780 4093 834 4145 in
873 4093 981 4145 alio
1006 4105 1262 4146 sermone
1294 4106 1306 4142 :
1349 4107 1367 4140 ι
1425 4090 1628 4145 lterum
1661 4090 2062 4157 cxcogitemus,

478 4183 677 4253 inquit,
721 4183 999 4252 quomodo
1034 4181 1266 4235 mortuis
1294 4181 1593 4250 prosimus,
1629 4190 1953 4251 praesternas
1978 4180 2064 4235 his

478 4277 742 4331 auxilium
769 4274 916 4345 quod
951 4275 1218 4340 valemus,
1246 4273 1626 4344 eleemosynas
1657 4273 1782 4328 dico
1820 4281 1877 4327 et
1911 4271 2067 4327 obla-

478 4372 698 4436 tiones;
733 4383 853 4439 quae
885 4367 1105 4439 quidem
1155 4383 1242 4423 res
1294 4367 1429 4436 ipsis
1461 4367 1771 4431 utilitatem,
1805 4379 2062 4438 magnum

2175 3257 2455 3324 πτωχείας
2487 3255 2581 3308 καὶ
2605 3255 2704 3324 τῆς
2741 3253 3036 3323 μετανοίας
3066 3250 3264 3322 ὁδηγὸς
3290 3250 3389 3304 καὶ
3408 3243 3726 3302 διδάσκαλος

2172 3351 2254 3413 ὃς,
2303 3351 2361 3402 ἒν
2395 3351 2461 3418 τῇ
2499 3348 2636 3418 πρὸς
2685 3346 3087 3416 Φιλιππησίους
3122 3342 3308 3398 ,αὐτοῦ
3365 3342 3460 3395 καὶ
3518 3335 3735 3394 Γαλάτας

2175 3442 2470 3511 θεοφεγγεῖ
2512 3438 2806 3510 ἑρμηνείᾳ,
2837 3437 2981 3492 οὕτω
3011 3439 3209 3507 φησίν·
3256 3455 3276 3489 ι
3315 3435 3385 3490 Εἰ
3431 3434 3539 3504 γὰρ
3563 3427 3734 3496 Ἕλλη-

2173 3551 2261 3600 νες
2297 3533 2772 3605 συγκατακαίουςι
2815 3533 2931 3598 τοῖς
2961 3527 3258 3589 ἀπελθοῦσι
3287 3532 3357 3586 τὰ
3396 3530 3529 3600 παρ’
3561 3522 3734 3583 αὐτῶν.

2173 3629 2326 3696 πόσῳ
2357 3643 2423 3694 γε
2452 3627 2651 3697 μᾶλλον
2704 3624 2800 3678 τὸν
2839 3625 3031 3678 πιστὸν
3073 3622 3545 3693 συςλπαραμεῖψαι
3571 3619 3644 3674 δεῖ
3673 3613 3736 3684 τῷ

2173 3720 2351 3789 πιστῷ
2399 3721 2469 3772 τὰ
2509 3720 2687 3772 οίκεῖα
2723 3737 2736 3785 ;
2786 3720 2884 3789 οὐχ
2917 3719 3006 3773 ἵνα
3032 3719 3211 3787 τέφρα
3262 3718 3535 3781 γειωνται
3579 3710 3736 3769 καθὼς

2172 3813 2360 3865 ἐκεῖνα
2393 3811 2488 3864 καὶ
2519 3810 2717 3875 ταῦτα,
2757 3810 2872 3863 ἀλλ’
2908 3811 2993 3863 ῐνα
3025 3809 3248 3878 μείζονα
3263 3810 3446 3880 τούτῳ
3467 3803 3734 3876 περιϐάλῃς

2172 3907 2270 3974 τὴν
2298 3904 2461 3970 δόξαν
2487 3920 2504 3936 θ
2539 3904 2636 3957 καὶ
2664 3904 2711 3955 εἰ
2744 3903 2844 3972 μὲν
2872 3900 3200 3972 ἀμαρτωλδς
3223 3903 3249 3956 ὀ
3275 3900 3558 3970 τεθνηκὼς
3587 3895 3639 3970 ᾖ,
3667 3896 3733 3948 ενα

2171 3999 2242 4052 τὸ.
2273 3999 2656 4069 ἁμαρτήματα
2684 3996 2856 4068 λύσῃς
2881 4012 2897 4027 ο
2927 3997 2974 4048 εί
3000 3995 3056 4048 δὲ
3085 3993 3317 4057 δίκαιος.
3355 3997 3444 4050 ἵνα
3475 3990 3731 4062 προσθήκη

2172 4091 2400 4159 γένηται
2447 4090 2596 4160 αὐτῷ
2644 4090 2838 4160 μισθοῦ
2871 4091 2965 4143 καὶ
3001 4090 3347 4154 ἀντιδόσεως.
3386 4111 3404 4143 ι
3445 4090 3549 4144 Καὶ
3597 4084 3735 4140 πάλιν

2174 4183 2232 4234 ὲν
2267 4181 2442 4250 ἑτέρῳ
2475 4182 2805 4250 λόγῳαύτοῧ
2828 4199 2843 4214 ·
2891 4201 2912 4235 ι
2963 4183 3415 4254 Ἐπινοήσωμεν,
3461 4181 3610 4255 φησὶ,
3641 4177 3733 4237 τοῖς

2173 4272 2508 4327 ἀπελθοῦσιν
2539 4274 2815 4345 ὠφέλειαν
2837 4291 2854 4306 ⁸
2885 4275 3069 4346 δῶμεν
3095 4277 3280 4339 αὐτοῖς
3320 4277 3424 4347 τὴν
3457 4271 3748 4347 προσοῦσαν

2175 4365 2433 4437 βοήθειαν
2456 4383 2471 4398 ο
2532 4366 2908 4438 ἐλεημοσύνας
2941 4368 3085 4438 λέγω
3137 4370 3232 4423 καὶ
3279 4367 3629 4439 προσφοράς·
3656 4359 3733 4414 καὶ

479 4465 692 4518 lucrum
714 4473 768 4518 et
801 4460 1152 4518 commodum
1182 4461 1362 4515 affert.
1403 4479 1421 4511 ι
1463 4456 1579 4514 Νοη
1614 4459 1759 4513 enim
1789 4468 1992 4515 temere
2011 4468 2064 4514 et

2173 4465 2331 4535 φέρει
2363 4463 2579 4526 τούτοις
2612 4463 2747 4517 πολὺ
2774 4463 2834 4516 τὸ
2857 4465 3093 4536 πρᾶγμα
3123 4464 3222 4535 τὴν
3251 4463 3463 4533 ὄνησιν,
3494 4462 3583 4516 καὶ⁸
3611 4455 3730 4529 μάλα

477 4557 703 4611 fortuito
733 4555 847 4610 haec
880 4554 1132 4610 instituta
1168 4562 1319 4615 sunt,
1371 4559 1424 4607 et
1472 4551 1566 4606 Dei
1602 4550 1856 4607 Ecclesiae
1888 4569 1918 4606 a
1950 4552 2064 4607 suis

475 4647 902 4719 sapientissimis
937 4645 1226 4715 discipulis
1258 4659 1354 4714 per
1384 4660 1579 4701 manus
1611 4645 1832 4712 tradita,
1885 4656 1945 4701 ut
1979 4663 2067 4704 sa-

475 4742 670 4796 cerdos
699 4742 749 4796 in
775 4739 1078 4796 tremendis
1117 4738 1397 4808 mysteriis
1427 4751 1526 4808 pro
1554 4738 1806 4794 lidelibus
1833 4741 2064 4796 mortuis

479 4844 668 4901 preces
708 4831 984 4899 cil‘undat;
1051 4846 1179 4886 nam
1259 4833 1397 4885 bene
1451 4830 1586 4900 ipsis
1645 4830 1922 4900 cognitum
1962 4839 2066 4898 est,

477 4941 737 4998 magnum
783 4926 909 4980 inde
970 4926 1183 4981 lucrum
1239 4935 1294 4978 et
1325 4924 1680 4979 commodum
1736 4924 2066 4994 comparari.

473 5020 650 5076 Audis
678 5032 907 5074 aureum
949 5019 1132 5072 animo
1167 5025 1220 5070 et
1269 5015 1474 5084 lingua,
1503 5017 1688 5072 divum
1721 5015 1843 5072 dico
1892 5013 2063 5070 Joan-

475 5127 623 5178 nem,
667 5130 686 5164 ι
725 5108 884 5178 Quod
932 5110 976 5164 si
1007 5107 1152 5176 impii
1212 5124 1308 5177 pro
1354 5108 1536 5177 impiis
1579 5109 1810 5172 laciunt,
1855 5116 2064 5178 quanto

476 5207 650 5276 magis
667 5221 767 5260 nos
787 5203 974 5258 tidelcs
1000 5217 1097 5271 pro
1125 5201 1380 5256 fidelibus
1407 5202 1621 5258 ellicere
1642 5199 2057 5272 debemus(ll?n

478 5298 593 5352 «Non
630 5299 694 5351 ad
720 5297 1081 5369 perditionem
1119 5295 1231 5349 haec
1254 5295 1416 5350 veluti
1455 5295 1566 5361 illa,
1597 5295 1691 5350 sed
1722 5295 2062 5366 utmajorem

482 5399 697 5445 mortuo
751 5390 980 5458 gloriam
1026 5388 1406 5452 conciliemus,
1453 5404 1518 5442 ac
1582 5389 1627 5442 si
1678 5399 1933 5458 peccator
1960 5398 2064 5455 est,

476 5481 596 5547 ejus
624 5492 842 5546 peccata
865 5495 1186 5551 purgamus,
1226 5490 1276 5534 et
1303 5496 1332 5534 a
1370 5480 1609 5536 vinculis
1643 5481 1933 5548 solvimus,
1959 5491 2011 5534 et
2039 5497 2070 5536 ο

483 5573 724 5626 tenebris
758 5574 1063 5634 educimus,
1087 5589 1115 5627 a
1143 5574 1292 5629 luctu
1322 5583 1377 5629 et
1405 5590 1451 5644 gi
1472 5575 1606 5630 m'tu
1635 5575 1832 5630 inferni
1852 5575 2072 5630 redimi-

482 5679 630 5718 mus.
683 5665 738 5719 Si
778 5679 904 5720 vero
931 5668 1138 5735 justus,
1168 5685 1420 5723 noueum
1451 5685 1477 5722 a
1507 5669 1740 5723 vinculis
1777 5667 2068 5732 solvimus,

481 5774 581 5814 nec
601 5758 717 5829 ejus
735 5770 952 5829 peccata
972 5777 1293 5832 purgamus,
1318 5761 1410 5817 sed
1434 5762 1617 5831 glorize
1635 5763 2068 5817 additamentum

555 5872 637 5946 ιι)
661 5871 781 5931 11.υο
810 5885 1028 5946 sumpta
1062 5892 1127 5933 ex
1167 5878 1204 5934 l.
1240 5893 1352 5946 \‘ltl,
1381 5894 1430 5933 ρ.
1455 5880 1511 5943 4,
1543 5878 1730 5948 Apost.
1767 5878 1960 5936 Const.

2169 4557 2231 4610 τὸ
2263 4555 2455 4628 κέρδος
2507 4556 2603 4609 καὶ
2658 4554 2755 4626 τὴν
2786 4554 3094 4624 ὠφέλειαν·
3139 4558 3200 4610 ού
3229 4556 3342 4628 γάρ
3389 4556 3514 4627 είκῇ
3559 4551 3646 4606 καὶ
3671 4547 3731 4608 ὡς

2171 4648 2330 4718 ἔτυχε
2363 4646 2534 4701 ταῦτα
2582 4646 3030 4719 νενομοθέτηται,
3065 4650 3161 4702 καὶ
3200 4651 3265 4720 τῇ
3313 4648 3410 4702 τού
3458 4646 3586 4701 Θεού
3625 4642 3728 4696 Ἐκ-

2171 4740 2378 4811 alneis}
2426 4738 2531 4791 ύπὺ
2576 4738 2686 4790 τῶν
2726 4739 2895 4792 αὐτοῦ
2954 4739 3252 4809 πανσὸφων
3289 4739 3546 4810 μαθητῶν
3576 4748 3727 4802 παρα·

2171 4833 2383 4887 δέδοται
2413 4848 2425 4863 ⁸
2475 4834 2622 4903 φημὶ
2669 4833 2733 4904 δὴ
2763 4833 2824 4885 τὺ
2857 4833 2951 4886 ἐπὶ
2996 4833 3107 4886 τῶν
3154 4833 3397 4903 φρικτῶν
3449 4827 3730 4903 μυστηρίων

2179 4926 2345 4995 εὐχάς
2380 4927 2652 4981 ποιεῖσθαι
2699 4926 2789 4979 τδν
2822 4925 2998 4995 ἱερέα,
3041 4925 3184 4998 ὑπὲρ
3215 4925 3320 4979 τῶν
3355 4927 3414 4979 ὲν
3458 4925 3624 4978 πίστει
3657 4931 3728 4970 κε-

2179 5020 2573 5090 κοιμημένων·
2632 5019 2781 5073 ῐσασι
2813 5018 2860 5072 δ’
2915 5020 3126 5084 αὐτοῖς,
3177 5017 3314 5072 πολὺ
3347 5018 3409 5071 τὸ
3456 5016 3632 5085 κέρδος
3674 5011 3726 5061 ἐκ

2179 5113 2372 5170 τούτου
2421 5115 2516 5166 καὶ
2561 5111 2765 5184 πολλὴν
2817 5110 2917 5183 τὴν
2961 5110 3253 5180 ὠφέλειαν.
3298 5130 3316 5163 ι
3368 5109 3600 5172 Ἀκούεις
3647 5100 3724 5156 τοῦ

2179 5206 2400 5276 Χρυσοῦ
2457 5204 2557 5274 τὴν
2617 5203 2799 5275 ψυχὴν
2855 5205 2952 5256 καὶ
3001 5203 3100 5275 τὴν
3144 5202 3416 5272 γλῶτταν,
3467 5201 3556 5256 τοῦ
3603 5198 3722 5250 θείου

2182 5298 2328 5367 φημὶ
2369 5296 2644 5362 Ἰωάννου,
2679 5297 2763 5351 ὅτι
2807 5297 2855 5350 εἰ
2887 5296 2988 5366 μὲν
3036 5297 3086 5350 οί
3114 5298 3332 5361 ἀσεϐεῖς
3367 5297 3505 5366 ὑπὲρ
3542 5288 3721 5346 ἀσεϐῶν

2179 5392 2420 5455 ποιοῦσι,
2457 5390 2608 5457 πόσῳ
2637 5407 2698 5458 γε
2744 5389 2949 5459 μᾶλλον
2977 5390 3138 5460 ἡμεῖς
3165 5391 3214 5444 οί
3248 5391 3447 5454 πιστοὶ,
3481 5389 3606 5456 ὑπὲρ
3631 5381 3716 5435 τῶν

2179 5487 2391 5536 πιστῶν
2431 5484 2607 5536 ποιεῖν
2636 5481 2924 5550 ὀφείλομεν
2948 5497 2966 5550 ;
2995 5483 3088 5534 καὶ
3117 5482 3214 5552 οὐχ
3244 5483 3324 5536 ὅτι
3371 5485 3449 5543 εἰς
3480 5480 3727 5534 ἀπώλειαν·

2178 5577 2353 5630 ταῦτα
2387 5575 2577 5644 ῶσπερ
2613 5576 2817 5640 ἐκεῖνα,
2863 5574 2980 5627 ἀλλ’
3009 5575 3091 5628 ὅτι
3137 5574 3314 5643 μείζω
3343 5575 3496 5642 δόξαν
3526 5563 3714 5640 προστί-

2181 5673 2348 5739 θεμεν
2413 5668 2492 5738 τῷ
2550 5670 2974 5738 κεκοιμημὲνῳ·
3033 5669 3128 5722 καὶ
3177 5670 3228 5720 εἰ
3282 5670 3380 5736 μὲν
3435 5655 3712 5738 ἀμαρτωλάς

2181 5764 2318 5828 ἐστι,
2354 5761 2696 5833 καθαίρομεν
2735 5760 2901 5817 αὐτοῦ
2937 5762 3005 5816 τὰ
3060 5762 3435 5834 ἁμαρτήματα
3487 5759 3572 5813 καὶ
3610 5749 3708 5803 λύο-
