4004 6400
203 337 334 404 liii

907 336 1054 397 PRO
1079 335 1292 398 CONC.
1327 335 1700 398 FLORENT.
1742 339 1898 400 CAP.
1954 339 2068 399 ΙΙΙ.
2109 340 2205 402 DE
2241 340 2760 404 PURGATORIO.

3331 349 3478 414 l2l2‘

204 480 306 530 μεν
335 457 495 511 αὐτὸν
523 455 616 510 τοῦ
664 455 902 524 δεσμοῦ·
933 455 1028 508 καὶ
1069 455 1345 525 ἀνάγομεν
1397 457 1462 510 ἐκ
1506 456 1602 511 τοῦ
1651 455 1770 510 σκό‹

1886 456 2236 519 adhibemus.
2266 466 2321 513 et
2359 458 2436 512 illi
2468 473 2662 529 magna
2687 458 2978 513 commoda
3011 467 3064 513 et
3107 461 3463 517 ulililatcsal—

198 571 362 616 τους·
393 552 486 605 καὶ
534 549 644 602 τῶν
688 548 944 618 δακρύων
989 549 1086 602 καὶ
1141 550 1462 621 στεναγμῶν
1508 551 1602 604 τοῦ
1648 549 1778 621 ᾅδου

200 645 523 714 λυτροῦμεν.
559 644 620 696 Εἰ
655 641 713 694 δὲ
759 641 988 707 δίκαιος,
1019 642 1078 695 ού
1129 642 1437 712 λυτροῦμεν
1488 643 1652 697 αὑτὸν
1681 640 1780 695 τοῦ

201 735 448 803 σκότους,
477 739 592 792 οὐδ’
643 737 955 807 ἀπολύομεν
987 739 1094 792 τῶν
1141 737 1380 806 δεσμῶν,
1411 738 1529 792 οὐδὲ
1581 738 1780 793 καθαί-

208 849 370 901 ρομεν
397 830 565 884 αὐτοῦ
587 830 657 884 τά
681 831 1080 901 ἁμαρτήματα,
1109 830 1249 884 ἀλλὰ
1276 830 1598 901 προσθήκην
1623 831 1781 900 δόξης

206 918 352 989 αὐτῷ
386 920 776 990 περιτίθεμεν⁸
812 919 907 973 καὶ
938 921 1020 973 ὅτι
1070 921 1320 992 μεγάλην
1353 921 1540 986 αὐτοῖς
1583 923 1780 992 προξε-

204 1013 400 1081 νοῦμεν
429 1014 618 1082 ὄνησιν
649 1014 741 1065 καὶ
783 1012 1076 1080 ὠφέλειαν.
1105 1013 1215 1068 Ποῦ
1263 1015 1402 1068 εἶσιν
1431 1016 1480 1068 οε
1530 1014 1780 1083 λέγοντες

207 1105 286 1174 μὴ
311 1100 450 1158 εἶναι
485 1105 755 1175 κάθαρσιν
783 1104 971 1174 ψυχῶν
1000 1106 1140 1173 μετὰ
1170 1107 1400 1160 θάνατον
1417 1124 1434 1173 ;
1476 1105 1608 1160 Ἰδοὺ
1634 1107 1782 1176 Χρυ-

205 1199 468 1268 σόστομος
498 1199 719 1267 φάσκει,
743 1198 844 1252 οὐκ
880 1199 1099 1269 ἔχουσιν
1129 1201 1429 1255 ἀντειπεῖν.
1475 1201 1636 1255 Ἀλλὰ
1670 1204 1775 1257 καὶ

201 1290 233 1342 ὁ
274 1291 544 1358 πάνσοφος
600 1285 758 1354 αὖθις
823 1291 1122 1344 Νυσσαέων
1185 1292 1511 1362 Γρηγόριος,
1565 1293 1779 1355 τούτοις

202 1384 368 1435 οἱονεὶ
421 1384 734 1453 μαχόμενός
790 1401 1006 1454 φησιν’
1063 1385 1233 1441 Οὐδὲν
1285 1387 1592 1455 ἀλογίστως
1655 1389 1779 1442 οὐδὲ

201 1476 469 1545 ἀκερδῶς,
497 1476 601 1530 ὑπὸ
636 1477 744 1529 τῶν
772 1477 866 1530 τοῦ
897 1477 1141 1548 Χριστοῦ
1187 1480 1448 1548 κηρύκων
1480 1481 1576 1534 καὶ
1600 1481 1779 1550 μαθη-

201 1569 313 1622 τῶν
361 1569 760 1640 παραδέδοται⁹
789 1571 925 1624 ἀλλὰ
973 1573 1034 1624 τὸ
1073 1573 1311 1642 πρᾶγμα
1360 1574 1577 1635 πάντως
1629 1575 1778 1628 ἐπω-

199 1661 357 1726 φελὲς
407 1664 503 1715 καὶ
555 1661 889 1732 θεάρεστον·
925 1663 986 1716 τὸ
1033 1665 1257 1734 μνήμην
1299 1665 1546 1737 δηλονότι
1603 1669 1778 1719 ποιεῖν

198 1756 292 1805 ἐπὶ
323 1755 420 1821 τῆς
467 1753 619 1816 θείας
650 1755 744 1807 καὶ
781 1757 1076 1826 παμφαοῦς
1128 1759 1547 1828 μυσταγωγίας,
1579 1758 1687 1813 τῶν
1719 1761 1779 1812 ιν

195 1848 330 1916 ὀρθῇ
382 1847 562 1900 πίστει
614 1850 1062 1920 κεκοιμημένων.
1123 1833 1371 1916 Ἀκούεις
1415 1853 1511 1907 καὶ
1560 1853 1775 1919 τούτου,

195 1941 279 1991 ὅτι
299 1940 444 1992 οὐδὲν
467 1942 662 2008 ποιεῖὴ
699 1940 997 2010 Ἐκκλησία
1015 1942 1188 2012 χωρὶς
1204 1943 1364 2010 λόγου
1397 1962 1411 2011 ;
1436 1945 1569 1999 άλλά
1596 1945 1776 2000 πάντα

195 2031 338 2094 μετὰ
380 2029 564 2096 λόγου,
615 2031 711 2084 καὶ
755 2031 866 2084 ἀπὸ
900 2033 1257 2102 παραδόσεω;
1290 2034 1396 2087 τῶν
1433 2035 1596 2104 ἱερῶν
1645 2036 1780 2089 ἀπο-

193 2122 397 2175 στόλων
423 2137 437 2152 ·
469 2123 562 2176 καὶ
584 2124 646 2176 τὸ
672 2126 846 2176 ποιεῖν
882 2126 1076 2191 μνείαν
1103 2128 1161 2179 ὲν
1189 2129 1311 2189 ταῖς
1350 2127 1774 2196 ίεροτελεστίαις

195 2215 334 2284 ὑπὲρ
374 2215 483 2266 τῶν
509 2214 714 2278 πιστῶς
741 2218 1140 2286 κοιμηθέντων,
1166 2218 1287 2271 λίαν
1317 2219 1464 2273 ἐστὶν
1493 2221 1775 2290 ἐπωφελὲς

194 2308 286 2360 καὶ
312 2307 390 2376 τῷ
427 2307 546 2376 Θεῷ
578 2308 812 2374 ἀρεστόν
833 2325 845 2339 ·
885 2309 1032 2362 θέλει
1061 2310 1168 2380 γὰρ
1202 2312 1420 2364 πάντων
1449 2313 1551 2382 τὴν
1593 2329 1772 2380 σωτη-

196 2400 318 2466 ρίαν
347 2398 376 2451 ό
413 2398 710 2468 φιλόψυχος
761 2400 855 2452 καὶ
890 2401 1192 2469 φιλάγαθος
1232 2405 1326 2455 καὶ
1363 2406 1776 2473 πανοικτίρμων

189 2490 341 2553 θεός.
373 2491 446 2544 Τδ
469 2491 578 2562 γὰρ
607 2493 782 2545 εἰπεῖν
813 2494 902 2544 τὸν
950 2495 1260 2562 προφήτην,
1294 2497 1407 2559 ὅτι,
1446 2497 1518 2549 Σὺ
1561 2493 1773 2548 άποδώο

193 2600 304 2644 σεις
338 2584 554 2654 ἑκάστῳ
587 2584 729 2636 κατὰ
757 2584 825 2636 τά
857 2585 993 2653 ἔργα
1025 2584 1191 2639 αὑτοῦ
1221 2601 1233 2614 ⁸
1265 2587 1382 2650 καὶ,
1411 2586 1630 2658 Θερίσει
1663 2589 1773 2651 πᾶς

189 2694 276 2738 τις
318 2676 345 2729 ὃ
390 2678 648 2749 ἔσπειρε·
687 2679 780 2731 καὶ
809 2678 874 2731 τὰ
920 2681 1128 2733 τούτων
1163 2680 1458 2744 ἀκόλουθα,
1514 2681 1776 2752 περὶτῆς

191 2771 493 2841 παρουσίας
511 2771 732 2835 πάντως
755 2771 848 2825 τοῦ
872 2773 1115 2837 κτίστου,
1145 2775 1240 2827 καὶ
1264 2774 1360 2842 τῆς
1383 2773 1507 2826 τότε
1533 2773 1774 2842 φρικτῆς

191 2861 521 2927 ἀποφάσεως
546 2863 789 2932 εἴρηται,
819 2865 910 2916 καὶ
941 2864 1042 2932 τῆς
1082 2865 1176 2918 τοῦ
1207 2865 1414 2934 κόσμου
1444 2865 1600 2919 τοῦδε
1636 2884 1774 2937 συμ-

190 2950 579 3022 περατώσεως.
611 2953 747 3009 Τότε
779 2955 888 3025 γὰρ
921 2956 1059 3018 ὅλως
1091 2956 1346 3026 βοηθείας
1367 2959 1468 3012 οὐκ
1495 2958 1613 3012 ἔστι
1651 2976 1776 3014 και-

191 3046 287 3114 ρός
311 3061 324 3074 ο
362 3045 500 3098 ἀλλὰ
532 3047 684 3100 πάσα
737 3048 1084 3116 παράκλησις
1114 3048 1420 3118 ἄπρακτος.
1449 3049 1566 3118 Τῆς
1594 3067 1774 3121 πανη-

1886 549 2134 605 ferimus.
2173 549 2273 606 Ubi
2310 559 2440 605 sunt
2469 552 2562 618 qui
2597 554 2899 605 animarum
2926 561 3049 619 post
3081 565 3309 608 mortem
3338 572 3464 623 pur-

1884 641 2158 710 gationem
2185 658 2293 696 non
2322 643 2551 697 inveniri
2585 645 2776 699 dicunt
2806 645 2829 698 ?
2865 646 3006 701 Ecce
3039 647 3466 718 Chrysostowus

1883 731 2036 795 dicit,
2081 748 2179 786 nec
2221 743 2401 802 potest
2435 735 2484 788 ei
2505 736 2846 798 fcontradici.
2885 735 2990 790 Sed
3023 739 3463 807 sapientissimus
3514 750 3524 818 ξ

1884 823 2083 879 iterum
2119 825 2465 898 Nyssaeorum
2491 828 2800 898 episcopus,
2830 829 2994 883 veluti
3026 845 3151 884 cum
3175 832 3259 886 his
3283 834 3478 890 verbis-

1884 915 2172 973 decertans
2230 919 2356 976 ait;
2417 937 2436 970 ι
2474 919 2620 974 Nihil
2671 921 2982 978 inconsulto
3038 940 3215 992 neque
3253 925 3466 996 absque

1883 1009 2256 1066 emolumento
2282 1026 2312 1065 a
2341 1011 2544 1066 Christi
2585 1015 2930 1082 praeconibus
2955 1024 3012 1072 et
3041 1017 3328 1087 discipulis
3355 1029 3466 1075 tra-

1883 1101 2056 1155 ditum
2087 1109 2192 1167 est,
2225 1102 2319 1158 sed
2346 1119 2432 1158 res
2453 1105 2610 1172 plena
2639 1105 2890 1163 utilitatis
2913 1116 2998 1163 est
3041 1109 3260 1180 Deoque
3299 1125 3460 1166 acce-

1882 1203 1994 1262 pta,
2023 1211 2042 1244 ι
2073 1195 2531 1252 commemoratio
2576 1197 2833 1254 videlicet
2859 1215 2981 1268 qua:
3029 1201 3262 1258 habetur
3293 1205 3345 1258 in
3377 1205 3462 1259 di-

1881 1286 2010 1341 vino
2043 1296 2098 1341 et
2120 1288 2432 1344 admirabili
2467 1290 2745 1346 sacriﬁcio
2785 1308 2884 1361 pro
2920 1293 3004 1348 his
3028 1295 3119 1363 qui
3145 1295 3197 1349 in
3229 1295 3332 1351 ﬁde
3355 1296 3461 1352 ob-

1883 1376 2248 1436 dormierunt.
2289 1379 2464 1436 Audis
2500 1379 2716 1436 Patrem
2743 1384 2906 1447 hunc,
2923 1384 3068 1454 quod
3107 1384 3241 1440 nihil
3273 1386 3462 1440 incon-

1883 1471 2049 1535 sulto,
2075 1471 2170 1527 sed
2204 1474 2353 1527 omni
2394 1489 2517 1528 cum
2555 1476 3036 1531 animadversione
3083 1487 3139 1532 et
3175 1492 3240 1533 ex
3289 1479 3462 1533 tradi-

1883 1563 2033 1618 tione
2058 1574 2375 1619 sanctorum
2403 1567 2773 1638 apostolorum
2795 1569 2904 1638 agit
2924 1569 3187 1637 Ecclesia,
3206 1570 3462 1640 quodque

1885 1657 1938 1710 in
1974 1657 2182 1714 divinis
2212 1657 2410 1714 oﬁiciis
2439 1661 2506 1714 de
2538 1660 2788 1716 ﬁdelibus
2816 1662 3462 1718 mortuiscommemora-

1883 1749 2082 1804 tionem
2106 1749 2285 1805 facere
2308 1761 2391 1808 est
2427 1753 2557 1808 utile
2607 1754 2897 1808 admodum
2931 1770 2996 1810 ac
3053 1755 3163 1811 Deo
3191 1767 3404 1825 gratum
3436 1758 3462 1811 ?

1813 1811 1850 1865 Β
1882 1840 2010 1896 Vult
2037 1843 2448 1898 enimomnium
2481 1845 2713 1900 salutem
2747 1849 3148 1914 animarum,et
3190 1848 3462 1904 bonorum

1881 1944 2096 1990 amator
2132 1945 2186 1988 et
2215 1937 2448 1991 dilector
2480 1947 2536 1993 et
2574 1939 2890 1996 misericors
2924 1939 3090 1995 Deus.
3136 1940 3273 1996 Nam
3311 1941 3461 2010 quod

1881 2026 2012 2080 dicit
2040 2026 2331 2094 propheta,
2365 2028 2513 2098 quod
2582 2029 2880 2099 unicuique
2931 2032 3119 2086 reddet
3155 2033 3458 2090 secundum

1878 2131 2043 2184 opera
2074 2117 2216 2184 ejus,
2252 2127 2306 2173 et
2371 2126 2536 2172 metet
2587 2119 2818 2188 quisque
2864 2119 3008 2188 quod
3069 2121 3378 2183 seminavit,
3408 2131 3465 2172 et

1877 2224 1998 2279 qua:
2019 2220 2345 2278 sequuntur,
2395 2212 2461 2265 de
2501 2210 2737 2265 adventu
2770 2213 2995 2266 omnino
3016 2211 3354 2275 Conditoris,
3403 2221 3461 2264 et

1877 2301 1945 2356 de
1979 2315 2043 2356 eo
2096 2303 2381 2357 tremendo
2415 2302 2626 2370 judicio
2689 2303 2896 2358 dictum
2957 2315 3061 2370 est,
3092 2314 3147 2358 ct
3177 2304 3247 2358 de
3295 2303 3460 2373 hujus

1876 2393 2064 2447 nmndi
2097 2395 2594 2460 consummatione,
2633 2396 2758 2464 quia
2819 2406 2952 2450 tunc
2994 2396 3182 2450 auxilii
3236 2407 3457 2463 tempus

1876 2485 2158 2555 praeteriit,
2193 2495 2247 2539 et
2286 2487 2464 2541 omnis
2485 2487 2771 2542 advocatio
2793 2488 3040 2554 inutilis;
3071 2504 3195 2542 nam
3226 2487 3457 2550 diruisse

1875 2588 2154 2634 conventu
2207 2579 2418 2633 tollitur
2473 2580 2864 2648 negotiationis
2905 2581 3318 2646 commercium,
3350 2592 3456 2648 Ubi

1877 2681 2009 2726 tunc
2040 2671 2347 2741 pauperes?
2376 2671 2472 2730 ubi
2498 2671 2815 2733 sacriﬁcia?
2851 2673 2941 2735 ubi
2973 2680 3332 2750 psalmodizn?
3361 2684 3456 2738 ubi

1878 2762 2021 2820 bona
2036 2759 2212 2836 'opera
2239 2761 2263 2819 ’ί
2295 2766 2508 2822 Idcirco
2538 2776 2664 2823 ante
2713 2769 2842 2824 illud
2891 2780 3107 2841 tempus
3141 2782 3330 2828 mutuo
3361 2791 3459 2831 no-

1877 2857 1960 2915 bis
1995 2859 2349 2928 opitulentur.
2389 2868 2443 2914 et
2475 2857 2692 2914 Christo
2726 2860 2855 2926 Deo,
2888 2860 3142 2926 fratrum,
3169 2863 3454 2918 hominum

1873 2960 1930 3007 et
1965 2953 2274 3008 animarum
2317 2954 2573 3018 amatori,
2620 2953 2877 3010 fraternte
2941 2957 3227 3013 charitatis
3277 2959 3454 3014 ollicia

1876 3059 2198 3117 praestemus
2237 3063 2252 3112 ;
2289 3062 2412 3100 nam
2448 3047 2682 3103 libenter
2753 3049 3044 3103 admodum
3089 3050 3316 3121 recipit,
3360 3067 3458 3106 cu-

189 3136 408 3208 γύρεως
469 3137 578 3208 γὰρ
638 3137 1024 3208 διαλυθείσης,
1085 3140 1185 3193 οὐκ
1236 3139 1319 3192 ἔτι
1379 3143 1770 3211 πραγματείας

1879 3138 2068 3208 pitque
2097 3146 2158 3194 ut
2205 3149 2483 3209 petamus,
2541 3151 2601 3194 ut
2630 3141 2803 3197 nostri
2847 3157 3039 3198 amans
3077 3141 3377 3210 Dominus;
3407 3145 3457 3201 is

187 3229 540 3300 ἐμπόρευμα.
579 3230 690 3283 ῐΙοῦ
716 3230 824 3300 γὰρ
854 3231 904 3284 οί
936 3231 1168 3300 πένητες
1197 3231 1319 3284 τότε
1345 3245 1360 3261 ⁶
1388 3231 1492 3284 ποῦ
1528 3234 1770 3303 λειτουρ-

1877 3246 2005 3286 vero
2029 3231 2189 3285 veluti
2219 3231 2382 3287 dator
2417 3232 2708 3286 muuilicus
2724 3231 3006 3288 exhibebit
3044 3250 3164 3303 qum
3189 3250 3284 3304 pro
3317 3236 3458 3290 alte-

182 3323 342 3389 γίαι;
400 3320 505 3374 ποῦ
543 3320 896 3392 ψαλμῳδίαι;
927 3322 1031 3376 πού
1071 3324 1352 3389 adnodant;
1401 3323 1482 3376 διδ
1532 3324 1636 3392 πρδ
1675 3326 1770 3392 τῆς

1877 3324 1990 3377 rius
2027 3323 2201 3377 salute
2232 3323 2583 3392 postulantur
2621 3340 2796 3394 eoque
2833 3331 3074 3395 tempore
3136 3327 3457 3396 plenissime

181 3413 334 3481 ὧρας
386 3413 640 3482 ἐκείνης,
687 3413 942 3483 ἀλλήλοις
994 3416 1495 3485 ἐπικουρήσωμεν·
1554 3417 1650 3468 καὶ
1692 3417 1770 3486 τῷ

1877 3413 2131 3477 ﬂectitur,
2160 3429 2266 3467 non
2282 3414 2456 3468 solum
2483 3416 2699 3483 quando
2730 3415 2854 3485 quis
2884 3417 2950 3470 de
2970 3431 3064 3472 sua
3089 3417 3269 3470 anima
3303 3417 3459 3472 solli«

183 3503 500 3573 φιλαδέλφῳ
545 3503 639 3558 καὶ
676 3504 1046 3575 φιλανθρώπῳ
1083 3506 1178 3558 καὶ
1223 3507 1508 3576 φιλοψύχῳ
1539 3508 1765 3576 Χριστῷ

1877 3507 2017 3560 citus
2047 3514 2151 3566 est,
2189 3520 2379 3558 verum
2413 3507 2814 3577 ctiamquando
2868 3523 2965 3576 pro
2999 3509 3236 3576 proximi
3271 3509 3456 3564 aninta

180 3595 260 3664 τῷ
291 3594 435 3665 Θεῷ,
463 3597 530 3647 τὰ
558 3595 658 3661 τῆς
701 3594 1058 3664 φιλαδελφίας
1091 3595 1475 3666 προσοίσωμεν
1501 3613 1512 3626 ·
1552 3596 1768 3666 δέχεται

1878 3595 2025 3648 omni
2063 3596 2248 3652 studio
2274 3597 2507 3652 laborat.

181 3692 294 3760 γάρ
351 3688 412 3744 εὖ
447 3691 631 3760 μάλα’
698 3691 844 3745 θέλει
905 3690 1006 3760 μὲν
1081 3691 1248 3753 αὐτὸς
1321 3689 1396 3753 ὡς
1453 3690 1834 3760 φιλάνθρωπος
1868 3689 2016 3756 ἡμᾶς
2049 3690 2223 3742 αἰτεῖν
2246 3708 2260 3720 ·
2295 3689 2458 3752 αὐτὸς
2481 3690 2535 3742 δὲ
2581 3684 2667 3742 οἷα
2704 3690 2866 3760 δοτὴρ
2903 3691 3155 3760 ἄφθονος,
3189 3683 3457 3762 ἀπονέμει

181 3789 400 3860 ἑκάστῳ
429 3790 498 3843 τὰ
523 3789 660 3858 πρὸς
691 3788 971 3858 σωτηρίαν
996 3787 1293 3857 αἰτούμενα
1316 3805 1330 3816 ·
1358 3788 1450 3840 καὶ
1504 3787 1626 3840 τότε
1671 3787 1803 3854 ἡμῖν
1844 3785 2042 3848 όλικῶς
2092 3785 2526 3855 ὲπικάμπτεται,
2576 3787 2674 3856 οὐχ
2719 3787 2848 3839 ὅταν
2877 3804 2960 3850 τις
2992 3786 3154 3856 μόνον
3181 3787 3322 3860 ὑπὲρ
3352 3789 3454 3856 τῆς

188 3885 324 3945 ἰδίας
365 3883 545 3952 ψυχῆς
580 3881 934 3949 ἀγωνίζεται,
993 3880 1110 3933 ἀλλ’
1145 3883 1275 3934 ὅταν
1321 3882 1414 3933 καὶ
1439 3879 1584 3948 ὑπὲρ
1633 3876 1729 3930 τοῦ
1766 3877 1938 3942 πέλας
1973 3878 2132 3931 τοῦτο
2164 3877 2458 3948 προθύμως
2492 3878 2808 3948 ἐργάζεται.

928 3975 1000 4028 Δ’.

260 4067 403 4120 Τίδι
454 4068 550 4122 καὶ
588 4069 622 4138 ή
665 4068 805 4136 μετὰ
848 4068 944 4120 τὸν
998 4066 1287 4135 Μακάριον
1342 4064 1552 4135 ίστορία
1582 4062 1768 4135 δηλοῖσ

182 4163 318 4214 ὅταν
341 4159 401 4213 τὸ
434 4159 598 4230 ξηρὸν
630 4159 854 4227 κρανίον
880 4157 1165 4228 ἠρώτησεν
1192 4157 1333 4226 ὑπὲρ
1359 4155 1469 4208 τῶν
1501 4171 1770 4224 κεκοιμη-

183 4251 385 4322 μένων,
422 4253 472 4304 εί
521 4251 886 4304 αἰσθάνωνται
931 4249 1060 4300 ὅταν
1085 4265 1170 4310 τις
1197 4247 1340 4316 υπὲρ
1375 4246 1556 4300 αὐτῶν
1588 4262 1767 4316 προσ·

180 4348 448 4414 εύχητιι·
492 4345 594 4399 οὐκ
649 4342 966 4412 ἀπελογήθη
1042 4342 1105 4394 τὸ
1165 4342 1332 4412 ξηρὸν
1387 4341 1627 4405 ὀστοῦν,
1682 4342 1766 4393 ὅτι

2156 4026 2161 4030 ,
2633 3975 2721 4032 IV.
2801 3963 2805 3976 '

1950 4069 2089 4134 Quid
2119 4076 2300 4124 autem
2342 4079 2397 4123 et
2419 4069 2646 4126 historia
2677 4084 2796 4138 quae
2830 4069 2893 4124 de
2929 4069 3164 4125 Macario
3193 4083 3450 4126 narratur

1877 4162 2140 4227 ostendit,
2175 4159 2394 4230 quando
2423 4161 2631 4216 aridam
2657 4164 2950 4217 calvariam
2983 4173 3331 4232 percontatus
3350 4176 3453 4223 est.

1873 4267 1943 4306 an
1971 4253 2262 4326 sitsensu's
2299 4254 2531 4309 mortuis
2566 4271 2691 4309 cum
2728 4270 2824 4323 pro
2869 4255 2932 4307 iis
2975 4255 3235 4309 oramus?
3262 4254 3456 4311 Nonne

1871 4347 2155 4414 respondit
2183 4345 2397 4400 aridum
2434 4362 2518 4410 os,
2555 4363 2807 4418 magnum
2840 4348 3083 4402 levamen
3122 4359 3174 4401 et
3205 4347 3392 4416 requie
3417 4366 3446 4398 τι

181 4439 432 4508 μεγάλην
477 4438 663 4492 ἄνεσιν
695 4438 792 4490 καὶ
837 4435 1130 4504 άνακωχὴν
1173 4435 1414 4504 ἔχουσιν,
1449 4436 1580 4488 ὅταν
1621 4432 1766 4502 ὑπὲρ

1877 4439 2092 4504 sentire,
2112 4439 2334 4508 quando
2358 4456 2456 4510 pro
2481 4441 2548 4494 iis
2575 4441 2630 4494 ﬁt
2659 4441 3110 4494 commemoratio
3135 4441 3158 4493 1'
3186 4439 3453 4492 Pra:tcrc:t

174 4529 360 4583 αὐτῶν
394 4530 555 4600 μνεία
586 4529 842 4600 γίνηται;
871 4529 990 4581 Ἔτι
1011 4529 1068 4584 δὲ
1098 4530 1192 4581 καὶ
1227 4531 1286 4581 ὲν
1319 4530 1434 4600 τοῖς
1456 4527 1564 4580 τῶν
1589 4525 1764 4594 ἁγίων

1877 4530 1925 4584 ln
1962 4527 2098 4583 Vitis
2127 4527 2349 4584 Patrum
2375 4546 2480 4584 una
2519 4546 2642 4585 cum
2676 4531 2798 4584 aliis
2821 4531 3004 4584 multis
3040 4541 3093 4584 et
3125 4530 3452 4585 hociuveui.

173 4627 455 4696 γερόντων
496 4625 655 4694 βίοις,
697 4626 794 4678 σὺν
829 4623 1050 4686 πολλοῖς
1090 4623 1293 4688 ἄλλοις,
1328 4623 1424 4674 καὶ
1458 4621 1618 4674 τοῦτο
1662 4617 1759 4672 εὖ·

176 4735 349 4787 ρομεν
373 4735 386 4750 ⁸
431 4736 450 4769 ε
484 4717 578 4778 Τίς
609 4717 715 4769 τῶν
743 4715 1027 4786 θεοφόρων
1056 4715 1282 4768 ἐκείνων
1311 4713 1544 4784 ἀνδρῶν,
1584 4710 1764 4782 μαθη-

172 4810 279 4880 τὴν
315 4809 456 4878 ἔχων
488 4810 548 4860 ὲν
578 4807 811 4877 ἀμελείᾳ
863 4805 1106 4875 βιοῦντα,
1152 4808 1247 4858 καὶ
1272 4803 1464 4856 τοῦτον
1516 4802 1655 4872 πρὸς
1699 4800 1763 4854 τὸ

171 4903 269 4956 τοῦ
308 4904 426 4974 βίου
455 4903 630 4972 πέρας
659 4901 921 4971 ῥαθύμως
950 4899 1259 4968 φθάσαντα,
1287 4899 1315 4951 ὁ
1345 4895 1760 4966 πανοικτίρμων

171 4992 276 5046 καὶ
309 4991 611 5061 φιλόψυχος
663 4989 892 5060 Κύριος,
924 4989 1063 5058 μετὰ
1103 4988 1354 5058 δακρύων
1385 4987 1757 5056 αἰτησαμένου

169 5080 272 5133 τοῦ
304 5082 582 5150 γέροντος,
609 5083 681 5141 ὡς
715 5081 808 5132 τὴν
842 5080 982 5133 κατὰ
1009 5078 1263 5148 Λάζαρον
1290 5078 1569 5140 πλούσιον,
1606 5078 1664 5129 ἐν
1691 5079 1758 5148 τῇ

171 5173 344 5239 φλογὶ
379 5171 754 5240 καυσούμενον
793 5173 955 5240 μέχρι
986 5169 1259 5240 τραχήλου
1296 5167 1618 5234 ὑπέδειξεν;
1670 5167 1760 5230 Ὠς

174 5263 428 5316 ivre-293v
476 5264 646 5317 πολλὰ
688 5262 784 5316 τοῦ
825 5263 980 5330 ἁγίου
1008 5263 1365 5331 πονήσαντος,
1402 5259 1495 5312 καὶ
1545 5261 1642 5311 σὺν
1665 5259 1761 5313 δά-

175 5372 346 5425 κρυσι
378 5357 469 5407 τὶν
492 5355 627 5408 Θεὺν
650 5355 1079 5426 λιπαρήσαντος,
1119 5354 1278 5421 μέχρι
1303 5351 1404 5420 τῆς
1437 5352 1615 5421 ζώνης
1652 5354 1760 5405 πάι

165 5451 258 5503 λιν
307 5450 606 5515 ὑπέδειξεν.
665 5446 796 5502 Εἶτα
835 5450 933 5502 καὶ
973 5447 1127 5509 αὖθις
1166 5447 1356 5509 κόποις
1388 5449 1515 5508 τοὺς
1553 5446 1759 5509 κόπους

165 5543 268 5595 τοῦ
319 5543 478 5610 ἁγίου
538 5543 974 5611 προσθήσαντος,
1033 5538 1462 5610 παντελεύθερον
1515 5538 1611 5591 καὶ
1656 5538 1754 5590 τοῦ

168 5638 350 5705 πυρζς
400 5635 810 5706 λελυτρωμένον
843 5636 900 5686 ἐν
949 5633 1192 5702 ὀπτασίᾳ⁴
1230 5631 1307 5701 τῷ
1337 5632 1554 5701 γερόντι
1590 5631 1758 5683 δέδει-

163 5746 292 5797 χεν.
333 5729 432 5781 Διὰ
460 5730 566 5798 γάρ
594 5729 694 5796 τῆς
729 5727 1014 5798 ἀμελείας,
1052 5725 1152 5794 τὴν
1175 5724 1394 5776 κόλασιν
1421 5723 1712 5793 ὑπέμεινες
1739 5737 1754 5753 ο

169 5823 267 5876 διά
299 5821 456 5876 τοῦτο
502 5823 591 5876 καὶ
643 5821 889 5885 εὐῖλατος
926 5823 958 5892 ἡ
1003 5817 1232 5888 τοιαύτη
1277 5818 1545 5890 ἁμαρτία.
1591 5835 1608 5869 ι
1647 5817 1755 5871 Καὶ

1880 4619 2017 4674 Cum
2059 4621 2282 4690 quidam
2327 4639 2392 4678 ex
2426 4623 2511 4678 his
2539 4622 2739 4677 divinis
2773 4621 3087 4676 hominibus
3121 4620 3448 4689 discipulum

1878 4714 2107 4770 haberet
2136 4716 2499 4788 negligentius
2525 4716 2817 4779 viventem,
2858 4724 2912 4770 et
2941 4715 2995 4768 in
3054 4725 3297 4769 extremo
3329 4715 3454 4767 vitae

1885 4805 1938 4860 in
1967 4805 2159 4862 eadem
2191 4808 2386 4862 inertia
2422 4807 2848 4877 deprehensum,
2908 4806 3215 4860 misericors
3253 4814 3308 4858 et
3334 4806 3454 4858 aui-

1881 4915 2096 4953 marum
2125 4911 2336 4954 amator
2372 4899 2534 4962 Deus,
2579 4899 2762 4953 multis
2790 4914 2914 4952 cum
2951 4899 3207 4968 lacrymis
3237 4910 3454 4968 petente

1878 5007 2031 5057 sene,
2067 5002 2324 5062 tanquam
2357 4991 2584 5046 divitem
2617 4991 2792 5056 illum,
2823 4990 3026 5058 dequo
3060 4990 3250 5044 Lazari
3286 4989 3456 5043 refert.

1879 5084 2127 5148 historia,
2152 5098 2276 5138 eum
2311 5083 2571 5150 ostendit,
2631 5083 2723 5152 qui
2765 5084 2818 5136 iu
2854 5081 2977 5150 igne
3026 5085 3241 5139 cervice
3293 5091 3451 5137 tenus

1878 5178 2191 5232 tenebatur.
2233 5174 2340 5230 Sed
2372 5191 2497 5230 cum
2546 5177 2592 5230 is
2641 5174 3020 5230 vehementius
3078 5174 3329 5233 instaret.
3398 5183 3452 5228 et

1876 5285 2002 5325 cum
2038 5269 2296 5340 lacrymis
2336 5267 2503 5322 Deum
2534 5270 2864 5329 obsecraret.
2891 5281 3064 5336 usque
3093 5265 3159 5318 ad
3210 5263 3452 5318 cinctum

1877 5378 2068 5417 rursus
2098 5360 2339 5416 ostendit
2364 5376 2381 5412 :
2404 5359 2598 5413 deinde
2622 5359 2820 5412 iterum
2870 5372 3056 5428 preces
3083 5355 3331 5425 precibus
3348 5353 3459 5409 ad-

1873 5454 2052 5509 dendo
2075 5465 2127 5510 et
2159 5453 2458 5523 impensius
2491 5452 2764 5522 augendo,
2793 5453 3011 5522 penitus
3041 5450 3272 5504 liberum
3300 5457 3352 5504 et
3376 5449 3462 5505 al}

1877 5544 2002 5614 igne
2052 5545 2289 5599 solutum
2351 5560 2444 5613 per
2481 5544 2744 5597 visionem
2805 5543 2920 5597 seni
2949 5531 3397 5596 connuoustravit
3430 5557 3463 5597 :.

1879 5651 2004 5688 nam
2040 5645 2260 5704 propter
2287 5633 2630 5702 negligentiae
2661 5640 2944 5701 peccatum
2980 5631 3340 5700 plectebatur,
3365 5631 3447 5685 id-

1874 5727 2022 5781 circo
2043 5725 2096 5780 id
2131 5725 2288 5780 facile
2313 5724 2522 5795 expiari
2550 5734 2748 5794 potest.
2780 5725 2849 5778 At
2887 5723 3010 5794 quis
3040 5724 3233 5780 ordine
3251 5729 3461 5794 poterit:

1874 5817 2067 5872 harum
2098 5830 2283 5872 rerum
2315 5813 3101 5884 testimoniareccttserc,qu;c
3143 5815 3194 5866 ut
3227 5821 3445 5868 sancto-
