4004 6414
205 373 338 435 12ίό

878 370 1033 431 PRO
1061 370 1279 433 CONC.
1320 372 1707 436 FLORENT.
1751 375 1916 437 CAP.
1959 376 2081 440 ῐῐῙ.
2121 376 2221 439 DE
2263 370 2795 438 PURGATORIO.

3335 373 3486 439 H48

196 484 336 557 Θεῷ,
366 486 460 540 καὶ
515 485 904 556 ίκανοποιῆσαι
937 488 1029 542 δια
1063 488 1164 557 τῆς
1210 494 1529 559 μετανοιεις,
1560 491 1656 545 καὶ
1694 490 1785 545 διὰ

1917 508 1989 547 ιριυ
2027 492 2410 564 pmnitentiam
2445 492 2788 552 satisfacere,
2841 499 2895 544 et
2930 490 3198 544 bonorum
3251 502 3481 558 operum

204 579 455 652 χρηστῶν
487 579 668 649 ἔργων
700 580 1064 651 καθαρθῆναι,
1105 584 1202 634 καὶ
1256 582 1357 649 τῆς
1423 581 1539 636 ἄνω
1588 583 1784 654 μοίρας

203 673 508 742 ὁλοσχερῶς
548 672 829 739 γενέσθαι,
866 675 972 728 κᾶν
1016 676 1077 729 ἐν
1108 675 1186 745 τῷ
1235 675 1384 729 τέλει
1420 675 1516 729 τοῦ
1541 675 1659 746 βίου
1692 693 1789 747 με·

202 765 487 834 τανοήσας.
514 764 751 818 ἓντειλαι
782 766 900 828 τοῖς
935 769 1050 828 σοῖς
1080 766 1167 820 ἴνα
1206 767 1567 839 προσφέρωσι
1597 767 1788 830 θυσίας

209 857 297 912 καὶ
335 857 658 926 προσφορὰς
689 859 786 914 καὶ
812 858 1182 929 ἐλεημοσύνας
1219 858 1360 929 ὑπὲρ
1392 858 1486 913 σοῦ
1512 874 1528 889 ⁸
1561 859 1656 915 καὶ
1691 859 1788 913 οῦ-

208 967 311 1014 τως
336 949 598 1019 ὀνήσουσί
625 968 684 1004 σε
705 966 719 980 '
749 950 943 1005 δεκτέα
984 949 1095 1022 γάρ
1118 950 1215 1005 καὶ
1245 950 1393 1022 μάλα
1423 950 1599 1006 ταῦτα
1641 950 1786 1021 Θεῷ.

208 1043 271 1097 ΕΞ
295 1040 384 1099 οὖν
412 1045 607 1098 δεκτέα
635 1046 705 1097 τὰ
735 1044 1167 1116 προσφερόμενα
1198 1045 1342 1116 ὑπὲρ
1386 1045 1497 1099 τῶν
1526 1062 1791 1116 κεκοιμη-

209 1138 407 1205 μένων,
468 1140 559 1189 κα“-.
597 1137 856 1205 ὠφέλιμα
904 1138 1013 1209 ἄρα
1039 1155 1054 1170 ο
1086 1138 1266 1201 οὐδεὶς
1300 1138 1411 1207 γὰρ
1463 1139 1527 1192 τὺ
1551 1136 1629 1208 τῷ
1670 1137 1789 1208 Θεῷ

206 1230 427 1297 δεκτὸν,
451 1230 598 1284 εἴποι
638 1232 706 1286 ἂν
736 1231 1057 1296 ἀλυσιτελὲς
1096 1233 1388 1304 ὑπάρχειν.
1424 1233 1538 1288 Καὶ
1566 1233 1732 1287 πάλιν
1760 1235 1789 1288 ό

207 1322 388 1388 αὐτὸς,
429 1340 448 1374 ι
482 1322 726 1394 Γράψον,
757 1327 948 1395 φησιν,
980 1326 1039 1378 ἐν
1065 1328 1132 1396 τῇ
1160 1328 1227 1397 σῇ
1261 1325 1617 1390 διατυπιῖισει,
1650 1326 1792 1398 μετὰ

208 1415 318 1468 τῶν
343 1415 551 1470 τέκνων
583 1419 678 1470 καὶ
719 1418 1026 1485 συγγενῶν,
1081 1419 1535 1489 συγκληρονόμον
1574 1420 1667 1474 καὶ
1697 1419 1791 1473 τὸν

206 1507 511 1578 δεσπότην·
563 1509 738 1579 ἐχέτω
787 1527 883 1564 σου
928 1512 956 1565 ὁ
1014 1512 1243 1583 χάρτης,
1278 1511 1372 1566 τοῦ
1424 1511 1684 1567 δικαστοῦ
1730 1511 1793 1566 τὸ

207 1599 379 1668 ὄνομα
396 1615 411 1629 ’
447 1601 542 1655 καὶ
571 1601 797 1673 μνήμης
821 1602 898 1673 μὴ
933 1604 1237 1676 άμοιρείτω
1257 1605 1356 1675 τῆς
1382 1605 1495 1660 τῶν
1518 1604 1754 1675 πτωχῶν
1775 1619 1791 1635 ο

207 1691 365 1758 κάγὼ
412 1690 621 1747 τούτων
655 1694 954 1766 ἐγγυητῆς.
996 1714 1015 1748 ι
1053 1697 1119 1773 Τί
1175 1696 1271 1751 οῦν
1327 1697 1577 1767 ἰσχύουσι
1619 1694 1794 1749 ταῦτα

213 1786 391 1841 πάντα
436 1788 519 1850 είς
565 1786 824 1857 βοήθειαν
849 1788 1061 1859 ψυχῶν,
1090 1789 1141 1841 εί
1171 1790 1273 1842 οὐκ
1318 1787 1439 1842 ἔστι
1489 1786 1614 1842 καθ’
1648 1787 1796 1856 ὑμᾶς

218 1881 355 1951 μετὰ
408 1881 682 1949 θάνατον;
725 1883 873 1936 διατί
921 1882 977 1936 δὲ
1013 1884 1109 1935 καὶ
1154 1882 1204 1936 oi
1241 1882 1390 1951 ἅγιοι
1420 1880 1597 1936 ταῦτα
1628 1881 1798 1949 παρέ-

211 1974 391 2028 δωκαν
419 1990 436 2040 ;
467 1969 613 2044 'Apa
639 1975 953 2030 πλανῶνται
979 1992 995 2042 ;
1031 1977 1125 2047 Μὴ
1154 1975 1296 2030 οὕτω
1331 1976 1636 2046 μανείημεν
1666 1974 1800 2028 ὥστ’

210 2069 429 2122 εἰπεῖν·
491 2069 629 2124 ἀλλὰ
690 2069 815 2123 λίαν
864 2070 1167 2140 ὀνησιφόρα
1224 2070 1320 2124 καὶ
1378 2069 1654 2139 Θεάρεστα
1702 2069 1802 2123 καὶ

212 2161 378 2216 δεκτὰ
416 2161 535 2231 Θεῷ
561 2178 579 2196 ⁸
608 2164 691 2218 ὅτι
720 2163 934 2229 πάντας
959 2163 1105 2217 θέλει
1139 2162 1380 2234 σωθῆναι
1401 2176 1418 2194 ⁸
1448 2163 1546 2217 καὶ
1577 2163 1800 2217 πάντων

213 2256 316 2323 τὴν
375 2254 653 2325 σωτηρὶαν
689 2256 938 2325 βούλεται
996 2257 1091 2309 καὶ
1135 2258 1356 2326 προνοεῖ
1404 2256 1799 2328 συμφερόντως

212 2347 377 2398 παντὶ
406 2347 594 2416 τρόπῳ
614 2363 628 2377 ·
667 2349 761 2401 καὶ
792 2347 917 2402 καθ’
943 2347 1190 2418 ἑκάστην
1231 2347 1499 2417 ἀμηγέπη
1538 2345 1804 2415 διεγείρει

211 2439 366 2502 τινάς
394 2439 530 2513 πρὸς
563 2441 664 2512 τὴν
701 2442 809 2496 τῶν
844 2442 1019 2496 ἄλλων
1064 2441 1356 2511 ὠςρέλειαν,
1392 2442 1481 2496 ἵνα
1508 2440 1585 2505 ὡς
1614 2440 1804 2510 φιλάν-

214 2530 431 2603 θρωπος
493 2534 597 2587 κάν
660 2535 836 2604 τούτῳ
893 2536 1043 2608 σώσῃ
1108 2536 1259 2598 τινὰς
1318 2535 1559 2597 πάντως.
1618 2532 1807 2586 Ἱάῦτα

212 2625 429 2679 ἀκούων
475 2641 561 2689 τις
588 2626 699 2679 τῶν
749 2628 1014 2682 ἐναντίων
1069 2628 1190 2699 ἐρεῖ
1242 2627 1391 2696 μάλα
1434 2624 1681 2698 γαυριῶν
1712 2625 1806 2679 καὶ

212 2718 315 2789 τὴν
349 2717 526 2789 ὀφρῦν
555 2718 826 2788 ἐπαίρων,
856 2720 943 2773 ὅτι
976 2720 1174 2774 τούτου
1212 2719 1467 2783 τεθέντος
1501 2719 1584 2772 ὅτι
1617 2717 1806 2772 καθαί-

221 2828 406 2880 ρονται
465 2809 606 2881 μετὰ
661 2812 914 2877 θάνατον,
946 2812 997 2865 cl
1046 2812 1253 2876 πάντες
1292 2809 1659 2882 σωθήσονται,
1715 2811 1811 2866 καὶ

216 2903 394 2966 οὐδεὶς
423 2904 741 2975 ἀστοχήσει.
770 2905 884 2959 Καὶ
910 2905 960 2958 εί
990 2905 1093 2959 οὐκ
1121 2904 1339 2972 ἐγένετό
1364 2908 1447 2967 τις
1478 2904 1630 2972 ἅγιος
1656 2905 1716 2955 ἐν
1740 2904 1806 2974 τῇ

222 2996 337 3067 ζωῇ
370 2994 563 3060 αὐτοῦ,
588 2996 697 3065 ἄρα
729 2994 968 3060 σώζεται
992 2994 1129 3065 μετὰ
1157 2995 1412 3059 θάνατον,
1436 2992 1524 3049 διά
1553 2995 1651 3061 τῆς
1679 2993 1810 3063 παρ’

220 3090 377 3159 ὑμῶν
412 3089 715 3159 λεγομένης
760 3088 1106 3155 καθάρσεως.
1141 3086 1285 3155 Εὖγε
1330 3085 1514 3152 τοῦτο,
1561 3086 1659 3141 καὶ
1698 3086 1811 3139 εἴθε

1891 585 2162 641 beneﬁcio
2218 584 2478 655 purgari,
2552 593 2609 639 et
2659 584 2899 640 cmlestis
2952 582 3176 639 omnino
3224 584 3488 645 evadere,

1888 692 2202 747 quanquam
2249 677 2303 731 in
2353 677 2504 731 exitu
2546 676 2671 731 vitae
2708 675 3070 742 constitutus,
3121 676 3256 744 juhe
3279 675 3390 729 tuis
3428 686 3492 729 ιιε

1891 786 1990 842 pro
2020 780 2071 827 te
2100 771 2373 826 sacriﬁcia
2396 769 2648 836 offerant,
2677 770 2983 824 oblationes
3008 778 3062 824 et
3085 769 3490 835 eleemosynas,
3544 778 3551 824 ἱ

1890 880 2014 935 quae
2064 864 2163 919 tibi
2217 865 2565 934 proderunt:
2619 877 2747 917 nam
2797 877 2858 918 ea
2913 862 3022 918 Deo
3059 861 3216 916 valde
3263 870 3490 929 accepta

1891 970 2039 1016 sunt.
2070 958 2129 1015 Si
2165 973 2297 1029 ergo
2323 957 2636 1028 recipienda
2666 972 2787 1026 quae
2823 970 2921 1024 pro
2972 954 3205 1009 mortuis
3246 952 3488 1008 oﬂ'ernn-

1892 1065 2001 1122 tur,
2037 1069 2172 1124 ergo
2196 1061 2253 1108 et
2288 1051 2466 1116 utilia,
2497 1050 2622 1120 quia
2660 1062 2825 1104 nemo
2852 1048 3036 1103 dicere
3069 1046 3314 1107 audebit.
3362 1046 3488 1100 inu-

1894 1147 1989 1202 tile
2019 1161 2143 1202 esse
2172 1146 2318 1217 quod
2349 1144 2460 1200 Deo
2490 1152 2773 1210 acceptum
2813 1155 2917 1197 est.
2966 1140 3028 1195 Et
3067 1142 3210 1195 idem
3249 1156 3483 1195 rursus:

1899 1259 1918 1293 ι
1952 1239 2168 1306 Scribe,
2207 1239 2409 1310 inquit,
2439 1239 2492 1293 in
2530 1238 2640 1292 tuis
2670 1235 2875 1292 tabulis
2915 1250 3024 1290 una
3059 1248 3183 1287 cum
3219 1232 3405 1288 liberis
3431 1242 3490 1287 et

1891 1330 2144 1401 cognatis
2180 1329 2520 1386 cohaeredem
2555 1329 2722 1384 etiam
2762 1324 3051 1382 Dominum
3078 1339 3098 1379 :
3141 1323 3513 1379 contineatur.

1893 1424 1947 1480 in
1999 1431 2328 1480 testamento
2375 1423 2579 1494 judicis
2626 1435 2851 1488 nomen,
2906 1434 3006 1475 nec
3036 1432 3304 1489 pauperes
3353 1416 3495 1469 onli-

1896 1516 2046 1571 vioni
2071 1514 2298 1571 tradas:
2334 1529 2460 1570 nam
2496 1528 2597 1585 ego
2618 1527 2720 1584 pro
2742 1512 2828 1568 his
2860 1525 2960 1568 ero
2990 1510 3307 1580 ﬁdeiussor.
3341 1527 3360 1560 ι
3389 1508 3495 1563 Sed

1895 1622 2061 1678 quam
2079 1609 2189 1665 vim
2220 1607 2360 1664 habe
2375 1616 2432 1663 nt
2458 1608 2573 1664 haec
2599 1607 2809 1671 omnia,
2835 1605 2882 1662 si
2903 1604 3212 1662 subsidium
3231 1611 3353 1672 post
3371 1602 3496 1657 obi-

1899 1709 2012 1754 tum
2042 1701 2337 1757 animabus
2377 1714 2486 1755 non
2541 1708 2805 1764 remanet.
2856 1706 2919 1754 ιιι
2964 1713 3064 1754 vos
3109 1692 3498 1751 arbitramini?

1903 1793 2152 1860 Quanam
2205 1795 2274 1849 tle
2320 1808 2487 1849 causa
2540 1793 2657 1848 h-ee
2701 1791 3049 1847 tradiderunt
3095 1789 3320 1847 sancti?
3354 1785 3496 1842 Num

1904 1886 2117 1957 decepti
2151 1887 2328 1944 sunt?
2360 1895 2417 1941 at
2453 1901 2563 1941 non
2597 1886 2670 1941 ita
2701 1885 2831 1941 licet
2884 1884 3151 1949 insanire,
3183 1892 3245 1939 ut
3270 1882 3322 1937 id
3348 1881 3503 1936 dieav

1909 1996 2052 2037 mus.
2087 1981 2204 2036 lmo
2238 1982 2398 2037 valde
2448 1989 2680 2051 prosunt
2731 1979 2952 2049 Deoque
2980 1987 3134 2048 grata
3176 1984 3232 2031 et
3273 1986 3499 2045 accepta

1904 2081 2054 2130 sunt.
2091 2073 2219 2130 Vult
2254 2074 2411 2130 enim
2459 2075 2641 2131 salvos
2694 2089 2887 2129 omnes
2936 2072 3051 2127 tieri
3082 2111 3097 2133 .
3139 2069 3502 2137 omniumque

1904 2166 2136 2223 salutem
2166 2166 2401 2235 expetit,
2457 2175 2512 2220 et
2545 2164 2696 2221 omni
2741 2164 2954 2219 ratione
2985 2162 3276 2219 commode
3310 2161 3499 2230 provi-

1905 2259 2033 2323 det;
2086 2259 2332 2327 quotidie
2374 2258 2582 2314 excitat
2631 2259 2700 2313 ah
2749 2256 2900 2312 omni
2956 2263 3113 2324 parte
3165 2254 3377 2321 aliquos
3405 2253 3500 2321 qui

1906 2349 2023 2405 illis
2054 2350 2320 2405 auxilium
2367 2350 2620 2406 afferant.
2653 2351 2724 2404 At
2753 2349 2876 2418 quis
2931 2364 2997 2403 ex
3050 2346 3382 2403 adversariis
3433 2362 3498 2399 ea
3553 2338 3564 2359 ⁸

1910 2442 2184 2498 audiendo
2211 2443 2512 2498 admodum
2553 2442 2859 2510 exsultans,
2911 2450 2966 2497 et
3012 2439 3377 2509 supercilium
3422 2448 3505 2491 at-

1910 2537 2106 2592 tollens
2137 2535 2303 2598 dicet,
2336 2535 2450 2591 iloc
2482 2536 2771 2606 supposito
2800 2535 2948 2603 quod
2977 2549 3172 2590 omnes
3211 2533 3505 2602 expientur

1909 2640 2038 2699 post
2067 2638 2320 2696 mortem,
2374 2645 2569 2687 omnes
2629 2644 2760 2698 ergo
2799 2629 3180 2694 salvahuntur,
3232 2637 3287 2681 et
3343 2640 3507 2680 nemo

1914 2722 2309 2791 l‘rustrabitur;
2352 2734 2407 2780 et
2447 2724 2494 2779 si
2527 2739 2693 2780 nemo
2728 2732 2956 2779 sanctus
2991 2722 3122 2777 dum
3163 2722 3374 2775 viveret
3402 2734 3505 2773 ex-

1914 2817 2075 2879 stitit,
2111 2833 2243 2882 ergo
2302 2819 2547 2872 salvatur
2600 2825 2722 2886 post
2778 2816 2992 2870 obitum
3043 2815 3312 2870 beneﬁcio
3365 2813 3509 2882 ejus,

1913 2909 2058 2980 quod
2099 2909 2348 2978 purgatio
2370 2908 2695 2979 appellatur.
2728 2906 2899 2963 Recte
2931 2907 2983 2961 id
3015 2906 3266 2975 quidem.
3307 2915 3362 2959 et
3396 2903 3512 2957 uti-

1917 3017 2045 3058 nam
2077 3017 2204 3056 vcre
2239 3001 2293 3055 id
2328 3002 2511 3056 dicere
2544 2999 2851 3056 valeremus
2873 3016 2889 3067 ;
2915 3000 3021 3056 hoc
3056 2998 3176 3056 sitit
3204 3009 3258 3054 et
3284 3008 3514 3067 exoptat

1916 3094 2225 3160 hominum,
2257 3093 2564 3148 animarum
2608 3102 2663 3147 et
2709 3093 2980 3148 honorum
3014 3100 3229 3146 amator
3258 3091 3421 3154 Deus,
3454 3069 3510 3143 et

220 3182 456 3253 ἐροῦμεν
492 3184 583 3235 καὶ
615 3182 796 3252 ἡμεῖς.
826 3169 1003 3241 Τοῦτο
1032 3178 1159 3250 διψᾷ
1196 3178 1291 3231 καὶ
1320 3177 1535 3247 ἐφίεται
1564 3178 1593 3229 ὀ
1623 3178 1811 3246 φιλάν-

1921 3188 1974 3241 in
2013 3188 2115 3240 hoc
2169 3202 2231 3241 se
2287 3187 2563 3255 praecipue
2613 3185 2855 3240 oblectat
2891 3193 2947 3239 ct
2990 3183 3226 3249 laztatur,
3279 3199 3349 3238 ne
3381 3183 3510 3251 quis

222 3278 443 3347 θρωπος
481 3278 576 3330 καὶ
624 3275 919 3346 φιλόψυχος
955 3275 1049 3329 καὶ
1083 3272 1388 3343 φιλάγαθος
1438 3271 1647 3340 Κύριος
1674 3287 1687 3301 ·
1720 3272 1815 3324 καὶ

219 3373 281 3422 ἐν
307 3368 486 3435 τούτῳ
532 3367 718 3439 χαίρει
770 3367 868 3419 καὶ
900 3365 1284 3436 εὐφραίνεται,
1324 3364 1414 3418 ῖνα
1462 3364 1536 3435 μή
1592 3378 1678 3427 τις
1706 3363 1816 3418 τῶν

220 3458 391 3513 αὑτοῦ
423 3459 642 3530 δωρεῶν
688 3459 922 3529 ἐκπέσῃ.
966 3457 1061 3528 Μὴ
1111 3457 1220 3526 γάρ
1253 3454 1340 3510 διὰ
1369 3456 1432 3509 τὸ
1474 3454 1649 3507 σῶσαι
1688 3456 1816 3517 τοὺς

220 3552 512 3624 οὐρανίους
565 3551 713 3620 νοῦς,
747 3553 839 3605 ἐπὶ
872 3552 971 3622 τῆς
1024 3551 1130 3619 γῆς
1180 3552 1575 3621 παραγέγονε;
1610 3548 1708 3601 xxi.
1753 3550 1818 3600 ἐκ

220 3648 324 3716 τῆς
368 3645 732 3717 ἀειπαρθένου
767 3644 988 3716 Μαρίας
1020 3645 1119 3697 καὶ
1157 3643 1431 3696 Θεοτόκου
1471 3642 1818 3711 άδιαψθὸρως

226 3740 410 3811 σάρκα
439 3739 642 3805 λασὼν,
677 3739 868 3811 βροτὸς
892 3738 1246 3809 ἐχρημάτισε
1280 3737 1372 3791 καὶ
1403 3736 1637 3791 θανάτου
1666 3735 1819 3804 ἐγεύ-

231 3848 404 3899 σατο;
441 3830 519 3902 μὴ
573 3829 645 3883 δι’
673 3830 874 3891 αὐτοὺς
924 3831 992 3882 τέι
1028 3829 1168 3897 γέρα
1216 3828 1471 3891 καὶτοὺς
1519 3826 1821 3894 στεφάνους

231 3923 571 3994 ἡτοίμασ;ν;
615 3922 691 3995 μὴ
714 3923 825 3985 τοῖς
852 3922 1106 3990 ἀγγέλοις
1140 3922 1277 3990 ἐρεῖ,
1317 3918 1545 3986 «Δεῦτε,
1586 3918 1637 3971 oi
1670 3916 1821 3970 εὐλο-

234 4019 462 4086 γημένοι
508 4018 602 4070 τοῦ
655 4016 868 4086 Πατρός
894 4032 1021 4084 μου,
1063 4012 1165 4078 τὴν
1222 4011 1639 4082 ἡτοιμασμένην
1691 4009 1823 4076 ὑμῖν

236 4113 685 4183 κ).ηρονο;ιήσ;τε
732 4109 1055 4181 βασιλείαν;
1106 4126 1125 4160 ι
1167 4108 1284 4161 Οὐκ
1333 4108 1451 4160 ἐστι
1501 4106 1685 4172 τοῦτο,
1723 4103 1824 4157 οὐκ

231 4207 386 4258 ἐστιν
403 4220 417 4235 ’
451 4204 624 4268 οὐδείς
651 4206 799 4257 ἐστιν
824 4201 1000 4265 οὕτως
1032 4201 1264 4272 ἀνόητος
1289 4199 1422 4254 ὥστ’
1446 4200 1624 4255 εἰπεῖν
1647 4215 1662 4229 ’
1689 4198 1828 4253 ἀλλά

227 4296 325 4351 διὰ
352 4295 444 4351 τὸν
495 4295 788 4368 ἄνθρωπον
822 4294 1001 4347 πάντα
1048 4292 1371 4363 εἰργάσατο.
1405 4290 1507 4343 Διὰ
1536 4287 1700 4344 τοῦτο
1731 4287 1828 4342 καὶ

230 4390 447 4454 πᾶντας
483 4389 630 4443 θέλει
678 4385 939 4456 σωθῆναι.
979 4385 1075 4448 Τίς
1107 4385 1217 4453 γάρ
1264 4384 1415 4435 ἐστιν
1464 4380 1527 4448 ἐξ
1558 4382 1739 4453 ἡμῶν,
1768 4380 1828 4444 ὃς

234 4488 471 4553 ποιήσας
499 4482 722 4553 ἄριστον
753 4479 851 4534 καὶ
878 4478 1115 4543 καλέσας
1142 4480 1273 4541 τοὺς
1309 4477 1501 4548 φίλους
1544 4476 1733 4541 αὑτοῦ,
1764 4477 1826 4529 οὐ

1918 3279 2241 3335 muneribus
2269 3280 2386 3335 suis
2430 3278 2748 3359 frustretur.
2776 3275 2918 3332 Num
2952 3278 3005 3332 in
3053 3277 3317 3332 mundum
3362 3277 3510 3331 venit

1921 3384 1980 3427 ut
2016 3375 2272 3430 caelestes
2321 3374 2562 3429 salvaret
2611 3362 3022 3441 intelligentias,
3075 3380 3130 3425 et
3169 3386 3233 3426 es
3294 3384 3512 3438 semper

1920 3464 2145 3533 Virgine
2172 3466 2376 3535 Deique
2399 3464 2683 3520 Geuitrice
2708 3463 2878 3520 Maria
2911 3463 3317 3532 incorruptibili
3352 3476 3521 3515 rarus

1923 3566 2182 3624 suscepta
2213 3556 2462 3611 mortalis
2498 3555 2671 3609 voluit
2721 3569 2845 3610 csse
2879 3562 3222 3623 mortemque
3255 3552 3523 3623 gustare?

1922 3649 2062 3705 Num
2121 3658 2347 3720 propter
2413 3650 2562 3719 ipsas
2621 3650 2845 3718 praemia
2894 3658 2949 3704 et
2996 3662 3230 3702 coronas
3271 3646 3522 3715 paravit?

1923 3742 2064 3799 Num
2102 3742 2313 3814 angelis
2347 3742 2518 3796 dicit:
2558 3759 2576 3794 ι
2614 3739 2833 3807 Venite,
2875 3739 3143 3795 benedicti
3177 3739 3355 3792 Patris
3387 3737 3518 3801 mei,
3614 3796 3619 3801 _

1924 3835 2173 3892 lueredes
2211 3843 2387 3891 estote
2434 3833 2676 3890 scelestis
2723 3832 2876 3902 regni
2911 3831 3059 3901 quod
3109 3845 3208 3900 pro
3238 3829 3393 3886 vobis
3424 3842 3519 3896 pa-

1926 3939 2108 3984 ratum
2143 3927 2272 3984 est?
2302 3945 2320 3979 ι
2363 3924 2695 3996 Neutiquam
2730 3924 2806 3991 id,
2830 3923 2980 3979 nullo
3007 3931 3200 3994 pacto:
3231 3934 3393 3977 nemo
3430 3933 3523 3973 re-

1928 4022 2172 4094 perietur
2200 4029 2308 4075 tam
2344 4020 2543 4075 stultus
2571 4030 2632 4073 ut
2654 4017 2708 4073 id
2735 4017 2907 4083 dicat,
2940 4016 3047 4072 se-l.
3078 4021 3306 4086 propter
3338 4010 3522 4066 homi-

1930 4129 2053 4169 nem
2091 4112 2221 4167 fecit
2251 4111 2456 4175 omnia,
2500 4117 2556 4166 et
2604 4108 2813 4165 idcirco
2862 4108 2980 4162 vult
3032 4119 3228 4161 omnes
3272 4103 3521 4158 homines

1929 4208 2112 4265 salvos
2157 4206 2294 4262 fieri.
2332 4204 2471 4272 Quis
2521 4203 2671 4259 enim
2707 4217 2772 4257 ex
2821 4199 2984 4257 nobis
3039 4205 3125 4254 est
3164 4198 3257 4269 qui
3296 4196 3532 4266 prandio

1932 4298 2223 4361 instructo,
2270 4304 2327 4350 et.
2378 4294 2697 4351 convocatis
2733 4292 2927 4348 amicis
2968 4291 3103 4347 nolit
3137 4304 3328 4344 omnes
3361 4302 3522 4343 acce-

1931 4391 2063 4447 dere
2087 4405 2153 4446 ac
2181 4388 2297 4444 suis
2341 4387 2445 4443 frui
2501 4384 2696 4441 bouis?
2732 4383 2814 4439 vel
2844 4383 3086 4438 laborem
3125 4379 3375 4449 suscepit
3417 4387 3525 4430 tam

1934 4481 2210 4552 magniﬁci
2266 4489 2561 4550 apparatus
2618 4476 2724 4533 nisi
2785 4484 3003 4546 propter
3037 4473 3286 4528 amicos?
3338 4469 3433 4525 sed
3477 4471 3524 4524 si

231 4579 385 4632 θέλει
412 4578 620 4640 πάντας
652 4573 853 4634 ἐλθεῖν.
882 4572 979 4625 καὶ
1018 4572 1129 4625 τῶν
1155 4569 1323 4625 αὑτοῦ
1364 4569 1549 4622 καλῶν
1586 4567 1813 4621 ἀπολαῦ·

1935 4590 2041 4630 non
2083 4586 2278 4628 omnes
2306 4570 2393 4626 vel
2417 4570 2616 4640 aliquis
2647 4574 2857 4622 tantum
2891 4564 3196 4625 advenerit,
3228 4562 3528 4617 vehemen-

231 4668 429 4741 σαιςῆ
479 4667 568 4723 διά
621 4666 675 4720 τί
709 4664 971 4719 ἐκοπίασε
1025 4663 1260 4733 ποιήσας
1317 4661 1416 4732 τὴν
1471 4659 1825 4726 πανδαισίαν,

227 4764 352 4817 ἀλλ’
388 4763 421 4833 ἦ
454 4763 543 4815 διὰ
572 4760 700 4821 τοὺς
726 4759 914 4829 φίλους
946 4757 1118 4810 αὑτοῦ
1153 4773 1168 4823 ;
1202 4756 1302 4808 Ἂν
1335 4756 1392 4808 δὲ
1424 4755 1502 4824 μὴ
1536 4755 1760 4817 πάντες,
1792 4751 1826 4820 ἢ

229 4859 350 4922 τις,
398 4854 623 4920 ἔλθωσι,
669 4853 871 4921 πολλὴν
899 4853 928 4905 ό
963 4850 1118 4920 φίλος
1173 4848 1274 4921 τὴν
1320 4849 1700 4917 ἀγανάκτησιν
1740 4846 1830 4899 κέ-

230 4967 459 5020 κτηται.
494 4949 556 5002 Ei
593 4947 686 5002 οῦν
722 4948 781 5001 ὲν
829 4947 963 5017 ἡμῖν
1013 4949 1125 5007 τοῖς
1162 4942 1378 5013 βροτοῖς
1413 4941 1611 5005 ταῦτα,
1650 4939 1833 5011 πολλῷ

236 5044 450 5115 μᾶλλον
508 5044 600 5095 ἐπὶ
654 5040 748 5094 τοῦ
817 5036 1142 5115 παναγάθου
1201 5040 1296 5091 καὶ
1354 5036 1833 5103 πανοικτίρμονος,
1878 5088 1883 5091 Α

235 5134 651 5206 πλουσιοδώρου
684 5151 743 5188 τε
774 5136 872 5189 καὶ
914 5108 1373 5204 άφθδυοπαρόχου
1415 5130 1508 5183 καὶ
1540 5129 1836 5200 ἐλεήμονις

231 5229 381 5284 Θεοῦ
415 5229 628 5299 νομίσοι
658 5245 740 5292 τις
770 5227 835 5283 ἄν
861 5241 876 5256 ⁶
909 5227 969 5290 ὃς
1000 5228 1144 5282 θέλει
1179 5227 1391 5289 πάντας
1438 5225 1703 5294 σωθῆναι,
1742 5224 1837 5277 καὶ

230 5327 344 5398 τῆς
373 5325 539 5381 αὐτοῦ
561 5325 862 5381 ἀπολαύειν
894 5325 1046 5389 θείας
1074 5324 1426 5396 εὐφροσύνης
1447 5324 1545 5377 καὶ
1567 5323 1834 5394 τέρψεως.

231 5420 417 5474 Τοῦτο
432 5419 525 5474 οὖν
544 5420 818 5472 σκοπείτω
852 5421 959 5482 πᾶς
991 5436 1096 5486 τις,
1137 5418 1218 5472 ὅτι
1244 5418 1305 5471 οὐ
1332 5418 1465 5488 περὶ
1499 5417 1721 5470 πάντων
1753 5414 1841 5468 λέ-

234 5531 420 5584 γομεν
443 5512 555 5566 τῶν
585 5512 1017 5583 κεκοιμημένων
1053 5511 1232 5566 ταῦτα
1268 5511 1563 5575 ποιεῖσθαι,
1596 5508 1674 5574 ὼς
1707 5509 1840 5563 πολ-

235 5604 407 5669 λάκις
434 5602 658 5676 εῐρηται
684 5618 698 5633 ⁸
732 5605 830 5660 καὶ
853 5603 948 5658 νῦν
973 5604 1330 5672 τελεώτερον.
1365 5601 1503 5673 Περὶ
1529 5601 1638 5656 τῶν
1668 5601 1841 5668 ἁγίων

236 5697 350 5749 οὐκ
385 5696 503 5750 ἔστι
559 5695 759 5767 χρεία·
809 5696 940 5768 περὶ
989 5697 1100 5750 τῶν
1155 5695 1593 5767 ἀπηλπισμένων
1653 5711 1714 5746 τε
1749 5693 1842 5746 καὶ

239 5790 723 5859 ἀπεγνωσμένων,
777 5792 878 5842 οὐκ
919 5791 1234 5860 ὠφέλιμον
1276 5788 1471 5841 ἕπεται
1522 5786 1661 5855 ὑπὲρ
1694 5784 1841 5837 ἐκεῖ·

243 5900 360 5938 νων
394 5882 501 5937 τῶν
532 5884 607 5955 μὴ
651 5881 979 5953 φθασάντων
1020 5883 1445 5955 ἱκανοποιῆσαι·
1482 5881 1673 5953 ὥσπερ
1718 5879 1843 5935 Exa-

1931 4675 2016 4723 ter
2051 4667 2253 4735 hospes
2289 4664 2569 4719 irascitur.
2608 4660 2665 4716 Si
2699 4660 2813 4716 haec
2846 4658 2903 4714 in
2931 4656 3090 4713 nobis
3128 4671 3230 4712 usu
3274 4652 3524 4725 veniunt,

1933 4762 2110 4815 multo
2137 4756 2315 4827 magis
2350 4757 2401 4810 in
2437 4755 2549 4811 Deo
2579 4752 2789 4824 optimo
2837 4749 3101 4817 maximo,
3137 4743 3531 4802 misericordia:

1933 4855 2123 4925 pleno,
2162 4850 2607 4918 divitiarumque.
2624 4845 2852 4916 profuso
2872 4843 3046 4900 datori
3065 4857 3131 4897 ac
3156 4827 3525 4911 pienti'ssimo,

1934 4944 2029 5013 qui
2066 4942 2186 4999 vult
2217 4955 2411 4995 omnes
2454 4938 2635 4995 salvos
2680 4935 2818 5002 fieri,
2852 4942 2906 4990 et
2938 4948 3036 4989 sua
3074 4931 3258 4987 divina
3292 4928 3401 4984 l‘rui
3434 4927 3531 4982 la:-

1939 5037 2055 5093 titia
2091 5045 2145 5092 et
2171 5027 2484 5103 voluptate?
2499 5029 2892 5100 Unusquisque
2923 5024 3356 5086 animadvertat,
3380 5019 3530 5090 quod

1939 5146 2051 5186 nou
2085 5144 2184 5199 pro
2203 5127 2459 5181 omnibus
2488 5124 2718 5179 mortuis
2744 5122 2860 5176 haec
2882 5120 2996 5175 lieri
3015 5119 3274 5183 dicimus,
3306 5123 3362 5170 ut
3389 5127 3533 5181 saepe

1939 5227 2146 5281 dictum
2193 5233 2300 5286 est,
2337 5230 2392 5276 et
2433 5232 2582 5274 nunc
2632 5214 2884 5272 exactius
2932 5210 3204 5273 dicimus;
3240 5204 3386 5276 quod
3436 5218 3534 5273 pro

1941 5318 2150 5375 sanctis
2182 5332 2287 5372 non
2326 5328 2468 5385 opus
2521 5320 2625 5375 est,
2676 5325 2774 5379 pro
2825 5304 3128 5376 deSperatis
3157 5315 3222 5356 ac
3254 5295 3534 5355 damnatis

1941 5412 2163 5477 inutile,
2194 5408 2443 5478 sequitur
2469 5415 2529 5461 ut
2560 5419 2659 5476 pro
2712 5402 2782 5459 iis
2813 5402 2905 5471 qui
2937 5414 3047 5455 non
3082 5405 3210 5451 ante
3243 5389 3530 5448 satisfece-

1947 5507 2076 5570 rint,
2111 5513 2173 5560 ut
2197 5501 2452 5560 omnibus
2484 5497 2666 5555 evenit
2693 5495 2786 5563 qui
2822 5509 2921 5564 pro
2955 5486 3295 5547 conﬁcienda
3328 5483 3534 5540 vi’rtute

1946 5599 2200 5670 exiguam
2258 5590 2512 5650 iermcnti
2566 5590 2878 5661 portionem
2921 5584 3216 5644 obtinent;
3272 5592 3373 5632 nec
3407 5583 3536 5670 ante

1949 5659 2237 5763 pro'vident
2273 5702 2337 5743 ex
2369 5700 2437 5740 eo
2464 5698 2660 5755 panem
2693 5679 2988 5743 conﬁcere,
3010 5674 3256 5729 volentes
3287 5659 3537 5742 quidém,

1951 5761 2045 5839 sed
2082 5796 2189 5836 non
2232 5778 2473 5833 valentes
2505 5775 2555 5830 id
2599 5773 2881 5845 perlicere,
2910 5767 2993 5823 vel
3018 5764 3236 5831 inertia,
3276 5764 3360 5818 Vt'l
3386 5761 3540 5831 igna-

1954 5877 2040 5934 via
2078 5874 2251 5947 ducti,
2286 5873 2368 5929 vel
2408 5880 2630 5943 propter
2661 5868 2727 5926 dc
2759 5867 2845 5925 dic
2891 5864 2946 5920 in
2994 5862 3135 5919 diem
3167 5855 3544 5930 procrastina~
