  <div class='ocr_page' id='page_1' title='image "/cluster/home/n/w/nwhite01/storage/ocr_20150623/159/coo.31924054870641/631.png"; bbox 0 0 4004 6504; ppageno 0'>
   <div class='ocr_carea' id='block_1_1' title="bbox 482 379 629 445">
    <p class='ocr_par' dir='ltr' id='par_1_1' title="bbox 482 379 629 445">
     <span class='ocr_line' id='line_1_1' title="bbox 482 379 629 445; baseline 0.02 -3"><span class='ocrx_word' id='word_1_1' title='bbox 482 379 629 445; x_wconf 63' lang='grc'><strong>1247</strong></span> 
     </span>
    </p>
   </div>
   <div class='ocr_carea' id='block_1_2' title="bbox 1677 383 2588 445">
    <p class='ocr_par' dir='ltr' id='par_1_2' title="bbox 1677 383 2588 445">
     <span class='ocr_line' id='line_1_2' title="bbox 1677 383 2588 445; baseline 0.001 -1"><span class='ocrx_word' id='word_1_2' title='bbox 1677 383 1997 444; x_wconf 77' lang='lat' dir='ltr'><strong>JOSEPHI</strong></span> <span class='ocrx_word' id='word_1_3' title='bbox 2037 383 2588 445; x_wconf 81' lang='lat' dir='ltr'><strong>METHONENSIS</strong></span> 
     </span>
    </p>
   </div>
   <div class='ocr_carea' id='block_1_3' title="bbox 3631 386 3770 454">
    <p class='ocr_par' dir='ltr' id='par_1_3' title="bbox 3631 386 3770 454">
     <span class='ocr_line' id='line_1_3' title="bbox 3631 386 3770 454; baseline -0.029 0"><span class='ocrx_word' id='word_1_4' title='bbox 3631 386 3770 454; x_wconf 59' lang='lat'><strong>1248</strong></span> 
     </span>
    </p>
   </div>
   <div class='ocr_carea' id='block_1_4' title="bbox 480 499 2084 573">
    <p class='ocr_par' dir='ltr' id='par_1_4' title="bbox 480 499 2062 573">
     <span class='ocr_line' id='line_1_4' title="bbox 480 499 2062 573; baseline 0.003 -21"><span class='ocrx_word' id='word_1_5' title='bbox 480 503 709 562; x_wconf 88' lang='lat' dir='ltr'><strong>tionem,</strong></span> <span class='ocrx_word' id='word_1_6' title='bbox 745 507 798 552; x_wconf 85' lang='lat' dir='ltr'><strong>ct</strong></span> <span class='ocrx_word' id='word_1_7' title='bbox 847 510 1038 569; x_wconf 64' lang='lat' dir='ltr'><strong>praeter</strong></span> <span class='ocrx_word' id='word_1_8' title='bbox 1083 517 1230 573; x_wconf 90' lang='lat' dir='ltr'><strong>spem</strong></span> <span class='ocrx_word' id='word_1_9' title='bbox 1267 500 1336 556; x_wconf 85' lang='lat' dir='ltr'><strong>de</strong></span> <span class='ocrx_word' id='word_1_10' title='bbox 1379 499 1561 556; x_wconf 86' lang='lat' dir='ltr'><strong>medio</strong></span> <span class='ocrx_word' id='word_1_11' title='bbox 1603 501 1827 564; x_wconf 86' lang='lat' dir='ltr'><strong>sublati,</strong></span> <span class='ocrx_word' id='word_1_12' title='bbox 1865 502 2062 556; x_wconf 89' lang='lat' dir='ltr'><strong>horum</strong></span> 
     </span>
    </p>
   </div>
   <div class='ocr_carea' id='block_1_5' title="bbox 2190 499 3772 573">
    <p class='ocr_par' dir='ltr' id='par_1_5' title="bbox 2190 501 3772 573">
     <span class='ocr_line' id='line_1_5' title="bbox 2190 501 3772 573; baseline 0 -18"><span class='ocrx_word' id='word_1_13' title='bbox 2190 521 2297 567; x_wconf 81' lang='grc' dir='ltr'><strong>ιτος</strong></span> <span class='ocrx_word' id='word_1_14' title='bbox 2325 502 2434 557; x_wconf 85' lang='grc' dir='ltr'><strong>τῶν</strong></span> <span class='ocrx_word' id='word_1_15' title='bbox 2468 501 2802 571; x_wconf 73' lang='grc' dir='ltr'><strong>ἀνθρώπιον,</strong></span> <span class='ocrx_word' id='word_1_16' title='bbox 2839 504 2866 555; x_wconf 79' lang='grc' dir='ltr'>ὁ</span> <span class='ocrx_word' id='word_1_17' title='bbox 2905 505 3113 573; x_wconf 68' lang='grc' dir='ltr'><strong>μικρὰν</strong></span> <span class='ocrx_word' id='word_1_18' title='bbox 3154 503 3370 573; x_wconf 81' lang='grc' dir='ltr'><strong>ἀρετῶν</strong></span> <span class='ocrx_word' id='word_1_19' title='bbox 3417 503 3604 573; x_wconf 80' lang='grc' dir='ltr'><strong>ζύμην</strong></span> <span class='ocrx_word' id='word_1_20' title='bbox 3631 521 3772 573; x_wconf 80' lang='grc' dir='ltr'><strong>κτη-</strong></span> 
     </span>
    </p>
   </div>
   <div class='ocr_carea' id='block_1_6' title="bbox 485 591 2084 666">
    <p class='ocr_par' dir='ltr' id='par_1_6' title="bbox 485 591 2067 664">
     <span class='ocr_line' id='line_1_6' title="bbox 485 591 2067 664; baseline 0.002 -18"><span class='ocrx_word' id='word_1_21' title='bbox 485 591 988 650; x_wconf 71' lang='lat' dir='ltr'><strong>non,obliviscetur</strong></span> <span class='ocrx_word' id='word_1_22' title='bbox 1011 594 1195 664; x_wconf 75' lang='lat' dir='ltr'><strong>justus</strong></span> <span class='ocrx_word' id='word_1_23' title='bbox 1223 594 1394 662; x_wconf 80' lang='lat' dir='ltr'><strong>judex</strong></span> <span class='ocrx_word' id='word_1_24' title='bbox 1443 601 1499 648; x_wconf 85' lang='lat' dir='ltr'><strong>et</strong></span> <span class='ocrx_word' id='word_1_25' title='bbox 1543 593 1849 650; x_wconf 84' lang='lat' dir='ltr'><strong>Dominus:</strong></span> <span class='ocrx_word' id='word_1_26' title='bbox 1883 595 1978 649; x_wconf 89' lang='lat' dir='ltr'><strong>sed</strong></span> <span class='ocrx_word' id='word_1_27' title='bbox 2012 595 2067 649; x_wconf 88' lang='lat' dir='ltr'><strong>in</strong></span> 
     </span>
    </p>
   </div>
   <div class='ocr_carea' id='block_1_7' title="bbox 2190 591 3768 666">
    <p class='ocr_par' dir='ltr' id='par_1_7' title="bbox 2190 595 3768 666">
     <span class='ocr_line' id='line_1_7' title="bbox 2190 595 3768 666; baseline 0.002 -19"><span class='ocrx_word' id='word_1_28' title='bbox 2190 596 2425 661; x_wconf 74' lang='grc' dir='ltr'><strong>ιάμενος,</strong></span> <span class='ocrx_word' id='word_1_29' title='bbox 2483 595 2558 666; x_wconf 80' lang='grc' dir='ltr'><strong>μὴ</strong></span> <span class='ocrx_word' id='word_1_30' title='bbox 2610 595 2910 665; x_wconf 76' lang='grc' dir='ltr'><strong>πεφθακὼς</strong></span> <span class='ocrx_word' id='word_1_31' title='bbox 2980 596 3037 648; x_wconf 80' lang='grc' dir='ltr'><strong>δὲ</strong></span> <span class='ocrx_word' id='word_1_32' title='bbox 3091 596 3300 666; x_wconf 77' lang='grc' dir='ltr'><strong>ταύτην</strong></span> <span class='ocrx_word' id='word_1_33' title='bbox 3345 596 3768 666; x_wconf 77' lang='grc' dir='ltr'><strong>ἁρτοποιῆσαιο</strong></span> 
     </span>
    </p>
   </div>
   <div class='ocr_carea' id='block_1_8' title="bbox 484 686 2070 758">
    <p class='ocr_par' dir='ltr' id='par_1_8' title="bbox 484 686 2070 758">
     <span class='ocr_line' id='line_1_8' title="bbox 484 686 2070 758; baseline 0.003 -21"><span class='ocrx_word' id='word_1_34' title='bbox 484 701 674 738; x_wconf 77' lang='lat' dir='ltr'><strong>eorum</strong></span> <span class='ocrx_word' id='word_1_35' title='bbox 708 699 866 752; x_wconf 85' lang='lat' dir='ltr'><strong>opem</strong></span> <span class='ocrx_word' id='word_1_36' title='bbox 899 686 1087 758; x_wconf 70' lang='lat' dir='ltr'><strong>aiiines</strong></span> <span class='ocrx_word' id='word_1_37' title='bbox 1113 698 1230 757; x_wconf 87' lang='lat' dir='ltr'><strong>post</strong></span> <span class='ocrx_word' id='word_1_38' title='bbox 1252 695 1480 742; x_wconf 84' lang='lat' dir='ltr'><strong>mortem</strong></span> <span class='ocrx_word' id='word_1_39' title='bbox 1515 687 1823 754; x_wconf 81' lang='lat' dir='ltr'><strong>suscitabit,</strong></span> <span class='ocrx_word' id='word_1_40' title='bbox 1848 702 2070 742; x_wconf 86' lang='lat' dir='ltr'><strong>eorum-</strong></span> 
     </span>
    </p>
   </div>
   <div class='ocr_carea' id='block_1_9' title="bbox 2169 686 3780 760">
    <p class='ocr_par' dir='ltr' id='par_1_9' title="bbox 2169 686 3780 760">
     <span class='ocr_line' id='line_1_9' title="bbox 2169 686 3780 760; baseline 0.004 -23"><span class='ocrx_word' id='word_1_41' title='bbox 2169 687 2306 741; x_wconf 77' lang='grc' dir='ltr'><strong>ἀλλὰ</strong></span> <span class='ocrx_word' id='word_1_42' title='bbox 2340 686 2628 756; x_wconf 62' lang='grc' dir='ltr'><strong>βουληθεὶς</strong></span> <span class='ocrx_word' id='word_1_43' title='bbox 2659 686 2780 757; x_wconf 77' lang='grc' dir='ltr'><strong>μὲν,</strong></span> <span class='ocrx_word' id='word_1_44' title='bbox 2819 686 2896 756; x_wconf 74' lang='grc' dir='ltr'><strong>μὴ</strong></span> <span class='ocrx_word' id='word_1_45' title='bbox 2937 687 3192 758; x_wconf 69' lang='grc' dir='ltr'><strong>δυνηθεὶς</strong></span> <span class='ocrx_word' id='word_1_46' title='bbox 3225 687 3284 740; x_wconf 79' lang='grc' dir='ltr'><strong>δὲ</strong></span> <span class='ocrx_word' id='word_1_47' title='bbox 3313 688 3498 748; x_wconf 74' lang='grc' dir='ltr'><strong>τοῦτο.</strong></span> <span class='ocrx_word' id='word_1_48' title='bbox 3533 690 3568 758; x_wconf 77' lang='grc' dir='ltr'><strong>ἢ</strong></span> <span class='ocrx_word' id='word_1_49' title='bbox 3608 690 3780 760; x_wconf 75' lang='grc' dir='ltr'><strong>ρᾳθυ-</strong></span> 
     </span>
    </p>
   </div>
   <div class='ocr_carea' id='block_1_10' title="bbox 486 777 2084 854">
    <p class='ocr_par' dir='ltr' id='par_1_10' title="bbox 486 777 2069 847">
     <span class='ocr_line' id='line_1_10' title="bbox 486 777 2069 847; baseline 0.002 -17"><span class='ocrx_word' id='word_1_50' title='bbox 486 792 594 844; x_wconf 86' lang='lat' dir='ltr'><strong>que</strong></span> <span class='ocrx_word' id='word_1_51' title='bbox 650 786 856 832; x_wconf 87' lang='lat' dir='ltr'><strong>mentes</strong></span> <span class='ocrx_word' id='word_1_52' title='bbox 892 777 1108 847; x_wconf 85' lang='lat' dir='ltr'><strong>diriget,</strong></span> <span class='ocrx_word' id='word_1_53' title='bbox 1155 787 1210 833; x_wconf 85' lang='lat' dir='ltr'><strong>et</strong></span> <span class='ocrx_word' id='word_1_54' title='bbox 1263 779 1429 833; x_wconf 87' lang='lat' dir='ltr'><strong>corda</strong></span> <span class='ocrx_word' id='word_1_55' title='bbox 1469 779 1668 841; x_wconf 87' lang='lat' dir='ltr'><strong>trahet,</strong></span> <span class='ocrx_word' id='word_1_56' title='bbox 1719 788 1775 833; x_wconf 93' lang='lat' dir='ltr'><strong>ct</strong></span> <span class='ocrx_word' id='word_1_57' title='bbox 1820 780 2069 833; x_wconf 84' lang='lat' dir='ltr'><strong>animum</strong></span> 
     </span>
    </p>
   </div>
   <div class='ocr_carea' id='block_1_11' title="bbox 2190 777 3780 854">
    <p class='ocr_par' dir='ltr' id='par_1_11' title="bbox 2190 779 3780 854">
     <span class='ocr_line' id='line_1_11' title="bbox 2190 779 3780 854; baseline 0.002 -21"><span class='ocrx_word' id='word_1_58' title='bbox 2190 782 2304 844; x_wconf 86' lang='grc' dir='ltr'><strong>ιίας</strong></span> <span class='ocrx_word' id='word_1_59' title='bbox 2354 779 2388 850; x_wconf 76' lang='grc' dir='ltr'><strong>ἢ</strong></span> <span class='ocrx_word' id='word_1_60' title='bbox 2451 781 2776 852; x_wconf 81' lang='grc' dir='ltr'><strong>ἀνανδρείας</strong></span> <span class='ocrx_word' id='word_1_61' title='bbox 2815 783 3007 844; x_wconf 66' lang='grc' dir='ltr'><strong>ἕνεκα.</strong></span> <span class='ocrx_word' id='word_1_62' title='bbox 3063 784 3098 854; x_wconf 80' lang='grc' dir='ltr'>ἦ</span> <span class='ocrx_word' id='word_1_63' title='bbox 3143 783 3247 850; x_wconf 82' lang='grc' dir='ltr'><strong>τῆς</strong></span> <span class='ocrx_word' id='word_1_64' title='bbox 3310 784 3371 851; x_wconf 79' lang='grc' dir='ltr'>ἐξ</span> <span class='ocrx_word' id='word_1_65' title='bbox 3421 782 3650 854; x_wconf 78' lang='grc' dir='ltr'><strong>ἡμέρας</strong></span> <span class='ocrx_word' id='word_1_66' title='bbox 3697 785 3780 848; x_wconf 81' lang='grc' dir='ltr'><strong>είς</strong></span> 
     </span>
    </p>
   </div>
   <div class='ocr_carea' id='block_1_12' title="bbox 483 867 2067 937">
    <p class='ocr_par' dir='ltr' id='par_1_12' title="bbox 483 867 2067 937">
     <span class='ocr_line' id='line_1_12' title="bbox 483 867 2067 937; baseline 0.003 -15"><span class='ocrx_word' id='word_1_67' title='bbox 483 867 742 934; x_wconf 70' lang='lat' dir='ltr'><strong>inﬂectat,</strong></span> <span class='ocrx_word' id='word_1_68' title='bbox 799 879 858 924; x_wconf 85' lang='grc' dir='ltr'><strong>ιιι</strong></span> <span class='ocrx_word' id='word_1_69' title='bbox 903 869 1207 926; x_wconf 81' lang='lat' dir='ltr'><strong>subsidium</strong></span> <span class='ocrx_word' id='word_1_70' title='bbox 1245 881 1300 926; x_wconf 90' lang='lat' dir='ltr'><strong>et</strong></span> <span class='ocrx_word' id='word_1_71' title='bbox 1348 871 1614 926; x_wconf 75' lang='lat' dir='ltr'><strong>auxilium</strong></span> <span class='ocrx_word' id='word_1_72' title='bbox 1651 870 1782 925; x_wconf 84' lang='lat' dir='ltr'><strong>huic</strong></span> <span class='ocrx_word' id='word_1_73' title='bbox 1816 869 2067 937; x_wconf 76' lang='lat' dir='ltr'><strong>all‘eraut,</strong></span> 
     </span>
    </p>
   </div>
   <div class='ocr_carea' id='block_1_13' title="bbox 486 960 2071 1034">
    <p class='ocr_par' dir='ltr' id='par_1_13' title="bbox 486 960 2071 1034">
     <span class='ocr_line' id='line_1_13' title="bbox 486 960 2071 1034; baseline 0.003 -21"><span class='ocrx_word' id='word_1_74' title='bbox 486 975 551 1014; x_wconf 88' lang='lat' dir='ltr'><strong>ac</strong></span> <span class='ocrx_word' id='word_1_75' title='bbox 583 960 917 1016; x_wconf 82' lang='lat' dir='ltr'><strong>festinabunt</strong></span> <span class='ocrx_word' id='word_1_76' title='bbox 946 961 1056 1019; x_wconf 88' lang='lat' dir='ltr'><strong>Deo</strong></span> <span class='ocrx_word' id='word_1_77' title='bbox 1087 963 1380 1033; x_wconf 84' lang='lat' dir='ltr'><strong>instigante</strong></span> <span class='ocrx_word' id='word_1_78' title='bbox 1412 974 1468 1020; x_wconf 90' lang='lat' dir='ltr'><strong>et</strong></span> <span class='ocrx_word' id='word_1_79' title='bbox 1497 973 1752 1034; x_wconf 85' lang='lat' dir='ltr'><strong>tangente</strong></span> <span class='ocrx_word' id='word_1_80' title='bbox 1780 964 1946 1020; x_wconf 83' lang='lat' dir='ltr'><strong>corda</strong></span> <span class='ocrx_word' id='word_1_81' title='bbox 1977 979 2071 1018; x_wconf 87' lang='lat' dir='ltr'><strong>eo-</strong></span> 
     </span>
    </p>
   </div>
   <div class='ocr_carea' id='block_1_14' title="bbox 484 1056 2068 1128">
    <p class='ocr_par' dir='ltr' id='par_1_14' title="bbox 484 1056 2068 1128">
     <span class='ocr_line' id='line_1_14' title="bbox 484 1056 2068 1128; baseline 0.001 -22"><span class='ocrx_word' id='word_1_82' title='bbox 484 1068 628 1118; x_wconf 96' lang='lat' dir='ltr'><strong>rum,</strong></span> <span class='ocrx_word' id='word_1_83' title='bbox 661 1065 715 1108; x_wconf 88' lang='lat' dir='ltr'><strong>et</strong></span> <span class='ocrx_word' id='word_1_84' title='bbox 743 1056 1118 1126; x_wconf 83' lang='lat' dir='ltr'><strong>adimplebuut</strong></span> <span class='ocrx_word' id='word_1_85' title='bbox 1145 1073 1268 1128; x_wconf 72' lang='lat' dir='ltr'><strong>qua:</strong></span> <span class='ocrx_word' id='word_1_86' title='bbox 1308 1072 1338 1112; x_wconf 83' lang='lat' dir='ltr'><strong>a</strong></span> <span class='ocrx_word' id='word_1_87' title='bbox 1384 1057 1646 1114; x_wconf 79' lang='lat' dir='ltr'><strong>defuncto</strong></span> <span class='ocrx_word' id='word_1_88' title='bbox 1673 1059 1876 1113; x_wconf 81' lang='lat' dir='ltr'><strong>omissa</strong></span> <span class='ocrx_word' id='word_1_89' title='bbox 1919 1066 2068 1124; x_wconf 87' lang='lat' dir='ltr'><strong>sunt,</strong></span> 
     </span>
    </p>
   </div>
   <div class='ocr_carea' id='block_1_15' title="bbox 483 1148 1105 1206">
    <p class='ocr_par' dir='ltr' id='par_1_15' title="bbox 483 1148 1105 1206">
     <span class='ocr_line' id='line_1_15' title="bbox 483 1148 1105 1206; baseline 0.011 -7"><span class='ocrx_word' id='word_1_90' title='bbox 483 1156 544 1201; x_wconf 90' lang='lat' dir='ltr'><strong>ut</strong></span> <span class='ocrx_word' id='word_1_91' title='bbox 579 1148 770 1204; x_wconf 89' lang='lat' dir='ltr'><strong>multis</strong></span> <span class='ocrx_word' id='word_1_92' title='bbox 800 1165 902 1205; x_wconf 93' lang='lat' dir='ltr'><strong>usu</strong></span> <span class='ocrx_word' id='word_1_93' title='bbox 940 1151 1105 1206; x_wconf 89' lang='lat' dir='ltr'><strong>venit.</strong></span> 
     </span>
    </p>
   </div>
   <div class='ocr_carea' id='block_1_16' title="bbox 485 1246 3486 1320">
    <p class='ocr_par' dir='ltr' id='par_1_16' title="bbox 485 1246 3486 1320">
     <span class='ocr_line' id='line_1_16' title="bbox 485 1246 3486 1320; baseline 0.003 -26"><span class='ocrx_word' id='word_1_94' title='bbox 485 1259 602 1296; x_wconf 77' lang='grc' dir='ltr'><strong>σειο</strong></span> <span class='ocrx_word' id='word_1_95' title='bbox 639 1247 736 1298; x_wconf 79' lang='grc' dir='ltr'><strong>καὶ</strong></span> <span class='ocrx_word' id='word_1_96' title='bbox 784 1247 883 1309; x_wconf 76' lang='grc' dir='ltr'><strong>τὰς</strong></span> <span class='ocrx_word' id='word_1_97' title='bbox 923 1247 1104 1317; x_wconf 73' lang='grc' dir='ltr'><strong>ψυχὰς</strong></span> <span class='ocrx_word' id='word_1_98' title='bbox 1159 1247 1466 1319; x_wconf 77' lang='grc' dir='ltr'><strong>ἐπικάμψει</strong></span> <span class='ocrx_word' id='word_1_99' title='bbox 1517 1251 1656 1320; x_wconf 75' lang='grc' dir='ltr'><strong>πρὸς</strong></span> <span class='ocrx_word' id='word_1_100' title='bbox 1706 1251 1931 1318; x_wconf 76' lang='grc' dir='ltr'><strong>ἀρωγὴν</strong></span> <span class='ocrx_word' id='word_1_101' title='bbox 1979 1248 2066 1302; x_wconf 60' lang='grc' dir='ltr'><strong>καὶ</strong></span> <span class='ocrx_word' id='word_1_102' title='bbox 2094 1246 2353 1318; x_wconf 81' lang='grc' dir='ltr'><strong>βοήθειαν</strong></span> <span class='ocrx_word' id='word_1_103' title='bbox 2379 1249 2612 1304; x_wconf 83' lang='grc' dir='ltr'><strong>τούτου·</strong></span> <span class='ocrx_word' id='word_1_104' title='bbox 2672 1250 2770 1304; x_wconf 65' lang='grc' dir='ltr'><strong>καὶ</strong></span> <span class='ocrx_word' id='word_1_105' title='bbox 2801 1249 3102 1304; x_wconf 83' lang='grc' dir='ltr'><strong>σπεύσουσι</strong></span> <span class='ocrx_word' id='word_1_106' title='bbox 3163 1252 3486 1320; x_wconf 79' lang='grc' dir='ltr'><strong>κινηθέντες</strong></span> 
     </span>
    </p>
   </div>
   <div class='ocr_carea' id='block_1_17' title="bbox 2167 873 3778 947">
    <p class='ocr_par' dir='ltr' id='par_1_17' title="bbox 2167 873 3778 947">
     <span class='ocr_line' id='line_1_17' title="bbox 2167 873 3778 947; baseline 0.001 -19"><span class='ocrx_word' id='word_1_107' title='bbox 2167 873 2387 944; x_wconf 80' lang='grc' dir='ltr'><strong>ἡμέραν</strong></span> <span class='ocrx_word' id='word_1_108' title='bbox 2416 874 2712 945; x_wconf 79' lang='grc' dir='ltr'><strong>ἀναόολῆς.</strong></span> <span class='ocrx_word' id='word_1_109' title='bbox 2747 874 3051 944; x_wconf 71' lang='grc' dir='ltr'><strong>Ἀρπαγεὶς</strong></span> <span class='ocrx_word' id='word_1_110' title='bbox 3073 876 3132 929; x_wconf 79' lang='grc' dir='ltr'><strong>δὲ</strong></span> <span class='ocrx_word' id='word_1_111' title='bbox 3163 879 3294 947; x_wconf 84' lang='grc' dir='ltr'>παρ’</span> <span class='ocrx_word' id='word_1_112' title='bbox 3319 877 3544 942; x_wconf 81' lang='grc' dir='ltr'><strong>ἐλπίδα,</strong></span> <span class='ocrx_word' id='word_1_113' title='bbox 3577 877 3778 930; x_wconf 84' lang='grc' dir='ltr'><strong>τούτου</strong></span> 
     </span>
    </p>
   </div>
   <div class='ocr_carea' id='block_1_18' title="bbox 2177 967 3776 1041">
    <p class='ocr_par' dir='ltr' id='par_1_18' title="bbox 2177 967 3776 1041">
     <span class='ocr_line' id='line_1_18' title="bbox 2177 967 3776 1041; baseline 0.003 -21"><span class='ocrx_word' id='word_1_114' title='bbox 2177 967 2278 1020; x_wconf 81' lang='grc' dir='ltr'><strong>οὐκ</strong></span> <span class='ocrx_word' id='word_1_115' title='bbox 2309 967 2745 1038; x_wconf 74' lang='grc' dir='ltr'><strong>ἐπιλησθὴσεται</strong></span> <span class='ocrx_word' id='word_1_116' title='bbox 2777 972 2807 1022; x_wconf 87' lang='grc' dir='ltr'><strong>ό</strong></span> <span class='ocrx_word' id='word_1_117' title='bbox 2835 969 3043 1033; x_wconf 78' lang='grc' dir='ltr'><strong>δίκαιος</strong></span> <span class='ocrx_word' id='word_1_118' title='bbox 3084 971 3279 1041; x_wconf 82' lang='grc' dir='ltr'><strong>κριτὴς</strong></span> <span class='ocrx_word' id='word_1_119' title='bbox 3309 973 3406 1026; x_wconf 76' lang='grc' dir='ltr'><strong>καὶ</strong></span> <span class='ocrx_word' id='word_1_120' title='bbox 3456 971 3776 1040; x_wconf 80' lang='grc' dir='ltr'><strong>δεσπότης·</strong></span> 
     </span>
    </p>
   </div>
   <div class='ocr_carea' id='block_1_19' title="bbox 2177 1059 3769 1131">
    <p class='ocr_par' dir='ltr' id='par_1_19' title="bbox 2177 1059 3769 1131">
     <span class='ocr_line' id='line_1_19' title="bbox 2177 1059 3769 1131; baseline 0.003 -19"><span class='ocrx_word' id='word_1_121' title='bbox 2177 1059 2294 1112; x_wconf 84' lang='grc' dir='ltr'><strong>ἀλλ’</strong></span> <span class='ocrx_word' id='word_1_122' title='bbox 2321 1062 2506 1131; x_wconf 71' lang='grc' dir='ltr'><strong>ἐγερεῖ</strong></span> <span class='ocrx_word' id='word_1_123' title='bbox 2539 1061 2693 1130; x_wconf 83' lang='grc' dir='ltr'><strong>αὐτῷ</strong></span> <span class='ocrx_word' id='word_1_124' title='bbox 2742 1061 2883 1130; x_wconf 85' lang='grc' dir='ltr'><strong>μετὰ</strong></span> <span class='ocrx_word' id='word_1_125' title='bbox 2928 1063 3162 1116; x_wconf 79' lang='grc' dir='ltr'><strong>θάνατον</strong></span> <span class='ocrx_word' id='word_1_126' title='bbox 3192 1065 3320 1127; x_wconf 75' lang='grc' dir='ltr'><strong>τοὺς</strong></span> <span class='ocrx_word' id='word_1_127' title='bbox 3359 1063 3612 1127; x_wconf 79' lang='grc' dir='ltr'><strong>οἰκείους</strong></span> <span class='ocrx_word' id='word_1_128' title='bbox 3639 1079 3654 1091; x_wconf 88' lang='grc'><strong>·</strong></span> <span class='ocrx_word' id='word_1_129' title='bbox 3694 1067 3769 1117; x_wconf 74' lang='grc' dir='ltr'><strong>καὶ</strong></span> 
     </span>
    </p>
   </div>
   <div class='ocr_carea' id='block_1_20' title="bbox 2176 1152 3770 1225">
    <p class='ocr_par' dir='ltr' id='par_1_20' title="bbox 2176 1152 3770 1225">
     <span class='ocr_line' id='line_1_20' title="bbox 2176 1152 3770 1225; baseline 0.002 -21"><span class='ocrx_word' id='word_1_130' title='bbox 2176 1152 2386 1205; x_wconf 86' lang='grc' dir='ltr'><strong>τούτων</strong></span> <span class='ocrx_word' id='word_1_131' title='bbox 2413 1152 2514 1216; x_wconf 74' lang='grc' dir='ltr'><strong>τὰς</strong></span> <span class='ocrx_word' id='word_1_132' title='bbox 2553 1152 2783 1222; x_wconf 80' lang='grc' dir='ltr'>γνώμας</span> <span class='ocrx_word' id='word_1_133' title='bbox 2816 1153 2989 1206; x_wconf 80' lang='grc' dir='ltr'><strong>ἰθυνεῖ</strong></span> <span class='ocrx_word' id='word_1_134' title='bbox 3011 1168 3025 1182; x_wconf 87' lang='grc'><strong>·</strong></span> <span class='ocrx_word' id='word_1_135' title='bbox 3057 1157 3153 1208; x_wconf 75' lang='grc' dir='ltr'><strong>καὶ</strong></span> <span class='ocrx_word' id='word_1_136' title='bbox 3190 1155 3292 1218; x_wconf 83' lang='grc' dir='ltr'><strong>τὰς</strong></span> <span class='ocrx_word' id='word_1_137' title='bbox 3343 1156 3581 1225; x_wconf 80' lang='grc' dir='ltr'><strong>καρδίας</strong></span> <span class='ocrx_word' id='word_1_138' title='bbox 3627 1155 3770 1208; x_wconf 64' lang='lat'><strong>£3.15-</strong></span> 
     </span>
    </p>
   </div>
   <div class='ocr_carea' id='block_1_21' title="bbox 3563 1252 3773 1308">
    <p class='ocr_par' dir='ltr' id='par_1_21' title="bbox 3563 1252 3773 1308">
     <span class='ocr_line' id='line_1_21' title="bbox 3563 1252 3773 1308; baseline -0.005 -4"><span class='ocrx_word' id='word_1_139' title='bbox 3563 1252 3773 1308; x_wconf 77' lang='grc' dir='ltr'><strong>Θεόθεν.</strong></span> 
     </span>
    </p>
   </div>
   <div class='ocr_carea' id='block_1_22' title="bbox 485 1339 3777 1415">
    <p class='ocr_par' dir='ltr' id='par_1_22' title="bbox 485 1339 3777 1415">
     <span class='ocr_line' id='line_1_22' title="bbox 485 1339 3777 1415; baseline 0.002 -25"><span class='ocrx_word' id='word_1_140' title='bbox 485 1339 582 1390; x_wconf 76' lang='grc' dir='ltr'><strong>καὶ</strong></span> <span class='ocrx_word' id='word_1_141' title='bbox 639 1339 918 1409; x_wconf 60' lang='grc' dir='ltr'><strong>ἁψαμένου</strong></span> <span class='ocrx_word' id='word_1_142' title='bbox 950 1341 1046 1395; x_wconf 80' lang='grc' dir='ltr'><strong>τοῦ</strong></span> <span class='ocrx_word' id='word_1_143' title='bbox 1090 1343 1355 1398; x_wconf 71' lang='grc' dir='ltr'><strong>δεσπότου</strong></span> <span class='ocrx_word' id='word_1_144' title='bbox 1402 1344 1516 1398; x_wconf 80' lang='grc' dir='ltr'><strong>τῶν</strong></span> <span class='ocrx_word' id='word_1_145' title='bbox 1564 1341 1807 1414; x_wconf 79' lang='grc' dir='ltr'><strong>καρδιῶν</strong></span> <span class='ocrx_word' id='word_1_146' title='bbox 1850 1341 2052 1410; x_wconf 80' lang='grc' dir='ltr'><strong>αὐτῶν,</strong></span> <span class='ocrx_word' id='word_1_147' title='bbox 2077 1340 2540 1415; x_wconf 51' lang='grc' dir='ltr'><strong>ἀναπληῴκιουσι</strong></span> <span class='ocrx_word' id='word_1_148' title='bbox 2590 1343 2688 1400; x_wconf 78' lang='grc' dir='ltr'><strong>τοῦ</strong></span> <span class='ocrx_word' id='word_1_149' title='bbox 2724 1344 3010 1414; x_wconf 77' lang='grc' dir='ltr'><strong>οἰχομένου</strong></span> <span class='ocrx_word' id='word_1_150' title='bbox 3037 1343 3107 1398; x_wconf 76' lang='grc' dir='ltr'><strong>τὰ</strong></span> <span class='ocrx_word' id='word_1_151' title='bbox 3143 1343 3540 1415; x_wconf 76' lang='grc' dir='ltr'><strong>ὑστερήματαο</strong></span> <span class='ocrx_word' id='word_1_152' title='bbox 3583 1343 3777 1414; x_wconf 77' lang='grc' dir='ltr'><strong>ὥσπερ</strong></span> 
     </span>
    </p>
   </div>
   <div class='ocr_carea' id='block_1_23' title="bbox 483 1435 1066 1508">
    <p class='ocr_par' dir='ltr' id='par_1_23' title="bbox 483 1435 1066 1508">
     <span class='ocr_line' id='line_1_23' title="bbox 483 1435 1066 1508; baseline 0.003 -18"><span class='ocrx_word' id='word_1_153' title='bbox 483 1437 576 1490; x_wconf 73' lang='grc' dir='ltr'><strong>ἐπὶ</strong></span> <span class='ocrx_word' id='word_1_154' title='bbox 607 1435 822 1490; x_wconf 84' lang='grc' dir='ltr'><strong>πολλῶν</strong></span> <span class='ocrx_word' id='word_1_155' title='bbox 851 1440 1066 1508; x_wconf 66' lang='grc' dir='ltr'><strong>γέγονε.</strong></span> 
     </span>
    </p>
   </div>
   <div class='ocr_carea' id='block_1_24' title="bbox 1253 1531 1318 1589">
    <p class='ocr_par' dir='ltr' id='par_1_24' title="bbox 1253 1531 1318 1589">
     <span class='ocr_line' id='line_1_24' title="bbox 1253 1531 1318 1589; baseline 0.015 -1"><span class='ocrx_word' id='word_1_156' title='bbox 1253 1531 1318 1589; x_wconf 77' lang='grc' dir='ltr'><strong>ν.</strong></span> 
     </span>
    </p>
   </div>
   <div class='ocr_carea' id='block_1_25' title="bbox 565 1625 2076 1703">
    <p class='ocr_par' dir='ltr' id='par_1_25' title="bbox 565 1625 2076 1703">
     <span class='ocr_line' id='line_1_25' title="bbox 565 1625 2076 1703; baseline 0.005 -26"><span class='ocrx_word' id='word_1_157' title='bbox 565 1625 804 1698; x_wconf 85' lang='lat' dir='ltr'><strong>Hujusce</strong></span> <span class='ocrx_word' id='word_1_158' title='bbox 838 1629 916 1684; x_wconf 88' lang='lat' dir='ltr'><strong>rei</strong></span> <span class='ocrx_word' id='word_1_159' title='bbox 953 1633 1105 1688; x_wconf 88' lang='lat' dir='ltr'><strong>testis</strong></span> <span class='ocrx_word' id='word_1_160' title='bbox 1141 1633 1413 1702; x_wconf 75' lang='lat' dir='ltr'><strong>Traianus</strong></span> <span class='ocrx_word' id='word_1_161' title='bbox 1452 1635 1751 1703; x_wconf 82' lang='lat' dir='ltr'><strong>imperator</strong></span> <span class='ocrx_word' id='word_1_162' title='bbox 1793 1638 1848 1686; x_wconf 80' lang='lat' dir='ltr'><strong>et</strong></span> <span class='ocrx_word' id='word_1_163' title='bbox 1876 1630 2076 1701; x_wconf 80' lang='lat' dir='ltr'><strong>imagi-</strong></span> 
     </span>
    </p>
   </div>
   <div class='ocr_carea' id='block_1_26' title="bbox 2939 1532 3013 1588">
    <p class='ocr_par' dir='ltr' id='par_1_26' title="bbox 2939 1532 3013 1588">
     <span class='ocr_line' id='line_1_26' title="bbox 2939 1532 3013 1588; baseline 0.041 -3"><span class='ocrx_word' id='word_1_164' title='bbox 2939 1532 3013 1588; x_wconf 60' lang='grc' dir='ltr'><strong>ΕΩ</strong></span> 
     </span>
    </p>
   </div>
   <div class='ocr_carea' id='block_1_27' title="bbox 2256 1624 3789 1697">
    <p class='ocr_par' dir='ltr' id='par_1_27' title="bbox 2256 1624 3789 1697">
     <span class='ocr_line' id='line_1_27' title="bbox 2256 1624 3789 1697; baseline 0.002 -18"><span class='ocrx_word' id='word_1_165' title='bbox 2256 1625 2367 1680; x_wconf 82' lang='grc' dir='ltr'><strong>Καὶ</strong></span> <span class='ocrx_word' id='word_1_166' title='bbox 2389 1624 2582 1678; x_wconf 87' lang='grc' dir='ltr'><strong>τούτου</strong></span> <span class='ocrx_word' id='word_1_167' title='bbox 2619 1624 2839 1695; x_wconf 77' lang='grc' dir='ltr'><strong>μάρτυς</strong></span> <span class='ocrx_word' id='word_1_168' title='bbox 2858 1626 3129 1694; x_wconf 78' lang='grc' dir='ltr'><strong>Τραϊανὸς</strong></span> <span class='ocrx_word' id='word_1_169' title='bbox 3155 1626 3184 1679; x_wconf 85' lang='grc' dir='ltr'><strong>ό</strong></span> <span class='ocrx_word' id='word_1_170' title='bbox 3213 1626 3495 1697; x_wconf 77' lang='grc' dir='ltr'><strong>βασιλεὺς,</strong></span> <span class='ocrx_word' id='word_1_171' title='bbox 3526 1630 3633 1682; x_wconf 74' lang='grc' dir='ltr'><strong>καὶ</strong></span> <span class='ocrx_word' id='word_1_172' title='bbox 3659 1631 3789 1683; x_wconf 81' lang='grc' dir='ltr'><strong>Θεό-</strong></span> 
     </span>
    </p>
   </div>
   <div class='ocr_carea' id='block_1_28' title="bbox 488 1711 2084 1807">
    <p class='ocr_par' dir='ltr' id='par_1_28' title="bbox 488 1722 2077 1796">
     <span class='ocr_line' id='line_1_28' title="bbox 488 1722 2077 1796; baseline 0.003 -23"><span class='ocrx_word' id='word_1_173' title='bbox 488 1727 620 1775; x_wconf 78' lang='grc' dir='ltr'><strong>ιιιιιη</strong></span> <span class='ocrx_word' id='word_1_174' title='bbox 673 1735 1018 1793; x_wconf 78' lang='lat' dir='ltr'><strong>Oppugnator</strong></span> <span class='ocrx_word' id='word_1_175' title='bbox 1050 1726 1386 1795; x_wconf 80' lang='lat' dir='ltr'><strong>TheOphilus</strong></span> <span class='ocrx_word' id='word_1_176' title='bbox 1414 1767 1429 1788; x_wconf 88' lang='lat'><strong>,</strong></span> <span class='ocrx_word' id='word_1_177' title='bbox 1463 1742 1699 1796; x_wconf 84' lang='lat' dir='ltr'><strong>quorum</strong></span> <span class='ocrx_word' id='word_1_178' title='bbox 1746 1725 1885 1780; x_wconf 89' lang='lat' dir='ltr'><strong>alter</strong></span> <span class='ocrx_word' id='word_1_179' title='bbox 1931 1722 2077 1779; x_wconf 82' lang='lat' dir='ltr'><strong>beati</strong></span> 
     </span>
    </p>
   </div>
   <div class='ocr_carea' id='block_1_29' title="bbox 2190 1711 3789 1807">
    <p class='ocr_par' dir='ltr' id='par_1_29' title="bbox 2190 1711 3789 1793">
     <span class='ocr_line' id='line_1_29' title="bbox 2190 1711 3789 1793; baseline 0.004 -24"><span class='ocrx_word' id='word_1_180' title='bbox 2190 1715 2342 1786; x_wconf 81' lang='grc' dir='ltr'><strong>φιλος</strong></span> <span class='ocrx_word' id='word_1_181' title='bbox 2374 1720 2402 1770; x_wconf 87' lang='grc' dir='ltr'><strong>ὁ</strong></span> <span class='ocrx_word' id='word_1_182' title='bbox 2454 1718 2866 1788; x_wconf 77' lang='grc' dir='ltr'><strong>Είκονομάχος·</strong></span> <span class='ocrx_word' id='word_1_183' title='bbox 2908 1711 2984 1772; x_wconf 78' lang='grc' dir='ltr'><strong>ὧν</strong></span> <span class='ocrx_word' id='word_1_184' title='bbox 3022 1717 3116 1772; x_wconf 73' lang='grc' dir='ltr'><strong>τὸν</strong></span> <span class='ocrx_word' id='word_1_185' title='bbox 3169 1719 3270 1788; x_wconf 77' lang='grc' dir='ltr'><strong>μὲν</strong></span> <span class='ocrx_word' id='word_1_186' title='bbox 3329 1719 3544 1774; x_wconf 79' lang='grc' dir='ltr'>ἔσωσεν</span> <span class='ocrx_word' id='word_1_187' title='bbox 3598 1724 3634 1793; x_wconf 77' lang='grc' dir='ltr'><strong>ἡ</strong></span> <span class='ocrx_word' id='word_1_188' title='bbox 3691 1724 3789 1776; x_wconf 74' lang='grc' dir='ltr'><strong>τοῦ</strong></span> 
     </span>
    </p>
   </div>
   <div class='ocr_carea' id='block_1_30' title="bbox 491 1807 2077 1886">
    <p class='ocr_par' dir='ltr' id='par_1_30' title="bbox 491 1807 2077 1886">
     <span class='ocr_line' id='line_1_30' title="bbox 491 1807 2077 1886; baseline 0.004 -23"><span class='ocrx_word' id='word_1_189' title='bbox 491 1807 740 1880; x_wconf 77' lang='lat' dir='ltr'><strong>Gregorii</strong></span> <span class='ocrx_word' id='word_1_190' title='bbox 779 1814 982 1884; x_wconf 85' lang='lat' dir='ltr'><strong>Dialogi</strong></span> <span class='ocrx_word' id='word_1_191' title='bbox 1014 1831 1187 1886; x_wconf 62' lang='lat' dir='ltr'><strong>papae,</strong></span> <span class='ocrx_word' id='word_1_192' title='bbox 1225 1818 1362 1872; x_wconf 85' lang='lat' dir='ltr'><strong>alter</strong></span> <span class='ocrx_word' id='word_1_193' title='bbox 1392 1818 1704 1874; x_wconf 86' lang='lat' dir='ltr'><strong>divinorum</strong></span> <span class='ocrx_word' id='word_1_194' title='bbox 1751 1827 1809 1872; x_wconf 84' lang='lat' dir='ltr'><strong>et</strong></span> <span class='ocrx_word' id='word_1_195' title='bbox 1858 1827 2077 1871; x_wconf 86' lang='lat' dir='ltr'><strong>sancto-</strong></span> 
     </span>
    </p>
   </div>
   <div class='ocr_carea' id='block_1_31' title="bbox 494 1905 2074 1980">
    <p class='ocr_par' dir='ltr' id='par_1_31' title="bbox 494 1905 2074 1980">
     <span class='ocr_line' id='line_1_31' title="bbox 494 1905 2074 1980; baseline 0.005 -24"><span class='ocrx_word' id='word_1_196' title='bbox 494 1920 616 1958; x_wconf 87' lang='lat' dir='ltr'><strong>rum</strong></span> <span class='ocrx_word' id='word_1_197' title='bbox 669 1905 913 1961; x_wconf 88' lang='lat' dir='ltr'><strong>virorum</strong></span> <span class='ocrx_word' id='word_1_198' title='bbox 964 1919 1020 1964; x_wconf 87' lang='lat' dir='ltr'><strong>et</strong></span> <span class='ocrx_word' id='word_1_199' title='bbox 1067 1911 1325 1979; x_wconf 74' lang='lat' dir='ltr'><strong>Augustae</strong></span> <span class='ocrx_word' id='word_1_200' title='bbox 1357 1919 1610 1966; x_wconf 89' lang='lat' dir='ltr'><strong>servatus</strong></span> <span class='ocrx_word' id='word_1_201' title='bbox 1661 1919 1746 1966; x_wconf 87' lang='lat' dir='ltr'><strong>est</strong></span> <span class='ocrx_word' id='word_1_202' title='bbox 1796 1911 2074 1980; x_wconf 88' lang='lat' dir='ltr'><strong>precibus.</strong></span> 
     </span>
    </p>
   </div>
   <div class='ocr_carea' id='block_1_32' title="bbox 493 1995 2077 2068">
    <p class='ocr_par' dir='ltr' id='par_1_32' title="bbox 493 1995 2077 2068">
     <span class='ocr_line' id='line_1_32' title="bbox 493 1995 2077 2068; baseline 0.006 -20"><span class='ocrx_word' id='word_1_203' title='bbox 493 1995 789 2064; x_wconf 76' lang='lat' dir='ltr'><strong>Nunquam</strong></span> <span class='ocrx_word' id='word_1_204' title='bbox 825 2000 970 2054; x_wconf 86' lang='lat' dir='ltr'><strong>enim</strong></span> <span class='ocrx_word' id='word_1_205' title='bbox 1009 1999 1061 2055; x_wconf 88' lang='lat' dir='ltr'><strong>hi</strong></span> <span class='ocrx_word' id='word_1_206' title='bbox 1101 2002 1334 2057; x_wconf 84' lang='lat' dir='ltr'><strong>salutem</strong></span> <span class='ocrx_word' id='word_1_207' title='bbox 1371 2002 1606 2058; x_wconf 81' lang='lat' dir='ltr'><strong>fuissent</strong></span> <span class='ocrx_word' id='word_1_208' title='bbox 1634 2004 1940 2068; x_wconf 89' lang='lat' dir='ltr'><strong>consecuti,</strong></span> <span class='ocrx_word' id='word_1_209' title='bbox 1974 2003 2077 2059; x_wconf 84' lang='lat' dir='ltr'><strong>nisi</strong></span> 
     </span>
    </p>
   </div>
   <div class='ocr_carea' id='block_1_33' title="bbox 483 2085 2079 2166">
    <p class='ocr_par' dir='ltr' id='par_1_33' title="bbox 483 2085 2079 2166">
     <span class='ocr_line' id='line_1_33' title="bbox 483 2085 2079 2166; baseline 0.006 -24"><span class='ocrx_word' id='word_1_210' title='bbox 483 2085 546 2144; x_wconf 62' lang='lat' dir='ltr'><strong>&#39;et</strong></span> <span class='ocrx_word' id='word_1_211' title='bbox 577 2089 760 2160; x_wconf 83' lang='lat' dir='ltr'><strong>aliqua</strong></span> <span class='ocrx_word' id='word_1_212' title='bbox 793 2091 929 2162; x_wconf 88' lang='lat' dir='ltr'><strong>ipsis</strong></span> <span class='ocrx_word' id='word_1_213' title='bbox 961 2094 1138 2150; x_wconf 84' lang='lat' dir='ltr'><strong>virtus</strong></span> <span class='ocrx_word' id='word_1_214' title='bbox 1167 2096 1392 2159; x_wconf 79' lang='lat' dir='ltr'><strong>inesset,</strong></span> <span class='ocrx_word' id='word_1_215' title='bbox 1422 2111 1586 2166; x_wconf 88' lang='lat' dir='ltr'><strong>quam</strong></span> <span class='ocrx_word' id='word_1_216' title='bbox 1618 2094 1711 2150; x_wconf 92' lang='lat' dir='ltr'><strong>Dei</strong></span> <span class='ocrx_word' id='word_1_217' title='bbox 1734 2096 1947 2164; x_wconf 90' lang='lat' dir='ltr'><strong>justitia</strong></span> <span class='ocrx_word' id='word_1_218' title='bbox 1983 2113 2079 2151; x_wconf 80' lang='lat' dir='ltr'><strong>no-</strong></span> 
     </span>
    </p>
   </div>
   <div class='ocr_carea' id='block_1_34' title="bbox 491 2183 2080 2253">
    <p class='ocr_par' dir='ltr' id='par_1_34' title="bbox 491 2183 2080 2253">
     <span class='ocr_line' id='line_1_34' title="bbox 491 2183 2080 2253; baseline 0.003 -17"><span class='ocrx_word' id='word_1_219' title='bbox 491 2183 593 2237; x_wconf 88' lang='lat' dir='ltr'><strong>luit</strong></span> <span class='ocrx_word' id='word_1_220' title='bbox 628 2185 994 2253; x_wconf 84' lang='lat' dir='ltr'><strong>intercidere;</strong></span> <span class='ocrx_word' id='word_1_221' title='bbox 1029 2187 1111 2242; x_wconf 91' lang='lat' dir='ltr'><strong>vel</strong></span> <span class='ocrx_word' id='word_1_222' title='bbox 1156 2189 1200 2242; x_wconf 89' lang='lat' dir='ltr'><strong>si</strong></span> <span class='ocrx_word' id='word_1_223' title='bbox 1235 2203 1340 2242; x_wconf 89' lang='lat' dir='ltr'><strong>non</strong></span> <span class='ocrx_word' id='word_1_224' title='bbox 1372 2189 1569 2252; x_wconf 76' lang='lat' dir='ltr'><strong>virtus,</strong></span> <span class='ocrx_word' id='word_1_225' title='bbox 1618 2196 1675 2242; x_wconf 88' lang='lat' dir='ltr'><strong>at</strong></span> <span class='ocrx_word' id='word_1_226' title='bbox 1719 2189 1909 2244; x_wconf 87' lang='lat' dir='ltr'><strong>saltem</strong></span> <span class='ocrx_word' id='word_1_227' title='bbox 1943 2202 2080 2242; x_wconf 88' lang='lat' dir='ltr'><strong>con-</strong></span> 
     </span>
    </p>
   </div>
   <div class='ocr_carea' id='block_1_35' title="bbox 490 2277 2077 2352">
    <p class='ocr_par' dir='ltr' id='par_1_35' title="bbox 490 2277 2077 2352">
     <span class='ocr_line' id='line_1_35' title="bbox 490 2277 2077 2352; baseline 0.004 -21"><span class='ocrx_word' id='word_1_228' title='bbox 490 2277 680 2344; x_wconf 76' lang='lat' dir='ltr'><strong>fessio.</strong></span> <span class='ocrx_word' id='word_1_229' title='bbox 716 2279 904 2349; x_wconf 82' lang='lat' dir='ltr'><strong>Neque</strong></span> <span class='ocrx_word' id='word_1_230' title='bbox 929 2281 1072 2335; x_wconf 88' lang='lat' dir='ltr'><strong>enim</strong></span> <span class='ocrx_word' id='word_1_231' title='bbox 1111 2289 1206 2336; x_wconf 85' lang='lat' dir='ltr'><strong>aut</strong></span> <span class='ocrx_word' id='word_1_232' title='bbox 1235 2291 1550 2336; x_wconf 72' lang='lat' dir='ltr'><strong>sanctorum</strong></span> <span class='ocrx_word' id='word_1_233' title='bbox 1581 2283 1826 2336; x_wconf 91' lang='lat' dir='ltr'><strong>virorum</strong></span> <span class='ocrx_word' id='word_1_234' title='bbox 1863 2297 2077 2352; x_wconf 86' lang='lat' dir='ltr'><strong>preces,</strong></span> 
     </span>
    </p>
   </div>
   <div class='ocr_carea' id='block_1_36' title="bbox 491 2374 2078 2447">
    <p class='ocr_par' dir='ltr' id='par_1_36' title="bbox 491 2374 2078 2447">
     <span class='ocr_line' id='line_1_36' title="bbox 491 2374 2078 2447; baseline 0.006 -24"><span class='ocrx_word' id='word_1_235' title='bbox 491 2383 586 2428; x_wconf 77' lang='grc' dir='ltr'><strong>ιιιιι</strong></span> <span class='ocrx_word' id='word_1_236' title='bbox 634 2374 893 2443; x_wconf 75' lang='lat' dir='ltr'><strong>Augustae</strong></span> <span class='ocrx_word' id='word_1_237' title='bbox 939 2376 1184 2431; x_wconf 83' lang='lat' dir='ltr'><strong>studium</strong></span> <span class='ocrx_word' id='word_1_238' title='bbox 1226 2392 1324 2446; x_wconf 85' lang='lat' dir='ltr'><strong>pro</strong></span> <span class='ocrx_word' id='word_1_239' title='bbox 1378 2377 1688 2447; x_wconf 80' lang='lat' dir='ltr'><strong>Theophila</strong></span> <span class='ocrx_word' id='word_1_240' title='bbox 1741 2379 2078 2446; x_wconf 52' lang='lat' dir='ltr'><strong>valuissentl,</strong></span> 
     </span>
    </p>
   </div>
   <div class='ocr_carea' id='block_1_37' title="bbox 491 2453 2080 2542">
    <p class='ocr_par' dir='ltr' id='par_1_37' title="bbox 491 2453 2080 2542">
     <span class='ocr_line' id='line_1_37' title="bbox 491 2453 2080 2542; baseline 0.005 -22"><span class='ocrx_word' id='word_1_241' title='bbox 491 2467 596 2524; x_wconf 87' lang='lat' dir='ltr'><strong>nisi</strong></span> <span class='ocrx_word' id='word_1_242' title='bbox 633 2470 786 2538; x_wconf 87' lang='lat' dir='ltr'><strong>prius</strong></span> <span class='ocrx_word' id='word_1_243' title='bbox 806 2453 905 2523; x_wconf 73' lang='lat' dir='ltr'><strong>ille</strong></span> <span class='ocrx_word' id='word_1_244' title='bbox 933 2485 1093 2525; x_wconf 91' lang='lat' dir='ltr'><strong>suum</strong></span> <span class='ocrx_word' id='word_1_245' title='bbox 1145 2479 1429 2541; x_wconf 86' lang='lat' dir='ltr'><strong>peccatum</strong></span> <span class='ocrx_word' id='word_1_246' title='bbox 1466 2487 1614 2526; x_wconf 81' lang='lat' dir='ltr'><strong>esset</strong></span> <span class='ocrx_word' id='word_1_247' title='bbox 1656 2473 1942 2528; x_wconf 80' lang='lat' dir='ltr'><strong>confessus</strong></span> <span class='ocrx_word' id='word_1_248' title='bbox 1979 2474 2080 2542; x_wconf 87' lang='lat' dir='ltr'><strong>(l),</strong></span> 
     </span>
    </p>
   </div>
   <div class='ocr_carea' id='block_1_38' title="bbox 492 2563 2084 2634">
    <p class='ocr_par' dir='ltr' id='par_1_38' title="bbox 492 2563 2084 2634">
     <span class='ocr_line' id='line_1_38' title="bbox 492 2563 2084 2634; baseline 0.003 -18"><span class='ocrx_word' id='word_1_249' title='bbox 492 2572 825 2632; x_wconf 86' lang='lat' dir='ltr'><strong>sanctasque</strong></span> <span class='ocrx_word' id='word_1_250' title='bbox 846 2563 1114 2634; x_wconf 79' lang='lat' dir='ltr'><strong>imagines</strong></span> <span class='ocrx_word' id='word_1_251' title='bbox 1137 2565 1316 2620; x_wconf 91' lang='lat' dir='ltr'><strong>colere</strong></span> <span class='ocrx_word' id='word_1_252' title='bbox 1341 2571 1396 2618; x_wconf 93' lang='lat' dir='ltr'><strong>et</strong></span> <span class='ocrx_word' id='word_1_253' title='bbox 1428 2565 1688 2619; x_wconf 88' lang='lat' dir='ltr'><strong>honorari</strong></span> <span class='ocrx_word' id='word_1_254' title='bbox 1720 2565 1929 2634; x_wconf 80' lang='lat' dir='ltr'><strong>justum</strong></span> <span class='ocrx_word' id='word_1_255' title='bbox 1963 2581 2084 2620; x_wconf 70' lang='lat' dir='ltr'><strong>esse</strong></span> 
     </span>
    </p>
   </div>
   <div class='ocr_carea' id='block_1_39' title="bbox 493 2656 2085 2726">
    <p class='ocr_par' dir='ltr' id='par_1_39' title="bbox 493 2656 2085 2726">
     <span class='ocr_line' id='line_1_39' title="bbox 493 2656 2085 2726; baseline 0.004 -18"><span class='ocrx_word' id='word_1_256' title='bbox 493 2657 858 2711; x_wconf 78' lang='lat' dir='ltr'><strong>asseruisset:</strong></span> <span class='ocrx_word' id='word_1_257' title='bbox 897 2656 1157 2726; x_wconf 86' lang='lat' dir='ltr'><strong>quoniam</strong></span> <span class='ocrx_word' id='word_1_258' title='bbox 1191 2659 1431 2713; x_wconf 84' lang='lat' dir='ltr'><strong>is&#39;valde</strong></span> <span class='ocrx_word' id='word_1_259' title='bbox 1477 2660 1679 2714; x_wconf 90' lang='lat' dir='ltr'><strong>virtute</strong></span> <span class='ocrx_word' id='word_1_260' title='bbox 1710 2659 1940 2715; x_wconf 86' lang='lat' dir='ltr'><strong>illustris</strong></span> <span class='ocrx_word' id='word_1_261' title='bbox 1989 2675 2085 2714; x_wconf 83' lang='lat' dir='ltr'><strong>ex-</strong></span> 
     </span>
    </p>
   </div>
   <div class='ocr_carea' id='block_1_40' title="bbox 494 2748 2082 2819">
    <p class='ocr_par' dir='ltr' id='par_1_40' title="bbox 494 2748 2082 2819">
     <span class='ocr_line' id='line_1_40' title="bbox 494 2748 2082 2819; baseline 0.003 -18"><span class='ocrx_word' id='word_1_262' title='bbox 494 2748 659 2812; x_wconf 84' lang='lat' dir='ltr'><strong>stitit,</strong></span> <span class='ocrx_word' id='word_1_263' title='bbox 691 2749 784 2804; x_wconf 89' lang='lat' dir='ltr'><strong>sed</strong></span> <span class='ocrx_word' id='word_1_264' title='bbox 836 2765 959 2804; x_wconf 86' lang='lat' dir='ltr'><strong>cum</strong></span> <span class='ocrx_word' id='word_1_265' title='bbox 1009 2750 1063 2804; x_wconf 93' lang='lat' dir='ltr'><strong>in</strong></span> <span class='ocrx_word' id='word_1_266' title='bbox 1117 2751 1368 2805; x_wconf 63' lang='lat' dir='ltr'><strong>heresim</strong></span> <span class='ocrx_word' id='word_1_267' title='bbox 1421 2749 1680 2819; x_wconf 83' lang='lat' dir='ltr'><strong>delapsus</strong></span> <span class='ocrx_word' id='word_1_268' title='bbox 1711 2758 1857 2805; x_wconf 87' lang='lat' dir='ltr'><strong>esset</strong></span> <span class='ocrx_word' id='word_1_269' title='bbox 1889 2766 2082 2805; x_wconf 91' lang='lat' dir='ltr'><strong>eorum</strong></span> 
     </span>
    </p>
   </div>
   <div class='ocr_carea' id='block_1_41' title="bbox 493 2844 2082 2916">
    <p class='ocr_par' dir='ltr' id='par_1_41' title="bbox 493 2844 2082 2916">
     <span class='ocr_line' id='line_1_41' title="bbox 493 2844 2082 2916; baseline 0.002 -19"><span class='ocrx_word' id='word_1_270' title='bbox 493 2844 585 2912; x_wconf 90' lang='lat' dir='ltr'><strong>qui</strong></span> <span class='ocrx_word' id='word_1_271' title='bbox 625 2844 888 2914; x_wconf 79' lang='lat' dir='ltr'><strong>imagines</strong></span> <span class='ocrx_word' id='word_1_272' title='bbox 911 2845 1323 2915; x_wconf 81' lang='lat' dir='ltr'><strong>eppttgnabant,</strong></span> <span class='ocrx_word' id='word_1_273' title='bbox 1355 2855 1416 2900; x_wconf 90' lang='lat' dir='ltr'><strong>ut</strong></span> <span class='ocrx_word' id='word_1_274' title='bbox 1445 2845 1514 2901; x_wconf 84' lang='lat' dir='ltr'><strong>de</strong></span> <span class='ocrx_word' id='word_1_275' title='bbox 1533 2859 1600 2899; x_wconf 92' lang='lat' dir='ltr'><strong>eo</strong></span> <span class='ocrx_word' id='word_1_276' title='bbox 1629 2846 1946 2916; x_wconf 89' lang='lat' dir='ltr'><strong>conscripta</strong></span> <span class='ocrx_word' id='word_1_277' title='bbox 1977 2846 2082 2900; x_wconf 85' lang='lat' dir='ltr'><strong>do-</strong></span> 
     </span>
    </p>
   </div>
   <div class='ocr_carea' id='block_1_42' title="bbox 494 2935 2086 3005">
    <p class='ocr_par' dir='ltr' id='par_1_42' title="bbox 494 2935 2086 3005">
     <span class='ocr_line' id='line_1_42' title="bbox 494 2935 2086 3005; baseline 0.006 -18"><span class='ocrx_word' id='word_1_278' title='bbox 494 2948 580 2989; x_wconf 83' lang='lat' dir='ltr'><strong>ret</strong></span> <span class='ocrx_word' id='word_1_279' title='bbox 617 2936 870 3002; x_wconf 83' lang='lat' dir='ltr'><strong>historia,</strong></span> <span class='ocrx_word' id='word_1_280' title='bbox 922 2949 986 2992; x_wconf 87' lang='lat' dir='ltr'><strong>os</strong></span> <span class='ocrx_word' id='word_1_281' title='bbox 1027 2935 1152 3005; x_wconf 82' lang='lat' dir='ltr'><strong>ejus</strong></span> <span class='ocrx_word' id='word_1_282' title='bbox 1190 2937 1488 2992; x_wconf 86' lang='lat' dir='ltr'><strong>admodum</strong></span> <span class='ocrx_word' id='word_1_283' title='bbox 1545 2937 1830 2993; x_wconf 85' lang='lat' dir='ltr'><strong>diductum</strong></span> <span class='ocrx_word' id='word_1_284' title='bbox 1861 2947 1967 3001; x_wconf 88' lang='lat' dir='ltr'><strong>est.</strong></span> <span class='ocrx_word' id='word_1_285' title='bbox 2010 2939 2086 2996; x_wconf 85' lang='lat' dir='ltr'><strong>ita</strong></span> 
     </span>
    </p>
   </div>
   <div class='ocr_carea' id='block_1_43' title="bbox 495 3029 2089 3100">
    <p class='ocr_par' dir='ltr' id='par_1_43' title="bbox 495 3029 2089 3100">
     <span class='ocr_line' id='line_1_43' title="bbox 495 3029 2089 3100; baseline 0.004 -20"><span class='ocrx_word' id='word_1_286' title='bbox 495 3039 557 3082; x_wconf 87' lang='lat' dir='ltr'><strong>ut</strong></span> <span class='ocrx_word' id='word_1_287' title='bbox 585 3029 801 3084; x_wconf 82' lang='lat' dir='ltr'><strong>viscera</strong></span> <span class='ocrx_word' id='word_1_288' title='bbox 834 3029 1334 3099; x_wconf 74' lang='lat' dir='ltr'><strong>conspicerentur;</strong></span> <span class='ocrx_word' id='word_1_289' title='bbox 1367 3039 1494 3100; x_wconf 87' lang='lat' dir='ltr'><strong>post</strong></span> <span class='ocrx_word' id='word_1_290' title='bbox 1525 3045 1649 3085; x_wconf 89' lang='lat' dir='ltr'><strong>cum</strong></span> <span class='ocrx_word' id='word_1_291' title='bbox 1683 3031 1800 3100; x_wconf 88' lang='lat' dir='ltr'><strong>ipsa</strong></span> <span class='ocrx_word' id='word_1_292' title='bbox 1832 3046 1890 3087; x_wconf 90' lang='lat' dir='ltr'><strong>re</strong></span> <span class='ocrx_word' id='word_1_293' title='bbox 1924 3046 2089 3086; x_wconf 89' lang='lat' dir='ltr'><strong>vene-</strong></span> 
     </span>
    </p>
   </div>
   <div class='ocr_carea' id='block_1_44' title="bbox 2182 1812 3792 1886">
    <p class='ocr_par' dir='ltr' id='par_1_44' title="bbox 2182 1812 3792 1886">
     <span class='ocr_line' id='line_1_44' title="bbox 2182 1812 3792 1886; baseline 0.004 -23"><span class='ocrx_word' id='word_1_294' title='bbox 2182 1812 2462 1881; x_wconf 85' lang='grc' dir='ltr'><strong>μακαρίου</strong></span> <span class='ocrx_word' id='word_1_295' title='bbox 2513 1813 2816 1884; x_wconf 85' lang='grc' dir='ltr'><strong>Γρηγορίου</strong></span> <span class='ocrx_word' id='word_1_296' title='bbox 2845 1814 2939 1866; x_wconf 77' lang='grc' dir='ltr'><strong>τοῦ</strong></span> <span class='ocrx_word' id='word_1_297' title='bbox 2971 1813 3233 1882; x_wconf 78' lang='grc' dir='ltr'><strong>Διαλόγου</strong></span> <span class='ocrx_word' id='word_1_298' title='bbox 3291 1815 3497 1870; x_wconf 79' lang='grc' dir='ltr'><strong>πάππα</strong></span> <span class='ocrx_word' id='word_1_299' title='bbox 3551 1815 3792 1886; x_wconf 81' lang='grc' dir='ltr'><strong>Ῥώμης</strong></span> 
     </span>
    </p>
   </div>
   <div class='ocr_carea' id='block_1_45' title="bbox 2179 1907 3790 1979">
    <p class='ocr_par' dir='ltr' id='par_1_45' title="bbox 2179 1907 3790 1979">
     <span class='ocr_line' id='line_1_45' title="bbox 2179 1907 3790 1979; baseline 0.002 -20"><span class='ocrx_word' id='word_1_300' title='bbox 2179 1907 2365 1975; x_wconf 81' lang='grc' dir='ltr'><strong>δέησις</strong></span> <span class='ocrx_word' id='word_1_301' title='bbox 2393 1922 2411 1938; x_wconf 80' lang='grc' dir='ltr'>ο</span> <span class='ocrx_word' id='word_1_302' title='bbox 2449 1907 2543 1958; x_wconf 79' lang='grc' dir='ltr'><strong>τὸν</strong></span> <span class='ocrx_word' id='word_1_303' title='bbox 2581 1907 2662 1970; x_wconf 82' lang='grc' dir='ltr'><strong>δὲ,</strong></span> <span class='ocrx_word' id='word_1_304' title='bbox 2711 1908 2822 1960; x_wconf 82' lang='grc' dir='ltr'><strong>τῶν</strong></span> <span class='ocrx_word' id='word_1_305' title='bbox 2853 1907 3134 1976; x_wconf 83' lang='grc' dir='ltr'><strong>Οεοφόρων</strong></span> <span class='ocrx_word' id='word_1_306' title='bbox 3183 1909 3279 1960; x_wconf 73' lang='grc' dir='ltr'><strong>καὶ</strong></span> <span class='ocrx_word' id='word_1_307' title='bbox 3314 1907 3494 1974; x_wconf 80' lang='grc' dir='ltr'><strong>ἁγίων</strong></span> <span class='ocrx_word' id='word_1_308' title='bbox 3539 1910 3790 1979; x_wconf 79' lang='grc' dir='ltr'><strong>ἀνδρῶν,</strong></span> 
     </span>
    </p>
   </div>
   <div class='ocr_carea' id='block_1_46' title="bbox 2181 2000 3793 2072">
    <p class='ocr_par' dir='ltr' id='par_1_46' title="bbox 2181 2000 3793 2072">
     <span class='ocr_line' id='line_1_46' title="bbox 2181 2000 3793 2072; baseline 0.003 -20"><span class='ocrx_word' id='word_1_309' title='bbox 2181 2003 2278 2052; x_wconf 71' lang='grc' dir='ltr'><strong>καὶ</strong></span> <span class='ocrx_word' id='word_1_310' title='bbox 2307 2001 2408 2070; x_wconf 81' lang='grc' dir='ltr'><strong>τῆς</strong></span> <span class='ocrx_word' id='word_1_311' title='bbox 2447 2000 2792 2071; x_wconf 83' lang='grc' dir='ltr'><strong>βασιλίσσης,</strong></span> <span class='ocrx_word' id='word_1_312' title='bbox 2826 2001 2902 2054; x_wconf 83' lang='grc' dir='ltr'><strong>Οὐ</strong></span> <span class='ocrx_word' id='word_1_313' title='bbox 2947 2001 3058 2070; x_wconf 82' lang='grc' dir='ltr'><strong>γὰρ</strong></span> <span class='ocrx_word' id='word_1_314' title='bbox 3091 2000 3158 2054; x_wconf 81' lang='grc' dir='ltr'>ἄν</span> <span class='ocrx_word' id='word_1_315' title='bbox 3200 2018 3331 2054; x_wconf 77' lang='grc' dir='ltr'><strong>ποτε</strong></span> <span class='ocrx_word' id='word_1_316' title='bbox 3361 2002 3517 2056; x_wconf 76' lang='grc' dir='ltr'><strong>οὗτοι</strong></span> <span class='ocrx_word' id='word_1_317' title='bbox 3568 2004 3793 2072; x_wconf 57' lang='lat'><strong>£5691;-</strong></span> 
     </span>
    </p>
   </div>
   <div class='ocr_carea' id='block_1_47' title="bbox 2183 2094 3790 2168">
    <p class='ocr_par' dir='ltr' id='par_1_47' title="bbox 2183 2094 3790 2168">
     <span class='ocr_line' id='line_1_47' title="bbox 2183 2094 3790 2168; baseline 0.002 -23"><span class='ocrx_word' id='word_1_318' title='bbox 2183 2110 2304 2155; x_wconf 88' lang='grc' dir='ltr'><strong>σαν,</strong></span> <span class='ocrx_word' id='word_1_319' title='bbox 2345 2095 2417 2162; x_wconf 82' lang='grc' dir='ltr'><strong>μὴ</strong></span> <span class='ocrx_word' id='word_1_320' title='bbox 2469 2094 2566 2147; x_wconf 75' lang='grc' dir='ltr'><strong>καὶ</strong></span> <span class='ocrx_word' id='word_1_321' title='bbox 2600 2095 2756 2147; x_wconf 74' lang='grc' dir='ltr'><strong>αὐτοί</strong></span> <span class='ocrx_word' id='word_1_322' title='bbox 2798 2112 2922 2146; x_wconf 87' lang='grc' dir='ltr'><strong>τινα</strong></span> <span class='ocrx_word' id='word_1_323' title='bbox 2971 2094 3176 2164; x_wconf 79' lang='grc' dir='ltr'><strong>ἀρετὴν</strong></span> <span class='ocrx_word' id='word_1_324' title='bbox 3225 2095 3468 2165; x_wconf 78' lang='grc' dir='ltr'><strong>ἔχοντες,</strong></span> <span class='ocrx_word' id='word_1_325' title='bbox 3497 2096 3570 2168; x_wconf 81' lang='grc' dir='ltr'><strong>ἢν</strong></span> <span class='ocrx_word' id='word_1_326' title='bbox 3626 2098 3664 2166; x_wconf 78' lang='grc' dir='ltr'><strong>ἡ</strong></span> <span class='ocrx_word' id='word_1_327' title='bbox 3695 2099 3790 2150; x_wconf 74' lang='grc' dir='ltr'><strong>τοῦ</strong></span> 
     </span>
    </p>
   </div>
   <div class='ocr_carea' id='block_1_48' title="bbox 2182 2186 3791 2258">
    <p class='ocr_par' dir='ltr' id='par_1_48' title="bbox 2182 2186 3791 2258">
     <span class='ocr_line' id='line_1_48' title="bbox 2182 2186 3791 2258; baseline 0 -19"><span class='ocrx_word' id='word_1_328' title='bbox 2182 2187 2320 2240; x_wconf 81' lang='grc' dir='ltr'><strong>Θεοῦ</strong></span> <span class='ocrx_word' id='word_1_329' title='bbox 2347 2186 2668 2258; x_wconf 75' lang='grc' dir='ltr'><strong>δικαιοσύνη</strong></span> <span class='ocrx_word' id='word_1_330' title='bbox 2699 2188 2799 2240; x_wconf 85' lang='grc' dir='ltr'><strong>οὐκ</strong></span> <span class='ocrx_word' id='word_1_331' title='bbox 2847 2186 3122 2258; x_wconf 75' lang='grc' dir='ltr'><strong>ἠθέλησεν</strong></span> <span class='ocrx_word' id='word_1_332' title='bbox 3165 2186 3500 2240; x_wconf 79' lang='grc' dir='ltr'><strong>ἀπολέσθαι·</strong></span> <span class='ocrx_word' id='word_1_333' title='bbox 3531 2186 3568 2258; x_wconf 80' lang='grc' dir='ltr'>ἢ</span> <span class='ocrx_word' id='word_1_334' title='bbox 3615 2188 3668 2240; x_wconf 86' lang='grc' dir='ltr'><strong>εί</strong></span> <span class='ocrx_word' id='word_1_335' title='bbox 3716 2188 3791 2257; x_wconf 81' lang='grc' dir='ltr'><strong>μὴ</strong></span> 
     </span>
    </p>
   </div>
   <div class='ocr_carea' id='block_1_49' title="bbox 2184 2279 3792 2350">
    <p class='ocr_par' dir='ltr' id='par_1_49' title="bbox 2184 2279 3792 2350">
     <span class='ocr_line' id='line_1_49' title="bbox 2184 2279 3792 2350; baseline 0 -17"><span class='ocrx_word' id='word_1_336' title='bbox 2184 2279 2412 2350; x_wconf 76' lang='grc' dir='ltr'><strong>ἀρετὴν,</strong></span> <span class='ocrx_word' id='word_1_337' title='bbox 2465 2279 2586 2332; x_wconf 85' lang='grc' dir='ltr'><strong>ἀλλ’</strong></span> <span class='ocrx_word' id='word_1_338' title='bbox 2618 2279 3014 2350; x_wconf 79' lang='grc' dir='ltr'><strong>ὲξομολόγησίν</strong></span> <span class='ocrx_word' id='word_1_339' title='bbox 3044 2296 3128 2348; x_wconf 89' lang='grc' dir='ltr'><strong>γε.</strong></span> <span class='ocrx_word' id='word_1_340' title='bbox 3166 2280 3242 2332; x_wconf 77' lang='grc' dir='ltr'><strong>Οὐ</strong></span> <span class='ocrx_word' id='word_1_341' title='bbox 3295 2281 3409 2350; x_wconf 77' lang='grc' dir='ltr'><strong>γὰρ</strong></span> <span class='ocrx_word' id='word_1_342' title='bbox 3453 2279 3521 2332; x_wconf 75' lang='grc' dir='ltr'><strong>ἂν</strong></span> <span class='ocrx_word' id='word_1_343' title='bbox 3555 2280 3792 2350; x_wconf 77' lang='grc' dir='ltr'><strong>ἴσχυσεν</strong></span> 
     </span>
    </p>
   </div>
   <div class='ocr_carea' id='block_1_50' title="bbox 2181 2368 3791 2444">
    <p class='ocr_par' dir='ltr' id='par_1_50' title="bbox 2181 2368 3791 2444">
     <span class='ocr_line' id='line_1_50' title="bbox 2181 2368 3791 2444; baseline 0.001 -19"><span class='ocrx_word' id='word_1_344' title='bbox 2181 2374 2215 2443; x_wconf 72' lang='grc' dir='ltr'><strong>ἡ</strong></span> <span class='ocrx_word' id='word_1_345' title='bbox 2252 2373 2358 2426; x_wconf 83' lang='grc' dir='ltr'><strong>τῶν</strong></span> <span class='ocrx_word' id='word_1_346' title='bbox 2386 2373 2562 2437; x_wconf 82' lang='grc' dir='ltr'>ἁγίων</span> <span class='ocrx_word' id='word_1_347' title='bbox 2597 2372 2808 2440; x_wconf 83' lang='grc' dir='ltr'>ἀνδρῶν</span> <span class='ocrx_word' id='word_1_348' title='bbox 2845 2372 3074 2426; x_wconf 73' lang='grc' dir='ltr'><strong>ἐκείνων</strong></span> <span class='ocrx_word' id='word_1_349' title='bbox 3119 2368 3327 2444; x_wconf 73' lang='grc' dir='ltr'><strong>δέησις,</strong></span> <span class='ocrx_word' id='word_1_350' title='bbox 3361 2371 3458 2424; x_wconf 73' lang='grc' dir='ltr'><strong>καὶ</strong></span> <span class='ocrx_word' id='word_1_351' title='bbox 3485 2374 3518 2442; x_wconf 79' lang='grc' dir='ltr'>ἡ</span> <span class='ocrx_word' id='word_1_352' title='bbox 3552 2373 3662 2441; x_wconf 79' lang='grc' dir='ltr'><strong>τῆς</strong></span> <span class='ocrx_word' id='word_1_353' title='bbox 3696 2373 3791 2442; x_wconf 66' lang='grc' dir='ltr'><strong>βας</strong></span> 
     </span>
    </p>
   </div>
   <div class='ocr_carea' id='block_1_51' title="bbox 2185 2465 3794 2537">
    <p class='ocr_par' dir='ltr' id='par_1_51' title="bbox 2185 2465 3794 2537">
     <span class='ocr_line' id='line_1_51' title="bbox 2185 2465 3794 2537; baseline 0.001 -20"><span class='ocrx_word' id='word_1_354' title='bbox 2185 2466 2436 2536; x_wconf 85' lang='grc' dir='ltr'><strong>σιλίσσης</strong></span> <span class='ocrx_word' id='word_1_355' title='bbox 2463 2467 2670 2537; x_wconf 82' lang='grc' dir='ltr'><strong>σπουδὴ</strong></span> <span class='ocrx_word' id='word_1_356' title='bbox 2703 2465 2847 2533; x_wconf 80' lang='grc' dir='ltr'><strong>ὑπὲρ</strong></span> <span class='ocrx_word' id='word_1_357' title='bbox 2871 2465 3159 2535; x_wconf 79' lang='grc' dir='ltr'><strong>Θεοφίλου,</strong></span> <span class='ocrx_word' id='word_1_358' title='bbox 3201 2467 3249 2519; x_wconf 87' lang='grc' dir='ltr'><strong>εἰ</strong></span> <span class='ocrx_word' id='word_1_359' title='bbox 3284 2466 3360 2535; x_wconf 74' lang='grc' dir='ltr'><strong>μὴ</strong></span> <span class='ocrx_word' id='word_1_360' title='bbox 3390 2465 3612 2525; x_wconf 78' lang='grc' dir='ltr'><strong>ἐκεῖνος</strong></span> <span class='ocrx_word' id='word_1_361' title='bbox 3636 2467 3794 2535; x_wconf 77' lang='grc' dir='ltr'>πριῖι-</span> 
     </span>
    </p>
   </div>
   <div class='ocr_carea' id='block_1_52' title="bbox 2185 2555 3797 2630">
    <p class='ocr_par' dir='ltr' id='par_1_52' title="bbox 2185 2555 3797 2630">
     <span class='ocr_line' id='line_1_52' title="bbox 2185 2555 3797 2630; baseline 0.001 -19"><span class='ocrx_word' id='word_1_362' title='bbox 2185 2575 2279 2612; x_wconf 90' lang='grc' dir='ltr'><strong>τον</strong></span> <span class='ocrx_word' id='word_1_363' title='bbox 2315 2560 2640 2629; x_wconf 81' lang='grc' dir='ltr'><strong>ὡμολόγησε</strong></span> <span class='ocrx_word' id='word_1_364' title='bbox 2696 2559 2757 2612; x_wconf 84' lang='grc' dir='ltr'><strong>τὺ</strong></span> <span class='ocrx_word' id='word_1_365' title='bbox 2804 2560 3006 2613; x_wconf 87' lang='grc' dir='ltr'><strong>οίκεῖον</strong></span> <span class='ocrx_word' id='word_1_366' title='bbox 3061 2561 3353 2630; x_wconf 80' lang='grc' dir='ltr'><strong>πταῖσμα,</strong></span> <span class='ocrx_word' id='word_1_367' title='bbox 3405 2559 3592 2613; x_wconf 74' lang='grc' dir='ltr'><strong>καλὸν</strong></span> <span class='ocrx_word' id='word_1_368' title='bbox 3643 2555 3797 2613; x_wconf 77' lang='grc' dir='ltr'><strong>εἶναι</strong></span> 
     </span>
    </p>
   </div>
   <div class='ocr_carea' id='block_1_53' title="bbox 2185 2649 3796 2724">
    <p class='ocr_par' dir='ltr' id='par_1_53' title="bbox 2185 2649 3796 2724">
     <span class='ocr_line' id='line_1_53' title="bbox 2185 2649 3796 2724; baseline -0.002 -17"><span class='ocrx_word' id='word_1_369' title='bbox 2185 2655 2370 2724; x_wconf 85' lang='grc' dir='ltr'><strong>φήσας</strong></span> <span class='ocrx_word' id='word_1_370' title='bbox 2401 2653 2500 2718; x_wconf 79' lang='grc' dir='ltr'><strong>τὰς</strong></span> <span class='ocrx_word' id='word_1_371' title='bbox 2528 2653 2692 2722; x_wconf 77' lang='grc' dir='ltr'><strong>ἁγίας</strong></span> <span class='ocrx_word' id='word_1_372' title='bbox 2721 2654 2936 2716; x_wconf 75' lang='grc' dir='ltr'><strong>εἰκόνας</strong></span> <span class='ocrx_word' id='word_1_373' title='bbox 2962 2653 3228 2723; x_wconf 83' lang='grc' dir='ltr'><strong>τιμᾶσθαι</strong></span> <span class='ocrx_word' id='word_1_374' title='bbox 3266 2653 3359 2706; x_wconf 73' lang='grc' dir='ltr'><strong>καὶ</strong></span> <span class='ocrx_word' id='word_1_375' title='bbox 3390 2653 3664 2707; x_wconf 76' lang='grc' dir='ltr'><strong>σέϐεσθαι</strong></span> <span class='ocrx_word' id='word_1_376' title='bbox 3683 2671 3700 2687; x_wconf 88' lang='grc'><strong>·</strong></span> <span class='ocrx_word' id='word_1_377' title='bbox 3728 2649 3796 2724; x_wconf 72' lang='grc' dir='ltr'><strong>ἦν</strong></span> 
     </span>
    </p>
   </div>
   <div class='ocr_carea' id='block_1_54' title="bbox 2187 2741 3798 2816">
    <p class='ocr_par' dir='ltr' id='par_1_54' title="bbox 2187 2741 3798 2816">
     <span class='ocr_line' id='line_1_54' title="bbox 2187 2741 3798 2816; baseline -0.003 -17"><span class='ocrx_word' id='word_1_378' title='bbox 2187 2746 2296 2814; x_wconf 83' lang='grc' dir='ltr'><strong>γὰρ</strong></span> <span class='ocrx_word' id='word_1_379' title='bbox 2327 2745 2604 2816; x_wconf 76' lang='grc' dir='ltr'><strong>ἐνάρετος,</strong></span> <span class='ocrx_word' id='word_1_380' title='bbox 2637 2747 2664 2798; x_wconf 85' lang='grc' dir='ltr'>ὁ</span> <span class='ocrx_word' id='word_1_381' title='bbox 2707 2745 2848 2814; x_wconf 84' lang='grc' dir='ltr'><strong>ἀνὴρ</strong></span> <span class='ocrx_word' id='word_1_382' title='bbox 2887 2743 3113 2814; x_wconf 84' lang='grc' dir='ltr'><strong>σφόδρα,</strong></span> <span class='ocrx_word' id='word_1_383' title='bbox 3146 2743 3236 2797; x_wconf 79' lang='grc' dir='ltr'><strong>διὰ</strong></span> <span class='ocrx_word' id='word_1_384' title='bbox 3270 2741 3327 2795; x_wconf 80' lang='grc' dir='ltr'><strong>δὲ</strong></span> <span class='ocrx_word' id='word_1_385' title='bbox 3364 2741 3427 2794; x_wconf 74' lang='grc' dir='ltr'><strong>τὸ</strong></span> <span class='ocrx_word' id='word_1_386' title='bbox 3471 2744 3664 2795; x_wconf 84' lang='grc' dir='ltr'><strong>νοσεῖν</strong></span> <span class='ocrx_word' id='word_1_387' title='bbox 3695 2743 3798 2812; x_wconf 62' lang='grc' dir='ltr'><strong>τὴν</strong></span> 
     </span>
    </p>
   </div>
   <div class='ocr_carea' id='block_1_55' title="bbox 2189 2835 3800 2910">
    <p class='ocr_par' dir='ltr' id='par_1_55' title="bbox 2189 2835 3800 2910">
     <span class='ocr_line' id='line_1_55' title="bbox 2189 2835 3800 2910; baseline -0.001 -18"><span class='ocrx_word' id='word_1_388' title='bbox 2189 2839 2297 2892; x_wconf 79' lang='grc' dir='ltr'>τῶν</span> <span class='ocrx_word' id='word_1_389' title='bbox 2326 2838 2720 2910; x_wconf 83' lang='grc' dir='ltr'><strong>Είκονομάχων</strong></span> <span class='ocrx_word' id='word_1_390' title='bbox 2745 2839 2982 2906; x_wconf 77' lang='grc' dir='ltr'><strong>αἵρεσιν,</strong></span> <span class='ocrx_word' id='word_1_391' title='bbox 3024 2836 3100 2901; x_wconf 86' lang='grc' dir='ltr'><strong>ὡς</strong></span> <span class='ocrx_word' id='word_1_392' title='bbox 3128 2838 3162 2907; x_wconf 79' lang='grc' dir='ltr'><strong>ἡ</strong></span> <span class='ocrx_word' id='word_1_393' title='bbox 3218 2835 3340 2891; x_wconf 81' lang='grc' dir='ltr'><strong>κατ’</strong></span> <span class='ocrx_word' id='word_1_394' title='bbox 3368 2835 3538 2891; x_wconf 79' lang='grc' dir='ltr'><strong>αὐτὸν</strong></span> <span class='ocrx_word' id='word_1_395' title='bbox 3574 2837 3800 2907; x_wconf 72' lang='grc' dir='ltr'><strong>ἱστορία</strong></span> 
     </span>
    </p>
   </div>
   <div class='ocr_carea' id='block_1_56' title="bbox 2187 2929 3800 3003">
    <p class='ocr_par' dir='ltr' id='par_1_56' title="bbox 2187 2929 3800 3003">
     <span class='ocr_line' id='line_1_56' title="bbox 2187 2929 3800 3003; baseline 0 -18"><span class='ocrx_word' id='word_1_396' title='bbox 2187 2931 2358 3003; x_wconf 81' lang='grc' dir='ltr'><strong>δηλοῖ,</strong></span> <span class='ocrx_word' id='word_1_397' title='bbox 2395 2933 2456 2986; x_wconf 82' lang='grc' dir='ltr'><strong>τὸ</strong></span> <span class='ocrx_word' id='word_1_398' title='bbox 2489 2933 2665 3002; x_wconf 82' lang='grc' dir='ltr'>στόμα</span> <span class='ocrx_word' id='word_1_399' title='bbox 2715 2932 2883 2986; x_wconf 79' lang='grc' dir='ltr'><strong>αὑτοῦ</strong></span> <span class='ocrx_word' id='word_1_400' title='bbox 2913 2931 3194 3002; x_wconf 79' lang='grc' dir='ltr'><strong>’ὑπερλίαν</strong></span> <span class='ocrx_word' id='word_1_401' title='bbox 3239 2929 3508 3000; x_wconf 84' lang='grc' dir='ltr'><strong>ἀνέῳκτο,</strong></span> <span class='ocrx_word' id='word_1_402' title='bbox 3536 2929 3697 2984; x_wconf 78' lang='grc' dir='ltr'><strong>ὥστε</strong></span> <span class='ocrx_word' id='word_1_403' title='bbox 3729 2933 3800 2985; x_wconf 66' lang='grc' dir='ltr'><strong>τὰ.</strong></span> 
     </span>
    </p>
   </div>
   <div class='ocr_carea' id='block_1_57' title="bbox 2189 3020 3800 3096">
    <p class='ocr_par' dir='ltr' id='par_1_57' title="bbox 2189 3020 3800 3096">
     <span class='ocr_line' id='line_1_57' title="bbox 2189 3020 3800 3096; baseline -0.001 -16"><span class='ocrx_word' id='word_1_404' title='bbox 2189 3027 2400 3096; x_wconf 76' lang='grc' dir='ltr'><strong>ἔγκατα</strong></span> <span class='ocrx_word' id='word_1_405' title='bbox 2433 3026 2601 3081; x_wconf 79' lang='grc' dir='ltr'><strong>αὐτοῦ</strong></span> <span class='ocrx_word' id='word_1_406' title='bbox 2633 3026 2944 3096; x_wconf 82' lang='grc' dir='ltr'><strong>φαίνεσθαι.</strong></span> <span class='ocrx_word' id='word_1_407' title='bbox 2983 3020 3116 3080; x_wconf 74' lang='grc' dir='ltr'><strong>Εἶτα</strong></span> <span class='ocrx_word' id='word_1_408' title='bbox 3149 3024 3243 3079; x_wconf 80' lang='grc' dir='ltr'><strong>καὶ</strong></span> <span class='ocrx_word' id='word_1_409' title='bbox 3289 3024 3436 3096; x_wconf 78' lang='grc' dir='ltr'><strong>ἔργῳ</strong></span> <span class='ocrx_word' id='word_1_410' title='bbox 3470 3025 3667 3092; x_wconf 79' lang='grc' dir='ltr'><strong>δείξας</strong></span> <span class='ocrx_word' id='word_1_411' title='bbox 3695 3027 3800 3096; x_wconf 76' lang='grc' dir='ltr'><strong>τὴν</strong></span> 
     </span>
    </p>
   </div>
   <div class='ocr_carea' id='block_1_58' title="bbox 495 3111 2084 3194">
    <p class='ocr_par' dir='ltr' id='par_1_58' title="bbox 495 3123 2084 3194">
     <span class='ocr_line' id='line_1_58' title="bbox 495 3123 2084 3194; baseline 0.003 -19"><span class='ocrx_word' id='word_1_412' title='bbox 495 3123 753 3178; x_wconf 89' lang='lat' dir='ltr'><strong>rabilium</strong></span> <span class='ocrx_word' id='word_1_413' title='bbox 781 3123 1077 3194; x_wconf 80' lang='lat' dir='ltr'><strong>imaginum</strong></span> <span class='ocrx_word' id='word_1_414' title='bbox 1108 3125 1486 3180; x_wconf 88' lang='lat' dir='ltr'><strong>adorationem</strong></span> <span class='ocrx_word' id='word_1_415' title='bbox 1521 3133 1771 3179; x_wconf 87' lang='lat' dir='ltr'><strong>sanctam</strong></span> <span class='ocrx_word' id='word_1_416' title='bbox 1790 3141 1913 3182; x_wconf 87' lang='lat' dir='ltr'><strong>esse</strong></span> <span class='ocrx_word' id='word_1_417' title='bbox 1933 3139 2084 3180; x_wconf 89' lang='lat' dir='ltr'><strong>com-</strong></span> 
     </span>
    </p>
   </div>
   <div class='ocr_carea' id='block_1_59' title="bbox 2190 3111 3798 3194">
    <p class='ocr_par' dir='ltr' id='par_1_59' title="bbox 2193 3111 3798 3189">
     <span class='ocr_line' id='line_1_59' title="bbox 2193 3111 3798 3189; baseline -0.001 -19"><span class='ocrx_word' id='word_1_418' title='bbox 2193 3119 2302 3172; x_wconf 87' lang='grc' dir='ltr'><strong>τῶν</strong></span> <span class='ocrx_word' id='word_1_419' title='bbox 2337 3117 2658 3189; x_wconf 76' lang='grc' dir='ltr'><strong>σεϐασμίων</strong></span> <span class='ocrx_word' id='word_1_420' title='bbox 2697 3119 2926 3173; x_wconf 80' lang='grc' dir='ltr'><strong>είκόνων</strong></span> <span class='ocrx_word' id='word_1_421' title='bbox 2981 3116 3359 3189; x_wconf 81' lang='grc' dir='ltr'>προσκύνησιν</span> <span class='ocrx_word' id='word_1_422' title='bbox 3402 3116 3574 3186; x_wconf 81' lang='grc' dir='ltr'><strong>ἁγίαν</strong></span> <span class='ocrx_word' id='word_1_423' title='bbox 3625 3111 3798 3180; x_wconf 77' lang='grc' dir='ltr'><strong>εἶναι,</strong></span> 
     </span>
    </p>
   </div>
   <div class='ocr_carea' id='block_1_60' title="bbox 495 3210 2084 3288">
    <p class='ocr_par' dir='ltr' id='par_1_60' title="bbox 495 3215 2084 3288">
     <span class='ocr_line' id='line_1_60' title="bbox 495 3215 2084 3288; baseline 0.006 -23"><span class='ocrx_word' id='word_1_424' title='bbox 495 3215 805 3282; x_wconf 80' lang='lat' dir='ltr'><strong>probasset,</strong></span> <span class='ocrx_word' id='word_1_425' title='bbox 847 3225 1124 3285; x_wconf 83' lang='lat' dir='ltr'><strong>arreptam</strong></span> <span class='ocrx_word' id='word_1_426' title='bbox 1164 3232 1229 3271; x_wconf 83' lang='lat' dir='ltr'><strong>ex</strong></span> <span class='ocrx_word' id='word_1_427' title='bbox 1267 3217 1393 3272; x_wconf 91' lang='lat' dir='ltr'><strong>sinu</strong></span> <span class='ocrx_word' id='word_1_428' title='bbox 1446 3217 1734 3284; x_wconf 82' lang='lat' dir='ltr'><strong>cujusdam</strong></span> <span class='ocrx_word' id='word_1_429' title='bbox 1763 3233 1958 3272; x_wconf 90' lang='lat' dir='ltr'><strong>eorum</strong></span> <span class='ocrx_word' id='word_1_430' title='bbox 1994 3220 2084 3288; x_wconf 86' lang='lat' dir='ltr'><strong>qui</strong></span> 
     </span>
    </p>
   </div>
   <div class='ocr_carea' id='block_1_61' title="bbox 2190 3210 3801 3288">
    <p class='ocr_par' dir='ltr' id='par_1_61' title="bbox 2193 3210 3801 3281">
     <span class='ocr_line' id='line_1_61' title="bbox 2193 3210 3801 3281; baseline 0 -17"><span class='ocrx_word' id='word_1_431' title='bbox 2193 3212 2270 3275; x_wconf 80' lang='grc' dir='ltr'><strong>ὡς</strong></span> <span class='ocrx_word' id='word_1_432' title='bbox 2293 3213 2596 3266; x_wconf 75' lang='grc' dir='ltr'><strong>ἐπελάϐετο</strong></span> <span class='ocrx_word' id='word_1_433' title='bbox 2627 3211 2923 3280; x_wconf 77' lang='grc' dir='ltr'><strong>ὲγκολπίου</strong></span> <span class='ocrx_word' id='word_1_434' title='bbox 2955 3211 3101 3273; x_wconf 82' lang='grc' dir='ltr'><strong>τινὸς</strong></span> <span class='ocrx_word' id='word_1_435' title='bbox 3127 3210 3234 3264; x_wconf 86' lang='grc' dir='ltr'><strong>τῶν</strong></span> <span class='ocrx_word' id='word_1_436' title='bbox 3265 3211 3680 3281; x_wconf 85' lang='grc' dir='ltr'><strong>παρεστώτων,</strong></span> <span class='ocrx_word' id='word_1_437' title='bbox 3710 3213 3801 3264; x_wconf 74' lang='grc' dir='ltr'><strong>εὖ-</strong></span> 
     </span>
    </p>
   </div>
   <div class='ocr_carea' id='block_1_62' title="bbox 497 3304 2084 3380">
    <p class='ocr_par' dir='ltr' id='par_1_62' title="bbox 497 3310 2084 3380">
     <span class='ocr_line' id='line_1_62' title="bbox 497 3310 2084 3380; baseline 0.003 -18"><span class='ocrx_word' id='word_1_438' title='bbox 497 3311 726 3365; x_wconf 87' lang='lat' dir='ltr'><strong>aderaut</strong></span> <span class='ocrx_word' id='word_1_439' title='bbox 760 3324 884 3364; x_wconf 87' lang='lat' dir='ltr'><strong>cum</strong></span> <span class='ocrx_word' id='word_1_440' title='bbox 923 3322 1120 3380; x_wconf 81' lang='lat' dir='ltr'><strong>torque</strong></span> <span class='ocrx_word' id='word_1_441' title='bbox 1169 3310 1462 3380; x_wconf 77' lang='lat' dir='ltr'><strong>imaginem</strong></span> <span class='ocrx_word' id='word_1_442' title='bbox 1511 3321 1828 3367; x_wconf 82' lang='lat' dir='ltr'><strong>reverenter</strong></span> <span class='ocrx_word' id='word_1_443' title='bbox 1862 3312 2084 3367; x_wconf 89' lang='lat' dir='ltr'><strong>oscula-</strong></span> 
     </span>
    </p>
   </div>
   <div class='ocr_carea' id='block_1_63' title="bbox 2190 3304 3800 3380">
    <p class='ocr_par' dir='ltr' id='par_1_63' title="bbox 2191 3304 3800 3375">
     <span class='ocr_line' id='line_1_63' title="bbox 2191 3304 3800 3375; baseline -0.003 -13"><span class='ocrx_word' id='word_1_444' title='bbox 2191 3305 2374 3372; x_wconf 79' lang='grc' dir='ltr'><strong>λασῶς</strong></span> <span class='ocrx_word' id='word_1_445' title='bbox 2403 3305 2722 3374; x_wconf 76' lang='grc' dir='ltr'><strong>κατεφίλεις</strong></span> <span class='ocrx_word' id='word_1_446' title='bbox 2755 3308 2852 3358; x_wconf 79' lang='grc' dir='ltr'><strong>καὶ</strong></span> <span class='ocrx_word' id='word_1_447' title='bbox 2892 3307 3012 3375; x_wconf 77' lang='grc' dir='ltr'><strong>μετ’</strong></span> <span class='ocrx_word' id='word_1_448' title='bbox 3033 3304 3216 3373; x_wconf 83' lang='grc' dir='ltr'><strong>ὀλίγον</strong></span> <span class='ocrx_word' id='word_1_449' title='bbox 3237 3304 3532 3374; x_wconf 73' lang='grc' dir='ltr'><strong>ἁρπαγεὶς.</strong></span> <span class='ocrx_word' id='word_1_450' title='bbox 3553 3304 3707 3370; x_wconf 64' lang='grc' dir='ltr'><strong>προς</strong></span> <span class='ocrx_word' id='word_1_451' title='bbox 3736 3305 3800 3357; x_wconf 63' lang='grc' dir='ltr'><strong>τὰ</strong></span> 
     </span>
    </p>
   </div>
   <div class='ocr_carea' id='block_1_64' title="bbox 497 3389 2084 3476">
    <p class='ocr_par' dir='ltr' id='par_1_64' title="bbox 497 3403 2084 3476">
     <span class='ocr_line' id='line_1_64' title="bbox 497 3403 2084 3476; baseline 0.004 -21"><span class='ocrx_word' id='word_1_452' title='bbox 497 3403 680 3469; x_wconf 87' lang='lat' dir='ltr'><strong>batur,</strong></span> <span class='ocrx_word' id='word_1_453' title='bbox 710 3403 982 3472; x_wconf 84' lang='lat' dir='ltr'><strong>pauloque</strong></span> <span class='ocrx_word' id='word_1_454' title='bbox 1021 3411 1148 3472; x_wconf 89' lang='lat' dir='ltr'><strong>post</strong></span> <span class='ocrx_word' id='word_1_455' title='bbox 1186 3403 1252 3457; x_wconf 85' lang='lat' dir='ltr'><strong>ad</strong></span> <span class='ocrx_word' id='word_1_456' title='bbox 1279 3404 1519 3460; x_wconf 90' lang='lat' dir='ltr'><strong>tribunal</strong></span> <span class='ocrx_word' id='word_1_457' title='bbox 1565 3405 1692 3461; x_wconf 83' lang='lat' dir='ltr'><strong>inde</strong></span> <span class='ocrx_word' id='word_1_458' title='bbox 1741 3413 1931 3476; x_wconf 89' lang='lat' dir='ltr'><strong>raptus</strong></span> <span class='ocrx_word' id='word_1_459' title='bbox 1963 3415 2084 3461; x_wconf 90' lang='lat' dir='ltr'><strong>est:</strong></span> 
     </span>
    </p>
   </div>
   <div class='ocr_carea' id='block_1_65' title="bbox 2190 3389 3802 3476">
    <p class='ocr_par' dir='ltr' id='par_1_65' title="bbox 2191 3389 3802 3470">
     <span class='ocr_line' id='line_1_65' title="bbox 2191 3389 3802 3470; baseline -0.003 -18"><span class='ocrx_word' id='word_1_460' title='bbox 2191 3400 2407 3454; x_wconf 78' lang='grc' dir='ltr'><strong>ἐκεῖθεν</strong></span> <span class='ocrx_word' id='word_1_461' title='bbox 2433 3399 2796 3470; x_wconf 79' lang='grc' dir='ltr'><strong>δικαιωτήρια</strong></span> <span class='ocrx_word' id='word_1_462' title='bbox 2845 3395 3183 3466; x_wconf 74' lang='grc' dir='ltr'><strong>κατεῤῥίφη.</strong></span> <span class='ocrx_word' id='word_1_463' title='bbox 3229 3395 3404 3466; x_wconf 74' lang='grc' dir='ltr'><strong>Ὑπὲρ</strong></span> <span class='ocrx_word' id='word_1_464' title='bbox 3446 3389 3510 3448; x_wconf 62' lang='grc' dir='ltr'><strong>οὗ</strong></span> <span class='ocrx_word' id='word_1_465' title='bbox 3571 3395 3802 3464; x_wconf 77' lang='grc' dir='ltr'><strong>δεήσεις</strong></span> 
     </span>
    </p>
   </div>
   <div class='ocr_carea' id='block_1_66' title="bbox 499 3489 2084 3568">
    <p class='ocr_par' dir='ltr' id='par_1_66' title="bbox 499 3497 2084 3568">
     <span class='ocr_line' id='line_1_66' title="bbox 499 3497 2084 3568; baseline 0.003 -19"><span class='ocrx_word' id='word_1_466' title='bbox 499 3512 601 3566; x_wconf 91' lang='lat' dir='ltr'><strong>pro</strong></span> <span class='ocrx_word' id='word_1_467' title='bbox 639 3513 747 3568; x_wconf 89' lang='lat' dir='ltr'><strong>quo</strong></span> <span class='ocrx_word' id='word_1_468' title='bbox 777 3511 904 3552; x_wconf 91' lang='lat' dir='ltr'><strong>cum</strong></span> <span class='ocrx_word' id='word_1_469' title='bbox 943 3497 1163 3552; x_wconf 84' lang='lat' dir='ltr'><strong>assidue</strong></span> <span class='ocrx_word' id='word_1_470' title='bbox 1195 3513 1386 3568; x_wconf 90' lang='lat' dir='ltr'><strong>preces</strong></span> <span class='ocrx_word' id='word_1_471' title='bbox 1414 3515 1443 3554; x_wconf 88' lang='lat' dir='ltr'><strong>a</strong></span> <span class='ocrx_word' id='word_1_472' title='bbox 1480 3501 1686 3556; x_wconf 81' lang='lat' dir='ltr'><strong>sanctis</strong></span> <span class='ocrx_word' id='word_1_473' title='bbox 1719 3500 1785 3556; x_wconf 87' lang='lat' dir='ltr'><strong>iis</strong></span> <span class='ocrx_word' id='word_1_474' title='bbox 1809 3501 1941 3555; x_wconf 89' lang='lat' dir='ltr'><strong>viris</strong></span> <span class='ocrx_word' id='word_1_475' title='bbox 1976 3509 2030 3556; x_wconf 89' lang='lat' dir='ltr'><strong>et</strong></span> <span class='ocrx_word' id='word_1_476' title='bbox 2059 3515 2084 3554; x_wconf 89' lang='lat' dir='ltr'><strong>a</strong></span> 
     </span>
    </p>
   </div>
   <div class='ocr_carea' id='block_1_67' title="bbox 2190 3489 3800 3568">
    <p class='ocr_par' dir='ltr' id='par_1_67' title="bbox 2194 3489 3800 3565">
     <span class='ocr_line' id='line_1_67' title="bbox 2194 3489 3800 3565; baseline -0.004 -18"><span class='ocrx_word' id='word_1_477' title='bbox 2194 3496 2438 3558; x_wconf 72' lang='grc' dir='ltr'><strong>ἐκτενεῖς</strong></span> <span class='ocrx_word' id='word_1_478' title='bbox 2473 3494 2768 3565; x_wconf 81' lang='grc' dir='ltr'><strong>γενόμεναι</strong></span> <span class='ocrx_word' id='word_1_479' title='bbox 2817 3491 2969 3562; x_wconf 64' lang='grc' dir='ltr'><strong>παρὰ</strong></span> <span class='ocrx_word' id='word_1_480' title='bbox 2994 3492 3102 3543; x_wconf 80' lang='grc' dir='ltr'><strong>τῶν</strong></span> <span class='ocrx_word' id='word_1_481' title='bbox 3139 3489 3418 3559; x_wconf 81' lang='grc' dir='ltr'><strong>θεοφόρων</strong></span> <span class='ocrx_word' id='word_1_482' title='bbox 3460 3489 3560 3544; x_wconf 79' lang='grc' dir='ltr'><strong>καὶ</strong></span> <span class='ocrx_word' id='word_1_483' title='bbox 3617 3491 3800 3558; x_wconf 79' lang='grc' dir='ltr'><strong>ἁγίων</strong></span> 
     </span>
    </p>
   </div>
   <div class='ocr_carea' id='block_1_68' title="bbox 498 3581 2084 3661">
    <p class='ocr_par' dir='ltr' id='par_1_68' title="bbox 498 3590 2084 3661">
     <span class='ocr_line' id='line_1_68' title="bbox 498 3590 2084 3661; baseline 0.004 -20"><span class='ocrx_word' id='word_1_484' title='bbox 498 3590 684 3661; x_wconf 74' lang='lat' dir='ltr'><strong>regina</strong></span> <span class='ocrx_word' id='word_1_485' title='bbox 715 3590 1148 3657; x_wconf 73' lang='lat' dir='ltr'><strong>ell‘underentur,</strong></span> <span class='ocrx_word' id='word_1_486' title='bbox 1181 3591 1230 3648; x_wconf 87' lang='lat' dir='ltr'><strong>ei</strong></span> <span class='ocrx_word' id='word_1_487' title='bbox 1270 3593 1578 3650; x_wconf 78' lang='lat' dir='ltr'><strong>veniadata</strong></span> <span class='ocrx_word' id='word_1_488' title='bbox 1615 3604 1716 3648; x_wconf 88' lang='lat' dir='ltr'><strong>est.</strong></span> <span class='ocrx_word' id='word_1_489' title='bbox 1746 3591 1881 3648; x_wconf 85' lang='lat' dir='ltr'><strong>Nam</strong></span> <span class='ocrx_word' id='word_1_490' title='bbox 1913 3591 2084 3648; x_wconf 86' lang='lat' dir='ltr'><strong>Theo-</strong></span> 
     </span>
    </p>
   </div>
   <div class='ocr_carea' id='block_1_69' title="bbox 2190 3581 3797 3661">
    <p class='ocr_par' dir='ltr' id='par_1_69' title="bbox 2195 3581 3797 3657">
     <span class='ocr_line' id='line_1_69' title="bbox 2195 3581 3797 3657; baseline -0.004 -15"><span class='ocrx_word' id='word_1_491' title='bbox 2195 3589 2421 3642; x_wconf 75' lang='grc' dir='ltr'><strong>ἐκείνων</strong></span> <span class='ocrx_word' id='word_1_492' title='bbox 2447 3586 2678 3657; x_wconf 83' lang='grc' dir='ltr'><strong>ἀνδρῶν,</strong></span> <span class='ocrx_word' id='word_1_493' title='bbox 2710 3586 2807 3639; x_wconf 76' lang='grc' dir='ltr'><strong>καὶ</strong></span> <span class='ocrx_word' id='word_1_494' title='bbox 2838 3584 3009 3654; x_wconf 81' lang='grc' dir='ltr'><strong>αὐτῆς</strong></span> <span class='ocrx_word' id='word_1_495' title='bbox 3053 3586 3152 3654; x_wconf 73' lang='grc' dir='ltr'><strong>τῆς</strong></span> <span class='ocrx_word' id='word_1_496' title='bbox 3186 3581 3532 3654; x_wconf 77' lang='grc' dir='ltr'><strong>βασιλίσσης,</strong></span> <span class='ocrx_word' id='word_1_497' title='bbox 3569 3583 3797 3653; x_wconf 81' lang='grc' dir='ltr'><strong>συγχὼ-</strong></span> 
     </span>
    </p>
   </div>
   <div class='ocr_carea' id='block_1_70' title="bbox 498 3676 2084 3754">
    <p class='ocr_par' dir='ltr' id='par_1_70' title="bbox 498 3679 2084 3754">
     <span class='ocr_line' id='line_1_70' title="bbox 498 3679 2084 3754; baseline 0.003 -21"><span class='ocrx_word' id='word_1_498' title='bbox 498 3679 710 3750; x_wconf 90' lang='lat' dir='ltr'><strong>philum</strong></span> <span class='ocrx_word' id='word_1_499' title='bbox 764 3679 818 3733; x_wconf 91' lang='lat' dir='ltr'><strong>in</strong></span> <span class='ocrx_word' id='word_1_500' title='bbox 873 3681 1084 3736; x_wconf 85' lang='lat' dir='ltr'><strong>somnis</strong></span> <span class='ocrx_word' id='word_1_501' title='bbox 1131 3682 1322 3751; x_wconf 81' lang='lat' dir='ltr'><strong>regina</strong></span> <span class='ocrx_word' id='word_1_502' title='bbox 1369 3683 1658 3754; x_wconf 74' lang='lat' dir='ltr'><strong>conspexit</strong></span> <span class='ocrx_word' id='word_1_503' title='bbox 1692 3685 1932 3741; x_wconf 88' lang='lat' dir='ltr'><strong>vinctum</strong></span> <span class='ocrx_word' id='word_1_504' title='bbox 1981 3695 2084 3740; x_wconf 84' lang='lat' dir='ltr'><strong>tra-</strong></span> 
     </span>
    </p>
   </div>
   <div class='ocr_carea' id='block_1_71' title="bbox 2190 3676 3802 3754">
    <p class='ocr_par' dir='ltr' id='par_1_71' title="bbox 2199 3676 3802 3754">
     <span class='ocr_line' id='line_1_71' title="bbox 2199 3676 3802 3754; baseline -0.004 -18"><span class='ocrx_word' id='word_1_505' title='bbox 2199 3700 2358 3754; x_wconf 79' lang='grc' dir='ltr'><strong>ρησις</strong></span> <span class='ocrx_word' id='word_1_506' title='bbox 2393 3679 2542 3750; x_wconf 81' lang='grc' dir='ltr'><strong>αὐτῷ</strong></span> <span class='ocrx_word' id='word_1_507' title='bbox 2586 3680 2820 3734; x_wconf 77' lang='grc' dir='ltr'><strong>δέδοται.</strong></span> <span class='ocrx_word' id='word_1_508' title='bbox 2863 3678 2927 3730; x_wconf 83' lang='grc' dir='ltr'><strong>Ἠ</strong></span> <span class='ocrx_word' id='word_1_509' title='bbox 2960 3676 3070 3748; x_wconf 79' lang='grc' dir='ltr'><strong>γὰρ</strong></span> <span class='ocrx_word' id='word_1_510' title='bbox 3121 3677 3415 3746; x_wconf 80' lang='grc' dir='ltr'>βασίλισσα</span> <span class='ocrx_word' id='word_1_511' title='bbox 3447 3677 3718 3729; x_wconf 80' lang='grc' dir='ltr'><strong>κατεῖδεν</strong></span> <span class='ocrx_word' id='word_1_512' title='bbox 3745 3679 3802 3729; x_wconf 82' lang='grc' dir='ltr'><strong>ἐν</strong></span> 
     </span>
    </p>
   </div>
   <div class='ocr_carea' id='block_1_72' title="bbox 497 3767 2084 3848">
    <p class='ocr_par' dir='ltr' id='par_1_72' title="bbox 497 3773 2084 3844">
     <span class='ocr_line' id='line_1_72' title="bbox 497 3773 2084 3844; baseline 0.004 -16"><span class='ocrx_word' id='word_1_513' title='bbox 497 3783 759 3844; x_wconf 88' lang='lat' dir='ltr'><strong>etumque</strong></span> <span class='ocrx_word' id='word_1_514' title='bbox 795 3773 865 3829; x_wconf 90' lang='lat' dir='ltr'><strong>ab</strong></span> <span class='ocrx_word' id='word_1_515' title='bbox 899 3774 1288 3830; x_wconf 82' lang='lat' dir='ltr'><strong>innumerabili</strong></span> <span class='ocrx_word' id='word_1_516' title='bbox 1341 3778 1764 3844; x_wconf 67' lang='lat' dir='ltr'><strong>prmcedeutium</strong></span> <span class='ocrx_word' id='word_1_517' title='bbox 1797 3787 1852 3833; x_wconf 90' lang='lat' dir='ltr'><strong>et</strong></span> <span class='ocrx_word' id='word_1_518' title='bbox 1901 3779 2084 3834; x_wconf 89' lang='lat' dir='ltr'><strong>subse-</strong></span> 
     </span>
    </p>
   </div>
   <div class='ocr_carea' id='block_1_73' title="bbox 2190 3767 3800 3848">
    <p class='ocr_par' dir='ltr' id='par_1_73' title="bbox 2193 3767 3800 3848">
     <span class='ocr_line' id='line_1_73' title="bbox 2193 3767 3800 3848; baseline -0.006 -19"><span class='ocrx_word' id='word_1_519' title='bbox 2193 3778 2392 3848; x_wconf 77' lang='grc' dir='ltr'><strong>ὀνείρῳ</strong></span> <span class='ocrx_word' id='word_1_520' title='bbox 2424 3775 2516 3829; x_wconf 67' lang='grc' dir='ltr'><strong>τὸν</strong></span> <span class='ocrx_word' id='word_1_521' title='bbox 2543 3772 2804 3842; x_wconf 81' lang='grc' dir='ltr'><strong>Θεόφιλον</strong></span> <span class='ocrx_word' id='word_1_522' title='bbox 2830 3770 3142 3839; x_wconf 79' lang='grc' dir='ltr'><strong>δεδεμένον,</strong></span> <span class='ocrx_word' id='word_1_523' title='bbox 3175 3768 3479 3838; x_wconf 84' lang='grc' dir='ltr'><strong>συρόμενον</strong></span> <span class='ocrx_word' id='word_1_524' title='bbox 3508 3767 3625 3820; x_wconf 67' lang='grc' dir='ltr'><strong>ὑπὸ</strong></span> <span class='ocrx_word' id='word_1_525' title='bbox 3656 3768 3800 3837; x_wconf 76' lang='grc' dir='ltr'><strong>πλή-</strong></span> 
     </span>
    </p>
   </div>
   <div class='ocr_carea' id='block_1_74' title="bbox 501 3861 2084 3938">
    <p class='ocr_par' dir='ltr' id='par_1_74' title="bbox 501 3866 2084 3936">
     <span class='ocr_line' id='line_1_74' title="bbox 501 3866 2084 3936; baseline 0.001 -14"><span class='ocrx_word' id='word_1_526' title='bbox 501 3867 790 3936; x_wconf 88' lang='lat' dir='ltr'><strong>quentium</strong></span> <span class='ocrx_word' id='word_1_527' title='bbox 844 3866 1232 3932; x_wconf 86' lang='lat' dir='ltr'><strong>multitudine;</strong></span> <span class='ocrx_word' id='word_1_528' title='bbox 1279 3875 1407 3921; x_wconf 85' lang='lat' dir='ltr'><strong>ante</strong></span> <span class='ocrx_word' id='word_1_529' title='bbox 1448 3866 1600 3921; x_wconf 90' lang='lat' dir='ltr'><strong>illum</strong></span> <span class='ocrx_word' id='word_1_530' title='bbox 1649 3866 1967 3924; x_wconf 83' lang='lat' dir='ltr'><strong>ferebantur</strong></span> <span class='ocrx_word' id='word_1_531' title='bbox 2006 3870 2084 3925; x_wconf 65' lang='lat' dir='ltr'><strong>di&lt;</strong></span> 
     </span>
    </p>
   </div>
   <div class='ocr_carea' id='block_1_75' title="bbox 2190 3861 3800 3938">
    <p class='ocr_par' dir='ltr' id='par_1_75' title="bbox 2199 3861 3800 3938">
     <span class='ocr_line' id='line_1_75' title="bbox 2199 3861 3800 3938; baseline -0.007 -15"><span class='ocrx_word' id='word_1_532' title='bbox 2199 3871 2324 3933; x_wconf 72' lang='grc' dir='ltr'><strong>θουι,</strong></span> <span class='ocrx_word' id='word_1_533' title='bbox 2387 3867 2643 3938; x_wconf 81' lang='grc' dir='ltr'><strong>ἀπείρου,</strong></span> <span class='ocrx_word' id='word_1_534' title='bbox 2701 3863 3121 3937; x_wconf 77' lang='grc' dir='ltr'><strong>προηγουμένου</strong></span> <span class='ocrx_word' id='word_1_535' title='bbox 3177 3861 3272 3914; x_wconf 72' lang='grc' dir='ltr'><strong>καὶ</strong></span> <span class='ocrx_word' id='word_1_536' title='bbox 3322 3861 3646 3930; x_wconf 75' lang='grc' dir='ltr'><strong>ἑπομένου·</strong></span> <span class='ocrx_word' id='word_1_537' title='bbox 3707 3862 3800 3914; x_wconf 79' lang='grc' dir='ltr'><strong>καὶ</strong></span> 
     </span>
    </p>
   </div>
   <div class='ocr_carea' id='block_1_76' title="bbox 497 3953 2084 4034">
    <p class='ocr_par' dir='ltr' id='par_1_76' title="bbox 497 3959 2084 4029">
     <span class='ocr_line' id='line_1_76' title="bbox 497 3959 2084 4029; baseline -0.001 -14"><span class='ocrx_word' id='word_1_538' title='bbox 497 3975 656 4016; x_wconf 80' lang='lat' dir='ltr'><strong>versa</strong></span> <span class='ocrx_word' id='word_1_539' title='bbox 687 3959 1184 4014; x_wconf 83' lang='lat' dir='ltr'><strong>instrumentorum</strong></span> <span class='ocrx_word' id='word_1_540' title='bbox 1223 3973 1422 4026; x_wconf 81' lang='lat' dir='ltr'><strong>genera</strong></span> <span class='ocrx_word' id='word_1_541' title='bbox 1469 3959 1534 4012; x_wconf 88' lang='lat' dir='ltr'><strong>ad</strong></span> <span class='ocrx_word' id='word_1_542' title='bbox 1585 3961 1952 4029; x_wconf 90' lang='lat' dir='ltr'><strong>torquendum</strong></span> <span class='ocrx_word' id='word_1_543' title='bbox 2001 3975 2084 4014; x_wconf 49' lang='lat' dir='ltr'><strong>ac:</strong></span> 
     </span>
    </p>
   </div>
   <div class='ocr_carea' id='block_1_77' title="bbox 2190 3953 3800 4034">
    <p class='ocr_par' dir='ltr' id='par_1_77' title="bbox 2197 3953 3800 4034">
     <span class='ocr_line' id='line_1_77' title="bbox 2197 3953 3800 4034; baseline -0.007 -17"><span class='ocrx_word' id='word_1_544' title='bbox 2197 3961 2513 4034; x_wconf 73' lang='grc' dir='ltr'><strong>ἔμπροσθεν</strong></span> <span class='ocrx_word' id='word_1_545' title='bbox 2549 3959 2745 4023; x_wconf 77' lang='grc' dir='ltr'><strong>αὑτοῦ,</strong></span> <span class='ocrx_word' id='word_1_546' title='bbox 2767 3959 3004 4026; x_wconf 84' lang='grc' dir='ltr'><strong>διάφορα</strong></span> <span class='ocrx_word' id='word_1_547' title='bbox 3039 3953 3422 4023; x_wconf 85' lang='grc' dir='ltr'><strong>κολαστηρίων</strong></span> <span class='ocrx_word' id='word_1_548' title='bbox 3452 3953 3676 4023; x_wconf 74' lang='grc' dir='ltr'><strong>ὄργανα</strong></span> <span class='ocrx_word' id='word_1_549' title='bbox 3703 3971 3800 4022; x_wconf 70' lang='lat' dir='ltr'><strong>(ps-</strong></span> 
     </span>
    </p>
   </div>
   <div class='ocr_carea' id='block_1_78' title="bbox 498 4049 2084 4128">
    <p class='ocr_par' dir='ltr' id='par_1_78' title="bbox 498 4049 2084 4124">
     <span class='ocr_line' id='line_1_78' title="bbox 498 4049 2084 4124; baseline 0.004 -22"><span class='ocrx_word' id='word_1_550' title='bbox 498 4050 874 4114; x_wconf 68' lang='lat' dir='ltr'><strong>eommodata,</strong></span> <span class='ocrx_word' id='word_1_551' title='bbox 919 4049 1151 4119; x_wconf 86' lang='lat' dir='ltr'><strong>ipsaque</strong></span> <span class='ocrx_word' id='word_1_552' title='bbox 1179 4049 1286 4104; x_wconf 88' lang='lat' dir='ltr'><strong>sibi</strong></span> <span class='ocrx_word' id='word_1_553' title='bbox 1316 4049 1606 4105; x_wconf 82' lang='lat' dir='ltr'><strong>videbatur</strong></span> <span class='ocrx_word' id='word_1_554' title='bbox 1637 4066 1735 4107; x_wconf 89' lang='lat' dir='ltr'><strong>eos</strong></span> <span class='ocrx_word' id='word_1_555' title='bbox 1769 4054 1947 4124; x_wconf 86' lang='lat' dir='ltr'><strong>sequi,</strong></span> <span class='ocrx_word' id='word_1_556' title='bbox 1997 4055 2084 4124; x_wconf 86' lang='lat' dir='ltr'><strong>qui</strong></span> 
     </span>
    </p>
   </div>
   <div class='ocr_carea' id='block_1_79' title="bbox 2190 4049 3796 4128">
    <p class='ocr_par' dir='ltr' id='par_1_79' title="bbox 2199 4049 3796 4128">
     <span class='ocr_line' id='line_1_79' title="bbox 2199 4049 3796 4128; baseline -0.006 -20"><span class='ocrx_word' id='word_1_557' title='bbox 2199 4058 2406 4128; x_wconf 87' lang='grc' dir='ltr'><strong>ρόμενα</strong></span> <span class='ocrx_word' id='word_1_558' title='bbox 2441 4071 2454 4086; x_wconf 82' lang='grc'><strong><em>⁸</em></strong></span> <span class='ocrx_word' id='word_1_559' title='bbox 2510 4055 2637 4126; x_wconf 75' lang='grc' dir='ltr'><strong>ἥτις</strong></span> <span class='ocrx_word' id='word_1_560' title='bbox 2687 4052 2866 4117; x_wconf 83' lang='grc' dir='ltr'><strong>ἔδοξεν</strong></span> <span class='ocrx_word' id='word_1_561' title='bbox 2919 4049 3239 4104; x_wconf 80' lang='grc' dir='ltr'><strong>ἀκολουθεῖν</strong></span> <span class='ocrx_word' id='word_1_562' title='bbox 3287 4049 3401 4111; x_wconf 86' lang='grc' dir='ltr'><strong>τοῖς</strong></span> <span class='ocrx_word' id='word_1_563' title='bbox 3452 4049 3796 4116; x_wconf 79' lang='grc' dir='ltr'><strong>ἀπάγουσιν,</strong></span> 
     </span>
    </p>
   </div>
   <div class='ocr_carea' id='block_1_80' title="bbox 500 4139 2084 4218">
    <p class='ocr_par' dir='ltr' id='par_1_80' title="bbox 500 4145 2084 4218">
     <span class='ocr_line' id='line_1_80' title="bbox 500 4145 2084 4218; baseline 0.004 -20"><span class='ocrx_word' id='word_1_564' title='bbox 500 4147 566 4198; x_wconf 87' lang='lat' dir='ltr'><strong>ad</strong></span> <span class='ocrx_word' id='word_1_565' title='bbox 602 4159 821 4215; x_wconf 87' lang='lat' dir='ltr'><strong>poenam</strong></span> <span class='ocrx_word' id='word_1_566' title='bbox 871 4145 1242 4211; x_wconf 88' lang='lat' dir='ltr'><strong>adducebant,</strong></span> <span class='ocrx_word' id='word_1_567' title='bbox 1289 4162 1579 4217; x_wconf 86' lang='lat' dir='ltr'><strong>quousque</strong></span> <span class='ocrx_word' id='word_1_568' title='bbox 1612 4149 1677 4203; x_wconf 85' lang='lat' dir='ltr'><strong>ad</strong></span> <span class='ocrx_word' id='word_1_569' title='bbox 1728 4147 2084 4218; x_wconf 71' lang='lat' dir='ltr'><strong>Conspectum</strong></span> 
     </span>
    </p>
   </div>
   <div class='ocr_carea' id='block_1_81' title="bbox 2190 4139 3798 4218">
    <p class='ocr_par' dir='ltr' id='par_1_81' title="bbox 2197 4139 3798 4214">
     <span class='ocr_line' id='line_1_81' title="bbox 2197 4139 3798 4214; baseline -0.006 -12"><span class='ocrx_word' id='word_1_570' title='bbox 2197 4150 2302 4212; x_wconf 76' lang='grc' dir='ltr'><strong>ἓως</strong></span> <span class='ocrx_word' id='word_1_571' title='bbox 2334 4148 2396 4202; x_wconf 77' lang='grc' dir='ltr'>οὗ</span> <span class='ocrx_word' id='word_1_572' title='bbox 2429 4147 2679 4208; x_wconf 77' lang='grc' dir='ltr'><strong>ἐλθόντες</strong></span> <span class='ocrx_word' id='word_1_573' title='bbox 2703 4145 2841 4214; x_wconf 82' lang='grc' dir='ltr'><strong>πρός</strong></span> <span class='ocrx_word' id='word_1_574' title='bbox 2873 4159 2996 4197; x_wconf 86' lang='grc' dir='ltr'><strong>τινα</strong></span> <span class='ocrx_word' id='word_1_575' title='bbox 3023 4143 3223 4213; x_wconf 83' lang='grc' dir='ltr'><strong>κριτὴν</strong></span> <span class='ocrx_word' id='word_1_576' title='bbox 3258 4139 3518 4211; x_wconf 71' lang='grc' dir='ltr'><strong>φοϐερδν,</strong></span> <span class='ocrx_word' id='word_1_577' title='bbox 3547 4140 3798 4210; x_wconf 73' lang='grc' dir='ltr'>ἔστησαν</span> 
     </span>
    </p>
   </div>
   <div class='ocr_carea' id='block_1_82' title="bbox 505 4233 2084 4312">
    <p class='ocr_par' dir='ltr' id='par_1_82' title="bbox 505 4233 2084 4309">
     <span class='ocr_line' id='line_1_82' title="bbox 505 4233 2084 4309; baseline 0.004 -19"><span class='ocrx_word' id='word_1_578' title='bbox 505 4234 767 4290; x_wconf 87' lang='lat' dir='ltr'><strong>terribilis</strong></span> <span class='ocrx_word' id='word_1_579' title='bbox 791 4233 990 4305; x_wconf 87' lang='lat' dir='ltr'><strong>judicis</strong></span> <span class='ocrx_word' id='word_1_580' title='bbox 1031 4243 1422 4303; x_wconf 90' lang='lat' dir='ltr'><strong>pervenerunt,</strong></span> <span class='ocrx_word' id='word_1_581' title='bbox 1453 4237 1934 4309; x_wconf 88' lang='lat' dir='ltr'><strong>Theophilumquc</strong></span> <span class='ocrx_word' id='word_1_582' title='bbox 1969 4253 2084 4296; x_wconf 75' lang='lat' dir='ltr'><strong>ante</strong></span> 
     </span>
    </p>
   </div>
   <div class='ocr_carea' id='block_1_83' title="bbox 2190 4233 3798 4312">
    <p class='ocr_par' dir='ltr' id='par_1_83' title="bbox 2199 4233 3798 4312">
     <span class='ocr_line' id='line_1_83' title="bbox 2199 4233 3798 4312; baseline -0.006 -17"><span class='ocrx_word' id='word_1_583' title='bbox 2199 4239 2524 4312; x_wconf 78' lang='grc' dir='ltr'><strong>ἕμπροσθην</strong></span> <span class='ocrx_word' id='word_1_584' title='bbox 2574 4237 2741 4292; x_wconf 79' lang='grc' dir='ltr'><strong>αὐτοῦ</strong></span> <span class='ocrx_word' id='word_1_585' title='bbox 2781 4237 2874 4290; x_wconf 83' lang='grc' dir='ltr'><strong>τὸν</strong></span> <span class='ocrx_word' id='word_1_586' title='bbox 2919 4236 3183 4305; x_wconf 88' lang='grc' dir='ltr'><strong>Θεόφιλον</strong></span> <span class='ocrx_word' id='word_1_587' title='bbox 3208 4250 3223 4264; x_wconf 79' lang='grc'><strong>⁸</strong></span> <span class='ocrx_word' id='word_1_588' title='bbox 3261 4234 3661 4304; x_wconf 81' lang='grc' dir='ltr'><strong>προσπεσοῦσα</strong></span> <span class='ocrx_word' id='word_1_589' title='bbox 3705 4233 3798 4287; x_wconf 74' lang='grc' dir='ltr'><strong>οὖν</strong></span> 
     </span>
    </p>
   </div>
   <div class='ocr_carea' id='block_1_84' title="bbox 504 4324 2084 4402">
    <p class='ocr_par' dir='ltr' id='par_1_84' title="bbox 504 4327 2084 4402">
     <span class='ocr_line' id='line_1_84' title="bbox 504 4327 2084 4402; baseline 0.006 -21"><span class='ocrx_word' id='word_1_590' title='bbox 504 4333 683 4397; x_wconf 85' lang='lat' dir='ltr'><strong>ipsum</strong></span> <span class='ocrx_word' id='word_1_591' title='bbox 718 4335 1044 4384; x_wconf 89' lang='lat' dir='ltr'><strong>statuerunt.</strong></span> <span class='ocrx_word' id='word_1_592' title='bbox 1076 4327 1370 4384; x_wconf 80' lang='lat' dir='ltr'><strong>Provoluta</strong></span> <span class='ocrx_word' id='word_1_593' title='bbox 1417 4329 1588 4400; x_wconf 80' lang='lat' dir='ltr'><strong>igitur</strong></span> <span class='ocrx_word' id='word_1_594' title='bbox 1613 4332 1680 4386; x_wconf 86' lang='lat' dir='ltr'><strong>ad</strong></span> <span class='ocrx_word' id='word_1_595' title='bbox 1707 4332 1909 4402; x_wconf 78' lang='lat' dir='ltr'><strong>iudicis</strong></span> <span class='ocrx_word' id='word_1_596' title='bbox 1945 4333 2084 4390; x_wconf 79' lang='lat' dir='ltr'><strong>illius</strong></span> 
     </span>
    </p>
   </div>
   <div class='ocr_carea' id='block_1_85' title="bbox 2190 4324 3798 4402">
    <p class='ocr_par' dir='ltr' id='par_1_85' title="bbox 2199 4324 3798 4400">
     <span class='ocr_line' id='line_1_85' title="bbox 2199 4324 3798 4400; baseline -0.005 -14"><span class='ocrx_word' id='word_1_597' title='bbox 2199 4337 2278 4398; x_wconf 80' lang='grc' dir='ltr'><strong>είς</strong></span> <span class='ocrx_word' id='word_1_598' title='bbox 2308 4333 2433 4397; x_wconf 77' lang='grc' dir='ltr'><strong>τοὺς</strong></span> <span class='ocrx_word' id='word_1_599' title='bbox 2481 4331 2648 4393; x_wconf 80' lang='grc' dir='ltr'>πόδας</span> <span class='ocrx_word' id='word_1_600' title='bbox 2681 4331 2776 4384; x_wconf 81' lang='grc' dir='ltr'><strong>τοῦ</strong></span> <span class='ocrx_word' id='word_1_601' title='bbox 2809 4327 3049 4400; x_wconf 80' lang='grc' dir='ltr'><strong>φοϐεροῦ</strong></span> <span class='ocrx_word' id='word_1_602' title='bbox 3083 4327 3298 4382; x_wconf 81' lang='grc' dir='ltr'><strong>ἐκείνου</strong></span> <span class='ocrx_word' id='word_1_603' title='bbox 3345 4324 3538 4390; x_wconf 67' lang='grc' dir='ltr'><strong>κριτοῦ</strong></span> <span class='ocrx_word' id='word_1_604' title='bbox 3571 4326 3606 4394; x_wconf 84' lang='grc' dir='ltr'>ἠ</span> <span class='ocrx_word' id='word_1_605' title='bbox 3639 4324 3798 4394; x_wconf 75' lang='grc' dir='ltr'>βασί-</span> 
     </span>
    </p>
   </div>
   <div class='ocr_carea' id='block_1_86' title="bbox 500 4419 2084 4528">
    <p class='ocr_par' dir='ltr' id='par_1_86' title="bbox 500 4421 2084 4499">
     <span class='ocr_line' id='line_1_86' title="bbox 500 4421 2084 4499; baseline 0.006 -25"><span class='ocrx_word' id='word_1_606' title='bbox 500 4421 775 4477; x_wconf 83' lang='lat' dir='ltr'><strong>tremendi</strong></span> <span class='ocrx_word' id='word_1_607' title='bbox 806 4422 992 4492; x_wconf 88' lang='lat' dir='ltr'><strong>pedes.</strong></span> <span class='ocrx_word' id='word_1_608' title='bbox 1022 4422 1185 4478; x_wconf 80' lang='lat' dir='ltr'><strong>enixe</strong></span> <span class='ocrx_word' id='word_1_609' title='bbox 1210 4422 1395 4478; x_wconf 89' lang='lat' dir='ltr'><strong>multis</strong></span> <span class='ocrx_word' id='word_1_610' title='bbox 1419 4437 1542 4479; x_wconf 89' lang='lat' dir='ltr'><strong>cum</strong></span> <span class='ocrx_word' id='word_1_611' title='bbox 1572 4422 2084 4499; x_wconf 81' lang='lat' dir='ltr'><strong>lacrymisAugt‘tsta</strong></span> 
     </span>
    </p>
   </div>
   <div class='ocr_carea' id='block_1_87' title="bbox 2190 4419 3795 4528">
    <p class='ocr_par' dir='ltr' id='par_1_87' title="bbox 2197 4419 3795 4528">
     <span class='ocr_line' id='line_1_87' title="bbox 2197 4419 3795 4496; baseline -0.006 -15"><span class='ocrx_word' id='word_1_612' title='bbox 2197 4428 2384 4491; x_wconf 86' lang='grc' dir='ltr'><strong>λισσα,</strong></span> <span class='ocrx_word' id='word_1_613' title='bbox 2441 4425 2677 4489; x_wconf 78' lang='grc' dir='ltr'><strong>ἐκτενῶς</strong></span> <span class='ocrx_word' id='word_1_614' title='bbox 2707 4423 2980 4496; x_wconf 71' lang='grc' dir='ltr'><strong>ἠντιϐόλει</strong></span> <span class='ocrx_word' id='word_1_615' title='bbox 3036 4425 3136 4478; x_wconf 80' lang='grc' dir='ltr'>σὺν</span> <span class='ocrx_word' id='word_1_616' title='bbox 3182 4422 3449 4492; x_wconf 85' lang='grc' dir='ltr'><strong>δάκρυσιν</strong></span> <span class='ocrx_word' id='word_1_617' title='bbox 3489 4420 3638 4491; x_wconf 70' lang='grc' dir='ltr'>ὑπὲρ</span> <span class='ocrx_word' id='word_1_618' title='bbox 3698 4419 3795 4472; x_wconf 74' lang='grc' dir='ltr'><strong>τοῦ</strong></span> 
     </span>
     <span class='ocr_line' id='line_1_88' title="bbox 2209 4509 3795 4528; baseline 0 0"><span class='ocrx_word' id='word_1_619' title='bbox 2209 4519 2570 4528; x_wconf 71' lang='grc'><strong>----..</strong></span> <span class='ocrx_word' id='word_1_620' title='bbox 2689 4513 3337 4528; x_wconf 80' lang='lat'><strong>._.-.-..._</strong></span> <span class='ocrx_word' id='word_1_621' title='bbox 3611 4509 3795 4528; x_wconf 69' lang='grc' dir='ltr'><strong>..νη</strong></span> 
     </span>
    </p>
   </div>
   <div class='ocr_carea' id='block_1_88' title="bbox 502 4509 2084 4592">
    <p class='ocr_par' dir='ltr' id='par_1_88' title="bbox 502 4515 2084 4587">
     <span class='ocr_line' id='line_1_89' title="bbox 502 4515 2084 4587; baseline 0.006 -20"><span class='ocrx_word' id='word_1_622' title='bbox 502 4531 604 4582; x_wconf 88' lang='lat' dir='ltr'><strong>pro</strong></span> <span class='ocrx_word' id='word_1_623' title='bbox 633 4515 750 4569; x_wconf 83' lang='lat' dir='ltr'><strong>viro</strong></span> <span class='ocrx_word' id='word_1_624' title='bbox 780 4529 885 4570; x_wconf 89' lang='lat' dir='ltr'><strong>suo</strong></span> <span class='ocrx_word' id='word_1_625' title='bbox 910 4516 1346 4585; x_wconf 87' lang='lat' dir='ltr'><strong>deprecabatur;</strong></span> <span class='ocrx_word' id='word_1_626' title='bbox 1381 4516 1448 4571; x_wconf 86' lang='lat' dir='ltr'><strong>ad</strong></span> <span class='ocrx_word' id='word_1_627' title='bbox 1486 4531 1652 4587; x_wconf 86' lang='lat' dir='ltr'><strong>quam</strong></span> <span class='ocrx_word' id='word_1_628' title='bbox 1697 4519 1957 4576; x_wconf 87' lang='lat' dir='ltr'><strong>terribilis</strong></span> <span class='ocrx_word' id='word_1_629' title='bbox 2003 4521 2084 4577; x_wconf 80' lang='lat' dir='ltr'><strong>ille</strong></span> 
     </span>
    </p>
   </div>
   <div class='ocr_carea' id='block_1_89' title="bbox 2190 4509 3800 4592">
    <p class='ocr_par' dir='ltr' id='par_1_89' title="bbox 2197 4509 3800 4592">
     <span class='ocr_line' id='line_1_90' title="bbox 2197 4509 3800 4592; baseline -0.007 -17"><span class='ocrx_word' id='word_1_630' title='bbox 2197 4521 2392 4592; x_wconf 79' lang='grc' dir='ltr'><strong>ἀνδρὸς</strong></span> <span class='ocrx_word' id='word_1_631' title='bbox 2439 4519 2630 4590; x_wconf 81' lang='grc' dir='ltr'><strong>αὐτῆς.</strong></span> <span class='ocrx_word' id='word_1_632' title='bbox 2688 4519 2831 4588; x_wconf 79' lang='grc' dir='ltr'><strong>Πρὸς</strong></span> <span class='ocrx_word' id='word_1_633' title='bbox 2871 4517 2938 4589; x_wconf 76' lang='grc' dir='ltr'><strong>ἢν</strong></span> <span class='ocrx_word' id='word_1_634' title='bbox 2968 4518 2995 4570; x_wconf 84' lang='grc' dir='ltr'><strong>ό</strong></span> <span class='ocrx_word' id='word_1_635' title='bbox 3027 4513 3259 4586; x_wconf 75' lang='grc' dir='ltr'><strong>φοϐερὸς</strong></span> <span class='ocrx_word' id='word_1_636' title='bbox 3311 4513 3416 4584; x_wconf 74' lang='grc' dir='ltr'><strong>ἔφη</strong></span> <span class='ocrx_word' id='word_1_637' title='bbox 3469 4515 3693 4584; x_wconf 75' lang='grc' dir='ltr'><strong>κριτής,</strong></span> <span class='ocrx_word' id='word_1_638' title='bbox 3727 4509 3800 4566; x_wconf 78' lang='grc' dir='ltr'><strong>Ὅ</strong></span> 
     </span>
    </p>
   </div>
   <div class='ocr_carea' id='block_1_90' title="bbox 497 4603 2084 4685">
    <p class='ocr_par' dir='ltr' id='par_1_90' title="bbox 497 4608 2084 4685">
     <span class='ocr_line' id='line_1_91' title="bbox 497 4608 2084 4685; baseline 0.005 -23"><span class='ocrx_word' id='word_1_639' title='bbox 497 4608 668 4676; x_wconf 77' lang='lat' dir='ltr'><strong>jtulcx</strong></span> <span class='ocrx_word' id='word_1_640' title='bbox 703 4609 882 4665; x_wconf 83' lang='lat' dir='ltr'><strong>dixit:</strong></span> <span class='ocrx_word' id='word_1_641' title='bbox 931 4609 1146 4675; x_wconf 87' lang='lat' dir='ltr'><strong>Mulier,</strong></span> <span class='ocrx_word' id='word_1_642' title='bbox 1181 4625 1380 4681; x_wconf 84' lang='lat' dir='ltr'><strong>magna</strong></span> <span class='ocrx_word' id='word_1_643' title='bbox 1410 4619 1496 4668; x_wconf 89' lang='lat' dir='ltr'><strong>est</strong></span> <span class='ocrx_word' id='word_1_644' title='bbox 1529 4610 1664 4668; x_wconf 74' lang='lat' dir='ltr'><strong>fides</strong></span> <span class='ocrx_word' id='word_1_645' title='bbox 1694 4620 1828 4669; x_wconf 89' lang='lat' dir='ltr'><strong>tua:</strong></span> <span class='ocrx_word' id='word_1_646' title='bbox 1872 4622 2084 4685; x_wconf 89' lang='lat' dir='ltr'><strong>proptet</strong></span> 
     </span>
    </p>
   </div>
   <div class='ocr_carea' id='block_1_91' title="bbox 2190 4603 3797 4685">
    <p class='ocr_par' dir='ltr' id='par_1_91' title="bbox 2194 4603 3797 4683">
     <span class='ocr_line' id='line_1_92' title="bbox 2194 4603 3797 4683; baseline -0.007 -16"><span class='ocrx_word' id='word_1_647' title='bbox 2194 4614 2381 4683; x_wconf 87' lang='grc' dir='ltr'><strong>γύναι,</strong></span> <span class='ocrx_word' id='word_1_648' title='bbox 2433 4609 2648 4682; x_wconf 78' lang='grc' dir='ltr'><strong>μεγάλη</strong></span> <span class='ocrx_word' id='word_1_649' title='bbox 2681 4627 2775 4664; x_wconf 91' lang='grc' dir='ltr'><strong>σου</strong></span> <span class='ocrx_word' id='word_1_650' title='bbox 2826 4610 2859 4672; x_wconf 85' lang='grc' dir='ltr'>ἠ</span> <span class='ocrx_word' id='word_1_651' title='bbox 2899 4606 3121 4670; x_wconf 74' lang='grc' dir='ltr'><strong>πίστις’</strong></span> <span class='ocrx_word' id='word_1_652' title='bbox 3159 4605 3249 4660; x_wconf 71' lang='grc' dir='ltr'><strong>διὰ</strong></span> <span class='ocrx_word' id='word_1_653' title='bbox 3299 4603 3382 4668; x_wconf 79' lang='grc' dir='ltr'><strong>σὲ,</strong></span> <span class='ocrx_word' id='word_1_654' title='bbox 3429 4605 3526 4658; x_wconf 78' lang='grc' dir='ltr'><strong>καὶ</strong></span> <span class='ocrx_word' id='word_1_655' title='bbox 3574 4606 3666 4658; x_wconf 75' lang='grc' dir='ltr'><strong>διὰ</strong></span> <span class='ocrx_word' id='word_1_656' title='bbox 3699 4605 3797 4676; x_wconf 81' lang='grc' dir='ltr'><strong>τὴν</strong></span> 
     </span>
    </p>
   </div>
   <div class='ocr_carea' id='block_1_92' title="bbox 503 4698 2084 4778">
    <p class='ocr_par' dir='ltr' id='par_1_92' title="bbox 503 4703 2084 4778">
     <span class='ocr_line' id='line_1_93' title="bbox 503 4703 2084 4778; baseline 0.005 -22"><span class='ocrx_word' id='word_1_657' title='bbox 503 4714 556 4756; x_wconf 83' lang='lat' dir='ltr'><strong>te</strong></span> <span class='ocrx_word' id='word_1_658' title='bbox 597 4703 1059 4774; x_wconf 87' lang='lat' dir='ltr'><strong>saccrdotumque</strong></span> <span class='ocrx_word' id='word_1_659' title='bbox 1105 4717 1352 4758; x_wconf 91' lang='lat' dir='ltr'><strong>meorum</strong></span> <span class='ocrx_word' id='word_1_660' title='bbox 1390 4719 1580 4776; x_wconf 88' lang='lat' dir='ltr'><strong>preces</strong></span> <span class='ocrx_word' id='word_1_661' title='bbox 1627 4706 1844 4778; x_wconf 77' lang='lat' dir='ltr'><strong>conjugi</strong></span> <span class='ocrx_word' id='word_1_662' title='bbox 1898 4719 1992 4763; x_wconf 93' lang='lat' dir='ltr'><strong>tuo</strong></span> <span class='ocrx_word' id='word_1_663' title='bbox 2026 4708 2084 4765; x_wconf 82' lang='lat' dir='ltr'><strong>dc</strong></span> 
     </span>
    </p>
   </div>
   <div class='ocr_carea' id='block_1_93' title="bbox 2190 4698 3796 4778">
    <p class='ocr_par' dir='ltr' id='par_1_93' title="bbox 2195 4698 3796 4776">
     <span class='ocr_line' id='line_1_94' title="bbox 2195 4698 3796 4776; baseline -0.007 -15"><span class='ocrx_word' id='word_1_664' title='bbox 2195 4707 2384 4776; x_wconf 80' lang='grc' dir='ltr'><strong>δέησιν</strong></span> <span class='ocrx_word' id='word_1_665' title='bbox 2408 4704 2520 4757; x_wconf 84' lang='grc' dir='ltr'><strong>τῶν</strong></span> <span class='ocrx_word' id='word_1_666' title='bbox 2549 4703 2745 4775; x_wconf 84' lang='grc' dir='ltr'><strong>ίερέων</strong></span> <span class='ocrx_word' id='word_1_667' title='bbox 2776 4719 2907 4771; x_wconf 91' lang='grc' dir='ltr'><strong>μου,</strong></span> <span class='ocrx_word' id='word_1_668' title='bbox 2934 4698 3271 4770; x_wconf 84' lang='grc' dir='ltr'><strong>συγγνώμην</strong></span> <span class='ocrx_word' id='word_1_669' title='bbox 3305 4699 3500 4767; x_wconf 88' lang='grc' dir='ltr'><strong>δίδωμι</strong></span> <span class='ocrx_word' id='word_1_670' title='bbox 3525 4698 3610 4768; x_wconf 80' lang='grc' dir='ltr'><strong>τῷ</strong></span> <span class='ocrx_word' id='word_1_671' title='bbox 3638 4699 3796 4768; x_wconf 80' lang='grc' dir='ltr'>ἀνδρί</span> 
     </span>
    </p>
   </div>
   <div class='ocr_carea' id='block_1_94' title="bbox 501 4795 2098 4862">
    <p class='ocr_par' dir='ltr' id='par_1_94' title="bbox 501 4795 2098 4862">
     <span class='ocr_line' id='line_1_95' title="bbox 501 4795 2098 4862; baseline 0.008 -19"><span class='ocrx_word' id='word_1_672' title='bbox 501 4795 715 4848; x_wconf 78' lang='lat' dir='ltr'><strong>veniam</strong></span> <span class='ocrx_word' id='word_1_673' title='bbox 745 4811 759 4859; x_wconf 90' lang='lat'><strong>;</strong></span> <span class='ocrx_word' id='word_1_674' title='bbox 795 4804 928 4850; x_wconf 90' lang='lat' dir='ltr'><strong>tunc</strong></span> <span class='ocrx_word' id='word_1_675' title='bbox 959 4795 1227 4852; x_wconf 87' lang='lat' dir='ltr'><strong>ministris</strong></span> <span class='ocrx_word' id='word_1_676' title='bbox 1255 4797 1371 4854; x_wconf 86' lang='lat' dir='ltr'><strong>suis</strong></span> <span class='ocrx_word' id='word_1_677' title='bbox 1393 4796 1550 4862; x_wconf 79' lang='lat' dir='ltr'><strong>dixit,</strong></span> <span class='ocrx_word' id='word_1_678' title='bbox 1578 4796 1786 4854; x_wconf 86' lang='lat' dir='ltr'><strong>Solvite</strong></span> <span class='ocrx_word' id='word_1_679' title='bbox 1811 4815 1935 4853; x_wconf 90' lang='lat' dir='ltr'><strong>cum</strong></span> <span class='ocrx_word' id='word_1_680' title='bbox 1963 4817 2098 4856; x_wconf 74' lang='lat' dir='ltr'><strong>uxo-</strong></span> 
     </span>
    </p>
   </div>
   <div class='ocr_carea' id='block_1_95' title="bbox 501 4887 2095 4962">
    <p class='ocr_par' dir='ltr' id='par_1_95' title="bbox 501 4887 2095 4962">
     <span class='ocr_line' id='line_1_96' title="bbox 501 4887 2095 4962; baseline 0.006 -24"><span class='ocrx_word' id='word_1_681' title='bbox 501 4888 660 4955; x_wconf 87' lang='lat' dir='ltr'><strong>rique</strong></span> <span class='ocrx_word' id='word_1_682' title='bbox 711 4887 830 4955; x_wconf 82' lang='lat' dir='ltr'><strong>ejus</strong></span> <span class='ocrx_word' id='word_1_683' title='bbox 885 4889 1107 4945; x_wconf 88' lang='lat' dir='ltr'><strong>tradite.</strong></span> <span class='ocrx_word' id='word_1_684' title='bbox 1154 4889 1421 4946; x_wconf 85' lang='lat' dir='ltr'><strong>Similiter</strong></span> <span class='ocrx_word' id='word_1_685' title='bbox 1462 4900 1517 4946; x_wconf 88' lang='lat' dir='ltr'><strong>et</strong></span> <span class='ocrx_word' id='word_1_686' title='bbox 1565 4905 1722 4947; x_wconf 84' lang='lat' dir='ltr'><strong>sacer</strong></span> <span class='ocrx_word' id='word_1_687' title='bbox 1762 4893 2095 4962; x_wconf 85' lang='lat' dir='ltr'><strong>patriarcha,</strong></span> 
     </span>
    </p>
   </div>
   <div class='ocr_carea' id='block_1_96' title="bbox 503 4977 2095 5055">
    <p class='ocr_par' dir='ltr' id='par_1_96' title="bbox 503 4977 2095 5055">
     <span class='ocr_line' id='line_1_97' title="bbox 503 4977 2095 5055; baseline 0.005 -21"><span class='ocrx_word' id='word_1_688' title='bbox 503 4977 752 5034; x_wconf 90' lang='lat' dir='ltr'><strong>omnium</strong></span> <span class='ocrx_word' id='word_1_689' title='bbox 779 4979 1163 5036; x_wconf 67' lang='lat' dir='ltr'><strong>hmrcticorum</strong></span> <span class='ocrx_word' id='word_1_690' title='bbox 1191 4981 1594 5055; x_wconf 87' lang='lat' dir='ltr'><strong>Theophilique</strong></span> <span class='ocrx_word' id='word_1_691' title='bbox 1619 4984 1793 5055; x_wconf 86' lang='lat' dir='ltr'><strong>ipsius</strong></span> <span class='ocrx_word' id='word_1_692' title='bbox 1819 4986 2095 5042; x_wconf 88' lang='lat' dir='ltr'><strong>adnotatis</strong></span> 
     </span>
    </p>
   </div>
   <div class='ocr_carea' id='block_1_97' title="bbox 499 5071 2096 5142">
    <p class='ocr_par' dir='ltr' id='par_1_97' title="bbox 499 5071 2096 5142">
     <span class='ocr_line' id='line_1_98' title="bbox 499 5071 2096 5142; baseline 0.006 -17"><span class='ocrx_word' id='word_1_693' title='bbox 499 5082 555 5125; x_wconf 87' lang='lat' dir='ltr'><strong>et</strong></span> <span class='ocrx_word' id='word_1_694' title='bbox 587 5071 806 5142; x_wconf 86' lang='lat' dir='ltr'><strong>scriptis</strong></span> <span class='ocrx_word' id='word_1_695' title='bbox 830 5073 1174 5140; x_wconf 85' lang='lat' dir='ltr'><strong>nominibus,</strong></span> <span class='ocrx_word' id='word_1_696' title='bbox 1208 5073 1322 5130; x_wconf 65' lang='lat' dir='ltr'><strong>hac</strong></span> <span class='ocrx_word' id='word_1_697' title='bbox 1353 5075 1545 5131; x_wconf 85' lang='lat' dir='ltr'><strong>eadem</strong></span> <span class='ocrx_word' id='word_1_698' title='bbox 1589 5078 1694 5132; x_wconf 87' lang='lat' dir='ltr'><strong>sub</strong></span> <span class='ocrx_word' id='word_1_699' title='bbox 1720 5093 1876 5133; x_wconf 80' lang='lat' dir='ltr'><strong>sacra</strong></span> <span class='ocrx_word' id='word_1_700' title='bbox 1905 5092 2096 5133; x_wconf 85' lang='lat' dir='ltr'><strong>mensa</strong></span> 
     </span>
    </p>
   </div>
   <div class='ocr_carea' id='block_1_98' title="bbox 500 5165 2094 5240">
    <p class='ocr_par' dir='ltr' id='par_1_98' title="bbox 500 5165 2094 5240">
     <span class='ocr_line' id='line_1_99' title="bbox 500 5165 2094 5240; baseline 0.003 -21"><span class='ocrx_word' id='word_1_701' title='bbox 500 5165 817 5232; x_wconf 85' lang='lat' dir='ltr'><strong>collocavit,</strong></span> <span class='ocrx_word' id='word_1_702' title='bbox 864 5165 1169 5236; x_wconf 83' lang='lat' dir='ltr'><strong>eademque</strong></span> <span class='ocrx_word' id='word_1_703' title='bbox 1213 5177 1376 5223; x_wconf 80' lang='lat' dir='ltr'><strong>nocte</strong></span> <span class='ocrx_word' id='word_1_704' title='bbox 1433 5183 1539 5240; x_wconf 90' lang='lat' dir='ltr'><strong>qua</strong></span> <span class='ocrx_word' id='word_1_705' title='bbox 1591 5169 1776 5240; x_wconf 84' lang='lat' dir='ltr'><strong>regina</strong></span> <span class='ocrx_word' id='word_1_706' title='bbox 1827 5169 2094 5224; x_wconf 85' lang='lat' dir='ltr'><strong>visionem</strong></span> 
     </span>
    </p>
   </div>
   <div class='ocr_carea' id='block_1_99' title="bbox 503 5259 2093 5332">
    <p class='ocr_par' dir='ltr' id='par_1_99' title="bbox 503 5259 2093 5332">
     <span class='ocr_line' id='line_1_100' title="bbox 503 5259 2093 5332; baseline 0.003 -20"><span class='ocrx_word' id='word_1_707' title='bbox 503 5261 736 5330; x_wconf 79' lang='lat' dir='ltr'><strong>aspexit,</strong></span> <span class='ocrx_word' id='word_1_708' title='bbox 772 5259 909 5315; x_wconf 88' lang='lat' dir='ltr'><strong>vidit</strong></span> <span class='ocrx_word' id='word_1_709' title='bbox 958 5269 1012 5316; x_wconf 86' lang='lat' dir='ltr'><strong>et</strong></span> <span class='ocrx_word' id='word_1_710' title='bbox 1066 5259 1184 5331; x_wconf 84' lang='lat' dir='ltr'><strong>ipse</strong></span> <span class='ocrx_word' id='word_1_711' title='bbox 1231 5261 1476 5316; x_wconf 89' lang='lat' dir='ltr'><strong>divinum</strong></span> <span class='ocrx_word' id='word_1_712' title='bbox 1535 5262 1788 5330; x_wconf 84' lang='lat' dir='ltr'><strong>angelum</strong></span> <span class='ocrx_word' id='word_1_713' title='bbox 1837 5277 2093 5332; x_wconf 87' lang='lat' dir='ltr'><strong>magnum</strong></span> 
     </span>
    </p>
   </div>
   <div class='ocr_carea' id='block_1_100' title="bbox 508 5351 2098 5426">
    <p class='ocr_par' dir='ltr' id='par_1_100' title="bbox 508 5351 2098 5426">
     <span class='ocr_line' id='line_1_101' title="bbox 508 5351 2098 5426; baseline 0.003 -22"><span class='ocrx_word' id='word_1_714' title='bbox 508 5355 770 5424; x_wconf 88' lang='lat' dir='ltr'><strong>tetnplum</strong></span> <span class='ocrx_word' id='word_1_715' title='bbox 804 5351 1225 5424; x_wconf 88' lang='lat' dir='ltr'><strong>ingredientem,</strong></span> <span class='ocrx_word' id='word_1_716' title='bbox 1254 5355 1346 5423; x_wconf 86' lang='lat' dir='ltr'><strong>qui</strong></span> <span class='ocrx_word' id='word_1_717' title='bbox 1378 5355 1518 5410; x_wconf 72' lang='lat' dir='ltr'><strong>dixit</strong></span> <span class='ocrx_word' id='word_1_718' title='bbox 1545 5371 1560 5408; x_wconf 89' lang='lat'><strong>:</strong></span> <span class='ocrx_word' id='word_1_719' title='bbox 1609 5355 1898 5426; x_wconf 76' lang='lat' dir='ltr'><strong>Episcopo,</strong></span> <span class='ocrx_word' id='word_1_720' title='bbox 1929 5370 2098 5410; x_wconf 80' lang='lat' dir='ltr'><strong>exau-</strong></span> 
     </span>
    </p>
   </div>
   <div class='ocr_carea' id='block_1_101' title="bbox 502 5445 2096 5518">
    <p class='ocr_par' dir='ltr' id='par_1_101' title="bbox 502 5445 2096 5518">
     <span class='ocr_line' id='line_1_102' title="bbox 502 5445 2096 5518; baseline 0.003 -20"><span class='ocrx_word' id='word_1_721' title='bbox 502 5445 631 5500; x_wconf 66' lang='lat' dir='ltr'><strong>ditae</strong></span> <span class='ocrx_word' id='word_1_722' title='bbox 667 5453 797 5500; x_wconf 86' lang='lat' dir='ltr'><strong>sunt</strong></span> <span class='ocrx_word' id='word_1_723' title='bbox 843 5461 1035 5517; x_wconf 85' lang='lat' dir='ltr'><strong>preces</strong></span> <span class='ocrx_word' id='word_1_724' title='bbox 1078 5454 1204 5511; x_wconf 69' lang='lat' dir='ltr'><strong>tute,</strong></span> <span class='ocrx_word' id='word_1_725' title='bbox 1258 5456 1314 5502; x_wconf 88' lang='lat' dir='ltr'><strong>et</strong></span> <span class='ocrx_word' id='word_1_726' title='bbox 1358 5449 1574 5503; x_wconf 86' lang='lat' dir='ltr'><strong>veniam</strong></span> <span class='ocrx_word' id='word_1_727' title='bbox 1615 5447 1955 5518; x_wconf 87' lang='lat' dir='ltr'><strong>Theophilus</strong></span> <span class='ocrx_word' id='word_1_728' title='bbox 1995 5447 2096 5502; x_wconf 91' lang='lat' dir='ltr'><strong>im-</strong></span> 
     </span>
    </p>
   </div>
   <div class='ocr_carea' id='block_1_102' title="bbox 513 5535 2097 5610">
    <p class='ocr_par' dir='ltr' id='par_1_102' title="bbox 513 5535 2097 5610">
     <span class='ocr_line' id='line_1_103' title="bbox 513 5535 2097 5610; baseline 0.009 -30"><span class='ocrx_word' id='word_1_729' title='bbox 513 5537 767 5599; x_wconf 72' lang='lat' dir='ltr'><strong>petravit.</strong></span> <span class='ocrx_word' id='word_1_730' title='bbox 799 5535 1009 5590; x_wconf 84' lang='lat' dir='ltr'><strong>Somno</strong></span> <span class='ocrx_word' id='word_1_731' title='bbox 1042 5551 1174 5604; x_wconf 79' lang='lat' dir='ltr'><strong>ergo</strong></span> <span class='ocrx_word' id='word_1_732' title='bbox 1201 5537 1558 5610; x_wconf 68' lang='lat' dir='ltr'><strong>experrectus</strong></span> <span class='ocrx_word' id='word_1_733' title='bbox 1586 5539 1654 5593; x_wconf 89' lang='lat' dir='ltr'><strong>ad</strong></span> <span class='ocrx_word' id='word_1_734' title='bbox 1690 5555 1906 5595; x_wconf 89' lang='lat' dir='ltr'><strong>sacram</strong></span> <span class='ocrx_word' id='word_1_735' title='bbox 1940 5555 2097 5594; x_wconf 86' lang='lat' dir='ltr'><strong>men-</strong></span> 
     </span>
    </p>
   </div>
   <div class='ocr_carea' id='block_1_103' title="bbox 507 5626 2096 5703">
    <p class='ocr_par' dir='ltr' id='par_1_103' title="bbox 507 5626 2096 5703">
     <span class='ocr_line' id='line_1_104' title="bbox 507 5626 2096 5703; baseline 0.009 -30"><span class='ocrx_word' id='word_1_736' title='bbox 507 5637 627 5675; x_wconf 76' lang='lat' dir='ltr'><strong>sam</strong></span> <span class='ocrx_word' id='word_1_737' title='bbox 660 5626 896 5694; x_wconf 76' lang='lat' dir='ltr'><strong>devenit,</strong></span> <span class='ocrx_word' id='word_1_738' title='bbox 936 5627 1124 5698; x_wconf 87' lang='lat' dir='ltr'><strong>ibique</strong></span> <span class='ocrx_word' id='word_1_739' title='bbox 1172 5643 1299 5684; x_wconf 87' lang='lat' dir='ltr'><strong>cum</strong></span> <span class='ocrx_word' id='word_1_740' title='bbox 1351 5630 1557 5703; x_wconf 75' lang='lat' dir='ltr'><strong>legeret</strong></span> <span class='ocrx_word' id='word_1_741' title='bbox 1595 5632 1757 5702; x_wconf 92' lang='lat' dir='ltr'><strong>paulo</strong></span> <span class='ocrx_word' id='word_1_742' title='bbox 1793 5641 1918 5688; x_wconf 89' lang='lat' dir='ltr'><strong>ante</strong></span> <span class='ocrx_word' id='word_1_743' title='bbox 1968 5649 2096 5689; x_wconf 90' lang='lat' dir='ltr'><strong>cou-</strong></span> 
     </span>
    </p>
   </div>
   <div class='ocr_carea' id='block_1_104' title="bbox 513 5713 2096 5800">
    <p class='ocr_par' dir='ltr' id='par_1_104' title="bbox 513 5713 2096 5800">
     <span class='ocr_line' id='line_1_105' title="bbox 513 5713 2096 5800; baseline 0.012 -34"><span class='ocrx_word' id='word_1_744' title='bbox 513 5713 777 5784; x_wconf 55' lang='lat' dir='ltr'><strong>sct&#39;iptum</strong></span> <span class='ocrx_word' id='word_1_745' title='bbox 796 5717 1061 5788; x_wconf 89' lang='lat' dir='ltr'><strong>libellum,</strong></span> <span class='ocrx_word' id='word_1_746' title='bbox 1086 5722 1296 5778; x_wconf 87' lang='lat' dir='ltr'><strong>invenit</strong></span> <span class='ocrx_word' id='word_1_747' title='bbox 1322 5723 1374 5795; x_wconf 80' lang='grc' dir='ltr'><strong>(ιι</strong></span> <span class='ocrx_word' id='word_1_748' title='bbox 1403 5724 1496 5781; x_wconf 87' lang='lat' dir='ltr'><strong>Dei</strong></span> <span class='ocrx_word' id='word_1_749' title='bbox 1515 5725 1719 5797; x_wconf 89' lang='lat' dir='ltr'><strong>judicia</strong></span> <span class='ocrx_word' id='word_1_750' title='bbox 1745 5725 1783 5792; x_wconf 69' lang='grc' dir='ltr'><strong>ἱ)</strong></span> <span class='ocrx_word' id='word_1_751' title='bbox 1809 5725 2096 5800; x_wconf 82' lang='lat' dir='ltr'><strong>Theophili</strong></span> 
     </span>
    </p>
   </div>
   <div class='ocr_carea' id='block_1_105' title="bbox 590 5896 1146 5969">
    <p class='ocr_par' dir='ltr' id='par_1_105' title="bbox 590 5896 1146 5969">
     <span class='ocr_line' id='line_1_106' title="bbox 590 5896 1146 5969; baseline 0.004 -19"><span class='ocrx_word' id='word_1_752' title='bbox 590 5899 667 5969; x_wconf 71' lang='grc' dir='ltr'><strong>(Ι)</strong></span> <span class='ocrx_word' id='word_1_753' title='bbox 699 5897 827 5954; x_wconf 72' lang='lat' dir='ltr'><strong>Vide</strong></span> <span class='ocrx_word' id='word_1_754' title='bbox 855 5896 1146 5955; x_wconf 68' lang='lat' dir='ltr'><strong>Zonaram.</strong></span> 
     </span>
    </p>
   </div>
   <div class='ocr_carea' id='block_1_106' title="bbox 2181 4786 3796 4866">
    <p class='ocr_par' dir='ltr' id='par_1_106' title="bbox 2181 4786 3796 4866">
     <span class='ocr_line' id='line_1_107' title="bbox 2181 4786 3796 4866; baseline -0.007 -12"><span class='ocrx_word' id='word_1_755' title='bbox 2181 4786 2318 4856; x_wconf 56' lang='grc' dir='ltr'><strong>’σου.</strong></span> <span class='ocrx_word' id='word_1_756' title='bbox 2354 4799 2492 4853; x_wconf 82' lang='grc' dir='ltr'><strong>Τότε</strong></span> <span class='ocrx_word' id='word_1_757' title='bbox 2548 4797 2645 4851; x_wconf 75' lang='grc' dir='ltr'><strong>καὶ</strong></span> <span class='ocrx_word' id='word_1_758' title='bbox 2694 4797 2807 4860; x_wconf 86' lang='grc' dir='ltr'><strong>τοῖς</strong></span> <span class='ocrx_word' id='word_1_759' title='bbox 2842 4794 3152 4866; x_wconf 76' lang='grc' dir='ltr'><strong>ὑπηρέταις</strong></span> <span class='ocrx_word' id='word_1_760' title='bbox 3195 4792 3326 4862; x_wconf 75' lang='grc' dir='ltr'><strong>ἔφη,</strong></span> <span class='ocrx_word' id='word_1_761' title='bbox 3359 4792 3578 4846; x_wconf 82' lang='grc' dir='ltr'><strong>Λύσατε</strong></span> <span class='ocrx_word' id='word_1_762' title='bbox 3629 4792 3796 4844; x_wconf 68' lang='grc' dir='ltr'><strong>αὐτὸν</strong></span> 
     </span>
    </p>
   </div>
   <div class='ocr_carea' id='block_1_107' title="bbox 2200 4883 3797 4960">
    <p class='ocr_par' dir='ltr' id='par_1_107' title="bbox 2200 4883 3797 4960">
     <span class='ocr_line' id='line_1_108' title="bbox 2200 4883 3797 4960; baseline -0.006 -14"><span class='ocrx_word' id='word_1_763' title='bbox 2200 4893 2296 4946; x_wconf 74' lang='grc' dir='ltr'><strong>καὶ</strong></span> <span class='ocrx_word' id='word_1_764' title='bbox 2325 4891 2445 4944; x_wconf 82' lang='grc' dir='ltr'><strong>δότε</strong></span> <span class='ocrx_word' id='word_1_765' title='bbox 2475 4891 2540 4960; x_wconf 81' lang='grc' dir='ltr'><strong>τῇ</strong></span> <span class='ocrx_word' id='word_1_766' title='bbox 2573 4889 2797 4956; x_wconf 80' lang='grc' dir='ltr'><strong>γυναικὶ</strong></span> <span class='ocrx_word' id='word_1_767' title='bbox 2827 4885 3019 4940; x_wconf 82' lang='grc' dir='ltr'><strong>αὐτοῦ.</strong></span> <span class='ocrx_word' id='word_1_768' title='bbox 3067 4883 3306 4955; x_wconf 85' lang='grc' dir='ltr'><strong>Ὁμοίως</strong></span> <span class='ocrx_word' id='word_1_769' title='bbox 3333 4884 3429 4937; x_wconf 82' lang='grc' dir='ltr'><strong>καὶ</strong></span> <span class='ocrx_word' id='word_1_770' title='bbox 3453 4886 3482 4936; x_wconf 83' lang='grc' dir='ltr'><strong>ό</strong></span> <span class='ocrx_word' id='word_1_771' title='bbox 3507 4884 3656 4954; x_wconf 76' lang='grc' dir='ltr'><strong>ἱερὸς</strong></span> <span class='ocrx_word' id='word_1_772' title='bbox 3691 4901 3797 4936; x_wconf 73' lang='grc' dir='ltr'><strong>πα-</strong></span> 
     </span>
    </p>
   </div>
   <div class='ocr_carea' id='block_1_108' title="bbox 2196 4973 3793 5054">
    <p class='ocr_par' dir='ltr' id='par_1_108' title="bbox 2196 4973 3793 5054">
     <span class='ocr_line' id='line_1_109' title="bbox 2196 4973 3793 5054; baseline -0.007 -18"><span class='ocrx_word' id='word_1_773' title='bbox 2196 4983 2462 5054; x_wconf 76' lang='grc' dir='ltr'><strong>τριάρχης</strong></span> <span class='ocrx_word' id='word_1_774' title='bbox 2507 4980 2730 5051; x_wconf 69' lang='grc' dir='ltr'><strong>γράψας</strong></span> <span class='ocrx_word' id='word_1_775' title='bbox 2789 4979 3012 5032; x_wconf 74' lang='grc' dir='ltr'><strong>πάντων</strong></span> <span class='ocrx_word' id='word_1_776' title='bbox 3048 4978 3161 5030; x_wconf 82' lang='grc' dir='ltr'><strong>τῶν</strong></span> <span class='ocrx_word' id='word_1_777' title='bbox 3212 4974 3511 5045; x_wconf 84' lang='grc' dir='ltr'><strong>αίρετικῶν</strong></span> <span class='ocrx_word' id='word_1_778' title='bbox 3549 4975 3620 5027; x_wconf 76' lang='grc' dir='ltr'><strong>τὰ</strong></span> <span class='ocrx_word' id='word_1_779' title='bbox 3678 4973 3793 5028; x_wconf 75' lang='grc' dir='ltr'><strong>ὀνό-</strong></span> 
     </span>
    </p>
   </div>
   <div class='ocr_carea' id='block_1_109' title="bbox 2198 5067 3791 5147">
    <p class='ocr_par' dir='ltr' id='par_1_109' title="bbox 2198 5067 3791 5147">
     <span class='ocr_line' id='line_1_110' title="bbox 2198 5067 3791 5147; baseline -0.006 -17"><span class='ocrx_word' id='word_1_780' title='bbox 2198 5095 2366 5147; x_wconf 79' lang='grc' dir='ltr'><strong>ματα,</strong></span> <span class='ocrx_word' id='word_1_781' title='bbox 2395 5077 2488 5129; x_wconf 72' lang='grc' dir='ltr'><strong>καὶ</strong></span> <span class='ocrx_word' id='word_1_782' title='bbox 2515 5074 2684 5128; x_wconf 81' lang='grc' dir='ltr'><strong>αὑτοῦ</strong></span> <span class='ocrx_word' id='word_1_783' title='bbox 2711 5072 2809 5126; x_wconf 85' lang='grc' dir='ltr'><strong>τοῦ</strong></span> <span class='ocrx_word' id='word_1_784' title='bbox 2833 5071 3122 5141; x_wconf 83' lang='grc' dir='ltr'><strong>Θεοφίλου,</strong></span> <span class='ocrx_word' id='word_1_785' title='bbox 3172 5069 3372 5140; x_wconf 78' lang='grc' dir='ltr'><strong>ἔθηκεν</strong></span> <span class='ocrx_word' id='word_1_786' title='bbox 3399 5069 3662 5122; x_wconf 79' lang='grc' dir='ltr'><strong>ὑποκάτω</strong></span> <span class='ocrx_word' id='word_1_787' title='bbox 3692 5067 3791 5135; x_wconf 81' lang='grc' dir='ltr'><strong>τῆς</strong></span> 
     </span>
    </p>
   </div>
   <div class='ocr_carea' id='block_1_110' title="bbox 2197 5153 3797 5241">
    <p class='ocr_par' dir='ltr' id='par_1_110' title="bbox 2197 5153 3797 5241">
     <span class='ocr_line' id='line_1_111' title="bbox 2197 5153 3797 5241; baseline -0.009 -17"><span class='ocrx_word' id='word_1_788' title='bbox 2197 5171 2364 5238; x_wconf 81' lang='grc' dir='ltr'><strong>ἁγίας</strong></span> <span class='ocrx_word' id='word_1_789' title='bbox 2393 5169 2678 5241; x_wconf 80' lang='grc' dir='ltr'><strong>τραπέζης</strong></span> <span class='ocrx_word' id='word_1_790' title='bbox 2702 5183 2717 5200; x_wconf 78' lang='grc' dir='ltr'><strong><em>ο</em></strong></span> <span class='ocrx_word' id='word_1_791' title='bbox 2754 5166 2848 5220; x_wconf 70' lang='grc' dir='ltr'><strong>καὶ</strong></span> <span class='ocrx_word' id='word_1_792' title='bbox 2884 5167 2943 5218; x_wconf 75' lang='grc' dir='ltr'><strong>ἐν</strong></span> <span class='ocrx_word' id='word_1_793' title='bbox 2979 5166 3118 5235; x_wconf 79' lang='grc' dir='ltr'><strong>αὑτῇ</strong></span> <span class='ocrx_word' id='word_1_794' title='bbox 3159 5165 3226 5232; x_wconf 76' lang='grc' dir='ltr'><strong>τῇ</strong></span> <span class='ocrx_word' id='word_1_795' title='bbox 3274 5161 3434 5214; x_wconf 79' lang='grc' dir='ltr'><strong>νυκτὶ</strong></span> <span class='ocrx_word' id='word_1_796' title='bbox 3465 5162 3525 5212; x_wconf 84' lang='grc' dir='ltr'><strong>ὲν</strong></span> <span class='ocrx_word' id='word_1_797' title='bbox 3629 5164 3662 5229; x_wconf 79' lang='grc' dir='ltr'>ἡ</span> <span class='ocrx_word' id='word_1_798' title='bbox 3707 5159 3797 5228; x_wconf 77' lang='grc' dir='ltr'><strong>βα-</strong></span> 
     </span>
    </p>
   </div>
   <div class='ocr_carea' id='block_1_111' title="bbox 2199 5252 3795 5334">
    <p class='ocr_par' dir='ltr' id='par_1_111' title="bbox 2199 5252 3795 5334">
     <span class='ocr_line' id='line_1_112' title="bbox 2199 5252 3795 5334; baseline -0.009 -17"><span class='ocrx_word' id='word_1_799' title='bbox 2199 5265 2337 5328; x_wconf 70' lang='grc' dir='ltr'><strong>σιλὶς</strong></span> <span class='ocrx_word' id='word_1_800' title='bbox 2371 5265 2472 5334; x_wconf 79' lang='grc' dir='ltr'><strong>τὴν</strong></span> <span class='ocrx_word' id='word_1_801' title='bbox 2519 5261 2792 5315; x_wconf 81' lang='grc' dir='ltr'><strong>ὀπτασίαν</strong></span> <span class='ocrx_word' id='word_1_802' title='bbox 2847 5259 3114 5329; x_wconf 78' lang='grc' dir='ltr'><strong>ἑώρακεν,</strong></span> <span class='ocrx_word' id='word_1_803' title='bbox 3169 5257 3273 5326; x_wconf 73' lang='grc' dir='ltr'><strong>ὁρᾷ</strong></span> <span class='ocrx_word' id='word_1_804' title='bbox 3305 5256 3402 5308; x_wconf 80' lang='grc' dir='ltr'><strong>καὶ</strong></span> <span class='ocrx_word' id='word_1_805' title='bbox 3452 5252 3620 5317; x_wconf 74' lang='grc' dir='ltr'><strong>αὐτὸς</strong></span> <span class='ocrx_word' id='word_1_806' title='bbox 3649 5253 3795 5305; x_wconf 71' lang='grc' dir='ltr'><strong>θεῖον</strong></span> 
     </span>
    </p>
   </div>
   <div class='ocr_carea' id='block_1_112' title="bbox 2203 5344 3794 5427">
    <p class='ocr_par' dir='ltr' id='par_1_112' title="bbox 2203 5344 3794 5427">
     <span class='ocr_line' id='line_1_113' title="bbox 2203 5344 3794 5427; baseline -0.01 -14"><span class='ocrx_word' id='word_1_807' title='bbox 2203 5358 2457 5427; x_wconf 77' lang='grc' dir='ltr'><strong>ἄγγελον,</strong></span> <span class='ocrx_word' id='word_1_808' title='bbox 2493 5356 2586 5408; x_wconf 78' lang='grc' dir='ltr'><strong>τὸν</strong></span> <span class='ocrx_word' id='word_1_809' title='bbox 2621 5355 2797 5426; x_wconf 80' lang='grc' dir='ltr'><strong>μέγαν</strong></span> <span class='ocrx_word' id='word_1_810' title='bbox 2835 5352 3080 5406; x_wconf 77' lang='grc' dir='ltr'><strong>εἰσιόντα</strong></span> <span class='ocrx_word' id='word_1_811' title='bbox 3107 5351 3238 5404; x_wconf 86' lang='grc' dir='ltr'><strong>ναόν</strong></span> <span class='ocrx_word' id='word_1_812' title='bbox 3264 5365 3280 5382; x_wconf 73' lang='grc' dir='ltr'>ο</span> <span class='ocrx_word' id='word_1_813' title='bbox 3323 5348 3421 5402; x_wconf 77' lang='grc' dir='ltr'><strong>καὶ</strong></span> <span class='ocrx_word' id='word_1_814' title='bbox 3451 5344 3600 5416; x_wconf 79' lang='grc' dir='ltr'>πρὸς</span> <span class='ocrx_word' id='word_1_815' title='bbox 3633 5345 3794 5399; x_wconf 69' lang='grc' dir='ltr'><strong>αὑτὸν</strong></span> 
     </span>
    </p>
   </div>
   <div class='ocr_carea' id='block_1_113' title="bbox 2204 5437 3791 5521">
    <p class='ocr_par' dir='ltr' id='par_1_113' title="bbox 2204 5437 3791 5521">
     <span class='ocr_line' id='line_1_114' title="bbox 2204 5437 3791 5521; baseline -0.01 -17"><span class='ocrx_word' id='word_1_816' title='bbox 2204 5451 2332 5521; x_wconf 74' lang='grc' dir='ltr'><strong>ἔφη,</strong></span> <span class='ocrx_word' id='word_1_817' title='bbox 2361 5444 2434 5502; x_wconf 81' lang='grc' dir='ltr'><strong><em>Ὦ</em></strong></span> <span class='ocrx_word' id='word_1_818' title='bbox 2478 5448 2774 5513; x_wconf 75' lang='grc' dir='ltr'><strong>ἐπίσκοπε,</strong></span> <span class='ocrx_word' id='word_1_819' title='bbox 2834 5443 3173 5514; x_wconf 75' lang='grc' dir='ltr'><strong>εἰσηκούσθη</strong></span> <span class='ocrx_word' id='word_1_820' title='bbox 3218 5442 3251 5512; x_wconf 78' lang='grc' dir='ltr'><strong>ἡ</strong></span> <span class='ocrx_word' id='word_1_821' title='bbox 3291 5439 3477 5510; x_wconf 82' lang='grc' dir='ltr'><strong>δέησίς</strong></span> <span class='ocrx_word' id='word_1_822' title='bbox 3519 5455 3617 5492; x_wconf 85' lang='grc' dir='ltr'><strong>σου</strong></span> <span class='ocrx_word' id='word_1_823' title='bbox 3648 5454 3664 5469; x_wconf 89' lang='grc'><strong>·</strong></span> <span class='ocrx_word' id='word_1_824' title='bbox 3700 5437 3791 5490; x_wconf 83' lang='grc' dir='ltr'><strong>καὶ</strong></span> 
     </span>
    </p>
   </div>
   <div class='ocr_carea' id='block_1_114' title="bbox 2206 5529 3788 5613">
    <p class='ocr_par' dir='ltr' id='par_1_114' title="bbox 2206 5529 3788 5613">
     <span class='ocr_line' id='line_1_115' title="bbox 2206 5529 3788 5613; baseline -0.009 -17"><span class='ocrx_word' id='word_1_825' title='bbox 2206 5541 2540 5613; x_wconf 83' lang='grc' dir='ltr'><strong>συγγνώμης</strong></span> <span class='ocrx_word' id='word_1_826' title='bbox 2590 5541 2754 5610; x_wconf 75' lang='grc' dir='ltr'><strong>ἔτυχε</strong></span> <span class='ocrx_word' id='word_1_827' title='bbox 2793 5537 3076 5607; x_wconf 83' lang='grc' dir='ltr'><strong>Θεόφιλος.</strong></span> <span class='ocrx_word' id='word_1_828' title='bbox 3108 5535 3379 5600; x_wconf 81' lang='grc' dir='ltr'><strong>Ἕξυπνος</strong></span> <span class='ocrx_word' id='word_1_829' title='bbox 3419 5529 3518 5587; x_wconf 74' lang='grc' dir='ltr'><strong>οὖν</strong></span> <span class='ocrx_word' id='word_1_830' title='bbox 3568 5532 3788 5602; x_wconf 82' lang='grc' dir='ltr'><strong>γενόμε-</strong></span> 
     </span>
    </p>
   </div>
   <div class='ocr_carea' id='block_1_115' title="bbox 2205 5623 3788 5707">
    <p class='ocr_par' dir='ltr' id='par_1_115' title="bbox 2205 5623 3788 5707">
     <span class='ocr_line' id='line_1_116' title="bbox 2205 5623 3788 5707; baseline -0.013 -15"><span class='ocrx_word' id='word_1_831' title='bbox 2205 5656 2314 5703; x_wconf 68' lang='grc' dir='ltr'><strong>ννς,</strong></span> <span class='ocrx_word' id='word_1_832' title='bbox 2358 5635 2456 5707; x_wconf 73' lang='grc' dir='ltr'><strong>τὴν</strong></span> <span class='ocrx_word' id='word_1_833' title='bbox 2486 5633 2640 5704; x_wconf 65' lang='grc' dir='ltr'><strong>ἱερὰν</strong></span> <span class='ocrx_word' id='word_1_834' title='bbox 2666 5631 2952 5704; x_wconf 79' lang='grc' dir='ltr'><strong>τράπεζαν</strong></span> <span class='ocrx_word' id='word_1_835' title='bbox 2994 5629 3409 5699; x_wconf 76' lang='grc' dir='ltr'><strong>καταλαμσάνει</strong></span> <span class='ocrx_word' id='word_1_836' title='bbox 3434 5642 3448 5655; x_wconf 92' lang='grc'><strong>·</strong></span> <span class='ocrx_word' id='word_1_837' title='bbox 3481 5627 3578 5679; x_wconf 73' lang='grc' dir='ltr'><strong>καὶ</strong></span> <span class='ocrx_word' id='word_1_838' title='bbox 3606 5623 3788 5678; x_wconf 50' lang='lat' dir='ltr'><strong>ams-</strong></span> 
     </span>
    </p>
   </div>
   <div class='ocr_carea' id='block_1_116' title="bbox 2209 5710 3783 5801">
    <p class='ocr_par' dir='ltr' id='par_1_116' title="bbox 2209 5710 3783 5801">
     <span class='ocr_line' id='line_1_117' title="bbox 2209 5710 3783 5801; baseline -0.012 -17"><span class='ocrx_word' id='word_1_839' title='bbox 2209 5731 2438 5801; x_wconf 74' lang='grc' dir='ltr'><strong>ξάμενος</strong></span> <span class='ocrx_word' id='word_1_840' title='bbox 2471 5727 2562 5781; x_wconf 76' lang='grc' dir='ltr'><strong>τὸν</strong></span> <span class='ocrx_word' id='word_1_841' title='bbox 2593 5725 2696 5795; x_wconf 70' lang='grc' dir='ltr'><strong>προ</strong></span> <span class='ocrx_word' id='word_1_842' title='bbox 2723 5722 2922 5795; x_wconf 82' lang='grc' dir='ltr'><strong>μικροῦ</strong></span> <span class='ocrx_word' id='word_1_843' title='bbox 2949 5723 3228 5794; x_wconf 76' lang='grc' dir='ltr'><strong>γραφέντα</strong></span> <span class='ocrx_word' id='word_1_844' title='bbox 3268 5719 3502 5792; x_wconf 77' lang='grc' dir='ltr'><strong>χάρτην,</strong></span> <span class='ocrx_word' id='word_1_845' title='bbox 3536 5710 3715 5787; x_wconf 70' lang='grc' dir='ltr'><strong>εὗρεν,</strong></span> <span class='ocrx_word' id='word_1_846' title='bbox 3745 5711 3783 5764; x_wconf 74' lang='grc' dir='ltr'>ὦ</span> 
     </span>
    </p>
   </div>
  </div>
