4004 6436
244 410 381 476 19.49

934 410 1083 470 PRO
1121 409 1335 471 CONC.
1371 407 1750 469 FLORENT.
1789 407 1954 468 CAP.
1997 405 2116 468 Ιίῐ.
2167 407 2264 466 DE
2303 407 2830 470 PURGATORIO.

3376 409 3517 473 1250
3569 389 3590 412 °

239 525 380 576 Θεοῦ
401 525 718 593 κριμάτωνῑ
747 525 805 576 τὸ
826 525 922 578 τοῦ
935 523 1204 592 Θεοφίλου
1227 524 1400 595 δνομα
1421 526 1831 595 ἀπηλειμμένον

1941 539 2138 576 noutcn
2189 524 2473 577 abolitum.
2518 523 2593 578 Ex
2650 525 2755 578 hoc
2797 521 2960 594 igitur
2994 523 3115 580 loco
3175 527 3509 595 prepositum

241 617 453 670 θεόθεν.
492 617 627 668 Ἀπὸ
655 617 847 670 τούτου
879 616 972 669 οὖν
1002 616 1098 669 τοῦ
1126 617 1309 685 λόγου,
1342 618 1404 671 τὸ
1434 617 1699 690 προτεθὲν
1729 618 1825 670 τοῦ

243 711 618 780 καθαρτηρίου
653 710 830 778 δόγμα
890 711 1195 781 διαρρήδην
1243 712 1574 781 ἐμφαίνεται
1601 727 1614 742 ·
1650 713 1735 765 ὅτι
1776 714 1825 764 εἰ

240 799 312 871 ἦν
342 803 519 868 ἅγιος,
553 803 660 854 οὐκ
693 802 757 854 ἂν
790 801 1079 870 δεδεμένος
1116 803 1211 856 καὶ
1245 803 1322 865 ὡς
1354 803 1646 866 κατάδικος
1693 806 1823 857 ἐπο-

245 894 435 964 ρεύετο
461 910 476 924 ·
511 895 559 946 εί
605 893 662 946 δὲ
698 893 976 958 παντελῶς
1021 895 1476 964 ἀπεγνωσμένος,
1524 895 1619 948 καὶ
1661 913 1827 964 μετα-

241 987 390 1047 νοίας
423 986 670 1053 καρποὺς
700 987 800 1039 οὑκ
827 987 1142 1057 ἐκέρδησεν,
1177 987 1276 1040 οὐκ
1302 986 1368 1040 ἂν
1396 986 1555 1056 ἔτυχε
1582 986 1825 1055 συγγνῶ-

244 1096 376 1148 μης.
447 1079 610 1142 ὀςτε
686 1079 787 1148 τῆς
843 1079 1018 1150 μέσης
1074 1079 1293 1149 μερίδος
1352 1079 1558 1150 τυχὼν,
1622 1080 1718 1133 καὶ
1767 1081 1827 1132 ὲν

247 1172 508 1240 μετανοίᾳ.
538 1172 804 1242 εὑρεθεὶς.
845 1171 1104 1241 ὠφελήθη
1136 1173 1221 1226 διὰ
1257 1174 1359 1240 τῆς
1405 1174 1515 1226 τῶν
1545 1173 1825 1244 θεοφόρων

243 1266 342 1317 καὶ
370 1264 543 1331 ἁγίων
591 1264 803 1333 ἀνδρῶν
836 1264 1098 1334 δεήσεως.
1136 1267 1275 1336 Περὶ
1319 1267 1375 1319 δὲ
1414 1265 1524 1319 τῶν
1571 1268 1826 1334 ἀπεγνω-

243 1357 478 1422 σμένων,
535 1358 584 1410 εί
631 1358 726 1410 τὸν
778 1358 985 1424 κόσμον
1031 1358 1154 1412 ὅλον
1191 1357 1388 1422 δώσεις
1432 1358 1510 1423 ὡς
1561 1361 1826 1424 πολλάκις

241 1451 482 1518 εἴρηται,
519 1450 582 1502 οὐ
620 1449 916 1521 βοηθήσεις
951 1450 1107 1522 αὑτῷ
1136 1451 1246 1505 οὐδ’
1276 1451 1435 1514 ὅλως.

316 1543 545 1611 Μάρτυς
574 1542 634 1594 ὲν
661 1543 839 1613 τούτῳ
859 1544 888 1597 δ
916 1545 1428 1614 προμνημονευθεὶς
1459 1543 1605 1613 ἱερξς
1643 1545 1828 1599 Ἰωάν-

243 1651 346 1702 νης
380 1637 406 1686 ὁ
439 1637 826 1704 Δαμασκηνὶς,
863 1637 923 1689 ὲν
953 1636 1029 1707 τῷ
1065 1637 1607 1707 προμνημονευθὲντι
1640 1637 1786 1710 λόγῳ
1809 1656 1824 1671 ο

243 1727 375 1780 ἔνθα
406 1728 574 1796 φησίν
593 1745 606 1760 ·
640 1746 660 1780 ι
707 1727 767 1782 ὐ
797 1729 843 1781 δ’
873 1725 941 1783 αὖ
963 1747 1027 1797 γε
1061 1730 1178 1799 βίον
1203 1731 1440 1801 πονηρὸν
1465 1732 1826 1801 κεκτημένος,

246 1821 716 1890 συμπεφυρμένον
744 1821 868 1875 ὅλον
899 1824 958 1876 ἐν
1000 1825 1121 1886 ταῖς
1155 1822 1448 1886 ἀκάνθαις.
1484 1823 1579 1878 καὶ
1611 1826 1827 1896 πλήρης

245 1914 426 1966 πέλων
457 1914 600 1967 ὑλῶν
645 1915 755 1967 τῶν
793 1916 1146 1988 ἀκαθάρτων,
1177 1917 1238 1981 ὃς
1285 1918 1542 1972 οὐδέποτε
1585 1922 1830 1992 συνειδή-

245 2024 333 2059 σει.
379 2007 580 2076 δεῆξεν,
623 2008 743 2062 ἀλλ’
799 2011 973 2073 ἀδεῶς
1005 2010 1142 2080 ὁμοῦ
1180 2011 1275 2064 καὶ
1333 2013 1663 2082 ἀδιαφόρως,
1709 2017 1830 2078 ταῖς

240 2099 356 2152 τῶν
390 2100 596 2170 ἡδονῶν
624 2101 804 2156 ἔκειτο
832 2103 1152 2171 δυσωδίαις,
1189 2107 1446 2177 πράττων
1480 2107 1706 2170 ἁπάσας
1731 2109 1833 2172 τὰς

237 2193 348 2262 τῆς
397 2193 604 2262 σαρκδς
654 2194 887 2264 ὀρέξεις.
945 2197 1042 2249 καὶ
1090 2197 1260 2265 μηδὲν
1299 2198 1437 2260 ὅλως
1486 2202 1619 2267 περὶ
1652 2199 1832 2270 ψυχῆς

237 2285 573 2352 φροντίζων,
620 2285 762 2356 ἔχων
807 2304 868 2340 τι
925 2287 986 2340 τδ
1045 2289 1304 2358 φρόνημα
1345 2294 1613 2358 σαρκικδν
1663 2292 1830 2360 ἅπαν,

242 2375 557 2443 εἷῡόὓτως
613 2379 878 2449 φθασοεὶς
937 2382 1246 2454 ἑκδημήσει
1297 2385 1393 2439 τοῦ
1455 2386 1596 2456 βίου,
1654 2387 1832 2456 τούτῳ

243 2474 529 2536 παντελῶς
558 2473 737 2537 οὐδεὶς
775 2474 955 2545 ὀρέξει
999 2478 1161 2546 χεῖρα
1189 2496 1202 2509 ·
1237 2478 1354 2532 ἀλλ’
1380 2479 1524 2533 οὕτω
1549 2481 1729 2534 πάντα
1764 2483 1832 2536 τὰ

244 2567 370 2620 κατ’
394 2565 558 2620 αὑτὸν
591 2567 1090 2638 διαπραχθήσεται,
1125 2570 1203 2633 ὡς
1245 2573 1382 2642 μήτε
1415 2572 1521 2626 ὑπὸ
1552 2575 1830 2640 συνεύνου,

244 2660 280 2727 ἢ
311 2659 522 2720 τέκνου,
552 2659 586 2729 ἢ
621 2659 887 2727 ἀδελφῶν,
919 2661 962 2729 ἢ
986 2663 1290 2730 συγγενῶν,
1327 2663 1359 2734 ἢ
1404 2665 1576 2733 φίλων
1605 2669 1832 2720 ὲπικουο

248 2752 371 2819 pia;
401 2753 618 2821 τυχεῖν·
655 2753 736 2805 ὅτι
791 2753 929 2822 μηδὲ
961 2753 1074 2825 ἔχει
1104 2755 1238 2818 Θεὸς
1288 2756 1347 2808 ἐν
1390 2757 1578 2827 μάτρῳ
1617 2758 1829 2817 τοῦτον.

261 2842 423 2912 Ὁρᾷς
453 2844 572 2906 πῶς
600 2861 768 2916 φησιν
795 2847 823 2898 6
857 2845 1013 2912 ἇγιος
1043 2840 1222 2912 οὗτος,
1248 2851 1331 2902 ὅτι
1361 2851 1492 2921 περὶ
1519 2853 1631 2903 τῶν
1656 2853 1833 2906 τοιού-

245 2953 356 2988 των
383 2937 678 3004 ματαιάζει
707 2939 735 2990 ὅ
759 2937 1020 3007 δεόμενος
1039 2956 1053 2970 ·
1080 2941 1163 2993 ὅτι
1194 2941 1295 2995 οὐκ
1321 2941 1434 3011 ἔχει
1463 2946 1489 2996 ό
1513 2945 1645 3009 θεὸς
1668 2946 1835 3000 αὑτὸν

248 3031 310 3079 ἐν
329 3027 530 3097 μέτρῳ.
564 3029 700 3099 Περὶ
720 3029 928 3084 τούτων
955 3032 1294 3102 γέγραπται,
1330 3037 1479 3088 «Οὐκ
1498 3037 1645 3091 ἔστιν
1675 3041 1734 3093 ἐν
1756 3041 1834 3111 τῷ

245 3122 350 3192 ᾅδῃ
385 3123 647 3190 μετάνοια
673 3140 687 3154 °
727 3142 745 3176 ι
780 3125 877 3178 καὶ
908 3125 976 3178 τὰ
1008 3127 1200 3181 λοιπά.
1233 3128 1367 3199 Περὶ
1412 3129 1469 3182 δὲ
1503 3130 1614 3183 τῶν
1646 3132 1834 3200 μέσων

1933 617 2000 670 de
2031 617 2347 685 purgatorio
2399 618 2592 686 dogma
2631 625 2817 687 aperte
2865 619 3251 685 convincitur;
3307 636 3430 674 nam
3469 624 3512 677 si

1933 719 2160 765 sanctus
2212 710 2539 775 exstitisset,
2577 711 2793 778 vinctus
2845 711 3009 765 veluti
3065 713 3360 770 damnatus
3409 732 3516 769 non

1933 804 2294 859 incessisset:
2333 804 2379 859 si
2427 820 2555 858 vero
2606 805 2827 875 penitus
2875 808 3196 876 deSpr-ratus
3243 820 3296 863 et
3334 809 3520 878 pinni-

1935 899 2116 951 tentia:
2149 897 2328 969 lgttctu
2365 899 2613 964 orbatus,
2653 897 2870 953 veniam
2915 915 3021 953 non
3068 909 3216 956 esset
3260 917 3520 957 consecu-

1933 998 2041 1046 tus.
2076 991 2264 1061 Itaque
2293 992 2482 1045 medite
2513 991 2709 1046 classis
2741 1008 2867 1048 cum
2902 1003 3046 1048 esset
3086 1002 3142 1048 et
3181 997 3516 1064 poenitentia:

1933 1085 2202 1142 beneﬁcio
2253 1084 2355 1139 sibi
2403 1085 2716 1152 praesidium
2755 1098 3151 1156 comparasset,
3200 1088 3516 1143 divinorum

1933 1187 1986 1233 et
2004 1187 2319 1232 sanctorum
2340 1177 2583 1231 virorum
2615 1179 2870 1247 precibus
2889 1180 3154 1234 auxilium
3176 1181 3511 1248 impetravit.

1934 1270 2040 1325 Pro
2084 1270 2390 1340 desperatis
2436 1270 2584 1325 enim
2615 1271 2658 1325 si
2699 1280 2869 1325 totum
2906 1273 3168 1326 mundum
3205 1272 3516 1336 tradideris,

1934 1371 1995 1418 ut
2024 1377 2166 1434 saepe
2196 1363 2403 1418 dictum
2432 1373 2541 1429 est,
2574 1363 2851 1419 incassum
2875 1364 3171 1422 laborabis.

2004 1542 2180 1613 Hujus
2210 1545 2286 1599 rei
2319 1545 2474 1602 testis
2503 1545 2834 1602 antedictus’
2859 1561 3014 1601 sacer
3038 1544 3279 1602 Joannes
3319 1545 3482 1601 Dama
3501 1576 3520 1588 -

1931 1653 2130 1694 scenes
2160 1640 2214 1692 in
2244 1640 2490 1694 oratione
2525 1647 2686 1695 antea
2719 1651 3172 1707 commemorata,
3204 1640 3296 1696 ubi
3338 1640 3462 1694 dicit
3495 1658 3510 1696 :
3554 1691 3556 1696 .

1941 1750 1960 1785 ι
1989 1731 2091 1800 Qui
2133 1732 2299 1786 vitam
2328 1731 2598 1800 ﬂagitiose
2646 1733 2906 1798 traducit,
2939 1743 2993 1788 et
3023 1735 3272 1790 sentibus
3305 1748 3520 1805 semper

1936 1825 2259 1890 involutam,
2314 1833 2368 1879 et
2420 1825 2667 1881 sordium
2718 1826 2964 1882 foeditate
3005 1841 3350 1897 respersam,
3414 1843 3516 1881 nec

1936 1933 2093 1975 suam
2124 1932 2366 1988 unquam
2397 1918 2796 1975 conscientiam
2829 1919 3179 1989 introspexit,
3219 1921 3312 1975 sed
3347 1921 3519 1974 intre-

1932 2011 2059 2079 pide
2101 2011 2268 2066 simul
2301 2011 2454 2066 nullo
2487 2011 2676 2068 habito
2703 2011 3030 2068 discrimine
3078 2012 3421 2081 voluptatum
3459 2027 3518 2065 se

1933 2103 2283 2162 fmditatibus
2325 2105 2806 2170 contaminaverit,
2831 2105 3089 2159 omnibus
3123 2103 3523 2172 cupiditatibus

1934 2199 2120 2254 carnis
2141 2197 2556 2270 subsequendo,
2576 2198 2801 2253 omnino
2832 2198 3031 2252 anima:
3063 2212 3193 2252 cura
3225 2197 3474 2268 despecta
3502 2236 3518 2261 ,

1936 2291 2183 2360 nihilque
2209 2291 2356 2345 aliud
2385 2305 2547 2360 quam
2585 2305 2804 2344 carnem
2840 2290 3104 2354 sentiens,
3140 2290 3195 2344 in
3223 2289 3400 2358 iisque
3426 2303 3522 2344 co-

1935 2383 2296 2454 gitationibus
2325 2383 2703 2452 deprehensus
2751 2395 2782 2434 e
2831 2380 2944 2433 vita
2994 2379 3338 2441 discesserit,
3391 2378 3522 2432 huic

1939 2490 2102 2532 nemo
2134 2490 2356 2529 manum
2390 2472 2722 2544 porrexerit,
2753 2471 2848 2528 sed
2891 2471 2963 2526 ita
2993 2486 3178 2526 secum
3209 2481 3422 2541 agetur,
3459 2481 3521 2524 ut

1937 2585 2040 2624 nec
2069 2572 2137 2623 ab
2168 2583 2366 2633 uxore,
2415 2568 2500 2622 vel
2550 2566 2761 2629 liberis,
2809 2563 3094 2630 fratribus,
3126 2564 3401 2634 cognatis,
3432 2564 3520 2617 νρΙ

1939 2661 2134 2717 amicis
2181 2661 2232 2716 ei
2277 2660 2506 2716 omnino
2556 2655 2836 2715 subveniri
2892 2658 3090 2727 possit,
3123 2659 3265 2728 quod
3297 2673 3423 2712 eum
3463 2659 3517 2710 in

1936 2769 2195 2810 mensura
2224 2753 2508 2812 Deus.nou
2529 2753 2782 2808 habeat.»
2813 2752 2976 2808 Vides
3001 2755 3274 2822 quomodo
3297 2762 3522 2808 sanctus

1939 2848 2029 2903 hic
2055 2848 2138 2902 vir
2165 2846 2325 2910 dixit,
2362 2846 2508 2916 quod
2537 2846 2633 2915 qui
2667 2860 2766 2914 pro
2797 2846 2879 2899 bis
2909 2845 3261 2914 deprecatur,
3295 2845 3520 2910 insanit,

1934 2941 2106 2996 veluti
2133 2951 2285 2996 extra
2320 2941 2416 2994 Dei
2448 2955 2758 2995 mensuram
2789 2938 3117 2993 collocatis?
3151 2938 3222 2993 De
3265 2939 3349 2993 bis
3379 2941 3521 2994 scri-

1937 3046 2090 3107 ptum
2118 3045 2223 3098 est,
2256 3033 2407 3089 «Non
2437 3035 2590 3089 estin
2623 3033 2837 3088 inferno
2868 3032 3184 3102 paenitentia
3209 3035 3308 3098 ⁸⁸,ι
3342 3043 3398 3088 et
3434 3049 3524 3087 re-

1939 3131 2108 3200 liqua.
2154 3130 2229 3184 De
2266 3129 2443 3183 media
2485 3128 2680 3193 classe,
2719 3128 2769 3180 id
2801 3136 2903 3191 est,
2932 3129 2999 3184 de
3033 3128 3117 3182 bis
3148 3129 3240 3198 qui
3272 3128 3375 3183 sub
3401 3143 3521 3198 poe-

248 3217 506 3268 τουτιστι
539 3216 650 3269 τῶν
679 3217 738 3269 ὲν
768 3219 1031 3288 μετανοίᾳ
1062 3219 1530 3289 τελευτησάντων,
1559 3223 1654 3275 καὶ
1687 3225 1831 3292 μάλα

1939 3222 2164 3278 nitentia
2196 3223 2506 3276 moriuntur
2541 3237 2664 3292 esse
2703 3219 2968 3277 Sollicitos
2994 3259 3010 3285 ,
3047 3222 3274 3278 lucrosa
3319 3238 3406 3277 res
3439 3231 3522 3276 est

245 3309 534 3379 ἑπιιιερδὲς
565 3309 626 3361 τὸ
655 3311 912 3380 πρᾶγμα,
938 3313 1034 3365 καὶ
1058 3313 1229 3375 ὅντως
1257 3312 1560 3383 ὠφέλιμον.
1589 3316 1664 3368 Οὐ
1692 3316 1832 3370 δίδο-

247 3418 352 3470 μεν
402 3399 498 3455 οὗν
535 3403 794 3473 ἀφορμὰς
825 3405 920 3456 καὶ
958 3407 1284 3474 προφάσεις,
1332 3407 1430 3461 τοῦ
1484 3408 1668 3471 ζῶντά
1706 3427 1831 3465 τινα

247 3494 326 3563 μὴ
361 3497 537 3546 ποιεῖν
562 3494 961 3564 ἐλεημοσύνας,
993 3498 1127 3551 ἀλλὰ
1155 3499 1449 3567 φυλάττειν
1482 3501 1656 3564 αὐτὰς
1694 3503 1832 3570 μετὰ

241 3586 515 3641 Θάνατονο
554 3587 756 3640 ἄτοπον
799 3590 908 3657 γὰρ
947 3589 1105 3642 τοῦτο
1155 3591 1248 3644 καὶ
1297 3577 1552 3664 βέϐηλον,
1603 3595 1700 3648 καὶ
1729 3597 1829 3663 τῆς

244 3678 400 3742 Oeta;
455 3680 783 3749 νομοθεσίας
831 3682 1153 3752 ἀλλότριονο
1207 3685 1342 3736 ἀλλὰ
1397 3685 1687 3739 κάλλιστον
1733 3687 1829 3741 καὶ

242 3771 540 3842 θεάρεστον
596 3775 689 3826 καὶ
743 3775 823 3830 εἰς
872 3777 1018 3829 ἆπαν
1070 3775 1499 3845 εὐπρόσδεκτον,
1535 3778 1594 3830 τὸ
1650 3778 1830 3834 πάντα

242 3864 561 3936 ἄνθρωπον,
589 3864 820 3934 Θεοσεδῆ
863 3868 958 3920 καὶ
988 3867 1340 3939 φιλόχριστον
1389 3866 1571 3923 εἶναι’
1612 3872 1705 3925 καὶ
1733 3889 1834 3926 κα-

250 3957 466 4024 θαίρειν
493 3958 687 4038 ἑαυτὸν
717 3957 786 4011 δι’
825 3959 1199 4028 ἁγαθοεργίας
1244 3962 1528 4026 παντοίας,
1560 3964 1836 4035 ἀπεχόμε-

253 4062 346 4100 νον
387 4048 563 4116 πάσης
599 4049 946 4120 ἀκαθαρσίας
979 4068 993 4083 ο
1028 4053 1288 4120 ἐχόμενον
1325 4053 1383 4106 δὲ
1417 4054 1528 4106 τῶν
1569 4055 1664 4109 τοῦ
1696 4056 1832 4110 Θεοῦ

248 4143 490 4209 φαεινῶν
526 4143 991 4212 προσταγμάτων,
1035 4145 1110 4207 ὡς
1141 4144 1208 4198 ἂν
1246 4147 1384 4216 πρὸς
1413 4148 1476 4201 τὸ
1516 4148 1672 4212 τέλος
1709 4149 1837 4219 ἐλη-

247 4234 458 4300 λακὼς,
495 4236 637 4303 μετὰ
681 4237 1000 4309 παρρησίας
1045 4237 1174 4312 λέξῃ
1211 4241 1352 4310 πρὸς
1388 4240 1482 4294 τὸν
1528 4241 1835 4313 δεσπότηνο

250 4346 273 4380 ι
323 4327 544 4399 Ἐτοιμη
578 4331 611 4398 η
643 4330 843 4400 καρδία
868 4349 992 4400 μου.
1026 4350 1044 4382 ι
1079 4334 1188 4387 Καὶ
1236 4334 1413 4398 οὕτως
1445 4337 1620 4405 ἡδέως
1671 4353 1838 4406 προσ-

243 4421 683 4489 υπαντήσιιλτοτς
702 4422 1010 4487 σπουδαίοις
1043 4424 1334 4488 ὲπείκταις
1363 4427 1639 4495 ἀγγέλοις.
1677 4427 1838 4482 Ἀλλὰ

243 4510 410 4566 τοῦτο
445 4514 549 4582 μὲν
569 4513 741 4582 ὀλίγοι
766 4516 1009 4580 ποιοῦσι,
1033 4518 1129 4571 καὶ
1152 4518 1420 4587 ὀλιγάκις,
1456 4522 1602 4574 κατὰ
1624 4521 1718 4574 τὸν
1741 4521 1836 4575 τοῦ

241 4605 528 4659 Δεσπότου
569 4606 728 4675 λόγον
753 4622 769 4638 ’
799 4609 882 4661 ὅτι
923 4627 941 4660 ι
989 4609 1216 4679 Ὀλίγοι,
1265 4611 1454 4682 φησὶν,
1494 4614 1546 4665 ot
1591 4614 1836 4684 σωζόμε-
1870 4590 1911 4644 D

243 4714 352 4751 νοι.
393 4714 413 4748 ι
445 4697 618 4752 Τοῦτο
669 4698 858 4752 λοιπὸν
890 4702 1272 4772 ἐπιστάμενοι,
1316 4704 1399 4757 ὅτι
1443 4705 1680 4775 ἐργῶδες
1715 4707 1833 4759 λίαν

239 4789 373 4842 τινὰ
413 4789 708 4860 εὑρεθῆναι
758 4793 860 4862 τῆς
895 4790 1125 4863 πρώτης
1176 4793 1419 4862 μερίδος,
1470 4792 1530 4857 ἐξ
1587 4793 1834 4864 ἀνάγκης

242 4881 530 4952 ιπάγομεν
556 4885 659 4954 τὴν
690 4883 975 4956 δευτέραν,
1007 4885 1394 4950 άποστολικοῖς
1420 4903 1482 4939 τε
1513 4888 1605 4941 καὶ
1635 4903 1834 4956 πατρι-

241 4977 367 5038 κοῖς
405 4976 663 5048 ἑπόμενοι
705 4983 969 5050 ῥήμασιν.
1017 4981 1237 5042 Ἐπειδὴ
1283 4981 1456 5045 ὅντως
1500 4983 1548 5033 oi
1581 4982 1837 5052 κατοιχό-

246 5084 428 5137 μενοι,
477 5071 550 5139 τῇ
603 5069 700 5122 τοῦ
756 5068 892 5123 Θεοῦ
948 5070 1179 5138 άγαθότι
1231 5072 1603 5140 ὠφελοῦνται·
1654 5074 1752 5126 καὶ
1801 5075 1834 5144 ἡ

243 5161 578 5230 φιλαδελφία
635 5163 1045 5229 ἐπαυξάνεται’
1106 5166 1202 5216 καὶ
1247 5166 1280 5234 ἠ
1331 5166 1430 5236 τῆς
1475 5165 1836 5229 ἀναστάσεως

241 5254 406 5317 ἐλπὶς
460 5253 779 5324 βεϐαιοῦται
811 5271 826 5286 ο
863 5259 958 5308 καὶ
1003 5256 1036 5328 ἡ
1094 5257 1232 5327 πρὸς
1280 5258 1409 5319 τοὺς
1455 5258 1637 5320 θείους
1673 5258 1837 5318 ναοὺς

243 5346 533 5416 συνδρομὴ
564 5347 917 5418 θερμοτέρως
949 5349 1308 5419 πληθύνεται,
1342 5351 1438 5403 καὶ
1473 5353 1506 5420 ἡ
1544 5352 1684 5421 πρὸς
1709 5352 1838 5414 τοὺς

237 5441 494 5511 πένητας
523 5443 744 5495 εὐποιῖα
770 5443 1124 5500 πλατύνεται.
1153 5443 1261 5496 Ἴδε
1294 5444 1434 5497 κατὰ
1475 5446 1674 5508 πόσους
1707 5446 1837 5515 τρὸο

241 5548 386 5596 πους
419 5532 480 5586 τὸ
532 5535 768 5604 πρᾶγμα
807 5537 1096 5604 ἑπικερδὲς
1147 5538 1243 5590 καὶ
1287 5537 1568 5607 ὠφέλιμον
1595 5553 1612 5569 ⁶
1649 5540 1742 5592 καὶ
1779 5542 1836 5592 ἐν

243 5625 438 5687 πόσοις
459 5625 679 5692 τρόποις
700 5628 732 5694 ἡ
758 5626 867 5678 τῶν
891 5629 1304 5697 κατοιχομένων
1325 5629 1584 5698 ὠφέλεια,
1610 5630 1836 5701 ἀφορμὴ

245 5715 464 5783 γίνεται
505 5717 605 5785 τῆς
630 5716 738 5769 τῶν
773 5718 1030 5772 ἁπάντων
1064 5721 1438 5793 καταλλαγῆς.
1472 5725 1647 5780 Τοῦτο
1674 5727 1724 5780 οἱ
1760 5727 1834 5797 μὴ

442 5897 590 5959 Psal.
633 5919 705 5972 γι,
734 5900 787 5958 6.
903 5863 948 5989 fi
987 5903 1132 5962 Psal.
1167 5923 1276 5973 LVI,
1309 5909 1367 5964 8.

1935 3312 2230 3367 admodum
2259 3311 2504 3380 etplane
2546 3291 2852 3366 fructuosa.
2893 3307 3145 3366 Nolimus
3185 3310 3352 3379 igitur
3381 3310 3521 3364 vivis
3591 3333 3602 3341 ~

1935 3419 2122 3460 ansam
2153 3413 2209 3458 et
2241 3413 2564 3473 praetextum
2613 3403 2854 3474 praebere
2877 3403 3253 3475 clcemosynas
3285 3418 3392 3458 non
3421 3419 3522 3458 cx-

1935 3495 2188 3562 hibendi,
2235 3495 2332 3550 sed
2381 3504 2504 3564 post
2553 3495 2765 3550 obitum
2801 3510 3108 3562 reservare,
3159 3495 3362 3565 quippe
3393 3510 3520 3550 cum

1935 3587 2234 3644 absurdum
2262 3587 2317 3642 id
2343 3597 2397 3642 et
2419 3586 2731 3658 profanum,
2754 3595 2808 3641 et
2837 3601 2865 3640 a
2893 3585 3075 3642 divina
3109 3587 3226 3657 lege
3253 3589 3520 3654 alienum;

1935 3683 2026 3738 sed
2061 3679 2515 3752 praestantissima
2553 3693 2639 3733 res
2685 3676 2797 3733 Deo
2842 3687 2994 3747 grata
3025 3688 3079 3732 et
3120 3679 3172 3732 in
3212 3685 3386 3733 totum
3422 3694 3515 3734 ac~

1935 3772 2242 3844 ceptabilis,
2279 3787 2499 3828 omnem
2543 3771 2819 3827 hominem
2847 3770 3162 3840 religiosum
3201 3772 3519 3841 Christique

1936 3877 2212 3924 amantem
2237 3881 2383 3932 esse,
2409 3880 2576 3935 seque
2605 3863 2785 3933 ipsum
2828 3863 3224 3934 multiplicibus
3257 3879 3322 3918 ac
3357 3865 3518 3918 bonis

1937 3959 2194 4030 operibus
2223 3974 2478 4030 purgare,
2513 3968 2566 4013 et
2590 3959 2738 4013 omni
2769 3957 2838 4013 ab
2871 3956 3190 4027 impuritate
3219 3958 3518 4020 abstinere,

1939 4052 2033 4108 Dei
2063 4051 2329 4122 speciosis
2363 4052 2652 4122 preceptis
2694 4049 3150 4113 obsecundando,
3200 4061 3259 4104 ut
3293 4065 3415 4104 cum
3453 4052 3520 4104 ad

1936 4149 2143 4203 exitum
2181 4147 2302 4200 vitae
2328 4145 2647 4208 devenerit,
2677 4159 2800 4199 cum
2839 4145 3034 4198 liducia
3067 4141 3298 4198 Domino
3330 4143 3480 4198 dicat
3507 4183 3520 4205 ,

1945 4260 1965 4293 ι
2001 4240 2260 4295 Paratum
2289 4248 2375 4295 est
2401 4253 2500 4294 cor
2528 4253 2708 4294 meum
2742 4237 2840 4301 ⁸¹,ι
2876 4239 3061 4306 itaque
3091 4237 3334 4307 jucunde
3364 4237 3525 4292 bonis

1940 4335 2147 4405 angelis
2197 4332 2614 4404 instigatoribus
2675 4339 2951 4385 occurrat.
3007 4330 3078 4384 At
3140 4332 3246 4385 hoc
3297 4328 3518 4398 quidem

1939 4427 2100 4498 pauci
2143 4425 2372 4492 faciunt,
2427 4434 2483 4480 et
2534 4426 2714 4479 minus
2764 4437 2908 4490 saepe
2949 4421 3251 4476 secundum
3285 4421 3514 4475 verbum

1945 4517 2180 4582 Domini,
2209 4517 2334 4587 quia
2367 4514 2548 4587 pauci,
2587 4514 2787 4583 inquit,
2820 4511 3124 4567 salvantur.
3155 4511 3212 4564 ltl
3243 4525 3340 4580 pro
3367 4524 3523 4564 com-

1945 4619 2100 4682 perto
2132 4611 2424 4675 habentes,
2458 4608 2691 4664 arduum
2737 4622 2863 4663 esse
2895 4607 3101 4661 multos
3133 4621 3196 4660 ex
3232 4605 3408 4675 primo
3434 4618 3527 4658 or-

1944 4705 2072 4761 dine
2109 4703 2382 4775 reperiri;
2420 4703 2843 4771 necessarioque
2880 4699 3180 4754 secundum
3211 4698 3526 4752 inducimus

1944 4799 2214 4864 ordinem,
2255 4797 2629 4867 apostolorum
2660 4803 2714 4848 et
2745 4794 2966 4849 Patrum
2993 4792 3237 4862 vestigiis
3268 4790 3530 4847 insisten-

1945 4901 2049 4957 tes,
2082 4891 2342 4962 quoniatn
2399 4887 2642 4944 defuncti
2700 4885 2792 4941 Dei
2838 4886 3080 4942 bonitate
3123 4889 3422 4955 juvantur,
3473 4895 3528 4940 et

1946 4985 2184 5040 charitas
2229 4981 2467 5036 fraterna
2516 4988 2769 5050 augetur,
2821 4989 2877 5034 et
2928 4979 3357 5034 resurrectionis
3402 4993 3530 5049 spes

1945 5077 2242 5142 stabilitur,
2271 5083 2326 5129 et
2351 5074 2418 5129 ad
2452 5086 2643 5128 sacras
2689 5073 2834 5126 mdes
2890 5084 3196 5126 concursus
3244 5071 3528 5125 ardentius

1945 5183 2194 5242 augetur,
2228 5178 2282 5224 et
2312 5182 2443 5238 erga
2491 5181 2764 5237 pauperes
2814 5167 3171 5221 beneﬁcentia
3222 5163 3400 5234 magis
3434 5179 3531 5217 ex-

1948 5263 2206 5318 tenditur.
2243 5260 2370 5314 Vide
2397 5257 2788 5330 quotupliciter
2823 5259 2938 5312 hsce
2959 5272 3048 5312 res
3085 5256 3326 5327 proﬁcua
3359 5265 3444 5308 est
3476 5265 3531 5310 et

1947 5357 2117 5424 utilis,
2154 5365 2210 5411 et
2239 5362 2374 5425 quot
2399 5354 2574 5408 modis
2609 5353 2831 5407 occasio
2866 5348 3335 5407 reconciliationis
3384 5347 3531 5401 inter

1945 5464 2135 5503 omnes
2163 5447 2435 5502 oboritur.
2461 5442 2576 5500 Hoc
2604 5445 2699 5514 qui
2732 5443 2950 5507 nolunt,
2979 5456 3158 5510 neque
3187 5441 3527 5508 amplectun-

1948 5550 2056 5606 tur,
2087 5539 2527 5594 ecclesiasticum
2562 5536 2808 5592 ordinem
2844 5533 3062 5598 tollunt,
3092 5543 3146 5586 et
3179 5539 3527 5584 mortuorum

1947 5629 2220 5686 sacrilicia
2258 5628 2519 5684 abdicant
2558 5639 2614 5682 et
2648 5627 2978 5695 impediunt,
3041 5639 3163 5694 quae
3206 5637 3315 5677 non
3348 5623 3534 5676 incas-

1947 5739 2066 5781 sum
2099 5740 2126 5779 a
2156 5723 2476 5780 doctoribus
2511 5721 2818 5792 exCOgitata
2846 5729 2997 5775 sunt.
3031 5719 3134 5775 Sed
3162 5718 3306 5774 absit
3332 5725 3390 5774 ut
3427 5715 3530 5771 hoc
