4004 6458
436 387 451 403 ⁴
522 397 655 463 1251
1712 372 2017 437 JOSEPHI

2156 371 2237 434 ΞΤ
2251 368 2641 431 HONENSIS
3360 361 3374 372 ’
3622 370 3737 433 12δὲ

517 496 761 580 unquam
798 504 1044 561 fidelium
1091 499 1214 569 quis
1249 495 1442 553 credat
1472 494 1557 550 vel
1586 493 1814 548 omnino
1843 489 2095 559 recipiat.

2158 489 2496 551 ιθέλοντες,
2555 483 2697 554 μηδὲ
2750 481 3096 551 στέργοντες,
3164 477 3261 548 τὴν
3313 478 3739 552 ἐκκλησιαστικὴν

519 570 629 658 Sed
659 602 764 656 hoc
787 595 1081 653 atlmodum
1118 591 1253 646 utile
1281 588 1688 649 existimantes,
1723 598 1789 639 ne
1810 595 2096 649 cessemus

2205 579 2361 643 τάξιν
2393 576 2714 647 ἀναιροῦσιν
2739 591 2753 606 ⁶
2786 574 3015 627 παύουσι
3044 573 3137 626 καὶ
3160 572 3259 633 τὰς
3286 570 3397 624 τῶν
3434 572 3632 642 νεκρῶν
3655 574 3740 628 λει-

442 666 455 695 i
522 704 782 765 unquam,
823 690 1040 751 fratres,
1091 700 1190 755 pro
1224 680 1458 740 mortuis
1504 676 2023 736 commemorationt

2204 672 2490 741 τουργίας,
2531 669 2607 731 ὣς
2633 684 2694 720 τε
2727 665 2803 736 μὴ
2832 664 3082 732 γίνεσθαι
3108 679 3124 695 ⁸
3151 665 3356 725 αἵτινες
3376 663 3476 716 οὐκ
3498 666 3571 725 εἰς
3600 665 3744 734 μάτην

522 755 702 842 facere
745 755 921 837 :inam
977 778 1012 832 ii
1044 784 1327 846 'magnum
1380 773 1627 827 levamen
1681 777 1737 823 et
1791 763 2097 822 subsidium

2209 761 2364 831 παρὰ
2398 760 2511 813 τῶν
2542 757 2883 813 διδασκάλων
2919 757 3318 825 ἐπενοήθησαν.
3379 755 3538 809 Ἀλλά
3588 757 3655 827 μὴ
3675 760 3747 823 γέ.

522 876 763 932 sentiunt
819 887 886 926 cx
940 844 1305 932 orationibus,
1370 862 1651 934 precibus,
1730 855 2103 934 clcemosynis

2206 868 2353 906 νοιτο
2402 849 2562 904 τοῦτο
2608 848 2836 916 δοξάσαι
2883 846 3010 902 τινὰ
3054 848 3165 900 τῶν
3220 844 3431 901 πιστῶν
3480 847 3744 903 καθόλουῆ

522 926 752 1035 ali-isque
784 965 892 1035 piis
943 962 1205 1032 operibus
1234 926 1568 1029 quenobis
1600 967 1759 1022 opem
1798 926 2102 1005 ferentibus

2208 942 2622 1015 παραδέξασθαι
2649 958 2663 973 ⁸
2703 942 2843 996 ἀλλὰ
2870 941 3223 1003 πιστεύοντες
3255 940 3376 992 λίαν
3410 939 3671 1008 ὠφέλιμον
3692 939 3745 995 εί-

520 1033 877 1129 prastanlur.
898 1054 971 1107 De
993 1054 1098 1109 hoc
1131 1051 1296 1122 igitur
1333 1047 1475 1104 sacri
1501 1055 1555 1101 et
1585 1042 1762 1101 divini
1788 1039 2019 1112 apostoli
2048 1038 2101 1094 in

2209 1056 2319 1102 vat,
2347 1037 2424 1108 μὴ
2456 1035 2762 1103 παυώμεθα
2797 1036 2885 1089 ἀεὶ
2931 1035 3128 1103 μνείας
3174 1034 3351 1087 ποιεῖν
3394 1033 3611 1101 ἀδελφοὶ
3635 1034 3736 1103 ὑπὲρ

526 1121 643 1201 suis
696 1121 1193 1198 Constitutionibus
1256 1136 1603 1209 praecipiunt,
1677 1132 1773 1187 ubi
1841 1130 2106 1199 scriptum

2208 1129 2318 1183 τῶν
2349 1126 2776 1196 κεκοιμημένων
2802 1138 2817 1154 ⁸
2848 1124 2985 1177 διότι
3015 1122 3264 1192 μεγάλην
3296 1121 3488 1175 άνεσιν
3532 1121 3623 1174 καὶ
3651 1122 3740 1191 βοὴ-

529 1245 619 1293 est
648 1236 725 1304 il)
773 1250 787 1288 :
837 1252 856 1285 ι
897 1232 1253 1287 Cclebrenlur
1282 1228 1458 1284 tertiae
1489 1234 1832 1281 mortuorum
1867 1223 1922 1276 in
1961 1221 2109 1292 psal-

2212 1221 2366 1274 θειαν
2389 1219 2628 1290 ἔχουσιν,
2653 1217 2811 1288 ⁴ἡμῶν
2833 1214 3276 1284 ἐπικουρούντων
3297 1212 3487 1275 αὐτοῖς
3509 1213 3597 1266 διά
3622 1231 3747 1284 apo:-

527 1326 654 1389 mis,
684 1303 1010 1379 lectionibus
1038 1332 1204 1390 atque
1251 1316 1595 1373 orationibus
1621 1324 1841 1386 propter
1862 1327 1988 1369 eum
2014 1310 2108 1381 qni

2211 1313 2379 1383 ευχῆς
2413 1308 2549 1381 ὁμοῦ
2595 1310 2690 1363 καὶ
2733 1307 2973 1377 δεήσεως
3011 1303 3393 1374 ὲλεημοσύνης
3439 1320 3499 1356 τε
3560 1304 3647 1356 καὶ
3680 1304 3748 1371 τῆς

529 1419 689 1471 tertia
718 1417 806 1471 die
830 1414 1154 1481 resurrexit;
1181 1422 1234 1467 et
1258 1425 1416 1466 nona!
1447 1411 1500 1466 in
1524 1405 2110 1465 commemorationem

2214 1405 2383 1475 άλλης
2435 1403 2656 1471 ἀπάσης
2710 1402 2986 1464 εύποιῖας.
3038 1400 3173 1469 Περὶ
3207 1398 3404 1451 τούτου
3460 1391 3553 1451 οὖν
3598 1397 3679 1450 καὶ
3715 1398 3750 1447 οἱ

531 1510 886 1581 superstitum
932 1517 988 1564 et
1010 1506 1422 1563 defunctorum.
1453 1512 1508 1558 et
1538 1500 1980 1575 quadragesima
2013 1512 2105 1553 se-

2218 1498 2354 1551 θεῖοι
2388 1496 2487 1550 καὶ
2534 1495 2674 1566 ἱεροὶ
2714 1491 3007 1547 ἀπόστολοι
3060 1489 3499 1561 προστάττουσιν
3548 1487 3685 1557 ἡμῖν,
3713 1488 3754 1537 ἓν

532 1606 773 1661 cundum
816 1612 1054 1658 veterem
1092 1600 1347 1656 formam.
1380 1598 1616 1669 Moyscm
1651 1596 1798 1650 cnim
1835 1595 1908 1649 ila
1940 1607 2113 1663 popu-

2217 1591 2337 1651 ταῖς
2374 1586 2556 1642 αὐτῶν
2581 1585 2896 1651 δια-,τάξεσιν
2934 1583 3066 1637 ἔνθα
3108 1583 3274 1651 φασίν
3296 1596 3311 1611 ⁶
3343 1599 3364 1634 ι
3414 1578 3754 1633 Ἐπιτελείσθω

536 1700 626 1752 Ins
660 1695 829 1751 ﬂevit.
867 1693 933 1749 Et
967 1691 1347 1748 anniversaria
1382 1704 1481 1758 pro
1507 1703 1697 1744 eorum
1742 1684 2028 1747 memoria,
2062 1689 2117 1736 et

2217 1680 2380 1752 τρίτα
2413 1679 2525 1734 τῶν
2555 1678 2980 1750 κεκοιμημένων
3010 1678 3067 1730 ὲν
3097 1675 3337 1755 ψαλμοῖς
3370 1675 3461 1729 καλ
3488 1676 3543 1726 ὲν
3573 1689 3758 1742 προσεν-

539 1788 793 1844 tradatur
823 1786 890 1841 de
918 1798 1110 1841 corum
1141 1781 1500 1839 facultatibus
1544 1778 1751 1849 aliquid
1785 1776 2116 1848 pauperibus

2221 1776 2366 1846 χαῖς,
2415 1773 2507 1828 διὰ
2554 1775 2647 1826 τὸν
2692 1771 2782 1826 διὰ
2827 1771 2998 1840 τριῶν
3047 1771 3273 1842 ἡμερῶν
3324 1769 3644 1840 ἐγερθέντιν
3687 1770 3760 1822 καὶ

539 1883 594 1935 in
627 1876 1202 1935 commemorationem
1231 1889 1444 1930 eorum.
1484 1892 1503 1925 ι
1546 1870 1670 1926 Hec
1718 1871 1787 1925 de
1836 1868 1943 1940 piis
1973 1867 2114 1922 dici-

2179 1850 2190 1898 '
2220 1867 2384 1920 ἔνατα
2412 1867 2491 1927 εἰς
2528 1866 2841 1935 ὑπόμνησιν
2875 1864 2984 1917 τῶν
3014 1862 3322 1931 περιόντων
3351 1865 3451 1917 καὶ
3478 1862 3581 1915 τῶν
3610 1878 3760 1916 κεκοι-

542 1987 682 2025 mus.
712 1971 847 2025 Nam
887 1970 954 2025 de
988 1968 1170 2038 impiis
1196 1967 1241 2021 si
1275 1975 1450 2021 totum
1475 1964 1663 2020 orbem
1695 1961 2110 2026 tradiderimus,

2225 1960 2490 2030 μημένων
2511 1972 2524 1987 ⁸
2553 1954 2974 2026 τεσσαρακοστά
3021 1956 3164 2007 κατὰ
3201 1954 3294 2007 τὸν
3335 1954 3564 2009 παλαιὶν
3588 1953 3760 2005 τύπον·

545 2063 681 2118 nihil
705 2061 945 2132 proderit
969 2076 983 2114 :
1010 2060 1098 2117 cui
1123 2060 1270 2116 enim
1308 2058 1510 2113 viventi
1543 2057 1645 2112 fuit
1666 2054 1809 2111 Deus
1831 2055 2117 2119 adversus,

2223 2051 2430 2122 Μωσῆν
2463 2050 2570 2120 γάρ
2607 2050 2635 2101 ό
2674 2047 2801 2111 λαὸς
2845 2046 3019 2108 οὕτως
3053 2045 3361 2116 ἐπένθησεν
3385 2062 3401 2077 ·
3435 2046 3527 2099 καὶ
3560 2043 3762 2098 ἐνιαύσια

544 2164 790 2224 apertum
816 2166 919 2217 est,
947 2152 1193 2208 futurum
1225 2151 1273 2207 ei
1306 2150 1469 2205 etiam
1500 2148 1794 2204 adversum
1822 2159 1945 2202 esse
1976 2160 2121 2200 mor-

2230 2145 2372 2215 ὑπὲρ
2405 2144 2632 2214 μνήμης
2662 2141 2865 2197 αὐτῶν.
2896 2140 3008 2194 Καὶ
3040 2140 3267 2193 διδόσθω
3300 2139 3369 2194 ὲκ
3397 2139 3505 2191 τῶν
3534 2136 3760 2207 ὑπαρχόν-

545 2259 660 2312 tuo,
693 2248 894 2318 quippe
924 2262 1048 2302 cum
1075 2261 1183 2301 non
1208 2244 1279 2300 sit
1306 2244 1566 2314 iniquitas
1590 2243 1730 2312 apud
1764 2238 1955 2296 Deum.
1979 2236 2117 2292 Nam

2225 2253 2333 2290 των
2356 2235 2538 2290 αὐτῶν
2556 2235 2667 2298 τοῖς
2689 2233 2940 2303 πένησιν,
2962 2235 3040 2297 είς
3061 2232 3375 2303 ἀνάμνησιν
3398 2229 3592 2286 αὐτῶν.
3614 2228 3760 2283 Ταῦτα

538 2343 722 2412 justus
755 2349 839 2394 est
861 2337 1125 2393 Dominus
1148 2345 1204 2392 et
1228 2336 1472 2407 justitias
1503 2334 1703 2404 diligit,
1730 2342 1785 2387 et
1805 2347 1933 2388 ecce
1952 2333 2118 2387 homo

2227 2330 2329 2398 μὲν
2362 2330 2493 2400 περὶ
2514 2328 2759 2380 εὐσεῦῶν
2785 2327 3041 2397 λέγομεν.
3070 2327 3208 2398 Περὶ¹
3231 2325 3288 2379 δὲ
3326 2324 3564 2389 ἀσεϐῶν,
3587 2321 3672 2375 ἐὰν
3695 2320 3761 2372 καὶ

546 2411 601 2487 et
629 2448 767 2502 opus
802 2431 939 2502 eius.
972 2439 1029 2485 et
1070 2439 1128 2486 tu
1174 2429 1454 2484 retribues
1486 2426 1785 2497 unicuique
1808 2425 2115 2482 secundum

2224 2424 2293 2475 τὰ
2325 2422 2421 2476 τοῦ
2471 2423 2680 2492 κόσμου
2730 2422 2838 2492 δῷς
2874 2421 3123 2490 πένησιν,
3165 2418 3322 2472 οὐδὲν
3360 2418 3577 2483 ὀνήσεις
3608 2411 3761 2467 αὐτόν·

544 2539 713 2595 opera
749 2519 869 2579 sua.
902 2541 922 2575 ι
2226 2507 2270 2583 ᾧ
2300 2515 2410 2586 γὰρ
2439 2514 2683 2584 περιόντι
2709 2513 2901 2584 ἐχθρδν
2930 2507 2998 2582 ἦν
3028 2513 3089 2565 τὸ
3113 2511 3281 2576 θεῖον,
3308 2508 3551 2580 δηλονότι
3581 2508 3665 2560 καὶ

546 2615 826 2669 ταστάντι.
853 2614 927 2668 Οὐ
954 2614 1062 2684 γάρ
1087 2616 1235 2669 ἐστιν
1263 2614 1448 2668 ἀδικία
1469 2615 1625 2685 παρὰ
1645 2612 1722 2684 τῷ
1745 2612 1886 2684 Θεῷ,
1916 2613 2127 2676 δίκαιος
2160 2612 2269 2684 γὰρ
2326 2609 2532 2683 Κύριος
2584 2609 2678 2664 καὶ⁵
2731 2607 3081 2673 δικαιοσύνας
3157 2606 3425 2678 ἠγάπησε
3449 2622 3462 2636 ⁸
3534 2604 3622 2659 καὶ
3683 2600 3763 2654 lim

547 2708 836 2780 ἄνθρωπος
869 2709 965 2763 καὶ
1015 2710 1075 2763 τὸ
1106 2709 1270 2781 ἔργον
1314 2709 1481 2765 αὐτοῦ
1508 2727 1522 2743 ·
1568 2711 1666 2765 καὶ
1709 2711 1775 2764 σὺ
1810 2711 2113 2773 ἀποδώσεις
2141 2710 2359 2779 ἑκάστῳ
2390 2709 2529 2763 κατά
2556 2706 2626 2760 τά
2656 2707 2795 2777 ἔργα
2833 2706 3021 2760 αὐτοῦ.
3059 2726 3077 2757 ι

616 2807 787 2861 Audis
813 2808 880 2861 de
900 2806 1072 2861 sacris
1096 2807 1358 2876 apostolis
1381 2822 1490 2876 qua
1515 2808 1727 2861 ratione
1760 2821 1861 2877 pro
1889 2807 2122 2861 mortuis

2319 2806 2566 2868 ’Λκούεις
2597 2806 2705 2859 τῶν
2738 2804 2899 2873 ιερῶν
2929 2803 3249 2858 ἀποστόλων
3271 2817 3288 2834 ⁸
3322 2802 3442 2865 πῶς
3464 2795 3764 2868 νομολετοῦςι

550 2898 803 2953 ﬁdelibus
840 2898 1111 2953 sacriﬁcia
1151 2907 1201 2953 ct
1232 2912 1421 2969 preces
1450 2899 1703 2956 sanciunt
1737 2897 2122 2977 adhiberin

2232 2902 2538 2966 προσάγειν
2587 2898 2780 2962 Θυσίας
2809 2915 2868 2950 τε
2892 2899 2994 2951 καὶ
3026 2898 3241 2967 δεήσεις
3288 2896 3436 2964 ὑπὲρ
3461 2895 3565 2949 τῶν
3599 2888 3763 2948 πιστῶς

546 2999 631 3046 est
661 2989 808 3060 quod
842 3006 984 3061 saepe
1017 2990 1280 3054 diximus,
1316 2990 1470 3060 quod
1494 3005 1592 3060 pro
1624 3005 1760 3059 puro
1796 2998 1851 3044 ct
1885 2989 2124 3045 contrito

2232 2991 2629 3062 κοιμηθέντων,
2659 2989 2823 3045 τοῦτό
2867 2992 3016 3044 ἐστιν
3042 2990 3071 3042 ὃ
3114 2989 3383 3052 πολλάκις
3425 2987 3629 3055 ἔφημεν
3660 2981 3763 3047 ὑπὲρ

547 3086 713 3140 corde
740 3086 795 3139 in
828 3086 929 3139 hac
971 3084 1077 3137 vita
1109 3083 1525 3153 pcenitentibns,
1547 3081 1640 3137 sed
1674 3097 1782 3137 non
1817 3080 2120 3137 secundum

2230 3079 2339 3134 τῶν
2368 3082 2824 3151 μετανοησάντων
2859 3080 2960 3150 μὲν
2988 3079 3223 3133 ἐνταῦθα
3271 3079 3419 3147 μετὰ
3448 3077 3673 3146 καθαρᾶς
3699 3076 3766 3126 καὶ

550 3177 899 3246 praascriptas
950 3176 1098 3245 leges
1130 3174 1184 3230 id
1216 3174 1479 3244 perlicere
1526 3169 1853 3228 valentibus
1889 3172 2124 3228 mortuis

2232 3172 2707 3244 συντετριμμένης
2743 3171 2995 3246 καρδίας,
3035 3172 3113 3241 μὴ
3148 3171 3476 3239 φθασάντων
3505 3171 3559 3223 δὲ
3589 3166 3760 3221 τελειῶ·

549 3271 928 3338 deprecamur.
961 3266 1064 3322 Pro
1097 3267 1182 3320 his
1211 3266 1381 3320 Deum
1408 3265 1625 3335 placare
1655 3280 1920 3321 conamur
1950 3276 2005 3321 et
2042 3267 2126 3320 in-

2236 3285 2328 3320 σαι
2363 3267 2491 3330 τοὺς
2518 3267 2773 3331 δοθέντας
2799 3242 2985 3330 aurai;
3017 3269 3252 3330 κανόνας
3279 3282 3295 3300 ·
3329 3258 3473 3338 ὅπερ
3497 3260 3764 3319 τούτων,ιύ-

552 3374 833 3427 voeamus,
856 3373 1260 3429 precamurque
1290 3358 1515 3425 aliquid,
1542 3359 1688 3414 unde
1711 3359 1846 3428 ipsis
1875 3359 2127 3414 allevatio

2184 3342 2200 3404 ἶ
2231 3361 2440 3430 χόμεθα
2474 3362 2903 3430 μεταστάντωνο
2936 3360 3078 3430 ὑπὲρ
3130 3360 3340 3414 τούτων
3373 3353 3702 3426 ἑξιλεούμιθα
3724 3350 3765 3401 τὸ

551 3465 608 3505 ct
636 3452 846 3507 utilitas
872 3451 1131 3518 accedat;
1167 3451 1380 3521 hocque
1398 3462 1483 3508 est
1507 3451 1653 3523 quod
1684 3451 1737 3512 in
1765 3454 1985 3509 decreto
2007 3454 2129 3524 ejus

2234 3456 2402 3521 θεῖον,
2433 3456 2529 3510 καὶ
2554 3453 2985 3525 παρακαλοῦμεν
3020 3456 3115 3507 καλ⁸
3140 3454 3399 3522 δεόμεθα.
3441 3453 3595 3517 Ὅθεν
3621 3447 3764 3504 αὖτε-ἂ

555 3543 797 3599 Ecclesia
842 3544 1220 3614 purgatorium
1254 3552 1450 3611 vocat,
1493 3536 1546 3600 in
1588 3560 1702 3617 quo
1745 3555 1871 3618 post
1919 3547 2129 3603 obitum

2236 3545 2441 3599 δίδοται
2476 3548 2658 3610 ἄνεσις
2684 3548 2779 3600 καὶ
2808 3547 3069 3616 ὠφέλεια..
3113 3547 3220 3597 Καὶ
3251 3545 3413 3599 animi
3436 3546 3578 3597 ἔστιν
3607 3537 3764 3606 arripi}

555 3649 853 3706 purgantur
912 3636 1136 3700 animae,
1164 3636 1511 3693 orationibus
1541 3639 1900 3710 precibusque
1927 3654 1955 3693 a
1992 3640 2132 3694 vivis

2232 3638 2328 3692 τοῦ
2361 3639 2496 3692 Ger-'3
2541 3639 2838 3711 Ἐκκλησία
2869 3640 2926 3692 ὲν
2957 3639 3034 3707 τῷ
3064 3638 3268 3707 εαυτῆς
3288 3639 3402 3707 ὅρῳ
3433 3636 3582 3690 καλεί
3602 3632 3766 3695 καθερ-

556 3730 811 3785 lidclibns
867 3745 966 3798 pro
1024 3744 1215 3784 eorum
1260 3746 1479 3801 semper
1536 3732 1782 3789 subsidio
1836 3735 2130 3802 sus:eptis.

2233 3732 2423 3801 τήριον
2449 3748 2464 3763 ³
2497 3734 2555 3785 ἐν
2589 3726 2634 3800 ᾧ
2680 3731 3038 3800 καθαίρονται
3078 3732 3219 3800 μετὰ
3261 3732 3496 3785 θάνατον
3516 3729 3571 3781 αἱ
3611 3724 3763 3794 ψυχαὶ

553 3820 690 3875 Nam
726 3834 783 3876 ut
816 3821 866 3876 id
906 3823 959 3877 in
1012 3825 1242 3895 gratiam
1274 3835 1592 3881 sanctorum
1627 3827 1709 3882 vel
1757 3827 2131 3896 improborum

2233 3822 2323 3876 διὰ
2350 3823 2449 3890 τῆς
2474 3823 2582 3876 τῶν
2615 3822 2835 3885 ζώντων
2869 3822 3076 3876 πιστῶν
3108 3825 3463 3893 ἐπικουρίας.
3495 3814 3765 3889 προσευχῶν

554 3914 646 3969 ﬁat
671 3952 687 3976 ,
739 3929 902 3969 nemo
943 3931 1090 3970 sana:
1131 3916 1328 3972 mentis
1358 3917 1653 3974 aistimabit
1687 3937 1701 3973 :
1736 3919 1831 3974 sed
1882 3934 1983 3973 nec
2035 3935 2134 3989 pro

2240 3918 2330 3972 καὶ
2346 3917 2587 3985 δεήσεων
2611 3916 2851 3987 συνεχῶς
2880 3916 3020 3987 ὑπὲρ
3040 3915 3224 3969 αὐτῶν
3238 3915 3556 3987 γινομένων.
3587 3912 3644 3963 ’0
3661 3906 3764 3968 ὑπὲρ

552 4006 886 4063 Christianis
920 4008 1429 4078 impmnitcntibus;
1462 4012 1604 4066 idem
1645 4012 1791 4065 enim
1832 4014 2133 4082 peccatoni-

2235 4009 2345 4062 τῶν
2393 4008 2587 4075 ἁγίων,
2620 4008 2797 4072 οὐδεὶς
2846 4008 2907 4061 εὖ
2941 4009 3156 4078 φρονῶν
3182 4008 3457 4078 ἐννοήσει,
3502 4003 3615 4058 οὐδὲ
3660 3998 3764 4061 ὑπὲρ

554 4100 657 4152 bus
674 4108 725 4151 et
745 4100 1217 4167 impeeuitemibus
1238 4102 1566 4158 Christianis
1589 4104 1872 4173 continget
1894 4104 2039 4174 quod
2068 4104 2135 4161 iis

2234 4102 2345 4156 τῶν
2376 4103 2610 4164 ἀσεϐῶν,
2644 4102 2760 4156 ἀλλ’
2791 4102 2900 4155 οὐδ’
2934 4103 3077 4172 ὑπὲρ
3113 4101 3222 4155 τῶν
3258 4101 3637 4169 άμετανοήτων
3660 4094 3763 4160 Χριο

555 4189 770 4243 eveniet
816 4190 911 4260 qui
951 4206 1140 4246 verum
1176 4191 1344 4248 Deum
1378 4194 1659 4250 Christum
1706 4210 1819 4250 non
1867 4209 2136 4265 cognove-

2239 4193 2496 4248 στιανῶν.
2531 4193 2714 4246 Tum
2741 4195 2851 4263 γὰρ
2882 4194 3165 4247 πείσονται
3211 4192 3528 4264 ἁμαρτωλοὶ.
3554 4188 3640 4241 καὶ
3662 4188 3762 4250 ἀμε-

558 4289 724 4346 runt;
760 4283 937 4351 iisque
964 4283 1133 4338 etiam
1168 4285 1338 4341 multo
1375 4287 1624 4341 deterius
1646 4302 1809 4357 quam
1841 4286 1972 4342 illis.
2003 4287 2136 4354 «Qui

2239 4285 2493 4354 τανόητοι
2545 4286 2889 4356 Χριστιανοὶ,
2936 4284 2965 4338 ὃ
2996 4287 3279 4338 πείσονται
3327 4285 3424 4338 καὶ
3470 4279 3613 4335 αὐτοὶ
3642 4274 3685 4327 cl
3712 4270 3765 4339 μὴ

560 4387 668 4426 non
693 4374 971 4442 cognovit,
991 4373 1126 4431 dicit
1156 4374 1534 4446 Evangelium,
1560 4378 1893 4432 voluntatem
1918 4379 2135 4435 Domini

2240 4376 2462 4445 γνόντες
2500 4378 2593 4429 τὸν
2618 4376 2880 4445 ἀληθινδν
2914 4376 3045 4430 Θεὸν
3083 4376 3292 4445 Ἰησοῦν
3317 4375 3583 4445 Χριστόν·
3610 4367 3688 4422 καὶ
3708 4365 3764 4415 ξτι

560 4465 666 4533 sui,
699 4472 752 4520 et
787 4464 978 4523 fecerit
1022 4468 1184 4539 digna
1238 4469 1434 4540 plagis,
1468 4469 1748 4540 vapulabit
1775 4470 1964 4540 paucis
1993 4489 2009 4538 ;
2043 4472 2135 4541 qui

2196 4508 2201 4513 .
2241 4469 2425 4539 πολλῷ
2473 4472 2657 4540 χεῖρον
2694 4461 2843 4522 οὗτοι
2889 4469 3141 4522 ἐκείνων.
3178 4487 3197 4520 ι
3243 4468 3302 4522 '0
3345 4467 3454 4536 γὰρ
3503 4465 3574 4535 μὴ
3620 4455 3763 4529 γνοὺς,

528 4600 531 4603 .
558 4569 738 4614 autem
768 4560 1021 4627 cognovit
1042 4560 1374 4616 voluntatem
1402 4561 1619 4617 Domini
1647 4562 1758 4630 sui,
1789 4573 1843 4617 et
1870 4580 1979 4620 non
2004 4581 2109 4635 prae

2242 4567 2376 4633 φησι
2405 4564 2467 4616 τὸ
2495 4563 2854 4630 Εὑαγγέλιον,
2882 4563 2944 4613 τὸ
2992 4562 3206 4632 θέλημα
3253 4561 3349 4614 τοῦ
3386 4561 3582 4629 Κυρίου
3615 4553 3762 4608 αὐτον.

560 4651 770 4717 paravit
805 4660 862 4706 et
900 4650 1007 4708 non
1041 4653 1167 4709 fecit
1202 4654 1502 4710 secundum
1525 4657 1866 4712 voluntatem
1885 4659 2135 4726 ejus.va-

2183 4697 2210 4753 υ
2244 4657 2479 4725 ποιήσας
2513 4655 2569 4707 δὲ
2619 4655 2748 4719 ἄξια
2796 4653 3050 4724 πληγῶν,
3098 4653 3400 4723 δαρήσεται
3430 4651 3607 4718 ὀλίγας
3630 4642 3692 4693 ’ὁ
3725 4637 3764 4741 ii

562 4741 771 4812 pulabit
802 4743 991 4800 multis
1014 4744 1118 4800 ".t
1150 4745 1253 4800 Pro
1284 4745 1390 4813 his,
1424 4747 1470 4801 si
1500 4747 1660 4802 verba
1694 4748 1979 4803 sacrorum
2006 4761 2136 4816 apo-

2185 4732 2207 4752 ,
2242 4750 2402 4815 γνοὺς
2433 4748 2493 4801 τὸ
2517 4748 2727 4817 θέλημα
2765 4746 2860 4799 τοῦ
2903 4748 3111 4817 Κυρίου
3146 4745 3335 4812 αὐτοῦ,
3376 4747 3468 4799 καὶ
3496 4744 3565 4813 μὴ
3589 4732 3766 4802 ἕτοιμά·

566 4835 831 4888 ειυιοτιιιιι
858 4837 1085 4905 audisti,
1115 4837 1263 4892 dicta
1294 4845 1445 4900 sunt.
1481 4852 1605 4892 cum
1636 4837 1829 4893 dicunt
1872 4854 1885 4892 :
1920 4838 2045 4893 llaec
2076 4840 2143 4892 de

2245 4859 2366 4907 σας.
2400 4841 2534 4911 μηδὲ
2560 4843 2795 4912 ποιήσας
2822 4841 2959 4907 πρὸς
2984 4840 3044 4892 τὸ
3073 4839 3285 4908 θέλημα
3310 4837 3496 4901 αὑτοῦ,
3521 4831 3766 4901 δαρήσεται

557 4925 664 4995 piis
696 4926 950 4993 dicimus,
982 4927 1036 4983 id
1064 4937 1150 4984 est
1195 4929 1261 4984 de
1307 4930 1710 4998 paenitentibus
1743 4945 1759 4996 ;
1815 4945 1912 5001 pro
1957 4930 2138 5000 impiis

2241 4933 2465 4994 πολλάς.
2504 4950 2526 4984 ι
2576 4932 2748 5002 ’Υπὲρ
2792 4931 3139 5001 τούτων.γὰρ
3172 4932 3225 4984 εἰ
3251 4930 3488 5001 ἤκουσας
3518 4925 3619 4978 τῶν
3644 4916 3766 4985 ἱερῶν

562 5031 693 5073 vero
724 5017 771 5073 si
803 5026 977 5073 totum
1006 5019 1271 5075 mundum
1300 5021 1616 5087 tradideris,
1648 5022 1783 5076 nihil
1816 5019 2139 5091 profeceris.

2240 5025 2560 5080 ἀποστόλων
2600 5025 2872 5093 λεγόντων
2904 5026 3045 5089 ἐστὶ,
3075 5026 3159 5089 τὸ,
3188 5027 3374 5079 Ταῦτα
3414 5025 3511 5094 μὲν
3558 5015 3680 5083 ὑπὲρ
3699 5007 3745 5061 εὖ

564 5107 678 5164 lloc
701 5107 843 5164 idem
875 5111 1080 5165 asserit
1105 5110 1269 5167 etiam
1299 5111 1481 5183 lingua
1504 5128 1671 5169 aurea
1700 5111 1965 5171 Joannes.
2005 5113 2128 5169 «Ne-

2247 5115 2425 5169 σεόῶν
2463 5108 2724 5185 λέγομεν,
2773 5117 3029 5170 τουτέστι
3073 5118 3558 5189 μετανοησάντων·
3596 5099 3763 5175 περὶδέ

561 5213 673 5264 mo,
703 5197 903 5270 inquit,
940 5199 1067 5255 hinc
1098 5216 1169 5255 eo
1201 5201 1515 5271 digrediens
1541 5240 1558 5267 ,
1604 5203 1712 5258 nisi
1760 5219 1856 5259 sua
1910 5202 2139 5259 solverit

2251 5208 2465 5262 ἀσεϐῶν
2490 5209 2612 5263 οὐδὲ
2639 5210 2687 5260 εἰ
2716 5211 2784 5263 τά
2822 5208 2916 5261 τοῦ
2964 5210 3174 5277 κόσμου
3214 5207 3408 5270 δώσεις
3447 5204 3576 5272 ὑπὲρ
3606 5193 3762 5250 αὐτῶν

558 5301 801 5358 peccata,
842 5293 974 5363 quin
1017 5293 1287 5349 rationem
1331 5304 1613 5364 gestorum
1669 5296 1883 5361 reddat,
1931 5297 2137 5352 valebit

2248 5302 2556 5373 ὠφελήσεις
2584 5302 2804 5365 αὐτούς.
2846 5302 2920 5354 Τὸ
2950 5302 3084 5354 αὐτὸ
3112 5302 3207 5355 καὶ
3232 5302 3261 5354 δ
3284 5303 3384 5371 τὴν
3410 5298 3635 5368 γλῶτταν
3661 5299 3761 5354 χρυ·

558 5383 815 5454 'eﬂ‘ugere.
846 5385 953 5440 Sed
996 5385 1458 5456 quemadmodum
1492 5386 1559 5442 de
1592 5401 1813 5443 carcere
1858 5390 1960 5443 hoc
1991 5401 2137 5445 cate-

2253 5393 2378 5454 603;
2431 5392 2686 5462 Ἰωάννης
2711 5407 2725 5422 ο
2765 5411 2783 5443 ι
2833 5376 3046 5455 Οὐδεὶς,
3087 5393 3276 5462 φησιν,
3324 5389 3562 5446 ἐντεῦθεν
3589 5375 3756 5453 μὴδι²⁴

559 5477 671 5528 nati
701 5478 765 5531 ad
801 5475 1040 5531 tribunal
1071 5478 1150 5533 rei
1172 5477 1467 5547 ducuntur,
1493 5480 1573 5536 sic
1602 5490 1656 5535 ct
1688 5481 1886 5538 animae
1917 5498 2132 5548 omnes.

2252 5476 2553 5554 λυσάμενος
2608 5486 2676 5536 τὰ
2725 5483 3105 5554 ἁμαρτήματα
3155 5482 3346 5549 αὐτοῦ,
3381 5476 3612 5537 ἀπελθὼν
3652 5462 3752 5524 mi»

664 5655 707 5688 ⁸³
740 5655 871 5714 Luc.
905 5675 1001 5728 xtl,
1024 5662 1112 5729 47,
1144 5661 1233 5718 48.

635 5840 716 5908 (ι)
750 5838 866 5898 Lib.
887 5858 1003 5913 vm,
1036 5847 1224 5901 Const.
1259 5849 1313 5903 ι.
