4004 6400
291 404 417 470 1257
976 402 1126 462 PRO
1166 404 1374 465 CONC.
1422 400 1802 464 FLORENT.
1839 405 2004 466 CAP.
2039 405 2159 466 Ill.
2207 404 2304 466 DE
2356 407 2876 471 PURGATORIO.
3403 410 3542 475 1258

285 523 341 574 ἐν
372 505 451 588 τῷ
474 516 730 573 λούεσθαι
775 517 1074 586 ὑπουργεῖν
1105 518 1340 580 εἰωθότι,
1379 517 1479 572 ούκ
1509 518 1744 588 ὤφειλον
1775 537 1864 572 κε-

1965 520 2044 576 nit
2069 522 2134 576 ad
2165 521 2368 590 locum,
2396 522 2672 578 hominem
2701 525 2934 588 invenit,
2963 533 3125 595 atque
3150 541 3212 582 ex
3245 542 3395 584 more
3419 529 3538 599 ejus

285 613 373 675 νὸς
400 610 675 679 όφθῆναι⁶
723 608 861 664 ἀλλά
900 625 952 662 τι
1000 603 1094 663 οὖν
1125 609 1321 680 δῶρον,
1372 610 1640 680 βαστάσαι
1677 612 1860 681 χρεία.

1965 613 2307 681 obsequioin
2341 615 2600 671 omnibus
2637 633 2771 672 usus
2809 625 2910 674 est.
2936 616 3094 672 Lavit
3127 619 3316 690 itaque
3340 631 3536 675 etcum

286 704 390 756 Δύο
416 702 510 756 οὖν
541 703 857 774 προσφοράς
885 701 1088 766 λαϐὼν,
1135 702 1432 773 ἐπορεύθη,
1483 703 1574 755 Ἐν
1605 702 1682 772 τῷ
1711 704 1864 774 τόπῳ

1964 703 2075 775 jam
2107 707 2339 761 vestitus
2371 709 2632 764 voluisset
2663 710 2872 781 egredi,
2897 727 3035 781 quas
3085 727 3273 768 secum
3306 714 3539 770 oblatio-

283 793 377 855 οὖν
409 795 880 866 παραγενόμενος,
909 793 1062 858 αὖθις
1093 795 1184 847 τὸν
1211 795 1500 865 ἄνθρωπον
1527 794 1652 865 εὗρε
1680 813 1693 826 ·
1720 799 1862 852 κατὰ

1966 811 2061 851 nes
2103 796 2309 852 ferebat
2357 800 2679 871 obsequenti
2713 803 2815 858 sibi
2852 804 2968 860 viro
3003 819 3103 874 pro
3161 805 3541 863 benedictione

283 890 340 943 δέ
375 889 438 942 τδ
472 887 683 951 εἰωθὸς,
736 888 793 940 ἐν
816 885 991 940 ἅπασι
1030 889 1132 954 τὴν
1172 885 1521 954 λειτουργίαν
1551 887 1858 941 ἐπετέλεσε.

1964 887 2181 952 obtulit,
2213 903 2401 959 petens
2449 901 2506 946 ut
2556 892 2839 948 charitatis
2866 896 3036 965 gratia
3089 912 3154 952 ea
3207 897 3535 968 susciperet.

289 980 637 1050 Λουσαμένου
665 979 722 1031 δέ
769 976 934 1031 αὐτοῦ
963 977 1057 1030 καὶ
1086 976 1438 1046 φορέσαντος,
1482 978 1576 1032 καὶ
1616 977 1715 1047 ἤδη
1752 978 1862 1031 λοι-

1963 979 2061 1034 Cui
2110 981 2197 1036 ille
2226 996 2466 1039 mmrens
2495 983 2844 1056 amictusque
2892 988 3171 1058 respondit
3205 1005 3218 1042 :
3250 989 3381 1043 Mihi
3434 991 3539 1044 ista

285 1075 385 1128 πὺν
417 1072 708 1144 μέλλοντος
739 1071 1082 1141 ἐξὲρχεσθαι,
1115 1071 1294 1140 ἅσπερ
1329 1071 1449 1140 μεθ’
1471 1070 1667 1126 ἐαυτοῦ
1695 1087 1865 1142 προσ-

1965 1087 2134 1140 quare
2159 1073 2278 1139 (las,
2315 1076 2516 1130 Pater?
2562 1077 2664 1132 Iste
2695 1079 2854 1148 panis
2887 1090 3115 1136 sanctus
3143 1091 3251 1145 est,
3281 1097 3382 1153 ego
3412 1098 3535 1136 eum

287 1163 460 1234 φοράς
511 1160 801 1227 ἐϐάσταζε,
860 1161 938 1230 τῷ
993 1161 1404 1231 ύπουργὴσαντι
1470 1161 1620 1232 αύτῷ
1681 1163 1859 1233 ἀνδρὶ,

1965 1164 2297 1221 manducare
2347 1183 2452 1222 non
2498 1185 2740 1237 possum.
2789 1171 2898 1242 Ego
2931 1173 3132 1227 etenim
3176 1190 3338 1244 quem
3387 1175 3539 1230 vides

229 1297 232 1300 .
287 1255 536 1323 εὐλογίας
565 1253 728 1325 χάριν
755 1253 1074 1318 ἐπιδέδωκε,
1108 1253 1447 1325 παρακαλῶν
1491 1255 1713 1325 ἀγάπης
1743 1255 1810 1309 ἔνι

1964 1255 2125 1325 hujus
2158 1259 2260 1333 loci
2298 1259 2554 1318 dominus
2589 1262 2885 1332 aliquando
2923 1265 3000 1318 fui
3023 1305 3037 1331 ,
3068 1267 3160 1321 sed
3195 1267 3371 1338 culpis
3403 1268 3538 1323 meis

286 1363 380 1401 κεν
417 1346 590 1400 ταῦτα
625 1345 788 1398 αὐτὸν
831 1343 1110 1410 δέξασθαι.
1151 1346 1389 1410 Ἐκεῖνος
1417 1345 1476 1399 δέ
1523 1345 1736 1399 πενθῶν
1763 1347 1860 1400 καὶ

1965 1345 2054 1404 hic
2089 1361 2214 1418 post
2247 1363 2472 1408 mortem
2499 1355 2895 1412 condemnatus
2925 1372 3071 1411 sum.
3101 1358 3157 1412 Si
3187 1372 3372 1415 autem
3401 1362 3533 1414 mihi

287 1439 624 1508 θλιϐόμενος,
679 1436 955 1505 ἀπεκρίθη
1007 1436 1221 1502 λέγων’
1269 1436 1422 1505 Ἐμοὶ
1471 1434 1647 1489 ταῦτα
1686 1433 1775 1487 διὰ
1804 1435 1858 1488 τί

1964 1440 2093 1509 quid
2125 1454 2382 1510 pra35lare
2417 1446 2520 1511 vis,
2549 1448 2910 1516 omnipotenti
2944 1448 3055 1505 Deo
3107 1466 3205 1520 pro
3265 1467 3352 1507 me
3398 1453 3535 1508 oﬂ'er

286 1534 548 1602 παρέχεις
573 1549 588 1599 ;
630 1527 799 1594 Οὗτος
826 1531 854 1582 ό
881 1531 1066 1600 ἄρτος,
1097 1529 1252 1596 ἅγιός
1281 1530 1396 1582 ἐστι
1422 1546 1436 1560 ο
1473 1528 1629 1596 κάγὼ
1660 1531 1857 1597 φαγεῖν

1965 1531 2112 1586 hunc
2143 1548 2334 1603 panem
2368 1545 2422 1591 et
2468 1553 2567 1606 pro
2614 1543 2854 1608 peccatis
2907 1544 3043 1599 meis
3098 1544 3420 1614 deprecare.
3473 1546 3539 1600 Et

287 1627 447 1680 αὐτὸν
489 1627 548 1679 ού
581 1625 846 1694 δύναμαι.
893 1622 1036 1691 Ἐγὼ
1074 1623 1184 1692 γὰρ
1215 1622 1274 1676 δν
1303 1622 1550 1692 θεωρεῖς,
1597 1623 1729 1675 ποτὲ
1762 1622 1858 1676 τοῦ

1967 1639 2110 1680 nunc
2140 1629 2452 1683 eaauditum
2488 1640 2539 1684 te
2577 1647 2699 1687 esse
2734 1647 3004 1703 cognosce
3031 1650 3159 1691 cum
3213 1638 3321 1694 huc
3364 1641 3428 1694 ad
3458 1640 3538 1692 la-

283 1719 450 1773 τόπου
485 1718 672 1796 κύριος
703 1718 952 1786 ὑπῆρχον
983 1731 998 1746 ο
1025 1715 1163 1768 ἀλλὰ
1185 1716 1274 1767 διὰ
1298 1715 1366 1768 τὰ
1387 1715 1704 1784 πταίσματά
1729 1732 1854 1782 μου,

1965 1717 2202 1772 vandum
2234 1723 2466 1786 veneris,
2499 1733 2552 1776 et
2582 1740 2666 1779 me
2698 1741 2805 1780 non
2837 1727 3133 1784 inveneris.
3160 1729 3230 1784 Et
3261 1732 3344 1788 his
3375 1733 3534 1788 dictis

285 1811 466 1867 ἐνθάδε
500 1809 922 1879 κατεδικάσθην.
962 1810 1018 1862 ‘E
1030 1810 1092 1860 ἄν
1115 1809 1172 1862 δέ
1204 1807 1296 1877 μοί
1323 1827 1374 1860 τι
1402 1810 1710 1877 παρασχεῖν
1736 1806 1860 1860 ἐθέ-

1953 1811 2254 1881 disparuit,
2303 1822 2357 1867 et
2409 1815 2456 1868 is
2491 1816 2584 1878 qui
2623 1817 2788 1872 homo
2821 1834 2942 1875 esse
2978 1821 3285 1888 videbatur,
3333 1839 3534 1880 evane-

283 1908 402 1979 λῃς,
434 1905 525 1958 τὸν
567 1903 728 1974 ἄρτον
757 1868 950 1956 τοῦτον
976 1901 1117 1971 ὑπὲρ
1169 1868 1306 1969 ἐμοῦ
1351 1899 1431 1968 τῷ
1464 1868 1863 1970 παντξδυνάμῳ

1965 1905 2171 1958 scendo
2203 1903 2442 1959 innotuit
2467 1908 2594 1976 quia
2625 1909 2856 1977 spiritus
2897 1911 3022 1968 fuit.
3067 1913 3213 1969 idem
3261 1931 3389 1970 vero
3417 1935 3544 1988 pre;

283 1999 399 2064 Θεῷ
431 1997 790 2065 προσένεγκε,
817 1996 911 2046 καὶ
941 1995 1082 2062 ὑπὲρ
1105 1992 1214 2045 τῶν
1245 1992 1532 2061 ἁμαρτιῶν
1563 2011 1664 2062 μου
1691 1996 1864 2064 πρόσ-

1965 1995 2152 2064 sbyter
2186 1995 2583 2054 hebdomadam
2625 2004 2942 2058 continuam
2985 2020 3046 2062 se
3088 2022 3188 2077 pro
3212 2024 3280 2063 eo
3307 2025 3430 2064 cum
3461 2012 3543 2063 Ia-

281 2089 453 2153 ευξαι.
494 2088 627 2140 Τότε
668 2087 723 2139 δὲ
779 2085 1194 2155 ύπακουσθῆναι
1229 2086 1485 2154 γίνωσκε,
1530 2086 1629 2138 ἐὰν
1663 2086 1754 2137 ἐπὶ
1784 2086 1862 2155 τῷ

1961 2085 2162 2155 crymis
2215 2086 2450 2153 afflixit,
2510 2091 2805 2149 salutarem
2866 2097 3104 2178 hostiam
3144 2101 3394 2170 quotidie
3431 2102 3539 2157 Deo

281 2182 580 2234 λούσασθαι
633 2177 827 2240 ἐλθὼν,
874 2178 975 2246 ἐμὲ
1011 2177 1198 2230 ἐνθάδε
1240 2175 1314 2248 μὴ
1360 2176 1546 2246 εὕρῃς.
1586 2175 1769 2229 Ταῦτα
1801 2177 1860 2230 δὲ

1959 2177 2220 2236 offerens.
2262 2180 2326 2234 Et
2354 2198 2606 2240 reversus
2640 2199 2827 2254 postea
2857 2189 2923 2243 ad
2946 2175 3236 2258 balneum,
3286 2209 3413 2249 eum
3464 2196 3538 2250 ibi

279 2272 474 2338 είπὼν,
532 2270 747 2342 ἀφανὴς
778 2269 988 2337 γέγονε.
1036 2270 1145 2322 Καὶ
1193 2269 1342 2331 ὅστις
1389 2269 1675 2338 ἄνθρωπος
1719 2264 1858 2322 εἶναι

1193 2269 1342 2331 ὅστις
1389 2269 1675 2338 ἅνθρωπος
1719 2264 1858 2322 εἶναι
1960 2269 2013 2323 in
2048 2280 2328 2339 posterum
2363 2291 2470 2329 non
2506 2277 2729 2334 invenit.

279 2344 825 2434 ἐθεωρεῖτο,άφανὴς
853 2365 1168 2432 γενόμενος,
1235 2362 1592 2432 ἐδηλοποιήθη
1659 2364 1742 2416 ὅτι
1801 2361 2016 2434 πνεῦμα
2066 2366 2334 2437 ὑπῆρχεν.
2414 2369 2474 2424 '0
2511 2370 2565 2424 δὲ
2616 2373 2776 2436 αὐτὸς
2834 2378 3222 2448 πρεσϐύτερος,
3272 2382 3539 2450 ἑϐδομάδα

281 2463 503 2530 ἡμερῶν
546 2459 737 2511 ἐαυτὸν
787 2459 1061 2528 ἐπιμόνως
1114 2461 1172 2511 ἐν
1241 2459 1504 2525 δάκρυσιν
1554 2459 1695 2528 ὑπὲρ
1761 2459 1924 2512 αύτοῦ
1965 2463 2328 2532 συνέσφιγξεο
2391 2468 2716 2539 σωτηριώδη
2781 2470 2970 2526 Θυσίαν
3033 2477 3158 2530 καθ’
3201 2480 3413 2552 ἡμέραν
3458 2484 3536 2553 τῷ

278 2555 825 2628 Θεῴπροσκομίζων,
861 2557 996 2624 μετὰ
1039 2555 1093 2608 δὲ
1124 2554 1285 2609 τοῦτο
1321 2557 1400 2616 εἰς
1417 2556 1482 2607 τὰ
1506 2557 1684 2624 Θερμὰ
1736 2557 2106 2628 ὑποστρέψας,
2139 2561 2392 2632 οὐδαμῶς
2435 2565 2601 2619 αὑτὸν
2653 2565 2749 2620 τοῦ
2797 2568 2987 2625 λοιποῦ
3023 2574 3202 2629 ἐκεῖσε
3250 2575 3421 2648 εὗρεν,

1035 2653 1110 2704 Ζ’.
2694 2662 2804 2718 VII.

367 2751 462 2803 ’ίζκ
488 2751 680 2803 τούτου
711 2745 804 2803 οὖν
832 2751 1108 2803 δείκνυται
1143 2751 1311 2800 πόσον
1338 2754 1459 2812 ταῖς
1486 2751 1682 2819 ψυχαῖς
1720 2766 1856 2821 συμ-

2037 2750 2110 2806 Ex
2145 2751 2229 2808 his
2273 2752 2437 2824 igitur
2464 2754 2642 2812 verbis
2673 2759 2980 2816 ostenditur
3013 2774 3278 2832 quantum
3321 2774 3537 2830 anima-

282 2843 539 2895 ϐάλλεται
577 2843 728 2910 ήτῆς
762 2843 916 2912 ἱερᾶς
951 2842 1140 2906 θυσίας
1169 2842 1474 2914 προσφορὰ,
1503 2844 1704 2896 ὁπόταν
1727 2841 1852 2894 ταύ-

1964 2842 2070 2897 bus
2102 2845 2368 2901 conducat
2417 2863 2587 2904 saera:
2633 2851 2823 2908 hostiae
2875 2854 3098 2923 oblatio,
3143 2864 3365 2930 quando
3411 2883 3532 2924 eam

282 2950 385 3000 την
421 2932 516 2985 καὶ
545 2933 684 2985 αὐτά
722 2931 829 2983 τῶν
878 2933 1190 2986 τεθνεώτων
1232 2933 1298 2986 τὰ
1352 2932 1640 3002 πνεύματα
1703 2935 1855 3002 παρά

1961 2936 2185 3004 spiritus
2217 2937 2598 2999 defunctorum
2649 2960 2678 3000 a
2737 2947 3042 3007 viventibus
3077 2965 3290 3023 petunt,
3335 2962 3541 3030 signis-

280 3025 390 3078 τῶν
421 3026 639 3089 ζώντων
673 3026 933 3080 αἱτῶνται
954 3043 970 3058 ο
1006 3025 1097 3078 καὶ
1125 3025 1214 3078 διὰ
1259 3026 1503 3095 σημείων
1533 3025 1852 3095 μηνύουσιν,

1962 3043 2067 3097 que
2095 3031 2399 3100 significant
2446 3037 2592 3105 quod
2642 3053 2738 3107 per
2766 3055 2885 3096 eam
2919 3058 2948 3098 a
2983 3049 3217 3114 peccatis
3251 3025 3542 3111 redimun-

276 3121 360 3172 ὄτι
397 3118 464 3172 δι’
501 3119 676 3189 αὐτῆς
706 3120 815 3173 τῶν
865 3120 1232 3188 πταισμάτων
1286 3118 1627 3188 λυτροῦνται.
1663 3120 1770 3174 Ποῦ
1820 3121 1852 3188 ἡ

1963 3129 2070 3177 tur.
2131 3121 2359 3179 Ubinam
2391 3136 2474 3181 est
2521 3131 2736 3186 rudium
2785 3135 3184 3195 insensatornm
3230 3151 3283 3198 et
3334 3147 3533 3204 misere

278 3213 387 3265 τῶν
421 3212 652 3281 ἀμαθῶν
705 3214 798 3265 καὶ
851 3210 1194 3279 ἀναισθήτων
1248 3211 1577 3280 κακογήρων
1633 3212 1854 3280 νομοθε-

1963 3219 2364 3273 senescentium
2402 3220 2690 3292 legislatio,
2729 3227 2819 3295 qui
2847 3229 3037 3284 nolunt
3059 3247 3155 3299 pro
3187 3240 3416 3294 mortuis
3445 3241 3531 3296 of-

280 3303 396 3363 σία,
435 3303 498 3356 τδ
527 3304 604 3370 μὴ
643 3305 817 3356 ποιεῖν
847 3302 1042 3364 θυσίας
1074 3301 1214 3370 ὑπὲρ
1241 3301 1350 3354 τῶν
1391 3299 1812 3370 κεκοιμημένων
1838 3319 1850 3365 ;

1962 3305 2102 3362 ferre
2133 3311 2425 3377 sacriﬁcia,
2454 3317 2547 3369 sed
2599 3318 2681 3373 his
2711 3321 2803 3389 qui
2847 3323 2899 3376 in
2929 3324 3162 3382 vinculis
3203 3329 3535 3400 detinentur,

277 3396 417 3448 ἀλλὰ
441 3395 638 3449 διδόναι
672 3398 783 3460 τοῖς
817 3397 874 3448 ἐν
930 3395 1142 3463 φυλακῇ
1178 3395 1270 3447 καὶ
1301 3396 1360 3448 ού
1409 3397 1518 3457 τοῖς
1571 3394 1806 3464 ἱερεῦσιν
1839 3411 1854 3461 ;

1964 3414 2068 3454 non
2103 3413 2282 3458 autem
2315 3408 2694 3468 sacerdotibus
2726 3415 3004 3478 exhibere,
3038 3421 3256 3488 quando
3293 3394 3536 3484 defuncti

273 3489 414 3541 ὅπου
442 3489 502 3541 τδ
530 3490 748 3555 πνεῦμα
771 3488 868 3542 τοῦ
897 3489 1212 3551 τεθνεῶτος,
1249 3491 1307 3542 οὐ
1347 3489 1452 3540 τῶν
1490 3490 1547 3541 ἐν
1585 3490 1854 3557 φυλακαῖς

1961 3491 2185 3560 spiritus
2217 3496 2359 3550 nulla
2409 3514 2509 3567 pro
2544 3501 2779 3558 detentis
2813 3506 2864 3558 in
2914 3523 3136 3567 carcere
3165 3515 3538 3575 sollicitudine

277 3580 579 3648 φροντίζει,
610 3580 753 3632 ὥστε
808 3577 1022 3642 τούτοις
1052 3579 1253 3633 διδόναι
1295 3579 1691 3649 ἐλεημοσύνην,
1722 3577 1858 3633 ἀλλὰ

1960 3584 2337 3652 distinebatur,
2377 3602 2435 3643 ut
2469 3593 2549 3646 eis
2578 3594 2938 3666 eleemusynte
2985 3599 3200 3670 fierent,
3232 3611 3326 3663 sed
3363 3622 3419 3665 ut
3450 3628 3539 3667 sa-

275 3669 474 3724 θυσίαν
511 3673 901 3740 προσενεγκεῖν
929 3671 1008 3740 τῷ
1041 3671 1180 3740 Θεῷ,
1227 3671 1322 3723 τοῦ
1357 3672 1549 3740 ἱερέως
1583 3671 1718 3740 μετὰ
1752 3670 1849 3724 δα-

1959 3675 2222 3732 criiicium
2255 3681 2472 3736 oll‘erret
2523 3682 2653 3750 Deo,
2690 3702 2716 3739 a
2753 3694 3038 3747 sacerdote
3078 3669 3256 3752 flendo
3296 3703 3533 3768 petebat.

277 3750 468 3832 κρύων
497 3761 688 3815 ἐδεῖτο.
727 3761 909 3815 Καλὸν
959 3761 1060 3828 μὲν
1087 3761 1196 3830 γὰρ
1227 3762 1322 3815 καὶ
1366 3763 1664 3833 θεάρεστον
1690 3762 1855 3832 ἔργον

1962 3764 2259 3822 Honestum
2293 3771 2438 3823 enim
2468 3782 2572 3835 est,
2595 3784 2650 3828 et
2678 3773 2785 3831 Deo
2821 3790 3103 3850 acceptum
3137 3799 3272 3855 opus
3297 3750 3537 3846 clcemo-

274 3855 396 3908 ἐστὶ
433 3853 527 3907 καὶ
550 3853 611 3906 τὸ
639 3853 838 3906 διδόναι
886 3853 1260 3922 ἐλεημοσύνην
1305 3857 1419 3914 τοῖς
1468 3857 1527 3907 ἐν
1559 3854 1850 3922 φυλακαῖς,

1961 3873 2124 3927 synas
2155 3860 2317 3914 etiam
2352 3862 2406 3916 in
2457 3878 2551 3919 eos
2582 3882 2827 3938 erogare,
2881 3881 2936 3926 et
2976 3873 3096 3929 aliis
3132 3853 3236 3947 piis
3278 3881 3534 3946 operibus

275 3947 376 4000 καὶ
406 3947 464 3998 ἐν
516 3944 695 4007 ἄλλοις
742 3945 1024 3998 εύσεϐέσιν
1061 3945 1243 4013 ἔργοις
1274 3960 1287 3974 ⁸
1334 3944 1430 3998 καὶ
1483 3945 1662 4008 οὐδεὶς
1712 3943 1855 3998 οὕτω

1960 3950 2199 4005 studere.
2231 3952 2404 4008 Nemo
2435 3963 2518 4009 est
2551 3964 2658 4012 tam
2690 3962 2912 4028 stultus,
2947 3967 3037 4032 qui
3068 3943 3194 4022 huic
3229 3943 3533 4028 rei—adver-

276 4039 485 4108 μωρὺς,
515 4037 658 4091 ὥστε
720 4038 900 4106 λέγειν
927 4038 986 4090 τὸ
1015 4038 1260 4090 ἐναντίον
1285 4053 1300 4068 ο
1331 4037 1595 4108 κρείττων
1623 4036 1678 4088 δέ
1719 4036 1854 4091 πάν-

1960 4054 2129 4099 setur.
2186 4043 2290 4101 Sed
2346 4049 2600 4104 omnibus
2655 4055 2927 4110 antecellit
2983 4061 3158 4114 missae
3204 4065 3527 4122 sacrificium

273 4147 410 4194 των,
445 4133 478 4201 ή
533 4131 655 4201 ἱερὰ
685 4120 846 4184 θυσία
880 4131 1020 4199 ύπέρ
1061 4131 1171 4184 τῶν
1222 4132 1643 4203 κεκοιμημένων
1676 4148 1852 4201 προσ-

1960 4137 2101 4203 qnod
2137 4151 2233 4205 pro
2284 4137 2557 4197 defunctis
2592 4143 2823 4199 olIertur
2861 4146 2993 4204 Deo.
3052 4149 3176 4208 Haec
3223 4166 3276 4210 et
3309 4157 3414 4212 a'ia
3450 4120 3532 4213 his

275 4221 557 4291 φερομένη
593 4221 671 4291 τῷ
700 4219 840 4290 Θεῷ.
885 4220 1073 4290 Τούτῳ
1104 4223 1200 4272 καὶ
1225 4220 1362 4274 ἄλλα
1393 4221 1556 4290 ὃμοια
1589 4222 1683 4274 καί⁵
1713 4221 1852 4290 μνήιο

1959 4227 2154 4281 similia
2189 4241 2601 4302 memoratuque
2633 4237 2791 4306 digna
2821 4243 3065 4310 exempla
3095 4245 3149 4299 in
3180 4249 3366 4304 eadem
3403 4267 3534 4307 nar-

275 4328 390 4382 μης
419 4311 544 4379 ἀξια
567 4315 625 4366 ἐν
651 4313 727 4383 τῷ
752 4311 902 4382 αύτῷ
925 4311 1114 4382 βιϐλίῳ
1144 4315 1238 4365 καὶ
1265 4315 1324 4364 ἐν
1345 4315 1410 4380 τῇ
1439 4315 1577 4383 αὐτῇ
1603 4312 1854 4380 διηγήσει

1959 4321 2170 4374 ratione
2201 4322 2390 4378 beatus
2436 4326 2521 4382 hic
2546 4325 2708 4383 Pater
2736 4341 2786 4384 et
2820 4337 3077 4403 magister
3105 4339 3371 4410 adjungit,
3403 4346 3528 4396 dum

271 4408 302 4458 ό
361 4405 627 4475 μακάριος
691 4399 845 4467 οὗτος
905 4406 1095 4476 Πατὴρ
1147 4406 1243 4457 καὶ
1289 4404 1614 4466 διδάσκαλος
1671 4421 1849 4473 παρα-

1959 4412 2181 4481 exponit
2212 4415 2523 4470 animarum
2559 4429 2681 4487 post
2717 4433 2948 4477 mortem
2985 4432 3382 4497 purgationem,
3411 4449 3531 4502 quae

268 4497 542 4564 δείγματα
567 4497 772 4566 τίθησι,
817 4495 1173 4567 διηγούμενος
1200 4495 1300 4566 τὴν
1333 4495 1444 4550 τῶν
1491 4494 1679 4564 ψυχῶν
1714 4493 1849 4562 μετὰ

1960 4513 2180 4573 propter
2200 4521 2385 4560 eorum
2418 4510 2777 4579 prolixitatem
2808 4514 2932 4570 huic
2966 4493 3216 4574 loco-non
3249 4493 3531 4591 apponun-

270 4587 508 4641 θάνατον
547 4589 818 4659 κάθαρσιν
846 4603 858 4618 ·
889 4588 924 4642 ἂ
962 4589 1053 4641 διὰ
1093 4589 1154 4642 τὸ
1185 4589 1362 4658 μῆκος
1396 4587 1631 4641 ἐνταῦθα
1659 4586 1762 4656 μὲν
1786 4587 1847 4642 ού

1964 4602 2073 4658 tur,
2108 4597 2201 4649 sed
2230 4612 2294 4651 eo
2328 4600 2582 4654 lectorem
2618 4605 2963 4662 remittimus.
2999 4608 3076 4664 Ac
3106 4611 3150 4664 si
3189 4613 3312 4681 quis
3337 4615 3529 4668 scdulo

267 4678 502 4748 τίθεμεν
529 4695 543 4710 '
577 4683 755 4734 ἐκεῖσε
777 4681 834 4734 δὲ
859 4681 986 4743 τοὺς
1014 4678 1369 4750 βουλομένους
1399 4680 1528 4733 ἰδεῖν
1555 4680 1847 4750 παραπέμ-

1960 4684 2161 4738 librum
2203 4689 2636 4757 perlustraverit,
2669 4696 2737 4748 ab
2775 4697 2921 4750 omni
2954 4703 3316 4759 contentionis
3351 4707 3532 4761 studio

269 4789 476 4841 πομεν.
522 4772 641 4827 Κάν
690 4788 794 4849 τις.
827 4767 919 4826 οὖν
953 4771 1232 4834 ἐπιπόνως
1283 4769 1465 4843 διέλθῃ
1515 4769 1618 4840 τὴν
1669 4769 1850 4841 βίϐλον

1959 4788 2016 4826 se
2039 4773 2438 4831 vindicaturum
2472 4779 2706 4836 confido.
2744 4780 2879 4836 Nam
2914 4785 3111 4842 anima:
3159 4803 3279 4857 qum
3309 4805 3376 4843 ex
3431 4793 3533 4848 hoc

264 4864 514 4930 ἐκείνην,
568 4861 720 4934 οἶμαι
750 4843 930 4937 πάσης
958 4864 1290 4932 φιλονεικίας
1321 4866 1416 4918 καὶ
1458 4863 1634 4932 ἔριδος
1660 4863 1845 4917 ἐαυτὸν

1959 4865 2162 4920 mundo
2193 4869 2372 4923 minus
2429 4870 2481 4923 in
2519 4871 2892 4928 satisfactione
2933 4843 3190 4944 perfecta;
3218 4879 3528 4943 discedunt.

262 4955 639 5019 ἀπαλλάξειεν
661 4969 676 4988 ⁸
709 4955 766 5008 αἱ
810 4954 918 5022 γὰρ
951 4955 1118 5024 ψυχαὶ
1147 4954 1502 5025 ἐξερχόμενοι
1553 4955 1707 5008 τοῦδε
1754 4955 1843 5008 τοῦ

1961 4956 2136 5023 poenis
2167 4965 2222 5012 et
2278 4957 2387 5028 igni
2427 4959 2792 5029 destinantur,
2843 4979 2950 5017 nou
3004 4967 3384 5035 combustivo,
3436 4974 3530 5026 sed

267 5044 394 5113 βίου
422 5045 633 5108 ἀτελεῖς
663 5046 720 5096 ἐν
772 5046 1164 5112 ίκανοποιήσει,
1215 5048 1272 5098 ἐν
1321 5046 1541 5099 κολάσει
1573 5048 1666 5098 καὶ
1716 5050 1848 5116 πυρὶ

1960 5048 2231 5117 purganti,
2290 5063 2392 5103 nec
2435 5051 2788 5119 sempiterno,
2821 5055 2914 5108 sed
2970 5061 3317 5127 temporaria,
3371 5071 3428 5116 ut
3472 5064 3525 5116 in

266 5135 743 5198 καταδικάζονται,
804 5136 866 5188 οὐ
919 5134 1225 5204 καυστικῷ,
1286 5135 1422 5189 άλλά
1477 5138 1798 5206 καθαρτικῷ
1832 5153 1844 5166 ·

1957 5153 2018 5191 ea
2055 5140 2380 5209 temporaria
2413 5156 2569 5210 paena
2601 5153 2653 5198 et
2685 5143 2810 5214 igne
2853 5148 2944 5201 illo
2989 5164 3019 5202 a
3065 5150 3180 5206 suis
3206 5152 3528 5208 criminibus

263 5227 371 5279 καὶ
402 5225 500 5278 οὐκ
546 5227 776 5295 αἰωνίῳ,
812 5225 948 5278 ἀλλὰ
984 5226 1342 5309 προσκαίρῳ·
1379 5228 1528 5290 ὅπως
1568 5229 1628 5280 ἐν
1664 5231 1844 5303 ἐκείνῃ

1958 5237 2276 5299 purgentur,
2308 5245 2539 5298 quorum
2579 5233 2632 5286 in
2675 5234 2775 5288 hoc
2823 5236 3022 5292 sarculo
3071 5241 3336 5310 integram
3365 5243 3531 5298 satis-

262 5319 342 5385 τῇ
375 5319 570 5388 μερικῇ
609 5319 835 5372 κολάσει.
875 5320 968 5371 καὶ
1124 5295 1255 5388 πυρί
1298 5321 1492 5390 ἐκείνῳ
1530 5295 1843 5392 καθαρθῶστι

1959 5317 2248 5373 faetionem
2296 5321 2606 5388 persolvere
2665 5340 2772 5378 non
2811 5336 3124 5395 potuerunt.
3162 5329 3398 5386 Prosunt
3430 5347 3527 5385 au-

262 5407 384 5460 τῶν
423 5408 707 5477 ἁμαρτιῶν
751 5410 951 5474 αὐτῶν,
985 5403 1060 5463 ὧν
1095 5411 1194 5463 οὐκ
1246 5410 1490 5478 ἔφθασαν
1535 5413 1596 5465 ἐν
1636 5414 1715 5483 τῷ
1749 5432 1843 5467 πα·

1961 5419 2068 5465 tem
2101 5410 2254 5480 ipsis,
2287 5421 2344 5465 ut
2374 5428 2406 5467 a
2441 5413 2700 5485 lacrymis
2733 5428 2788 5471 et
2819 5420 3024 5489 gemitu
3061 5421 3253 5476 inferni
3286 5412 3527 5479 libereno

264 5497 426 5569 ρόντι
455 5498 668 5551 τελείαν
705 5499 1000 5553 ἀποδοῦναι
1046 5500 1146 5569 τὴν
1184 5501 1584 5568 ίκανοποίησιν.
1622 5507 1845 5556 Λυσιτε-

1991 5519 2063 5566 ur,
2099 5513 2422 5573 tempusque
2453 5506 2772 5562 abbreviant
2803 5511 2944 5578 quod
2977 5512 3048 5566 ibi
3074 5528 3294 5569 manere
3323 5515 3530 5571 debue-
3569 5563 3572 5565 Α

264 5588 427 5641 λοῦσι
456 5588 515 5643 δὲ
560 5590 772 5654 αὐταῖς,
806 5595 898 5643 καὶ
933 5590 1042 5642 τῶν
1082 5591 1332 5661 δακρύων
1381 5593 1475 5644 καὶ
1527 5595 1845 5665 στεναγμῶν

2024 5604 2082 5648 ιιι
2135 5597 2435 5651 secundum
2491 5614 2801 5654 mensuram
2857 5615 3228 5671 peccatorum,
3260 5609 3532 5665 sacrificia
3601 5621 3603 5624 ‘

261 5684 382 5736 τῶν
415 5684 471 5736 ἐν
492 5683 570 5752 τῷ
594 5683 697 5754 ᾄδῃ
723 5685 1070 5752 λυτροῦνται,
1103 5685 1196 5736 καὶ
1223 5686 1582 5755 συντέμνουσι
1611 5687 1702 5741 τὸν
1731 5706 1842 5740 και·

1959 5699 2012 5741 et
2039 5689 2142 5743 alia
2168 5689 2545 5760 bonaipiaque
2575 5707 2742 5762 Opera
2769 5711 2890 5767 qua:
2921 5711 3019 5764 pro
3052 5698 3188 5768 ipsis
3219 5703 3535 5772 suscipiun-

268 5775 372 5843 ρὸν
402 5775 520 5827 καθ’
573 5775 634 5827 ὃν
668 5778 785 5828 ἐκεῖ
818 5776 1044 5846 ἔμελλον
1097 5777 1302 5845 διάγειν
1343 5780 1485 5833 κατὰ
1535 5780 1595 5833 τὸ
1653 5781 1849 5852 μέτρον

2007 5797 2066 5844 II‘,
2103 5783 2402 5837 secundum
2457 5783 2702 5840 divinum
2747 5798 2802 5841 et
2852 5803 3068 5845 sacrum
3105 5793 3409 5850 decretum.
3459 5801 3536 5848 Ac
3586 5859 3588 5867 Ι

263 5867 386 5920 τῶν
420 5868 702 5938 ἁμαρτιῶν
731 5870 931 5935 αὐτῶν,
958 5870 1013 5921 αἱ
1045 5869 1185 5938 ύπέρ
1213 5870 1391 5925 αὐτῶν
1427 5873 1712 5943 γινόμεναι
1743 5875 1844 5928 λει-

1960 5875 2128 5928 veluti
2160 5874 2208 5929 si
2239 5876 2361 5945 quis
2395 5891 2488 5946 per
2519 5890 2734 5935 menses
2763 5895 2858 5936 sex
2891 5891 2982 5936 aut
3015 5872 3220 5940 annum
3254 5889 3316 5942 ad
3349 5899 3539 5942 carce-

519 5965 792 6024 PnnOL.
832 5965 947 6026 Gn.
989 5961 1202 6029 CLIX.
2024 6027 2028 6029 .
3069 5976 3140 6036 40

657 6137 728 6153 ρ
