3992 6410
282 355 420 420 11765

960 360 1107 422 I‘IlO
1135 360 1341 422 CONC.
1387 361 1755 425 FLORENT.
1793 368 1947 428 CAP.
1999 367 2110 429 Ill.
2157 367 2252 427 DE
2282 365 2794 427 PURGATOBIO.

3385 367 3542 428 1266:

280 487 415 538 σμον
448 469 547 537 τῆς
580 471 802 540 εἰρήνης
860 473 952 524 καὶ
999 474 1272 540 ὁμονοίας.
1331 475 1701 546 Ἐϐουλόμεθα
1751 477 1846 532 οὖν

1957 482 2154 536 vando.
2186 478 2311 534 Fuit
2343 481 2395 533 in
2425 480 2608 534 animo
2631 478 2753 532 aliis
2783 475 3264 531 ctiamlcstitnonia
3297 485 3352 530 et
3376 477 3517 532 dicta

278 562 375 613 καὶ
407 563 571 625 ἄλλας
610 565 918 633 μαρτυρίας
951 566 1042 617 καὶ
1090 569 1280 636 ῥήσεις
1316 570 1488 635 ἁγίων
1521 570 1843 636 προσθεῖναι

279 654 453 728 ταύτῃ
483 657 548 725 τῇ
581 655 868 710 ὑποθέσει·
909 659 1025 711 ἀλλ’
1071 662 1097 712 ὁ
1131 664 1204 728 μὴ
1237 664 1451 721 τούτοις
1498 663 1843 732 πειθόμενος,

278 749 392 801 οὐδ’
416 749 598 814 ἄλλοις
631 751 1012 820 πεισθήσεται,
1048 751 1162 806 ἀλλ’
1186 754 1294 806 οὐδ’
1316 754 1457 816 ὅσοις
1480 754 1545 808 ἂν
1573 755 1843 824 εῐποιμεν.

277 841 379 893 Διὰ
407 841 567 894 τοῦτο
591 843 783 912 ἀρκεῖν
817 845 1100 913 ἡγούμεθα
1137 847 1202 899 τὰ
1233 847 1532 916 εἰρημένα·
1564 847 1700 915 πρὸς
1729 847 1844 899 δια-

275 931 561 1000 κριτικοὺς
592 932 685 986 καὶ
727 934 1046 1002 φιλομαθεῖς
1080 937 1280 1006 ἄνδρας
1309 937 1399 989 τὸν
1441 937 1598 1005 λόγον
1626 937 1843 992 ποιοῦν-

272 1041 390 1086 τες,
424 1024 520 1077 καὶ
557 1024 658 1093 τὴν
693 1025 829 1078 ἰδίαν
862 1030 1136 1096 σωτηρίαν
1185 1027 1565 1098 ὀρεγομένους,
1602 1029 1694 1082 καὶ
1744 1031 1846 1098 τὴν

276 1117 540 1185 ἀλήθειαν
570 1119 645 1182 ὠς
682 1119 801 1172 ἐνὸν
828 1120 885 1172 ὲν
913 1121 1115 1189 ὀλίγοις
1151 1115 1433 1184 συνιέντας
1477 1123 1571 1177 καὶ
1606 1123 1845 1186 ἀσπαζο-

279 1213 474 1278 μένους
504 1213 808 1283 προθύμως
827 1231 842 1245 ·
875 1217 966 1268 καὶ
1000 1215 1073 1284 μὴ
1099 1214 1224 1267 κατ’
1249 1215 1366 1282 ἔριν
1392 1218 1482 1268 καὶ
1515 1216 1846 1284 φιλονεικίαν

279 1304 438 1369 μόνον
472 1304 500 1357 δ
547 1321 600 1357 τι
633 1307 698 1358 ἃν
727 1305 877 1374 τύχοι
923 1307 1202 1375 λέγοντας,
1242 1308 1434 1376 ὥσπερ
1483 1309 1731 1361 ποιοῦσιν
1795 1311 1844 1362 οἰ

275 1399 372 1466 τὴν
404 1397 664 1472 ἀλήθειαν
694 1399 926 1466 ἀφειδῶς
970 1418 1085 1462 πως
1112 1402 1203 1452 καὶ
1235 1402 1472 1464 ἀναιδῶς
1522 1400 1610 1454 διὰ
1639 1401 1840 1472 μοχθη-

279 1497 401 1557 ρίαν
428 1491 523 1543 καὶ
557 1489 883 1558 ἀμϐλύτητα
913 1493 1032 1556 νοδς
1078 1493 1532 1564 ἀπορῤίπτοντες.

348 1583 456 1636 Καὶ
487 1581 662 1636 ταῦτα
696 1584 796 1651 μὲν
824 1584 1016 1648 οὕτως.
1050 1585 1191 1654 Πρὸς
1227 1585 1284 1638 δὲ
1321 1587 1387 1638 τὰ
1417 1587 1844 1657 ἐπαπορούμενα

277 1676 405 1744 ὑμῖν
455 1676 546 1728 τὸν
597 1677 754 1742 λόγον
785 1676 1096 1746 τρέφωμεν.
1142 1679 1280 1731 Φασὶ
1309 1678 1419 1746 γὰρ
1465 1679 1514 1731 οἰ
1548 1679 1845 1748 ἁντιμαχό-

279 1788 429 1838 μενοι
458 1769 691 1834 τούτοις,
723 1770 938 1838 πρῶτον
970 1771 1050 1823 δτι
1084 1772 1244 1838 ἀρκεῖ
1267 1771 1343 1837 τῷ
1387 1771 1659 1840 ἀνθρώπῳ
1693 1773 1748 1824 ὲν
1778 1773 1842 1840 τῇ

1952 581 2267 627 sanctorum
2304 571 2433 626 huic
2474 580 2794 639 argumento
2826 569 3154 638 adiungere;
3211 569 3302 622 sed
3334 571 3422 636 qui
3455 569 3519 622 iis

1950 664 2108 719 fidem
2139 681 2246 718 non
2272 664 2608 728 adhibuerit,
2637 679 2812 732 neque
2842 663 2966 716 aliis
2989 662 3286 722 adhibebit.
3307 660 3518 715 etiamsi

1949 755 2122 808 multo
2148 755 2302 823 plura
2338 753 2459 822 quis
2492 755 2785 811 addiderit.
2821 751 3027 808 Idcirco
3060 753 3192 806 satis
3226 765 3370 812 esse,
3400 765 3523 819 quae

1948 861 2114 914 supra
2146 846 2389 914 exposita
2419 853 2548 900 sunt
2591 846 2922 899 arbitramur
2951 845 3014 898 ad
3047 844 3314 898 discretos
3343 851 3397 896 et
3435 841 3519 894 di-

1947 937 2134 992 scendi
2182 937 2413 1007 cupidos
2450 937 2699 992 homines
2745 945 3125 991 convertentes
3183 949 3546 999 sermonem,-

1948 1031 2126 1100 quiet
2174 1045 2328 1083 suam
2380 1039 2638 1093 expetunt
2673 1029 2927 1091 salutem,
2977 1041 3298 1096 verumque,
3340 1023 3519 1093 quoad

1947 1123 2205 1191 possibile
2240 1123 2332 1188 sit,
2366 1135 2418 1177 et
2452 1123 2759 1191 intelligunt
2794 1121 3031 1176 breviter
3078 1129 3133 1174 et
3183 1118 3522 1186 amplectun-

1949 1224 2038 1267 tur
2087 1215 2340 1277 libenter.
2378 1230 2486 1268 non
2541 1215 2786 1280 litigandi
2840 1223 2893 1268 et
2925 1209 3289 1268 contendendi
3337 1209 3516 1264 studi'o

1946 1302 2212 1372 quidquid
2248 1305 2550 1359 occurrerit
2591 1304 2967 1366 adducentes,
3015 1302 3174 1357 sicuti
3227 1301 3262 1355 ii
3315 1300 3520 1354 faciunt

1947 1395 2038 1462 qui
2073 1395 2353 1450 veritatem
2391 1396 2730 1451 incessanter
2761 1404 2816 1449 et
2851 1393 3205 1463 impudenter
3235 1392 3304 1447 ob
3349 1394 3516 1446 animi

1949 1487 2270 1555 pravitatem
2305 1499 2359 1542 et
2391 1488 2589 1544 mentis
2625 1489 3003 1543 liehetudinem
3055 1473 3338 1555 abjiciunt.

2023 1578 2090 1633 Et
2122 1581 2235 1634 haec
2261 1580 2479 1650 quidem
2529 1581 2810 1635 hactenus.
2843 1578 2998 1634 Nunc
3041 1581 3106 1634 ad
3141 1594 3216 1633 ea-
3239 1594 3358 1647 quae
3391 1592 3522 1631 con-

1949 1671 2232 1726 tendentes
2269 1671 2426 1726 nobis
2471 1670 2736 1739 obiicitis,
2767 1672 3072 1725 orationem
3118 1679 3518 1725 convertemus.

1951 1764 2148 1818 Dicunt
2182 1763 2326 1817 enim
2377 1762 2468 1831 qui
2524 1762 2608 1816 his
2661 1763 3044 1823 adversantur,
3092 1761 3326 1830 primum
3377 1759 3520 1828 quod

274 1864 562 1932 τελευταίᾳ
588 1863 685 1927 τῆς
713 1863 1024 1933 ἀποδημίας
1069 1861 1234 1916 αὑτοῦ
1273 1863 1480 1934 ήμέρᾳ,
1510 1865 1543 1929 ή
1588 1865 1728 1932 μετὰ
1756 1863 1848 1916 δα-

1953 1854 2162 1908 homini
2193 1853 2391 1908 sulIicit
2423 1854 2475 1906 in
2524 1863 2770 1907 extremo
2800 1852 3254 1920 peregrinationis
3293 1867 3403 1905 sua:
3435 1851 3523 1904 dic

272 1953 456 2020 κρύων
515 1955 792 2023 μετάνοια,
853 1954 1207 2024 καὶήθερμὴ
1267 1953 1673 2025 ἐξομολόγησις,
1705 1954 1846 2009 ὥστε

274 2050 514 2117 σωθῆναι
566 2048 749 2104 αὑτὸν.
780 2053 871 2100 καὶ
905 2049 963 2100 ὲν
1015 2050 1082 2117 τῇ
1139 2047 1387 2116 βασιλείᾳ
1442 2049 1552 2102 τῶν
1603 2049 1848 2120 οὐρανῶν

272 2142 658 2208 ἀπενεχθῆναι.
701 2141 809 2193 Καὶ
864 2139 1220 2211 παράδειγμα
1268 2141 1602 2210 προφέρουσι
1645 2139 1850 2212 λῃστοῦ

269 2251 416 2294 τινος
451 2234 588 2302 μετὰ
635 2232 889 2300 δακρύων
943 2233 1044 2302 μιᾷ
1084 2233 1241 2285 νυκτὶ
1279 2233 1704 2299 κατανυγέντος,
1754 2233 1846 2285 καὶ

273 2323 436 2394 εὖνθῦς
489 2321 904 2391 ἀποψύξαντοςο
936 2323 1031 2375 καὶ
1079 2323 1154 2384 ὡς
1193 2323 1242 2376 οἰ
1296 2323 1518 2390 ἄγγελοι
1573 2323 1843 2387 ἐλθόντες,

277 2416 371 2467 καὶ
403 2413 570 2484 μηδὲν
602 2415 732 2468 ἄλλο
773 2414 1046 2484 εὑρόντες,
1083 2414 1116 2483 ἢ
1145 2415 1210 2466 τὰ
1241 2413 1348 2484 πρὸ
1379 2415 1580 2484 μικροῦ
1613 2414 1846 2481 χυθὲντα

275 2509 511 2576 δάκρυα.
547 2507 652 2559 τῶν
685 2506 956 2575 δαιμόνων
991 2505 1389 2566 ἀντιϐοώντων,
1421 2506 1495 2565 ὡς
1529 2505 1680 2560 οὐδὲν
1713 2507 1848 2574 ἁγα-

276 2599 368 2651 θδν
396 2599 661 2668 κέκτηται
687 2614 702 2629 ο
729 2598 780 2650 οἰ
811 2597 956 2664 ἅγιοι
985 2597 1208 2664 ἄγγελοι
1243 2597 1300 2649 τὸ
1331 2595 1844 2666 κατασεὸρεγμὲνον

274 2692 672 2760 χειρόμακτρον
719 2694 831 2753 τοῖς
881 2691 1165 2760 δᾶκρυσιν,
1204 2691 1260 2743 ὲν
1305 2693 1368 2760 τῇ
1405 2690 1712 2758 πλάττιγγυ
1749 2689 1844 2743 τοῦ

273 2782 441 2852 ζυγοῦ
480 2783 686 2846 θέντες,
727 2783 869 2836 οὕτω
916 2781 1264 2853 κατῄσχυναν
1298 2784 1424 2845 τοὺς
1463 2779 1725 2848 δαίμονας
1769 2781 1846 2849 τῷ

270 2873 365 2928 τοῦ
394 2874 530 2928 Θεοῦ
562 2877 722 2928 ἐλέει.
755 2876 864 2928 Καὶ
894 2875 992 2944 τῆς
1029 2875 1236 2946 πόρνης
1265 2875 1325 2928 τὸ
1355 2874 1711 2944 παράδειγμα
1737 2891 1844 2925 πα-

276 2967 621 3037 ρεισάγουσι,
661 2968 752 3020 καὶ
786 2967 922 3020 ἄλλα
972 2970 1132 3035 ὃμοια
1160 2983 1175 2997 ο
1213 2968 1289 3036 μὴ
1349 2967 1629 3029 συνιέντες
1675 2967 1723 3018 οἱ
1757 2967 1846 3020 ἄν·

273 3060 504 3128 θρωποι,
535 3059 614 3112 ὅτι
648 3059 789 3126 ὑπὲρ
813 3047 972 3128 ἡμῶν
1007 3059 1176 3112 ταῦτά
1208 3060 1314 3110 εἰσι
1341 3076 1356 3091 ο
1390 3059 1484 3112 καὶ
1513 3060 1672 3126 ἡμεῖς
1702 3055 1845 3110 οὕτω

1953 1943 2276 2016 paenitentia
2321 1961 2445 2000 cum
2482 1945 2736 2015 lacrymis
2777 1955 2832 1998 et
2878 1945 3094 2000 fervens
3133 1943 3408 2000 confessio
3457 1941 3522 1994 ad

1951 2037 2184 2091 salutem
2220 2045 2274 2090 et
2307 2036 2374 2091 ad
2422 2038 2654 2092 caeleste
2680 2051 2906 2106 regnum
2938 2035 3325 2096 obtinendum,
3354 2034 3523 2087 latro-

1950 2127 2036 2183 nis
2063 2127 2344 2198 cujusdam
2362 2128 2666 2196 exemplum
2693 2129 2854 2181 nobis
2878 2128 3223 2196 objicientes,
3246 2127 3338 2192 qui
3370 2133 3526 2178 noetc

1950 2236 2056 2276 una
2092 2231 2458 2289 compunctus
2486 2221 2783 2289 exspiravit
2818 2221 3037 2283 statim;
3071 2233 3305 2286 cumque
3345 2213 3522 2284 angeli

1947 2313 2322 2377 advenissent,
2352 2311 2600 2380 nihilque
2633 2311 2778 2366 aliud
2810 2326 2970 2381 quam
3015 2310 3172 2380 paulo
3217 2317 3343 2364 ante
3383 2308 3522 2363 ell‘u-

1948 2423 2037 2463 sas
2085 2407 2354 2478 lacrymas
2389 2406 2750 2475 reperissent,
2801 2405 3144 2459 daemonibus
3177 2403 3522 2458 reclamanti-

1949 2505 2048 2557 bus
2078 2502 2132 2555 in
2161 2517 2226 2555 eo
2256 2499 2393 2554 nihil
2423 2498 2550 2553 boni
2580 2497 2835 2560 inveniri,
2859 2506 3083 2550 sanctos
3116 2495 3337 2565 angelos
3367 2509 3521 2548 man-

1949 2594 2042 2648 tile
2094 2593 2347 2663 lacrymis
2406 2591 2769 2645 madefactum
2832 2589 2886 2642 in
2955 2587 3219 2640 trutinam
3274 2585 3522 2655 posuisse

1948 2689 2123 2747 aiunt.
2154 2687 2340 2754 itaque
2365 2686 2640 2738 daemones
2660 2681 2751 2735 Dei
2783 2679 3158 2736 misericordia
3187 2678 3522 2734 confudisse.

1949 2777 2254 2833 Meretricis
2306 2776 2472 2831 etiam
2524 2774 2831 2843 exemplum
2884 2771 3169 2836 inducunt,
3221 2780 3382 2839 atque
3417 2769 3523 2822 alia

1949 2872 2034 2926 his
2085 2869 2312 2934 similia,
2368 2883 2472 2923 non
2517 2869 2877 2937 percipieutes
2933 2865 3187 2920 homines
3226 2863 3370 2933 quod
3405 2861 3521 2915 haec

1947 2979 2048 3034 pro
2079 2964 2238 3018 nobis
2270 2962 2503 3016 faciunt.
2551 2959 2771 3028 Nosque
2809 2959 2889 3013 sic
2938 2955 3352 3024 respondemus,
3389 2952 3526 3008 effu-

1947 3071 2034 3109 sas
2071 3057 2339 3125 lacrymas
2376 3069 2500 3110 eum
2536 3053 2775 3108 salvasse
2825 3061 2880 3106 et
2926 3065 2955 3103 a
2987 3049 3315 3116 sempiterna
3348 3047 3524 3100 vindi—

274 3154 504 3221 λέγομεν
529 3168 545 3183 ο
577 3152 657 3204 ὅτι
687 3152 890 3203 ἔσωσεν
926 3152 1156 3215 ἐκεῖνον,
1183 3150 1244 3201 τὸ
1276 3149 1436 3217 χυθὲν
1465 3149 1720 3218 δάκρυον.
1750 3148 1842 3202 καὶ

1953 3163 2107 3203 casse
2154 3147 2720 3215 daumatione‘quam
2772 3143 2965 3214 procul
3017 3143 3188 3197 dubio
3239 3141 3523 3202 subiisset,

275 3246 372 3312 τῆς
401 3245 623 3297 αἰωνίου
667 3243 944 3305 κολάσεως
973 3241 1381 3313 ἠλευθέρωσεν·
1425 3243 1492 3312 ἣν
1533 3241 1597 3295 ἂν
1623 3241 1844 3309 ἐκληρο-

274 3339 512 3408 νόμησεν
539 3337 948 3407 ἀναμφιϐόλως.
977 3339 1026 3389 εἰ
1062 3338 1136 3406 μὴ
1167 3336 1266 3402 τὴν
1309 3335 1600 3403 μετάνοιαν
1630 3334 1847 3402 ἐκείνην

279 3434 376 3486 καὶ
400 3433 466 3486 τὰ
500 3433 712 3501 δάκρυα
762 3431 1110 3496 ἐπεδείξατοο
1144 3430 1260 3482 ἀλλ’
1307 3430 1406 3482 οὐκ
1440 3430 1519 3490 εἰς
1559 3429 1656 3492 τὴν
1689 3429 1844 3494 βασι-

272 3525 428 3576 λείαν
456 3523 564 3576 τῶν
589 3523 837 3594 οὐρανῶν
863 3521 1167 3590 ἀπηνέχθη.
1199 3521 1247 3572 εἰ
1285 3521 1358 3591 μὴ
1389 3520 1475 3573 διὰ
1513 3519 1605 3572 τοῦ
1640 3519 1850 3588 καθαρ-

272 3613 464 3684 τηρίου
497 3616 668 3681 πυρὸς
719 3614 936 3680 ἐγένετο
971 3612 1141 3676 ἄξιος.
1188 3605 1350 3665 Οὗτοί
1399 3615 1540 3665 εἰσιν
1573 3613 1620 3664 οἰ
1677 3613 1734 3662 ἓν
1768 3611 1848 3678 τῷ

277 3699 632 3770 καθαρτηρίῳ
661 3699 1072 3769 καθαιρόμενοι.
1103 3701 1153 3752 οἰ
1179 3700 1390 3770 θερμὴν
1420 3700 1714 3769 μετάνοιαν
1741 3700 1849 3751 δεί-

277 3793 493 3857 ξαντες,
525 3794 620 3844 καὶ
654 3791 793 3860 μετὰ
826 3791 1294 3860 συντετριμμένης
1325 3791 1552 3859 καρδίας
1584 3791 1846 3844 ἀπελθόν-

273 3899 365 3944 τες
391 3897 405 3912 ο
439 3880 500 3932 οὐ
550 3883 657 3951 γὰρ
688 3881 1122 3950 προσωποληψία
1167 3884 1316 3950 παρᾶ
1362 3881 1442 3951 τῷ
1487 3882 1626 3950 Θεῷ.
1661 3884 1850 3936 Ἔστιν

273 3968 369 4026 οὗν
433 3973 650 4042 ἀνάγκη
687 3973 774 4028 ἵνα
817 3977 847 4027 ὁ
897 3976 986 4026 τὸν
1035 3971 1169 4025 Θεὸν
1227 3974 1356 4026 ἰδεῖν
1407 3974 1719 4042 ἐφιέμενος,
1751 3974 1850 4044 τὴν

275 4062 456 4132 ψυχὴν
481 4061 648 4116 αὑτοῦ
683 4065 764 4125 εἰς
798 4063 859 4114 τὸ
891 4054 1118 4130 ἀρχαῖον
1154 4061 1348 4120 κάλλος
1378 4060 1659 4131 ἐπανάγῃ,
1680 4060 1708 4112 δ
1737 4056 1850 4128 εἶχε

277 4156 384 4223 πρὸ
419 4156 516 4225 τῆς
567 4155 851 4225 παρακοῆς
885 4155 1107 4222 καὶτῆς
1160 4155 1463 4220 καταδίκης
1511 4157 1536 4206 ό
1584 4154 1758 4222 Ἀδὰμ
1793 4155 1850 4206 ἐν

275 4248 355 4318 τῷ
385 4249 719 4318 παραδείσῳ.
770 4249 865 4300 Διά
919 4249 1075 4299 τοῦτο
1106 4247 1199 4299 καὶ
1250 4247 1488 4316 κατῴκει
1521 4247 1684 4300 αὐτὸν
1726 4248 1852 4302 ἀνα-

279 4342 548 4408 μάρτητος
581 4339 676 4394 ὢν.
707 4339 1061 4408 Διολισθήσας
1105 4339 1160 4392 δὲ
1190 4339 1285 4392 καὶ
1321 4339 1680 4410 ἡμαρτηκὼς,
1720 4339 1854 4406 ἐξώ-

279 4433 380 4502 σθη
407 4431 594 4487 αὑτοῦ.
622 4433 686 4485 Ol
713 4432 844 4500 γοῦν
873 4432 1191 4501 βουλόμενοι
1219 4433 1312 4483 τὸν
1339 4432 1672 4502 παράδεισον
1699 4434 1852 4504 οἰκῆ-

1953 3238 2058 3292 nisi
2092 3239 2464 3306 pmnitcntiam
2522 3237 2669 3290 illaut
2721 3245 2775 3289 et
2831 3235 3102 3306 lacryma’s
3132 3234 3460 3289 ostendisset
3498 3249 3513 3296 ;

1951 3332 2044 3386 sed
2099 3331 2321 3386 caeleste
2375 3345 2600 3400 regnum
2663 3343 2944 3397 nunquam
3001 3328 3364 3396 impetrasset,
3421 3324 3528 3378 nisi

1952 3424 2297 3494 purgatorius
2323 3422 2466 3491 ignis
2502 3436 2568 3475 eo
2599 3422 2823 3488 dignum
2859 3420 3152 3475 cili-cisset.
3185 3418 3246 3472 lli
3283 3427 3411 3471 sunt
3436 3417 3528 3486 qui

1951 3517 2002 3569 in
2057 3515 2370 3584 purgatorio
2421 3525 2740 3582 purgantur,
2780 3516 2872 3584 qui
2908 3515 3208 3569 ferventem
3260 3512 3530 3581 paeniten-

1953 3608 2085 3662 tiam
2146 3613 2623 3669 commonstrant,
2680 3617 2733 3660 et
2794 3606 3030 3660 contrito
3087 3605 3252 3659 corde
3306 3619 3370 3657 ex
3428 3605 3531 3655 hoc

1952 3697 2156 3754 mundo
2194 3699 2506 3761 discedunt,
2538 3699 2665 3767 quia
2701 3714 2809 3752 non
2857 3706 2942 3752 est
2973 3696 3220 3766 acceptio
3265 3709 3529 3764 persona-

1954 3808 2072 3845 rum
2107 3791 2250 3860 apud
2298 3791 2487 3845 Deum.
2526 3789 2761 3844 Necesse
2799 3788 2962 3860 igitur
2999 3798 3083 3842 est
3126 3788 3175 3841 ei
3221 3788 3312 3856 qui
3358 3783 3530 3840 Deum

1953 3885 2136 3939 videre
2158 3884 2330 3953 cupit,
2359 3891 2417 3937 ut
2443 3882 2676 3936 animam
2705 3896 2860 3936 suam
2892 3880 2945 3935 in
2967 3881 3250 3950 antiquam
3281 3880 3530 3949 pulchri-

1955 3975 2199 4030 tudinem
2243 3976 2541 4040 restituat,
2608 3990 2771 4042 quam
2826 3982 2952 4029 ante
3004 3972 3430 4028 iuobedientiam
3475 3983 3542 4027 et-

1952 4067 2374 4135 damnationem
2407 4068 2461 4120 in
2513 4066 2768 4136 paradiso
2812 4066 3056 4120 Adamus
3088 4066 3368 4120 obtinebat
3405 4082 3417 4117 :
3470 4073 3526 4119 et

1955 4169 2245 4230 prepterea
2277 4159 2349 4212 ibi
2391 4175 2517 4214 eum
2558 4160 2867 4223 collocavit,
2919 4176 3041 4215 cum
3074 4167 3222 4214 esset
3256 4159 3371 4213 sine
3400 4173 3530 4228 pec.

1957 4262 2103 4315 cato,
2136 4249 2230 4306 sed
2259 4266 2384 4304 cum
2421 4250 2738 4306 ollcndisset
2764 4259 2816 4305 ct
2844 4262 3149 4321 peccasset,
3187 4250 3310 4304 inde
3339 4251 3533 4319 expul-

1957 4359 2053 4402 sus
2079 4351 2183 4399 est.
2229 4344 2336 4410 Qui
2369 4344 2560 4398 volunt
2598 4343 2762 4413 igitur
2803 4343 3116 4412 paradisum
3167 4342 3425 4404 incolere,
3457 4340 3551 4394 ita-

1957 4445 2276 4505 purgentur,
2307 4444 2366 4490 ut
2395 4436 2448 4489 in
2483 4437 2549 4489 iis
2573 4451 2671 4490 nec
2690 4435 2902 4488 macula
2933 4449 3030 4488 nec
3053 4436 3188 4488 livor
3205 4434 3531 4502 reperiatur.

279 4545 370 4580 σαι
424 4525 860 4597 καθαρθήτωσαν
899 4525 1092 4588 οὓτως.
1144 4524 1286 4577 ὥστε
1336 4525 1541 4593 μηδένα
1593 4525 1782 4578 σπῖλον
1814 4525 1846 4587 ἢ

1953 4526 2069 4582 Non
2091 4529 2235 4581 enim
2261 4527 2372 4582 sola
2401 4527 2597 4583 sufficit
2627 4527 2986 4596 paenitentia;
3012 4541 3134 4578 nam
3163 4526 3204 4578 si
3238 4523 3532 4589 sufficeret,

282 4620 473 4689 μῶμον
506 4619 779 4688 ἁμαρτίας
836 4619 894 4671 ἐν
943 4619 1158 4682 ἑαυτοῖς
1209 4618 1376 4688 ἔχειν.
1425 4622 1499 4674 Οὐ
1531 4621 1640 4689 γὰρ
1693 4625 1854 4692 ἀρκεῖ

282 4715 418 4782 μόνη
451 4714 483 4781 η
538 4713 817 4781 μετάνοια.
852 4711 915 4764 Εἰ
942 4711 1050 4780 γὰρ
1095 4711 1275 4780 ἤρκει,
1308 4711 1407 4766 οὐκ
1457 4711 1524 4764 ἂν
1553 4715 1602 4766 οἰ
1653 4715 1854 4776 ζῶντες

278 4802 601 4872 εἰργάζοντο
641 4803 768 4865 τοὺς
821 4805 958 4870 μετὰ
1006 4801 1105 4870 τὴν
1157 4801 1547 4870 ἐξομολόγησιν
1597 4803 1854 4868 δοθέντας

277 4898 390 4957 τοῖς
416 4895 799 4964 ἀποιχομένας
835 4893 1068 4956 κανόνας
1086 4908 1102 4925 ο
1135 4893 1249 4944 ἀλλ’
1273 4892 1469 4960 ὥσπερ
1499 4895 1854 4965 ἐξομολογουο

281 4990 465 5058 μένοις
508 4989 620 5047 τοῖς
656 4985 822 5051 ζῶσιν
873 4986 1124 5054 ἐπιτίμια
1166 4984 1366 5039 δίδοται
1401 4975 1507 5039 ὑπὸ
1555 4985 1667 5039 τῶν
1693 5003 1856 5039 πνευ-

282 5078 530 5147 ματικῶν
559 5078 839 5146 Πατέρων,
867 5076 1009 5131 ὥστε
1035 5079 1385 5148 ἀποκαθᾶραι
1411 5078 1509 5141 τὰς
1538 5078 1855 5148 ὲπιμιχθεί-

278 5187 379 5232 σας
411 5170 634 5239 κηλίδας
665 5173 788 5232 ταῖς
824 5171 1022 5239 ψυχαῖς
1058 5170 1257 5234 αὐτῶν,
1284 5172 1378 5223 καὶ
1429 5171 1516 5225 ἵνα.
1537 5173 1854 5242 κτήσωνται

280 5261 484 5330 ἀρετὴν
512 5261 650 5331 πρὸς
693 5261 754 5313 τὸ
790 5263 976 5331 τυχεῖν
1010 5260 1108 5328 τῆς
1153 5260 1480 5330 ἐπουρανίου
1514 5261 1683 5332 ζωῆς,
1714 5264 1858 5316 οὕτω

279 5354 375 5406 καὶ
407 5355 520 5416 τοῖς
555 5355 612 5405 ὲν
662 5351 740 5421 τῷ
768 5352 913 5405 τέλει
956 5353 1054 5421 τῆς
1092 5351 1239 5422 ζωῆς
1278 5354 1625 5419 μετανοοῦσι.
1667 5355 1763 5409 καὶ
1797 5357 1856 5410 ὲν

281 5447 507 5516 θερμοῖς
523 5446 788 5515 δάκρυσιν
817 5445 1357 5515 ἐξομολογουμένοις,
1383 5447 1480 5499 καὶ
1503 5446 1664 5510 εὐθὺς
1689 5449 1855 5500 ἀπε).-

278 5536 494 5602 θοῦσιν,
543 5538 822 5604 ἐπιτίμιον
855 5536 1064 5589 δέδοται
1105 5537 1168 5590 τὸ
1215 5537 1516 5608 καθάρσιον
1555 5541 1688 5610 πῦρ,
1722 5541 1781 5593 ὲν
1811 5535 1856 5609 ᾧ

277 5631 532 5683 saevam
585 5630 679 5684 καὶ
726 5629 1020 5699 τήκεταιή
1067 5626 1238 5698 ψυχὴ,
1290 5631 1708 5699 μνημονεύουσα
1761 5631 1856 5687 τοῦ

277 5721 478 5791 γαιροῦ
516 5720 579 5775 δν
634 5721 916 5774 ἀπώλεσεν
956 5721 1014 5774 ὲν
1065 5722 1180 5782 τοῖς
1235 5720 1536 5790 αἰσχίστοις
1599 5723 1854 5790 μένουσα.

280 5817 578 5886 Συντέμνει
611 5816 667 5869 δὲ
697 5815 789 5870 τὸν
824 5813 1035 5884 καιρὸν,
1088 5812 1184 5866 καὶ
1219 5814 1318 5884 τῆς
1350 5812 1545 5884 ὀδύνης
1579 5816 1854 5872 ἀπαλλάτ-

1959 4633 2242 4688 nunquam
2302 4622 2548 4673 viventes
2612 4617 2860 4672 formulis
2907 4625 3189 4671 uterentur
3241 4630 3362 4686 quas
3412 4624 3534 4684 post

1958 4719 2238 4778 peractam
2278 4708 2680 4766 confessionem
2716 4717 2847 4762 sunt
2883 4707 3167 4762 institutae.
3196 4708 3273 4760 Ac
3306 4705 3471 4760 veluti
3501 4720 3531 4760 a

1960 4802 2342 4873 spiritualibus
2376 4804 2628 4873 patribus
2665 4816 2838 4869 pinnae
2873 4801 3222 4869 assignantur
3253 4801 3320 4854 iis
3351 4800 3442 4868 qui
3477 4799 3533 4852 in

1934 4895 2073 4964 .vita
2099 4893 2504 4949 confessionem
2530 4892 2812 4955 adhibent,
2841 4900 2905 4944 ut
2930 4890 3159 4944 maculis
3191 4891 3390 4960 quibus
3413 4891 3535 4944 ani-

1961 5001 2065 5041 mae
2095 5001 2288 5040 eorum
2320 4995 2448 5040 sunt
2503 5000 2798 5054 respersar,
2837 4985 3188 5051 tnuudentur,
3235 4985 3316 5040 sic
3365 4993 3419 5037 et
3466 4984 3558 5038 iis.

1957 5073 2052 5143 qui
2079 5075 2136 5127 in
2165 5073 2284 5126 vita:
2330 5071 2437 5126 ﬁne
2477 5074 2762 5128 constituti
2792 5073 3172 5142 pceuituerint.
3215 5085 3276 5128 et
3311 5073 3534 5129 fervidis
3626 5146 3629 5148 _

1956 5178 2084 5218 cum
2136 5164 2394 5234 lacrymis
2425 5164 2826 5219 confessionem
2878 5167 3210 5235 peregerint,
3243 5177 3298 5219 et
3345 5165 3531 5219 statim

1955 5254 2329 5317 decesserint,
2386 5269 2542 5323 paena
2604 5256 2919 5323 assignatur
2975 5256 3326 5324 purgatorius
3373 5254 3538 5323 ignis,

1958 5347 2050 5403 ubi
2080 5346 2338 5415 afﬂigitur
2367 5357 2421 5400 et
2456 5355 2767 5402 maceratur
2816 5346 3020 5410 anima,
3053 5360 3177 5402 cum
3232 5345 3284 5398 in
3338 5361 3541 5400 memo-

1960 5439 2100 5494 riam
2129 5447 2351 5494 revocat
2379 5438 2636 5494 amissqu
2671 5448 2884 5507 tempus
2905 5438 3033 5492 dum
3065 5439 3117 5490 in
3146 5437 3388 5506 peccatis
3412 5453 3539 5492 ver-

1963 5545 2199 5592 saretur.
2235 5534 2340 5589 Sed
2376 5544 2593 5604 tempus
2629 5533 3026 5590 abbreviantet
3059 5549 3087 5586 a
3123 5532 3368 5587 cruciatu
3407 5531 3541 5587 libe-

1965 5635 2088 5681 rant
2117 5620 2330 5696 preces,
2359 5625 2662 5681 oblationes
2684 5634 2737 5680 et
2760 5625 3058 5690 orationes,
3082 5635 3141 5680 ut
3166 5639 3304 5694 saepe
3329 5625 3546 5680 dictum

1965 5728 2068 5772 est.
2103 5717 2206 5783 Qui
2236 5733 2344 5772 non
2383 5718 2576 5782 credit,
2615 5733 2678 5774 ex
2711 5734 2797 5773 me
2831 5719 3018 5773 audiat
3059 5719 3214 5783 illud,
3264 5722 3540 5788 quomodo

1967 5825 2096 5866 voce
2129 5811 2326 5880 psallit,
2364 5828 2382 5863 ι
2415 5811 2460 5865 Α
2491 5810 2744 5882 lacrymis
2771 5820 2824 5867 ct
2853 5811 3055 5883 gemitu
3090 5811 3287 5869 inferni
3320 5826 3538 5868 servum
