3992 6402
256 307 400 374 1ἓ73
684 318 690 324 ’
724 317 874 381 PRO
905 323 1120 390 CONC.
1166 329 1542 393 FLORENT.
1587 331 1748 393 CAP.
1797 330 1892 391 IV.
1925 330 2034 390 DE
2077 333 2502 396 FRUITIONE
2539 336 3024 401 SANCTORUM.
3372 338 3509 402 1274

1007 442 1083 498 Βό
1861 446 1904 503 Α
2671 455 2741 510 ιι.

293 618 306 634 ,
339 523 662 634 ’ξριμτῶμεν
707 525 809 634 ιοῦν
849 531 1020 603 ὑμᾶς,
1042 535 1282 604 ἀδελφοὶ,
1321 540 1409 594 διὰ
1443 542 1604 596 ποίαν
1649 545 1830 599 αἰτίαν

2005 550 2414 617 lnterrogamus
2447 563 2576 617 ergo
2612 564 2731 615 vos,
2788 565 2820 603 ο
2872 547 3094 614 fratres,
3152 551 3504 618 quamobrem

248 618 314 712 ού
351 618 608 712 βούλεσθε
641 624 766 686 τοὺς
809 625 1002 694 ἁγίους
1034 631 1446 702 ἀπολαμϐάνειν
1491 637 1561 692 τά
1593 638 1686 692 νῦν
1713 657 1730 708 ;
1767 641 1824 694 El

1937 642 2113 712 iustos
2158 641 2213 694 in
2245 641 2534 710 praesentia
2582 639 2888 693 mercedem
2928 639 3171 708 recipere
3205 639 3428 695 nolitis?
3451 640 3513 696 Si"

385 711 468 764 ὅτι
552 713 848 818 ἀνάστασις
872 720 972 773 οὐκ
999 717 1163 792 ἦλθεν
1193 727 1274 778 ἔτι
1301 743 1316 758 ο
1344 728 1502 781 τοῦτο
1527 731 1628 783 οὐκ
1661 732 1831 800 ἀναγ-

1936 739 2063 808 quia
2099 738 2342 792 nondum
2373 735 2940 790 advenitresurrectio
2983 734 3186 799 dicitis,
3247 734 3350 788 hoc
3401 749 3508 788 nou

251 801 412 897 διάξει
444 805 520 873 μὴ
557 808 685 871 τοὺς
713 811 904 875 ἁγίους
928 814 1361 884 ἀπολαμϐάνειν.
1399 822 1636 876 Πάντοτε
1667 827 1773 895 γὰρ
1799 826 1827 877 δ

1935 830 2411 897 concluditjustos
2442 844 2548 883 non
2604 828 2870 896 recipere,
2920 842 3048 881 nam
3100 842 3316 896 semper
3365 827 3509 882 Deus

245 893 386 996 θεὸς
435 898 642 996 δίκαιός
688 903 840 956 ἐστι’
882 907 976 959 καὶ
1017 908 1135 974 νῦν,
1164 910 1261 963 καὶ
1303 912 1361 964 ἐν
1398 913 1464 982 τῇ
1496 913 1680 984 ἡμέρᾳ
1728 893 1821 984 τῆς

1931 928 2115 996 justus
2142 937 2228 980 est
2258 933 2312 979 et
2342 937 2487 976 nunc
2521 932 2576 974 et
2604 921 2657 974 in
2694 920 3116 975 resurrectionis
3152 919 3265 975 die.
3295 918 3431 973 Nam
3461 920 3507 974 si

244 990 625 1088 ἀναστάσεως.
675 996 735 1047 Et
777 998 869 1050 οὖν
915 999 1124 1062 δίκαιός
1169 1005 1310 1068 ἐστι,
1351 1005 1535 1068 καθὼς
1562 1008 1654 1060 καὶ
1688 1007 1820 1075 ἔστι,

1930 1021 2114 1088 justus
2147 1027 2255 1080 est,
2295 1015 2752 1086 quemadmodum
2795 1020 2876 1068 est
2909 1011 3194 1082 (scriptum
3228 1021 3310 1066 est
3335 1013 3506 1075 enim,

248 1081 564 1152 γέγραπται
596 1083 732 1156 γὰρ,
768 1106 788 1139 ι
825 1089 1047 1154 Δίκαιος
1092 1093 1317 1164 Κύριος,
1357 1100 1451 1150 καὶ
1481 1097 1824 1164 δικαιοσύνας

1936 1132 1954 1163 ι
2000 1115 2193 1168 Justus
2219 1119 2301 1164 est
2331 1109 2618 1164 Dmninus.
2645 1116 2696 1159 et
2720 1081 2962 1174 justitias
2992 1104 3211 1158 dilexit:
3249 1103 3291 1173 ),
3333 1105 3507 1158 sancti

248 1177 561 1272 ηγάπησεν,
597 1198 615 1230 ι
653 1183 699 1232 οἱ
749 1181 807 1234 δὲ
841 1183 985 1249 ἅγιοι
1021 1185 1108 1238 διά
1145 1188 1236 1240 τὸν
1283 1187 1454 1250 ὅντως
1492 1189 1702 1244 δίκαιον
1726 1195 1824 1256 τὰς

1935 1220 2058 1258 vero
2090 1211 2312 1272 propter
2337 1217 2484 1264 eum,
2521 1199 2612 1267 qui
2640 1213 2766 1252 vere
2790 1196 2972 1266 justus
3001 1205 3103 1258 est,
3143 1195 3355 1250 animas
3378 1210 3511 1250 suas

245 1269 428 1336 ψυχὰς
459 1272 786 1337 παρέδωκαν
823 1277 1034 1330 ἑαυτῶν
1059 1295 1074 1311 ο
1121 1279 1270 1343 ὅπως
1321 1282 1461 1347 μετά
1488 1283 1583 1336 τοῦ
1613 1284 1821 1337 δικαίου

1933 1295 2273 1349 tradiderunt
2319 1301 2378 1347 ut
2430 1306 2554 1345 cum
2584 1290 2736 1355 justo
2764 1289 2874 1344 Deo
2908 1287 3334 1356 requiescerent,
3363 1301 3509 1340 nunc

246 1361 385 1413 Θεοῦ
417 1364 862 1433 ἀναπαύσωνται,
891 1368 984 1422 νῦν
1013 1370 1210 1425 ἕπεται
1260 1373 1428 1437 ὅντως
1455 1376 1590 1444 μετά
1630 1377 1722 1431 τοῦ
1753 1378 1822 1431 δι-

1936 1402 2063 1440 sane
2115 1387 2366 1453 sequitur
2409 1390 2466 1435 ut
2509 1380 2649 1450 apud
2679 1377 2846 1432 Deum
2878 1377 3031 1432 sint:
3063 1377 3318 1446 quoniam
3375 1377 3512 1431 tales

247 1453 407 1546 stoica
456 1453 592 1508 Θεοῦ
645 1453 784 1512 εἶναι
813 1475 827 1490 ·
873 1461 998 1514 ἐπεὶ
1039 1463 1178 1531 μετὰ
1217 1464 1446 1520 θάνατον
1493 1470 1540 1520 οε
1595 1469 1823 1524 τοιοῦτοι

1935 1486 2058 1546 post
2091 1486 2324 1530 mortem
2351 1473 2578 1528 firmiter
2604 1471 2740 1540 justi
2797 1479 2946 1533 sunt,
2989 1475 3044 1523 et
3079 1477 3132 1521 tu
3166 1482 3332 1522 orans
3361 1466 3511 1535 psal-

248 1541 484 1638 βεδαίως
525 1547 763 1603 δίκαιον
813 1552 910 1605 καὶ
961 1553 1025 1606 σὺ
1075 1554 1304 1623 ψάλλεις
1356 1561 1824 1630 προσευχόμενος,

1934 1571 2020 1637 lis,
2049 1569 2133 1625 fac
2164 1569 2510 1638 requiescere
2533 1567 2657 1622 illos
2673 1565 2764 1619 ubi
2783 1565 2934 1634 juste
2962 1561 3510 1632 requiescunt.Quod

255 1653 276 1684 ι
333 1635 675 1743 ’ρνάπαυσον
723 1642 924 1706 αὐτοὺς
959 1644 1134 1713 λέγων
1167 1647 1296 1702 ἔνθα
1341 1650 1392 1702 οι
1447 1651 1648 1706 δίκαιοι
1691 1654 1828 1707 ἀνα-

1934 1665 1974 1717 si
2001 1678 2127 1717 cum
2152 1663 2303 1732 justo
2341 1659 2450 1715 Deo
2492 1675 2600 1714 non
2643 1662 3016 1727 requiescunt,
3080 1657 3132 1708 in
3160 1655 3387 1709 dubium
3415 1668 3510 1708 eo—

247 1733 537 1782 παύονται.
577 1749 596 1782 ι
635 1733 695 1784 Εί
728 1733 784 1786 δὲ
841 1735 941 1789 οὐκ
988 1737 1364 1794 ἀναπαύονται
1415 1743 1555 1810 μετά
1605 1745 1700 1798 τοῦ
1749 1746 1823 1799 δι-

1937 1774 2054 1811 rum
2080 1757 2296 1826 iustitia
2337 1765 2648 1818 revocatur,
2678 1753 2824 1821 quod
2852 1750 2945 1804 tibi
2971 1749 3134 1804 etiam
3170 1765 3276 1802 non
3311 1751 3513 1816 placet.

246 1820 433 1914 καίου,
469 1821 784 1889 διστάζεται
831 1827 1013 1882 αὐτῶν
1059 1832 1092 1901 ἡ
1142 1831 1455 1904 δικαιοσύνη
1484 1853 1500 1868 ο
1536 1837 1676 1908 ὅπερ
1709 1844 1758 1891 ’κ
1773 1843 1820 1895 tt

1941 1820 2286 1914 Nullatenus,
2318 1847 2532 1908 dicunt,
2555 1820 2824 1912 recipiunt
2878 1841 3009 1909 justi
3039 1855 3206 1906 nunc,
3230 1841 3313 1892 vel
3339 1839 3512 1892 beati-

250 1913 336 2006 σοὶ
373 1914 472 1966 οὐκ
508 1917 752 1984 ἀρέσκει.
795 1919 1085 1989 Οὐδαμῶς,
1123 1926 1278 1993 φασὶ,
1323 1925 1393 1979 τὰ
1436 1925 1532 1980 νῦν
1574 1930 1823 1998 ἀπολαμ-

1940 1942 2146 1999 tudinis
2185 1913 2409 1994 omnino
2469 1936 2764 2006 participes
2825 1932 2979 1999 fiunt,
3015 1932 3110 1986 sed
3143 1947 3264 1985 cum
3299 1941 3513 1999 tempus

248 2005 506 2061 ϐάνουσιν
535 2010 583 2063 oi
621 2011 904 2086 δίκαιοι,ἢ
951 2017 1051 2084 τῆς
1089 2019 1442 2084 ἀπολαύσεως
1487 2024 1623 2086 ὅλως
1661 2026 1816 2092 μετέο

1941 2036 2046 2088 erit
2091 2049 2149 2087 se
2186 2032 2454 2086 fruitnros
2486 2037 2730 2096 sperant,
2760 2035 2814 2079 et
2884 2024 2934 2077 in
3002 2025 3106 2077 hoc
3137 2021 3410 2076 exsultant
3461 2031 3516 2074 et

247 2115 437 2164 χουσιν
459 2116 475 2132 ’
509 2101 625 2154 ἀλλ’
661 2103 975 2168 ἐλπίζουσιν
1009 2109 1066 2161 ὲν
1115 2112 1295 2181 καιρῷ
1325 2115 1656 2170 ἀπολαύσειν
1680 2131 1695 2148 ⁰
1726 2119 1822 2172 καὶ

1939 2128 2213 2181 laetantur.
2252 2121 2365 2176 Hoc
2383 2131 2564 2174 autem
2594 2116 2774 2170 simile
2806 2115 2911 2169 erit
2948 2112 3263 2168 sitientibus
3291 2118 3344 2163 et
3382 2123 3515 2162 exu-

245 2189 424 2259 τούτῳ
440 2192 838 2284 εὐφραίνονται
880 2200 974 2253 καὶ
1003 2200 1325 2268 ἀγαλλιῶσι.
1361 2205 1532 2260 Τοῦτο
1561 2208 1616 2261 δι
1651 2213 1821 2278 παρό-

1937 2219 2060 2280 stis.
2106 2232 2230 2270 cum
2277 2216 2434 2284 juxta
2488 2211 2691 2264 fontem
2747 2205 2982 2274 aliquem
3018 2204 3263 2258 assident
3313 2193 3511 2267 sitique

249 2297 407 2376 μοιον
435 2281 590 2337 ἔσται
617 2287 726 2348 τοῖς
751 2286 948 2356 διψῶσι
980 2289 1074 2342 καὶ
1097 2293 1460 2360 κεκαυμένοις
1483 2297 1610 2350 ὅταν
1638 2315 1820 2371 παρα-

1937 2318 2253 2375 enecantur,
2288 2321 2484 2376 aquam
2542 2317 2709 2373 prope
2760 2295 3173 2366 conspiciendo,
3219 2304 3271 2348 et
3315 2291 3508 2360 repleri

244 2374 483 2474 ξίωνται
521 2380 689 2474 -πηγῇ
736 2397 879 2474 ᾐτινι,
924 2384 989 2450 τῇ
1045 2382 1172 2454 δίψῃ
1233 2384 1578 2456 φλεγόμενοι.
1615 2393 1708 2445 καὶ
1759 2395 1818 2448 τὸ

1935 2405 2207 2474 cupiendo
2233 2401 2299 2456 ad
2341 2397 2654 2454 incendium
2715 2402 2768 2446 et
2817 2399 3006 2446 aestum
3043 2385 3506 2456 compescendam

247 2463 396 2533 ὕδωρ
445 2469 679 2538 δρῶντες
731 2472 900 2540 ἔγγὺς
953 2475 1154 2538 αὐτῶν,
1201 2477 1298 2529 καὶ
1353 2479 1665 2548 γλιχόμενοι
1718 2485 1818 2553 μὲν

1936 2463 2224 2553 ριἸοὺοτε
2254 2500 2309 2548 et
2340 2488 2727 2554 defatigatione
2749 2491 3082 2550 susceptum,
3106 2479 3198 2533 sed
3232 2478 3302 2532 ab
3327 2476 3510 2544 aliqua

245 2558 630 2630 ἐμπλησθῆναι
660 2563 755 2616 τοῦ
803 2564 1015 2629 ὕδατος,
1047 2566 1142 2621 τοῦ
1178 2570 1486 2638 καταψύξαι
1521 2575 1618 2627 τὸν
1653 2578 1820 2644 φλογ-

1934 2575 2197 2645 invisibili
2238 2601 2296 2640 re
2327 2581 2606 2654 prmpediti
2661 2585 2851 2647 potare
2883 2589 2987 2628 non
3011 2580 3264 2642 possunt,
3305 2571 3509 2638 magis-

249 2653 354 2716 μόν
387 2668 444 2704 τε
483 2656 576 2706 καὶ
618 2654 856 2708 καύσονα
889 2657 980 2710 τὸν
1026 2661 1089 2711 ἐκ
1137 2658 1232 2714 τοῦ
1262 2661 1432 2716 κόπου
1465 2666 1560 2718 καὶ
1593 2669 1688 2730 τῆς
1726 2687 1822 2722 τα-

1938 2695 2215 2752 queaqua:
2252 2653 2592 2745 inspectione
2647 2669 3079 2731 inﬂammantur,
3144 2665 3375 2732 sitisque
3415 2677 3514 2715 au-

247 2743 579 2814 λαιπωρίας,
606 2750 852 2818 ἀοράτως
865 2749 922 2803 δέ
939 2769 1053 2814 πως
1082 2753 1464 2823 κρατούμενοι,
1485 2757 1543 2809 ού
1567 2759 1823 2816 δύνανται

1937 2781 2117 2841 getur,
2148 2777 2202 2824 et
2236 2769 2452 2832 misere,
2493 2779 2549 2818 ut
2582 2779 2680 2831 par
2713 2773 2815 2826 est,
2847 2763 3174 2813 aduruntur.
3211 2755 3276 2808 At
3305 2755 3408 2808 hoc
3430 2754 3509 2806 vel

246 2841 394 2891 πιεῖν
417 2852 432 2868 ⁸
464 2841 556 2893 καὶ
606 2841 750 2894 οὕτω
779 2842 981 2910 μᾶλλον
1029 2849 1344 2901 ὲκκαίονται
1389 2854 1454 2919 τῇ
1489 2850 1694 2924 θεωρίᾳ
1727 2856 1822 2909 τοῦ

1937 2863 2204 2917 lactentes
2233 2857 2469 2912 infantes
2499 2853 2842 2924 deridchunt,
2876 2852 2920 2904 si
2948 2846 3166 2916 potandi
3198 2859 3294 2913 spe
3320 2844 3511 2898 sitiens

248 2928 442 2991 ὕδατος
465 2945 482 2963 ⁶
515 2933 608 2987 καὶ
650 2934 684 3002 ἡ
717 2934 847 3003 δίψα
875 2936 1085 2999 τούτοις
1118 2939 1320 3004 μᾶλλον
1369 2918 1544 3008 αὔξει,
1577 2918 1678 2998 διαὶ.
1710 2947 1824 3001 δει-

1938 2957 2265 3013 oblectatur,
2299 2947 2550 3018 quamvis
2595 2918 2791 3014 aquani
2848 2956 2958 2995 non
3001 2939 3253 3004 attingat.
3296 2935 3423 2998 Sed,
3454 2944 3513 2988 ut

249 3026 360 3087 νῶς
390 3027 466 3090 ὡς
504 3027 650 3088 εἰκὸς
682 3030 1038 3097 καταφλέγει.
1083 3033 1243 3086 Ἀλλά
1273 3032 1435 3088 τοῦτο
1471 3039 1654 3094 καὶτὰ
1687 3041 1825 3095 ὑπο-

1939 3038 2040 3116 ego
2069 3043 2330 3101 arbitror,
2357 3055 2460 3091 non
2483 3035 2661 3090 solum
2702 3046 2808 3085 non
2841 3029 3100 3084 obiectari
3127 3027 3303 3097 justos
3331 3025 3511 3080 oratio

251 3121 425 3191 μάςια
481 3121 654 3192 βρέφη
693 3123 1052 3190 γελάσονται·
1084 3128 1134 3179 εί
1181 3130 1246 3196 τῇ
1297 3129 1476 3182 ἑλπίδι
1523 3133 1617 3185 τοῦ
1661 3135 1827 3188 ποτοῦ

1941 3147 2120 3193 vestra
2157 3131 2457 3192 concludit,
2493 3129 2603 3182 imo
2655 3127 2860 3181 tristari
2903 3121 3078 3192 magis
3114 3129 3166 3174 et
3196 3119 3318 3187 angi
3349 3119 3513 3171 vehe-

245 3213 606 3282 εὐφραίνεται
639 3217 666 3269 ό
697 3216 888 3282 διψῶν,
931 3217 1032 3272 κᾶν
1065 3220 1159 3271 καὶ
1201 3219 1295 3273 τοῦ
1333 3219 1524 3283 ὓδατος
1559 3225 1621 3276 οὐ
1662 3223 1821 3294 μετα-

1936 3240 2166 3284 menter.
2199 3225 2279 3280 An
2314 3238 2446 3277 vero
2478 3224 2550 3274 ita
2591 3233 2650 3274 se
2695 3233 2785 3272 res
2837 3216 3031 3269 habeat
3079 3212 3510 3268 consideremus.

245 3306 524 3380 λαμϐάνῃ.
558 3308 696 3361 Κατ’
729 3310 830 3379 ἐμὲ
874 3311 950 3373 δὲ,
997 3311 1058 3364 ού
1097 3313 1257 3380 μόνον
1304 3313 1404 3366 οὐκ
1435 3314 1821 3384 εὐφραίνεσθαι

1935 3324 2225 3377 Summum
2276 3317 2503 3378 bonum,
2539 3325 2596 3366 ut
2654 3309 2832 3365 sancti
2867 3316 2923 3361 et
2957 3304 3194 3372 theologi
3243 3303 3511 3361 sentiunt.

153 3471 170 3476 _
245 3399 379 3462 τοὺς
431 3400 623 3467 ἀγίους
673 3403 1040 3472 συμπεραίνει
1089 3407 1119 3457 δ
1151 3405 1416 3474 ὑμέτερος
1461 3407 1640 3474 λόγος,
1690 3409 1729 3461 ἀ”

1941 3415 2082 3466 solus
2113 3411 2257 3463 Deus
2284 3417 2389 3461 est.
2418 3407 2516 3459 Est
2555 3411 2736 3457 autem
2767 3399 3053 3469 gaudium,
3082 3393 3399 3456 exsultatio,
3425 3394 3517 3445 de-

244 3493 347 3544 καὶ
379 3492 666 3546 λυπεῖσθαι
703 3496 798 3548 καὶ
832 3495 1005 3558 πάθος
1039 3497 1392 3565 ὑφίστασθαι.
1427 3500 1546 3552 Ὀτι
1579 3500 1632 3552 δὲ
1678 3499 1820 3554 τοῦτ1

1934 3506 2221 3564 siderium,
2255 3499 2589 3570 appetentia.
2639 3495 2743 3561 Qui
2801 3493 2966 3562 igitur
3015 3491 3165 3544 bono
3201 3487 3505 3556 privantur.

243 3582 468 3652 ἀληθὲς.
505 3587 792 3640 σκεπτέον.
825 3587 897 3639 Τὸ
947 3587 1117 3657 ἀκρον
1151 3589 1262 3641 τῶν
1309 3590 1552 3656 ἀγαθῶν,
1589 3591 1664 3651 ὡς
1713 3595 1819 3655 τοῖς

1940 3596 2136 3665 gaudio
2163 3603 2216 3648 ct
2250 3588 2618 3645 exsultatione
2653 3586 2862 3653 absque
2895 3581 3064 3636 dubio
3103 3579 3410 3646 privantur.
3445 3576 3516 3628 At

247 3676 427 3743 ἁγίοις
461 3678 557 3730 καὶ
589 3676 862 3745 θεολόγοις
889 3678 1053 3743 δοκεῖ,
1085 3679 1203 3732 ἔστι
1256 3679 1419 3750 μόνος
1449 3681 1478 3734 ὀ
1505 3681 1637 3745 Θεός
1662 3697 1678 3712 ³
1711 3682 1823 3736 ἐστι

1939 3684 2106 3743 sancti
2160 3684 2206 3738 si
2257 3683 2564 3751 privantur,
2603 3675 2931 3737 tristantur;
2984 3669 3030 3724 si
3073 3668 3384 3729 tristautur,
3413 3680 3515 3717 an-

242 3769 300 3822 δὲ
329 3770 476 3839 χαρά
510 3771 604 3823 καὶ
656 3770 979 3838 ἀγαλλίασις
1014 3772 1110 3824 καὶ
1161 3773 1348 3842 ἔφεσις
1394 3775 1488 3828 καὶ
1533 3775 1818 3844 ἐπιθυμία.

1938 3787 2158 3849 guntur,
2201 3773 2441 3839 huicquc
2474 3783 2633 3822 nemo
2665 3764 3028 3820 contradicet.
3062 3758 3324 3826 Sequitur
3382 3771 3514 3823 ergo

247 3863 314 3913 Οἱ
355 3863 456 3932 μὲν
485 3859 578 3916 οὖν
622 3865 977 3934 στερούμενοι
1009 3864 1103 3917 τοῦ
1136 3867 1366 3933 ἀγαθοῦ,
1401 3869 1495 3921 καὶ
1521 3868 1622 3938 τῆς
1653 3870 1823 3938 χαρᾶς

1937 3845 2238 3926 secundum
2290 3877 2386 3915 vos
2431 3858 2551 3928 angi
2605 3858 2784 3926 justos
2815 3869 2829 3906 :
2864 3859 2920 3906 at
2943 3851 2997 3904 id
3024 3847 3323 3904 absurdum
3343 3845 3513 3913 .plane

247 3959 342 4010 καὶ
395 3957 774 4023 ἀγαλλιάσεως
834 3958 1221 4027 ἀναμφιὸόλως
1275 3958 1616 4029 στεροῦνται.
1651 3962 1716 4013 Οἱ
1774 3961 1823 4016 δὲ

1937 3970 2041 4020 est.
2097 3958 2143 4013 si
2175 3958 2228 4010 in
2266 3951 2556 4025 praesentia
2587 3956 2879 4014 angantur,
2941 3957 3065 3997 cum
3107 3940 3164 3993 in
3197 3951 3430 4006 corpore
3457 3944 3513 3989 et

245 4051 397 4118 ἅγιοι
431 4049 802 4121 στερούμενοι,
837 4053 932 4104 καὶ
957 4051 1280 4105 λυποῦνται.
1323 4052 1385 4104 Et
1416 4052 1472 4104 δὲ
1507 4051 1821 4116 λυποῦνται,

1941 4057 2040 4109 hac.
2066 4050 2397 4122 temporaria
2421 4047 2510 4100 via
2544 4043 2779 4098 multum
2827 4037 3157 4102 laborarint,
3182 4042 3240 4087 ut
3290 4031 3359 4086 ibi
3394 4031 3517 4083 sine

249 4144 547 4211 πάσχουσι,
595 4144 694 4198 καὶ
731 4145 910 4214 τούτῳ
950 4144 1130 4207 οὐδεὶς
1177 4145 1416 4214 ἀντερεῖ.
1458 4146 1694 4200 Ἕπεται
1739 4141 1825 4200 οὖν

1945 4145 2192 4202 molestia
2221 4143 2418 4212 degant
2445 4146 2497 4192 et
2532 4136 2949 4204 conquiescant.
2969 4129 3097 4184 .Sed
3123 4127 3251 4196 quid
3288 4124 3521 4180 ulterius

248 4240 376 4294 καθ’
410 4241 557 4307 ὑμᾶς
611 4241 842 4310 πάσχειν
890 4240 1016 4302 τοὺς
1048 4239 1260 4306 ἁγίους.
1306 4239 1471 4292 Ἀλλά
1520 4238 1682 4293 τοῦτο
1733 4239 1824 4305 μὲι

1941 4243 2126 4297 hostes
2156 4235 2403 4292 veritatis
2434 4231 2643 4286 addunt
2671 4228 2703 4281 ἲ
2725 4228 2980 4282 Fatemur
3031 4227 3213 4291 justos
3255 4221 3309 4274 in
3332 4219 3517 4286 aliquo

243 4333 450 4386 ἄτοπον
476 4349 490 4364 ο
527 4334 676 4394 ὅπως
727 4332 820 4385 καὶ
853 4331 948 4384 νῦν
988 4334 1248 4402 πάσχοιεν
1275 4333 1332 4404 ἐν
1371 4332 1450 4402 τῷ
1493 4331 1708 4400 σώματι
1741 4334 1819 4383 κα¹

1943 4337 2060 4391 loco
2097 4346 2220 4387 esse
2251 4337 2306 4383 et
2339 4326 2720 4395 requiescere,
2752 4321 2852 4374 sed
2883 4317 3175 4372 ineffabilia
3206 4315 3370 4377 bona,
3399 4325 3519 4378 quae

245 4431 315 4496 τῇ
350 4427 462 4496 ζωῇ
494 4428 562 4495 τῇ
614 4425 940 4495 προσκαίρῳ
979 4423 1170 4494 ταύτῃ,
1204 4402 1373 4476 πολλὰ
1423 4423 1712 4486 παθόντες,
1762 4423 1821 4476 ίν¹

1940 4427 2134 4482 oculus
2173 4408 2287 4476 non
2328 4419 2482 4480 vidit,
2511 4431 2610 4470 nec
2641 4413 2791 4467 auris
2815 4409 3042 4470 audivit,
3075 4421 3176 4461 nec
3204 4407 3257 4458 in
3289 4419 3384 4458 cor
3413 4402 3515 4456 h0-

249 4483 373 4575 éiiei
397 4483 631 4582 ἀπαθεῖς
659 4483 1032 4588 ¹μείνιιοσι-καὶ
1084 4483 1534 4569 ἀναπαύσωνται.
1577 4513 1643 4566 Τί
1671 4483 1718 4568 δζ
1747 4508 1825 4568 ἒτι

1943 4518 2107 4575 minis
2130 4512 2404 4574 ascendit,
2436 4508 2676 4563 nondum
2705 4503 2973 4570 recepisse
3001 4500 3071 4552 “.
3092 4498 3190 4552 Hic
3213 4497 3362 4551 subit
3383 4495 3517 4548 mihi

249 4618 420 4682 (pactio
459 4614 509 4667 οῑ
534 4615 632 4681 τῆς
669 4585 932 4680 ἀληθείας
979 4609 1274 4678 πολέμιοι;
1315 4606 1721 4678 Ὀμολογοῢμεν
1747 4609 1825 4660 ὅτι

1939 4612 2293 4666 vehementer
2321 4603 2524 4668 ridere,
2564 4599 2610 4655 si
2645 4599 2811 4652 Deum
2847 4597 2899 4649 in
2929 4592 3066 4647 facie
3095 4591 3370 4659 justorum
3399 4585 3515 4640 ani-

247 4679 300 4762 οἱ
339 4709 486 4778 ἀγιοί
515 4679 656 4761 εἰσιν
686 4707 742 4760 εν
762 4679 769 4680 7
792 4722 900 4758 τινι
929 4703 1079 4772 τόπῳ
1105 4702 1202 4755 καὶ
1251 4700 1624 4756 ἀναπαύονται
1653 4715 1667 4729 ⁶
1699 4699 1823 4753 ἀλλὰ

1941 4719 2040 4759 mae
2067 4701 2311 4761 videant,
2365 4706 2420 4751 et
2473 4691 2735 4747 Trinitati
2785 4697 2840 4744 et
2873 4687 2968 4741 Dei
3023 4687 3224 4738 throno
3254 4681 3373 4736 sine
3404 4679 3517 4733 ullo

247 4803 320 4856 τά
349 4771 640 4871 ἀπόρρητα
671 4797 875 4866 ἀγαθὰ,
910 4814 928 4847 ι
968 4795 1003 4850 ἃ
1031 4771 1310 4865 ὀφθαλμὸς
1335 4793 1434 4847 οὐκ
1467 4788 1595 4856 εἶδε,
1623 4792 1713 4845 καὶ
1742 4787 1823 4853 οὖς

1941 4797 2121 4852 medio
2155 4792 2445 4856 assistant,
2472 4801 2574 4842 nec
2605 4795 2784 4840 tamen
2817 4777 3186 4835 iueffabilibus
3233 4774 3394 4829 bonis
3418 4771 3516 4825 ad-

250 4893 360 4946 ούκ
387 4863 615 4961 ἡκουσε,
643 4863 737 4942 καί.
770 4889 864 4941 ἐπὶ
891 4863 1120 4954 καρδίαν
1149 4884 1440 4954 ἀνθρτλπου
1465 4883 1566 4935 οὐκ
1594 4879 1786 4948 ἀνέϐη,
1811 4896 1826 4929 ι

1940 4891 2044 4943 huc
2073 4887 2451 4958 perfruantur.
2485 4881 2528 4936 Ο
2568 4874 3068 4934 insensibilitatem,
3094 4883 3344 4939 quamam
3369 4863 3516 4920 inef-

249 4956 421 5040 οὔπω.
463 4983 761 5039 ἀπέλαϐον.
805 4982 893 5035 Ἐν
937 4978 1112 5050 τούτῳ
1157 4977 1336 5030 ἔπεισί
1375 4974 1592 5046 μοικαὶ
1628 4972 1825 5042 σφόδρα

1945 4956 2123 5035 l'abilia
2147 4979 2285 5033 bona
2315 4989 2437 5029 esse
2467 4969 2792 5027 existimatis
2829 4966 3047 5020 visione
3111 4962 3205 5016 Dei
3270 4956 3521 5029 majora?

253 5080 426 5150 γελᾷν
450 5093 466 5109 ·
502 5078 586 5130 ὅτι
610 5076 700 5128 τὸν
721 5075 854 5128 Θεὸν
879 5071 1192 5144 καθορῶσαι
1217 5069 1298 5130 είς
1320 5069 1612 5132 πρόσωπον
1643 5065 1698 5117 αἱ
1724 5064 1829 5116 τῶν

1945 5070 2240 5140 Perspicite
2265 5066 2400 5137 quid
2433 5064 2652 5124 dicatis,
2680 5076 2805 5114 nam
2839 5058 2892 5114 id
2920 5054 3257 5124 blasphemia
3279 5051 3521 5106 maxima

256 5143 432 5240 ἀγίῶν
465 5168 658 5240 ψυχαὶ,
691 5167 784 5220 καὶ
823 5143 1234 5234 παριστάμεναι
1265 5162 1330 5230 τῇ
1367 5157 1584 5229 Τριάδι,
1635 5157 1726 5210 καὶ
1757 5155 1832 5225 τῷ

1944 5173 2044 5219 est.
2080 5161 2139 5216 Si
2187 5159 2332 5214 enim
2361 5155 2530 5210 Deum
2567 5154 2621 5206 in
2653 5150 2792 5205 facie
2818 5148 3028 5210 vident,
3061 5143 3204 5220 quod
3227 5155 3390 5195 nemo
3424 5153 3520 5191 nc-

252 5234 354 5319 τοῦ
385 5234 744 5332 Θεοῦνθρόνῳ
787 5246 1186 5330 ἀμέσως,’τῶν
1231 5253 1564 5324 ἀπορρήτων
1613 5249 1828 5318 ἀγαθῶν

1942 5251 2155 5325 gaverit
2185 5261 2451 5316 unquam,
2484 5253 2612 5298 sunt
2642 5250 2822 5293 autem
2846 5245 2900 5291 et
2943 5237 3046 5288 alia
3075 5234 3216 5287 bona
3252 5242 3371 5297 qua.-
3408 5237 3518 5278 non

253 5361 359 5414 οὐκ
404 5319 886 5425 ἀπολαμϐάνουσιν
912 5319 1025 5404 ἔτι..⁷
1043 5350 1106 5402 Ὢ
1135 5351 1234 5418 τῆς
1265 5319 1624 5416 ἀναισθησίας
1651 5345 1664 5398 ι
1703 5345 1829 5396 [Ῑοῖα

1941 5347 2149 5406 vident,
2189 5357 2321 5409 ergo
2355 5339 2558 5407 majora
2589 5350 2650 5388 ea
2697 5333 2792 5386 Dei
2837 5329 3048 5385 visione
3076 5331 3225 5380 sunt.
3278 5321 3334 5374 Si
3370 5319 3517 5373 hunc

255 5448 510 5519 νομίζετε
547 5417 839 5518 ἀπόρρητα
883 5434 1088 5514 ἀγαθά,
1128 5442 1197 5494 τά
1231 5439 1406 5510 μείζω
1439 5437 1540 5507 τῆς
1580 5438 1673 5491 τοῦ
1702 5435 1831 5488 Θεοῦ

1941 5439 2151 5498 vident,
2189 5434 2294 5487 alia
2322 5446 2426 5486 non
2461 5428 2666 5481 vident.
2714 5425 2783 5477 At
2811 5423 2862 5477 id
2895 5418 3071 5489 neque
3096 5417 3370 5470 daemones
3411 5426 3517 5465 un-

254 5504 496 5613 Osinp'ia;
525 5558 539 5608 ;
582 5504 905 5609 Ἐννόησατε
933 5504 986 5591 τί
1019 5504 1245 5606 λέγετε,-
1267 5536 1348 5589 ὅτι
1380 5504 1705 5603 βλασφημία
1743 5545 1830 5598 με·

1942 5543 2106 5599 quam
2155 5526 2422 5579 dicerent.
2481 5515 2663 5605 Quid?
2708 5514 2899 5570 Nonne
2966 5522 3022 5567 et
3058 5510 3250 5564 beatus
3291 5504 3515 5570 Paulus,

257 5597 424 5705 γῖστη
451 5597 618 5688 ἐστίν.
651 5633 714 5686 Et
743 5597 851 5704 γὰρ
883 5631 974 5685 τὸν
1015 5597 1149 5684 Θεδν
1179 5597 1485 5700 ὁρῶσιντείς
1523 5597 1833 5696 πρόσωπον.

1948 5597 2183 5687 ιϐιψίο,
2209 5615 2408 5685 inquit,
2440 5601 2661 5668 dissolvi
2699 5619 2894 5664 etesse
2939 5619 3063 5660 cum
3099 5599 3362 5655 Christo?
3397 5619 3415 5651 ι
3456 5597 3514 5652 Si

340 5814 381 5847 "'
411 5814 433 5868 ι
463 5813 588 5873 Cur.
618 5829 675 5880 ιι,
732 5815 784 5870 9.
