3992 6444
291 350 433 412 ῙΞῙΊ

755 347 907 416 PRO
947 357 1159 422 CONC.
1208 360 1590 426 FLORENT.
1631 370 1794 431 CAP.
1840 373 1943 432 ιν.
1976 373 2073 434 DE
2118 375 2551 434 FllUlTIONE
2592 375 3082 440 SANCTORUM.

3410 383 3545 444 i278

284 462 478 532 ἐπειδὴ
508 464 966 533 προσκρούουσιν.
999 469 1183 534 Οὗτοι,
1211 473 1306 525 καὶ
1331 477 1447 527 εκεῖ
1474 479 1845 546 μεταστάντες

1976 492 2259 550 propterea
2316 484 2572 545 lat'rvntis
2605 486 2775 554 digni.
2826 487 2964 542 Justi
3031 497 3236 552 autem,
3273 490 3385 544 sive
3433 492 3542 554 hic,

285 557 336 609 οί
395 555 590 608 δίκαιοι
649 556 873 626 δηλαδὴ,
924 562 1227 630 μακάριοι,
1294 567 1378 619 ὃτι
1434 569 1571 638 πρὸς
1630 572 1867 638 Χριστὸν

287 648 552 715 ἀπῆλθον.
590 651 653 702 (ιι
703 650 1023 722 ἁμαρτωλοὶ
1057 655 1193 709 ὅπου
1238 657 1306 710 ἂν
1351 653 1479 724 ὦσι,
1529 664 1720 733 πόρρω
1771 664 1866 717 τοῦ

289 741 561 808 βασιλέως
592 743 720 808 εἰσὶ,
753 745 846 806 καὶ
892 745 980 798 διὰ
1010 747 1170 800 τοῦτο
1211 752 1307 804 καὶ
1331 752 1582 822 δακρύων
1618 755 1774 819 ἄξιοι.
1803 759 1866 810 θί

283 833 346 884 δὲ
379 832 602 898 δίκαιοι,
635 834 702 888 ἄν
731 853 786 887 τε
820 837 1076 905 ἐνταῦθα,
1108 841 1173 894 ἄν
1209 843 1256 894 τ’
1298 846 1432 908 ἐκεῖ,
1472 847 1610 912 μετὰ
1643 848 1738 902 τοῦ
1775 848 1866 918 βα-

285 924 481 988 σιλέως
504 926 808 986 εἰσίοκέικεῖ
829 931 1028 996 μᾶλλον
1051 934 1371 1004 ἐγγύτερον
1394 937 1454 990 ού
1479 938 1554 990 δι’“
1570 939 1863 1009 ἐσόπτρου,

281 1017 347 1069 οὗ
375 1019 465 1070 διὰ
499 1020 756 1088 πίστεως,
792 1023 927 1076 ἀλλά
978 1027 1274 1095 πρόσωπον
1308 1032 1444 1098 πρὸς
1482 1033 1800 1102 πρόσωπον.
1839 1054 1857 1086 ι

286 1112 397 1164 Καὶ
425 1112 465 1163 Γ
472 1114 730 1182 ρηγόριος
759 1114 814 1168 δὲ
850 1118 877 1167 ό
905 1116 1164 1186 Θεολόγος
1208 1122 1264 1172 ἐν
1292 1120 1369 1190 τῷ
1408 1123 1548 1176 τέλει
1579 1126 1672 1177 τοῦ
1701 1127 1862 1194 λόγου

280 1200 382 1256 τοῦ
413 1206 490 1267 εἰς
522 1206 614 1258 τὸν
642 1205 798 1274 ἅγιον
830 1210 1174 1278 Κυπριανδν,
1224 1214 1397 1282 φησί·
1434 1233 1452 1265 t
1491 1217 1596 1268 Καὶ
1636 1219 1734 1285 τὴν
1760 1220 1862 1288 τῆς

284 1298 448 1360 ἁγίας
481 1299 710 1368 Τριάδος
741 1300 1034 1370 ἐλλαμψιν,
1066 1299 1132 1377 ἧς
1162 1306 1257 1358 νῦν
1285 1310 1643 1378 παραστάτης
1673 1313 1809 1366 ἐστί.
1838 1331 1856 1365 ι

285 1391 396 1442 Καὶ
444 1390 782 1462 πλατύτερον
815 1396 871 1447 ὲν
906 1395 982 1464 τῷ
1029 1399 1108 1458 εἰς
1149 1397 1248 1469 τὴν
1287 1400 1521 1471 ἀδελφὴν
1571 1404 1860 1471 Μακρίναν

286 1481 593 1551 Γρηγόριος
623 1485 651 1534 δ
682 1484 908 1554 Νύσσης
944 1491 1072 1557 περὶ
1114 1489 1208 1543 τοῦ
1237 1493 1485 1552 τοιούτου
1536 1494 1758 1562 φάσκει.
1803 1495 1861 1551 Ὀ

281 1574 339 1624 δὲ
376 1576 800 1646 Μεταφραστὴς,
822 1582 900 1643 είς
930 1581 1018 1632 τὸν
1047 1582 1163 1652 βίον
1195 1585 1286 1638 τοῦ
1310 1585 1468 1653 ἁγίου
1506 1584 1857 1652 Ἰωαννικίου,

281 1666 424 1734 πρὸς
453 1667 512 1720 τὸ
565 1669 715 1732 τέλος
766 1671 860 1724 τοῦ
910 1673 1093 1741 λόγου,
1141 1673 1285 1732 οὕτω
1346 1678 1644 1748 διαρρήδην
1691 1679 1856 1747 φησί·

290 1778 309 1810 ι
358 1762 464 1813 Καὶ
497 1764 526 1814 ὁ
570 1765 666 1831 μὲν
712 1765 854 1828 θεῖος
901 1768 1252 1832 Ίωαννίκιος,
1309 1771 1388 1838 τῷ
1441 1770 1716 1838 πνεύματι
1760 1768 1859 1836 μὲν

1973 574 2086 627 sive
2129 575 2202 634 ibi
2253 578 2396 644 apud
2453 577 2651 645 Regem
2698 588 2847 643 sunt,
2923 581 3110 646 ibique
3152 583 3323 650 magis
3375 598 3546 651 prope

1971 678 2118 729 sunt,
2154 685 2260 722 non
2295 685 2391 738 per
2416 672 2716 736 speculum,
2745 689 2852 726 non
2892 690 2985 740 per
3029 674 3218 738 ﬁdem,
3274 675 3368 729 sed
3409 677 3546 730 facie

1971 758 2036 818 ad
2063 759 2282 816 faciem.
2334 780 2353 812 ι
2390 763 2454 816 Ει
2489 762 2789 834 Gregorius
2828 765 3139 832 Thcologus
3173 766 3226 819 in
3286 766 3390 821 line
3419 782 3547 822 ora-

1970 851 2132 906 tionis
2185 852 2238 908 in
2295 855 2479 908 divum
2533 856 2866 926 Cyprianum
2930 858 3127 926 inquit,
3167 876 3184 908 ι
3219 858 3282 912 Et
3339 867 3546 913 sancte

1969 944 2259 1000 Trinitatis
2287 948 2662 1016 splendorem,
2681 951 2776 1004 cui
2805 966 2950 1003 nunc
2968 951 3188 1004 assidet.
3223 969 3242 1000 ι
3270 950 3332 1004 Et
3370 950 3544 1004 fusius

1969 1035 2028 1090 in
2061 1039 2313 1092 oratione
2343 1039 2394 1091 iu
2450 1055 2692 1095 sororem
2727 1039 3021 1095 Macrinam
3071 1042 3367 1109 Gregorius
3403 1040 3544 1112 Nys-

1967 1143 2132 1190 S.euus
2163 1129 2229 1180 de
2263 1132 2364 1182 hoc
2417 1132 2630 1186 scribit.
2670 1132 3067 1200 Metaphrastes
3101 1147 3228 1186 vero
3279 1133 3331 1186 in
3365 1133 3542 1187 sancti

1965 1216 2232 1276 Joannicii
2299 1219 2417 1286 fita
2477 1223 2529 1276 in
2568 1222 2672 1278 fine
2705 1224 2970 1278 orationis
3003 1225 3081 1277 sic
3115 1234 3304 1291 aperte
3354 1223 3484 1278 dicit
3524 1243 3538 1276 :

1973 1330 1992 1362 ο
2037 1312 2202 1368 Divus
2229 1313 2550 1370 Joannicius
2581 1317 2775 1386 spiritu
2811 1318 3028 1386 quidem
3081 1319 3146 1371 ad
3192 1300 3316 1372 eum
3377 1334 3538 1385 quem

1965 1404 2234 1486 diligebat
2281 1407 2569 1476 demigrat,
2638 1410 2958 1478 angelorum
2998 1410 3188 1465 choris
3221 1411 3538 1473 comitatus,

1963 1511 2190 1565 corpore
2215 1515 2501 1554 verourna
2529 1499 2825 1554 clauditur.
2846 1520 2864 1551 ι
2913 1501 3243 1562 Methodius,
3275 1501 3364 1569 qui
3401 1500 3541 1554 inter

1965 1590 2308 1655 patriarchas
2349 1591 2478 1644 dum
2528 1591 2732 1644 viveret
2781 1607 3036 1656 maguum
3094 1592 3276 1644 lumen
3315 1591 3537 1653 effulsit,

1964 1690 2086 1748 post
2111 1689 2236 1737 0cm
2270 1697 2483 1736 menses
2529 1682 2596 1734 ab
2635 1681 2753 1750 ejus
2805 1691 2982 1736 morte
3027 1683 3280 1747 decessit,
3336 1682 3405 1736 Hi
3455 1681 3542 1734 die

1969 1771 2207 1824 instante
2241 1770 2414 1826 Junii.
2441 1770 2569 1837 Qua!
2592 1783 2722 1827 sunt
2747 1773 2914 1841 igitur
2937 1788 2997 1827 ca
3027 1789 3146 1842 qua:
3177 1781 3298 1842 post
3329 1772 3538 1827 obitum

285 1851 423 1920 πρὸς
461 1853 520 1906 δν
554 1854 746 1922 ἠγάπα
796 1862 1118 1929 μεταφοιτᾷ,
1180 1865 1366 1932 χοροῖς
1399 1861 1649 1930 ἀγγέλων
1678 1878 1853 1930 παραγ·

1970 1861 2138 1931 hujus
2174 1863 2517 1924 admirabilis
2575 1863 2847 1920 Joannicii
2889 1864 3283 1934 contigerunt?
3316 1862 3542 1918 Fracto-

280 1945 634 2013 πεμπόμενος
660 1961 674 1977 ·
709 1947 786 2016 τῷ
831 1948 1046 2018 σώματι
1093 1952 1170 2015 δὲ,
1229 1954 1375 2023 σορῷ
1429 1955 1799 2020 κατατίθεται.
1831 1975 1850 2007 ι

279 2038 542 2100 Μεθόδιος
563 2040 620 2092 δὲ
650 2041 677 2090 ὀ
705 2040 955 2109 λαμπρὸν
984 2044 1205 2113 λάμψας
1237 2046 1350 2115 βίον
1376 2050 1432 2100 ἐν
1465 2049 1853 2116 πατριάρχαις,

280 2130 423 2198 μετὰ
467 2133 644 2199 μῆνας
683 2134 778 2188 καὶ
807 2131 960 2198 οὗτος
993 2135 1136 2190 ὀκτὼ
1181 2138 1280 2206 τῆς
1333 2139 1545 2192 ἐκείνου
1573 2141 1854 2207 τελευτῆς,

277 2225 514 2292 ἀπεὸίω,
565 2229 1174 2300 τεσσαρεσκαιδεκάτης
1217 2233 1578 2302 ἐνισταμένης
1608 2233 1683 2302 τῷ
1727 2235 1854 2288 Ἰου-

276 2317 399 2386 νίῳ.
430 2315 562 2370 Τίνα
599 2317 731 2384 γοῦν
758 2319 826 2371 τὰ
857 2321 1000 2374 κατὰ
1023 2321 1122 2389 τὴν
1153 2323 1433 2390 τελευτὴν,
1469 2327 1562 2378 καὶ
1593 2324 1732 2392 μετὰ
1757 2325 1860 2394 τὴν

276 2411 539 2481 τελευτὴν
588 2410 682 2464 τοῦ
728 2410 1042 2482 θαυμαστοῦ
1077 2415 1268 2468 τούτου
1329 2416 1659 2472 Ἰωαννικίου
1695 2434 1856 2484 γεγε-

273 2504 528 2570 νημένα;
568 2505 922 2574 παρειμένων
961 2508 1276 2576 συσφίγξεις
1337 2510 1536 2578 μελῶν,
1574 2510 1854 2576 ἄνθρωποι

277 2597 533 2665 πονηρῶν
577 2598 1052 2667 ἀπαλλαττόμενοι
1104 2602 1440 2671 πνευμάτων
1491 2603 1654 2669 μόνον
1701 2606 1747 2656 εί
1785 2605 1851 2671 τῇ

274 2690 488 2741 ἐκείνου
519 2687 664 2758 σορῷ
693 2691 1066 2760 προσέλθοιεν.
1102 2693 1213 2747 Καὶ
1258 2693 1375 2756 πῶς
1422 2693 1532 2765 γὰρ
1557 2695 1656 2748 οὐκ
1693 2695 1854 2761 ἔμελ·

273 2781 366 2832 λεν
393 2783 420 2834 ὁ
458 2780 784 2844 Ἰωαννίκιος
817 2783 1080 2848 τοιούτοις
1133 2786 1228 2838 καὶ
1265 2788 1403 2853 μετὰ
1433 2788 1664 2841 θάνατον
1693 2786 1852 2850 605a-

273 2876 495 2945 σθῆναι,
524 2873 584 2928 οὗ
635 2874 736 2942 τὴν
766 2875 1038 2946 ἐκδημίαν
1087 2878 1282 2940 στύλος
1313 2879 1486 2948 πυρὸς
1531 2880 1644 2941 τοῖς
1686 2880 1743 2931 ὲν
1775 2879 1854 2946 τῷ

271 2969 398 3022 κατ’
430 2969 716 3036 Ὄλυμπον
750 2969 865 3038 δρει
897 2969 1125 3038 harpen;
1161 2969 1222 3022 οὗ
1271 2971 1704 3042 προεπορεύοντο
1755 2971 1854 3039 ἄγ-

273 3061 423 3128 γελοι
460 3059 635 3121 πύλας
659 3062 1020 3128 διανοίγοντες
1053 3061 1202 3130 αύτῷ
1233 3063 1332 3126 τὰς
1361 3065 1455 3116 τοῦ
1492 3065 1848 3132 παραδείσου,

1967 1969 2086 2007 rmn
2114 1955 2581 2013 consolidatioues
2612 1957 3005 2021 membrorum,
3029 1956 3251 2025 quidam
3304 1971 3332 2008 a
3357 1956 3553 2028 pravis

1965 2044 2304 2100 lla-monibus
2333 2045 2543 2100 libenati
2576 2055 2726 2112 sunt,
2765 2062 2888 2104 cum
2911 2046 3128 2116 adejus
3164 2055 3373 2100 tantum
3427 2061 3544 2097 mo-

1966 2149 2288 2192 numentum
2312 2138 2698 2193 accessissent.
2729 2137 2798 2192 Et-
2820 2155 2928 2206 q-uo
2963 2147 3126 2208 pacto
3159 2147 3292 2207 post
3323 2137 3536 2192 obitum

1966 2238 2179 2298 poterat
2223 2228 2544 2284 Joanuicius
2597 2229 2697 2282 hac
2725 2231 2895 2299 gloria
2953 2231 3200 2299 spoliari,
3238 2228 3395 2296 cujus
3427 2231 3541 2280 dis-

1963 2336 2182 2376 cessum
2217 2322 2472 2375 columna
2507 2322 2654 2391 iguis
2688 2323 2830 2390 apud
2869 2333 3106 2376 montem
3143 2321 3428 2392 Olympum
3462 2321 3538 2374 si-

1963 2412 2472 2481 gnificavit?quem
2529 2412 2704 2481 angeli
2743 2410 3130 2478 praecedebant-
3171 2411 3405 2478 paradisi
3455 2409 3540 2478 ja-

1963 2521 2101 2561 nnas
2123 2505 2452 2574 aperientes.
2484 2515 2537 2559 et
2567 2507 2620 2559 in
2678 2506 2957 2559 caelestem
3006 2503 3405 2558 beatitudinem
3445 2503 3540 2556 de-

1963 2599 2225 2653 d-ucentes
2280 2609 2338 2654 ut
2395 2599 2716 2668 purificatus
2786 2599 2847 2652 in.
2906 2604 3260 2665 conspectum
3321 2595 3539 2649 Domini

1963 2691 2280 2759 perveniret
2307 2700 2362 2746 et
2423 2706 2547 2746 cum
2592 2691 2910 2759 angelorum
2969 2691 3255 2744 ordinibus
3298 2702 3543 2742 versare-

1962 2792 2070 2847 tur,
2102 2799 2132 2838 a
2167 2784 2370 2852 quibus
2401 2784 2557 2837 beata
2618 2783 2863 2837 Trinitas
2903 2782 3240 2852 gloriﬁcatur
3287 2789 3342 2834 et
3393 2779 3541 2833 exal-

1964 2883 2110 2928 tatur
2160 2869 2306 2930 nunc
2360 2885 2414 2930 et
2450 2878 2506 2930 in
2565 2875 2895 2940 sempiterna
2947 2875 3141 2930 saecula
3188 2872 3534 2928 smculorum.

1960 2969 2156 3023 Amen.
2192 2984 2213 3020 ι
2270 2967 2452 3033 Vides,
2514 2970 2694 3038 tu,qui
2749 2967 3100 3032 contratlicis,
3163 2966 3306 3037 quod
3358 2965 3536 3034 angeli

1961 3059 2360 3128 praecedebant,
2399 3067 2452 3113 et
2481 3059 2604 3113 (ταιιὶ
2634 3059 2832 3123 januas
2863 3059 2964 3128 ipsi
2995 3059 3334 3127 aperiebant,
3377 3065 3432 3109 ct
3470 3056 3538 3108 ad

275 3159 373 3209 καὶ
401 3155 539 3224 πρὸς
585 3154 683 3224 τὴν
713 3155 925 3207 ἐκεῖθεν
981 3153 1364 3223 μακαριότητα
1403 3154 1812 3216 διαϐιϐάζοντες
1835 3173 1848 3187 ο

1959 3151 2239 3206 caelestem
2295 3150 2685 3206 beatitudinem
2741 3150 3113 3220 perducebant
3135 3167 3157 3216 ;-
3213 3165 3324 3217 quo
3381 3158 3538 3216 pacto

273 3248 532 3319 καθαρῶς
583 3247 1131 3317 ὲμφανισθησόμενον
1165 3245 1244 3313 τῷ
1285 3245 1562 3315 προσώπῳ
1616 3249 1845 3317 Κυρίου,

269 3344 366 3394 καὶ
393 3340 709 3410 ἀγγελικαϊς
765 3339 1126 3407 συνεσόμενον
1157 3336 1399 3400 τάξεσιν,
1434 3337 1538 3405 ὑφ’·
1563 3333 1638 3390 ὢν
1672 3341 1704 3409 ἡ
1744 3357 1850 3408 μα-

268 3435 445 3504 καρία
499 3434 672 3503 Τριὰς
717 3431 1004 3498 δοξάζεται
1036 3431 1131 3482 καὶ
1186 3429 1574 3499 μεγαλύνεται,
1626 3430 1721 3484 νῦν
1756 3431 1852 3484 καὶ

268 3533 351 3591 εἰς
386 3529 510 3588 τοὺς
551 3526 943 3594 ἁτελευτήτους
975 3525 1177 3587 αίῶνας
1212 3524 1321 3583 τῶν
1367 3524 1604 3588 αἰώνων,
1641 3525 1843 3592 ἀμήν,ι

279 3623 448 3690 Ὀρᾷς
487 3623 514 3672 ὁ
546 3620 864 3682 ἀντιλέγων,
901 3620 986 3671 ὅτι
1016 3617 1238 3684 ἄγγελοι
1267 3617 1720 3688 προεπορεύοντο,
1757 3621 1852 3672 καὶ

271 3715 372 3774 τὰς
423 3710 517 3765 τοῦ
554 3711 888 3779 παραδείσου
920 3709 1094 3774 πύλας
1136 3709 1287 3778 αὐτῷ
1342 3709 1675 3773 ἀνοίγοντες,
1713 3709 1859 3788 πρὸς·

271 3807 374 3874 τὴν
405 3804 612 3856 ἐκεῖθεν
639 3801 946 3866 διεόίϐαξον
980 3801 1355 3869 μακαριότητα
1379 3819 1391 3866 ;
1427 3801 1546 3862 Πῶς
1573 3802 1710 3864 ὅλως
1734 3801 1851 3855 τολ-

275 3899 415 3965 μᾶτε
448 3895 753 3962 ἀντιλέγειν
782 3893 1059 3953 τοσούτοις
1093 3892 1438 3953 διδασκάλοις
1469 3892 1572 3960 τῆς
1624 3892 1852 3963 Ἐκκλη-

273 3988 426 4053 σίας;
481 3987 551 4039 Ὀ·
594 3985 651 4038 δὲ
712 3982 1225 4052 προμνημονευθεὶς
1280 3981 1421 4043 θεῖος
1472 3982 1775 4052 Γρηγόριος
1821 3984 1850 4034 ὁ

271 4079 547 4144 Διάλογος,
579 4081 608 4130 ὁ
635 4077 735 4144 τῆς
767 4073 1152 4144 πρεσϐυτέρας
1201 4072 1422 4143 Ῥώμης
1447 4075 1756 4144 ἀρχιερεὺς,
1791 4077 1850 4128 ἐν

267 4170 348 4238 τῷ
381 4169 624 4239 τετάρτῳ
675 4167 876 4236 βιϐλίῳ
914 4165 1032 4218 τῶν.
1065 4164 1374 4232 ᾼιαλόγων,
1431 4168 1490 4218 ἐν
1542 4171 1665 4229 ταῖς
1714 4166 1850 4232 πρὸς

270 4263 478 4330 Πέτρον
532 4259 626 4314 τὸν
685 4258 1066 4331 ἀρχιδιάκονον
1117 4259 1284 4311 αὐτοῦ
1337 4261 1665 4328 ἀποκρίσεσι
1722 4260 1852 4329 περὶ

265 4355 478 4413 τούτου,
525 4354 752 4408 τοιαῦτα
808 4352 980 4421 λέγει.
1028 4370 1046 4404 ι
1094 4354 1322 4421 Πέτρος.
1395 4352 1646 4422 Ἀρέσκει
1691 4351 1719 4404 δ
1762 4353 1852 4404 λέ-

267 4465 403 4513 γεις.
451 4446 612 4499 Ἀλλὰ
639 4446 844 4515 γνῶναι
879 4445 1040 4510 θέλω,
1087 4447 1185 4498 ἐὰν
1212 4445 1308 4499 νῦν
1339 4446 1446 4516 πρὸ
1501 4447 1598 4515 τῆς
1647 4445 1850 4517 ἀπολή-

1957 3253 2036 3296 tot
2103 3251 2160 3296 et
2197 3244 2366 3296 tantis
2395 3242 2656 3297 Ecclesia:
2681 3246 2995 3298 doctoribus
3039 3243 3269 3298 ornttino
3318 3251 3540 3295 contra-

1953 3335 2140 3390 dicere
2185 3336 2438 3390 audetis?
2465 3336 2632 3392 Divus
2680 3337 2976 3407 Gregorius
3044 3336 3328 3405 Dialogus,
3381 3334 3540 3399 cujus

1965 3437 2126 3481 antea
2164 3429 2537 3492 meminimus,
2572 3431 2773 3484 veteris
2799 3430 2983 3484 Romze
3010 3430 3269 3499 pontifex,
3331 3429 3426 3482 lib.
3488 3439 3541 3479 tv

1966 3515 2340 3584 Dialogorum,
2376 3519 2428 3574 iu
2466 3521 2918 3588 responsionibus
2946 3521 3013 3575 ad
3037 3521 3259 3576 Petrum
3289 3521 3408 3588 ejus
3454 3533 3541 3572 ar-

1952 3608 2362 3671 chidiaconum,
2401 3626 2568 3678 super
2632 3613 2731 3664 hac
2776 3627 2835 3664 re
2890 3612 2965 3665 ita
3016 3613 3151 3665 dicit
3189 3629 3202 3666 :
3239 3631 3259 3662 ε
3301 3612 3542 3668 Petrus:

1954 3701 2140 3762 Placet
2175 3703 2320 3768 quod
2349 3703 2511 3763 dicis,
2571 3702 2666 3757 sed
2700 3717 2866 3756 nosse
2897 3702 3093 3755 vellem
3131 3703 3174 3756 si
3213 3719 3358 3756 nunc
3412 3712 3540 3759 ante

1953 3795 2353 3850 restitutionem
2385 3796 2656 3864 corporis,
2702 3794 2756 3848 in
2791 3796 2932 3849 coelo
2966 3794 3134 3862 recipi
3170 3795 3388 3847 valeant
3416 3797 3532 3847 ani-

1951 3901 2052 3941 ma:
2083 3889 2373 3954 iustorum.
2413 3887 2525 3941 lioc
2553 3903 2734 3957 neque
2764 3887 2830 3942 de
2883 3885 3141 3939 omnibus
3170 3885 3344 3954 justis
3378 3884 3537 3940 fateri

1953 3995 2273 4049 possumus,
2325 3995 2502 4050 neque
2531 3981 2596 4035 de
2639 3979 2898 4035 omnibus
2951 3993 3188 4046 negare;
3225 3993 3350 4030 nam
3407 3987 3538 4032 sunt

1953 4074 2322 4143 quorumdam
2356 4075 2635 4143 justorum
2665 4073 2863 4126 animm
2888 4089 3010 4142 quae
3042 4087 3072 4126 a
3117 4070 3326 4126 caelesti
3369 4086 3536 4139 regno

1952 4152 2288 4236 quibusdam
2327 4166 2506 4221 adhuc
2541 4167 2923 4221 mansionibus
2979 4165 3237 4220 differunt
3272 4181 3286 4219 :
3338 4168 3391 4220 in
3423 4183 3532 4234 quo

1953 4258 2237 4315 dilationis
2258 4261 2461 4314 damno
2499 4258 2628 4327 quid
2663 4258 2808 4313 aliud
2848 4258 3112 4320 inanitur,
3146 4259 3250 4312 nisi
3280 4259 3423 4328 quod
3466 4259 3534 4312 de

1957 4352 2196 4421 perfecta
2227 4350 2437 4417 iustitia
2464 4352 2668 4420 aliquid
2697 4352 2878 4404 minus
2901 4351 3229 4404 habuerunt.
3258 4351 3531 4402 Ettamen

1956 4449 2080 4504 luce
2110 4449 2317 4504 clarius
2344 4458 2560 4503 constat
2589 4448 2715 4516 quia
2762 4446 3130 4515 perfecturum
3178 4447 3375 4498 animae
3407 4459 3532 4497 mox

264 4543 414 4611 ψεως
451 4542 561 4593 τῶν
597 4539 890 4608 σωμάτων,
929 4532 1005 4590 ἐν
1051 4537 1129 4606 τῷ
1174 4537 1393 4605 οὐρανῷ
1444 4535 1847 4604 προσδεχθῆναι

1959 4552 2014 4596 ιιι
2043 4543 2204 4612 hujus
2237 4542 2419 4596 carnis
2465 4540 2703 4593 claustra
2742 4546 2963 4602 exeunt,
3000 4539 3051 4590 in
3105 4537 3342 4591 cmlestis
3384 4539 3534 4604 regni

265 4636 528 4687 δύνωνται
553 4634 607 4684 αί
635 4631 807 4700 ψυχαὶ
840 4630 950 4682 τῶν
981 4630 1230 4682 δικαίων.
1253 4648 1270 4680 ι
1296 4628 1617 4698 Γρηγόριος.
1647 4625 1850 4680 «Τοῦτο

209 4710 234 4720 ’
265 4726 392 4778 οὔτε
443 4727 574 4792 περὶ
628 4727 844 4778 πάντων
883 4723 993 4776 τῶν
1046 4722 1273 4776 δικαίων
1327 4723 1506 4774 εἰπεῖν
1546 4721 1846 4789 δυνάμεθα,

265 4815 391 4869 οὔτε
447 4816 636 4868 πάλιν.
675 4811 962 4875 παντελῶς
1017 4811 1388 4882 ἀρνήσασθαι.
1427 4811 1549 4864 Εἰσὶ
1583 4809 1684 4878 μὲν
1737 4811 1847 4878 γὰρ

263 4909 488 4962 δικαίων
519 4908 680 4960 τινῶν
713 4907 907 4976 ψυχαὶ,
945 4905 1149 4965 αῐτινες
1177 4905 1241 4956 ἐκ
1267 4904 1366 4966 τῆς
1391 4903 1724 4971 ἐπουρανίου
1752 4902 1851 4971 βα-

268 5001 496 5063 σιλείας,
522 4999 644 5050 τισὶΓ
665 5000 852 5058 μοναίς
879 4995 1206 5048 διίστανται.
1240 4995 1350 5061 Ὶῖἦς
1387 4993 1454 5052 δὲ.
1487 4993 1688 5062 ζημίας
1715 4993 1849 5045 ταύ-

266 5106 362 5156 της
392 5088 493 5158 τὴν
522 5087 775 5152 δήλωσιν,
806 5087 859 5140 τί
886 5087 1075 5155 ἕτερον
1103 5085 1396 5150 δείκνυσιν,
1429 5087 1487 5147 εἱ-
1519 5085 1595 5155 μὴ
1635 5086 1715 5138 ὅτι
1746 5085 1848 5152 τῆς

260 5179 558 5248 ὁλοκλήρου
617 5177 986 5247 δικαιοσύνης,
1073 5177 1300 5245 ἔλλειμα
1354 5180 1408 5231 τί
1462 5195 1594 5232 ποτε
1645 5181 1802 5247 ἔσχον
1830 5194 1845 5244 ;

264 5271 390 5322 ἐπεὶ
437 5270 660 5334 ὅτιτῶν
689 5269 1131 5338 τετελειωμένων
1174 5271 1398 5322 δικαίων
1425 5272 1484 5332 αἱ
1524 5271 1717 5340 ψυχαὶ,
1754 5271 1845 5323 εύ-

270 5362 413 5424 οέως
441 5363 608 5428 ἡνίκα
640 5364 705 5414 ὲκ
738 5362 847 5416 τῶν
887 5363 985 5431 τῆς
1014 5363 1216 5432 σαρκὸς
1253 5363 1860 5434 κλείθρωνὲξέλθωσιν⁴

262 5453 321 5510 ἑν
347 5455 466 5516 ταῖς
507 5455 786 5524 οὐρανίαις
819 5455 1112 5526 καθέδραις
1161 5455 1550 5525 ὑποδέχονται,
1600 5455 1849 5525 φανερώ-

260 5561 424 5614 τερον
452 5547 545 5598 τοῦ
585 5546 763 5614 φωτὸς
798 5547 1166 5616 καθέστηκεν.
1201 5549 1354 5616 Αὐτὴ
1383 5546 1490 5616 γὰρ
1523 5548 1554 5616 ή
1615 5547 1847 5617 ἀλήθεια

260 5635 332 5690 δι’
361 5637 563 5706 ἑαυτῆς
591 5641 865 5708 μαρτυρεί
885 5639 1146 5708 λέγουσα,
1179 5640 1354 5693 Ὅπου
1382 5639 1443 5692 τὸ
1477 5638 1704 5708 πτῶμα,
1732 5639 1850 5702 ἐκεῖ

260 5728 696 5797 συναχθήσονται
753 5733 848 5784 καὶ
891 5734 940 5783 οἱ
997 5734 1188 5785 ἀετοί·
1259 5732 1561 5793 τουτέστιν,
1597 5733 1679 5784 ὅτι
1719 5732 1846 5784 ἔνθα

261 5822 426 5886 miti;
459 5824 486 5876 ὁ
537 5825 817 5894 λυτρωτὴς
869 5826 1024 5896 ἡμῶν
1063 5827 1155 5880 σὺν
1188 5829 1250 5897 τῇ
1303 5822 1530 5898 σαρκὶῄ
1585 5826 1854 5879 ἀνέλαϐεν.

1952 4635 2176 4689 sedibus
2206 4633 2571 4702 recipiuntur,
2606 4648 2624 4681 ι
2669 4631 2812 4697 quod
2847 4631 3046 4698 et'ipsa
3085 4644 3181 4697 per
3229 4643 3288 4683 se
3321 4629 3536 4683 Veritas

1952 4734 2182 4787 teatatur
2213 4725 2401 4779 dicens
2442 4739 2456 4780 :
2509 4743 2527 4774 ι
2566 4722 2892 4790 Ubicunque
2941 4720 3106 4774 fuerit
3152 4736 3371 4798 corpus,
3425 4721 3534 4776 illic

1951 4817 2428 4888 congregabuntur
2451 4823 2504 4870 et
2527 4816 2756 4884 aquilte;
2791 4813 2914 4882 quia
2937 4813 3025 4866 ubi
3060 4814 3174 4879 ipse
3198 4812 3536 4881 Redemptor

1959 4924 2146 4963 uomer
2173 4917 2262 4964 est
2285 4924 2535 4977 corpore,
2591 4908 2704 4960 illic
2759 4906 2944 4974 procul
2998 4905 3165 4958 dubio
3197 4905 3536 4974 colliguntur

1945 5001 2475 5070 just-orumanimae.
2511 5017 2528 5050 ι
2569 4999 2636 5054 Ει
2668 4999 2891 5064 Paulus,
2931 5016 2949 5049 ι
2983 4997 3156 5065 Cupio
3201 4997 3450 5062 dissolvi,
3479 5006 3533 5051 et

1951 5108 2074 5147 esse
2122 5107 2246 5145 cum
2283 5091 2522 5144 Christo.
2562 5109 2588 5142 ι
2624 5089 2739 5155 Qui
2783 5105 2917 5158 ergo
2976 5089 3261 5144 Christum
3312 5104 3434 5143 esse
3475 5089 3528 5141 in

1951 5182 2092 5237 coelo
2125 5191 2303 5250 negat,
2341 5182 2432 5250 qui
2467 5182 2631 5235 etiam
2669 5182 2736 5236 de
2761 5181 3128 5236 dissolutione
3169 5183 3252 5236 sui
3283 5181 3528 5246 corporis

1951 5283 2124 5342 atque»
2149 5274 2548 5328 inhabitatione
2579 5274 2819 5328 caelestis
2841 5273 3172 5341 patriaedicit
3204 5290 3216 5325 :
3252 5289 3272 5323 ι
3305 5273 3525 5325 Scimus

1949 5366 2208 5434 quoniam
2252 5364 2294 5416 si
2323 5365 2600 5419 terrestris
2631 5365 2826 5418 domus
2881 5372 3063 5417 nostra
3115 5360 3528 5429 hujushabita-

1953 5458 2122 5516 tionis
2156 5457 2511 5518 dissolvatur,
2540 5458 2683 5526 quod
2703 5457 3121 5511 aedificationem
3165 5454 3432 5508 habemus
3457 5468 3524 5506 ex

1954 5551 2088 5614 Deo,
2127 5551 2358 5602 domum
2384 5564 2488 5602 non
2528 5565 2687 5604 manu
2739 5549 2959 5612 factam,
3022 5547 3114 5602 sed
3151 5554 3411 5600 aeternam
3469 5548 3532 5601 ii-t‘

1949 5641 2125 5700 enatis.
2159 5661 2186 5692 ι.
2208 5641 2359 5696 Nosti
2407 5657 2561 5711 ergo,
2627 5642 2718 5695 vel:
2743 5643 2967 5708 audisti,
3006 5641 3148 5710 quid
3176 5641 3265 5695 hic
3296 5651 3527 5697 sanctus

1955 5735 2126 5796 dicat,
2171 5734 2316 5803 quod
2348 5751 2471 5788 cum
2500 5736 2820 5804 primum-ex
2867 5736 2968 5790 hac
2999 5736 3107 5791 vita
3139 5737 3312 5788 sancti
3339 5735 3525 5790 deces-

1954 5827 2150 5892 serint,
2188 5826 2438 5882 Videlicet
2490 5827 2761 5896 justorum
2814 5826 3182 5897 peric-ctutum
3226 5827 3420 5882 auium
3454 5826 3538 5883 ad.
