3992 6470
513 360 651 426 ῙΞἯ)

1699 359 2023 420 IOSEPHI
2063 361 2114 420 Μ
2129 358 2384 420 ETHON
2397 357 2613 417 ENSIS

3586 352 3697 416 1280

506 471 760 524 cmlestes
808 468 965 523 sedes
1018 476 1072 521 ct
1136 466 1448 524 mansiones
1497 468 1838 524 deferuntur.
1899 470 1941 523 Α
1970 485 2079 539 quo

2188 473 2443 542 ὑπάρχει,
2494 470 2611 522 ἐκεῖ
2657 465 3001 526 ἀδιστάκτως
3058 463 3481 533 συναχθήσονται
3521 465 3572 516 αι
3614 465 3704 518 τῶν

509 562 678 630 igitur
702 562 955 629 egregius
997 562 1084 615 ille
1106 560 1372 631 Ephesius
1393 561 1585 617 didicit
1631 561 1771 630 quod
1804 576 1979 629 usque
2007 561 2074 615 ad

511 651 873 707 universalem
930 653 1383 708 resurrectionem
1433 654 1676 722 recipere
1713 668 1819 707 non
1878 652 2079 709 debent

508 746 783 815 justorum
816 740 1368 814 anim:e?0portebat
1430 744 1577 799 enim
1622 759 1769 811 eum,
1820 760 1945 798 cum
1998 745 2081 798 vir

512 836 764 891 eruditus
795 845 959 896 esset.
993 851 1099 889 non
1151 835 1224 890 ita
1275 844 1459 904 aperte
1488 835 1772 891 doctorum
1825 835 2081 893 Ecclesia!

512 928 671 983 dictis
692 927 1014 992 adversari,-
1053 927 1164 983 imo
1196 927 1301 981 sibi
1328 928 1431 996 ipsi
1489 928 1821 983 contradicit
1849 944 1861 981 :
1893 928 1946 982 in
1972 927 2084 997 epi-

514 1020 651 1074 stola
700 1019 763 1071 ad
814 1033 1005 1073 omnes
1046 1028 1232 1088 gentes
1275 1031 1329 1074 et
1380 1020 1589 1076 insulas
1638 1022 1801 1075 missa
1867 1021 2083 1091 penitus

515 1112 826 1167 fruitiouem
884 1121 1198 1167 sanctorum
1241 1121 1423 1178 negat,
1477 1113 1566 1167 ubi
1616 1113 1850 1168 scribit:
1896 1132 1911 1163 ι
1948 1112 2082 1180 Nos,

514 1213 736 1259 sanctos
766 1219 942 1273 neque
976 1220 1225 1274 paratum
1267 1204 1371 1259 sibi
1400 1222 1622 1275 regnum
1659 1213 1755 1260 aut
1786 1205 2083 1260 iueﬂ‘ahilia

516 1297 655 1350 bona
683 1296 947 1364 recipere,
978 1310 1155 1360 neque
1172 1305 1485 1366 peccatores
1516 1296 1568 1351 in
1592 1297 1893 1365 gehennam
1934 1298 2086 1352 abire

516 1387 850 1442 amrmamus
876 1386 1006 1452 ;sed
1039 1394 1304 1457 utrosque
1330 1403 1483 1443 suam
1510 1399 1875 1458 sortem,qu:e
1905 1387 2086 1445 futura

516 1488 624 1540 est.
659 1488 782 1547 post
835 1480 1286 1535 resurrectionem
1319 1492 1373 1535 et
1414 1480 1681 1549 judicium
1710 1490 2081 1550 exspectare»

522 1569 631 1624 Hoc
663 1570 805 1634 loco,
839 1578 899 1624 ut
919 1569 1396 1633 vides,manit‘este
1429 1580 1743 1625 sanctorum
1773 1570 2084 1626 fruitionem

521 1674 700 1733 negat.
729 1667 797 1718 At
835 1664 888 1719 in
920 1667 1171 1721 oratione
1230 1662 1393 1736 quani
1426 1666 1473 1721 is
1508 1665 1560 1721 in
1602 1666 1711 1720 divi
1750 1666 1880 1720 Elia:
1933 1681 2085 1721 com-

2180 562 2350 629 ἀγίων
2378 560 2570 631 ψυχαί.
2611 559 2722 612 Καὶ
2762 560 2789 610 ό
2823 554 3036 620 Παῦλος
3067 554 3122 609 δὲ
3176 553 3436 624 ἐπεθύμει
3479 552 3708 607 ἀναλῦσαι

2178 655 2270 710 καὶ
2313 656 2407 707 σὺν
2439 652 2657 722 Χριστῷ
2689 644 3045 712 εἴ·ιαι.⁶⁸οστις
3079 643 3174 701 οῦν
3206 645 3442 717 Χριστὸν
3482 646 3538 698 έν
3567 645 3710 716 οὐρα-

2180 750 2289 810 νοῖς
2324 746 2592 816 ὑπάρχειν
2638 744 2738 795 οὐκ
2790 742 3033 805 ἀπιστεῖ,
3072 737 3193 793 οὐδὲ
3244 737 3341 805 τήν
3388 734 3481 787 τοῦ
3528 735 3713 789 Παύλου

2178 839 2379 911 ψυχὴν,
2411 839 2472 890 ὲν
2521 834 2600 906 τῷ
2634 832 2851 904 οὖρανῷ
2884 832 3157 901 ὑπάρχειν
3205 829 3521 899 ἀρνήσεται.
3570 826 3717 888 Aine;

2180 931 2286 1000 γάρ
2315 930 2441 999 περὶ
2472 927 2571 996 τῆς
2604 923 2701 980 τοῦ
2738 925 2991 995 σώματος
3022 920 3315 983 διαλύσεως
3347 921 3440 972 καὶ
3468 917 3563 986 τῆς
3592 918 3643 968 ὲν
3667 918 3722 985 τῇ

2182 1021 2493 1092 ἐπουρανίῳ
2542 1018 2764 1090 πατρίδι
2809 1017 3098 1079 κατοικίας
3145 1016 3334 1083 λέγει’
3366 1013 3596 1080 Οἴδαμεν
3634 1009 3726 1077 γάρ

2183 1116 2264 1169 ὅτι
2299 1116 2392 1167 έάν
2446 1114 2479 1183 ἡ
2521 1110 2760 1178 ἐπίγειος
2795 1110 2951 1178 ήμῶν
2984 1107 3131 1159 οἰκία
3178 1105 3276 1158 τοῦ
3321 1105 3556 1171 σκήνους
3581 1117 3731 1153 κατα-

2182 1208 2338 1278 λυθῇ,
2373 1204 2803 1277 ᾠκοδομημένην
2828 1201 2893 1252 ὲκ
2926 1196 3064 1251 Θεοῦ
3097 1197 3298 1267 ἔχομεν
3328 1193 3507 1246 οίκίαν
3542 1192 3731 1260 ἀχειρο-

2184 1298 2406 1365 ποίητον
2453 1293 2670 1348 αἰώνιον
2708 1296 2766 1345 ὲν
2814 1292 2931 1354 τοῖς
2984 1290 3255 1357 οὐρανοῖς.
3297 1305 3314 1337 ι
3368 1281 3533 1350 Οἶδας
3575 1283 3728 1352 άραή

2184 1389 2423 1459 ήκουσας
2450 1387 2505 1438 τί
2547 1402 2713 1455 φησιν
2751 1376 2904 1446 οὗτος
2950 1383 2978 1435 ὁ
3007 1381 3181 1449 ἅγιος,
3216 1381 3298 1432 ὃτι
3347 1379 3554 1439 εὐθέως
3597 1374 3731 1443 ήνίκα

2187 1482 2251 1534 ὲκ
2284 1479 2377 1535 τοῦ
2393 1478 2512 1550 βίου
2540 1477 2735 1531 τούτου
2783 1474 3159 1544 ἀναχωροῦσιν
3179 1472 3230 1525 oi
3255 1467 3621 1539 ἀγιοι,ἧτοιαί
3639 1467 3730 1519 τῶν

2186 1570 2556 1641 τελειωμινων
2584 1567 2810 1622 δικαίων
2837 1565 3028 1633 ψυχαὶ,
3063 1565 3120 1616 ὲν
3142 1564 3262 1625 ταῖς
3296 1559 3584 1628 οὐρανίαις
3615 1558 3733 1611 καθ-

2188 1665 2371 1735 έδραις
2396 1664 2493 1717 καὶ
2534 1664 2722 1733 μοναῖς
2749 1656 3087 1724 κατοικοῦσι;
3114 1655 3284 1709 Πόθεν
3305 1650 3401 1708 οῦν
3419 1647 3577 1723 εὗρεν
3588 1652 3734 1704 εἰπεῖν

522 1756 968 1810 ηιειηοταιίοιιειιι
996 1757 1325 1826 conscripsit
1347 1796 1362 1820 ,
1393 1765 1580 1826 aperte
1634 1756 1925 1811 comitetur
1958 1772 2085 1811 sam

2189 1759 2217 1810 ό
2242 1755 2407 1818 καλδς
2434 1754 2646 1816 ἐκεῖνος
2688 1751 2944 1821 Ἐφέσου,
2978 1751 3058 1804 ὅτι
3095 1748 3260 1819 μέχρι
3293 1749 3394 1815 τῆς
3425 1743 3610 1813 κοινῆς
3629 1744 3736 1797 ἀνα-

520 1858 637 1903 ctos
668 1848 932 1918 recipere,
961 1848 1052 1903 ubi
1081 1818 1259 1904 dicit-z
1293 1866 1312 1897 ι
1483 1862 1612 1903 vero
1638 1847 1781 1919 quod
1817 1848 1888 1911 ei.
1921 1847 2083 1902 veluti

2192 1849 2456 1910 στάσεως.
2494 1846 2596 1900 οὐκ
2635 1818 2947 1914 ὀφείλουσιν
2985 1818 3281 1896 ἀπολαϐεῖν
3308 1842 3367 1893 αι
3398 1839 3507 1892 τῶν
3540 1836 3736 1890 δικαίων

523 1949 836 1994 sanctorum
886 1939 1198 2004 animabus,
1228 1941 1456 1995 ubilibet
1493 1940 1559 1994 ad
1612 1951 1826 2009 tempus
1861 1939 2084 2004 morari,

523 2036 576 2077 et
610 2025 665 2079 in
700 2041 797 2080 sua
845 2029 959 2081 aede
1007 2028 1239 2091 versari,
1290 2038 1344 2082 ct
1382 2028 1447 2083 ad
1487 2030 1843 2098 deprecantes
1884 2030 2086 2099 passim

524 2132 854 2185 commeare,
913 2120 1282 2176 necessarium
1327 2132 1383 2176 et
1425 2137 1611 2177 verum
1646 2137 1769 2177 esse
1795 2121 2087 2187 existimo;

523 2222 572 2263 at
609 2225 718 2264 non
750 2211 868 2265 ideo
898 2226 1021 2266 cum
1049 2213 1187 2266 caelo
1217 2227 1406 2267 carere
1433 2213 1687 2281 dixerim,
1715 2222 1805 2267 aut
1843 2229 1947 2269 non
1984 2229 2087 2269 una

499 2300 899 2380 'splendoribus
949 2302 1263 2373 angelorum
1308 2303 1520 2358 Domini
1574 2304 1774 2359 throno
1817 2305 2083 2360 assidere.

522 2392 654 2447 Nam
683 2392 803 2446 aliis
826 2390 1065 2448 inferior
1094 2404 1240 2450 esset
1264 2396 1354 2464 qui
1394 2395 1505 2451 fere
1538 2412 1705 2466 super
1738 2412 1930 2452 omnes
1958 2398 2094 2451 emi-

526 2484 709 2547 nebat,
742 2484 789 2539 si
843 2486 970 2556 quia
1024 2501 1192 2541 carne
1239 2488 1570 2542 induebatur
1606 2489 1868 2545 sorietate
1901 2504 2090 2543 eorum

525 2568 872 2638 spoliaretur,
927 2585 982 2631 et
1042 2577 1134 2631 Dei
1169 2579 1233 2632 ad
1296 2577 1490 2633 faciem
1550 2580 1786 2643 visione,
1843 2596 1947 2650 qua
2000 2596 2095 2650 per

525 2683 689 2720 omne
715 2682 826 2723 suae
856 2668 978 2721 vitae
1009 2679 1221 2738 tempus
1244 2671 1294 2724 in
1331 2671 1521 2739 primis
1553 2672 1757 2742 potitus
1784 2684 1916 2728 est.»
1961 2673 2094 2729 Meis

526 2774 746 2829 quoque
792 2760 974 2814 verbis
1011 2760 1361 2823 testificatur.
1398 2763 1544 2832 quod
1582 2766 1634 2817 in
1679 2781 1801 2819 eum
1850 2764 2092 2819 Ecclesia

529 2848 601 2899 ita
639 2849 787 2902 canit
836 2864 852 2902 :
894 2868 911 2900 ι
956 2849 1227 2918 Propheta
1274 2866 1451 2919 prmco
1490 2851 1693 2907 Christi
1730 2869 1759 2906 a
1801 2854 2095 2923 magnilleo

527 2942 722 2995 throno
769 2958 1045 3010 nunquam
1099 2941 1451 3011 disjuugeris,
1504 2951 1559 2997 et
1610 2945 1919 3010 cuicunque
1969 2944 2091 2999 lan-

2187 1940 2390 2011 ψυχαί;
2426 1941 2574 1994 Ἔδει
2604 1940 2713 2008 γάρ
2741 1938 2906 1993 αὐτὸν
2954 1936 3238 2005 ἄνθρωπον
3268 1935 3403 1988 ὄντα
3450 1932 3644 2001 λόγιον.
3676 1928 3737 1997 μὴ

2190 2030 2568 2086 ἐναντιοῦσθαι
2621 2028 2917 2101 προφανῶς
2969 2027 3113 2081 οὕτω
3162 2026 3274 2087 τοῖς
3327 2022 3486 2093 ποιρά
3526 2022 3628 2076 τῶν
3657 2020 3739 2087 τῆς

2203 2123 2532 2195 Ἐκκλησίας
2569 2122 2905 2176 διδασκάλων
2946 2118 3261 2189 εἰρημένοις
3285 2131 3304 2149 ο
3339 2115 3543 2186 μᾶλλον
3572 2113 3623 2165 δδ
3663 2110 3740 2166 καὶ

2191 2215 2354 2278 αὐτὸς
2394 2212 2574 2285 ἑαυτῷ
2611 2213 2886 2282 ἀντιλέγει
2911 2227 2926 2243 ·
2958 2212 3018 2264 ἰν
3067 2209 3166 2278 μὲν
3204 2209 3271 2278 τῇ
3305 2205 3570 2276 ἐπιστολῇ
3597 2201 3738 2257 αὐτοῦ

2191 2309 2257 2377 τῇ
2290 2305 2600 2377 πεμφθείση
2632 2307 2743 2368 τοῖς
2794 2299 3112 2373 ἁπανταχοῦ
3140 2301 3244 2369 γῆς
3281 2299 3381 2352 καὶ
3426 2297 3538 2351 τῶν
3562 2297 3737 2363 νήσων.

2193 2400 2439 2469 ἀρνεῖται
2471 2396 2751 2459 παντελῶς
2789 2396 2887 2462 τὴν
2919 2393 3028 2447 τῶν
3059 2392 3235 2459 ἁγίων
3276 2390 3608 2449 ἀπόλαυσιν,
3632 2384 3737 2438 ἔνθα

2195 2491 2369 2560 φησί·
2406 2490 2542 2542 «Καὶ
2592 2489 2755 2558 ἡμεῖς
2780 2484 2903 2539 οὔτε
2929 2484 3055 2547 τοὺς
3109 2482 3297 2550 ἁγίους
3346 2479 3636 2535 ἀπολαϐεῖν
3663 2474 3742 2543 τήν

2197 2581 2611 2653 ἡτοιμασμένην
2665 2579 2852 2640 αὐτοῖς
2901 2573 3178 2646 βασιλείαν
3226 2572 3323 2627 καὶ
3376 2571 3449 2624 τά
3482 2569 3740 2640 ἀπόρρητα

2195 2670 2399 2737 ἀγαθά,
2426 2667 2549 2721 οὔτε
2580 2667 2703 2729 τοὺς
2725 2663 3085 2735 ἁμαρτωλοὺς
3112 2664 3192 2725 είς
3214 2660 3315 2732 τὴν
3344 2661 3572 2729 γέενναν
3596 2660 3742 2726 ἐμπε-

2199 2764 2311 2815 σεῖν
2339 2762 2441 2833 ήδη
2472 2760 2657 2829 φαμέν
2681 2770 2696 2786 ’
2729 2757 2845 2809 ἀλλ’
2874 2753 3193 2825 ἐκδέχεσθαι
3221 2753 3314 2807 τὸν
3346 2753 3480 2806 ῖδιον
3509 2750 3739 2817 ἑκατέρου

2197 2854 2398 2922 κλῆρον
2422 2867 2438 2884 ·
2465 2853 2560 2905 καί⁵
2584 2846 2725 2903 εἶναι
2755 2845 2913 2901 τοῦτο
2943 2845 3136 2914 καιροῦ
3179 2844 3276 2898 τοῦ
3312 2843 3599 2914 μέλλοντος
3631 2838 3743 2910 μετὰ

2197 2941 2296 3011 τὴν
2328 2939 2619 2993 ἀνάστασιν
2646 2938 2738 2990 καὶ
2767 2938 2867 3005 τὴν
2911 2935 3113 3005 κρίσιν.
3140 2951 3159 2984 ι
3210 2934 3299 2987 Ἑν
3320 2933 3501 3002 τούτῳ
3549 2930 3660 2999 μὲν,
3685 2927 3743 2989 ὡς

525 3031 711 3100 guenti
748 3032 803 3087 in
832 3033 1116 3088 altissimis
1147 3035 1507 3090 ministrando
1543 3052 1757 3103 semper
1785 3037 1936 3098 ades,
1972 3037 2085 3091 orbi

2196 3033 2350 3102 ὁρᾷς,
2384 3031 2634 3100 φανερῶς
2665 3032 2909 3099 ἀρνεῖται
2939 3028 3039 3087 τὴν
3089 3026 3392 3080 ἀπόλαυσιν
3424 3024 3534 3078 τῶν
3581 3022 3741 3089 ἁγίων,

528 3134 795 3176 terrarum
836 3123 1118 3179 benedicis
1165 3125 1410 3192 undique
1457 3126 1814 3197 glorificatus.
1870 3145 1892 3180 ι
1934 3127 2085 3183 Vides

2199 3126 2258 3177 ὲν
2295 3125 2351 3177 δὲ
2373 3124 2452 3193 τῷ
2479 3123 2618 3191 λόγῳ
2647 3120 2725 3185 τῷ
2750 3119 2881 3190 παρ’
2906 3120 3072 3172 αὑτοῦ
3101 3118 3380 3181 ποιηθέντι
3408 3119 3492 3181 εἰς
3514 3115 3609 3187 τὴν
3635 3113 3745 3185 μνή-

527 3220 588 3264 ut
635 3212 722 3265 hic
749 3212 895 3266 clare
923 3223 977 3267 et
1027 3223 1213 3283 aperte
1254 3225 1474 3268 sanctos
1507 3215 1597 3267 Dei
1641 3216 1852 3271 visione
1887 3217 2085 3287 perfrui

2202 3234 2308 3286 μην
2336 3214 2430 3268 τοῦ
2470 3214 2627 3281 ἁγίου
2680 3212 2883 3274 Ἠλιοῦ,
2919 3211 3177 3282 ὁμολογεῖ
3220 3210 3529 3282 διαρρήδην
3580 3206 3744 3267 αὐτοὺς

516 3303 595 3355 ad
630 3302 822 3356 faciem
855 3305 1168 3359 asseverat?
1206 3305 1503 3375 divumque
1530 3305 1704 3361 Eliam
1750 3308 1853 3362 hac
1891 3307 2085 3364 visione

2198 3306 2605 3376 ἀπολαμδάνειν
2638 3307 2763 3369 τοὺς
2793 3305 3000 3373 ἁγίους,
3024 3304 3151 3357 ἔνθα
3172 3303 3322 3372 λέγει
3351 3319 3367 3335 ⁸
3401 3320 3422 3354 ε
3456 3301 3594 3371 Ἐγὼ
3620 3299 3659 3353 δ’
3679 3300 3745 3351 ὅτι

528 3397 693 3449 etiam
736 3396 789 3449 in
826 3412 1055 3466 corpore
1094 3397 1321 3466 dignum
1355 3412 1477 3453 esse
1511 3400 1880 3453 existimatum
1916 3400 2085 3464 dicit,

2201 3399 2299 3469 μὲν
2349 3398 2562 3464 ἔξεστιν
2609 3396 2783 3466 αὐτῷ.
2837 3395 3090 3464 καθάπερ
3143 3396 3237 3449 καὶ
3271 3398 3395 3458 ταῖς
3445 3395 3553 3448 τῶν
3604 3390 3745 3459 ἁγίων

528 3486 672 3555 quod
704 3487 922 3552 quidem
959 3488 1079 3557 plus
1111 3496 1195 3543 est
1229 3504 1392 3558 quam
1431 3491 1544 3559 ipsa
1577 3492 1714 3544 ratio
1746 3492 2003 3558 postulat.
2041 3491 2085 3545 S‘

2196 3490 2417 3561 ψυχαῖς,
2450 3491 2574 3544 ὅποι
2607 3488 2742 3548 ποτὲ
2783 3488 3034 3563 βούλεται
3081 3487 3222 3547 κατά
3250 3489 3451 3563 καιρὸν
3482 3480 3746 3555 ἐπιχωριά-

530 3578 676 3633 aliud
712 3579 876 3650 igitur
910 3591 1153 3649 paratum
1193 3596 1417 3648 regnum
1449 3591 1533 3635 est
1552 3591 1606 3637 et
1634 3582 1926 3639 ineffabilia
1951 3583 2085 3639 bona

2200 3583 2317 3646 ζειν
2348 3585 2497 3650 vasi;
2526 3600 2586 3641 τε
2624 3588 2849 3651 οἰκείοις
2895 3586 3317 3656 ἑμφιλοχωρείν,
3369 3587 3469 3640 καὶ
3499 3587 3605 3646 τοῖς
3627 3574 3746 3634 ’ἑκά-

533 3679 729 3745 ριαειοι·
757 3671 848 3726 Dei
890 3671 955 3726 ad
998 3670 1190 3726 faciem
1221 3673 1504 3738 visionem.
1542 3672 1595 3728 id
1636 3672 1886 3731 ostendat
1917 3674 2085 3747 nobis;

2202 3696 2350 3733 στοτε
2396 3679 2670 3749 δεομένοις
2742 3680 3049 3751 ὲπιφοιτᾷν,
3097 3679 3396 3746 ἀναγκαῖόν
3427 3694 3485 3731 τε
3538 3673 3747 3745 ἡγοῦμαι

532 3763 640 3817 erit
675 3763 820 3817 enim
857 3762 948 3818 Dei
994 3763 1205 3820 visione
1236 3765 1608 3836 praestantius,
1639 3771 1785 3841 quod
1833 3786 1996 3826 nemo
2033 3787 2085 3835 ei

2202 3769 2296 3822 aut
2328 3768 2525 3836 ἀληθὶς
2568 3766 2730 3836 είναι,
2762 3770 2825 3823 οὗ
2872 3770 2981 3839 μὴν
3023 3769 3114 3825 διά
3140 3768 3316 3824 ταῦτα
3349 3768 3523 3838 φαίην
3548 3765 3611 3819 ἂν
3668 3760 3748 3813 αὐ-

506 3855 788 3910 'l$cclesiac
818 3856 1139 3913 doctoribus
1164 3875 1403 3929 unquam
1439 3861 1577 3916 dixit
1609 3878 1627 3917 :
1656 3864 1918 3933 majorem
1950 3879 2085 3937 τερα·

2205 3861 2320 3925 τὸν,
2347 3860 2456 3914 τῶν
2482 3860 2727 3931 οὐρανῶν
2754 3860 3170 3925 ἀπολείπεσθαι,
3202 3861 3293 3915 καὶ
3315 3860 3420 3929 τῆς
3442 3859 3615 3913 ἐκεῖσε
3636 3855 3747 3919 λαμ·

533 3948 628 4002 riri
675 3948 1094 4003 oblectationem
1121 3966 1291 4021 quam,
1335 3954 1427 4007 Dei
1478 3955 1615 4008 visio
1646 3956 1736 4009 sit.
1774 3955 1927 4022 Quod
1970 3973 2085 4012 veri

2211 3952 2520 4023 προφορίας
2547 3954 2688 4024 μετά
2713 3952 2824 4005 τῶν
2854 3952 3105 4020 ἀγγέλων
3132 3953 3464 4022 δεσποτικῆς
3498 3944 3746 4017 παραστά-

532 4034 668 4089 dicit
732 4050 964 4102 magnus
1021 4035 1337 4104 Gregorius.
1401 4040 1674 4108 iustorum
1734 4045 2085 4111 quoruutdau‘

2210 4061 2350 4109 σεως
2373 4063 2388 4078 ’
2408 4041 2445 4115 ἦ
2473 4044 2583 4114 γὰρ
2603 4044 2670 4099 ἂν
2694 4044 2915 4098 ἔλαττον
2941 4040 3088 4113 εἶχεν
3113 4046 3142 4098 ό
3169 4044 3307 4113 ὑπὲρ
3335 4036 3743 4107 πάντας-σχεδὸν,

534 4124 749 4178 animas
781 4139 902 4178 esse
933 4141 1053 4193 qua:
1084 4141 1113 4177 a
1159 4127 1369 4181 caelesti
1400 4143 1565 4195 regno
1597 4131 1973 4187 mansionibus
2003 4133 2084 4186 dif

2206 4138 2319 4203 εῖγε
2371 4136 2459 4189 διὰ
2488 4136 2549 4189 τὸ
2596 4136 2697 4207 τὴν
2737 4137 2916 4208 σάρκα
2949 4138 3134 4207 φορεῖν
3163 4135 3487 4204 ,ἀφεστήκει
3536 4133 3626 4199 τῆς
3652 4124 3747 4197 μετ’

537 4217 740 4276 ferunt,
763 4223 819 4268 et
843 4215 979 4268 alias
1010 4230 1132 4269 esse
1161 4217 1523 4285 perfectorqu
1553 4220 1825 4288 justorum
1857 4221 2085 4289 animas1

2211 4226 2393 4281 αὐτῶν
2426 4227 2740 4292 κοινωνίας,
2768 4229 2864 4279 καὶ
2890 4226 2991 4297 τῆς
3021 4227 3115 4280 τοῦ
3145 4225 3282 4280 Θεοῦ
3328 4224 3469 4295 πρὸς
3497 4223 3748 4293 πρόσωπον
3780 4271 3791 4282 ,

535 4304 774 4359 ostendit
801 4319 923 4360 esse
962 4305 1128 4359 etiam
1176 4307 1313 4362 alias
1338 4308 1618 4379 justorum
1671 4324 1780 4363 non
1842 4310 2080 4379 perfecto

2210 4318 2464 4388 θεωρίας,
2519 4313 2589 4387 ἧς
2635 4321 2730 4371 καὶ
2764 4319 2918 4390 παρά
2965 4317 3142 4372 πάντα
3191 4320 3283 4373 τὸν
3336 4319 3453 4390 βίον
3494 4312 3749 4383 ἐξαιρέτως

535 4413 657 4451 runt
686 4397 916 4452 animas.
951 4395 1104 4465 Quod
1134 4397 1180 4453 si
1213 4398 1337 4468 quis
1363 4399 1591 4468 ambigit
1614 4400 1834 4456 ubinam
1859 4402 1941 4457 ha:
1972 4402 2080 4458 sint

2210 4411 2579 4481 ἀπιξλαυσεν.ι
2620 4411 2907 4481 Μαρτυρεῖ
2941 4427 3031 4480 μοι
3062 4410 3140 4480 τῷ
3176 4410 3342 4482 λόγῳ,
3374 4411 3472 4464 καὶ
3499 4408 3555 4462 τδ
3581 4408 3653 4467 είς
3672 4401 3749 4456 αὖ·

538 4490 594 4542 in
652 4487 812 4542 tertio
861 4487 1068 4543 decreti
1113 4489 1290 4558 capite
1338 4490 1472 4544 satis
1502 4505 1534 4545 a
1578 4490 1740 4545 nobis
1774 4507 2085 4561 responsum

2211 4497 2303 4550 τὸν
2337 4499 2488 4566 παρὰ
2540 4498 2640 4565 τῆς
2682 4498 3015 4569 Ἐκκλησίας
3066 4498 3351 4570 ᾀδόμενον,
3396 4498 3568 4561 οὕτως
3617 4494 3744 4564 ἔχον·

537 4586 642 4646 est;
665 4593 765 4634 nec
786 4578 953 4634 semel
983 4579 1129 4634 dicta
1152 4580 1444 4650 repetenda
1473 4590 1624 4650 sunt,
1649 4582 1740 4637 sed
1764 4593 2085 4642 revertamm

2228 4607 2247 4639 ι
2289 4587 2553 4658 Προφῆτα
2604 4587 2781 4658 κῆρυξ
2813 4587 3074 4657 Χριστοῦ,
3111 4587 3205 4642 τοῦ
3247 4588 3441 4659 θρόνου
3486 4589 3579 4658 τῆς
3614 4597 3751 4655 μεγα-

533 4686 601 4727 eo
625 4670 769 4726 unde
799 4670 1029 4742 digressi
1062 4686 1276 4728 sumus.

2220 4677 2468 4749 λωσύνης
2496 4678 2758 4734 οὐδέποτε
2803 4679 3015 4753 χωρίζῃ
3038 4696 3054 4712 ο
3090 4680 3185 4735 καὶ
3218 4681 3437 4750 ἑκάστῳ
3468 4676 3749 4759 ἀσθενοῦντι

533 4766 648 4847 ἀεὶ,
669 4766 1005 4837 παρίστασαι
1056 4769 1116 4823 ἑν
1142 4770 1275 4831 ,τοῖς
1310 4767 1555 4837 ὑψίστοις
1603 4767 1963 4838 λειτουργῶν,
2014 4768 2115 4839 τὴν
2147 4771 2483 4843 οἰκουμένην
2508 4770 2775 4840 εὐλογεῖς,
2812 4773 3093 4842 πανταχοῦ
3149 4771 3531 4844 δοξαζόμενος.
3561 4788 3578 4821 ι
3644 4763 3749 4820 Ἰδοὺ

533 4859 591 4910 έν
621 4858 794 4927 τούτῳ
829 4861 1103 4932 λαμπρῶς
1134 4862 1231 4915 καὶ
1254 4863 1571 4933 περιφανῶς
1603 4861 1705 4931 τῆς
1765 4860 1903 4931 πρὸς
1935 4862 2237 4932 πρόσωπον
2288 4863 2525 4936 θεωρίας
2570 4864 2665 4919 τοῦ
2730 4864 2891 4930 Θεοῦ,
2957 4867 3083 4929 τοὺς
3152 4865 3343 4934 ἀγίους
3392 4858 3750 4930 ἀπολαμϐάνειν

532 4953 964 5022 διισχυρίζεται*
1010 4956 1226 5010 καὶτὸν
1256 4957 1414 5025 ἅγιον
1459 4955 1652 5011 Ἠλίαν
1690 4959 1784 5013 καὶ
1834 4959 1972 5029 μετά
1999 4958 2255 5031 σώματος
2284 4961 2383 5031 τῆς
2414 4961 2675 5032 τοιαύτης
2731 4960 3018 5029 ἀξιοῦσθαι
3084 4960 3319 5033 θεωρίας
3381 4963 3591 5033 φάσκει,
3640 4956 3749 5022 ὅπερ

535 5051 630 5103 καὶ
667 5050 830 5104 πλέον
868 5051 961 5105 τοῦ
994 5051 1205 5105 δικαίου
1255 5053 1424 5109 ἐστίν.
1457 5054 1519 5108 Ei
1565 5054 1658 5108 οῦν
1695 5053 1826 5109 ἀλλο
1857 5054 1911 5108 τί
1953 5055 2104 5110 ἐστιν
2142 5055 2178 5126 ἡ
2227 5056 2611 5127 ἡτοιμασμένη
2645 5055 2920 5126 βασιλεία,
2960 5059 3052 5112 καὶ
3122 5057 3191 5112 τὰ
3236 5057 3523 5129 ἀπόρρητα
3578 5047 3749 5129 ἀγαθὰ,

534 5145 691 5216 παρά
733 5143 832 5214 τὴν
867 5144 961 5196 τοῦ
1014 5144 1147 5197 Θεοῦ
1180 5146 1316 5210 πρὸς
1361 5145 1655 5217 πρόσωπον
1708 5147 1966 5216 θεωρίαν,
2001 5145 2243 5214 δειξάτω
2272 5149 2436 5218 ἡμῖν·
2483 5149 2639 5203 ἔσται
2712 5150 2821 5220 γὰρ
2870 5147 3055 5219 ἐκείνη
3124 5147 3332 5220 μείζων
3385 5150 3482 5217 τῆς
3545 5140 3742 5213 θεωρίας

533 5234 700 5288 αὑτοῦ
747 5233 840 5288 τοῦ
873 5234 1031 5289 Θεοῦ.
1077 5235 1220 5287 Ἀλλ’
1264 5236 1438 5301 οὐδεὶς
1477 5236 1588 5293 τῶν
1630 5238 1966 5293 διδασκάλων
2016 5239 2115 5308 τῆς
2160 5238 2488 5309 Ἐκκλησίας
2542 5241 2709 5312 μέχρι
2764 5243 2858 5295 καὶ
2893 5241 3149 5311 ’σήμερον
3207 5239 3354 5295 τοῦτ’
3420 5243 3641 5310 εῖρηκεν.
3684 5228 3747 5281 ὅτι

534 5328 732 5405 ἐστίκτι
769 5326 956 5397 μεῖζον
1005 5329 1087 5391 είς
1135 5329 1461 5392 ἀπόλαυσιν,
1494 5330 1595 5400 τῆς
1639 5329 1735 5383 τοῦ
1767 5330 1906 5384 Θεοῦ
1965 5329 2226 5401 θεωρίας.
2256 5333 2321 5386 Ὃ
2350 5332 2407 5385 δέ
2436 5350 2602 5404 φησιν
2675 5335 2705 5387 ό
2774 5334 2949 5404 μέγας
2998 5316 3349 5405 Γρηγόριοςί
3390 5335 3473 5388 ὅτι
3519 5329 3616 5383 εἰσὶ
3669 5318 3745 5391 μὲν

534 5420 761 5476 δικαίων
789 5422 950 5478 τινῶν
984 5422 1178 5493 ψυχαὶ,
1211 5423 1414 5487 αἵτινες
1439 5426 1501 5478 ἐκ
1522 5425 1622 5495 τῆς
1654 5425 1981 5494 ἐπουρανίου
2043 5424 2330 5494 βασιλείας
2377 5427 2490 5479 τισὶ
2560 5426 2750 5495 μοναῖς
2797 5426 3123 5490 διῖστανται,
3190 5428 3287 5481 καὶ
3350 5427 3434 5480 ὅτι
3486 5425 3585 5479 τῶν
3618 5427 3745 5501 τετε.-
3772 5497 3783 5501 -

537 5512 851 5584 λειωμένων
876 5508 1101 5571 δικαίων
1141 5517 1197 5571 αἱ
1224 5515 1414 5587 ψυχαὶ,
1455 5516 1729 5571 δείκνυσιν
1754 5516 1838 5570 ὅτι
1877 5516 1986 5569 sict
2015 5520 2108 5569 καὶ
2147 5576 2156 5583 _
2189 5516 2354 5569 τινῶν
2415 5518 2515 5586 μὲν
2564 5516 2790 5570 δικαίων
2849 5516 3058 5571 ἀτελῶν
3106 5516 3296 5589 ψυχαί.
3350 5514 3459 5570 Ποῦ
3531 5510 3582 5564 δὲ
3624 5498 3745 5559 αὗταί

543 5604 704 5668 είσιν,
741 5606 870 5672 ῐσως
899 5611 1237 5679 ἀμφιϐάλλει
1283 5628 1389 5678 τις,
1412 5613 1480 5665 -ἀν
1512 5612 1591 5681 τῷ
1636 5610 2119 5684 τρίτῳ.κεφαλαίῳ
2153 5610 2248 5665 τοῦ
2273 5611 2425 5681 ὅρου,
2457 5612 2658 5675 ἱκανῶς
2724 5613 2853 5682 περὶ
2877 5611 3067 5665 τούτου
3112 5610 3584 5683 ἀπελογησάμεθα,
3640 5597 3737 5655 ἔνθα

545 5700 679 5765 περὶ
704 5700 801 5767 τῆς
829 5703 937 5754 τῶν
975 5702 1166 5774 ψυχῶν
1197 5705 1524 5775 καθάρσεως
1557 5706 1788 5776 ἔφημεν,
1822 5706 1917 5759 καὶ
1947 5707 2008 5759 οὐ
2077 5708 2161 5761 δεῖ
2218 5706 2469 5762 ἐνταῦθα
2526 5707 2657 5774 περὶ
2706 5706 2813 5760 τῶν
2867 5706 3015 5772 άπαξ
3068 5707 3375 5779 εἰρημένων
3426 5694 3736 5766 auiditate"-

560 5789 701 5845 Ἀλλ’
729 5791 852 5845 ὅθεν
887 5791 1183 5867 ἐξήλθομεν
1224 5797 1386 5853 πάλιν
1423 5796 1867 5869 ἐπιστρέψωμεν.

3887 2776 3889 2871 4

3887 2902 3889 2987 ί

3887 3040 3889 3099 ι

3887 3166 3889 3251 Ι

3887 3292 3889 3373 Ι

3888 3430 3889 3485 ι

3887 4084 3889 4187 ψ

3887 4210 3889 4301 1

3888 4476 3889 4557 ι
