3992 6404
265 390 393 456 1281

1005 507 1078 558 A'.

327 597 604 667 Θαυμάζω
631 595 810 649 τοίνυν
841 596 934 647 καὶ
964 594 1176 665 ἀπορῶ,
1207 594 1324 658 πῶς
1346 577 1452 646 έίσί
1477 611 1618 655 τινες
1646 593 1820 657 οὕτως

257 690 584 761 ἀμελοῦντες
616 691 709 758 τῆς
739 687 993 757 ἀληθείας
1023 689 1122 756 τῆς
1151 686 1410 749 πίστεως,
1437 686 1513 748 ὡς
1553 686 1628 754 μὴ
1659 686 1822 755 μόνον

257 784 319 837 οὑ
355 779 640 850 βούλεσθαι
676 781 887 847 μαθεῖν,
918 781 1064 840 ὅπως
1097 777 1524 846 ἐπιστραφέντες
1551 777 1820 842 σωθῶσιν,

261 875 396 928 ἀλλά
429 874 522 927 καὶ
549 873 658 926 τῶν
694 871 961 936 κειμένων
993 869 1050 921 ἐν
1085 870 1193 931 τοῖς
1225 869 1390 936 ίεροῖς
1433 867 1539 919 τῶν
1568 867 1822 921 διδασκά-

257 970 363 1021 λιυν
398 965 624 1035 βιϐλίοις
656 962 948 1034 προφανῶς
984 962 1202 1032 φθορεῖς
1237 961 1485 1028 ἐγένοντο
1507 977 1521 990 ο
1569 961 1664 1012 καὶ
1696 958 1821 1013 οὔτε

259 1059 436 1120 καλῶς
468 1056 702 1120 νοοῦσιν,
752 1051 868 1107 οὔτ’
899 1053 1118 1106 ἀκούειν
1171 1052 1448 1122 βούλονται
1498 1051 1564 1120 ῆν
1604 1051 1823 1121 ἔχουσιν

260 1150 306 1202 οί
339 1147 648 1201 διδάσκαλοι
699 1145 854 1209 δόξαν
908 1145 1037 1216 περὶ
1089 1143 1192 1213 τῆς
1225 1144 1412 1213 κοινῆς
1461 1143 1664 1211 ταύτης
1713 1143 1822 1195 τῶν

261 1239 600 1310 Χριστιανῶν
647 1239 980 1308 ὁμολογίας·
1032 1236 1167 1290 ἀλλά
1227 1237 1386 1304 μόνον
1443 1235 1647 1305 μικράν
1703 1253 1823 1288 τινα

263 1332 454 1401 ρανίδα
506 1329 761 1392 λαϐόντες
797 1329 1022 1396 ἄγουσιν
1073 1329 1302 1396 ἀπορίας
1341 1326 1454 1380 ἄνω
1491 1328 1583 1380 καὶ
1630 1327 1817 1381 κάτωο

263 1424 353 1473 καὶ
381 1419 598 1475 δοκοῦσί
627 1437 748 1473 τινα
789 1419 1010 1486 γενναῖα
1043 1418 1232 1485 φέρειν
1277 1421 1339 1469 ἐκ
1373 1417 1470 1484 τῆς
1505 1419 1685 1470 αὑτῶν
1711 1436 1824 1472 κοι-

262 1513 378 1572 λίας
409 1511 542 1578 πρὸς
585 1509 897 1578 ἀνατροπὴν
928 1509 1022 1576 τῆς
1056 1506 1346 1575 ἀληθείας
1383 1507 1418 1560 ἃ.
1462 1506 1566 1576 πρὸ
1596 1506 1822 1568 τούτων.

260 1603 310 1655 οι
342 1600 648 1652 διδάσκαλοι
693 1599 1018 1668 προσθέντες
1045 1598 1296 1651 διέλυσαν
1343 1600 1522 1666 λόγοις
1565 1602 1656 1650 καὶ
1689 1615 1822 1666 συγ-

261 1691 499 1757 γραφαῖς
520 1705 533 1717 '
567 1688 626 1753 ἐξ
657 1683 730 1742 ὧν
758 1690 966 1757 ταχέως
999 1687 1312 1756 ἐλέγχονται
1343 1688 1392 1740 οί
1428 1688 1540 1740 νέοι
1565 1687 1826 1756 δογματι-

261 1783 406 1836 σταί.
447 1783 596 1835 Ἔδει
656 1781 764 1850 γάρ
817 1779 1009 1841 αὑτοὺς
1071 1778 1295 1848 θεωρεῖν
1343 1780 1439 1835 καὶ
1493 1778 1823 1830 σκέπτεσθαι

259 1878 402 1948 ἅπερ
425 1878 472 1930 οί
501 1877 644 1942 ἆγιοι
685 1871 902 1940 λέγουσι
935 1873 1028 1924 καὶ
1075 1871 1386 1941 ὑποχωρεῖν
1422 1870 1628 1934 αὑτοῖς,
1661 1871 1718 1921 ἐν
1742 1865 1824 1931 οἷς

258 1969 496 2034 λέγουσι.
547 1968 636 2031 Μή
668 1963 886 2034 εὑροῦσι
939 1963 998 2015 δὲ
1056 1961 1358 2031 θεραπείαν
1411 1963 1471 2013 ἐν
1506 1965 1617 2024 τοῖς
1670 1962 1823 2031 παρὰ

256 2059 364 2110 τῶν
402 2057 570 2124 ἁγίων
619 2056 931 2124 εἰρημένοις
981 2055 1037 2105 ὲν
1089 2048 1171 2114 οἷς
1222 2051 1646 2120 ἀμφιϐάλλουσι,
1701 2051 1820 2104 τότε

257 2147 386 2216 ἐξῆν
423 2148 601 2210 αὐτοῖς
655 2149 905 2215 ἀπορεῖν,
941 2145 1098 2212 εἴπερ
1132 2143 1227 2196 καὶ
1279 2143 1532 2198 δύνανται
1555 2160 1569 2176 ο
1603 2143 1664 2195 οὑ
1716 2147 1824 2213 μὴν

253 2240 312 2294 ὀὶ
344 2241 568 2307 ἀπορεῖν
593 2241 718 2306 περὶ
756 2238 864 2290 τῶν
892 2237 991 2307 ήδη
1032 2235 1339 2306 είρημένων
1373 2254 1428 2288 τε
1459 2236 1552 2288 καὶ
1585 2253 1825 2303 σεσαιρη-

254 2331 542 2399 νισμένων.
588 2330 682 2389 Τίς
711 2328 766 2381 δέ
801 2330 947 2380 ἐστιν
994 2329 1027 2398 ἡ
1068 2327 1358 2397 θαυμαστὴ
1396 2327 1574 2379 αὑτῶν
1620 2327 1822 2397 ἀπορία

253 2424 321 2491 ἢν
356 2422 486 2489 ἡμῖν
538 2420 892 2490 προφέρουσι,
940 2421 1034 2471 καὶ
1080 2401 1286 2489 σφόδρα
1343 2420 1820 2490 μεγαλαυχοῦσιν;

254 2510 326 2564 Ὦ
365 2511 662 2578 καθολικοὶ,
701 2513 818 2577 ἐὰν,
842 2513 916 2574 ὡς
966 2511 1175 2578 λέγετε,
1223 2511 1316 2564 νῦν
1365 2512 1824 2580 ἀπολαμϐάνωσιν

257 2605 312 2658 αἱ
340 2602 510 2674 ψυχαὶ
543 2603 652 2656 τῶν
705 2602 951 2667 δικαίων,
989 2605 1156 2673 μήπω
1207 2603 1506 2672 γενομένης
1546 2603 1642 2671 τῆς
1692 2605 1824 2656 ἀνα-

259 2698 522 2761 στάσεως,
573 2695 832 2765 περισσόν
882 2698 996 2748 ἐστι
1050 2696 1300 2764 γενέσθαι
1355 2696 1454 2767 τὴν
1506 2697 1821 2762 ἀνάστασιν,

259 2790 353 2840 καὶ
380 2792 470 2840 τὸν
504 2789 694 2859 κριτὴν
726 2789 817 2840 ἐπὶ
849 2789 1041 2858 θρόνου
1070 2789 1313 2851 καθίσαι,
1345 2790 1438 2842 καὶ
1467 2791 1649 2859 κρίσιν
1672 2793 1827 2860 ποιῆ-

262 2897 390 2933 σαι·
441 2881 579 2934 τίδὲ
635 2883 726 2934 καὶ
781 2881 1042 2950 λήψονται
1096 2883 1236 2946 τότε,
1284 2884 1331 2934 εί
1366 2881 1460 2934 νῦν
1511 2884 1823 2951 ἀπέλαϐον;

261 2972 370 3022 Καὶ
402 2973 560 3041 ἡμεῖς
595 2973 730 3037 πρὸς
766 2971 964 3032 αὑτούς
989 2986 1003 3000 ⁸
1037 2971 1332 3024 Καθολιλοί
1373 2975 1560 3041 ἐσμεν,
1603 2976 1696 3026 καὶ
1724 2992 1826 3027 κα-

260 3063 464 3115 θολικοὶ
527 3064 832 3134 βουλόμεθα
872 3062 1147 3131 λέγεσθαι,
1178 3066 1224 3116 εί
1263 3067 1354 3118 καὶ
1387 3066 1546 3133 ὑμεῖς
1573 3066 1631 3119 τὸ
1659 3066 1828 3136 ὄνομα

698 391 854 450 rno
892 388 1109 452 coxo.
1143 387 1513 448 pronam.
1563 386 1724 450 CAP.
1754 387 1850 449 ιν.
1890 390 1989 449 DE
2034 345 2463 450 FRUlTlONE
2505 389 2995 457 SANCTORUM.

1046 503 1078 558 ,ο
1848 502 1897 563 Α

3359 396 3494 460 1282

2669 502 2756 559 IV.

1991 596 2248 651 Admiror
2299 597 2464 667 igitur
2495 605 2549 650 et
2589 597 2778 654 dubito
2817 614 2927 668 quo
2951 608 3118 676 pacto
3152 600 3494 669 reperiantur

1923 689 2140 756 quidam
2175 688 2310 744 adeo
2335 689 2578 744 veritatis
2606 688 2726 743 ﬁdei
2760 692 3115 762 negligentes,
3145 701 3204 746 ut
3237 709 3342 747 non
3379 702 3497 747 tan-

1927 791 2038 834 tmn
2073 797 2180 836 non
2219 782 2429 838 discere
2461 782 2646 848 velint,
2673 793 2732 838 ut
2769 785 3021 839 conversi
3052 784 3358 850 solventur,
3399 801 3495 842 ve-

1925 888 2045 926 rum
2074 875 2236 929 etiam
2269 888 2460 928 eorum
2508 889 2630 942 qua:
2662 889 2692 928 a
2720 875 2894 930 sacris
2924 876 3244 934 doctoribus
3288 878 3494 948 scripta

1924 975 2072 1029 sunt,
2105 975 2288 1033 aperte
2325 975 2676 1036 corruptores
2739 968 3204 1039 exstiterint:qui
3259 985 3360 1024 nec
3405 985 3497 1025 re-

1925 1069 2017 1113 cte
2054 1059 2406 1128 intelligunt,
2466 1075 2642 1128 neque
2696 1061 2884 1115 audire
2941 1063 3268 1116 sententiam
3308 1063 3498 1117 volunt

1925 1165 2088 1217 quam
2124 1151 2378 1206 doctores
2426 1149 2626 1204 habent
2673 1165 2840 1218 super
2867 1151 2970 1206 hac
3016 1153 3293 1206 communi
3327 1151 3491 1207 Chrie

1925 1241 2224 1294 stianornm
2264 1240 2634 1296 confessione.
2673 1241 2779 1296 Sed
2829 1243 3080 1311 exiguam
3130 1251 3340 1296 tantum
3378 1245 3493 1299 stil-

1925 1331 2029 1384 lam
2057 1331 2124 1385 ab
2150 1331 2215 1386 iis
2243 1332 2584 1395 haurientes,
2613 1347 2833 1386 sursum
2862 1333 3116 1388 deorsum
3138 1333 3490 1388 dillicultates

1926 1424 2156 1479 miscent
2196 1439 2259 1477 ex
2294 1439 2393 1477 suo
2424 1439 2610 1486 sensu,
2662 1425 3048 1480 existimantes
3093 1426 3308 1495 egregie
3341 1441 3489 1494 qna:-

1926 1519 2047 1568 dam
2082 1517 2148 1570 ad
2185 1517 2527 1572 eversionem
2559 1519 2806 1573 veritatis
2839 1518 3058 1581 all‘erre,
3084 1533 3221 1583 quas
3252 1527 3376 1573 ante
3395 1518 3496 1573 hos

1927 1607 2145 1673 seriptis
2187 1615 2240 1660 et
2290 1609 2444 1663 libris
2478 1610 2640 1663 editis
2689 1610 2941 1665 doctores
2991 1610 3388 1674 dissolverunt,
3423 1626 3491 1662 ex

1928 1700 2128 1767 quibus
2155 1701 2338 1773 statim
2385 1699 2438 1752 hi
2495 1703 2616 1755 novi
2650 1701 2988 1772 dogmatista‘:
3023 1703 3428 1768 redarguuntur
3479 1717 3492 1751 :

1930 1807 2055 1844 nam
2085 1807 2178 1846 eos
2197 1793 2384 1846 videre
2408 1799 2462 1847 et
2488 1793 2836 1848 considerare
2862 1794 3140 1861 oportebat
3171 1808 3292 1860 quae
3321 1792 3493 1848 sancti

1932 1883 2146 1947 dicunt,
2183 1892 2235 1936 et
2271 1898 2462 1939 eorum
2517 1885 2681 1938 dictis
2724 1883 3092 1952 acquiescere.
3143 1884 3296 1950 Quod
3347 1886 3392 1940 si
3443 1887 3496 1938 in

1931 1985 2248 2031 sanctorum
2278 1976 2461 2039 dictis,
2497 1977 2550 2030 in
2584 1977 2785 2046 quibus
2829 1979 3150 2032 sententiam
3183 1978 3456 2033 alternant
3484 2020 3498 2040 ,

1931 2069 2265 2124 curationem
2293 2086 2399 2123 non
2449 2069 2790 2125 invenissent
2823 2111 2838 2133 ,
2875 2083 3004 2126 tunc
3035 2071 3253 2125 demum
3303 2073 3499 2128 licebat

1929 2160 2010 2215 eis
2047 2159 2413 2215 dubitationes
2444 2160 2641 2214 allerre
2673 2161 2740 2228 (si
2775 2171 2952 2215 tamen
2988 2162 3038 2214 id
3077 2162 3361 2230 possent);
3397 2179 3498 2216 nec

1933 2267 2056 2306 vero
2085 2251 2362 2318 ambigere
2385 2251 2452 2304 de
2479 2250 2562 2304 his
2597 2251 2844 2314 decebat,
2879 2267 2999 2319 tunc
3032 2262 3190 2306 antea
3219 2252 3496 2322 disputata

1929 2352 1983 2396 et
2022 2341 2292 2394 declarata
2330 2351 2480 2396 sunt.
2517 2341 2585 2393 At
2620 2342 2924 2410 qualisnam
2961 2352 3042 2398 est
3077 2359 3265 2398 eorum
3317 2345 3490 2397 adrni-

1932 2432 2120 2485 rabilis
2153 2431 2379 2499 qnaastio
2411 2446 2570 2500 quam
2602 2432 2756 2486 nobis
2781 2432 3044 2500 objiciunt
3068 2435 3262 2487 mirum
3297 2434 3350 2487 iu
3385 2451 3493 2487 mo-

1931 2524 2057 2577 dum
2078 2522 2392 2590 jactabundi
2410 2522 2431 2574 ?
2452 2521 2495 2574 0
2521 2523 2798 2585 catholici,
2829 2524 2896 2586 si,
2918 2534 2974 2577 ut
3001 2540 3095 2578 vos
3125 2524 3328 2590 dicitis,
3352 2542 3496 2579 nunc

1925 2616 2200 2684 justorum
2253 2616 2447 2668 animae
2497 2624 2620 2668 ante
2676 2615 3133 2670 resurrectionem
3185 2618 3497 2687 recipiunt,

1933 2721 2334 2776 supervacanea
2375 2715 2458 2760 est
2486 2707 2818 2761 resurrectio
2847 2715 2903 2760 et
2940 2707 3224 2775 judicium,
3250 2717 3302 2760 et
3334 2723 3500 2776 super

1933 2800 2124 2852 throno
2156 2813 2404 2852 assessus
2427 2839 2442 2863 ,
2477 2807 2530 2852 et
2579 2796 2775 2866 judicii
2824 2799 3166 2854 constitutio.
3203 2798 3342 2864 Quid
3381 2809 3495 2853 tum

1933 2887 2210 2956 recipient,
2245 2887 2288 2944 si
2324 2904 2468 2941 nunc.
2507 2890 2867 2958 receperunt?
2898 2888 3104 2954 Quibus
3139 2906 3236 2944 nos
3267 2905 3493 2960 respon-

1933 2981 2144 3046 demus,
2177 2979 2440 3036 Catholici
2475 2996 2666 3036 snmus
2697 2991 2750 3036 et
2790 2981 3042 3036 catholici
3075 2982 3179 3036 dici
3217 2984 3491 3046 volumus;

1933 3080 1986 3126 et
2014 3072 2058 3125 si
2091 3072 2142 3124 in
2173 3071 2558 3126 contumeliam
2596 3073 2699 3126 hoc
2734 3087 2928 3127 nomen
2965 3074 3120 3127 nobis
3152 3072 3414 3141 objicitis,
3442 3084 3496 3127 et

259 3153 416 3206 τοῦτο
466 3154 587 3207 κατ’
635 3157 918 3224 εἰρωνείαν
973 3157 1106 3225 ἡμῖν
1164 3157 1490 3226 προφέρετε,
1531 3160 1623 3211 καὶ
1669 3157 1828 3227 ὓϐριν

1935 3163 2190 3234 injuriam
2221 3164 2375 3219 nobis
2407 3163 2611 3219 interre
2641 3163 2979 3219 arbitramini
3007 3179 3020 3215 :
3045 3164 3328 3218 credentes
3350 3164 3494 3216 enim

258 3246 537 3312 λογίζεσθε
561 3262 575 3276 ·
611 3247 962 3310 πιστεύοντες
993 3253 1100 3314 γὰρ
1131 3251 1207 3309 εἰς
1253 3247 1382 3317 μίαν
1424 3249 1583 3315 ἁγίαν
1617 3251 1832 3303 καθολι-

261 3341 364 3405 κὴν
397 3339 492 3390 καὶ
519 3338 887 3405 ἀποστολικὴν
933 3339 1280 3409 Ἐκκλησίαν,
1319 3338 1596 3392 καθολικοί
1636 3342 1825 3410 ἐσμεν,

259 3445 354 3480 και
381 3429 656 3499 λεγόμεθα
681 3446 695 3461 ο
728 3431 823 3482 καὶ
854 3430 980 3492 τοὺς
1014 3430 1088 3500 μὴ
1127 3431 1453 3499 λεγομένους
1485 3431 1828 3496 καθολικοὺς,

259 3523 383 3593 ἦτοι
415 3523 536 3583 τοὺς
572 3524 645 3592 μὴ
677 3523 977 3592 ἑπομένους
1009 3523 1172 3593 αὑτῇ,
1204 3524 1592 3592 σχισματικοὺς
1640 3523 1833 3577 καλοῧο

261 3633 386 3686 μεν,
438 3615 551 3676 καὶ,
586 3609 763 3685 οἶμαι,
815 3615 1058 3668 δικαίως.
1091 3615 1236 3685 Πρὸς
1261 3612 1354 3668 οὖν
1408 3613 1507 3683 τὴν
1561 3613 1832 3684 ἐρώτησιν

262 3710 417 3779 ὑμῶν
449 3725 652 3776 φαμεν,
679 3707 755 3768 ὡς
788 3708 834 3760 εί
877 3708 1086 3778 ὑπῆρχε
1118 3707 1278 3776 καινὴ
1303 3708 1334 3777 ἠ
1359 3704 1625 3776 ἐρώτησις
1650 3706 1827 3776 ὑμῶν,

261 3805 544 3872 ἐδώκαμεν
571 3802 636 3854 ἂν
667 3801 763 3870 τὴν
806 3800 1104 3867 ἀπολογίαν
1149 3800 1245 3868 ἀφ’
1278 3799 1455 3869 ἡμῶν,
1488 3799 1564 3861 ὡς
1601 3800 1632 3868 ὴ
1675 3797 1833 3851 δύναο

262 3913 356 3961 μις
385 3911 396 3922 ’
436 3895 552 3945 ἐπεὶ
581 3894 638 3945 δὲ
667 3895 734 3962 ἣν
767 3893 922 3960 ὑμεῖς
955 3893 1178 3953 ποιεῖτε,
1211 3890 1305 3943 καὶ
1353 3890 1499 3945 ἄλλοι
1542 3889 1648 3960 πρδ
1679 3886 1833 3956 ὑμῶν

260 3987 608 4055 πεποίηνται,
645 3986 704 4036 οὑ
737 3986 894 4054 χρεία
928 3985 1057 4048 περὶ
1085 3977 1158 4036 ὧν
1185 3982 1234 4034 οί
1259 3981 1570 4035 διδάσκαλοι
1601 3979 1830 4050 ἥψαντο,

260 4083 361 4134 καὶ
396 4081 490 4147 τὴν
524 4077 819 4143 ἀπολογίαν
854 4077 1139 4130 ἀπέδωκαν
1171 4075 1245 4138 ὡς
1275 4074 1412 4140 ἐνὸν,
1457 4075 1606 4143 ἡμᾶς
1635 4073 1832 4124 ἀπολο-

259 4174 476 4239 γεῖσθαι
526 4170 813 4239 τολμηρῶς
870 4169 1012 4222 οὑτω
1063 4169 1155 4220 καὶ
1210 4167 1478 4230 ἀναιδῶς·
1535 4165 1649 4219 ἀλλ’
1698 4166 1835 4234 ὅπερ

257 4269 461 4320 ἐκεῖνοι
489 4265 777 4328 ἐξέδωκαν,
813 4261 942 4312 αὐτὸ
976 4260 1068 4313 καὶ
1094 4261 1252 4328 ἡμεῖς
1291 4257 1697 4328 προσθήσομεν.
1730 4256 1836 4308 Πέ-

257 4378 388 4429 τρος
418 4361 522 4426 γὰρ
553 4363 580 4410 ὁ
630 4354 1133 4428 προμνημονευθεὶς
1181 4353 1556 4423 ἀρχιδιάκονος
1603 4350 1702 4419 τῆς
1738 4367 1836 4420 με·

261 4453 439 4520 γάλης
481 4449 806 4518 Ἐκκλησίας
833 4447 966 4515 πρὸς
996 4445 1087 4497 τὸν
1131 4444 1306 4510 μέγαν
1333 4441 1597 4511 ἀρχιερέα
1632 4439 1837 4510 Γρηγό-

1938 3272 2098 3323 unam
2134 3266 2377 3310 sanctam
2409 3264 2462 3310 et
2494 3256 2856 3326 apostolicam
2885 3255 3211 3319 Ecclesiam,
3236 3248 3491 3310 catholici

1935 3362 2127 3402 sumus
2159 3357 2215 3401 et
2242 3347 2613 3416 appellamur;
2650 3346 2743 3415 qni
2779 3346 3032 3400 catholici
3075 3361 3180 3401 non
3213 3357 3496 3407 vocantur,

1934 3437 2048 3492 sive
2069 3438 2161 3507 qui
2194 3454 2311 3490 eam
2339 3453 2445 3490 non
2471 3449 2801 3506 sequuntur,
2839 3438 3220 3492 schismaticos
3240 3435 3500 3501 dicimus,

1933 3545 1996 3583 ac
2031 3529 2176 3598 jure,
2214 3537 2270 3581 ut
2295 3525 2554 3580 arbitror.
2593 3526 2670 3579 Ad
2700 3527 3178 3594 interrogationem
3209 3527 3376 3596 igitur
3404 3543 3501 3582 ve-

1934 3631 2105 3676 stram
2138 3619 2392 3683 dicimus,
2434 3617 2578 3686 quod
2621 3617 2668 3671 si
2704 3631 2842 3671 nova
2875 3624 3021 3670 esset
3055 3627 3231 3670 vestra
3264 3618 3499 3670 interro-

1933 3707 2098 3778 gatio,
2128 3721 2226 3776 pro
2272 3705 2483 3758 viribus
2530 3702 2734 3757 nostris
2775 3704 3185 3771 responsionem
3220 3705 3498 3758 attulisse-

1934 3813 2054 3852 mus
2088 3814 2100 3850 :
2135 3796 2227 3853 sed
2254 3796 2509 3865 quoniam
2538 3795 2683 3862 quod
2717 3808 2813 3847 vos
2842 3793 3020 3847 facitis
3048 3802 3102 3846 et
3132 3794 3222 3847 alii
3248 3805 3374 3848 ante
3403 3810 3498 3847 vos

1933 3896 2181 3956 egerunt,
2213 3902 2315 3940 non
2351 3901 2490 3955 opus
2521 3895 2625 3949 est,
2653 3900 2774 3953 quae
2803 3882 3059 3937 doctores
3085 3881 3408 3952 attigerunt,
3445 3892 3499 3934 et

1935 3980 2322 4050 responsiones
2350 3986 2411 4032 ut
2440 3979 2641 4032 decens
2676 3983 2796 4030 erat
2826 3973 3166 4029 tradiderunt
3191 4010 3206 4036 ,
3237 3987 3334 4026 nos
3364 3972 3500 4026 adeo

1936 4074 2200 4127 audacter
2229 4079 2282 4126 et
2314 4069 2572 4140 perlrieta
2609 4069 2787 4123 fronte
2829 4068 3178 4146 respondere.
3218 4064 3322 4120 Sed
3353 4064 3496 4133 quod

1937 4165 1973 4219 ii
2001 4163 2310 4226 ediderunt,
2343 4163 2577 4230 idipsum
2608 4169 2660 4214 et
2686 4174 2788 4214 nos
2811 4159 3191 4227 adjungemus.
3234 4156 3364 4210 Nam
3403 4157 3502 4212 Pe-

1940 4265 2078 4319 trus,
2125 4254 2382 4309 Ecclesia:
2433 4268 2640 4322 magna:
2691 4251 3133 4312 archidiaconus,
3181 4257 3238 4302 ut
3271 4258 3426 4301 antea
3473 4263 3502 4300 a

1938 4345 2095 4399 nobis
2120 4343 2424 4411 expositum
2456 4351 2563 4404 est,
2594 4355 2790 4407 magno
2815 4335 3058 4405 pontiﬁci
3098 4333 3356 4402 Gregorio
3379 4331 3502 4385 Dia-

1938 4434 2080 4502 logo,
2117 4432 2260 4486 hanc
2292 4445 2454 4499 quam
2486 4429 2541 4482 in
2573 4427 2858 4496 praesentia
2892 4439 2988 4478 vos
3022 4420 3499 4490 interrogationem

261 4563 384 4616 ριον
410 4544 500 4595 τὸν
533 4544 813 4609 Διάλογον,
847 4539 1051 4608 ταύτην
1077 4539 1142 4607 ἢν
1175 4537 1332 4604 ὑμεῖς
1372 4535 1468 4587 νῦν
1501 4531 1828 4602 προϐάλλετε

1939 4523 2270 4595 proponitis,
2299 4520 2548 4576 eamdem
2593 4518 2638 4572 is
2668 4517 2766 4586 ipsi
2801 4514 2947 4571 fecit.
2966 4511 3099 4567 Nam
3126 4513 3195 4564 ita
3229 4512 3282 4564 in
3309 4512 3501 4566 eodem

255 4633 555 4704 ἐρώτησιν,
582 4633 752 4702 αὑτὴν
785 4633 878 4684 καὶ
923 4629 1084 4689 αὑτὸς
1134 4628 1269 4696 πρὸς
1300 4626 1462 4678 αὑτὸν
1493 4623 1787 4694 πεποίηται
1816 4637 1830 4652 ⁸

254 4727 412 4792 λέγει
435 4727 540 4794 γὰρ
585 4723 680 4776 ὡδὶ
712 4725 768 4775 ἰν
816 4722 893 4790 τῷ
939 4720 1089 4789 αὐτῷ
1120 4719 1313 4788 βιϐλίῳ
1349 4717 1458 4770 τῶν
1508 4720 1832 4785 Διαλόγων.

258 4818 474 4886 Πέτρου
534 4816 823 4886 ἐρώτησις.
863 4831 882 4864 ι
932 4813 1057 4864 Ἐὰν
1107 4812 1200 4862 νῦν
1235 4813 1291 4862 ὲν
1317 4810 1396 4878 τῷ
1443 4808 1656 4879 οὖρανῷ
1693 4811 1833 4876 είσιν

254 4911 318 4963 αἱ
372 4906 536 4975 ψυχαὶ
575 4905 681 4956 τῶν
710 4903 953 4968 δικαίων,
1007 4903 1058 4954 τί
1092 4903 1236 4954 ἐστιν
1278 4902 1415 4970 ὅπερ
1447 4901 1504 4952 ὲν
1534 4902 1601 4970 τῇ
1653 4899 1837 4968 ἡμέρᾳ

256 5003 363 5067 τῆς
399 5003 630 5066 κρίσεως
651 4996 938 5065 μέλλουσιν
969 4993 1264 5047 ἀπολαϐεῖν
1288 5007 1336 5060 ;»
1375 4992 1676 5062 Γρηγορίου
1705 4990 1840 5042 ἀπό-

261 5107 470 5160 κρισις.
503 5088 702 5140 «Τοῦτο
730 5089 914 5150 αὑτοῖς
932 5091 990 5140 ὲν
1019 5091 1083 5157 τῇ
1113 5088 1292 5158 κρίσει
1321 5083 1637 5152 θαυμασίως
1667 5075 1842 5152 ὑπάρ-

261 5182 349 5245 ξει
381 5196 393 5209 ο
433 5182 524 5232 νῦν
569 5181 676 5248 γὰρ
711 5179 818 5231 τῶν
847 5179 1038 5249 ψυχῶν
1094 5178 1292 5246 μόνων,
1329 5177 1449 5228 τότε
1493 5176 1548 5228 δὲ
1600 5175 1693 5227 καὶ
1733 5174 1839 5226 τῶν

260 5273 542 5339 σωμάτων
572 5271 670 5337 τὴν
719 5271 1098 5340 μακαριότητα
1137 5269 1532 5338 ἀπολήψονται.
1574 5267 1734 5319 Ὥστε
1783 5268 1841 5318 ὲν

256 5364 404 5429 αὐτῇ
439 5365 500 5430 τῇ
540 5361 702 5430 σαρκὶ
750 5361 945 5422 αὑτοὺς
985 5357 1443 5428 ἀγαλλιασθῆναι,
1479 5359 1536 5410 ἐν
1644 5355 1841 5418 πόνους

260 5452 414 5520 ὑπὲρ
445 5451 684 5520 Χριστοῦ
716 5455 810 5506 καὶ
847 5452 1113 5521 βασάνους
1147 5452 1469 5520 ὑπέμειναν.
1505 5453 1602 5501 Διὰ
1633 5448 1840 5514 ταύτην

260 5543 380 5610 γὰρ
407 5543 503 5612 τὴν
533 5542 724 5610 διπλῆν
751 5545 930 5595 αὐτῶν
975 5543 1154 5609 δόξαν,
1188 5546 1244 5596 ὲν
1272 5545 1338 5612 τῇ
1381 5545 1449 5611 γῇ
1485 5541 1624 5607 ὑπὲρ
1660 5539 1840 5593 αὑτῶν

260 5635 616 5703 γέγραπται’
673 5635 1000 5687 Διπλασίονα
1057 5635 1475 5705 νεμηθήσονται.
1529 5633 1634 5684 Καὶ
1683 5629 1842 5684 τοῦτο

388 5808 432 5840 ⁸⁷
461 5809 561 5863 lsa.
601 5825 709 5874 LXI,
741 5812 792 5864 '7.

1939 4616 2080 4670 libro
2106 4613 2455 4684 Dialogorum
2497 4608 2687 4664 scribit
2719 4607 2817 4663 lib.
2850 4622 2924 4673 tv-,
2951 4619 3072 4690 cap.
3103 4603 3174 4657 ‘25
3200 4619 3214 4655 :
3253 4602 3395 4656 Petri
3423 4603 3506 4656 in-

1940 4704 2233 4774 terrogatio
2264 4719 2278 4756 :
2311 4722 2328 4754 ‹
2367 4701 2424 4756 Si
2457 4701 2619 4771 igitur
2651 4713 2794 4752 nunc
2846 4706 2975 4752 sunt
3026 4696 3082 4749 in
3131 4694 3271 4748 caelo
3305 4692 3505 4749 animae

1936 4795 2234 4865 justorum,
2263 4794 2391 4864 quid
2429 4802 2511 4847 est
2544 4791 2689 4861 quod
2731 4790 2784 4842 in
2818 4787 2905 4842 die
2935 4785 3124 4856 judicii
3162 4799 3258 4854 pro
3282 4784 3509 4851 iustitiae

1939 4903 2051 4944 sua:
2102 4883 2461 4941 retributione
2496 4882 2794 4951 recipient?
2835 4899 2853 4932 ι
2888 4879 3137 4948 Gregorii
3168 4877 3452 4948 responsio
3487 4893 3506 4932 '.

1945 4999 1963 5032 ι
2000 4978 2115 5034 Hoc
2140 4980 2220 5034 eis
2253 4977 2510 5032 nimirum
2561 4975 2762 5029 crescit
2807 4974 2860 5026 in
2902 4971 3132 5040 judicio,
3169 4970 3313 5040 quod
3365 4984 3509 5023 nunc

1937 5071 2243 5126 animarum
2306 5065 2719 5127 tantummodo,
2773 5063 3118 5132 postmodum
3168 5075 3296 5115 vero
3344 5061 3506 5113 etiam

1939 5178 2227 5232 corporum
2263 5159 2597 5214 beatitudine
2623 5157 2991 5226 perfruentur,
3028 5162 3083 5208 ut
3131 5153 3184 5206 in
3233 5153 3348 5221 ipsa
3371 5166 3509 5219 quo~

1939 5271 2047 5326 que
2097 5268 2262 5308 carne
2307 5250 2584 5320 gaudeant
2630 5250 2683 5303 in
2730 5264 2836 5318 qua
2889 5248 3106 5302 dolores
3138 5258 3236 5313 pro
3274 5243 3508 5297 Domino

1939 5345 2327 5412 cruciatusque
2359 5341 2716 5411 pertulerunt.
2771 5331 2811 5390 ι’
2834 5339 2939 5393 Pro
2977 5337 3078 5392 hac
3103 5336 3305 5405 quippe
3344 5334 3513 5402 gemi-

1940 5450 2064 5493 nata
2094 5451 2281 5490 eorum
2310 5433 2480 5504 gloria
2516 5431 2780 5501 scriptum
2817 5440 2897 5484 est
2929 5448 2943 5484 :
2975 5445 2994 5478 ι
3026 5425 3084 5480 1η
3113 5435 3256 5481 terra
3288 5439 3386 5478 sua
3411 5424 3514 5478 du-

1943 5531 2102 5600 plicia
2137 5527 2500 5599 possidebunt
2530 5524 2596 5578 '7.
2647 5543 2665 5576 ι
2709 5523 2846 5578 [line
2889 5522 3052 5577 etiam
3097 5527 3224 5574 ante
3265 5531 3512 5573 resurre»

1944 5626 2144 5682 ctionis
2181 5625 2329 5680 diem
2357 5622 2427 5679 de
2460 5629 2776 5677 sanctorum
2805 5617 3091 5672 animabus
3108 5617 3364 5682 scriptum
3389 5619 3507 5664 est:
