3992 6430
297 410 442 476 1285

730 409 882 472 Pno
922 410 1131 470 coxo.
1190 408 1563 471 FLORENT.
1600 411 1759 474 car.
1810 413 1906 472 tv.
1954 390 2513 474 ou'rtwt'rttms
2559 411 3051 477 SANCTORUM.

3416 416 3555 481 i286

295 523 425 577 καθ’
449 523 661 605 ἡμέραν
687 540 701 555 ·
731 524 823 577 xal
848 527 1075 594 μηναῖα,
1103 524 1193 576 καὶ
1212 523 1456 595 τριῴδια,
1482 527 1577 580 καὶ
1595 527 1765 596 λόγοι,
1789 527 1870 582 καλ

1986 541 2209 591 morem,
2237 529 2420 582 omnis
2476 528 2592 583 fere
2631 516 2895 585 Ecclesiae
2928 539 3128 584 nostra:
3170 529 3440 599 scriptura
3479 534 3554 587 ita

298 617 712 686 μεταφραστὴς,
741 616 836 670 καὶ
870 618 1333 689 πεντηκοστάρια,
1364 620 1457 673 καὶ
1491 619 1750 690 στιχηρά,
1774 622 1871 672 καὶ

293 709 572 779 τροπάρια
596 726 611 740 ·
647 711 745 765 καὶ⁸
786 709 1047 779 ίδιόμελα,
1103 712 1197 763 καὶ
1247 711 1535 775 κοντάκια,
1569 710 1664 763 καὶ
1709 705 1872 775 οἶκοι,

295 797 396 854 καὶ
420 799 741 872 συναεάρια,
774 801 868 853 καὶ
891 801 1369 868 ἐξαποστειλάρια,
1406 801 1501 855 xal
1531 801 1619 854 ἵνα
1647 801 1722 870 μὴ
1749 797 1875 855 καθ’

293 889 527 943 ἕκαστον
573 891 738 959 λέγω,
775 892 923 944 πᾶσα
977 891 1165 953 ἁπλῶς
1202 891 1382 944 είπεῖν
1427 892 1459 961 ᾗ
1505 891 1606 959 τῆς
1651 890 1878 960 Ἐκκλη-

297 978 419 1045 σίας
468 978 627 1051 ἡμῶν
662 982 980 1053 συγγραφὴ,
1021 983 1226 1050 ταύτην
1278 982 1390 1052 ἔχει
1444 982 1543 1054 τὴν
1590 981 1767 1047 δόξαν.
1806 983 1870 1034 Ol

292 1071 405 1141 γὰρ
462 1073 562 1142 τῆς
602 1072 929 1144 Ἑκκλησίας
990 1074 1229 1140 θεολόγοι
1277 1090 1335 1125 τε
1388 1080 1481 1128 καὶ
1537 1072 1870 1140 διδάσκαλοι,

1975 618 2143 673 sentit
2186 634 2200 671 :
2254 634 2377 673 nam
2412 618 2669 674 Ecclesia:
2699 621 2934 689 theologi
2968 636 3030 675 ac
3062 620 3339 686 doctores,
3379 634 3551 692 poene

1973 709 2302 780 melodique,
2324 710 2591 779 profunda
2620 713 2976 768 meditatione
2999 714 3421 783 perpendentes,
3446 714 3552 772 bac

1979 810 2312 866 statuerunt,
2346 806 2504 872 quasi
2544 821 2609 860 ex
2652 821 2760 860 uno
2786 815 2998 861 cratere
3028 806 3307 875 sapientia:
3347 808 3554 865 relerto

1979 910 2175 949 omnes
2203 898 2428 951 omnino
2460 897 2786 954 hauriendo.
2815 897 3028 970 Idcirco
3060 915 3162 954 nec
3190 893 3508 957 discordant
3536 939 3552 968 .

1981 998 2081 1038 nec
2112 984 2224 1039 sibi
2253 987 2639 1042 contradicunt
2669 998 2882 1056 mutuo,
2916 1005 3016 1046 nec
3048 990 3384 1051 dissentiunt
3414 995 3557 1051 inter

1981 1092 2060 1133 se.

292 1169 514 1239 ποιηταί
545 1185 605 1221 τε
642 1167 738 1220 καὶ
787 1169 1038 1239 μελῳδοὶ,
1084 1168 1262 1239 ὑψηλῇ
1310 1169 1519 1239 διανοίᾳ
1565 1167 2021 1237 διασκεψάμενοι,
2051 1172 2200 1227 τοῦτ’
2223 1174 2611 1244 ὲδογμάτισαν,
2674 1179 2751 1242 ὡς
2804 1180 2865 1245 ἐξ
2930 1181 3048 1242 ἐνὸς
3076 1182 3358 1254 κρατῆρος
3390 1186 3557 1254 erit.

294 1279 425 1332 ρους
453 1262 601 1324 ὄντος
636 1261 846 1328 σοφίας,
875 1261 1072 1322 πάντες
1114 1261 1285 1331 ἄρδην
1316 1261 1745 1331 μεταλαϐόντες.
1770 1261 1861 1315 Διδ
1895 1263 1990 1316 καὶ
2022 1265 2084 1317 οὐ
2119 1265 2502 1337 διαφωνοῦσιν,
2528 1269 2637 1325 οὐδ’
2664 1272 3036 1340 ἀντιλέγουσιν
3092 1274 3372 1348 ἀλλήλοις,
3441 1262 3551 1329 οὐδ’

293 1355 579 1423 ἀντίφασίς
618 1357 764 1406 ἐστιν
798 1356 855 1407 ὲν
890 1355 1097 1416 αὐτοῖς.

1036 1449 1111 1506 E'.

366 1546 536 1599 Πόθεν
568 1544 659 1599 οὖν
692 1542 966 1613 ape-1’50;
992 1561 1008 1606 ;
1046 1546 1152 1596 άπδ
1186 1545 1285 1614 τῆς
1317 1545 1543 1616 πρώτης
1573 1545 1667 1598 τοῦ
1701 1545 1869 1616 μηνὸς

294 1637 690 1708 Σεπτεμϐρίου,
727 1638 786 1689 ἐν
836 1638 947 1697 τοῖς
971 1636 1271 1705 ’ἰδιομέλοις
1310 1638 1400 1691 τοῦ
1444 1634 1602 1703 ἁγίου
1640 1636 1872 1705 Συμεὼν

290 1730 388 1782 τοῦ
418 1728 693 1782 Στυλίτου.
733 1745 751 1779 t
797 1726 857 1781 Ἡ
883 1728 1012 1795 ἁγία
1046 1746 1139 1781 σου
1169 1730 1336 1798 ψυχὴ,
1367 1730 1522 1799 φησὶ.
1554 1730 1734 1797 Πάτερ
1767 1728 1872 1780 Συ-

298 1818 466 1889 μεὼν.
507 1816 758 1887 ἀγγέλοις
791 1819 1026 1872 συνοῦσα
1052 1820 1365 1887 ἀγάλλεται.
1404 1838 1423 1871 »
1465 1820 1571 1872 Kal
1608 1822 1666 1871 ἐν
1699 1818 1867 1887 ἄλλῳ,

2048 1544 2203 1600 Unde
2232 1546 2397 1611 igitur
2442 1548 2835 1604 exordiantur?
2880 1551 2926 1604 Α
2982 1553 3153 1621 prima
3198 1554 3288 1610 die
3343 1560 3551 1614 mensis

1977 1636 2320 1705 Septembris
2357 1639 2409 1691 in
2460 1641 2733 1696 idiomelis
2782 1643 2892 1697 divi
2946 1641 3223 1701 Sitneunis
3272 1648 3481 1721 Styls'ta
3522 1670 3536 1706 :

1983 1746 2002 1779 ι
2038 1727 2234 1783 Sancta
2277 1740 2366 1785 tua
2403 1731 2587 1786 anima
2613 1770 2631 1795 ,
2656 1734 2860 1802 inquit,
2894 1747 3048 1803 pater
3080 1737 3328 1804 Simeon,
3366 1742 3423 1795 in
3452 1758 3550 1797 so-

1978 1819 2176 1873 cietate
2199 1820 2437 1874 exsultat
2460 1808 2780 1889 angelorum
2809 1838 2824 1885 ;
2859 1843 2877 1875 »
2911 1833 2966 1878 et
3005 1825 3060 1880 in
3093 1826 3237 1883 alio:
3274 1847 3294 1881 t
3327 1829 3393 1885 Et
3425 1847 3549 1886 cum

299 1927 317 1960 ι
357 1910 466 1961 Kal
491 1909 634 1977 μετὰ
664 1908 773 1960 τῶν
811 1910 1120 1978 ἀσωμάτων
1165 1910 1408 1979 χορεύων
1439 1911 1494 1961 ὲν
1532 1911 1805 1976 οὐρανοῖς.
1842 1926 1860 1960 »

1977 1912 2321 1980 ineorporeis
2360 1912 2412 1964 in
2443 1913 2582 1967 ocello
2606 1915 2938 1983 tripudians;
2973 1935 2991 1967 »
3024 1932 3219 1973 rursus
3249 1921 3302 1973 in
3334 1924 3505 1977 altero
3537 1940 3550 1977 :

305 1999 395 2053 Ἐν
418 2000 590 2071 ἑτέρῳ
628 2000 673 2053 δ’
706 1998 882 2063 αὖθις,
923 2018 941 2051 t
986 2001 1094 2054 Kal
1124 2002 1220 2054 σὺν
1268 2001 1521 2068 ἀγγέλοις
1553 2000 1669 2070 Θεῷ
1703 2018 1871 2071 παρι-

291 2094 613 2162 στάμενος.»
668 2093 747 2163 Τῇ
777 2096 993 2163 εἰκοστῇ
1021 2094 1184 2166 ὀγδόῃ
1233 2094 1326 2148 τοῦ
1357 2096 1520 2149 αὐτοῦ
1554 2097 1743 2165 μηνὸς,
1776 2095 1870 2149 τοῦ

291 2185 451 2252 ἁγίου
482 2184 771 2254 κυριακοῦ,
816 2185 913 2237 καὶ
945 2185 1038 2238 νῦν
1066 2187 1238 2249 οἰκεῖς
1268 2186 1357 2239 τὸν
1404 2187 1756 2257 παράδεισον,
1782 2190 1871 2243 διὰ

292 2276 494 2338 παντὸς
534 2275 986 2346 εὐφραινόμενος.
1028 2276 1351 2348 Ὀκτωϐρίῳ
1376 2277 1568 2351 πρώτῃ
1591 2279 1685 2332 τοῦ
1711 2281 1868 2347 άγῑου

306 2367 613 2438 Ῥωμανοῦ,
650 2367 790 2439 μετὰ
832 2368 1057 2421 δικαίων
1087 2367 1233 2422 ἔνδον
1264 2372 1344 2433 εἰς
1390 2369 1543 2423 θείαν
1571 2364 1869 2438 δόξανκα-

298 2459 676 2529 τασκηνώσας,
716 2459 933 2529 βλέπεις
960 2461 1057 2523 τὴν
1086 2464 1427 2531 τερπνότητα
1462 2462 1561 2531 τὴν
1589 2464 1871 2529 ἄφραστον

296 2552 515 2621 ἐκείνην
541 2565 555 2581 ·
581 2550 800 2619 βλέπεις
830 2551 929 2637 τῂν
968 2553 1179 2623 τρυφὴν
1213 2554 1311 2622 τὴν
1339 2554 1575 2622 ἄληκτον
1602 2570 1615 2584 ·
1648 2554 1871 2624 βλέπεις

292 2647 360 2697 τά
389 2642 560 2715 κάλλη
594 2643 701 2697 τῶν
728 2643 997 2713 οὐρανῶν,
1027 2645 1095 2697 τά
1122 2644 1290 2704 ὅντως
1329 2647 1571 2715 ἑράσμια
1601 2662 1615 2676 ο
1652 2646 1870 2713 βλέπεις

296 2732 652 2804 πατριαρχῶν
703 2732 803 2795 τὶς
832 2733 1074 2804 χορείας,
1136 2736 1544 2804 μακαριώτατε.
1589 2738 1679 2806 Τῷ
1722 2738 1873 2808 αὐτῷ

297 2828 431 2896 μηνὶ
475 2828 696 2897 εἰκοστῇ
721 2825 856 2896 ἕκτῃ
905 2827 999 2880 τοῦ
1039 2826 1197 2895 ἁγίου
1230 2827 1723 2899 μεγαλομάρτυρος
1769 2831 1873 2900 Δη-

297 2918 552 2988 μητρίου*
583 2916 695 2988 ἔχει
720 2917 818 2987 μὲν
844 2918 881 2989 ἡ
907 2918 1155 2990 θειοτάτη
1185 2936 1277 2973 σου
1301 2922 1467 2992 ψυχὴ,
1490 2923 1585 2974 καὶ
1612 2923 1870 2992 ἄμωμος,

294 3009 507 3079 άοίδιμε
542 3009 853 3079 Δημήτριε,
885 3010 983 3078 τὴν
1010 3011 1263 3079 οὐράνιον
1293 3012 1659 3082 Ἰερουσαλὴμ
1687 3030 1873 3067 κατοι-

293 3103 581 3174 κητήριον.
620 3120 638 3155 »
674 3103 786 3155 Kal
825 3101 1002 3167 αὖθις,
1042 3120 1060 3155 ι
1097 3103 1190 3166 Εἰς
1223 3104 1293 3155 τά
1345 3104 1697 3175 ὐπερκόσμια
1742 3122 1874 3175 σκη-

292 3195 523 3264 νώματα
576 3194 636 3246 τὸ
687 3192 905 3262 πνεῦμά
941 3210 1059 3258 σου,
1117 3194 1400 3264 Δημήτριε
1450 3196 1664 3265 μάρτυς
1719 3200 1870 3268 σοφὲ,

294 3286 526 3354 Χριστὸς
553 3288 584 3339 ό
612 3285 744 3349 Θεὸς
776 3287 1092 3357 προσήκατο
1137 3284 1459 3356 ἀμώμητον.
1499 3306 1517 3339 »
1554 3288 1667 3343 Καὶ
1709 3290 1872 3344 ἀλλα·

294 3377 413 3448 χοῦ,
459 3397 476 3429 ι
518 3379 609 3447 Τῷ
654 3377 773 3448 Θεῷ
806 3379 1170 3441 ἀδιαλείπτως
1219 3379 1651 3448 παριστάμενος.
1697 3399 1715 3432 »
1758 3383 1869 3435 Kal

291 3472 459 3527 πάλιν
501 3470 864 3542 τρανὼτερον,
901 3490 919 3524 ι
960 3472 1063 3525 Τοῦ
1094 3472 1371 3543 μακαρίου
1422 3472 1615 3542 ἔτυχες
1657 3475 1865 3539 τέλους,

291 3565 700 3632 παριστάμενος
735 3563 960 3634 Χριστῷ
985 3577 999 3592 ⁶
1032 3563 1265 3625 ἐκτενῶς
1309 3562 1543 3620 ἱκέτευε.
1586 3583 1606 3616 »
1643 3565 1753 3620 Kal
1780 3561 1868 3630 αὖ,

296 3673 314 3707 ι
351 3655 467 3708 Νῦν
499 3653 1069 3725 πρόσωπον-Χριστοῦ
1103 3654 1341 3725 καθορᾷς
1374 3657 1438 3711 σὺ
1487 3657 1622 3726 πρὸς
1654 3659 1870 3726 πρόσω-

293 3765 418 3813 πον,
453 3740 497 3799 ῶ
529 3747 785 3816 Κύριλλε·
819 3748 925 3798 τῶν
972 3746 1254 3816 ἐσόπτρων
1301 3748 1531 3818 ἀληθείᾳ
1575 3749 1871 3811 λυθέντων,

289 3844 510 3912 ἡνώθης
563 3857 657 3893 σου
705 3839 784 3908 τῷ
838 3838 1025 3910 ἔρωτι.
1070 3858 1088 3891 »
1122 3840 1229 3893 Kal
1265 3842 1448 3904 πάλιν,
1484 3862 1503 3893 ι
1544 3843 1870 3910 Μνημῦνευε

294 3932 390 3987 καὶ
418 3932 598 4003 ἡμῶν,
637 3932 817 4000 Πάτερ
845 3931 1116 3993 Βασδλειε,
1152 3932 1435 4000 παρεστὼς
1480 3934 1548 4000 τῇ
1582 3931 1774 4002 Τριάδι
1803 3934 1867 4000 τῇ

290 4022 613 4094 ὀμοουσίῳ.»
649 4022 907 4092 Ἀλλαχοῢ
937 4022 1013 4086 δὲ,
1056 4042 1072 4073 ι
1107 4024 1213 4075 Kal
1239 4022 1333 4073 νῦν
1367 4024 1425 4074 ὲν
1457 4022 1705 4090 οὐρανοῖς
1759 4022 1866 4074 τῶν

292 4115 572 4185 ἑσόπτρων
597 4112 883 4177 λυθέντων,
936 4112 1206 4176 Ἀντώνιε,
1252 4106 1505 4181 καθαρῶς
1551 4099 1872 4172 ὲποπτεύεις

290 4205 393 4273 τὴν
440 4204 600 4271 ἁγίαν
649 4203 881 4273 Τριάδα,
946 4202 1289 4271 ἐντυγχάνων
1321 4203 1560 4271 ἁμέσως.
1604 4220 1625 4253 »
1675 4202 1784 4254 Καὶ
1814 4202 1873 4254 ἐν

291 4297 405 4361 τοῖς
456 4293 549 4346 τοῦ
603 4293 840 4362 μεγάλου
888 4292 1186 4360 Γεωργίου,
1234 4291 1312 4361 πῆ
1344 4292 1447 4361 μέν
1492 4309 1654 4362 φησι,
1706 4310 1726 4344 ι
1764 4292 1875 4345 Καὶ

293 4386 460 4451 ἐδέξω
508 4387 572 4438 hc
605 4383 740 4437 Θεοῦ
774 4384 868 4438 τὸν
900 4384 997 4451 τῆς
1037 4382 1194 4449 νίκης
1247 4399 1341 4434 σου
1387 4382 1654 4448 στέφανον
1680 4400 1693 4412 ·
1732 4401 1750 4433 »
1795 4383 1873 4452 πῆ

293 4478 372 4541 δὲ,
402 4494 421 4527 ι
462 4474 890 4547 Συμόασιλεύεις
919 4471 1140 4544 Χριστῷ
1171 4472 1554 4542 λαμπρότατα,
1584 4472 1873 4542 πορφύραν

294 4571 357 4635 ἐξ
388 4571 615 4639 αἶματος
650 4567 1011 4636 ἐνδυσάμενος
1071 4567 1302 4636 φαιδρὰν
1326 4579 1341 4595 ο
1370 4565 1466 4620 καὶ
1500 4564 1577 4634 τῷ
1608 4569 1873 4635 σκήπτρῳ
1905 4576 1950 4633 ι)

292 4656 401 4708 τῶν
436 4655 611 4711 ἄθλων
664 4671 760 4707 σου
814 4655 1278 4723 εὐκοσμούμενος,
1330 4654 1425 4707 καὶ
1479 4656 1729 4723 στεφάνῳ
1773 4653 1869 4722 τῆς

291 4745 452 4814 δόξης
479 4744 797 4811 διαπρέπων
828 4744 1172 4813 ἀπεράντους
1191 4743 1271 4806 είς
1293 4742 1548 4805 αἰῶνας.»
1579 4742 1688 4794 Καὶ
1716 4741 1871 4794 ἀλλα-

291 4837 389 4909 χοῦ
417 4855 431 4869 ·
465 4856 483 4888 ι
524 4836 773 4908 Σήμερον
800 4832 894 4888 τοῦ
938 4833 1177 4905 Χριστοῦ
1215 4835 1242 4886 ὁ
1278 4835 1487 4905 μάρτυς
1520 4833 1871 4904 θριαμϐεύων

290 4932 390 4999 τὴν
420 4930 652 4998 πλάνην,
679 4926 1090 4996 καταλαμϐάνει
1114 4924 1181 4978 τά
1199 4927 1426 4996 οὐράνια
1453 4943 1465 4955 ·
1491 4928 1584 4978 καὶ
1614 4928 1671 4977 ὲν
1697 4925 1872 4996 θρόνῳ

288 5023 447 5093 δόξης
504 5021 581 5091 τῷ
640 5019 960 5089 καθημένῳ,
1014 5020 1319 5089 προσφέρει
1377 5018 1479 5084 τῆς
1533 5017 1752 5087 σφαγῆς
1813 5019 1873 5069 τὸ

290 5114 451 5187 αἷμα.
491 5134 510 5167 »
549 5116 659 5167 Kal
690 5115 747 5166 ὲν
771 5112 944 5183 ἄλλῳ,
980 5131 999 5164 ι
1046 5111 1105 5166 '0
1132 5110 1384 5182 λαμπρὸς
1411 5111 1668 5180 ἀριστεὺς
1692 5110 1871 5180 Γεώρ-

291 5226 432 5277 γιος,
463 5208 521 5260 ὲν
552 5209 619 5277 τῇ
649 5205 844 5276 ἐνδόξῳ
875 5203 1040 5258 αὑτοῦ
1079 5203 1305 5271 ἀθλήσει
1330 5203 1429 5265 τάς
1458 5203 1574 5257 άνω
1601 5202 1864 5272 δυνάμεις

292 5302 624 5371 εὐφραίνων,
665 5299 761 5351 καὶ
796 5299 893 5350 σὺν
936 5297 1129 5358 αὐταῖς
1157 5294 1525 5363 ἀγαλλόμενος
1563 5293 1677 5349 νῦν.
1715 5311 1732 5343 »
1778 5295 1870 5351 Ἐν

290 5392 350 5445 δὲ
379 5395 445 5453 τῇ
490 5392 657 5446 ἐνάτη
696 5388 791 5442 τοῦ
821 5387 1061 5459 μεγάλου
1109 5384 1350 5449 Παύλου,
1390 5382 1610 5436 Ἰουνίου
1646 5386 1869 5455 εἰκοστῇ

292 5485 481 5555 ἐνάτῃ,
518 5500 539 5533 t
576 5482 689 5536 Νῦν
734 5482 834 5534 οὐκ
864 5482 921 5532 ὲν
964 5477 1308 5547 αἰνίγμασιν,
1349 5475 1471 5528 οὐδὲ
1527 5477 1585 5527 ἐν
1617 5476 1870 5547 ἐσόπτρῳ

292 5574 526 5646 Χριστός
559 5591 640 5627 σοι
689 5574 985 5626 δπτάνεται
1012 5587 1026 5603 ⁸
1062 5573 1199 5640 πρὶς
1250 5571 1544 5639 πρόσωπον
1575 5567 1632 5620 δὲ
1665 5567 1869 5636 μᾶλλον

292 5670 487 5740 δρᾶται
507 5668 821 5737 πρόσωπον,
838 5664 1050 5718 τελείαν
1075 5678 1156 5715 σοι
1170 5660 1271 5732 τὴν
1287 5660 1445 5724 δόξαν
1464 5656 1868 5711 ἀποκαλύπτων

293 5767 392 5834 τῆς
420 5761 685 5822 θεώσεως.
721 5779 742 5810 »
774 5761 880 5810 Kal
900 5761 957 5810 ὲν
989 5757 1189 5820 ἄλλοις,
1225 5773 1243 5805 t
1291 5753 1463 5823 ’Υπὲρ
1493 5750 1732 5822 Χριστοῦ
1763 5769 1870 5805 πα-

295 5849 568 5922 θόντες,ὧ
596 5852 885 5923 ἀθλοφόροι
920 5850 1221 5923 μάρτυρες,
1254 5847 1433 5919 ψυχᾶς
1468 5846 1567 5918 μὲν
1599 5844 1748 5916 ελετε
1784 5847 1874 5921 είς.

1983 2021 2002 2053 ι
2036 2000 2172 2057 Cum
2225 2004 2435 2073 angelis
2484 2004 2592 2057 Deo
2637 2006 2922 2062 assiste-ns.
2959 2027 2978 2058 »
3028 2007 3298 2065 Vicesima
3339 2021 3535 2068 cetera

1976 2094 2219 2161 ejusdem
2253 2096 2458 2151 mensis
2485 2094 2551 2151 de
2574 2096 2630 2151 S.
2656 2095 2930 2168 Cypriane
2958 2117 2974 2151 :
3009 2117 3027 2151 t
3063 2101 3127 2153 Et
3159 2117 3302 2156 nunc
3330 2105 3556 2170 paradi.

1980 2198 2104 2239 Sum
2134 2182 2338 2237 incolis
2369 2183 2422 2236 in
2463 2185 2613 2238 omni
2644 2185 2828 2240 laztitia
2860 2187 3213 2245 constitutus.
3243 2208 3261 2240 »
3300 2191 3552 2247 Octolttis

1977 2272 2173 2340 prima,
2204 2272 2270 2327 tle
2298 2273 2425 2327 divo
2468 2276 2715 2328 Romano
2748 2293 2764 2330 :
2795 2294 2815 2327 ι
2854 2277 2988 2330 Cum
3019 2277 3180 2348 iustis
3212 2280 3359 2334 intus
3386 2281 3439 2333 in
3468 2282 3552 2334 di-

1976 2365 2099 2417 vina
2125 2364 2297 2434 gloria
2332 2365 2674 2430 inhabitans,
2718 2366 3141 2423 oblectationem
3176 2370 3319 2425 illam
3352 2371 3550 2426 ineﬂa-

1974 2454 2138 2510 bilem
2170 2457 2395 2526 aspicis.
2430 2457 2589 2513 Vides
2634 2458 3006 2514 indesinentes
3045 2461 3304 2526 delicias,
3337 2463 3549 2534 aspicis

1974 2545 2237 2601 malorum
2269 2546 2753 2615 pulchritudinem,
2802 2563 2927 2618 quae
2952 2564 3078 2614 γει-ο
3120 2560 3201 2606 est
3244 2553 3498 2609 amabilis
3525 2592 3542 2618 .

1975 2639 2193 2707 aspicis,
2229 2639 2578 2705 beatissime,
2614 2641 2844 2695 choreas
2880 2642 3340 2709 patriarcharum.
3372 2663 3395 2696 »
3430 2644 3540 2699 Eo-

1974 2730 2095 2783 dem
2131 2746 2317 2785 mense
2346 2747 2510 2794 τινι,
2543 2733 2609 2787 de
2644 2732 2769 2786 divo
2804 2731 3080 2788 Demetrio
3115 2749 3313 2803 magno
3344 2745 3549 2806 mat-ty-

1977 2836 2036 2875 re
2066 2840 2080 2876 :
2115 2840 2133 2872 ι
2162 2821 2334 2876 liabet
2364 2822 2582 2891 quidem
2622 2831 2714 2879 tua
2741 2823 2920 2879 divina
2952 2826 3159 2889 aniu-a,
3187 2834 3242 2879 et
3281 2827 3549 2881 immacu-

1975 2912 2107 2976 lata,
2145 2912 2381 2981 gloriose
2419 2912 2698 2979 Demetri,
2730 2915 3010 2970 casiestem
3060 2931 3157 2985 pro
3207 2917 3545 2972 habitatione

1975 3003 2303 3058 Jerusalem.
2351 3023 2369 3056 »
2399 3003 2466 3058 Et
2493 3006 2687 3059 iterum
2720 3022 2735 3059 :
2768 3022 2789 3057 ι
2825 3003 2882 3060 lu
2918 3007 3362 3061 ultramundanas
3389 3008 3548 3062 sedet

1979 3093 2393 3149 immaculatum
2435 3096 2690 3165 spiritum
2729 3106 2904 3160 tuum,
2958 3098 3174 3166 sapiens
3210 3110 3417 3164 martyr
3446 3096 3551 3154 De-

1978 3184 2158 3250 metri,
2193 3185 2445 3239 Christus
2476 3186 2617 3240 Deus
2646 3187 2874 3253 recepit.
2909 3204 2927 3238 »
2967 3188 3031 3241 Et
3055 3188 3184 3240 alibi
3213 3205 3226 3240 :
3259 3204 3278 3238 ι
3314 3187 3428 3242 Deo
3457 3205 3552 3244 as-

1978 3277 2135 3331 sidue
2165 3278 2453 3333 assistens.
2488 3296 2505 3329 »
2552 3276 2615 3331 Et
2649 3293 2843 3335 rursus
2874 3295 2890 3332 :
2924 3296 2944 3331 ι
2982 3278 3318 3335 Manifestius
3372 3280 3545 3335 beati-

1977 3366 2181 3422 tudinis
2211 3371 2370 3423 nnem
2405 3386 2463 3424 es
2498 3380 2831 3427 consecutus
2869 3372 3090 3426 Christo
3117 3373 3406 3439 assistens,
3434 3381 3548 3426 toto

1972 3460 2135 3514 corde
2167 3461 2478 3529 deprecare.
2519 3480 2538 3514 »
2579 3463 2645 3515 Et
2696 3463 2892 3519 iterum
2925 3482 2940 3518 :
2973 3482 2993 3515 ι
3031 3462 3186 3529 Nunc
3234 3472 3288 3519 tu
3335 3463 3540 3519 Christi

1973 3550 2179 3603 vultum
2207 3550 2438 3603 intueris
2461 3551 2514 3603 in
2545 3550 2764 3614 faciem,
2799 3567 2831 3604 ο
2860 3551 3096 3621 Cyrille.
3139 3554 3381 3621 speculis
3408 3569 3535 3609 vere

1972 3639 2290 3704 confractis,
2331 3652 2422 3695 tuo
2452 3641 2641 3696 divino
2666 3641 2843 3696 amori
2881 3643 3107 3710 junctus
3135 3659 3218 3698 es.
3260 3663 3279 3695 »
3320 3644 3384 3699 Et
3418 3662 3536 3699 ruro

1973 3748 2067 3787 sus
2098 3748 2115 3787 :
2162 3749 2181 3782 ι
2216 3716 2525 3786 Recordare
2556 3732 2752 3799 nostri,
2786 3741 2937 3799 pater
2966 3733 3152 3798 Basili,
3183 3735 3549 3790 consubstan-

1977 3824 2087 3878 tiali
2112 3822 2364 3877 Trinitati
2397 3824 2715 3879 assistens.»
2746 3823 2889 3878 Alibi
2924 3841 2937 3877 :
2977 3842 2997 3876 ι
3031 3820 3100 3879 Et
3126 3840 3274 3879 nunc
3300 3826 3352 3880 in
3387 3827 3546 3883 oculis

1975 3915 2213 3983 speculis
2243 3916 2512 3980 eil‘ractis,
2539 3916 2767 3981 Antoni,
2794 3917 3006 3969 sincere
3036 3923 3282 3981 sanctam
3318 3914 3553 3984 inspicis

1976 4000 2296 4059 Trinitatem
2325 4005 2463 4059 citra
2494 4004 2730 4059 medium
2762 4020 3144 4074 congressus.»
3171 4003 3238 4058 Et
3252 4005 3321 4061 tle
3344 4022 3546 4076 magno

1974 4096 2235 4164 Gregorio
2270 4111 2284 4148 :
2317 4112 2335 4144 ι
2373 4092 2602 4159 Partim,
2636 4097 2834 4165 inquit,
2861 4096 3101 4151 victoriae
3138 4105 3242 4152 tua:
3272 4112 3533 4154 coronant

1978 4186 2270 4256 recepisti,
2310 4186 2505 4254 partim
2547 4201 2678 4244 vero
2716 4201 2844 4243 cum
2873 4184 3091 4243 Christo
3122 4202 3323 4258 regnas
3357 4189 3547 4260 splen-

1976 4276 2263 4329 didissima
2294 4289 2359 4329 ex
2398 4277 2660 4347 sanguine
2688 4291 2928 4345 purpura
2964 4277 3207 4341 indutus,
3237 4286 3293 4331 et
3326 4286 3545 4347 sceptro

1979 4378 2193 4421 tuorum
2247 4368 2608 4422 certaminum
2671 4376 2934 4430 ornatus,
2996 4378 3049 4420 et
3101 4382 3305 4420 corona
3358 4367 3546 4437 gloria:

1977 4457 2399 4524 conspicnus‘in
2442 4457 2649 4510 inﬁnita
2682 4456 2904 4510 szecula.
2942 4475 2960 4507 »
3009 4456 3076 4509 Et
3101 4457 3274 4510 alibi:
3311 4474 3329 4507 ι
3374 4458 3545 4511 Hodie

1978 4558 2188 4617 martyr
2216 4547 2282 4601 de
2323 4548 2765 4617 peregrinatione
2796 4546 3138 4615 triumphans
3165 4546 3235 4599 ad
3287 4547 3547 4603 emlestia

1978 4636 2243 4703 pervenit,
2272 4647 2327 4689 et
2358 4638 2412 4690 in
2442 4636 2629 4705 gloriae
2656 4635 2855 4690 throno
2892 4634 3103 4688 sedenti
3136 4633 3296 4688 oﬂert
3316 4635 3542 4702 sangui-

1976 4742 2097 4780 nem
2136 4726 2321 4781 caedis.
2376 4748 2394 4781 »
2438 4727 2493 4779 Iit
2543 4728 2596 4780 in
2641 4723 2748 4780 alio
2782 4742 2796 4778 :
2835 4745 2853 4777 ι
2888 4722 3120 4795 Insignis
3173 4736 3226 4779 et
3281 4735 3547 4781 strenuus

1973 4813 2237 4886 Georgius
2266 4818 2317 4870 in
2346 4831 2444 4870 suo
2475 4814 2717 4886 glorioso
2744 4813 3052 4869 certamine
3091 4826 3358 4881 supernas
3386 4821 3545 4881 pote-

1974 4915 2143 4962 states
2174 4907 2458 4962 ltetii‘tcans
2491 4916 2542 4960 et
2571 4920 2715 4960 nunc
2744 4921 2848 4959 una
2883 4919 3006 4959 cum
3040 4903 3172 4972 ipsis
3203 4903 3543 4959 exsultans.»

1973 4997 2031 5052 ln
2068 5012 2232 5063 nona,
2283 5000 2350 5052 de
2391 5011 2587 5065 magno
2636 4994 2804 5049 Paulo
2846 4994 2988 5050 Junii
3042 4994 3300 5049 vicesima
3342 5008 3489 5048 nona
3523 5036 3547 5058 ,

1979 5103 1998 5136 ι
2028 5083 2184 5140 Nunc
2207 5100 2315 5138 non
2349 5082 2402 5138 in
2435 5087 2724 5153 aenigmate
2754 5098 2932 5151 neque
2962 5082 3017 5137 in
3048 5082 3272 5150 speculo
3293 5078 3553 5139 Christus
3623 5085 3635 5096 '

1971 5192 2002 5232 a
2033 5186 2085 5233 te
2118 5175 2488 5247 conspicitur;
2538 5179 2646 5231 imo
2679 5176 2731 5229 in
2784 5174 2983 5241 facient
3020 5173 3191 5231 iacies
3242 5173 3534 5243 aspicitur,

1973 5270 2238 5338 integram
2275 5267 2370 5324 tibi
2400 5266 2704 5323 divinitatis
2733 5267 2959 5339 gloriam
3003 5256 3281 5338 detegens.
3327 5290 3347 5319 »
3385 5264 3455 5320 Et
3486 5267 3547 5322 itr

1971 5358 2092 5414 aliis
2121 5377 2135 5413 :
2177 5357 2313 5414 «Pro
2346 5355 2566 5413 Christo
2599 5359 2766 5428 passi,
2791 5375 2822 5415 ο
2853 5359 3220 5414 decertatores
3252 5367 3549 5430 martyres,

1971 5452 2184 5506 animas
2221 5451 2275 5504 in
2309 5450 2477 5504 caelos
2504 5442 2715 5505 habetis
2745 5448 2801 5505 in
2834 5466 2994 5504 manu
3026 5446 3173 5504 Dei.»
3206 5446 3272 5503 Et
3298 5463 3491 5504 rursus
3524 5466 3545 5502 :

1979 5564 1996 5596 ι
2032 5545 2160 5609 Tui,
2197 5544 2438 5612 Christe,
2470 5545 2785 5599 sacerdotes
2831 5539 3040 5611 justitia
3088 5540 3263 5594 induti
3302 5542 3478 5596 sancti
3508 5554 3546 5601 a

1971 5637 2171 5692 sacculo
2196 5638 2450 5707 gaudent,
2482 5636 2720 5691 divinam
2753 5642 2902 5689 tuam
2940 5632 3396 5704 pulchritudinem
3433 5634 3549 5688 cleo

1972 5730 2086 5784 rius
2145 5731 2447 5786 intuentes.
2486 5748 2504 5782 »
2545 5727 2607 5783 Et
2637 5729 2693 5784 in
2719 5728 2861 5790 aliis,
2895 5744 2913 5779 t
2947 5722 3105 5779 Nunc
3152 5742 3259 5780 non
3303 5729 3355 5781 in
3404 5732 3546 5781 aani-

1971 5830 2172 5892 gmate,
2205 5823 2382 5888 Pater,
2410 5837 2523 5878 non
2551 5820 2602 5877 in
2630 5821 2854 5890 speculo
2878 5818 3079 5888 aspicis
3105 5818 3279 5873 lucem
3306 5818 3547 5875 numinis
3589 5858 3595 5869 .
