3992 6438
524 415 662 486 1281

1707 350 2030 468 ἸοςΕΡιίι
2073 407 2126 466 Μ
2139 403 2392 466 ΕΤΗΟΝ
2403 406 2502 466 ΕΝ
2507 405 2621 466 SIS

3613 407 3723 470 1288

523 534 769 591 omnium
804 528 1079 601 principii,
1114 526 1252 581 [acie
1302 525 1370 580 ad
1409 523 1624 590 faciem,
1658 523 2090 592 sapientissime,

2204 521 2458 591 οὐρανοὺς
2489 523 2548 571 ἐν
2576 518 2718 589 χειρὶ
2748 517 2905 573 Θεοῦ.
2944 535 2966 571 »
2995 518 3106 574 Kal
3129 519 3312 584 πάλιν,
3341 519 3435 573 «οί
3459 521 3607 590 ἱερεῖς
3627 537 3727 586 σου,

527 625 622 698 qui
648 633 704 680 et
733 621 1035 693 splendoris
1093 627 1147 673 et
1173 617 1402 672 visionis
1425 616 1622 670 divinae
1647 615 1846 683 dignus
1869 613 2092 668 effectus

523 735 611 773 es.
651 735 670 769 »
711 716 772 768 lit
818 726 1010 767 rursus
1043 725 1058 763 :
1098 729 1116 760 ι
1152 708 1286 764 Cum
1338 708 1546 776 angelis
1593 706 1882 775 tripudias,
1941 705 2094 758 beate

526 806 823 866 Onesime,
879 802 1128 872 martyrii
1178 816 1380 854 corona
1429 808 1749 861 exornatus,
1809 795 2092 863 refulgenti

527 899 726 955 throno
768 895 1066 949 Salvatoris
1104 892 1339 947 assistis.
1373 909 1391 942 »
1423 891 1488 945 Et
1511 890 1637 944 alibi
1669 907 1684 944 :
1715 908 1733 941 ι
1767 889 2090 942 Sanctorum

525 991 748 1047 ordines
783 1005 906 1042 eum
951 986 1043 1058 qui
1088 988 1232 1040 inter
1277 983 1504 1055 angelos
1553 982 1848 1051 requiescit
1897 993 2089 1047 magna

525 1099 658 1139 voce
706 1083 1010 1144 laudantes,
1043 1077 1244 1131 divinis
1287 1089 1429 1129 nunc
1457 1073 1714 1127 fruuntur
1766 1070 2002 1132 deliciis,
2038 1077 2094 1125 et

523 1175 777 1228 laetantes
823 1168 1140 1238 tripudiant.
1193 1185 1211 1218 »
1263 1165 1327 1219 Et
1365 1165 1419 1218 in
1452 1163 1559 1217 alio
1591 1179 1605 1216 :
1643 1180 1662 1213 ι
1702 1160 2094 1229 Superintelle-

524 1262 693 1317 ctuali
727 1261 1016 1331 splendore
1066 1257 1368 1314 exsaturati
1395 1255 1588 1320 sancti,
1620 1264 1672 1308 et
1701 1252 1880 1306 divina
1905 1251 2092 1305 laetitia

525 1351 806 1421 splendide
837 1347 1048 1417 repleti,
1078 1347 1152 1400 dii
1187 1344 1479 1410 vocamini,
1516 1353 1574 1398 ut
1597 1344 1646 1398 ei
1674 1343 1904 1412 proximi
1949 1342 2093 1395 inter

527 1446 744 1498 divinos
789 1442 1104 1512 splendores
1148 1447 1449 1498 versantes,
1485 1446 1540 1490 et
1580 1437 1762 1505 gloria:
1794 1432 2090 1488 ineﬂabilis

527 1537 692 1589 radiis
727 1533 1002 1587 illustrati.
1070 1549 1088 1582 »
1147 1529 1214 1585 Et
1246 1542 1486 1584 rursus:
1528 1545 1548 1578 ι
1595 1527 1784 1582 Sacris
1843 1525 2090 1579 melodiis

526 1627 890 1688 celebrentur,
922 1621 1078 1692 quasi
1117 1621 1360 1676 caelestis
1394 1619 1636 1674 haeredes
1686 1619 1873 1688 regni,
1928 1615 2088 1685 quasi

527 1718 717 1773 incola
747 1716 1038 1786 paradisi.»
1077 1713 1142 1766 Et
1173 1714 1299 1767 alibi
1335 1732 1348 1778 ;
1387 1712 1679 1768 «Concives
1712 1709 2086 1778 angelorum.»

2197 610 2424 679 Χριστέ,
2478 609 2829 678 δικαιοσύνην
2880 609 3245 677 ἐνδεδυμένοι,
3288 611 3454 672 όσίοις
3514 613 3612 674 τοῖς
3654 612 3729 665 ἀπ’

2192 705 2392 765 αίῶνος
2431 704 2775 772 ἀγάλλονται,
2812 703 2911 758 σοῦ
2945 706 3002 758 τὸ
3042 705 3240 766 κάλλος
3269 705 3502 774 ὁρῶντες
3522 709 3578 759 τδ
3612 707 3732 760 θεῖον

2191 799 2550 869 τρανώτερον.
2590 817 2608 849 »
2646 798 2752 850 Kal.
2807 800 2866 851 ὲν
2895 797 3096 863 ἄλλοις,
3143 816 3162 850 ι
3202 799 3315 852 Νῦν
3361 799 3461 851 οὐκ
3490 801 3543 852 έν
3588 800 3735 866 αἶνίγ-

2199 907 2352 957 ματι,
2393 891 2598 960 Πάτερ,
2625 891 2727 942 οὐκ
2759 892 2816 941 ὲν
2862 890 3115 962 ἐσόπτρῳ
3147 893 3500 954 κατοπτεύεις
3545 893 3628 944 τδν
3657 893 3736 961 τῆς

2194 981 2453 1050 θεαρχίας
2509 980 2791 1051 φωτισμόν
2820 998 2835 1013 ⁸
2877 981 3014 1049 πρὸς
3065 983 3356 1052 πρόσωπον
3391 983 3468 1049 δὲ,
3505 984 3738 1053 πάνσοφε,

2195 1072 2490 1141 πρόσωπον
2517 1089 2532 1104 ο
2591 1072 2689 1138 τῆς
2725 1071 2866 1141 ὑπὲρ
2918 1073 3042 1126 νοῦν
3079 1073 3464 1144 λαμπρότητος
3502 1077 3591 1128 καὶ
3643 1076 3741 1129 Oso-

2193 1164 2358 1226 πτίας
2411 1163 2746 1231 ἀξιούμενος.
2808 1185 2827 1217 ι
2881 1166 2988 1219 Kal
3044 1165 3228 1229 πάλιν,
3288 1184 3308 1218 ι
3365 1169 3470 1221 Σὺν
3517 1167 3742 1235 ἀγγέλοις

2193 1257 2462 1328 χορεύεις,
2504 1258 2691 1329 μάκαρ
2733 1259 3017 1330 Ὀνήσιμε,
3052 1260 3355 1328 μαρτυρίου
3405 1260 3642 1330 στεφάνῳ
3668 1280 3742 1314 κα-

2194 1349 2661 1420 τακοσμούμενος,
2689 1351 2863 1419 θρόνῳ
2892 1351 2970 1420 τῷ
3016 1353 3230 1420 φαιδρῷ
3259 1351 3353 1405 τοῦ
3389 1352 3636 1422 Σωτῆρος
3659 1370 3742 1406 πα-

2199 1440 2466 1507 ρίστασαι.
2500 1459 2518 1492 »
2560 1441 2669 1494 Kal
2701 1440 2958 1511 ἀλλαχοῦ.
3001 1461 3020 1494 ι
3070 1441 3266 1510 Ἀγίων
3309 1443 3563 1512 τάγματα
3596 1444 3676 1497 τδν
3701 1448 3745 1497 ἐν

2196 1530 2388 1596 ἁγίοις.
2424 1532 2840 1602 ἀναπαυόμενον
2899 1534 3180 1603 ἀσιγήτως
3221 1533 3526 1603 ὓμνοῦντα,
3565 1537 3744 1604 τρυφῆς

2195 1619 2377 1675 ὲνθέου
2411 1618 2508 1673 νῦν
2537 1621 2900 1684 ἀπολαύουσι,
2933 1625 3029 1678 καὶ
3072 1625 3372 1691 γεγηθότες
3403 1625 3690 1694 χορεύουσι.
3726 1643 3739 1676 »

2194 1713 2305 1766 Kal
2339 1715 2396 1767 ὲν
2439 1713 2608 1782 ἄλλῳ,
2641 1732 2660 1765 ι
2697 1714 2811 1783 Τῆς
2843 1715 2980 1784 ὑπὲρ
3005 1716 3128 1768 νοῦν
3156 1717 3567 1787 λαμπρότητος,
3603 1717 3744 1785 Epipo-

527 1809 596 1862 Et
644 1825 896 1862 rursus:
944 1823 962 1856 ι
1013 1805 1308 1874 Sanguinis
1358 1804 1436 1857 tui
1491 1801 1714 1872 pretiosi
1769 1800 2092 1854 intinctione

2204 1803 2456 1874 ρούμενοι
2484 1804 2652 1871 ἅγιοι,
2683 1805 2830 1869 θείας
2860 1807 3204 1877 εὐφροσύνης
3231 1824 3293 1860 τε
3334 1808 3741 1878 λαμπρῶς-πλη·

528 1911 756 1970 martyr,
789 1893 1081 1967 purpuram
1125 1897 1218 1950 tibi
1264 1897 1554 1966 pretiosam
1589 1895 1946 1962 comparasti,
1978 1908 2086 1962 qua

2204 1869 2485 1966 ρούμενοι,
2514 1869 3020 1968 θεοὶ-χρηματίζετε
3044 1903 3108 1970 τῇ
3140 1869 3276 1970 πρὸς
3300 1869 3468 1955 αὐτόν
3494 1869 3742 1972 ἐγγύτητι,

527 1991 754 2046 indutus
788 1989 1067 2044 ctelestem
1115 1987 1316 2058 regiam
1368 2003 1494 2041 vere
1549 1985 1824 2047 inliabitas
1863 1982 1972 2038 Deo
2003 1999 2097 2037 su—

528 2100 718 2154 premo
775 2083 887 2152 regi
934 2083 1226 2136 assistens.
1287 2098 1306 2132 »
1359 2078 1630 2134 Assistere
1673 2092 1801 2131 vero
1842 2090 2099 2145 supremo

526 2177 664 2244 regi,
690 2175 817 2244 quid
844 2174 988 2228 aliud
1015 2188 1110 2241 per
1139 2172 1306 2226 Deum
1341 2171 1640 2241 signiﬁcat,
1668 2170 1772 2224 nisi
1806 2169 1950 2238 quod
1982 2184 2103 2222 san-

525 2271 597 2324 cti
649 2279 916 2339 quatenus
951 2267 1147 2321 animae
1198 2265 1533 2319 beatitudine
1587 2261 1986 2332 perfruuntur?
2037 2261 2097 2315 In

529 2361 652 2416 aliis
693 2375 822 2415 vero
859 2377 871 2412 :
934 2377 954 2410 ι
999 2357 1256 2411 Patribus
1299 2355 1564 2424 hymnum
1614 2353 1909 2408 oﬂeremus
1937 2396 1951 2417 ,
2007 2352 2098 2422 qui

527 2463 655 2506 ante
681 2451 854 2520 legem
895 2459 949 2503 ct
977 2449 1032 2502 in
1069 2449 1186 2515 lege
1220 2447 1573 2508 refulserunt,
1597 2453 1649 2499 et
1673 2446 1765 2515 qui
1792 2462 1854 2498 ex
1883 2443 2102 2509 Virgine

528 2545 709 2613 genito
730 2543 960 2598 Domino
990 2549 1045 2595 et
1077 2543 1208 2594 hero
1244 2547 1387 2593 recta
1420 2549 1601 2592 mente
1633 2537 2018 2601 inservierunt,
2046 2546 2100 2591 et

529 2634 960 2689 inacccssihilem
999 2632 1174 2685 lucem
1211 2630 1350 2685 hanc
1381 2631 1558 2698 adepti
1587 2639 1765 2683 sunt.»
1795 2629 1857 2681 Et
1889 2630 1940 2682 in
1968 2629 2096 2684 alio:

535 2745 556 2780 ι
588 2727 766 2789 Nunc,
819 2741 852 2778 ο
906 2724 1080 2786 beate,
1132 2722 1403 2777 iutercede
1456 2722 1597 2790 apud
1635 2721 1811 2776 Deum
1862 2738 1962 2790 pro
2011 2731 2102 2776 tuo

531 2833 711 2887 grege.
748 2834 766 2868 »
800 2815 867 2870 Et
897 2830 1088 2868 rursus
1120 2833 1132 2867 :
1171 2832 1189 2865 ι
1231 2813 1467 2869 ϐὼιεειε
1507 2827 1728 2882 regnum
1765 2813 2099 2882 concupisti,

530 2926 639 2981 quo
681 2923 845 2974 nunc,
887 2907 1220 2971 beatissime,
1262 2922 1387 2961 vere
1441 2907 1659 2961 frueris.
1703 2925 1719 2958 »
1757 2904 1824 2958 Et
1856 2906 1910 2958 in
1947 2907 2100 2961 alio:

535 3023 552 3054 ι
595 3001 777 3071 Super
824 3014 1048 3053 omnem
1086 2999 1342 3054 virtutem
1381 2999 1591 3067 positus
1617 3039 1632 3058 .
1674 3009 1829 3066 pater
1860 2999 2058 3052 Antoni
2087 3040 2102 3062 ,

530 3111 650 3150 cum
686 3091 892 3160 angelis
924 3091 1158 3144 versaris
1187 3091 1239 3144 in
1285 3107 1454 3160 regno
1486 3091 1772 3145 caelorum.
1815 3108 1833 3141 »
1882 3091 1942 3145 Et
1976 3105 2104 3146 rur-

531 3201 628 3240 sus
661 3201 674 3237 :
710 3202 730 3236 ι
763 3183 852 3237 Dei
884 3197 1063 3251 praeco
1091 3183 1376 3243 Athanasi,
1414 3183 1509 3250 qui
1542 3184 1781 3251 pericula
1814 3191 1867 3237 et
1902 3197 2098 3252 perpe-

535 3289 658 3331 tuas
681 3274 1017 3329 tentationes
1048 3271 1382 3335 sustinuisti,
1415 3287 1561 3327 nunc
1591 3273 1910 3328 deliciarum
1944 3288 2102 3343 para-

533 3369 636 3424 disi
668 3366 864 3433 dignus
904 3380 964 3419 es
996 3366 1191 3430 factus,
1223 3365 1438 3420 divinas
1470 3365 1784 3419 mansiones
1834 3380 2102 3420 consecu-

532 3469 642 3521 tus,
681 3458 1108 3544 incorruptibilis
1151 3458 1273 3512 vita:
1303 3458 1448 3525 ligno
1503 3458 1863 3530 propinquus,
1922 3465 1978 3510 ut
2009 3457 2099 3528 ju-

533 3552 695 3607 stitiaz
743 3554 931 3617 victor,
986 3567 1185 3608 corona
1232 3559 1286 3604 et
1321 3551 1626 3607 diademate
1675 3550 1916 3604 cmlestis
1951 3551 2098 3620 regni

534 3653 844 3708 exornatus,
873 3644 1069 3698 decore
1089 3644 1421 3714 conspicuus
1449 3651 1503 3696 et
1528 3641 1699 3696 forma
1726 3642 2096 3711 praacellens.»

539 3735 602 3788 Et
650 3749 839 3788 rursus
871 3750 886 3788 :
925 3751 943 3784 ι
987 3731 1438 3804 Splendidissimo
1473 3743 1526 3785 et
1582 3731 1984 3798 fulgentissimo
2020 3733 2104 3784 lu-

535 3827 680 3879 mine
715 3825 945 3880 lucidius
972 3841 1120 3879 nunc
1153 3825 1511 3880 illustratus.»
1549 3824 1617 3878 Et
1648 3841 1842 3878 rursus
1877 3842 1890 3878 :
1935 3843 1952 3876 ι
1983 3822 2100 3877 Non

532 3918 588 3972 in
629 3920 912 3987 :enigmale
957 3919 1208 3986 gloriam.
1254 3933 1417 3986 quam
1445 3931 1474 3969 a
1533 3931 1702 3984 puero
1759 3914 2103 3984 concupisti,

419 4065 432 4072 ,
535 4010 710 4073 vides,
738 4011 890 4063 beate
922 4007 1176 4077 Eutychi,
1211 4009 1322 4061 imo
1356 4007 1490 4061 facie
1513 4006 1578 4059 ad
1606 4006 1796 4062 faciem
1833 4021 1979 4060 nunc
2011 4021 2105 4060 so-

536 4100 668 4154 lutis
714 4101 897 4153 carnis
948 4099 1202 4166 speculis,
1240 4107 1389 4167 pater
1439 4099 1666 4152 nosaer?
1713 4119 1731 4150 »
1771 4099 1837 4152 Et
1866 4112 2102 4151 rursus:

541 4207 563 4241 ι
601 4187 677 4242 Ex
705 4187 1013 4242 difﬁcilibus
1038 4189 1301 4255 angustiis
1333 4196 1386 4241 et
1418 4189 1766 4255 corruptione
1791 4188 1844 4242 in
1867 4188 2104 4256 amplam

545 4279 918 4350 etjucundam
951 4279 1189 4348 paradisi
1241 4279 1581 4332 latitudinem
1632 4279 1947 4348 pervenisti,
1979 4293 2106 4332 san-

537 4381 752 4428 ctorum
801 4372 1018 4426 visurus
1072 4371 1410 4441 splendidam
1451 4371 1623 4424 lucem
1675 4379 1730 4425 et
1785 4371 2103 4443 angelorum

537 4459 765 4520 choreas
797 4464 908 4519 Deo
937 4465 1270 4527 assistentes,
1297 4473 1350 4517 et
1374 4464 1712 4518 incessanter
1745 4465 2098 4521 clamantes.»

2201 1991 2322 2052 ταῖς
2349 1989 2699 2059 θεουργικαῖς
2752 1995 3148 2060 μαρμαρυγαῖς
3176 1993 3518 2063 ὁμιλοῦντες,
3567 1997 3652 2048 καὶ
3678 1995 3748 2048 δό-

2201 2077 2298 2146 ξης
2344 2080 2442 2145 τῆς
2485 2081 2768 2146 ἀφράστου
2826 2082 3189 2149 φωτισθέντες
3232 2086 3440 2142 ἀκτῖσι.
3481 2106 3498 2138 »
3541 2087 3639 2140 Kal
3667 2087 3749 2139 ad-

2200 2169 2306 2234 λιν,
2347 2189 2366 2221 ι
2402 2171 2871 2240 Εύφημείσθωσαν
2909 2173 3083 2242 ἱεραῖς
3111 2175 3424 2245 μελῳδίαις,
3444 2177 3519 2242 ὡς
3545 2178 3636 2246 τῆς
3659 2180 3748 2232 ἀνω

2204 2261 2482 2332 βασιλείας
2528 2264 2876 2334 κληρονόμοι,
2908 2267 2984 2329 ὡς
3029 2269 3364 2337 παραδείσου
3411 2271 3744 2342 οἰκήτορες.»

2203 2353 2311 2404 Kal.
2341 2353 2596 2422 ἀλλαχοῦ,
2633 2373 2652 2406 ι
2685 2357 3020 2426 Συμπολῖται
3047 2358 3156 2410 τῶν
3186 2361 3460 2427 ἀγγέλων.
3501 2382 3520 2415 »
3547 2365 3648 2416 Kal
3669 2363 3751 2415 πά-

2203 2443 2308 2506 λιν,
2351 2463 2370 2494 ι
2404 2446 2662 2512 Λίμάτων
2705 2449 2904 2515 τιμίων
2953 2467 3047 2502 σου
3093 2450 3311 2520 βαφαίς,
3357 2453 3570 2522 μάρτυς
3616 2470 3749 2505 κατεν

2205 2535 2479 2598 σκεύασας
2508 2535 2690 2606 σαυτῷ
2723 2540 3010 2609 πορφύραν
3057 2541 3354 2610 πολύτιμον
3390 2560 3406 2576 ο
3441 2545 3507 2605 ἣν
3539 2545 3748 2596 στολισά-

2208 2643 2388 2694 μενος,
2442 2631 2720 2693 κατοικεῖς
2773 2630 2843 2683 τὰ
2887 2631 2999 2685 ἄνω
3052 2633 3274 2702 άληθῶς
3341 2634 3610 2705 βασίλεια,
3653 2634 3748 2702 Θεῷ

2205 2716 2540 2784 παμϐασιλεῖ
2575 2721 3004 2789 παριστάμενος.
3047 2741 3064 2774 »
3100 2721 3172 2775 Τὸ
3212 2723 3268 2776 δὲ
3307 2724 3664 2794 παρίστασθαι
3688 2723 3749 2792 τῷ

2206 2807 2546 2875 παμϐασιλεῖ
2594 2809 2732 2879 Θεῷ,
2795 2812 2886 2864 καὶ
2938 2815 3214 2867 κατοικεῖν
3262 2813 3330 2868 τὰ
3381 2816 3495 2870 ἀνω
3538 2815 3749 2884 βασίλεια

2206 2898 2444 2970 ἀληθῶς,
2488 2903 2540 2954 τί
2581 2889 2708 2956 ἄλλο
2743 2905 2878 2972 πρὸς
2929 2904 3062 2958 Θεοῦ
3108 2909 3389 2978 σημαίνει,
3437 2911 3470 2980 ἢ
3528 2909 3603 2963 ὅτι
3639 2910 3749 2961 ἀπυ-

2203 2989 2539 3056 λαμόάνουσι
2575 2995 2709 3048 καθὸ
2737 2995 2904 3065 ψυχαὶ
2937 2997 3033 3051 νῦν
3063 2999 3112 3051 οί
3155 2997 3299 3062 ἅγιοι
3327 3041 3342 3066 ,
3381 3003 3469 3054 Ἐν
3498 3001 3662 3062 ἄλλοις
3687 2999 3748 3061 δὲ,

2213 3101 2230 3134 ι
2273 3086 2549 3154 Πατράσιν
2594 3087 2762 3157 ὕμνον
2815 3087 3201 3160 προσοίσομεν,
3240 3096 3343 3162 πρὸ
3390 3095 3556 3162 νόμου
3600 3095 3681 3146 καὶ
3704 3096 3749 3144 ὲν

2207 3176 2358 3245 νόμῳ
2388 3178 2704 3248 ὲκλάμψασι
2726 3198 2746 3214 ὀ
2778 3183 2869 3234 καὶ
2897 3184 2990 3235 τὸν
3020 3186 3084 3238 ἐκ
3131 3186 3416 3254 Παρθένου
3451 3189 3646 3257 Κύριον
3674 3185 3751 3237 καὶ

2209 3272 2489 3341 Δεσπότην
2519 3273 2714 3346 γνώμῃ
2745 3275 2931 3346 εὐθείᾳ
2960 3276 3418 3347 τεθεραπευκόσι,
3459 3282 3549 3333 καὶ
3585 3278 3749 3333 ἀδύτου

2207 3363 2492 3430 φωτισμοῦ
2538 3365 2635 3418 νῦν
2686 3367 3044 3422 ἀπολαύουσι.
3087 3389 3104 3421 ι
3143 3369 3254 3424 Kal
3285 3373 3344 3423 έν
3400 3373 3565 3442 ἄλλῳ,
3604 3389 3624 3425 ι
3656 3369 3749 3424 Νῦν

2204 3452 2262 3506 δὲ
2296 3456 2652 3522 παρίστασαι,
2701 3459 2908 3528 μάκαρ,
2963 3461 3208 3530 πρέσϐυς
3251 3463 3328 3531 τῷ
3369 3465 3488 3532 Θεῷ
3521 3465 3651 3534 ὑπὲρ
3671 3463 3750 3530 τῆς

2209 3547 2445 3617 ποίμνης
2475 3566 2589 3605 σου.
2632 3569 2652 3603 »
2690 3552 2801 3604 Kal.
2836 3553 3017 3616 πάλιν,
3057 3573 3074 3604 ι
3124 3554 3510 3628 Ἐπεπόθησας
3544 3560 3636 3628 τῆς
3660 3558 3751 3611 ἀνω

2208 3639 2509 3708 βασιλείας,
2529 3635 2596 3713 ἦς
2625 3641 2720 3697 νῦν
2746 3643 3039 3709 ἀπολαύεις
3070 3647 3308 3717 ἀληθῶς,
3333 3651 3746 3721 μακαριώτατε.»

2207 3733 2319 3788 Kal
2367 3735 2426 3787 ἐν
2457 3735 2622 3804 ἄλλῳ,
2658 3753 2678 3786 ι
2727 3735 3014 3806 ’Υπεράνω
3057 3740 3239 3809 πάσης
3264 3743 3469 3810 ἀρετῆς
3517 3742 3751 3811 γεγονὼς,

2207 3826 2391 3898 Πάτερ
2435 3828 2706 3894 Ἀντώνιε,
2747 3831 3041 3903 ουναυλίζῃ
3071 3835 3325 3901 ἀγγέλοις
3353 3838 3414 3889 έν
3441 3840 3504 3905 τῇ
3535 3833 3750 3905 βασιλείᾳ

2207 3917 2317 3970 τῶν
2347 3918 2616 3988 οὐρανῶν.
2654 3941 2673 3973 »
2707 3922 2818 3976 Kal.
2863 3925 3048 3989 πάλιν,
3092 3945 3110 3978 ι
3145 3927 3431 3997 Θεοκήρυξ
3476 3927 3746 3987 Ἀθανάσιε,

2207 4007 2486 4070 κινδύνους
2523 4010 2825 4080 ὑπομείνας
2858 4014 2955 4066 καὶ
2990 4016 3234 4084 συνεχεῖς
3259 4020 3619 4089 πειρασμοὺς.
3644 4032 3748 4086 τρν-

2208 4100 2315 4166 φῆς
2346 4098 2439 4153 τοῦ
2491 4103 2820 4171 παραδείσου
2855 4104 2949 4158 νῦν
2999 4107 3256 4177 ἡξιώθης,
3293 4109 3445 4163 ἔνδον
3495 4111 3749 4179 γενόμενος

2206 4188 2316 4241 τῶν
2369 4188 2527 4244 θείων
2577 4194 2789 4260 μονῶν·
2842 4195 2986 4266 ξύλῳ
3048 4200 3439 4265 προσπελάσας
3490 4202 3624 4270 ζωῆς
3671 4199 3748 4263 τῆς

2207 4278 2526 4346 ἀκηράτου·
2586 4281 2934 4354 δικαιοσύνης
2991 4285 3066 4348 ὡς
3125 4289 3396 4358 νικητής’
3457 4290 3631 4362 στέφει
3674 4303 3748 4339 κο-

2212 4371 2542 4439 σμούμενος,
2568 4374 2660 4425 καὶ
2683 4374 2978 4446 διαδήματι
3023 4377 3123 4446 τῆς
3145 4379 3258 4433 ἀνω
3281 4379 3589 4446 βασιλείας·
3611 4378 3750 4446 ὠραϊ-

2209 4466 2455 4534 ζόμενος,
2491 4468 2584 4519 καὶ
2611 4468 2802 4521 κάλλει
2833 4469 3214 4540 διαπρέπων.»
3248 4473 3357 4525 Kal
3382 4474 3560 4538 πάλιν,
3591 4492 3608 4524 ι
3633 4471 3749 4524 Φωτὶ

539 4555 606 4608 Et
644 4555 770 4609 alibi
803 4570 818 4608 :
856 4572 874 4605 ι
920 4552 1088 4608 Terra
1138 4554 1358 4623 quidem
1407 4568 1553 4608 nunc
1600 4557 1815 4624 Operuit
1870 4570 2099 4625 corpora

2210 4556 2287 4627 τῷ
2341 4558 2606 4628 τρισηλίῳ
2658 4558 2753 4612 καὶ
2808 4564 3140 4630 τριφεγγεί·
3191 4565 3618 4635 τηλαυγέστερον
3670 4559 3748 4613 νῦν

535 4654 746 4710 vestra,
781 4645 979 4699 caelum
1021 4661 1167 4713 vero,
1189 4661 1221 4699 ο
1253 4645 1450 4709 sancti,
1481 4645 1702 4713 spiritus
1726 4661 1944 4715 semper
1970 4647 2096 4712 fert,

540 4737 734 4791 throno
761 4737 942 4806 gloria!
984 4737 1284 4791 assidentes
1311 4746 1364 4791 et
1396 4751 1520 4792 cum
1570 4737 1778 4808 angelis
1825 4739 2104 4792 exsultan-

539 4832 642 4877 tes.
683 4842 700 4874 »
733 4821 798 4877 Et
826 4824 953 4877 alibi
990 4841 1004 4877 :
1038 4843 1058 4876 ι
1087 4824 1239 4878 Nunc
1263 4826 1430 4880 caelos
1463 4826 1654 4881 incolis
1684 4838 1982 4897 martyrum
2018 4829 2104 4897 pie

541 4925 854 4968 sanctorum
911 4925 965 4968 et
1009 4915 1303 4983 justorum.
1351 4935 1370 4969 »
1403 4915 1466 4971 Et
1503 4918 1556 4970 in
1599 4919 1706 4972 alio
1737 4937 1751 4972 :
1788 4936 1806 4970 ι
1847 4917 2104 4987 Princeps

537 5018 821 5058 sacrorum
857 5004 1084 5058 Eumeni
1115 5047 1128 5069 ,
1175 5008 1269 5075 qui
1314 5007 1617 5062 libertatem
1653 5009 1747 5062 tibi
1778 5009 1920 5080 apud
1955 5008 2114 5062 Chri-

539 5105 686 5150 stum
722 5095 1075 5163 comparasti,
1105 5095 1284 5164 juxta-
1308 5099 1464 5169 cujus
1498 5099 1777 5164 thronum,
1807 5108 2016 5159 sancte,
2047 5099 2103 5153 in

538 5189 707 5257 gloria
745 5186 954 5241 assistis
983 5202 1128 5241 nunc
1161 5203 1284 5242 cum
1322 5191 1526 5260 angelis
1557 5194 1782 5248 sanctis.
1831 5211 1848 5245 »
1891 5192 1955 5246 Et
1990 5208 2110 5246 rur-

538 5295 632 5332 sus
667 5297 680 5332 :
715 5279 827 5332 «Ad
854 5276 1208 5346 tranquillum
1244 5291 1455 5349 portum
1484 5281 1736 5351 appulisti
1767 5296 1794 5335 a
1827 5283 2106 5337 laboribus

545 5373 915 5440 requiescens,
965 5380 1018 5424 et
1057 5375 1351 5426 Coronatus
1401 5375 1663 5442 tripudias
1719 5374 1774 5428 in
1829 5374 2106 5444 paradiso,

544 5479 649 5516 una
677 5478 799 5517 cum
830 5463 1032 5520 Christi
1067 5465 1418 5535 martyribus.
1444 5465 1631 5523 Niceta
1667 5469 1870 5533 divine,
1905 5469 2103 5524 merito

544 5561 597 5605 te
620 5555 1006 5622 glorificamus.
1047 5576 1064 5608 »
1101 5558 1166 5610 Et
1197 5573 1386 5615 rursus
1417 5563 1470 5615 in
1508 5561 1613 5615 alio
1641 5578 1656 5617 :
1689 5561 1820 5628 «Qui
1855 5579 1882 5615 a
1915 5562 2105 5616 dextra

545 5643 759 5697 assistis
785 5645 1036 5703 T-rinitati
1067 5659 1118 5702 et
1149 5651 1459 5707 immediate
1487 5652 1774 5708 versaris.»
1826 5651 1888 5707 Et
1921 5655 1973 5706 in
2003 5655 2105 5708 ode

544 5732 578 5786 9
627 5737 853 5790 canonis
904 5736 960 5792 S.
1017 5737 1243 5794 Joannis
1295 5740 1556 5812 Theologi
1594 5759 1610 5797 :
1651 5762 1667 5792 ι
1707 5743 1857 5798 Nunc
1897 5760 2005 5799 non
2051 5746 2102 5799 in

540 5828 953 5902 aenigmate,sed
984 5829 1119 5886 facie
1149 5833 1215 5888 ad
1247 5833 1438 5890 faciem
1470 5835 1780 5890 deliciarum
1807 5845 2099 5894 torrentem

2212 4650 2646 4720 ἑλλαμπόμενος.
2685 4670 2703 4702 »
2754 4653 2866 4706 Kal
2911 4653 2999 4718 αὖ,
3044 4673 3063 4707 ι
3102 4657 3216 4710 Οὐκ
3261 4658 3318 4709 ὲν
3351 4658 3625 4727 αίνίγματι
3673 4654 3747 4704 νῦν

2212 4743 2452 4812 καθορᾷς
2480 4741 2637 4808 δόξαν
2656 4744 2724 4814 ἥν
2747 4747 3025 4817 ὲπόθησας
3049 4747 3184 4800 Θεοῦ
3211 4751 3275 4802 ὲκ
3304 4749 3555 4818 βρέφους,
3589 4745 3747 4815 μάκαρ

2213 4833 2447 4902 Εὐτύχιε
2467 4849 2480 4864 ·
2513 4836 2808 4903 πρόσωπον
2835 4837 2892 4890 δὲ
2922 4823 3124 4908 μᾶλλον
3148 4839 3264 4892 νυνὶ
3296 4841 3435 4909 πρὸς
3469 4839 3744 4908 πρόσωπον.

2206 4925 2478 4978 λυθέντων
2505 4926 2612 4981 τῶν
2637 4927 2919 4998 ἐσόπτρων
2947 4930 3045 4996 τῆς
3070 4931 3292 5000 σαρκὸς,
3321 4931 3511 5002 Πατὴρ
3539 4925 3694 4997 ἡμῶν.
3726 4939 3740 4970 ι

2214 5017 2325 5070 Kal
2366 5017 2526 5070 πάλιν
2575 5021 2632 5070 έν
2660 5018 2862 5084 ἄλλοις,
2892 5037 2909 5072 ι
2932 5018 3030 5073 Ἐκ
3053 5021 3297 5090 χαλεπῆς
3329 5021 3643 5082 στενώσεως,
3667 5009 3742 5067 καὶ

2213 5108 2444 5179 φθορᾶς.
2505 5110 2643 5178 πρδς
2691 5110 3003 5180 εὐρύχωρον
3051 5112 3256 5176 πλάτος
3313 5111 3626 5184 παραδείσου
3667 5103 3742 5156 καὶ

2212 5201 2444 5271 τερπνὸν
2500 5203 2866 5273 κατήντησας,
2929 5205 3102 5272 ἁγίων
3154 5206 3418 5276 ὀψόμενος
3473 5194 3739 5272 φωτοειδεῖς

2210 5291 2622 5360 λαμπρότητας,
2679 5295 2901 5358 καὶτὰς
2954 5295 3064 5348 τῶν
3116 5297 3366 5364 ἀγγέλων
3426 5288 3737 5348 έποπτεύσων

2211 5383 2450 5453 χορείας,
2475 5381 2593 5451 Θεῷ
2626 5384 3034 5452 παρισταμένας
3066 5386 3158 5439 καὶ
3185 5387 3394 5456 βοώσας
3416 5383 3730 5439 ἀπαύστωςο⁹

2212 5475 2324 5527 Καὶ
2375 5473 2634 5544 ἀλλαχοῦ.
2676 5493 2693 5525 ί
2739 5477 2806 5528 Ἠ
2867 5476 2938 5547 γῆ
2979 5477 3076 5545 μὲν
3104 5479 3476 5551 κατεκάλυψεν
3524 5472 3658 5542 ὑμῶν
3680 5463 3734 5516 τὰ

2215 5565 2444 5632 σώματα
2477 5566 2615 5628 νυνὶ,
2668 5567 2694 5617 ὁ
2727 5567 2951 5636 οὐρανὸς
2983 5568 3064 5634 δὲ,
3117 5569 3286 5637 ἅγιοι,
3311 5570 3464 5640 φέρεὶ
3489 5567 3552 5619 τὰ
3603 5554 3732 5613 πνιύ.

2216 5671 2364 5725 ματα
2415 5656 2521 5720 ἀεὶ,
2573 5657 2649 5727 τῷ
2679 5658 2852 5727 θρόνῳ
2905 5661 3231 5727 παρεστῶτα
3279 5664 3375 5731 τῆς
3423 5661 3588 5725 δόξης,
3637 5643 3728 5720 μετ’

2212 5748 2459 5815 ἀγγέλων
2476 5749 2874 5820 ἀγαλλόμενα.»
2903 5754 3010 5806 Kal
3031 5753 3290 5822 ἀλλαχοῦ,
3317 5771 3335 5803 ι
3361 5754 3465 5807 Kal
3493 5749 3578 5802 νῦν
3597 5738 3727 5796 οἰκεῖς

2209 5841 2338 5906 τοὺς
2383 5842 2670 5911 οὐρανοὺς,
2720 5846 3016 5916 μαρτύρων
3050 5846 3164 5898 ὃσιε
3212 5847 3382 5912 ἁγίων
3433 5844 3522 5895 καὶ
3550 5837 3640 5891 τῶν
3663 5829 3718 5883 δι·
