3992 6420
346 342 487 407 1289
849 340 998 401 PRO
1021 339 1234 400 CONC.
1287 337 1660 403 FLORENT.
1689 337 1844 399 CAP.
1889 338 1981 398 iV.
2022 337 2118 396 DE
2155 331 2582 396 FRUlTlONE
2617 323 3100 397 SANCTORUM.
3468 337 3604 402 1990

324 461 516 513 καίων.
566 476 584 508 ι
646 457 755 510 Kal
805 457 863 510 ἐν
920 458 1088 525 ἄλλῳ,
1135 476 1154 508 ι
1215 455 1535 527 Παρρησίαν
1601 454 1911 524 πλουτήσας

2020 453 2291 521 inspicere
2329 453 2558 507 meritus
2589 468 2649 506 es
2676 492 2690 512 .
2721 453 2870 522 pacis
2907 454 3107 507 lluinen
3149 464 3204 508 et
3241 453 3441 510 fontem
3487 458 3595 512 im-

326 552 462 621 πρὸς
491 550 582 603 τὸν
611 541 874 620 Χριστὸν,
903 551 1132 622 ίεράρχα
1159 538 1410 619 Εὐμένιε,
1439 541 1501 602 οὐ
1527 547 1706 616 καὶτῷ
1734 538 1908 617 θρόνῳ

2020 546 2384 606 mortalitatis,
2421 561 2524 614 qua
2559 561 2703 599 nunc
2733 545 2996 615 irrigatus
3027 547 3313 603 divinitate
3341 549 3594 619 perfrue-

325 643 450 710 ἅγιε
481 644 539 696 ἑν
564 642 692 713 δόξῃ
724 640 820 694 νῦν
857 642 1188 712 παρίστασαι
1220 642 1360 710 μετά
1389 639 1640 708 ἀγγέλων
1665 638 1856 705 ἀγίων.
1884 655 1902 688 s

2020 635 2146 691 t'is.s
2191 635 2249 698 Et
2282 635 2511 707 Augusti
2545 651 2739 707 quarta
2767 658 2780 694 :
2828 660 2846 692 ι
2890 639 3006 695 Νοη
3036 638 3271 712 amplius
3299 643 3351 697 in
3385 643 3604 714 speculo

326 727 436 789 Kal
465 734 556 801 αὖ,
591 753 610 786 ι
651 735 849 805 ’Ὀρμῳ
897 734 1116 804 γαληνῷ
1151 732 1607 806 προσωρμίσθης,
1659 733 1912 785 ἀναπαυ-

2020 729 2292 798 conspicis
2331 744 2604 784 summum
2639 733 2906 786 honorum
2933 770 2950 797 ,
2982 747 3015 785 ο
3049 743 3240 788 sancta
3274 742 3504 805 martyr,
3536 735 3603 789 ad

327 828 566 896 σάμενος
595 828 706 882 τῶν
753 829 954 892 πόνων,
989 826 1083 879 καὶ
1117 825 1528 895 στεφανηφόρος
1567 821 1815 894 χορεύεις
1850 811 1910 875 ἐν

2020 821 2212 876 faciem
2241 821 2443 892 aspicis
2475 821 2696 888 faciem,
2731 824 2837 893 iam
2873 825 3066 880 solutis
3095 841 3244 895 vere,
3273 841 3308 882 o
3332 826 3604 901 Eudocia.

327 919 647 992 παραδείσῳ
680 919 821 990 μετὰ
852 919 1151 990 μαρτύρων
1175 917 1437 987 Χριστοῦ,
1469 916 1687 987 Νικήτα
1716 915 1911 968 θεσπέ-

2021 914 2376 986 imaginibus.
2415 934 2434 966 ι

326 1031 430 1081 σιε,
483 1013 684 1076 πάντες
738 1013 904 1080 ἀξίως
954 1030 1015 1065 σε
1073 999 1394 1080 δοξάζομεν.
1436 1029 1454 1062 ι
1490 1010 1603 1064 Kal
1653 1007 1817 1062 πάλιν
1849 1007 1908 1061 ὲν
1948 1006 2117 1079 ἄλλῳ,
2158 1027 2177 1060 ε
2237 1010 2603 1081 Παραστάτης
2632 1010 2806 1080 δεξιδς
2875 1013 2978 1083 τῆς
3018 1013 3179 1082 ἀγίας
3219 1014 3452 1087 Τριάδος
3521 1008 3608 1070 ἐν·

323 1106 609 1179 τυγχάνων
637 1109 880 1176 ἀμέσως.
941 1128 960 1168 ι
999 1109 1106 1162 Kal
1136 1109 1195 1161 ιν
1223 1109 1290 1178 τῇ
1332 1107 1498 1178 ἐνάτῃ
1545 1105 1665 1177 ᾠδῇ
1697 1103 1796 1159 τοῦ
1825 1107 2048 1172 κανόνος
2079 1105 2174 1160 τοῦ
2211 1107 2368 1175 ἁγίου
2417 1109 2666 1168 Ἰωάννου
2739 1109 2832 1164 τοῦ
2893 1111 3160 1180 Θεολόγου
3189 1129 3203 1145 ο
3274 1131 3294 1166 ι
3325 1112 3440 1168 Νῦν
3501 1113 3606 1172 οὐκ

328 1200 388 1254 ἐν
438 1201 741 1272 αἰνίγματι,
794 1199 933 1272 πρὸς
991 1200 1284 1270 πρόσωπον
1321 1199 1378 1254 δὲ
1431 1200 1745 1272 πρόσωπον,
1799 1201 1898 1270 τῆς
1933 1201 2150 1271 τρυφῆς
2199 1199 2291 1254 ’ἑδν
2319 1201 2664 1274 χειμάρρουν
2690 1202 2825 1274 δρᾷν
2871 1203 3130 1274 ἠξίωσαι,
3193 1204 3292 1266 καὶ
3341 1205 3435 1259 τὸν
3499 1221 3606 1261 που

328 1296 503 1366 ταμδν
534 1297 630 1366 τῆς
661 1295 910 1368 είρήνης,
958 1295 1055 1350 καὶ
1083 1295 1185 1366 τὴν
1227 1295 1412 1366 πηγὴν
1447 1294 1552 1367 τῆς
1579 1294 1909 1360 ἀθανασίας,
1946 1289 2016 1365 ἦς
2048 1293 2146 1350 νῦν
2173 1281 2560 1366 ἀρδευόμενος,
2599 1297 2898 1361 ἀπολαύεις
2939 1301 3038 1370 τῆς
3101 1299 3370 1362 θεὼσεως.
3406 1316 3426 1351 s
3501 1301 3611 1356 Kal

326 1394 624 1462 Αὐγούστῳ
657 1392 916 1464 τετάρτη,
950 1410 970 1444 ι
1001 1393 1116 1448 Οὐκ
1147 1391 1227 1445 ἔτι
1261 1393 1395 1464 ὁρᾷς
1436 1393 1493 1445 ἐν
1527 1391 1778 1462 ἐσόπτρῳ
1809 1390 1995 1445 καλῶν
2023 1389 2084 1445 τὸ
2132 1391 2468 1463 ἀκρότατον,
2519 1391 2664 1459 ὁσία,
2737 1393 2875 1464 πρὸς
2943 1393 3000 1447 δὲ
3043 1393 3337 1464 πρόσωπον
3398 1395 3610 1465 μάρτυς
3647 1455 3660 1463 ,

328 1489 555 1557 θεωρετς
588 1485 903 1556 πρόσωπον,
937 1486 1037 1558 ἠδη
1076 1485 1346 1540 λυθέντων
1377 1486 1440 1554 τῇ
1476 1484 1728 1555 ἀληθείᾳ,
1767 1482 2022 1553 Εὐὸοκίσ,
2055 1483 2164 1538 τῶν
2194 1483 2510 1554 ἐμφάσεων.
2547 1504 2566 1538 ι

414 1583 548 1638 Ἰδοὺ
589 1583 713 1652 μὲν,
741 1581 818 1644 ὡς
865 1583 990 1651 ἐμοὶ
1015 1583 1182 1647 δοκεῖ,
1216 1583 1276 1636 οὐ
1321 1577 1704 1652 φανερώτερον
1761 1578 1912 1649 εὖροι

327 1695 413 1740 τις
444 1677 511 1730 ἂν
533 1675 642 1728 τῶν
676 1676 779 1746 ήδη
825 1676 958 1746 ἡμῖν
989 1676 1318 1746 εἰρημένων.
1356 1675 1643 1739 Τουτέστι,
1693 1674 1914 1742 πρόσω-

333 1787 433 1823 πον
463 1769 598 1838 πρὸς
625 1769 917 1839 πρόσωπον
942 1785 956 1798 ·
988 1770 1104 1832 κτλ,
1134 1769 1228 1823 νῦν
1275 1767 1608 1821 ἀπολαύουσι
1641 1768 1740 1836 τῆς
1783 1765 1912 1822 θεώ-

335 1879 496 1919 σεως.
538 1862 646 1914 Καὶ
700 1863 757 1914 ἐν
792 1859 1107 1931 παραδείσῳ
1139 1861 1260 1914 νυνὶ
1303 1863 1589 1932 χορεύουσι
1641 1879 1911 1932 στεφανη-

333 1955 510 2024 φόροι.
566 1954 676 2009 Καὶ
723 1953 820 2008 νῦν
859 1952 1224 2023 παρίστανται
1283 1953 1363 2024 τῷ
1411 1953 1506 2007 τοῦ
1544 1952 1681 2008 Θεοῦ
1737 1954 1913 2024 θρόνῳ

335 2046 476 2114 μετὰ
505 2046 754 2114 ἀγγέλων
789 2044 983 2115 ἀγίων.
1017 2044 1084 2098 Τί
1117 2045 1248 2100 ἄλλο
1289 2045 1571 2116 δυνάμεθα
1621 2046 1844 2110 ἐννοεῖν,
1876 2045 1910 2117 ἢ

328 2141 414 2192 δτι
449 2137 899 2208 ἀπολαμϐάνουσι
920 2137 1017 2191 νῦν
1048 2137 1185 2191 mea
1207 2136 1410 2209 ψυχαί;
1437 2137 1512 2202 ὡς
1538 2137 1906 2208 προεθέμεθα·

334 2236 431 2287 καὶ
460 2233 560 2304 ἤδη
611 2231 954 2302 διαπρυσίως
1003 2231 1309 2300 ἐδείξαμεν.
1341 2231 1402 2285 El
1442 2231 1489 2285 δ’
1517 2231 1618 2284 οὐκ
1652 2231 1910 2300 ἀρκεῖσθε

334 2325 564 2389 τούτοις,
595 2324 843 2393 δείξομεν
871 2324 966 2377 καὶ
1004 2323 1140 2377 ἀλλα
1179 2325 1246 2376 ὲκ
1276 2324 1382 2376 τῶν
1419 2322 1624 2394 ὁμοίων
1653 2324 1911 2394 Γραφῶν.

343 2416 434 2469 Ἐν
467 2419 532 2487 τῇ
578 2417 742 2489 ἑνάτῃ
772 2416 883 2488 ᾠδῇ
911 2417 1020 2469 τῶν
1051 2415 1224 2484 ἁγίων
1276 2417 1555 2485 Πατέρων,
1599 2417 1659 2469 ἓν
1704 2417 1914 2487 τροπά-

336 2525 452 2580 ριον
503 2507 648 2562 οὕτω
675 2509 849 2578 λέγει,
887 2527 905 2561 ι
950 2508 1225 2577 Μεγάλων
1269 2506 1541 2577 ὴξιὼθητε
1572 2508 1682 2562 τῶν
1734 2511 1912 2579 τιμῶν

331 2601 430 2656 ἐπὶ
480 2602 604 2672 γῆς,
658 2582 1059 2672 οὐρανόφρονες
1106 2599 1274 2668 ἀγιοι,
1329 2599 1411 2652 ὅτι
1444 2599 1685 2669 Χριστοῦ
1742 2598 1913 2653 τύπον

331 2695 630 2764 ἐτιμήσατε
681 2692 969 2764 σχετικῶς.
1004 2692 1117 2746 Kal
1147 2689 1245 2745 νῦν
1278 2691 1439 2745 σκιάν
1481 2692 1784 2760 ὲκθὲμενοι,
1819 2693 1914 2745 καὶ

330 2787 395 2839 τὸ
427 2786 826 2856 περικάλυμμα
873 2788 974 2855 τῆς
1005 2784 1232 2856 σαρκὸς,
1269 2784 1436 2838 αὐτὸν
1467 2784 1911 2854 αὐτοπροσώπως

333 2877 414 2940 είς
444 2877 742 2947 πρόσωπον
776 2875 961 2946 ὁρᾶτε,
987 2874 1214 2928 καὶτῶν
1242 2871 1509 2944 μειζόνων
1528 2871 1860 2940 ἀξιούμενοι.
1889 2891 1906 2923 ι

335 2969 448 3026 Καὶ
499 2967 707 3034 άλλοθι,
742 2985 760 3020 ι
804 2966 920 3021 Ἀεὶ
971 2967 1277 3038 προῖστασο
1333 2964 1445 3018 τῶν
1485 2964 1801 3031 ὑμνούντων
1855 2981 1914 3016 σε

334 3060 424 3112 διὰ
459 3059 680 3124 παντὸς,
714 3057 810 3112 καὶ
842 3059 944 3128 τὴν
995 3056 1094 3126 σὴν
1121 3057 1520 3126 εὐφημούντων
1572 3058 1910 3126 πανήγυριν,

2092 1577 2232 1635 Ecce
2260 1579 2374 1650 jam
2415 1578 2550 1634 nihil
2581 1580 2847 1651 apertius.
2897 1591 2957 1638 ut
2989 1583 3123 1638 mihi
3171 1584 3421 1660 videtur.
3452 1599 3610 1656 repe-

2021 1670 2194 1726 rietur
2231 1671 2319 1726 his
2360 1687 2482 1742 qua!
2513 1687 2544 1728 a
2576 1673 2736 1730 nobis
2777 1674 2938 1729 allata
2971 1686 3102 1730 sunt
3129 1715 3146 1741 ,
3179 1676 3230 1731 id
3265 1685 3372 1746 est,
3409 1695 3428 1728 ι
3470 1677 3610 1734 facie

2021 1762 2086 1818 ad
2128 1761 2348 1831 faciem,
2393 1783 2410 1816 ι
2447 1772 2523 1830 et,
2559 1783 2577 1818 ι
2621 1781 2767 1820 nunc
2791 1766 3077 1822 divinitate
3103 1767 3432 1837 perfrueris,
3473 1789 3490 1822 ι
3526 1779 3603 1834 et,

2019 1853 2104 1908 sin
2140 1854 2390 1924 paradiso
2427 1870 2570 1912 nunc
2595 1857 2839 1912 coronati
2879 1859 3202 1928 tripudiant.
3239 1877 3256 1913 I
3299 1870 3375 1927 et,
3405 1880 3424 1914 ε
3463 1877 3610 1918 nunc

2016 1944 2108 2001 Dei
2151 1947 2348 2002 throno
2400 1963 2523 2003 cum
2559 1949 2768 2007 sanctis
2806 1951 3020 2023 angelis
3068 1953 3336 2027 assistunt
3373 1973 3420 2021 ις
3475 1955 3610 2027 quid

2015 2037 2160 2093 aliud
2193 2053 2490 2109 possumus
2528 2041 2838 2114 intelligere
2885 2021 3252 2117 pmtertiuam
3292 2049 3440 2118 quod
3473 2021 3612 2121 q-uao

2015 2139 2177 2186 tenus
2205 2132 2405 2186 animae
2431 2132 2811 2204 perfruuntur,
2865 2146 2929 2192 ut
2975 2147 3137 2194 antea
3163 2139 3526 2210 exposuimus
3553 2149 3612 2198 et

2011 2223 2124 2293 jam
2145 2225 2425 2281 evidenter
2463 2228 2803 2285 ostendimus
2819 2229 2842 2283 ‘i
2857 2229 2976 2296 Quo
2992 2231 3035 2288 si
3064 2231 3150 2288 his
3170 2247 3275 2288 non
3299 2234 3609 2304 acquiesci-

2017 2318 2107 2385 tis,
2136 2331 2188 2374 ct
2223 2319 2326 2376 alia
2359 2338 2422 2376 ex
2447 2321 2690 2392 ejusdem
2717 2325 2935 2395 generis
2962 2325 3254 2396 scripturis
3283 2327 3605 2386 aﬂ'eremus.

2021 2409 2080 2465 lu
2117 2411 2220 2468 ode
2250 2411 2283 2466 9
2328 2422 2644 2470 sanctorum
2698 2415 2920 2472 Patrum
2982 2417 3282 2488 antiphona
3313 2419 3386 2477 ita
3418 2421 3552 2478 dicit
3588 2439 3605 2480 :

2022 2523 2040 2556 ε
2087 2505 2337 2574 Magnum
2393 2507 2600 2562 cultum
2662 2509 2838 2563 meriti
2870 2509 3045 2574 estis,
3084 2510 3338 2567 caelestes
3384 2515 3605 2582 sancti,

2015 2599 2143 2668 quia
2177 2599 2384 2657 Christi
2423 2601 2653 2669 figuram
2687 2603 2936 2659 studiose
2964 2602 3158 2661 imitati
3187 2605 3343 2669 estis.
3372 2614 3429 2663 et
3459 2622 3604 2664 nunc

2019 2693 2211 2748 umbra
2242 2703 2295 2748 et
2338 2694 2522 2748 carnis
2569 2693 2915 2763 operimento
2967 2695 3240 2766 deposito,
3290 2709 3418 2756 eum
3466 2698 3608 2756 facie

1997 2784 2087 2859 _ad
2122 2784 2318 2840 faciem
2355 2785 2550 2840 videtis
2585 2794 2640 2839 et
2676 2785 2921 2840 maxima
2951 2786 3131 2843 meriti
3161 2787 3316 2846 estis.
3355 2806 3379 2840 ι
3406 2787 3474 2845 Et
3506 2792 3607 2848 ali-

2022 2878 2074 2932 bi
2107 2895 2120 2932 :
2156 2897 2175 2931 ι
2218 2879 2447 2948 Semper
2475 2877 2792 2948 suﬁ'ragaris
2817 2878 2881 2932 iis
2901 2879 2992 2948 qui
3023 2887 3073 2934 te
3104 2879 3350 2946 laudant,
3373 2890 3428 2936 et
3452 2893 3604 2939 tuum

2022 2970 2300 3026 celebrant
2337 2971 2536 3026 festum
2569 2969 2800 3026 Domino
2833 2970 3123 3038 assistens,-
3153 2971 3429 3037 Onesime.
3461 2983 3606 3031 totus

2027 3061 2330 3133 refulgens.
2365 3071 2512 3118 totus
2548 3061 2924 3129 resplendens,
2955 3070 3102 3120 totus
3143 3063 3462 3121 calestibus
3497 3065 3608 3120 fui-

334 3153 411 3222 τῷ
430 3153 664 3225 δεσπότῃ
687 3151 948 3224 παρεστὼ
965 3169 1003 3218 ·,
1027 3151 1316 3220 Ὀνήσιμε,
1341 3151 1461 3215 ὃλος
1481 3150 1913 3219 πεφωτισμένος.

2023 3154 2190 3225 getris
2242 3169 2560 3210 coruscans.
2605 3173 2624 3206 ι
2663 3154 2728 3209 Et
2760 3153 2884 3209 alibi
2919 3173 2934 3210 :
2970 3174 2988 3206 ι
3025 3153 3298 3226 [aspicitis
3329 3196 3344 3220 .
3399 3166 3607 3230 marty-

339 3246 463 3308 ὅλος
493 3247 912 3318 ὐπέρλαμπρος,
944 3245 1062 3308 ὅλος
1089 3245 1204 3307 ταῖς
1239 3244 1450 3297 ἐκεῖθεν
1486 3243 1795 3314 ἀστραπαῖς
1823 3261 1920 3296 κα-

337 3329 783 3410 ταλαμπόμενος.
833 3357 852 3390 s
898 3338 1010 3393 Kal
1058 3336 1364 3408 ἀλλαχοῦ,ι
1409 3337 1718 3406 Καθορᾶτε,
1774 3339 1916 3406 μάρ-

337 3448 524 3505 τυρες,
555 3433 615 3487 τὸ
653 3433 799 3486 θεῖον
835 3430 1030 3494 κάλλος
1077 3431 1421 3501 τρανώτερον
1467 3431 1562 3482 καὶ
1613 3428 1919 3498 λαμπρότε-

334 3543 451 3597 ρον.
495 3543 512 3576 ι
548 3525 658 3580 Kal
717 3525 903 3588 πάλιν,
940 3544 960 3576 ι
1001 3523 1182 3579 Ὅπου
1232 3521 1416 3588 τάξεις
1462 3521 1732 3590 ἀγγέλων,
1780 3520 1915 3575 ὅπου

327 3619 443 3673 τῶν
473 3618 703 3674 δικαίων
737 3619 788 3672 oi
837 3617 1002 3688 δῆμοι
1048 3615 1398 3685 ἀγάλλονται.
1437 3633 1456 3668 ι
1493 3615 1602 3669 Kal
1651 3616 1709 3668 ὲν
1745 3612 1912 3683 ἄλλῳ,

339 3731 361 3762 s
395 3711 512 3766 Kal
567 3712 844 3780 βασιλείας
872 3710 1144 3782 οὐρανῶν,
1191 3708 1380 3780 σαφῶς
1411 3706 1706 3779 ὴξιὼθητε,
1750 3723 1916 3762 κατα-

335 3805 683 3876 λαμπόμενοι
715 3805 813 3868 τῆς
846 3803 1078 3875 Τριάδος
1115 3803 1238 3865 ταῖς
1269 3800 1467 3869 αὐγαῖς
1503 3798 1850 3867 άξιάγαστοι.
1888 3815 1908 3850 ι

336 3897 446 3953 Kal
480 3897 662 3963 πάλιν,
710 3915 728 3948 ι
766 3893 951 3950 Σάσϐα
994 3893 1332 3964 παμμάκαρ,
1383 3892 1493 3946 τῶν
1521 3889 1769 3961 ἀγγέλων
1806 3889 1916 3942 ισο-

335 3990 547 4053 στάσιε.
579 3991 853 4060 δμόσκηνε
889 3986 1074 4054 δσίων,
1112 3985 1370 4057 συνόμιλε
1404 3982 1720 4054 προφητῶν,
1777 3998 1914 4051 μαρο

331 4081 516 4152 τύρων
567 4081 664 4135 καὶ
698 4077 1014 4134 ἀποστόλων
1068 4076 1503 4148 συγκληρονόμε,
1541 4073 1658 4144 φῶς
1703 4072 1763 4126 τὸ
1789 4071 1914 4126 ἀνι-

334 4193 437 4230 στε
450 4192 540 4246 ρον
568 4175 597 4229 ὁ
627 4173 724 4227 νῦν
774 4170 1072 4238 κατοικῶν,
1093 4169 1153 4225 οῦ
1182 4171 1301 4234 ταῖς
1351 4167 1726 4241 φρυκτωρίαις
1779 4165 1917 4233 λαμ-

333 4268 576 4338 πόμενος
625 4266 747 4328 ταῖς
789 4263 985 4328 θείαις,
1019 4262 1098 4332 τῷ
1144 4260 1434 4332 ἀκροτάτῳ
1479 4257 1589 4312 τῶν
1634 4255 1847 4325 ἀφετῶν
1886 4256 1917 4309 δ

332 4355 626 4426 παρεστὼς
665 4353 950 4425 παρρησία
1000 4348 1515 4420 λελαμπρυσμίνος.
1561 4366 1582 4400 ι
1625 4346 1910 4412 ’Δκούειςς

329 4449 450 4518 φῶς
483 4447 542 4500 τὸ
571 4445 876 4516 άνέσπερόν
909 4460 1044 4512 φησι
1074 4458 1085 4470 ·
1121 4443 1235 4510 φῶς
1276 4441 1384 4509 γὰρ
1435 4441 1462 4492 ὀ
1506 4438 1640 4501 Θεὸς
1679 4437 1914 4490 ἀνίσπε-

2027 3262 2135 3309 res,
2171 3247 2411 3302 divinam
2471 3245 2931 3316 pulchritudinem
2991 3245 3336 3303 manifestius
3381 3257 3438 3303 et
3487 3250 3604 3304 cla-

2024 3339 2161 3393 rius.
2204 3356 2222 3389 ι
2269 3337 2335 3392 Et
2366 3353 2558 3393 rursus
2601 3354 2613 3391 :
2658 3355 2677 3389 ι
2725 3336 2828 3394 Ubi
2878 3338 3102 3396 ordines
3129 3340 3474 3412 angelorum.
3509 3341 3601 3399 ubi

2018 3427 2292 3498 justornm
2339 3428 2524 3498 populi
2553 3429 2849 3486 exsultant.
2889 3448 2909 3481 ι
2947 3429 3016 3486 Et
3046 3431 3098 3486 in
3143 3431 3253 3488 allo
3289 3450 3306 3501 ς
3343 3453 3365 3486 ε
3407 3432 3476 3490 Et
3518 3448 3610 3494 rs-

2019 3534 2185 3588 gnum
2216 3518 2482 3576 caelorum
2515 3531 2702 3589 aperte
2730 3521 2936 3587 meriti,
2960 3504 3252 3582 Trinitatis
3281 3526 3454 3583 radiis
3485 3527 3609 3585 illu-

2019 3609 2201 3670 strati.
2234 3624 2269 3664 o
2298 3610 2660 3666 admiratione
2703 3601 2876 3684 digni.
2923 3631 2943 3666 ι
2965 3612 3044 3667 'Et
3078 3630 3271 3672 rursus
3306 3633 3323 3674 :
3361 3637 3382 3671 r
3423 3619 3602 3676 Sabba

2017 3699 2356 3767 beatissime,
2390 3698 2712 3770 angelorum
2743 3704 2969 3774 arguatis
2998 3745 3014 3770 ,
3049 3715 3367 3766 sanctorum
3403 3721 3604 3770 contu-

2019 3791 2300 3860 bernalis,
2335 3793 2730 3864 prophetarum
2781 3797 2964 3852 socius
2991 3835 3006 3862 ,
3043 3788 3348 3870 martyrum
3385 3811 3438 3858 et
3472 3819 3605 3874 apo-

2018 3885 2279 3942 stolorum
2313 3885 2580 3951 coheres.
2614 3885 2791 3944 lucem
2818 3899 2925 3945 non
2951 3889 3292 3948 occidentem
3325 3909 3474 3953 nunc
3506 3895 3597 3952 in-

2018 3979 2228 4044 colens,
2283 3978 2439 4048 cujus
2484 3977 2687 4036 divinis
2734 3979 2950 4038 facibus
3007 3981 3314 4041 illustratus
3380 4002 3596 4046 summo

2021 4070 2255 4142 principi
2295 4070 2580 4139 assistens,
2609 4082 2668 4129 et
2696 4082 2885 4144 aperte
2916 4088 3272 4136 coruscans.»
3314 4079 3602 4138 Audlsne?

2019 4163 2223 4220 Lucem
2269 4180 2376 4222 non
2423 4165 2768 4224 occidentem
2814 4167 2951 4226 dicit
2989 4176 3005 4237 τ
3037 4183 3168 4226 nam
3201 4171 3348 4230 Datis
3379 4183 3464 4232 est
3504 4175 3600 4231 lux

2019 4274 2131 4318 nos
2167 4258 2458 4325 occidens;
2497 4258 2711 4316 habitat
2739 4270 2922 4318 autem
2950 4275 3096 4318 nunc
3137 4277 3262 4320 cum
3294 4267 3423 4322 Deo.
3460 4267 3604 4324 Prae-

2025 4358 2170 4405 terea
2216 4364 2498 4406 summum
2550 4352 2883 4421 principium
2924 4354 3059 4424 quid
3090 4355 3409 4425 signiﬁcat?
3437 4355 3603 4413 Sum-

2021 4453 2172 4492 mum
2200 4439 2348 4494 enim
2386 4442 2691 4506 bonorum,
2723 4454 3000 4498 summum
3035 4445 3394 4517 principium,
3443 4463 3601 4505 sum-

335 4555 432 4608 ρον
452 4553 466 4564 ·
501 4539 747 4599 κατοικεῖ
777 4536 832 4588 δὲ
865 4533 960 4588 νῦν
993 4533 1134 4604 μετᾶ
1163 4530 1257 4585 τοῦ
1308 4531 1468 4592 Θεοῦ,
1504 4527 1622 4582 εἶτα.
1647 4529 1708 4581 τὸ
1740 4530 1912 4597 ἀκρον

2021 4542 2166 4580 mum
2200 4528 2691 4596 pulchritmlinum,
2728 4533 2802 4586 nil
2841 4532 2986 4587 aliud
3017 4510 3104 4589 εει
3130 4510 3236 4591 nisi
3273 4510 3418 4594 Deus
3460 4541 3598 4609 ipse.

330 4628 448 4681 τῶν
481 4627 715 4696 ἐφετῶν·
750 4626 801 4678 τί
826 4624 1018 4694 δηλοῦν
1047 4623 1294 4692 βούλεται
1320 4637 1334 4687 ;
1375 4621 1436 4672 τὸ
1463 4619 1572 4689 γὰρ
1606 4618 1777 4688 ἄκρον
1804 4617 1914 4670 τῶν

333 4722 579 4790 ἀγαθῶν,
603 4721 661 4773 τὸ
691 4719 862 4790 ἄκρον
893 4717 1004 4769 τῶν
1028 4715 1258 4784 ἐφετῶν,
1283 4715 1342 4766 τὸ
1376 4713 1546 4783 ἀκρον
1573 4712 1681 4764 τῶν
1709 4709 1911 4772 καλῶν,

330 4816 489 4870 οὐδὲν
514 4815 645 4872 ἄλλο
685 4814 854 4873 ἐστὶν,
886 4812 933 4864 εξ
965 4808 1040 4878 μὴ
1086 4807 1246 4870 αὐτὸς
1289 4808 1315 4858 ὁ
1343 4805 1497 4867 Θεός.
1534 4803 1703 4866 Οὗτος
1728 4803 1784 4855 δὲ
1817 4818 1917 4855 πα-

333 4907 590 4979 ρίσταται
641 4903 807 4972 αὐτῷ,
866 4902 958 4953 καὶ
1000 4899 1248 4960 κατοικεῖ
1311 4895 1431 4966 μετ’
1482 4895 1670 4950 αὐτοῦ’
1725 4894 1776 4948 τί
1821 4891 1916 4952 οῦν

330 5001 463 5056 ἄλλο
512 5000 647 5070 πρὸς
680 4996 815 5051 Θεοῦ
852 4994 1129 5064 σημαίνει,
1165 4991 1280 5046 ἀλλ’
1314 4992 1348 5063 ἢ
1397 4991 1455 5045 τὸ
1502 4989 1916 5059 ἀπολαμϐάνειν

326 5094 460 5154 τούς
495 5093 680 5159 ἁγίους
720 5089 816 5142 νῦν
857 5087 979 5141 καθ’
1044 5087 1169 5138 ὅσον
1207 5084 1315 5137 εἰσὶ
1344 5083 1572 5154 ·ψυχαί;
1607 5083 1671 5135 Et
1701 5081 1757 5134 δὲ
1789 5080 1916 5151 βού-

326 5186 416 5237 λει
451 5189 544 5240 καλ
583 5183 717 5236 ἄλλα
747 5179 1002 5240 ἀκοῦσαι,
1055 5178 1165 5230 ίδού
1215 5175 1473 5245 λέγομεν.
1510 5193 1529 5226 ι
1578 5174 1688 5226 Kal
1721 5174 1915 5227 ἀδύτου

329 5274 618 5344 φωτισμοῦ
650 5272 742 5325 νῦν
793 5270 1169 5326 ἀπολαύουσι.
1214 5286 1233 5320 ι
1270 5268 1382 5322 Kal
1431 5267 1492 5319 ἐν
1537 5266 1702 5336 ἀλλῳ,
1742 5284 1761 5318 ι
1795 5266 1917 5321 Τῶν

330 5367 509 5435 ἁγίων
539 5369 565 5419 ὀ
597 5365 755 5434 χορὸς
787 5356 913 5433 εὗρε
950 5360 1133 5432 πηγὴν
1162 5361 1262 5428 τῆς
1292 5357 1459 5428 ζωῆς,
1498 5360 1591 5413 καὶ
1614 5357 1787 5428 θύραν
1813 5374 1917 5411 πα-

213 5499 220 5504 -
330 5459 608 5534 ραδείσου.
647 5477 664 5508 ι
706 5457 812 5510 Kal
861 5454 1046 5516 πάλιν,
1085 5469 1105 5503 ε
1144 5453 1254 5504 Kal
1281 5452 1330 5504 oi
1373 5449 1571 5502 δίκαιοι
1603 5450 1916 5519 λάμπουσιν

328 5554 410 5615 ὡς
438 5551 744 5620 φωστῆρες.
782 5565 800 5598 ι
840 5547 952 5599 Kal
1001 5542 1260 5613 ἀλλαχοῦ,
1294 5561 1311 5593 ι
1363 5542 1675 5608 Ἐπιγείους
1719 5541 1917 5608 ἄθλους

328 5642 656 5705 διελθόντες,
684 5637 970 5708 οὐρανίους
996 5635 1187 5688 ἔλαϐον
1219 5635 1521 5701 στεφάνους
1553 5633 1602 5686 οἱ
1637 5633 1918 5703 μάρτυρες

330 5734 384 5787 oi
418 5731 660 5801 ἀληθεῖς.
707 5746 725 5780 ι
772 5729 884 5780 Kal
916 5726 1100 5789 πάλιν,
1145 5744 1163 5776 ι
1214 5725 1276 5777 Οἱ
1308 5723 1598 5796 ἀθλοφόροι
1641 5724 1918 5794 μάρτυρες

341 5826 439 5880 καὶ
463 5821 898 5892 οὐρανοπολῖται,
935 5820 1028 5870 ἐπὶ
1053 5820 1153 5887 γῆς
1194 5815 1549 5886 άθλήταντες,
1597 5815 1919 5885 πολλάςοβα.

589 5932 869 5988 Damon.
905 5920 1023 5983 Gn.
1089 5919 1296 5980 CLIX.

2020 4615 2119 4672 ilic
2151 4618 2200 4672 ei
2235 4620 2469 4680 assisnt.
2514 4631 2568 4676 et
2620 4622 2830 4676 habitat
2862 4637 2988 4678 cum
3039 4639 3126 4690 eo,
3165 4626 3298 4696 quid
3332 4627 3476 4682 aliud
3505 4644 3604 4699 per

2019 4708 2188 4764 Deum
2221 4711 2467 4778 denotat,
2495 4722 2855 4782 praeterquam
2890 4715 3034 4782 quod
3068 4716 3246 4773 sancti
3275 4734 3444 4786 nunc,
3464 4737 3603 4792 qna-

2020 4812 2181 4857 tenus
2214 4803 2442 4868 animae,
2475 4803 2870 4872 perfruuntur?
2899 4806 2956 4861 Si
2995 4808 3076 4862 vis
3123 4817 3178 4862 et
3227 4810 3333 4864 alia
3384 4813 3598 4879 audire,

2013 4891 2126 4961 jam
2179 4894 2438 4950 dicimus.
2506 4913 2525 4946 ι
2575 4896 2640 4950 Ει
2681 4896 3054 4953 inaccessibiii
3117 4900 3237 4956 luce
3295 4919 3442 4959 nunc
3482 4919 3603 4975 per-

2016 4983 2292 5040 fruuntur.
2326 5005 2345 5037 r
2380 4988 2444 5040 Et
2477 4988 2602 5043 alibi
2638 5004 2652 5042 :
2689 5006 2707 5040 ι
2738 4987 3068 5045 Sanctorum
3101 4993 3303 5050 chorus
3333 4996 3454 5050 vitm
3481 4997 3599 5050 fon-

2019 5083 2126 5129 tem
2161 5084 2214 5131 et
2241 5075 2464 5146 januam
2500 5078 2738 5144 paradisi
2769 5091 2965 5136 nactus
2991 5091 3133 5137 est.»
3167 5083 3232 5137 Et
3261 5099 3472 5140 rursus:
3505 5086 3602 5140 «Et

2013 5166 2146 5238 justi
2196 5167 2361 5220 veluti
2409 5168 2698 5224 luminaria
2736 5167 2966 5238 fulgent.
3007 5190 3025 5222 ι
3059 5173 3122 5226 Et
3169 5173 3298 5226 alibi
3334 5188 3350 5226 :
3395 5192 3413 5225 ι
3461 5172 3598 5229 Cum

2021 5267 2237 5314 terrena
2261 5259 2563 5314 certamina
2589 5261 3014 5330 perlustrassent
3043 5264 3158 5318 veri
3189 5272 3476 5335 martyres,
3507 5281 3601 5323 cu-

2017 5367 2186 5408 rouas
2234 5361 2361 5407 sunt
2411 5354 2712 5409 consecuti.
2752 5373 2770 5405 ι
2819 5353 2888 5409 Ει
2933 5371 3124 5410 rursus
3159 5372 3175 5410 ε
3216 5374 3235 5407 ι
3289 5356 3601 5413 Certatores

2019 5455 2286 5515 martyres
2316 5461 2381 5500 ac
2420 5446 2543 5500 caeli
2575 5431 2726 5500 cives
2755 5448 2807 5502 in
2839 5458 2982 5502 terra
3011 5448 3356 5504 decertantes
3399 5449 3600 5506 multos

2019 5539 2297 5593 cruciatus
2335 5539 2684 5607 pertulerunt
2719 5548 2773 5594 et
2821 5533 3118 5609 perfectam
3151 5540 3205 5594 in
3254 5540 3410 5596 cmlis
3437 5553 3601 5597 corn-

2019 5648 2144 5686 nam
2177 5642 2503 5700 receperunt
2532 5672 2548 5696 ,
2585 5639 2642 5684 ut
2679 5643 2778 5701 pro
2809 5632 3012 5687 nostris
3043 5633 3332 5690 animabus
3364 5634 3599 5691 interce-

2019 5723 2233 5777 derent.
2281 5740 2299 5773 ›
2343 5722 2408 5776 Ει
2456 5736 2692 5777 rursus:
2732 5739 2751 5774 ι
2781 5720 3131 5777 Celeberrimi
3166 5731 3469 5794 martyres,
3505 5736 3604 5778 vos

2021 5830 2130 5874 non
2163 5825 2303 5870 terra
2329 5816 2563 5885 operuit,
2586 5815 2679 5871 sed
2703 5813 2901 5871 omium
2927 5815 3176 5885 excepit;
3215 5829 3420 5886 apertae
3449 5826 3598 5879 sunt,

3132 5907 3204 5968 M
