3992 6406
532 413 682 475 m5
934 395 939 399 ·
1714 407 2033 471 JOSEPHI
2078 350 2632 470 METHONEuSIS
2895 418 2918 433 ο
3344 471 3352 479 κ
3630 415 3737 484 12.6

531 529 637 583 loci
667 541 813 583 nunc
853 541 971 582 esse
1003 524 1233 588 animus,
1257 533 1446 600 postea
1492 521 1801 589 discedunt,
1837 531 1891 578 et
1919 539 2107 578 earum

2167 531 2185 586 l
2217 525 2416 596 ψυχὰς,
2449 528 2600 579 πᾶσι
2653 525 2685 594 ἡ
2714 521 2928 578 Παλαιὰ
2977 525 3073 578 καὶ
3109 523 3288 596 Καινὴ
3337 526 3580 600 Δαθήκη,
3617 533 3668 586 εν
3683 534 3743 602 τῷ

531 622 802 690 recipiunt
832 634 1085 689 corpora,
1119 633 1280 672 suum
1314 617 1516 688 singuli
1553 635 1566 671 :
1598 617 1676 671 ita
1699 627 1887 687 postea
1913 632 1945 671 a
1966 615 2107 686 judi‘

2219 616 2315 671 τοῦ
2340 616 2468 687 ᾅδου
2497 616 2863 688 δεσμωτηρίῳ
2888 615 3360 688 παραπέμπεσθαι
3388 619 3457 683 ὡς
3477 623 3528 674 ὲν
3551 623 3746 696 φυλακῇ,

528 730 593 770 ce
621 714 881 769 adversus
907 726 1002 766 eos
1027 710 1298 766 sententia
1331 708 1528 774 fertur,
1569 709 1782 776 dicens,
1819 727 1838 760 ι
1871 707 2104 764 Conver-

2224 709 2514 779 μαρτυρεῖ.
2567 705 2725 762 Καθὰ
2755 707 3017 780 καὶπερὶ
3062 708 3157 761 τοῦ
3213 709 3464 764 πλουσίου
3521 713 3750 768 ἒχείνονό

529 819 714 865 tantur
739 815 1054 877 peccatores
1082 804 1136 860 in
1187 803 1460 859 infernum
1508 818 1565 872 ;i
1597 803 1689 870 qui
1721 810 1905 857 autem
1929 815 2105 858 rever-

2219 800 2428 870 Κύριος
2479 800 2730 873 εἴρηκεν.
2793 799 3031 871 Ὀμοὲως
3083 800 3176 855 καὶ
3233 802 3397 856 Δαϐὶδ
3447 804 3473 856 ὁ
3515 806 3752 875 προφήτης

529 903 685 966 titur,
712 909 960 970 apertum
995 907 1078 955 est
1098 911 1165 954 eo
1192 897 1337 953 unde
1365 905 1592 952 venerat
1618 911 1742 956 eum
1765 896 1984 952 reverti.
2010 894 2105 951 Sed

2224 893 2429 961 φησὶν,
2471 911 2492 946 ε
2529 893 3074 964 Ἀποστραιρήτωσαν
3105 893 3155 947 oi
3214 895 3522 966 ἁμαρτωλοὶ
3568 897 3638 960 είς
3689 897 3756 950 τὸν

529 993 922 1049 celeberrimus
951 1004 1085 1047 sane
1139 999 1195 1047 et
1237 989 1457 1046 divinus
1491 998 1678 1044 noster
1726 987 1908 1052 Pater,
1945 987 2105 1045 Creta

2234 981 2430 1054 ᾇδην.ι
2471 983 2547 1037 Τὸ
2578 982 2635 1037 δὲ
2665 985 2862 1048 εἰπεῖν,
2902 985 3430 1055 ἀποστραφήτωσαν,
3449 987 3679 1056 σημαίνει
3699 989 3759 1040 ὅτι

531 1082 889 1160 dignissimus
919 1091 1106 1152 pastor
1155 1082 1426 1146 Andreas,
1462 1092 1584 1151 post
1647 1088 1869 1136 sanctos
1922 1095 2107 1137 omnes

2223 1075 2320 1132 νῦν
2346 1078 2463 1131 ἐκεῖ
2493 1078 2548 1131 αί
2593 1076 2766 1147 ψυχαὶ
2811 1076 3020 1132 τούτων
3061 1079 3410 1149 ὑπάρχουσιν
3433 1097 3447 1112 ·
3489 1075 3597 1132 εἶτα
3623 1083 3760 1149 ἀπέρ-

529 1191 561 1230 a
593 1174 749 1230 nobis
784 1175 838 1230 in
867 1183 1036 1230 testes
1063 1173 1118 1230 in
1153 1173 1261 1229 hoc
1293 1181 1620 1243 argumento
1650 1171 1938 1238 adductos,
1967 1186 2105 1228 acce

2225 1188 2412 1242 χονται
2451 1172 2546 1225 καὶ
2592 1168 3050 1241 ἀπολαμϐάνουσι
3097 1172 3305 1226 τούτων
3348 1173 3416 1225 τὰ
3460 1171 3688 1239 σώματα,
3714 1173 3757 1224 τδ

531 1269 620 1321 dat
643 1275 699 1321 et
725 1266 842 1337 ipse
872 1274 934 1321 ut
960 1280 1175 1321 mecum
1205 1264 1394 1320 eadem
1423 1265 1765 1321 testiﬁcetur.
1804 1265 1853 1320 Is
1883 1277 2107 1334 namqut

2227 1264 2360 1319 [διον
2395 1265 2651 1328 ἕκαστος.
2695 1265 2806 1319 Καὶ
2835 1259 2936 1319 εἷθ’
2962 1264 3136 1327 οὕτως
3167 1265 3200 1336 ή
3247 1265 3520 1335 ἀπόφασις
3561 1267 3644 1319 τοῦ
3670 1282 3760 1334 κρι-

529 1360 584 1414 in
620 1359 858 1430 quadam
913 1357 1102 1413 divina
1155 1357 1430 1423 oratione,
1462 1372 1626 1426 quam
1662 1357 1715 1412 in
1749 1357 2105 1412 immaculata

2224 1356 2320 1411 τοῦ
2345 1355 2468 1410 κατ’
2514 1354 2695 1410 αὑτῶν
2725 1355 3030 1427 ἐξέρχεται,
3088 1356 3365 1425 λέγουσα·
3427 1357 3759 1427 Ἀποστραφή-

532 1461 734 1504 nostra:
812 1447 1051 1520 Virginis
1088 1447 1527 1504 dormitationem
1569 1448 1940 1518 pulcherrime
1967 1461 2108 1503 comi

2224 1467 2410 1505 τωσαν
2436 1449 2486 1504 οί
2514 1449 2832 1520 ἁμαρτωλοὶ
2853 1450 2932 1514 είς
2954 1449 3044 1502 τὸν
3068 1447 3227 1524 ᾅδην.
3263 1447 3324 1503 '0
3348 1448 3402 1502 δὲ
3426 1449 3760 1518 ὑποστρέφων,

527 1541 738 1613 posuit,
813 1539 970 1610 cujus
1048 1539 1424 1610 principium:
1488 1557 1508 1591 ι
1591 1537 1914 1609 Quicunque
1994 1538 2103 1593 reli

2227 1543 2495 1614 πρόδηλον
2527 1542 2655 1597 ἔνθα
2712 1543 2962 1614 ὑπῆρχεν
2994 1542 3351 1614 ὑποστρέφει.
3392 1562 3410 1595 ι
3461 1541 3616 1595 Ἀλλὰ
3645 1543 3763 1618 καὶὸ

528 1635 742 1704 giosum
764 1641 820 1688 et
852 1632 1223 1696 venerandum
1259 1632 1437 1688 locum
1461 1633 1630 1700 hunc,
1665 1651 1683 1685 ι
1711 1634 1867 1704 juxta
1916 1633 2104 1703 princi

2227 1635 2758 1707 πανηγυρικώτατος
2780 1637 2858 1707 τῷ
2885 1636 2998 1690 δντι
3021 1639 3118 1688 καὶ
3141 1634 3403 1705 θεοφόρος
3429 1635 3605 1706 Πατὴρ
3626 1637 3763 1705 ἡμῶν,

530 1727 678 1795 pium
714 1726 782 1782 de
823 1741 891 1781 eo
925 1727 999 1782 ita
1031 1734 1332 1795 pertractat
1364 1740 1378 1806 ξ
1427 1741 1445 1775 ι
1472 1723 1765 1790 Caeterum,
1796 1733 1851 1778 et
1901 1732 2106 1778 sancto

2228 1731 2257 1783 ὀ
2316 1728 2544 1799 Κρήτης
2596 1727 2877 1798 Ἀνδρέας,
2919 1729 2947 1781 δ
3001 1727 3299 1793 ἀξιώτατος
3370 1732 3570 1799 ποιμὴν
3611 1727 3765 1795 αὐτῆς,

529 1834 653 1875 rum
676 1820 874 1874 anima:
907 1820 1257 1874 tenebrosum
1287 1817 1508 1888 quidem
1577 1817 1756 1872 locum
1795 1817 1950 1871 illum
2003 1832 2105 1888 peri

2235 1820 2374 1890 μετὰ
2425 1819 2639 1884 πάντας
2670 1821 2799 1884 τοὺς
2841 1819 3052 1889 ἁγίους,
3089 1815 3171 1883 οἷς
3221 1820 3572 1892 ἐχρησάμεθα
3601 1820 3769 1888 μάρτυ-

533 1920 816 1969 transeunt
849 1929 864 1968 :
897 1922 953 1967 at
1010 1926 1120 1967 non
1153 1911 1230 1967 ibi
1286 1911 1625 1978 detinentur,
1657 1921 1855 1980 praeter
1874 1926 1968 1967 eas
1999 1925 2109 1980 qua

2194 1933 2200 1978 ;
2232 1928 2340 1975 σιν,
2370 1910 2464 1965 ἐπὶ
2501 1912 2569 1981 τῇ
2605 1909 2786 1982 τοιᾷδε
2814 1910 2948 1980 ἡμῖν
2976 1909 3255 1973 ὑποθέσει,
3292 1909 3506 1979 παρίτω
3530 1909 3616 1962 καί
3644 1909 3770 1970 αὐτὸς

531 2007 662 2060 vitm
691 2003 904 2061 deliciis
934 2003 1176 2059 delinitae
1209 2011 1556 2074 peccatorum
1613 2011 1846 2058 mortem
1881 2014 2107 2060 attraxe‘

2232 2002 2302 2056 τὰ
2351 2003 2492 2056 αὑτὰ
2532 2004 3016 2074 συμμαρτυρήσων
3061 2004 3218 2073 ἡμῖν.
3264 1997 3436 2065 Οὗτος
3487 2004 3591 2074 γὰρ
3635 2005 3683 2055 ἐν
3711 2003 3771 2054 ἐνί

532 2105 683 2154 runt.
717 2097 850 2151 Nam
887 2112 1230 2167 quaecunque
1289 2111 1351 2152 se
1371 2096 1570 2152 divinis
1594 2095 1803 2166 legibus
1831 2097 2108 2167 subjicien

2231 2093 2342 2148 τῶν
2375 2095 2705 2165 θαυμασίων
2743 2096 2908 2150 αὑτοῦ
2960 2096 3160 2165 λόγων,
3216 2095 3276 2149 δν
3310 2096 3393 2161 είς
3427 2095 3520 2168 τὴν
3558 2097 3646 2165 τῆς
3671 2113 3770 2148 παν-

533 2201 636 2256 tes,
667 2205 792 2247 eam
830 2205 953 2260 quae
1006 2190 1061 2244 in
1095 2189 1250 2247 omlis
1302 2189 1524 2261 degitur
1555 2189 1726 2244 vitam
1787 2187 1994 2260 Spiritu
2033 2207 2109 2262 pel

2233 2188 2402 2256 ἀγνου
2472 2189 2774 2256 Δεσποίνης
2826 2188 2985 2259 ἡμῶν
3039 2189 3298 2259 κοίμησιν
3351 2189 3663 2259 ὑπερκάλως
3704 2203 3772 2238 1::-

531 2298 752 2339 carnem
782 2282 1321 2349 demonstraverunt,
1357 2283 1424 2337 ad
1452 2281 1576 2337 loca
1618 2282 1815 2352 procul
1846 2282 2018 2338 dubio
2043 2298 2107 2339 re

2231 2279 2481 2352 ποίηται,
2514 2280 2548 2348 ἡ
2583 2278 2630 2331 δ’
2657 2278 2804 2351 ἀρχὴ
2839 2279 2935 2333 τοῦ
2981 2279 3166 2348 λόγου,
3199 2280 3392 2332 «Ὅσοι
3424 2279 3482 2332 τὸ
3506 2278 3685 2334 σεπτὸν
3707 2277 3771 2328 καί

533 2376 875 2449 splendentia
908 2377 1038 2431 huic
1067 2385 1386 2432 sanctorum
1415 2391 1576 2432 sacro
1623 2376 1794 2432 statui
1825 2385 2109 2433 consenta-

2233 2373 2536 2441 σεϐάσμιον
2569 2373 2800 2443 τέμενος
2833 2372 3054 2440 τοῦτο,ι
3092 2373 3321 2441 ἔγγιστά
3346 2393 3450 2427 που
3490 2374 3586 2443 τῆς
3619 2369 3773 2441 ἀρχῆς.

533 2477 634 2526 nea
696 2471 1042 2543 ablegantur,
1075 2486 1198 2540 quae
1249 2469 1518 2526 Dominus
1564 2470 1832 2536 custodit,
1881 2479 1936 2526 et
1980 2469 2104 2527 ocul

2232 2465 2328 2520 καὶ
2359 2465 2490 2536 περὶ
2536 2466 2730 2520 τούτου
2762 2466 2905 2520 οὕτω
2958 2467 3345 2538 διαλαμϐάνει,
3399 2487 3419 2520 ι
3460 2467 3568 2521 Ka‘:
3600 2465 3686 2536 μέν
3714 2479 3772 2513 τοι

534 2563 657 2633 ejus
704 2563 821 2634 qui,
865 2573 926 2619 ut
1002 2563 1308 2633 Scriptura
1373 2562 1618 2626 tradunt,
1668 2563 1854 2619 omnia
1908 2561 2110 2632 c‘onspi'

2231 2557 2470 2614 καὶτῶν
2517 2559 2694 2628 ἁγίων
2756 2561 2814 2614 αἱ
2861 2560 3033 2631 ψυχαὶ
3083 2561 3176 2614 τὸν
3216 2561 3372 2631 ἀειδῆ
3418 2563 3578 2616 τόπον
3611 2561 3775 2612 ἐκεῖνον

534 2655 711 2721 ciunt,
759 2671 991 2726 quorum
1050 2655 1520 2727 pulchritudinem
1574 2666 1628 2712 et
1663 2655 2110 2726 magnitudinem,

2229 2653 2541 2724 διέρχονται
2578 2654 2701 2722 μὲν,
2737 2654 2796 2707 οὑ
2844 2659 3169 2725 κατέχονται
3231 2656 3288 2708 δέ
3317 2670 3333 2685 ’
3380 2656 3520 2725 πλὴν
3571 2653 3666 2706 τῶν
3689 2652 3777 2704 ὅσαι

533 2747 736 2802 addam
769 2749 958 2812 etiam,
1013 2756 1067 2803 et
1096 2762 1263 2818 supra
1305 2756 1527 2818 captum
1578 2746 1821 2803 hominis
1849 2745 2100 2804 decorem

2231 2750 2299 2819 τῇ
2338 2746 2484 2802 κατὰ
2516 2749 2609 2804 τὸν
2642 2747 2759 2819 βίον
2791 2729 3042 2820 ῥᾳστώνῃ
3068 2750 3160 2803 τὸν
3190 2731 3260 2802 δι’
3286 2749 3563 2820 ἁμαρτίας
3588 2747 3775 2801 θάνατον

542 2838 664 2904 iure
685 2838 932 2908 apertius
968 2846 1025 2895 et
1046 2837 1324 2894 excelsius
1357 2846 1589 2895 noscent
1619 2835 1713 2908 qui
1746 2838 1854 2894 Deo
1879 2839 2118 2908 proxime

2234 2840 2647 2897 ἐπεσπάσαντο.
2708 2840 2874 2894 Ὅσαι
2910 2841 3018 2911 γὰρ
3061 2841 3243 2912 ’δήπου
3295 2843 3463 2911 τυχὸν
3514 2841 3617 2900 τοῖς
3653 2836 3779 2894 θείοις

535 2931 835 2996 accedunt,
861 2931 1052 3003 ibique
1088 2947 1312 2988 rursum
1367 2930 1630 2987 sistentes
1657 2931 1998 2986 vacationem
2037 2945 2111 2986 re-

2233 2935 2426 3002 νόμοις
2471 2933 2676 2996 ἑαυτὰς
2704 2932 3097 3010 ὑποζεύξασαι,
3133 2933 3233 3002 τὴν
3276 2934 3335 2987 ὲν
3373 2933 3623 3003 οὐρανοῖς
3667 2927 3781 2981 πολι-

534 3033 829 3096 ceperunt,
851 3025 1057 3095 quibus
1087 3023 1364 3095 praecipue
1412 3033 1606 3095 parata
1661 3034 1744 3078 est
1777 3039 1808 3078 a
1835 3023 2110 3093 providen-

2231 3027 2386 3082 τείαν
2440 3030 2501 3082 ἒν
2561 3027 2837 3099 πνεύματι
2867 3026 2956 3080 διὰ
3001 3025 3204 3097 σαρκὸς
3257 3026 3625 3091 ἐπεδείξαντο,
3673 3021 3779 3090 πρὸς

536 3117 636 3183 tia,
664 3133 786 3188 quae
834 3125 1036 3173 cuncta
1096 3106 1378 3186 sapienter
1421 3115 1797 3170 administrat.
1822 3132 1842 3167 ι
1879 3115 2112 3170 Audisti:

2234 3119 2438 3183 τόπους
2479 3119 2640 3189 δῆλον
2678 3118 3003 3187 φωτοειδεῖς
3041 3118 3354 3190 πρέποντας
3402 3120 3469 3189 τῇ
3517 3116 3679 3188 τοιᾷδε
3702 3110 3782 3164 τῶν

535 3208 923 3264 admirabilem
970 3215 1029 3262 et
1077 3222 1338 3278 magnum
1376 3206 1558 3261 virum
1609 3206 1778 3272 hunc,
1811 3221 1922 3276 quo
1966 3215 2111 3275 pactt

2233 3213 2404 3282 ἁγίων
2422 3213 2547 3285 ἱερᾷ
2562 3211 2918 3280 καταστάσει,
2949 3211 3310 3285 μετατεθῆναι
3339 3211 3779 3282 παραπέμπονται·

537 3308 861 3356 sanctorum
890 3309 945 3354 et
970 3300 1251 3368 justorum
1304 3300 1522 3364 anima,
1556 3297 1726 3369 hujus
1794 3297 1922 3354 vita:
1959 3313 2113 3354 curs:

2207 3333 2208 3347 ι
2237 3281 2334 3370 οῦς
2366 3281 2664 3361 ἐπισκοπεῖ
2691 3305 2922 3377 Κύριος,
2954 3281 3063 3360 καὶ
3090 3307 3140 3360 οί
3178 3281 3454 3377 ὀφθαλμοὶ
3485 3307 3642 3362 αὑτοῦ
3675 3300 3783 3356 κατὰ

538 3387 813 3460 perfecto,
849 3391 1194 3446 vacationem
1229 3391 1541 3461 recipiunt?
1566 3391 1683 3448 Hoc
1709 3391 1850 3446 idem
1880 3399 1966 3447 est
1999 3405 2063 3446 ac
2087 3407 2112 3448 ε

2234 3404 2296 3454 τδ
2323 3398 2507 3468 λόγιον
2533 3399 2622 3454 διὰ
2644 3399 2848 3464 παντὸς
2870 3399 3282 3456 ἑπισλέπουσιν.
3319 3394 3425 3456 Ὦν
3453 3402 3513 3455 τό
3541 3419 3598 3454 τε
3627 3397 3783 3456 κάλλος

537 3481 770 3547 diceret,
803 3483 1237 3554 promissionem
1301 3484 1589 3554 discipulis
1629 3483 1981 3554 promissam,
2011 3498 2113 3538 cun

2240 3491 2338 3545 καὶ
2372 3489 2627 3562 μέγεθος,
2661 3494 2758 3548 καὶ
2783 3492 2883 3563 τὴν
2916 3493 2998 3556 είς
3035 3493 3182 3547 ἅπαν
3213 3497 3621 3567 μακαριότητος
3647 3494 3781 3551 θέσιν,

538 3577 699 3643 dicit,
733 3597 751 3630 ι
773 3579 847 3636 Ut
880 3577 971 3634 ubi
996 3593 1100 3649 ego
1121 3594 1277 3643 sum,
1307 3580 1381 3635 ibi
1411 3588 1468 3636 et
1485 3595 1589 3637 vos
1617 3581 1785 3638 sitis?
1820 3599 1840 3634 ι
1872 3582 2114 3654 quodqui

2239 3585 2542 3658 προσθήσω
2569 3583 2627 3640 δὲ
2653 3585 2748 3640 καὶ
2777 3585 2878 3656 τῆς
2905 3585 3051 3659 ὑπὲρ
3093 3586 3221 3642 νοῦν
3243 3586 3601 3660 ὡραιότητος,
3632 3584 3785 3640 εἰδεῖεν

538 3671 596 3725 in
627 3670 748 3726 loca
778 3671 1111 3744 refulgentia
1140 3671 1615 3739 transmittuntur,
1651 3671 1877 3744 Deoque
1901 3674 2114 3744 propin!

2235 3681 2305 3735 ἂν
2336 3680 2568 3744 είκότως
2593 3696 2698 3751 τρα
2710 3679 2947 3752 νώτερόν
2977 3698 3036 3734 τε
3067 3681 3163 3736 καὶ
3191 3681 3529 3754 ὑψηλότερον
3554 3685 3598 3736 οἱ
3626 3679 3787 3752 μᾶλλον

537 3773 734 3834 quant,
752 3771 806 3820 et
822 3764 1178 3821 beatitudinis
1193 3764 1422 3821 miriﬁce
1441 3765 1807 3823 arrhabonem
1827 3767 2106 3839 recipiunt

2240 3770 2403 3842 ἡμῶν
2428 3770 2550 3840 Θεῷ
2581 3770 3004 3842 πλησιάζοντες.
3027 3773 3327 3827 Κάνταῦθα
3356 3773 3456 3827 τοῦ
3486 3773 3679 3844 δρόμον
3719 3770 3788 3835 λή-

541 3859 654 3915 imo
723 3858 1192 3929 pulchritudinem
1251 3869 1306 3914 et
1370 3860 1808 3931 magnitudinem
1857 3869 1909 3916 et
1968 3876 2117 3932 supr:

2240 3860 2456 3928 ξαντες,
2489 3861 2590 3934 τὴν
2635 3863 2951 3935 ἐκεχειρίαν
3009 3861 3285 3933 ἐδέξαντο,
3333 3862 3422 3930 οἷς
3469 3866 3564 3919 καὶ
3623 3861 3787 3934 μᾶλλον

543 3952 750 4012 mentis
783 3959 1010 4022 captum
1032 3951 1310 4017 decorem,
1336 3951 1390 4005 id
1418 3961 1506 4008 est
1521 3951 1699 4008 Deum
1731 3955 1909 4024 ipsum
1931 3954 2119 4009 clarius

2242 3956 2578 4027 ἡτοίμασται
2633 3955 2787 4023 παρὰ
2835 3958 2938 4024 τῆς
2993 3959 3174 4013 πάντα
3223 3959 3407 4030 σοφῶς
3470 3957 3786 4027 διεξαγούσης

541 4055 598 4100 et
620 4043 909 4114 excelsius
928 4044 1299 4114 conspiciunt.
1319 4043 1442 4098 Cur
1476 4046 1649 4114 inagis
1697 4061 1809 4101 non
1843 4046 2115 4101 versamiu

2241 4047 2524 4128 προνοίας.
2558 4065 2577 4100 ι
2622 4048 2924 4103 Ἠκούσατε
2985 4050 3081 4104 καὶ
3127 4049 3223 4104 τοῦ
3272 4050 3581 4121 θαυμασίου
3633 4048 3785 4103 τούτου

546 4137 602 4204 in
633 4136 748 4203 his,
783 4151 816 4190 o
855 4135 1018 4191 amici
1047 4143 1102 4190 et
1135 4133 1486 4192 fratres‘lsed
1513 4137 1697 4205 potius
1719 4137 1975 4207 occupati
2001 4138 2122 4193 esti:

2245 4144 2341 4196 καὶ
2383 4141 2624 4213 μεγάλου
2657 4144 2873 4216 ἀνδρὸς,
2903 4145 3021 4208 πῶς
3049 4145 3107 4199 ai
3131 4145 3239 4201 τῶν
3270 4146 3501 4202 δικαίων
3537 4149 3626 4202 καὶ
3652 4143 3788 4212 ἁγίων

543 4231 598 4286 in
628 4230 698 4286 iis
729 4228 1060 4285 damnandis
1082 4229 1176 4299 qui
1205 4228 1322 4282 lucc
1339 4225 1574 4283 credunt
1604 4237 1769 4297 atque
1792 4227 2119 4298 amplectun.

2246 4233 2440 4304 ψυχαὶ,
2478 4234 2758 4304 ληξάντων
2789 4238 2884 4291 τοῦ
2911 4238 3113 4308 δρόμου
3155 4238 3251 4292 τοῦ
3281 4240 3399 4308 βίου
3447 4242 3653 4303 τούτου,
3680 4237 3787 4302 λαμ·

543 4333 654 4387 tur,
677 4329 734 4374 et
766 4329 824 4374 ut
848 4319 902 4374 iu
924 4335 1019 4376 eos
1065 4317 1358 4374 maledicta
1385 4318 1633 4389 quotidie
1657 4318 1953 4375 edundatis
1977 4336 2119 4389 supe:

2249 4325 2478 4380 σάνουσι
2502 4327 2602 4396 τὴν
2635 4328 2945 4398 ἐκεχειρίαν
2974 4347 2989 4395 ;
3012 4330 3181 4382 Τοῦτο
3208 4330 3251 4382 δ’
3274 4331 3408 4384 αὑτό
3435 4331 3550 4384 ἐστι
3577 4330 3631 4382 τὸ
3656 4325 3790 4381 εἰπεῖν

543 4415 729 4470 omnia
754 4429 976 4484 operam
1003 4412 1148 4468 datis
1167 4414 1192 4466 ’ἴ

2249 4417 2349 4489 τὴν
2385 4418 2680 4489 ὑπόσχεσιν
2714 4419 2780 4490 ἣν
2827 4423 3012 4486 αὑτοῖς
3068 4423 3342 4494 μαθηταῖς
3392 4421 3694 4494 ὲπηγγείλω
3733 4415 3774 4468 λέ

543 4523 678 4576 γων,
717 4507 870 4559 «Ἵνα
901 4507 1040 4560 ὅπου
1064 4506 1182 4574 είμὶ
1211 4503 1343 4574 ἐγὼ,
1390 4505 1486 4559 καὶ
1533 4508 1693 4577 ἡμεῖς
1716 4501 1814 4579 ἦτε
1841 4522 1892 4558 ἰ
1928 4507 2021 4560 καὶ
2067 4508 2149 4562 ὅτι
2181 4511 2320 4582 πρὸς
2351 4513 2554 4577 τόπους
2611 4515 2925 4582 φωτοειδείς
2976 4517 3468 4587 παραπέμπονται,
3543 4518 3634 4571 καὶ
3699 4507 3790 4576 Θεῷ

547 4601 933 4669 πλησιάζουσι,
987 4598 1083 4652 καὶ
1145 4598 1245 4668 τὴν
1295 4600 1677 4669 μακαριότητα
1753 4600 2076 4670 θαυμασίως
2143 4605 2719 4677 ἀρῤασωνίζονται’ῆ
2771 4608 2998 4678 μᾶλλον,
3035 4609 3098 4662 τὸ
3151 4607 3351 4674 κάλλος
3401 4609 3499 4665 καὶ
3577 4609 3790 4681 μέγεθοςσ

548 4693 644 4746 καὶ
673 4692 772 4763 τὴν
797 4693 939 4763 ὑπὲρ
967 4691 1093 4746 νοῦν
1121 4691 1459 4762 ὡραιότητα,
1487 4695 1522 4762 ἦ
1552 4696 1700 4748 ἐστιν
1729 4684 1944 4757 αὑτδςὸ
1972 4695 2130 4761 Θεὸς,
2167 4697 2518 4770 τρανὼτερόν
2564 4717 2626 4752 τε
2691 4701 2786 4753 καὶ
2834 4701 3169 4773 ὑψηλότερον
3218 4704 3636 4756 κατοπτεύουσι.
3701 4699 3770 4752 liti:

547 4788 608 4842 οὐ
636 4786 924 4858 σχολάζετε
957 4784 1052 4838 ἐπὶ
1085 4785 1325 4852 τούτοις,
1364 4782 1409 4838 ὢ
1444 4786 1591 4854 φίλοι
1620 4785 1717 4839 καὶ
1748 4785 2005 4856 ἀδελφοί;
2077 4788 2212 4844 ἀλλὰ
2247 4791 2407 4861 μόνον
2437 4791 2575 4862 πρὸς
2633 4790 2693 4845 τὸ
2736 4793 3095 4868 κατακρίνειν
3119 4796 3245 4862 τοὺς
3273 4795 3788 4866 ταῦταπειθομὲνιουι

547 4885 647 4939 καὶ
675 4885 1030 4954 στέργοντας,
1059 4885 1177 4939 καὶ
1213 4883 1561 4955 βλασφημεῖν
1612 4884 1816 4948 αὐτοὺς
1842 4885 2136 4959 ⁸ὁσημέραι
2177 4889 2266 4943 διὰ
2300 4891 2503 4955 παντὸς
2529 4889 2906 4961 ἐπιμελεῖσθε.
3411 4949 3418 4960 ,
3457 4881 3464 4884 ’
3509 4945 3526 4961 Α.
3647 4885 3656 4952 έ

1286 4977 1403 5034 VII.
1467 4980 1472 4982 ’
2175 4990 2222 5046 D
3002 4991 3080 5046 Z'.
3475 5046 3478 5048 ν

621 5074 696 5133 Ut
723 5085 904 5132 autem
940 5089 1106 5131 omne
1125 5090 1192 5131 os
1218 5077 1561 5131 contrarium
1591 5075 1784 5134 dicens
1821 5076 2142 5132 obstruatur

2323 5078 2442 5134 ἰνα
2499 5078 2556 5132 δὲ
2589 5081 2937 5151 ὲπιστομηθῇ
3000 5083 3096 5136 καὶ
3145 5059 3612 5160 ὲμφραγείη,,πᾶν
3645 5078 3795 5148 $3614.“

549 5179 608 5228 et
637 5174 950 5235 obturetur,
997 5183 1168 5222 unum
1196 5177 1250 5224 et
1280 5168 1461 5223 solum
1509 5169 1889 5224 testimonium
1916 5168 2115 5225 addam

2251 5171 2446 5226 λαλοῦν
2493 5175 2774 5240 τάναντία,
2823 5173 2953 5245 μίαν
2998 5179 3092 5229 καὶ
3125 5177 3298 5251 μόνην
3323 5163 3799 5253 μαρτυρίανετςροσ·

545 5263 697 5322 auod
731 5270 986 5318 extremo
1015 5261 1136 5317 loro
1169 5261 1469 5316 reservavi.
1501 5260 1560 5316 Id
1581 5263 1761 5316 autem
1786 5269 1869 5316 est
1891 5276 1957 5315 ex
1983 5259 2118 5315 Joan

2252 5265 2594 5340 κομίσομαιο
2643 5266 2711 5337 ἢν
2759 5267 3079 5323 τελευταίαν
3155 5251 3599 5340 ὲταμιευσαμην.
3673 5251 3789 5325 Αὕτη

551 5369 640 5410 ms
696 5352 1052 5423 evangelista
1123 5352 1477 5423 Apocalypsi,
1541 5366 1644 5408 nec
1692 5365 1925 5406 renuere
1993 5360 2122 5422 pote

2253 5354 2301 5409 δ’
2334 5357 2483 5410 ἐστὶν
2521 5358 2584 5410 ἐκ
2617 5358 2716 5429 τῆς
2757 5361 3185 5431 ’Λποκαλὺψεως
3233 5363 3486 5432 Ἰωάννου
3537 5361 3626 5414 τοῦ
3656 5357 3794 5420 Εὐαί·

551 5443 864 5512 stis;dicit
921 5443 1071 5499 enim
1142 5461 1158 5497 :
1214 5441 1324 5496 «Et
1363 5458 1488 5498 cum
1545 5442 1856 5513 aperuisset
1905 5442 2127 5511 sigillun

2255 5448 2532 5519 γελιστοῦ,
2566 5453 2657 5504 καὶ
2685 5453 2743 5504 οὑ
2798 5453 3032 5507 δύνασθε
3088 5457 3454 5527 ἀρνήσασθαι.
3503 5453 3635 5525 Φησὶ
3672 5451 3787 5518 γάρ·

551 5537 830 5604 quintum,
868 5533 978 5590 vidi
1012 5534 1220 5603 subtus
1249 5534 1426 5590 altare
1457 5536 1675 5591 animas
1722 5533 2127 5592 interfectorum

2257 5559 2277 5592 ‹
2312 5541 2423 5595 Καὶ
2451 5542 2542 5594 ὅτε
2573 5543 2752 5612 ἤνοιξε
2779 5543 2878 5614 τὴν
2906 5545 3168 5618 πέμπτην
3208 5549 3501 5621 σφραγῖδα,
3537 5544 3666 5601 εἶδον
3687 5542 3789 5593 tim-

554 5637 777 5697 propter
815 5627 1052 5683 Verbum
1084 5625 1179 5682 Dei
1231 5633 1289 5681 et
1323 5637 1548 5698 propter
1583 5628 1960 5684 testimonium
1991 5628 2130 5704 quod

2251 5634 2404 5687 κάτω
2438 5633 2532 5687 τοῦ
2586 5635 2978 5707 θυσιαστηρίου
3039 5641 3139 5704 τὰς
3189 5643 3370 5713 ψυχὰς
3420 5640 3530 5694 τῶν
3571 5640 3789 5702 ἐσφρατν

556 5718 864 5783 habebant;
915 5731 970 5774 et
1029 5719 1348 5775 clamabant
1404 5733 1536 5776 voce
1589 5736 1787 5792 magna
1849 5721 2132 5778 dicentes:

2251 5727 2465 5795 σμένων
2504 5725 2590 5779 διὰ
2619 5723 2710 5780 τὸν
2758 5726 2932 5795 Λόγον
2977 5729 3070 5783 τοῦ
3111 5731 3268 5796 Θεοῦ,
3307 5734 3398 5784 καὶ
3439 5730 3526 5782 διὰ
3561 5727 3648 5794 τὴν
3675 5734 3784 5789 μαρ-

562 5809 879 5878 Usquequo,
918 5809 1170 5872 Domine,
1207 5803 1434 5865 sanctus
1457 5821 1510 5865 et
1550 5826 1716 5867 verus
1748 5827 1858 5868 non
1903 5814 2138 5883 judicas,

2251 5819 2448 5888 τυρίαν
2504 5817 2599 5871 τοῦ
2654 5819 2842 5890 ἀρνίου
2898 5821 2965 5891 ἢν
3015 5815 3184 5892 εἶχον.
3232 5827 3343 5880 Καὶ
3396 5822 3622 5893 ἔκραξαν
3663 5807 3780 5881 φωνῇ

555 5909 613 5960 et
642 5916 752 5956 non
785 5900 1030 5953 vindicas
1053 5900 1375 5967 sanguinem
1408 5912 1658 5957 nostrum
1689 5905 1755 5960 de
1785 5906 1852 5960 iis
1911 5907 2008 5975 qui
2043 5907 2131 5960 ha-

2249 5910 2461 5981 μεγάλῃ
2512 5909 2799 5977 λέγοντες·
2861 5911 2983 5970 Em:
3031 5917 3240 5976 πότε.ὁ
3288 5918 3559 5984 Δεσπότης
3595 5913 3620 5964 ὁ
3662 5906 3781 5969 ἅγιος
