  <div class='ocr_page' id='page_1' title='image "/cluster/home/n/w/nwhite01/storage/ocr_20150623/159/coo.31924054870641/656.png"; bbox 0 0 3992 6402; ppageno 0'>
   <div class='ocr_carea' id='block_1_1' title="bbox 287 375 417 442">
    <p class='ocr_par' dir='ltr' id='par_1_1' title="bbox 287 375 417 442">
     <span class='ocr_line' id='line_1_1' title="bbox 287 375 417 442; baseline -0.015 0"><span class='ocrx_word' id='word_1_1' title='bbox 287 375 417 442; x_wconf 78' lang='lat'><strong><em>1291</em></strong></span> 
     </span>
    </p>
   </div>
   <div class='ocr_carea' id='block_1_2' title="bbox 759 381 3038 454">
    <p class='ocr_par' dir='ltr' id='par_1_2' title="bbox 759 381 3038 454">
     <span class='ocr_line' id='line_1_2' title="bbox 759 381 3038 454; baseline 0.006 -13"><span class='ocrx_word' id='word_1_2' title='bbox 759 381 914 441; x_wconf 83' lang='lat' dir='ltr'><strong>PRO</strong></span> <span class='ocrx_word' id='word_1_3' title='bbox 953 382 1166 444; x_wconf 86' lang='lat' dir='ltr'><strong>CONC.</strong></span> <span class='ocrx_word' id='word_1_4' title='bbox 1212 385 1586 450; x_wconf 78' lang='lat' dir='ltr'><strong>FLORENT.</strong></span> <span class='ocrx_word' id='word_1_5' title='bbox 1627 387 1786 451; x_wconf 74' lang='lat' dir='ltr'><strong>CAP.</strong></span> <span class='ocrx_word' id='word_1_6' title='bbox 1828 386 1930 451; x_wconf 78' lang='grc' dir='ltr'><strong>ιν.</strong></span> <span class='ocrx_word' id='word_1_7' title='bbox 1959 389 2054 450; x_wconf 88' lang='lat' dir='ltr'><strong>DE</strong></span> <span class='ocrx_word' id='word_1_8' title='bbox 2098 388 2516 450; x_wconf 78' lang='lat' dir='ltr'><strong>FRUITIONE</strong></span> <span class='ocrx_word' id='word_1_9' title='bbox 2553 391 3038 454; x_wconf 83' lang='lat' dir='ltr'><strong>SANCTORUM.</strong></span> 
     </span>
    </p>
   </div>
   <div class='ocr_carea' id='block_1_3' title="bbox 3397 389 3531 452">
    <p class='ocr_par' dir='ltr' id='par_1_3' title="bbox 3397 389 3531 452">
     <span class='ocr_line' id='line_1_3' title="bbox 3397 389 3531 452; baseline -0.015 0"><span class='ocrx_word' id='word_1_10' title='bbox 3397 389 3531 452; x_wconf 68' lang='lat'><strong>1298</strong></span> 
     </span>
    </p>
   </div>
   <div class='ocr_carea' id='block_1_4' title="bbox 280 493 1866 576">
    <p class='ocr_par' dir='ltr' id='par_1_4' title="bbox 280 493 1859 571">
     <span class='ocr_line' id='line_1_4' title="bbox 280 493 1859 571; baseline 0.008 -27"><span class='ocrx_word' id='word_1_11' title='bbox 280 495 372 546; x_wconf 69' lang='grc' dir='ltr'>καὶ</span> <span class='ocrx_word' id='word_1_12' title='bbox 410 493 688 564; x_wconf 78' lang='grc' dir='ltr'>ἀληθινὸς,</span> <span class='ocrx_word' id='word_1_13' title='bbox 719 497 781 548; x_wconf 77' lang='grc' dir='ltr'>οὐ</span> <span class='ocrx_word' id='word_1_14' title='bbox 810 497 1021 566; x_wconf 89' lang='grc' dir='ltr'>κρίνεις</span> <span class='ocrx_word' id='word_1_15' title='bbox 1053 499 1147 552; x_wconf 68' lang='grc' dir='ltr'><strong>καὶ</strong></span> <span class='ocrx_word' id='word_1_16' title='bbox 1174 501 1410 564; x_wconf 76' lang='grc' dir='ltr'><strong>ἐκδικεῖς</strong></span> <span class='ocrx_word' id='word_1_17' title='bbox 1440 501 1500 555; x_wconf 82' lang='grc' dir='ltr'>τὸ</span> <span class='ocrx_word' id='word_1_18' title='bbox 1528 499 1672 571; x_wconf 77' lang='grc' dir='ltr'>αἷμα</span> <span class='ocrx_word' id='word_1_19' title='bbox 1701 501 1859 570; x_wconf 82' lang='grc' dir='ltr'>ὴμῶν</span> 
     </span>
    </p>
   </div>
   <div class='ocr_carea' id='block_1_5' title="bbox 1969 493 3533 576">
    <p class='ocr_par' dir='ltr' id='par_1_5' title="bbox 1969 506 3533 576">
     <span class='ocr_line' id='line_1_5' title="bbox 1969 506 3533 576; baseline 0.003 -16"><span class='ocrx_word' id='word_1_20' title='bbox 1969 506 2139 561; x_wconf 88' lang='lat' dir='ltr'><strong>bitant</strong></span> <span class='ocrx_word' id='word_1_21' title='bbox 2178 506 2232 560; x_wconf 89' lang='lat' dir='ltr'><strong>in</strong></span> <span class='ocrx_word' id='word_1_22' title='bbox 2286 507 2480 562; x_wconf 79' lang='lat' dir='ltr'><strong>terra?</strong></span> <span class='ocrx_word' id='word_1_23' title='bbox 2519 506 2586 561; x_wconf 86' lang='lat' dir='ltr'><strong>Et</strong></span> <span class='ocrx_word' id='word_1_24' title='bbox 2637 508 2778 563; x_wconf 65' lang='lat' dir='ltr'><strong>datae</strong></span> <span class='ocrx_word' id='word_1_25' title='bbox 2827 519 2953 563; x_wconf 90' lang='lat' dir='ltr'><strong>sunt</strong></span> <span class='ocrx_word' id='word_1_26' title='bbox 2985 507 3093 562; x_wconf 86' lang='lat' dir='ltr'><strong>illis</strong></span> <span class='ocrx_word' id='word_1_27' title='bbox 3125 507 3352 576; x_wconf 79' lang='lat' dir='ltr'><strong>singulae</strong></span> <span class='ocrx_word' id='word_1_28' title='bbox 3379 507 3533 564; x_wconf 69' lang='lat' dir='ltr'><strong>stola:</strong></span> 
     </span>
    </p>
   </div>
   <div class='ocr_carea' id='block_1_6' title="bbox 276 586 1852 665">
    <p class='ocr_par' dir='ltr' id='par_1_6' title="bbox 276 586 1852 665">
     <span class='ocr_line' id='line_1_6' title="bbox 276 586 1852 665; baseline 0.006 -28"><span class='ocrx_word' id='word_1_29' title='bbox 276 587 340 637; x_wconf 68' lang='grc' dir='ltr'>ἐκ</span> <span class='ocrx_word' id='word_1_30' title='bbox 364 587 472 636; x_wconf 80' lang='grc' dir='ltr'>τῶν</span> <span class='ocrx_word' id='word_1_31' title='bbox 504 586 908 641; x_wconf 74' lang='grc' dir='ltr'>κατοικούντων</span> <span class='ocrx_word' id='word_1_32' title='bbox 935 589 1028 642; x_wconf 73' lang='grc' dir='ltr'><strong>ἐπὶ</strong></span> <span class='ocrx_word' id='word_1_33' title='bbox 1048 591 1148 659; x_wconf 83' lang='grc' dir='ltr'>τῆς</span> <span class='ocrx_word' id='word_1_34' title='bbox 1178 591 1280 661; x_wconf 86' lang='grc' dir='ltr'>γῆς</span> <span class='ocrx_word' id='word_1_35' title='bbox 1303 607 1322 659; x_wconf 84' lang='lat'><strong>;</strong></span> <span class='ocrx_word' id='word_1_36' title='bbox 1349 593 1460 646; x_wconf 76' lang='lat' dir='ltr'><strong>Kal.</strong></span> <span class='ocrx_word' id='word_1_37' title='bbox 1492 593 1646 665; x_wconf 81' lang='grc' dir='ltr'>ὲδόθη</span> <span class='ocrx_word' id='word_1_38' title='bbox 1669 593 1852 657; x_wconf 83' lang='grc' dir='ltr'>αὐτοῖς</span> 
     </span>
    </p>
   </div>
   <div class='ocr_carea' id='block_1_7' title="bbox 275 675 1854 756">
    <p class='ocr_par' dir='ltr' id='par_1_7' title="bbox 275 675 1854 756">
     <span class='ocr_line' id='line_1_7' title="bbox 275 675 1854 756; baseline 0.009 -28"><span class='ocrx_word' id='word_1_39' title='bbox 275 675 376 729; x_wconf 72' lang='grc' dir='ltr'><strong>ἀνὰ</strong></span> <span class='ocrx_word' id='word_1_40' title='bbox 415 678 542 746; x_wconf 78' lang='grc' dir='ltr'>μιᾶς</span> <span class='ocrx_word' id='word_1_41' title='bbox 594 679 784 748; x_wconf 82' lang='grc' dir='ltr'><strong>στολῆς</strong></span> <span class='ocrx_word' id='word_1_42' title='bbox 845 679 1080 752; x_wconf 78' lang='grc' dir='ltr'>λευκῆς·</span> <span class='ocrx_word' id='word_1_43' title='bbox 1133 685 1225 738; x_wconf 73' lang='grc' dir='ltr'>καὶ</span> <span class='ocrx_word' id='word_1_44' title='bbox 1273 685 1477 756; x_wconf 78' lang='grc' dir='ltr'>ἐρρέθη</span> <span class='ocrx_word' id='word_1_45' title='bbox 1535 687 1720 751; x_wconf 80' lang='grc' dir='ltr'>αὐτοῖς</span> <span class='ocrx_word' id='word_1_46' title='bbox 1766 687 1854 742; x_wconf 86' lang='grc' dir='ltr'><strong>ῖνα</strong></span> 
     </span>
    </p>
   </div>
   <div class='ocr_carea' id='block_1_8' title="bbox 273 771 1855 848">
    <p class='ocr_par' dir='ltr' id='par_1_8' title="bbox 273 771 1855 848">
     <span class='ocr_line' id='line_1_8' title="bbox 273 771 1855 848; baseline 0.007 -27"><span class='ocrx_word' id='word_1_47' title='bbox 273 771 702 826; x_wconf 82' lang='grc' dir='ltr'>ἀναπαύσωνται</span> <span class='ocrx_word' id='word_1_48' title='bbox 752 771 833 827; x_wconf 72' lang='grc' dir='ltr'>ἔτι</span> <span class='ocrx_word' id='word_1_49' title='bbox 867 775 1082 846; x_wconf 85' lang='grc' dir='ltr'>χρόνον,</span> <span class='ocrx_word' id='word_1_50' title='bbox 1140 778 1250 840; x_wconf 68' lang='grc' dir='ltr'>ἕως</span> <span class='ocrx_word' id='word_1_51' title='bbox 1293 777 1354 830; x_wconf 83' lang='grc' dir='ltr'>οὗ</span> <span class='ocrx_word' id='word_1_52' title='bbox 1392 778 1727 848; x_wconf 84' lang='grc' dir='ltr'>πληρώσωσι</span> <span class='ocrx_word' id='word_1_53' title='bbox 1757 779 1855 832; x_wconf 75' lang='grc' dir='ltr'>καὶ</span> 
     </span>
    </p>
   </div>
   <div class='ocr_carea' id='block_1_9' title="bbox 274 862 1856 940">
    <p class='ocr_par' dir='ltr' id='par_1_9' title="bbox 274 862 1856 940">
     <span class='ocr_line' id='line_1_9' title="bbox 274 862 1856 940; baseline 0.006 -26"><span class='ocrx_word' id='word_1_54' title='bbox 274 864 323 914; x_wconf 83' lang='lat' dir='ltr'><strong>oi</strong></span> <span class='ocrx_word' id='word_1_55' title='bbox 355 862 631 917; x_wconf 67' lang='grc' dir='ltr'>σύνδουλοι</span> <span class='ocrx_word' id='word_1_56' title='bbox 684 865 888 932; x_wconf 72' lang='grc' dir='ltr'>αὐτῶν,</span> <span class='ocrx_word' id='word_1_57' title='bbox 938 869 1034 921; x_wconf 73' lang='grc' dir='ltr'>καὶ</span> <span class='ocrx_word' id='word_1_58' title='bbox 1061 871 1112 921; x_wconf 79' lang='lat' dir='ltr'><strong>oi</strong></span> <span class='ocrx_word' id='word_1_59' title='bbox 1164 869 1384 940; x_wconf 71' lang='grc' dir='ltr'>ἀδελφοὶ</span> <span class='ocrx_word' id='word_1_60' title='bbox 1431 871 1632 936; x_wconf 83' lang='grc' dir='ltr'>αὐτῶν,</span> <span class='ocrx_word' id='word_1_61' title='bbox 1661 873 1754 926; x_wconf 74' lang='grc' dir='ltr'>καὶ</span> <span class='ocrx_word' id='word_1_62' title='bbox 1801 871 1856 925; x_wconf 78' lang='grc' dir='ltr'>οι</span> 
     </span>
    </p>
   </div>
   <div class='ocr_carea' id='block_1_10' title="bbox 279 953 1855 1033">
    <p class='ocr_par' dir='ltr' id='par_1_10' title="bbox 279 953 1855 1033">
     <span class='ocr_line' id='line_1_10' title="bbox 279 953 1855 1033; baseline 0.007 -27"><span class='ocrx_word' id='word_1_63' title='bbox 279 953 564 1022; x_wconf 72' lang='grc' dir='ltr'><strong>μέλλοντες</strong></span> <span class='ocrx_word' id='word_1_64' title='bbox 599 957 1018 1013; x_wconf 80' lang='grc' dir='ltr'>ἀποκτείνεσθαι</span> <span class='ocrx_word' id='word_1_65' title='bbox 1055 962 1130 1026; x_wconf 86' lang='grc' dir='ltr'>ὼς</span> <span class='ocrx_word' id='word_1_66' title='bbox 1165 961 1258 1015; x_wconf 81' lang='grc' dir='ltr'>καὶ</span> <span class='ocrx_word' id='word_1_67' title='bbox 1291 963 1466 1018; x_wconf 80' lang='grc' dir='ltr'>αὐτοί.</span> <span class='ocrx_word' id='word_1_68' title='bbox 1500 981 1520 1016; x_wconf 72' lang='grc' dir='ltr'><strong>ο</strong></span> <span class='ocrx_word' id='word_1_69' title='bbox 1556 964 1665 1018; x_wconf 75' lang='grc' dir='ltr'><strong>Καὶ</strong></span> <span class='ocrx_word' id='word_1_70' title='bbox 1717 965 1855 1033; x_wconf 85' lang='grc' dir='ltr'><strong>μετά</strong></span> 
     </span>
    </p>
   </div>
   <div class='ocr_carea' id='block_1_11' title="bbox 275 1046 1850 1124">
    <p class='ocr_par' dir='ltr' id='par_1_11' title="bbox 275 1046 1850 1124">
     <span class='ocr_line' id='line_1_11' title="bbox 275 1046 1850 1124; baseline 0.009 -29"><span class='ocrx_word' id='word_1_71' title='bbox 275 1061 416 1107; x_wconf 83' lang='grc' dir='ltr'>τινα,</span> <span class='ocrx_word' id='word_1_72' title='bbox 448 1064 466 1096; x_wconf 81' lang='grc' dir='ltr'><strong>ι</strong></span> <span class='ocrx_word' id='word_1_73' title='bbox 521 1047 627 1099; x_wconf 79' lang='grc' dir='ltr'><strong>Καὶ</strong></span> <span class='ocrx_word' id='word_1_74' title='bbox 657 1049 934 1118; x_wconf 74' lang='grc' dir='ltr'><strong>ἀπεκρίθη</strong></span> <span class='ocrx_word' id='word_1_75' title='bbox 964 1046 1043 1115; x_wconf 74' lang='grc' dir='ltr'>εἷς</span> <span class='ocrx_word' id='word_1_76' title='bbox 1080 1054 1142 1106; x_wconf 77' lang='grc' dir='ltr'>ὲκ</span> <span class='ocrx_word' id='word_1_77' title='bbox 1180 1053 1289 1107; x_wconf 83' lang='grc' dir='ltr'><strong>τῶν</strong></span> <span class='ocrx_word' id='word_1_78' title='bbox 1321 1054 1718 1124; x_wconf 70' lang='grc' dir='ltr'>πρεσϐυτέρων</span> <span class='ocrx_word' id='word_1_79' title='bbox 1764 1055 1850 1108; x_wconf 60' lang='lat' dir='ltr'><strong>te.</strong></span> 
     </span>
    </p>
   </div>
   <div class='ocr_carea' id='block_1_12' title="bbox 278 1134 1856 1213">
    <p class='ocr_par' dir='ltr' id='par_1_12' title="bbox 278 1134 1856 1213">
     <span class='ocr_line' id='line_1_12' title="bbox 278 1134 1856 1213; baseline 0.01 -25"><span class='ocrx_word' id='word_1_80' title='bbox 278 1153 392 1202; x_wconf 86' lang='grc' dir='ltr'><strong>γων</strong></span> <span class='ocrx_word' id='word_1_81' title='bbox 422 1153 554 1207; x_wconf 86' lang='grc' dir='ltr'>μοι·</span> <span class='ocrx_word' id='word_1_82' title='bbox 599 1134 761 1193; x_wconf 68' lang='grc' dir='ltr'>Οὗτοι</span> <span class='ocrx_word' id='word_1_83' title='bbox 796 1144 846 1194; x_wconf 75' lang='lat' dir='ltr'><strong>oi</strong></span> <span class='ocrx_word' id='word_1_84' title='bbox 886 1144 1348 1213; x_wconf 80' lang='grc' dir='ltr'>περιϐεϐλημένοι</span> <span class='ocrx_word' id='word_1_85' title='bbox 1388 1149 1486 1210; x_wconf 70' lang='grc' dir='ltr'><strong>τὰς</strong></span> <span class='ocrx_word' id='word_1_86' title='bbox 1534 1148 1728 1212; x_wconf 81' lang='grc' dir='ltr'>στολὰς</span> <span class='ocrx_word' id='word_1_87' title='bbox 1755 1149 1856 1212; x_wconf 82' lang='grc' dir='ltr'>τὰς</span> 
     </span>
    </p>
   </div>
   <div class='ocr_carea' id='block_1_13' title="bbox 277 1230 1853 1311">
    <p class='ocr_par' dir='ltr' id='par_1_13' title="bbox 277 1230 1853 1311">
     <span class='ocr_line' id='line_1_13' title="bbox 277 1230 1853 1311; baseline 0.011 -32"><span class='ocrx_word' id='word_1_88' title='bbox 277 1230 500 1293; x_wconf 82' lang='grc' dir='ltr'>λευκὰς,</span> <span class='ocrx_word' id='word_1_89' title='bbox 529 1231 670 1295; x_wconf 61' lang='lat' dir='ltr'><strong>rint;</strong></span> <span class='ocrx_word' id='word_1_90' title='bbox 689 1236 818 1295; x_wconf 76' lang='grc' dir='ltr'>εἰσὶ,</span> <span class='ocrx_word' id='word_1_91' title='bbox 852 1236 947 1291; x_wconf 76' lang='grc' dir='ltr'>καὶ</span> <span class='ocrx_word' id='word_1_92' title='bbox 966 1237 1129 1290; x_wconf 85' lang='grc' dir='ltr'>πόθεν</span> <span class='ocrx_word' id='word_1_93' title='bbox 1150 1233 1312 1308; x_wconf 78' lang='grc' dir='ltr'>ἦλθον</span> <span class='ocrx_word' id='word_1_94' title='bbox 1332 1257 1347 1306; x_wconf 84' lang='lat'>;</span> <span class='ocrx_word' id='word_1_95' title='bbox 1373 1241 1480 1292; x_wconf 75' lang='grc' dir='ltr'><strong>Καὶ</strong></span> <span class='ocrx_word' id='word_1_96' title='bbox 1501 1234 1657 1294; x_wconf 74' lang='grc' dir='ltr'>εἶπον</span> <span class='ocrx_word' id='word_1_97' title='bbox 1680 1242 1853 1311; x_wconf 85' lang='grc' dir='ltr'>αὐτῷ,</span> 
     </span>
    </p>
   </div>
   <div class='ocr_carea' id='block_1_14' title="bbox 280 1317 1855 1401">
    <p class='ocr_par' dir='ltr' id='par_1_14' title="bbox 280 1317 1855 1401">
     <span class='ocr_line' id='line_1_14' title="bbox 280 1317 1855 1401; baseline 0.011 -31"><span class='ocrx_word' id='word_1_98' title='bbox 280 1317 453 1386; x_wconf 81' lang='grc' dir='ltr'>Κύριέ</span> <span class='ocrx_word' id='word_1_99' title='bbox 480 1338 603 1388; x_wconf 85' lang='grc' dir='ltr'>μου,</span> <span class='ocrx_word' id='word_1_100' title='bbox 638 1325 702 1376; x_wconf 68' lang='grc' dir='ltr'>σὺ</span> <span class='ocrx_word' id='word_1_101' title='bbox 751 1321 918 1389; x_wconf 74' lang='grc' dir='ltr'>σίδας.</span> <span class='ocrx_word' id='word_1_102' title='bbox 974 1328 1082 1381; x_wconf 82' lang='grc' dir='ltr'><strong>Καὶ</strong></span> <span class='ocrx_word' id='word_1_103' title='bbox 1117 1327 1235 1382; x_wconf 82' lang='grc' dir='ltr'>εἶπέ</span> <span class='ocrx_word' id='word_1_104' title='bbox 1275 1348 1388 1401; x_wconf 89' lang='grc' dir='ltr'>μοι·</span> <span class='ocrx_word' id='word_1_105' title='bbox 1421 1333 1581 1386; x_wconf 81' lang='grc' dir='ltr'>Οὗτοί</span> <span class='ocrx_word' id='word_1_106' title='bbox 1632 1337 1770 1388; x_wconf 85' lang='grc' dir='ltr'>είσιν</span> <span class='ocrx_word' id='word_1_107' title='bbox 1804 1337 1855 1388; x_wconf 82' lang='lat' dir='ltr'><strong>oi.</strong></span> 
     </span>
    </p>
   </div>
   <div class='ocr_carea' id='block_1_15' title="bbox 280 1409 1856 1495">
    <p class='ocr_par' dir='ltr' id='par_1_15' title="bbox 280 1409 1856 1495">
     <span class='ocr_line' id='line_1_15' title="bbox 280 1409 1856 1495; baseline 0.014 -38"><span class='ocrx_word' id='word_1_108' title='bbox 280 1409 568 1477; x_wconf 72' lang='grc' dir='ltr'>ἐρχόμενοι</span> <span class='ocrx_word' id='word_1_109' title='bbox 601 1413 666 1465; x_wconf 80' lang='grc' dir='ltr'>ἐκ</span> <span class='ocrx_word' id='word_1_110' title='bbox 709 1417 808 1484; x_wconf 79' lang='grc' dir='ltr'>τῆς</span> <span class='ocrx_word' id='word_1_111' title='bbox 841 1417 1072 1487; x_wconf 79' lang='grc' dir='ltr'><strong>θλίψεως</strong></span> <span class='ocrx_word' id='word_1_112' title='bbox 1108 1423 1206 1490; x_wconf 82' lang='grc' dir='ltr'>τῆς</span> <span class='ocrx_word' id='word_1_113' title='bbox 1237 1424 1483 1495; x_wconf 81' lang='grc' dir='ltr'><strong>μεγάλης</strong></span> <span class='ocrx_word' id='word_1_114' title='bbox 1509 1440 1524 1456; x_wconf 77' lang='grc'><strong><em>⁸</em></strong></span> <span class='ocrx_word' id='word_1_115' title='bbox 1556 1426 1648 1479; x_wconf 78' lang='grc' dir='ltr'>καὶ</span> <span class='ocrx_word' id='word_1_116' title='bbox 1694 1426 1856 1480; x_wconf 78' lang='grc' dir='ltr'>ἔπλυ-</span> 
     </span>
    </p>
   </div>
   <div class='ocr_carea' id='block_1_16' title="bbox 282 1501 1857 1589">
    <p class='ocr_par' dir='ltr' id='par_1_16' title="bbox 282 1501 1857 1589">
     <span class='ocr_line' id='line_1_16' title="bbox 282 1501 1857 1589; baseline 0.012 -36"><span class='ocrx_word' id='word_1_117' title='bbox 282 1517 382 1553; x_wconf 88' lang='grc' dir='ltr'><strong>ναν</strong></span> <span class='ocrx_word' id='word_1_118' title='bbox 406 1501 505 1565; x_wconf 79' lang='grc' dir='ltr'><strong>τὰς</strong></span> <span class='ocrx_word' id='word_1_119' title='bbox 545 1506 738 1572; x_wconf 78' lang='grc' dir='ltr'>στολὰς</span> <span class='ocrx_word' id='word_1_120' title='bbox 772 1509 972 1579; x_wconf 82' lang='grc' dir='ltr'>αὐτῶν,</span> <span class='ocrx_word' id='word_1_121' title='bbox 1002 1514 1096 1567; x_wconf 71' lang='grc' dir='ltr'>καὶ</span> <span class='ocrx_word' id='word_1_122' title='bbox 1125 1514 1424 1571; x_wconf 72' lang='grc' dir='ltr'><strong>ἐλεύκαναν</strong></span> <span class='ocrx_word' id='word_1_123' title='bbox 1455 1519 1515 1572; x_wconf 77' lang='grc' dir='ltr'>ἐν</span> <span class='ocrx_word' id='word_1_124' title='bbox 1546 1520 1624 1589; x_wconf 82' lang='grc' dir='ltr'>τῷ</span> <span class='ocrx_word' id='word_1_125' title='bbox 1661 1521 1857 1589; x_wconf 86' lang='grc' dir='ltr'>αῖματι</span> 
     </span>
    </p>
   </div>
   <div class='ocr_carea' id='block_1_17' title="bbox 281 1593 1858 1683">
    <p class='ocr_par' dir='ltr' id='par_1_17' title="bbox 281 1593 1858 1683">
     <span class='ocr_line' id='line_1_17' title="bbox 281 1593 1858 1683; baseline 0.015 -40"><span class='ocrx_word' id='word_1_126' title='bbox 281 1593 378 1644; x_wconf 77' lang='grc' dir='ltr'><strong>τοῦ</strong></span> <span class='ocrx_word' id='word_1_127' title='bbox 411 1593 599 1663; x_wconf 80' lang='grc' dir='ltr'>ἀρνίου</span> <span class='ocrx_word' id='word_1_128' title='bbox 623 1615 637 1629; x_wconf 79' lang='grc'><em>’</em></span> <span class='ocrx_word' id='word_1_129' title='bbox 673 1598 761 1654; x_wconf 83' lang='grc' dir='ltr'><strong>διά</strong></span> <span class='ocrx_word' id='word_1_130' title='bbox 795 1602 951 1658; x_wconf 86' lang='grc' dir='ltr'>τοῦτό</span> <span class='ocrx_word' id='word_1_131' title='bbox 980 1607 1120 1661; x_wconf 82' lang='grc' dir='ltr'>εἰσιν</span> <span class='ocrx_word' id='word_1_132' title='bbox 1149 1609 1381 1683; x_wconf 71' lang='grc' dir='ltr'>ἐνώπιον</span> <span class='ocrx_word' id='word_1_133' title='bbox 1411 1610 1506 1666; x_wconf 86' lang='grc' dir='ltr'><strong>τοῦ</strong></span> <span class='ocrx_word' id='word_1_134' title='bbox 1543 1612 1734 1683; x_wconf 79' lang='grc' dir='ltr'><strong>θρόνου</strong></span> <span class='ocrx_word' id='word_1_135' title='bbox 1762 1610 1858 1666; x_wconf 88' lang='grc' dir='ltr'><strong>τοῦ</strong></span> 
     </span>
    </p>
   </div>
   <div class='ocr_carea' id='block_1_18' title="bbox 285 1682 1858 1772">
    <p class='ocr_par' dir='ltr' id='par_1_18' title="bbox 285 1682 1858 1772">
     <span class='ocr_line' id='line_1_18' title="bbox 285 1682 1858 1772; baseline 0.015 -37"><span class='ocrx_word' id='word_1_136' title='bbox 285 1683 446 1752; x_wconf 82' lang='grc' dir='ltr'>Θεοῦ,</span> <span class='ocrx_word' id='word_1_137' title='bbox 479 1688 574 1740; x_wconf 66' lang='grc' dir='ltr'><strong>καλ⁵</strong></span> <span class='ocrx_word' id='word_1_138' title='bbox 620 1689 978 1761; x_wconf 68' lang='grc' dir='ltr'><strong>λατρεύουσιν</strong></span> <span class='ocrx_word' id='word_1_139' title='bbox 1009 1682 1158 1770; x_wconf 78' lang='grc' dir='ltr'>αὑτῷ</span> <span class='ocrx_word' id='word_1_140' title='bbox 1201 1701 1416 1772; x_wconf 70' lang='grc' dir='ltr'>ἡμέρας</span> <span class='ocrx_word' id='word_1_141' title='bbox 1452 1705 1550 1756; x_wconf 77' lang='grc' dir='ltr'>καὶ</span> <span class='ocrx_word' id='word_1_142' title='bbox 1579 1682 1772 1766; x_wconf 79' lang='grc' dir='ltr'>νυκτὸς</span> <span class='ocrx_word' id='word_1_143' title='bbox 1801 1705 1858 1757; x_wconf 74' lang='grc' dir='ltr'>ὲν</span> 
     </span>
    </p>
   </div>
   <div class='ocr_carea' id='block_1_19' title="bbox 281 1777 1858 1867">
    <p class='ocr_par' dir='ltr' id='par_1_19' title="bbox 281 1777 1858 1867">
     <span class='ocr_line' id='line_1_19' title="bbox 281 1777 1858 1867; baseline 0.015 -37"><span class='ocrx_word' id='word_1_144' title='bbox 281 1777 361 1845; x_wconf 80' lang='grc' dir='ltr'><strong>τῷ</strong></span> <span class='ocrx_word' id='word_1_145' title='bbox 400 1779 512 1849; x_wconf 85' lang='grc' dir='ltr'>ναῷ</span> <span class='ocrx_word' id='word_1_146' title='bbox 555 1782 744 1838; x_wconf 72' lang='grc' dir='ltr'>αὑτοῦ.</span> <span class='ocrx_word' id='word_1_147' title='bbox 779 1803 800 1837; x_wconf 76' lang='lat' dir='ltr'><strong>t</strong></span> <span class='ocrx_word' id='word_1_148' title='bbox 851 1788 1151 1844; x_wconf 75' lang='grc' dir='ltr'>Ἠκούσατε</span> <span class='ocrx_word' id='word_1_149' title='bbox 1181 1792 1275 1846; x_wconf 88' lang='grc' dir='ltr'><strong>τοῦ</strong></span> <span class='ocrx_word' id='word_1_150' title='bbox 1298 1793 1418 1848; x_wconf 90' lang='grc' dir='ltr'>υίοῦ</span> <span class='ocrx_word' id='word_1_151' title='bbox 1444 1796 1545 1864; x_wconf 84' lang='grc' dir='ltr'>τῆς</span> <span class='ocrx_word' id='word_1_152' title='bbox 1579 1796 1811 1867; x_wconf 85' lang='grc' dir='ltr'>βροντῆς</span> <span class='ocrx_word' id='word_1_153' title='bbox 1840 1814 1858 1864; x_wconf 88' lang='grc'>;</span> 
     </span>
    </p>
   </div>
   <div class='ocr_carea' id='block_1_20' title="bbox 287 1870 1934 1959">
    <p class='ocr_par' dir='ltr' id='par_1_20' title="bbox 287 1870 1934 1959">
     <span class='ocr_line' id='line_1_20' title="bbox 287 1870 1934 1959; baseline 0.016 -38"><span class='ocrx_word' id='word_1_154' title='bbox 287 1870 386 1933; x_wconf 74' lang='grc' dir='ltr'><strong>Τίς</strong></span> <span class='ocrx_word' id='word_1_155' title='bbox 419 1890 551 1943; x_wconf 80' lang='grc' dir='ltr'>φησι</span> <span class='ocrx_word' id='word_1_156' title='bbox 581 1876 816 1946; x_wconf 80' lang='grc' dir='ltr'>κρείττω</span> <span class='ocrx_word' id='word_1_157' title='bbox 855 1882 950 1934; x_wconf 61' lang='grc' dir='ltr'><strong>καί⁵</strong></span> <span class='ocrx_word' id='word_1_158' title='bbox 981 1882 1225 1953; x_wconf 78' lang='grc' dir='ltr'>βελτίονα</span> <span class='ocrx_word' id='word_1_159' title='bbox 1270 1888 1366 1940; x_wconf 75' lang='grc' dir='ltr'>καὶ</span> <span class='ocrx_word' id='word_1_160' title='bbox 1394 1887 1587 1958; x_wconf 82' lang='grc' dir='ltr'><strong>ἀληθῆ,</strong></span> <span class='ocrx_word' id='word_1_161' title='bbox 1621 1887 1798 1955; x_wconf 78' lang='grc' dir='ltr'>οὗτος,</span> <span class='ocrx_word' id='word_1_162' title='bbox 1825 1890 1858 1959; x_wconf 82' lang='grc' dir='ltr'>ἢ</span> <span class='ocrx_word' id='word_1_163' title='bbox 1893 1870 1934 1925; x_wconf 74' lang='grc' dir='ltr'><strong><em>Β</em></strong></span> 
     </span>
    </p>
   </div>
   <div class='ocr_carea' id='block_1_21' title="bbox 282 1963 1862 2051">
    <p class='ocr_par' dir='ltr' id='par_1_21' title="bbox 282 1963 1862 2051">
     <span class='ocr_line' id='line_1_21' title="bbox 282 1963 1862 2051; baseline 0.013 -36"><span class='ocrx_word' id='word_1_164' title='bbox 282 1965 312 2015; x_wconf 83' lang='grc' dir='ltr'><strong>ό</strong></span> <span class='ocrx_word' id='word_1_165' title='bbox 355 1963 605 2032; x_wconf 80' lang='grc' dir='ltr'>Ἐφέσου,</span> <span class='ocrx_word' id='word_1_166' title='bbox 639 1968 734 2023; x_wconf 68' lang='grc' dir='ltr'>καὶ</span> <span class='ocrx_word' id='word_1_167' title='bbox 761 1973 792 2040; x_wconf 82' lang='grc' dir='ltr'><strong>ἡ</strong></span> <span class='ocrx_word' id='word_1_168' title='bbox 829 1975 950 2027; x_wconf 80' lang='grc' dir='ltr'>κατ’</span> <span class='ocrx_word' id='word_1_169' title='bbox 975 1977 1139 2030; x_wconf 78' lang='grc' dir='ltr'>αὐτὸν</span> <span class='ocrx_word' id='word_1_170' title='bbox 1167 1979 1266 2046; x_wconf 78' lang='grc' dir='ltr'>τῆς</span> <span class='ocrx_word' id='word_1_171' title='bbox 1293 1981 1678 2051; x_wconf 84' lang='grc' dir='ltr'>οίκουμενικῆς</span> <span class='ocrx_word' id='word_1_172' title='bbox 1709 1983 1862 2035; x_wconf 89' lang='grc' dir='ltr'>συνό-</span> 
     </span>
    </p>
   </div>
   <div class='ocr_carea' id='block_1_22' title="bbox 289 2053 1862 2144">
    <p class='ocr_par' dir='ltr' id='par_1_22' title="bbox 289 2053 1862 2144">
     <span class='ocr_line' id='line_1_22' title="bbox 289 2053 1862 2144; baseline 0.015 -39"><span class='ocrx_word' id='word_1_173' title='bbox 289 2053 383 2106; x_wconf 83' lang='grc' dir='ltr'><strong>δου</strong></span> <span class='ocrx_word' id='word_1_174' title='bbox 411 2058 830 2134; x_wconf 84' lang='grc' dir='ltr'>ἀποσκίρτησις,</span> <span class='ocrx_word' id='word_1_175' title='bbox 862 2069 958 2122; x_wconf 76' lang='grc' dir='ltr'>καὶ</span> <span class='ocrx_word' id='word_1_176' title='bbox 985 2067 1143 2133; x_wconf 82' lang='grc' dir='ltr'>ἄλλος</span> <span class='ocrx_word' id='word_1_177' title='bbox 1166 2070 1222 2124; x_wconf 83' lang='grc' dir='ltr'>εῐ</span> <span class='ocrx_word' id='word_1_178' title='bbox 1241 2088 1324 2135; x_wconf 88' lang='grc' dir='ltr'><strong>τις</strong></span> <span class='ocrx_word' id='word_1_179' title='bbox 1351 2071 1417 2126; x_wconf 79' lang='grc' dir='ltr'>ἂν</span> <span class='ocrx_word' id='word_1_180' title='bbox 1453 2073 1710 2144; x_wconf 84' lang='grc' dir='ltr'>βούληται</span> <span class='ocrx_word' id='word_1_181' title='bbox 1738 2076 1862 2128; x_wconf 78' lang='grc' dir='ltr'>τού-</span> 
     </span>
    </p>
   </div>
   <div class='ocr_carea' id='block_1_23' title="bbox 289 2149 1858 2255">
    <p class='ocr_par' dir='ltr' id='par_1_23' title="bbox 289 2149 1858 2255">
     <span class='ocr_line' id='line_1_23' title="bbox 289 2149 1858 2255; baseline 0.019 -58"><span class='ocrx_word' id='word_1_182' title='bbox 289 2149 505 2255; x_wconf 56' lang='grc' dir='ltr'>ζαντίον</span> <span class='ocrx_word' id='word_1_183' title='bbox 537 2155 712 2255; x_wconf 38' lang='grc' dir='ltr'>εἰπεῖν</span> <span class='ocrx_word' id='word_1_184' title='bbox 732 2174 748 2224; x_wconf 84' lang='grc'><em>;</em></span> <span class='ocrx_word' id='word_1_185' title='bbox 794 2159 917 2228; x_wconf 72' lang='grc' dir='ltr'>ἐμοὶ</span> <span class='ocrx_word' id='word_1_186' title='bbox 948 2161 1144 2226; x_wconf 84' lang='grc' dir='ltr'>δοκεῖν,</span> <span class='ocrx_word' id='word_1_187' title='bbox 1199 2166 1450 2237; x_wconf 81' lang='grc' dir='ltr'>Ἰωάννης</span> <span class='ocrx_word' id='word_1_188' title='bbox 1501 2169 1635 2238; x_wconf 79' lang='grc' dir='ltr'>φησὶ</span> <span class='ocrx_word' id='word_1_189' title='bbox 1666 2168 1858 2238; x_wconf 75' lang='grc' dir='ltr'>μείζω.</span> 
     </span>
    </p>
   </div>
   <div class='ocr_carea' id='block_1_24' title="bbox 290 2233 1864 2329">
    <p class='ocr_par' dir='ltr' id='par_1_24' title="bbox 290 2233 1864 2329">
     <span class='ocr_line' id='line_1_24' title="bbox 290 2233 1864 2329; baseline 0.019 -44"><span class='ocrx_word' id='word_1_190' title='bbox 290 2233 322 2329; x_wconf 67' lang='grc' dir='ltr'>ᾖ</span> <span class='ocrx_word' id='word_1_191' title='bbox 361 2233 523 2290; x_wconf 80' lang='grc' dir='ltr'>οὗτοι.</span> <span class='ocrx_word' id='word_1_192' title='bbox 566 2241 806 2309; x_wconf 84' lang='grc' dir='ltr'>Ἐκεῖνος</span> <span class='ocrx_word' id='word_1_193' title='bbox 836 2248 944 2318; x_wconf 76' lang='grc' dir='ltr'><strong>γὰρ</strong></span> <span class='ocrx_word' id='word_1_194' title='bbox 979 2251 1075 2321; x_wconf 82' lang='grc' dir='ltr'>τὴν</span> <span class='ocrx_word' id='word_1_195' title='bbox 1103 2252 1381 2323; x_wconf 80' lang='grc' dir='ltr'>θεολογίαν</span> <span class='ocrx_word' id='word_1_196' title='bbox 1409 2233 1472 2310; x_wconf 57' lang='lat' dir='ltr'><strong>ix</strong></span> <span class='ocrx_word' id='word_1_197' title='bbox 1507 2233 1602 2311; x_wconf 74' lang='grc' dir='ltr'><strong>τοῦ</strong></span> <span class='ocrx_word' id='word_1_198' title='bbox 1631 2233 1864 2329; x_wconf 76' lang='grc' dir='ltr'>στήθους</span> 
     </span>
    </p>
   </div>
   <div class='ocr_carea' id='block_1_25' title="bbox 287 2326 1862 2423">
    <p class='ocr_par' dir='ltr' id='par_1_25' title="bbox 287 2326 1862 2423">
     <span class='ocr_line' id='line_1_25' title="bbox 287 2326 1862 2423; baseline 0.02 -47"><span class='ocrx_word' id='word_1_199' title='bbox 287 2326 475 2423; x_wconf 61' lang='grc' dir='ltr'>λαϐὼν</span> <span class='ocrx_word' id='word_1_200' title='bbox 505 2331 598 2385; x_wconf 85' lang='grc' dir='ltr'><strong>τοῦ</strong></span> <span class='ocrx_word' id='word_1_201' title='bbox 630 2337 858 2407; x_wconf 84' lang='grc' dir='ltr'>Κυρίου,</span> <span class='ocrx_word' id='word_1_202' title='bbox 898 2345 1082 2398; x_wconf 80' lang='grc' dir='ltr'>πᾶσαν</span> <span class='ocrx_word' id='word_1_203' title='bbox 1110 2345 1208 2417; x_wconf 79' lang='grc' dir='ltr'><strong>τὴν</strong></span> <span class='ocrx_word' id='word_1_204' title='bbox 1250 2349 1430 2403; x_wconf 88' lang='grc' dir='ltr'>κτίσιν</span> <span class='ocrx_word' id='word_1_205' title='bbox 1456 2326 1727 2423; x_wconf 72' lang='grc' dir='ltr'>ἐνέπλησε</span> <span class='ocrx_word' id='word_1_206' title='bbox 1752 2354 1862 2407; x_wconf 84' lang='grc' dir='ltr'><strong>τῶν</strong></span> 
     </span>
    </p>
   </div>
   <div class='ocr_carea' id='block_1_26' title="bbox 281 2420 1862 2513">
    <p class='ocr_par' dir='ltr' id='par_1_26' title="bbox 281 2420 1862 2513">
     <span class='ocr_line' id='line_1_26' title="bbox 281 2420 1862 2513; baseline 0.018 -40"><span class='ocrx_word' id='word_1_207' title='bbox 281 2420 620 2513; x_wconf 67' lang='grc' dir='ltr'>ςωηρῤύτων</span> <span class='ocrx_word' id='word_1_208' title='bbox 650 2432 910 2500; x_wconf 78' lang='grc' dir='ltr'>ναμάτων</span> <span class='ocrx_word' id='word_1_209' title='bbox 935 2451 949 2467; x_wconf 76' lang='grc' dir='ltr'><strong>ο</strong></span> <span class='ocrx_word' id='word_1_210' title='bbox 1002 2432 1148 2492; x_wconf 74' lang='grc' dir='ltr'>οὗτοι</span> <span class='ocrx_word' id='word_1_211' title='bbox 1175 2441 1230 2494; x_wconf 79' lang='grc' dir='ltr'>δὲ</span> <span class='ocrx_word' id='word_1_212' title='bbox 1255 2443 1318 2494; x_wconf 74' lang='grc' dir='ltr'>ὲκ</span> <span class='ocrx_word' id='word_1_213' title='bbox 1343 2443 1443 2513; x_wconf 84' lang='grc' dir='ltr'>τῆς</span> <span class='ocrx_word' id='word_1_214' title='bbox 1473 2420 1740 2511; x_wconf 26' lang='grc' dir='ltr'>ίδιωτενίας</span> <span class='ocrx_word' id='word_1_215' title='bbox 1767 2449 1862 2501; x_wconf 72' lang='grc' dir='ltr'>καὶ</span> 
     </span>
    </p>
   </div>
   <div class='ocr_carea' id='block_1_27' title="bbox 281 2511 1862 2608">
    <p class='ocr_par' dir='ltr' id='par_1_27' title="bbox 281 2511 1862 2608">
     <span class='ocr_line' id='line_1_27' title="bbox 281 2511 1862 2608; baseline 0.021 -48"><span class='ocrx_word' id='word_1_216' title='bbox 281 2511 646 2608; x_wconf 67' lang='grc' dir='ltr'>ἀναισθησίας</span> <span class='ocrx_word' id='word_1_217' title='bbox 690 2524 1021 2594; x_wconf 83' lang='grc' dir='ltr'>κινούμενοι,</span> <span class='ocrx_word' id='word_1_218' title='bbox 1058 2529 1313 2602; x_wconf 84' lang='grc' dir='ltr'>θορύϐου,</span> <span class='ocrx_word' id='word_1_219' title='bbox 1343 2511 1436 2589; x_wconf 71' lang='grc' dir='ltr'><strong>καὶ</strong></span> <span class='ocrx_word' id='word_1_220' title='bbox 1467 2539 1734 2608; x_wconf 80' lang='grc' dir='ltr'>ταραχῆς,</span> <span class='ocrx_word' id='word_1_221' title='bbox 1768 2541 1862 2595; x_wconf 86' lang='grc' dir='ltr'>καὶ</span> 
     </span>
    </p>
   </div>
   <div class='ocr_carea' id='block_1_28' title="bbox 279 2603 1860 2700">
    <p class='ocr_par' dir='ltr' id='par_1_28' title="bbox 279 2603 1860 2700">
     <span class='ocr_line' id='line_1_28' title="bbox 279 2603 1860 2700; baseline 0.02 -45"><span class='ocrx_word' id='word_1_222' title='bbox 279 2603 550 2700; x_wconf 65' lang='grc' dir='ltr'>αἱρέσεως</span> <span class='ocrx_word' id='word_1_223' title='bbox 575 2610 674 2680; x_wconf 78' lang='grc' dir='ltr'>τὴν</span> <span class='ocrx_word' id='word_1_224' title='bbox 699 2616 1026 2688; x_wconf 84' lang='grc' dir='ltr'>οίκουμένην</span> <span class='ocrx_word' id='word_1_225' title='bbox 1071 2624 1418 2695; x_wconf 67' lang='grc' dir='ltr'>ἐπλήρωσαν.</span> <span class='ocrx_word' id='word_1_226' title='bbox 1453 2603 1568 2683; x_wconf 78' lang='grc' dir='ltr'>Οὐκ</span> <span class='ocrx_word' id='word_1_227' title='bbox 1607 2603 1860 2700; x_wconf 55' lang='lat' dir='ltr'><strong>daretis“;</strong></span> 
     </span>
    </p>
   </div>
   <div class='ocr_carea' id='block_1_29' title="bbox 280 2693 1864 2787">
    <p class='ocr_par' dir='ltr' id='par_1_29' title="bbox 280 2693 1864 2787">
     <span class='ocr_line' id='line_1_29' title="bbox 280 2693 1864 2787; baseline 0.022 -41"><span class='ocrx_word' id='word_1_228' title='bbox 280 2693 374 2749; x_wconf 72' lang='grc' dir='ltr'><strong>διὰ</strong></span> <span class='ocrx_word' id='word_1_229' title='bbox 405 2698 464 2752; x_wconf 77' lang='grc' dir='ltr'>τὸ</span> <span class='ocrx_word' id='word_1_230' title='bbox 510 2703 794 2776; x_wconf 80' lang='grc' dir='ltr'>πλυθῆναι,</span> <span class='ocrx_word' id='word_1_231' title='bbox 826 2714 979 2779; x_wconf 72' lang='grc' dir='ltr'>φησὶ,</span> <span class='ocrx_word' id='word_1_232' title='bbox 1000 2717 1100 2780; x_wconf 70' lang='grc' dir='ltr'><strong>τὰς</strong></span> <span class='ocrx_word' id='word_1_233' title='bbox 1143 2693 1338 2784; x_wconf 82' lang='grc' dir='ltr'>στολὰς</span> <span class='ocrx_word' id='word_1_234' title='bbox 1367 2722 1566 2787; x_wconf 77' lang='grc' dir='ltr'>αὐτῶν,</span> <span class='ocrx_word' id='word_1_235' title='bbox 1616 2693 1864 2780; x_wconf 68' lang='grc' dir='ltr'>τουτέστι</span> 
     </span>
    </p>
   </div>
   <div class='ocr_carea' id='block_1_30' title="bbox 281 2790 1863 2886">
    <p class='ocr_par' dir='ltr' id='par_1_30' title="bbox 281 2790 1863 2886">
     <span class='ocr_line' id='line_1_30' title="bbox 281 2790 1863 2886; baseline 0.019 -44"><span class='ocrx_word' id='word_1_236' title='bbox 281 2790 374 2847; x_wconf 77' lang='grc' dir='ltr'>διὰ</span> <span class='ocrx_word' id='word_1_237' title='bbox 402 2793 462 2845; x_wconf 68' lang='grc' dir='ltr'><strong>τί.</strong></span> <span class='ocrx_word' id='word_1_238' title='bbox 503 2797 802 2869; x_wconf 79' lang='grc' dir='ltr'>καθαρίσαι</span> <span class='ocrx_word' id='word_1_239' title='bbox 838 2805 906 2857; x_wconf 75' lang='grc' dir='ltr'><strong>τὰ</strong></span> <span class='ocrx_word' id='word_1_240' title='bbox 937 2807 1164 2877; x_wconf 83' lang='grc' dir='ltr'>σώματα</span> <span class='ocrx_word' id='word_1_241' title='bbox 1209 2812 1388 2866; x_wconf 79' lang='grc' dir='ltr'>αὐτῶν</span> <span class='ocrx_word' id='word_1_242' title='bbox 1417 2815 1527 2869; x_wconf 77' lang='grc' dir='ltr'>ἀπὸ</span> <span class='ocrx_word' id='word_1_243' title='bbox 1557 2816 1863 2886; x_wconf 80' lang='grc' dir='ltr'>ἁμαρτιῶν,</span> 
     </span>
    </p>
   </div>
   <div class='ocr_carea' id='block_1_31' title="bbox 281 2887 1863 2976">
    <p class='ocr_par' dir='ltr' id='par_1_31' title="bbox 281 2887 1863 2976">
     <span class='ocr_line' id='line_1_31' title="bbox 281 2887 1863 2976; baseline 0.019 -41"><span class='ocrx_word' id='word_1_244' title='bbox 281 2887 382 2938; x_wconf 71' lang='grc' dir='ltr'>καὶ</span> <span class='ocrx_word' id='word_1_245' title='bbox 411 2888 498 2940; x_wconf 68' lang='grc' dir='ltr'><strong>διὰ</strong></span> <span class='ocrx_word' id='word_1_246' title='bbox 527 2892 589 2944; x_wconf 80' lang='grc' dir='ltr'>τὸ</span> <span class='ocrx_word' id='word_1_247' title='bbox 619 2895 880 2951; x_wconf 76' lang='grc' dir='ltr'>λευκᾶναι</span> <span class='ocrx_word' id='word_1_248' title='bbox 904 2902 1043 2956; x_wconf 83' lang='grc' dir='ltr'>αὐτὰ</span> <span class='ocrx_word' id='word_1_249' title='bbox 1074 2905 1132 2956; x_wconf 84' lang='grc' dir='ltr'>ἐν</span> <span class='ocrx_word' id='word_1_250' title='bbox 1156 2905 1234 2975; x_wconf 84' lang='grc' dir='ltr'>τῷ</span> <span class='ocrx_word' id='word_1_251' title='bbox 1260 2908 1454 2976; x_wconf 72' lang='grc' dir='ltr'>αἵματι</span> <span class='ocrx_word' id='word_1_252' title='bbox 1483 2909 1576 2962; x_wconf 87' lang='grc' dir='ltr'><strong>τοῦ</strong></span> <span class='ocrx_word' id='word_1_253' title='bbox 1606 2910 1736 2964; x_wconf 87' lang='grc' dir='ltr'>Υίοῦ</span> <span class='ocrx_word' id='word_1_254' title='bbox 1768 2911 1863 2965; x_wconf 83' lang='grc' dir='ltr'><strong>τοῦ</strong></span> 
     </span>
    </p>
   </div>
   <div class='ocr_carea' id='block_1_32' title="bbox 280 2983 1862 3072">
    <p class='ocr_par' dir='ltr' id='par_1_32' title="bbox 280 2983 1862 3072">
     <span class='ocr_line' id='line_1_32' title="bbox 280 2983 1862 3072; baseline 0.016 -38"><span class='ocrx_word' id='word_1_255' title='bbox 280 2983 445 3052; x_wconf 74' lang='grc' dir='ltr'>θεοῦ,</span> <span class='ocrx_word' id='word_1_256' title='bbox 483 2987 571 3042; x_wconf 79' lang='grc' dir='ltr'><strong>διὰ</strong></span> <span class='ocrx_word' id='word_1_257' title='bbox 604 2992 761 3046; x_wconf 85' lang='grc' dir='ltr'>τοῦτό</span> <span class='ocrx_word' id='word_1_258' title='bbox 789 2996 925 3050; x_wconf 72' lang='grc' dir='ltr'>εἰσιν</span> <span class='ocrx_word' id='word_1_259' title='bbox 953 3000 1182 3053; x_wconf 65' lang='grc' dir='ltr'>ἐνώπιον</span> <span class='ocrx_word' id='word_1_260' title='bbox 1225 3001 1316 3054; x_wconf 87' lang='grc' dir='ltr'><strong>τοῦ</strong></span> <span class='ocrx_word' id='word_1_261' title='bbox 1349 3002 1542 3072; x_wconf 81' lang='grc' dir='ltr'>θρόνου</span> <span class='ocrx_word' id='word_1_262' title='bbox 1579 3005 1671 3057; x_wconf 84' lang='grc' dir='ltr'><strong>τοῦ</strong></span> <span class='ocrx_word' id='word_1_263' title='bbox 1705 3005 1862 3067; x_wconf 82' lang='grc' dir='ltr'>Θεοῦ.</span> 
     </span>
    </p>
   </div>
   <div class='ocr_carea' id='block_1_33' title="bbox 284 3077 1865 3164">
    <p class='ocr_par' dir='ltr' id='par_1_33' title="bbox 284 3077 1865 3164">
     <span class='ocr_line' id='line_1_33' title="bbox 284 3077 1865 3164; baseline 0.015 -36"><span class='ocrx_word' id='word_1_264' title='bbox 284 3077 386 3130; x_wconf 78' lang='grc' dir='ltr'>καὶ</span> <span class='ocrx_word' id='word_1_265' title='bbox 431 3081 784 3151; x_wconf 83' lang='grc' dir='ltr'>λατρεύουσιν</span> <span class='ocrx_word' id='word_1_266' title='bbox 813 3089 962 3158; x_wconf 79' lang='grc' dir='ltr'>αὐτῷ</span> <span class='ocrx_word' id='word_1_267' title='bbox 991 3092 1203 3162; x_wconf 69' lang='grc' dir='ltr'>ἡμέρας</span> <span class='ocrx_word' id='word_1_268' title='bbox 1254 3098 1346 3147; x_wconf 75' lang='grc' dir='ltr'>καὶ</span> <span class='ocrx_word' id='word_1_269' title='bbox 1382 3097 1595 3159; x_wconf 86' lang='grc' dir='ltr'>νυκτός.</span> <span class='ocrx_word' id='word_1_270' title='bbox 1635 3098 1701 3149; x_wconf 82' lang='grc' dir='ltr'>Τί</span> <span class='ocrx_word' id='word_1_271' title='bbox 1734 3099 1865 3164; x_wconf 76' lang='grc' dir='ltr'>πρὸς</span> 
     </span>
    </p>
   </div>
   <div class='ocr_carea' id='block_1_34' title="bbox 1956 593 3533 670">
    <p class='ocr_par' dir='ltr' id='par_1_34' title="bbox 1956 593 3533 670">
     <span class='ocr_line' id='line_1_34' title="bbox 1956 593 3533 670; baseline -0.001 -16"><span class='ocrx_word' id='word_1_272' title='bbox 1956 601 2114 665; x_wconf 61' lang='lat' dir='ltr'><strong>alba,</strong></span> <span class='ocrx_word' id='word_1_273' title='bbox 2151 609 2206 655; x_wconf 90' lang='lat' dir='ltr'><strong>et</strong></span> <span class='ocrx_word' id='word_1_274' title='bbox 2251 599 2459 655; x_wconf 84' lang='lat' dir='ltr'><strong>dictum</strong></span> <span class='ocrx_word' id='word_1_275' title='bbox 2511 608 2601 655; x_wconf 84' lang='lat' dir='ltr'><strong>est</strong></span> <span class='ocrx_word' id='word_1_276' title='bbox 2650 600 2756 655; x_wconf 88' lang='lat' dir='ltr'><strong>illis</strong></span> <span class='ocrx_word' id='word_1_277' title='bbox 2791 609 2859 655; x_wconf 87' lang='grc' dir='ltr'>ιιι·</span> <span class='ocrx_word' id='word_1_278' title='bbox 2909 601 3314 670; x_wconf 80' lang='lat' dir='ltr'><strong>requiescerent</strong></span> <span class='ocrx_word' id='word_1_279' title='bbox 3354 593 3533 652; x_wconf 82' lang='lat' dir='ltr'><strong>adhuc</strong></span> 
     </span>
    </p>
   </div>
   <div class='ocr_carea' id='block_1_35' title="bbox 1961 687 3534 763">
    <p class='ocr_par' dir='ltr' id='par_1_35' title="bbox 1961 687 3534 763">
     <span class='ocr_line' id='line_1_35' title="bbox 1961 687 3534 763; baseline -0.004 -14"><span class='ocrx_word' id='word_1_280' title='bbox 1961 703 2178 763; x_wconf 84' lang='lat' dir='ltr'><strong>tempus</strong></span> <span class='ocrx_word' id='word_1_281' title='bbox 2218 692 2515 756; x_wconf 91' lang='lat' dir='ltr'><strong>modicum,</strong></span> <span class='ocrx_word' id='word_1_282' title='bbox 2541 693 2715 749; x_wconf 87' lang='lat' dir='ltr'><strong>donec</strong></span> <span class='ocrx_word' id='word_1_283' title='bbox 2744 687 3128 760; x_wconf 69' lang='lat' dir='ltr'><strong>bompleantur</strong></span> <span class='ocrx_word' id='word_1_284' title='bbox 3157 690 3405 745; x_wconf 75' lang='lat' dir='ltr'><strong>conservi</strong></span> <span class='ocrx_word' id='word_1_285' title='bbox 3438 705 3534 744; x_wconf 86' lang='lat' dir='ltr'><strong>eo-</strong></span> 
     </span>
    </p>
   </div>
   <div class='ocr_carea' id='block_1_36' title="bbox 1959 780 3548 854">
    <p class='ocr_par' dir='ltr' id='par_1_36' title="bbox 1959 780 3548 854">
     <span class='ocr_line' id='line_1_36' title="bbox 1959 780 3548 854; baseline -0.004 -14"><span class='ocrx_word' id='word_1_286' title='bbox 1959 801 2080 840; x_wconf 82' lang='lat' dir='ltr'><strong>rum</strong></span> <span class='ocrx_word' id='word_1_287' title='bbox 2111 794 2166 839; x_wconf 90' lang='lat' dir='ltr'><strong>et</strong></span> <span class='ocrx_word' id='word_1_288' title='bbox 2217 785 2417 841; x_wconf 88' lang='lat' dir='ltr'><strong>fratres</strong></span> <span class='ocrx_word' id='word_1_289' title='bbox 2447 800 2640 840; x_wconf 88' lang='lat' dir='ltr'><strong>eorum</strong></span> <span class='ocrx_word' id='word_1_290' title='bbox 2684 784 2778 854; x_wconf 85' lang='lat' dir='ltr'><strong>qui</strong></span> <span class='ocrx_word' id='word_1_291' title='bbox 2815 783 3179 838; x_wconf 81' lang='lat' dir='ltr'><strong>interficiendi</strong></span> <span class='ocrx_word' id='word_1_292' title='bbox 3239 791 3368 837; x_wconf 89' lang='lat' dir='ltr'><strong>sunt</strong></span> <span class='ocrx_word' id='word_1_293' title='bbox 3392 780 3548 836; x_wconf 86' lang='lat' dir='ltr'><strong>sicut-</strong></span> 
     </span>
    </p>
   </div>
   <div class='ocr_carea' id='block_1_37' title="bbox 1957 875 3536 947">
    <p class='ocr_par' dir='ltr' id='par_1_37' title="bbox 1957 875 3536 947">
     <span class='ocr_line' id='line_1_37' title="bbox 1957 875 3536 947; baseline -0.003 -15"><span class='ocrx_word' id='word_1_294' title='bbox 1957 886 2012 932; x_wconf 91' lang='lat' dir='ltr'><strong>et</strong></span> <span class='ocrx_word' id='word_1_295' title='bbox 2051 877 2129 932; x_wconf 90' lang='lat' dir='ltr'><strong>illi</strong></span> <span class='ocrx_word' id='word_1_296' title='bbox 2161 878 2286 932; x_wconf 54' lang='lat' dir='ltr'><strong>&#39;&quot;J</strong></span> <span class='ocrx_word' id='word_1_297' title='bbox 2313 877 2379 932; x_wconf 81' lang='lat' dir='ltr'><strong>Et</strong></span> <span class='ocrx_word' id='word_1_298' title='bbox 2410 888 2532 947; x_wconf 82' lang='lat' dir='ltr'><strong>post</strong></span> <span class='ocrx_word' id='word_1_299' title='bbox 2554 879 2800 947; x_wconf 62' lang='lat' dir='ltr'><strong>quaedam</strong></span> <span class='ocrx_word' id='word_1_300' title='bbox 2828 893 2842 931; x_wconf 87' lang='lat'><strong>:</strong></span> <span class='ocrx_word' id='word_1_301' title='bbox 2877 896 2895 928; x_wconf 80' lang='grc' dir='ltr'><strong>ι</strong></span> <span class='ocrx_word' id='word_1_302' title='bbox 2920 875 2984 930; x_wconf 78' lang='lat' dir='ltr'><strong>Et</strong></span> <span class='ocrx_word' id='word_1_303' title='bbox 3012 875 3288 946; x_wconf 81' lang='lat' dir='ltr'><strong>respondit</strong></span> <span class='ocrx_word' id='word_1_304' title='bbox 3309 890 3451 928; x_wconf 88' lang='lat' dir='ltr'><strong>unus</strong></span> <span class='ocrx_word' id='word_1_305' title='bbox 3467 889 3536 934; x_wconf 69' lang='lat' dir='ltr'><strong>ex</strong></span> 
     </span>
    </p>
   </div>
   <div class='ocr_carea' id='block_1_38' title="bbox 1957 969 3535 1040">
    <p class='ocr_par' dir='ltr' id='par_1_38' title="bbox 1957 969 3535 1040">
     <span class='ocr_line' id='line_1_38' title="bbox 1957 969 3535 1040; baseline -0.003 -14"><span class='ocrx_word' id='word_1_306' title='bbox 1957 972 2295 1039; x_wconf 76' lang='lat' dir='ltr'><strong>senioribus,</strong></span> <span class='ocrx_word' id='word_1_307' title='bbox 2325 981 2380 1027; x_wconf 90' lang='lat' dir='ltr'><strong>et</strong></span> <span class='ocrx_word' id='word_1_308' title='bbox 2404 972 2542 1025; x_wconf 77' lang='lat' dir='ltr'><strong>dixit</strong></span> <span class='ocrx_word' id='word_1_309' title='bbox 2575 971 2730 1025; x_wconf 90' lang='lat' dir='ltr'><strong>mihi:</strong></span> <span class='ocrx_word' id='word_1_310' title='bbox 2767 969 2831 1024; x_wconf 86' lang='lat' dir='ltr'><strong>Hi</strong></span> <span class='ocrx_word' id='word_1_311' title='bbox 2867 971 2957 1040; x_wconf 88' lang='lat' dir='ltr'><strong>qui</strong></span> <span class='ocrx_word' id='word_1_312' title='bbox 2994 969 3176 1023; x_wconf 77' lang='lat' dir='ltr'><strong>amicti</strong></span> <span class='ocrx_word' id='word_1_313' title='bbox 3214 978 3343 1023; x_wconf 85' lang='lat' dir='ltr'><strong>sunt</strong></span> <span class='ocrx_word' id='word_1_314' title='bbox 3372 969 3535 1023; x_wconf 85' lang='lat' dir='ltr'><strong>stolis</strong></span> 
     </span>
    </p>
   </div>
   <div class='ocr_carea' id='block_1_39' title="bbox 1957 1060 3533 1134">
    <p class='ocr_par' dir='ltr' id='par_1_39' title="bbox 1957 1060 3533 1134">
     <span class='ocr_line' id='line_1_39' title="bbox 1957 1060 3533 1134; baseline -0.003 -16"><span class='ocrx_word' id='word_1_315' title='bbox 1957 1064 2116 1129; x_wconf 82' lang='lat' dir='ltr'><strong>albis,</strong></span> <span class='ocrx_word' id='word_1_316' title='bbox 2142 1065 2234 1134; x_wconf 87' lang='lat' dir='ltr'><strong>qui</strong></span> <span class='ocrx_word' id='word_1_317' title='bbox 2257 1071 2454 1119; x_wconf 83' lang='lat' dir='ltr'><strong>suntet</strong></span> <span class='ocrx_word' id='word_1_318' title='bbox 2475 1063 2618 1118; x_wconf 88' lang='lat' dir='ltr'><strong>unde</strong></span> <span class='ocrx_word' id='word_1_319' title='bbox 2641 1070 2907 1117; x_wconf 86' lang='lat' dir='ltr'><strong>venerunt</strong></span> <span class='ocrx_word' id='word_1_320' title='bbox 2925 1062 2946 1115; x_wconf 76' lang='grc' dir='ltr'><em>ἳ</em></span> <span class='ocrx_word' id='word_1_321' title='bbox 2965 1061 3030 1116; x_wconf 84' lang='lat' dir='ltr'><strong>Et</strong></span> <span class='ocrx_word' id='word_1_322' title='bbox 3051 1061 3186 1116; x_wconf 81' lang='lat' dir='ltr'><strong>dixit</strong></span> <span class='ocrx_word' id='word_1_323' title='bbox 3215 1060 3313 1124; x_wconf 86' lang='lat' dir='ltr'><strong>illi,</strong></span> <span class='ocrx_word' id='word_1_324' title='bbox 3346 1060 3533 1115; x_wconf 83' lang='lat' dir='ltr'><strong>Domi-</strong></span> 
     </span>
    </p>
   </div>
   <div class='ocr_carea' id='block_1_40' title="bbox 1960 1153 3591 1224">
    <p class='ocr_par' dir='ltr' id='par_1_40' title="bbox 1960 1153 3591 1224">
     <span class='ocr_line' id='line_1_40' title="bbox 1960 1153 3591 1224; baseline -0.004 -12"><span class='ocrx_word' id='word_1_325' title='bbox 1960 1173 2030 1214; x_wconf 89' lang='lat' dir='ltr'><strong>ne</strong></span> <span class='ocrx_word' id='word_1_326' title='bbox 2057 1160 2152 1219; x_wconf 88' lang='lat' dir='ltr'><strong>mi,</strong></span> <span class='ocrx_word' id='word_1_327' title='bbox 2185 1168 2242 1211; x_wconf 89' lang='lat' dir='ltr'><strong>tu</strong></span> <span class='ocrx_word' id='word_1_328' title='bbox 2270 1158 2401 1213; x_wconf 86' lang='lat' dir='ltr'><strong>scis.</strong></span> <span class='ocrx_word' id='word_1_329' title='bbox 2433 1157 2500 1212; x_wconf 86' lang='lat' dir='ltr'><strong>Et</strong></span> <span class='ocrx_word' id='word_1_330' title='bbox 2531 1158 2667 1213; x_wconf 77' lang='lat' dir='ltr'><strong>dixit</strong></span> <span class='ocrx_word' id='word_1_331' title='bbox 2693 1155 2824 1210; x_wconf 87' lang='lat' dir='ltr'><strong>tnihi</strong></span> <span class='ocrx_word' id='word_1_332' title='bbox 2851 1173 2865 1209; x_wconf 90' lang='lat'><strong>:</strong></span> <span class='ocrx_word' id='word_1_333' title='bbox 2897 1153 2957 1208; x_wconf 87' lang='lat' dir='ltr'><strong>lli</strong></span> <span class='ocrx_word' id='word_1_334' title='bbox 2981 1163 3109 1210; x_wconf 87' lang='lat' dir='ltr'><strong>sunt</strong></span> <span class='ocrx_word' id='word_1_335' title='bbox 3131 1157 3239 1224; x_wconf 89' lang='lat' dir='ltr'><strong>qui-</strong></span> <span class='ocrx_word' id='word_1_336' title='bbox 3271 1160 3536 1208; x_wconf 90' lang='lat' dir='ltr'><strong>venerunt</strong></span> <span class='ocrx_word' id='word_1_337' title='bbox 3589 1215 3591 1222; x_wconf 30' lang='grc' dir='ltr'>ι</span> 
     </span>
    </p>
   </div>
   <div class='ocr_carea' id='block_1_41' title="bbox 1960 1232 3589 1321">
    <p class='ocr_par' dir='ltr' id='par_1_41' title="bbox 1960 1232 3589 1321">
     <span class='ocr_line' id='line_1_41' title="bbox 1960 1232 3589 1321; baseline -0.008 -13"><span class='ocrx_word' id='word_1_338' title='bbox 1960 1253 2025 1308; x_wconf 90' lang='lat' dir='ltr'><strong>de</strong></span> <span class='ocrx_word' id='word_1_339' title='bbox 2057 1251 2415 1307; x_wconf 79' lang='lat' dir='ltr'><strong>tribulatione</strong></span> <span class='ocrx_word' id='word_1_340' title='bbox 2463 1266 2678 1321; x_wconf 85' lang='lat' dir='ltr'><strong>magna,</strong></span> <span class='ocrx_word' id='word_1_341' title='bbox 2708 1260 2764 1304; x_wconf 91' lang='lat' dir='ltr'><strong>et</strong></span> <span class='ocrx_word' id='word_1_342' title='bbox 2793 1249 3046 1304; x_wconf 82' lang='lat' dir='ltr'><strong>laverunt</strong></span> <span class='ocrx_word' id='word_1_343' title='bbox 3095 1248 3265 1301; x_wconf 84' lang='lat' dir='ltr'><strong>stolas</strong></span> <span class='ocrx_word' id='word_1_344' title='bbox 3308 1260 3438 1300; x_wconf 86' lang='lat' dir='ltr'><strong>suas</strong></span> <span class='ocrx_word' id='word_1_345' title='bbox 3478 1251 3534 1298; x_wconf 91' lang='lat' dir='ltr'><strong>et</strong></span> <span class='ocrx_word' id='word_1_346' title='bbox 3587 1232 3589 1234; x_wconf 58' lang='grc'><em>’</em></span> 
     </span>
    </p>
   </div>
   <div class='ocr_carea' id='block_1_42' title="bbox 1959 1339 3535 1413">
    <p class='ocr_par' dir='ltr' id='par_1_42' title="bbox 1959 1339 3535 1413">
     <span class='ocr_line' id='line_1_42' title="bbox 1959 1339 3535 1413; baseline -0.006 -13"><span class='ocrx_word' id='word_1_347' title='bbox 1959 1345 2358 1400; x_wconf 81' lang='lat' dir='ltr'><strong>dealbaverunt</strong></span> <span class='ocrx_word' id='word_1_348' title='bbox 2397 1360 2490 1399; x_wconf 88' lang='lat' dir='ltr'><strong>eas</strong></span> <span class='ocrx_word' id='word_1_349' title='bbox 2520 1344 2571 1396; x_wconf 91' lang='lat' dir='ltr'><strong>in</strong></span> <span class='ocrx_word' id='word_1_350' title='bbox 2616 1343 2882 1413; x_wconf 79' lang='lat' dir='ltr'><strong>sanguine</strong></span> <span class='ocrx_word' id='word_1_351' title='bbox 2902 1341 3062 1410; x_wconf 83' lang='lat' dir='ltr'><strong>Agni.</strong></span> <span class='ocrx_word' id='word_1_352' title='bbox 3088 1339 3216 1394; x_wconf 74' lang='lat' dir='ltr'><strong>Ideo</strong></span> <span class='ocrx_word' id='word_1_353' title='bbox 3239 1348 3368 1393; x_wconf 88' lang='lat' dir='ltr'><strong>sunt</strong></span> <span class='ocrx_word' id='word_1_354' title='bbox 3407 1345 3535 1390; x_wconf 81' lang='lat' dir='ltr'><strong>ante</strong></span> 
     </span>
    </p>
   </div>
   <div class='ocr_carea' id='block_1_43' title="bbox 1962 1428 3535 1498">
    <p class='ocr_par' dir='ltr' id='par_1_43' title="bbox 1962 1428 3535 1498">
     <span class='ocr_line' id='line_1_43' title="bbox 1962 1428 3535 1498; baseline -0.006 -8"><span class='ocrx_word' id='word_1_355' title='bbox 1962 1439 2221 1492; x_wconf 86' lang='lat' dir='ltr'><strong>thronum</strong></span> <span class='ocrx_word' id='word_1_356' title='bbox 2255 1438 2347 1492; x_wconf 89' lang='lat' dir='ltr'><strong>Dei</strong></span> <span class='ocrx_word' id='word_1_357' title='bbox 2383 1447 2438 1492; x_wconf 87' lang='lat' dir='ltr'><strong>et</strong></span> <span class='ocrx_word' id='word_1_358' title='bbox 2467 1439 2713 1492; x_wconf 81' lang='lat' dir='ltr'><strong>serviunt</strong></span> <span class='ocrx_word' id='word_1_359' title='bbox 2743 1439 2791 1492; x_wconf 90' lang='lat' dir='ltr'><strong>ei</strong></span> <span class='ocrx_word' id='word_1_360' title='bbox 2847 1437 2936 1490; x_wconf 89' lang='lat' dir='ltr'><strong>die</strong></span> <span class='ocrx_word' id='word_1_361' title='bbox 2961 1446 3016 1490; x_wconf 93' lang='lat' dir='ltr'><strong>et</strong></span> <span class='ocrx_word' id='word_1_362' title='bbox 3057 1441 3216 1487; x_wconf 90' lang='lat' dir='ltr'><strong>nocte</strong></span> <span class='ocrx_word' id='word_1_363' title='bbox 3242 1432 3296 1486; x_wconf 92' lang='lat' dir='ltr'><strong>in</strong></span> <span class='ocrx_word' id='word_1_364' title='bbox 3334 1428 3535 1498; x_wconf 85' lang='lat' dir='ltr'><strong>templo</strong></span> 
     </span>
    </p>
   </div>
   <div class='ocr_carea' id='block_1_44' title="bbox 1960 1520 3535 1597">
    <p class='ocr_par' dir='ltr' id='par_1_44' title="bbox 1960 1520 3535 1597">
     <span class='ocr_line' id='line_1_44' title="bbox 1960 1520 3535 1597; baseline -0.007 -13"><span class='ocrx_word' id='word_1_365' title='bbox 1960 1529 2079 1597; x_wconf 80' lang='lat' dir='ltr'><strong>ejus</strong></span> <span class='ocrx_word' id='word_1_366' title='bbox 2110 1531 2236 1584; x_wconf 80' lang='grc'><strong>⁵⁹⁹.›</strong></span> <span class='ocrx_word' id='word_1_367' title='bbox 2277 1531 2523 1586; x_wconf 80' lang='lat' dir='ltr'><strong>Audistis</strong></span> <span class='ocrx_word' id='word_1_368' title='bbox 2589 1530 2817 1585; x_wconf 83' lang='lat' dir='ltr'><strong>touitrui</strong></span> <span class='ocrx_word' id='word_1_369' title='bbox 2873 1524 3248 1590; x_wconf 82' lang='lat' dir='ltr'><strong>filium?Quis</strong></span> <span class='ocrx_word' id='word_1_370' title='bbox 3297 1520 3535 1592; x_wconf 82' lang='lat' dir='ltr'><strong>potiora,</strong></span> 
     </span>
    </p>
   </div>
   <div class='ocr_carea' id='block_1_45' title="bbox 1961 1617 3534 1689">
    <p class='ocr_par' dir='ltr' id='par_1_45' title="bbox 1961 1617 3534 1689">
     <span class='ocr_line' id='line_1_45' title="bbox 1961 1617 3534 1689; baseline -0.007 -13"><span class='ocrx_word' id='word_1_371' title='bbox 1961 1621 2188 1676; x_wconf 81' lang='lat' dir='ltr'><strong>meliora</strong></span> <span class='ocrx_word' id='word_1_372' title='bbox 2250 1630 2303 1675; x_wconf 90' lang='lat' dir='ltr'><strong>et</strong></span> <span class='ocrx_word' id='word_1_373' title='bbox 2338 1637 2467 1676; x_wconf 87' lang='lat' dir='ltr'><strong>vera</strong></span> <span class='ocrx_word' id='word_1_374' title='bbox 2523 1622 2702 1676; x_wconf 89' lang='lat' dir='ltr'><strong>dicit?</strong></span> <span class='ocrx_word' id='word_1_375' title='bbox 2754 1621 2874 1685; x_wconf 81' lang='lat' dir='ltr'><strong>llic,</strong></span> <span class='ocrx_word' id='word_1_376' title='bbox 2904 1636 2972 1674; x_wconf 88' lang='lat' dir='ltr'><strong>an</strong></span> <span class='ocrx_word' id='word_1_377' title='bbox 3005 1617 3295 1689; x_wconf 85' lang='lat' dir='ltr'><strong>Ephesius,</strong></span> <span class='ocrx_word' id='word_1_378' title='bbox 3326 1623 3380 1669; x_wconf 91' lang='lat' dir='ltr'><strong>et</strong></span> <span class='ocrx_word' id='word_1_379' title='bbox 3424 1623 3534 1666; x_wconf 86' lang='lat' dir='ltr'><strong>tota</strong></span> 
     </span>
    </p>
   </div>
   <div class='ocr_carea' id='block_1_46' title="bbox 1963 1707 3535 1783">
    <p class='ocr_par' dir='ltr' id='par_1_46' title="bbox 1963 1707 3535 1783">
     <span class='ocr_line' id='line_1_46' title="bbox 1963 1707 3535 1783; baseline -0.007 -16"><span class='ocrx_word' id='word_1_380' title='bbox 1963 1712 2158 1767; x_wconf 86' lang='lat' dir='ltr'><strong>cohors</strong></span> <span class='ocrx_word' id='word_1_381' title='bbox 2183 1728 2370 1768; x_wconf 89' lang='lat' dir='ltr'><strong>eorunt</strong></span> <span class='ocrx_word' id='word_1_382' title='bbox 2403 1714 2496 1783; x_wconf 87' lang='lat' dir='ltr'><strong>qui</strong></span> <span class='ocrx_word' id='word_1_383' title='bbox 2522 1713 2590 1767; x_wconf 85' lang='lat' dir='ltr'><strong>ab</strong></span> <span class='ocrx_word' id='word_1_384' title='bbox 2608 1712 2944 1768; x_wconf 77' lang='lat' dir='ltr'><strong>(ecumenica</strong></span> <span class='ocrx_word' id='word_1_385' title='bbox 2974 1709 3184 1780; x_wconf 88' lang='lat' dir='ltr'><strong>synodo</strong></span> <span class='ocrx_word' id='word_1_386' title='bbox 3202 1707 3535 1769; x_wconf 87' lang='lat' dir='ltr'><strong>resilierunt,</strong></span> 
     </span>
    </p>
   </div>
   <div class='ocr_carea' id='block_1_47' title="bbox 1963 1798 3537 1874">
    <p class='ocr_par' dir='ltr' id='par_1_47' title="bbox 1963 1798 3537 1874">
     <span class='ocr_line' id='line_1_47' title="bbox 1963 1798 3537 1874; baseline -0.007 -17"><span class='ocrx_word' id='word_1_387' title='bbox 1963 1813 2058 1858; x_wconf 84' lang='lat' dir='ltr'><strong>aut</strong></span> <span class='ocrx_word' id='word_1_388' title='bbox 2089 1803 2402 1874; x_wconf 82' lang='lat' dir='ltr'><strong>quicunque</strong></span> <span class='ocrx_word' id='word_1_389' title='bbox 2437 1819 2505 1858; x_wconf 77' lang='lat' dir='ltr'><strong>ex</strong></span> <span class='ocrx_word' id='word_1_390' title='bbox 2559 1804 2682 1858; x_wconf 87' lang='lat' dir='ltr'><strong>aliis</strong></span> <span class='ocrx_word' id='word_1_391' title='bbox 2711 1803 2840 1857; x_wconf 92' lang='lat' dir='ltr'><strong>velit</strong></span> <span class='ocrx_word' id='word_1_392' title='bbox 2873 1800 3281 1856; x_wconf 71' lang='lat' dir='ltr'><strong>contradicere?</strong></span> <span class='ocrx_word' id='word_1_393' title='bbox 3328 1798 3396 1854; x_wconf 90' lang='lat' dir='ltr'><strong>Ut</strong></span> <span class='ocrx_word' id='word_1_394' title='bbox 3436 1809 3537 1863; x_wconf 91' lang='lat' dir='ltr'><strong>ego</strong></span> 
     </span>
    </p>
   </div>
   <div class='ocr_carea' id='block_1_48' title="bbox 1965 1891 3540 1963">
    <p class='ocr_par' dir='ltr' id='par_1_48' title="bbox 1965 1891 3540 1963">
     <span class='ocr_line' id='line_1_48' title="bbox 1965 1891 3540 1963; baseline -0.008 -9"><span class='ocrx_word' id='word_1_395' title='bbox 1965 1898 2165 1962; x_wconf 89' lang='lat' dir='ltr'><strong>sentio,</strong></span> <span class='ocrx_word' id='word_1_396' title='bbox 2198 1895 2440 1952; x_wconf 74' lang='lat' dir='ltr'><strong>Joannes</strong></span> <span class='ocrx_word' id='word_1_397' title='bbox 2469 1897 2694 1951; x_wconf 89' lang='lat' dir='ltr'><strong>meliora</strong></span> <span class='ocrx_word' id='word_1_398' title='bbox 2715 1895 2848 1950; x_wconf 84' lang='lat' dir='ltr'><strong>dicit</strong></span> <span class='ocrx_word' id='word_1_399' title='bbox 2867 1909 3028 1963; x_wconf 82' lang='lat' dir='ltr'><strong>quam</strong></span> <span class='ocrx_word' id='word_1_400' title='bbox 3052 1893 3164 1947; x_wconf 89' lang='lat' dir='ltr'><strong>hic.</strong></span> <span class='ocrx_word' id='word_1_401' title='bbox 3189 1891 3278 1945; x_wconf 92' lang='lat' dir='ltr'><strong>Ille</strong></span> <span class='ocrx_word' id='word_1_402' title='bbox 3301 1901 3540 1958; x_wconf 86' lang='lat' dir='ltr'><strong>namque</strong></span> 
     </span>
    </p>
   </div>
   <div class='ocr_carea' id='block_1_49' title="bbox 1965 1985 3538 2060">
    <p class='ocr_par' dir='ltr' id='par_1_49' title="bbox 1965 1985 3538 2060">
     <span class='ocr_line' id='line_1_49' title="bbox 1965 1985 3538 2060; baseline -0.008 -13"><span class='ocrx_word' id='word_1_403' title='bbox 1965 2008 2030 2047; x_wconf 79' lang='lat' dir='ltr'><strong>ex</strong></span> <span class='ocrx_word' id='word_1_404' title='bbox 2057 1991 2272 2046; x_wconf 89' lang='lat' dir='ltr'><strong>Domini</strong></span> <span class='ocrx_word' id='word_1_405' title='bbox 2316 1999 2536 2060; x_wconf 89' lang='lat' dir='ltr'><strong>pectore</strong></span> <span class='ocrx_word' id='word_1_406' title='bbox 2595 1987 2924 2056; x_wconf 77' lang='lat' dir='ltr'><strong>theologiam</strong></span> <span class='ocrx_word' id='word_1_407' title='bbox 2964 1985 3260 2054; x_wconf 86' lang='lat' dir='ltr'><strong>accipiens,</strong></span> <span class='ocrx_word' id='word_1_408' title='bbox 3321 1997 3538 2037; x_wconf 89' lang='lat' dir='ltr'><strong>omnem</strong></span> 
     </span>
    </p>
   </div>
   <div class='ocr_carea' id='block_1_50' title="bbox 1965 2076 3543 2152">
    <p class='ocr_par' dir='ltr' id='par_1_50' title="bbox 1965 2076 3543 2152">
     <span class='ocr_line' id='line_1_50' title="bbox 1965 2076 3543 2152; baseline -0.008 -11"><span class='ocrx_word' id='word_1_409' title='bbox 1965 2095 2278 2141; x_wconf 83' lang='lat' dir='ltr'><strong>creaturam</strong></span> <span class='ocrx_word' id='word_1_410' title='bbox 2309 2083 2428 2152; x_wconf 89' lang='lat' dir='ltr'><strong>ejus</strong></span> <span class='ocrx_word' id='word_1_411' title='bbox 2459 2083 2864 2137; x_wconf 79' lang='lat' dir='ltr'><strong>vivificantibus</strong></span> <span class='ocrx_word' id='word_1_412' title='bbox 2891 2082 3049 2150; x_wconf 87' lang='lat' dir='ltr'><strong>aquis</strong></span> <span class='ocrx_word' id='word_1_413' title='bbox 3080 2079 3332 2141; x_wconf 88' lang='lat' dir='ltr'><strong>refersit;</strong></span> <span class='ocrx_word' id='word_1_414' title='bbox 3366 2076 3415 2128; x_wconf 88' lang='lat' dir='ltr'><strong>hi</strong></span> <span class='ocrx_word' id='word_1_415' title='bbox 3455 2091 3543 2128; x_wconf 81' lang='lat' dir='ltr'><strong>ve-</strong></span> 
     </span>
    </p>
   </div>
   <div class='ocr_carea' id='block_1_51' title="bbox 1967 2167 3536 2244">
    <p class='ocr_par' dir='ltr' id='par_1_51' title="bbox 1967 2167 3536 2244">
     <span class='ocr_line' id='line_1_51' title="bbox 1967 2167 3536 2244; baseline -0.01 -11"><span class='ocrx_word' id='word_1_416' title='bbox 1967 2194 2047 2240; x_wconf 86' lang='lat' dir='ltr'><strong>ro,</strong></span> <span class='ocrx_word' id='word_1_417' title='bbox 2081 2193 2177 2233; x_wconf 89' lang='lat' dir='ltr'><strong>sua</strong></span> <span class='ocrx_word' id='word_1_418' title='bbox 2232 2177 2444 2230; x_wconf 84' lang='lat' dir='ltr'><strong>inscitia</strong></span> <span class='ocrx_word' id='word_1_419' title='bbox 2480 2183 2534 2230; x_wconf 94' lang='lat' dir='ltr'><strong>ct</strong></span> <span class='ocrx_word' id='word_1_420' title='bbox 2597 2174 2913 2244; x_wconf 87' lang='lat' dir='ltr'><strong>stnpiditate</strong></span> <span class='ocrx_word' id='word_1_421' title='bbox 2968 2170 3223 2242; x_wconf 88' lang='lat' dir='ltr'><strong>permoti,</strong></span> <span class='ocrx_word' id='word_1_422' title='bbox 3277 2167 3536 2227; x_wconf 87' lang='lat' dir='ltr'><strong>tumultu,</strong></span> 
     </span>
    </p>
   </div>
   <div class='ocr_carea' id='block_1_52' title="bbox 1965 2258 3541 2333">
    <p class='ocr_par' dir='ltr' id='par_1_52' title="bbox 1965 2258 3541 2333">
     <span class='ocr_line' id='line_1_52' title="bbox 1965 2258 3541 2333; baseline -0.008 -8"><span class='ocrx_word' id='word_1_423' title='bbox 1965 2258 2286 2328; x_wconf 75' lang='lat' dir='ltr'><strong>confusione</strong></span> <span class='ocrx_word' id='word_1_424' title='bbox 2318 2277 2372 2323; x_wconf 90' lang='lat' dir='ltr'><strong>et</strong></span> <span class='ocrx_word' id='word_1_425' title='bbox 2427 2268 2620 2322; x_wconf 77' lang='lat' dir='ltr'><strong>iueresi</strong></span> <span class='ocrx_word' id='word_1_426' title='bbox 2680 2267 2865 2320; x_wconf 76' lang='lat' dir='ltr'><strong>orbein</strong></span> <span class='ocrx_word' id='word_1_427' title='bbox 2919 2263 3288 2333; x_wconf 84' lang='lat' dir='ltr'><strong>repleverunt.</strong></span> <span class='ocrx_word' id='word_1_428' title='bbox 3350 2260 3541 2312; x_wconf 82' lang='lat' dir='ltr'><strong>Nonne</strong></span> 
     </span>
    </p>
   </div>
   <div class='ocr_carea' id='block_1_53' title="bbox 1964 2353 3541 2428">
    <p class='ocr_par' dir='ltr' id='par_1_53' title="bbox 1964 2353 3541 2428">
     <span class='ocr_line' id='line_1_53' title="bbox 1964 2353 3541 2428; baseline -0.008 -11"><span class='ocrx_word' id='word_1_429' title='bbox 1964 2363 2169 2417; x_wconf 86' lang='lat' dir='ltr'><strong>auditis</strong></span> <span class='ocrx_word' id='word_1_430' title='bbox 2207 2377 2273 2416; x_wconf 90' lang='lat' dir='ltr'><strong>eo</strong></span> <span class='ocrx_word' id='word_1_431' title='bbox 2301 2362 2441 2428; x_wconf 81' lang='lat' dir='ltr'><strong>quod</strong></span> <span class='ocrx_word' id='word_1_432' title='bbox 2491 2361 2666 2415; x_wconf 84' lang='lat' dir='ltr'><strong>stolas</strong></span> <span class='ocrx_word' id='word_1_433' title='bbox 2723 2361 2976 2412; x_wconf 75' lang='lat' dir='ltr'><strong>laverunt</strong></span> <span class='ocrx_word' id='word_1_434' title='bbox 3027 2371 3178 2418; x_wconf 88' lang='lat' dir='ltr'><strong>suas,</strong></span> <span class='ocrx_word' id='word_1_435' title='bbox 3207 2354 3407 2423; x_wconf 78' lang='lat' dir='ltr'><strong>inquit,</strong></span> <span class='ocrx_word' id='word_1_436' title='bbox 3436 2353 3541 2405; x_wconf 87' lang='lat' dir='ltr'><strong>hoc</strong></span> 
     </span>
    </p>
   </div>
   <div class='ocr_carea' id='block_1_54' title="bbox 1965 2443 3540 2524">
    <p class='ocr_par' dir='ltr' id='par_1_54' title="bbox 1965 2443 3540 2524">
     <span class='ocr_line' id='line_1_54' title="bbox 1965 2443 3540 2524; baseline -0.009 -12"><span class='ocrx_word' id='word_1_437' title='bbox 1965 2465 2050 2512; x_wconf 86' lang='lat' dir='ltr'><strong>est</strong></span> <span class='ocrx_word' id='word_1_438' title='bbox 2082 2470 2181 2509; x_wconf 92' lang='lat' dir='ltr'><strong>sua</strong></span> <span class='ocrx_word' id='word_1_439' title='bbox 2210 2469 2440 2524; x_wconf 84' lang='lat' dir='ltr'><strong>corpora</strong></span> <span class='ocrx_word' id='word_1_440' title='bbox 2503 2453 2755 2507; x_wconf 81' lang='lat' dir='ltr'><strong>laverunt</strong></span> <span class='ocrx_word' id='word_1_441' title='bbox 2786 2467 2814 2504; x_wconf 90' lang='lat' dir='ltr'><strong>a</strong></span> <span class='ocrx_word' id='word_1_442' title='bbox 2835 2447 3101 2520; x_wconf 83' lang='lat' dir='ltr'><strong>peccatis,</strong></span> <span class='ocrx_word' id='word_1_443' title='bbox 3124 2461 3300 2516; x_wconf 88' lang='lat' dir='ltr'><strong>eaque</strong></span> <span class='ocrx_word' id='word_1_444' title='bbox 3334 2447 3387 2500; x_wconf 93' lang='lat' dir='ltr'><strong>in</strong></span> <span class='ocrx_word' id='word_1_445' title='bbox 3419 2443 3540 2498; x_wconf 83' lang='lat' dir='ltr'><strong>Filii</strong></span> 
     </span>
    </p>
   </div>
   <div class='ocr_carea' id='block_1_55' title="bbox 1966 2537 3538 2617">
    <p class='ocr_par' dir='ltr' id='par_1_55' title="bbox 1966 2537 3538 2617">
     <span class='ocr_line' id='line_1_55' title="bbox 1966 2537 3538 2617; baseline -0.01 -13"><span class='ocrx_word' id='word_1_446' title='bbox 1966 2550 2058 2604; x_wconf 89' lang='lat' dir='ltr'><strong>Dei</strong></span> <span class='ocrx_word' id='word_1_447' title='bbox 2086 2547 2352 2617; x_wconf 82' lang='lat' dir='ltr'><strong>sanguine</strong></span> <span class='ocrx_word' id='word_1_448' title='bbox 2405 2548 2821 2611; x_wconf 85' lang='lat' dir='ltr'><strong>dealbaverunt,</strong></span> <span class='ocrx_word' id='word_1_449' title='bbox 2898 2544 3104 2598; x_wconf 90' lang='lat' dir='ltr'><strong>idcirco</strong></span> <span class='ocrx_word' id='word_1_450' title='bbox 3139 2549 3268 2594; x_wconf 91' lang='lat' dir='ltr'><strong>sunt</strong></span> <span class='ocrx_word' id='word_1_451' title='bbox 3299 2547 3424 2592; x_wconf 83' lang='lat' dir='ltr'><strong>ante</strong></span> <span class='ocrx_word' id='word_1_452' title='bbox 3446 2537 3538 2591; x_wconf 88' lang='lat' dir='ltr'><strong>Dei</strong></span> 
     </span>
    </p>
   </div>
   <div class='ocr_carea' id='block_1_56' title="bbox 1966 2627 3553 2706">
    <p class='ocr_par' dir='ltr' id='par_1_56' title="bbox 1966 2627 3553 2706">
     <span class='ocr_line' id='line_1_56' title="bbox 1966 2627 3553 2706; baseline -0.008 -10"><span class='ocrx_word' id='word_1_453' title='bbox 1966 2644 2250 2706; x_wconf 79' lang='lat' dir='ltr'><strong>thrmtum,</strong></span> <span class='ocrx_word' id='word_1_454' title='bbox 2275 2649 2329 2696; x_wconf 89' lang='lat' dir='ltr'><strong>et</strong></span> <span class='ocrx_word' id='word_1_455' title='bbox 2356 2640 2442 2696; x_wconf 90' lang='lat' dir='ltr'><strong>dle</strong></span> <span class='ocrx_word' id='word_1_456' title='bbox 2460 2649 2512 2694; x_wconf 92' lang='lat' dir='ltr'><strong>et</strong></span> <span class='ocrx_word' id='word_1_457' title='bbox 2549 2648 2709 2695; x_wconf 87' lang='lat' dir='ltr'><strong>nocte</strong></span> <span class='ocrx_word' id='word_1_458' title='bbox 2738 2636 3042 2693; x_wconf 85' lang='lat' dir='ltr'><strong>inserviunt</strong></span> <span class='ocrx_word' id='word_1_459' title='bbox 3067 2635 3150 2689; x_wconf 79' lang='lat' dir='ltr'><strong>ei?</strong></span> <span class='ocrx_word' id='word_1_460' title='bbox 3178 2633 3316 2700; x_wconf 85' lang='lat' dir='ltr'><strong>Quid</strong></span> <span class='ocrx_word' id='word_1_461' title='bbox 3342 2632 3424 2686; x_wconf 87' lang='lat' dir='ltr'><strong>his</strong></span> <span class='ocrx_word' id='word_1_462' title='bbox 3454 2627 3553 2684; x_wconf 51' lang='lat' dir='ltr'><strong>re?</strong></span> 
     </span>
    </p>
   </div>
   <div class='ocr_carea' id='block_1_57' title="bbox 1965 2724 3540 2806">
    <p class='ocr_par' dir='ltr' id='par_1_57' title="bbox 1965 2724 3540 2806">
     <span class='ocr_line' id='line_1_57' title="bbox 1965 2724 3540 2806; baseline -0.01 -17"><span class='ocrx_word' id='word_1_463' title='bbox 1965 2735 2238 2803; x_wconf 81' lang='lat' dir='ltr'><strong>spondere</strong></span> <span class='ocrx_word' id='word_1_464' title='bbox 2274 2731 2542 2802; x_wconf 88' lang='lat' dir='ltr'><strong>potestis?</strong></span> <span class='ocrx_word' id='word_1_465' title='bbox 2574 2729 2720 2783; x_wconf 82' lang='lat' dir='ltr'><strong>Nihil</strong></span> <span class='ocrx_word' id='word_1_466' title='bbox 2750 2728 3014 2806; x_wconf 77' lang='lat' dir='ltr'><strong>profecto.</strong></span> <span class='ocrx_word' id='word_1_467' title='bbox 3045 2724 3265 2780; x_wconf 85' lang='lat' dir='ltr'><strong>Credite</strong></span> <span class='ocrx_word' id='word_1_468' title='bbox 3295 2725 3540 2784; x_wconf 85' lang='lat' dir='ltr'><strong>tandem,</strong></span> 
     </span>
    </p>
   </div>
   <div class='ocr_carea' id='block_1_58' title="bbox 1965 2813 3543 2891">
    <p class='ocr_par' dir='ltr' id='par_1_58' title="bbox 1965 2813 3543 2891">
     <span class='ocr_line' id='line_1_58' title="bbox 1965 2813 3543 2891; baseline -0.014 -9"><span class='ocrx_word' id='word_1_469' title='bbox 1965 2825 2368 2888; x_wconf 87' lang='lat' dir='ltr'><strong>convertimini,</strong></span> <span class='ocrx_word' id='word_1_470' title='bbox 2425 2822 2749 2891; x_wconf 84' lang='lat' dir='ltr'><strong>resipiscite,</strong></span> <span class='ocrx_word' id='word_1_471' title='bbox 2794 2817 3081 2887; x_wconf 88' lang='lat' dir='ltr'><strong>resurgite,</strong></span> <span class='ocrx_word' id='word_1_472' title='bbox 3107 2813 3324 2870; x_wconf 85' lang='lat' dir='ltr'><strong>veritati</strong></span> <span class='ocrx_word' id='word_1_473' title='bbox 3347 2825 3543 2880; x_wconf 85' lang='lat' dir='ltr'><strong>quem-</strong></span> 
     </span>
    </p>
   </div>
   <div class='ocr_carea' id='block_1_59' title="bbox 1965 2907 3542 2983">
    <p class='ocr_par' dir='ltr' id='par_1_59' title="bbox 1965 2907 3542 2983">
     <span class='ocr_line' id='line_1_59' title="bbox 1965 2907 3542 2983; baseline -0.013 -9"><span class='ocrx_word' id='word_1_474' title='bbox 1965 2919 2256 2974; x_wconf 80' lang='lat' dir='ltr'><strong>admodum</strong></span> <span class='ocrx_word' id='word_1_475' title='bbox 2316 2925 2368 2971; x_wconf 87' lang='lat' dir='ltr'><strong>et</strong></span> <span class='ocrx_word' id='word_1_476' title='bbox 2419 2931 2520 2970; x_wconf 88' lang='lat' dir='ltr'><strong>nos</strong></span> <span class='ocrx_word' id='word_1_477' title='bbox 2577 2913 2934 2983; x_wconf 77' lang='lat' dir='ltr'><strong>subjicimini,</strong></span> <span class='ocrx_word' id='word_1_478' title='bbox 2978 2922 3157 2978; x_wconf 80' lang='lat' dir='ltr'><strong>neque</strong></span> <span class='ocrx_word' id='word_1_479' title='bbox 3216 2907 3292 2959; x_wconf 90' lang='lat' dir='ltr'><strong>ita</strong></span> <span class='ocrx_word' id='word_1_480' title='bbox 3352 2911 3542 2971; x_wconf 84' lang='lat' dir='ltr'><strong>aperte</strong></span> 
     </span>
    </p>
   </div>
   <div class='ocr_carea' id='block_1_60' title="bbox 1975 2995 3541 3071">
    <p class='ocr_par' dir='ltr' id='par_1_60' title="bbox 1975 2995 3541 3071">
     <span class='ocr_line' id='line_1_60' title="bbox 1975 2995 3541 3071; baseline -0.01 -10"><span class='ocrx_word' id='word_1_481' title='bbox 1975 3008 2233 3064; x_wconf 78' lang='lat' dir='ltr'><strong>Ecclesiae</strong></span> <span class='ocrx_word' id='word_1_482' title='bbox 2312 3007 2630 3062; x_wconf 83' lang='lat' dir='ltr'><strong>doctoribus</strong></span> <span class='ocrx_word' id='word_1_483' title='bbox 2657 3004 3051 3066; x_wconf 84' lang='lat' dir='ltr'><strong>contradicere,</strong></span> <span class='ocrx_word' id='word_1_484' title='bbox 3081 3014 3257 3071; x_wconf 87' lang='lat' dir='ltr'><strong>neque</strong></span> <span class='ocrx_word' id='word_1_485' title='bbox 3304 2996 3356 3050; x_wconf 82' lang='lat' dir='ltr'><strong>in</strong></span> <span class='ocrx_word' id='word_1_486' title='bbox 3399 2995 3541 3048; x_wconf 84' lang='lat' dir='ltr'><strong>veri-</strong></span> 
     </span>
    </p>
   </div>
   <div class='ocr_carea' id='block_1_61' title="bbox 1969 3093 3550 3168">
    <p class='ocr_par' dir='ltr' id='par_1_61' title="bbox 1969 3093 3550 3168">
     <span class='ocr_line' id='line_1_61' title="bbox 1969 3093 3550 3168; baseline -0.01 -14"><span class='ocrx_word' id='word_1_487' title='bbox 1969 3109 2134 3154; x_wconf 86' lang='lat' dir='ltr'><strong>tatem</strong></span> <span class='ocrx_word' id='word_1_488' title='bbox 2157 3099 2456 3168; x_wconf 77' lang='lat' dir='ltr'><strong>impingere</strong></span> <span class='ocrx_word' id='word_1_489' title='bbox 2481 3097 2690 3160; x_wconf 87' lang='lat' dir='ltr'><strong>velitis;</strong></span> <span class='ocrx_word' id='word_1_490' title='bbox 2732 3109 2830 3149; x_wconf 89' lang='lat' dir='ltr'><strong>nos</strong></span> <span class='ocrx_word' id='word_1_491' title='bbox 2861 3093 3007 3147; x_wconf 90' lang='lat' dir='ltr'><strong>enim</strong></span> <span class='ocrx_word' id='word_1_492' title='bbox 3041 3106 3168 3143; x_wconf 89' lang='lat' dir='ltr'><strong>cum</strong></span> <span class='ocrx_word' id='word_1_493' title='bbox 3205 3097 3427 3142; x_wconf 87' lang='lat' dir='ltr'><strong>sanctos</strong></span> <span class='ocrx_word' id='word_1_494' title='bbox 3456 3100 3550 3139; x_wconf 81' lang='lat' dir='ltr'><strong>as-</strong></span> 
     </span>
    </p>
   </div>
   <div class='ocr_carea' id='block_1_62' title="bbox 282 3172 1866 3264">
    <p class='ocr_par' dir='ltr' id='par_1_62' title="bbox 282 3172 1862 3259">
     <span class='ocr_line' id='line_1_62' title="bbox 282 3172 1862 3259; baseline 0.015 -40"><span class='ocrx_word' id='word_1_495' title='bbox 282 3172 448 3222; x_wconf 85' lang='grc' dir='ltr'>τοῦτο</span> <span class='ocrx_word' id='word_1_496' title='bbox 473 3172 626 3240; x_wconf 78' lang='grc' dir='ltr'>ἔχετε</span> <span class='ocrx_word' id='word_1_497' title='bbox 651 3179 828 3230; x_wconf 88' lang='grc' dir='ltr'>είπεῖν</span> <span class='ocrx_word' id='word_1_498' title='bbox 853 3196 868 3244; x_wconf 89' lang='grc'>;</span> <span class='ocrx_word' id='word_1_499' title='bbox 905 3182 1109 3245; x_wconf 80' lang='grc' dir='ltr'>Ὄντως</span> <span class='ocrx_word' id='word_1_500' title='bbox 1135 3184 1304 3238; x_wconf 78' lang='grc' dir='ltr'>οὐδέν.</span> <span class='ocrx_word' id='word_1_501' title='bbox 1341 3187 1545 3241; x_wconf 80' lang='grc' dir='ltr'>Λοιπὸν</span> <span class='ocrx_word' id='word_1_502' title='bbox 1571 3190 1826 3259; x_wconf 75' lang='grc' dir='ltr'>πείσθητε</span> <span class='ocrx_word' id='word_1_503' title='bbox 1850 3208 1862 3223; x_wconf 80' lang='grc' dir='ltr'><strong><em>ο</em></strong></span> 
     </span>
    </p>
   </div>
   <div class='ocr_carea' id='block_1_63' title="bbox 1969 3172 3544 3264">
    <p class='ocr_par' dir='ltr' id='par_1_63' title="bbox 1973 3174 3544 3254">
     <span class='ocr_line' id='line_1_63' title="bbox 1973 3174 3544 3254; baseline -0.011 -8"><span class='ocrx_word' id='word_1_504' title='bbox 1973 3191 2166 3247; x_wconf 69' lang='lat' dir='ltr'><strong>sistere</strong></span> <span class='ocrx_word' id='word_1_505' title='bbox 2203 3191 2311 3244; x_wconf 89' lang='lat' dir='ltr'><strong>Deo</strong></span> <span class='ocrx_word' id='word_1_506' title='bbox 2338 3189 2572 3244; x_wconf 90' lang='lat' dir='ltr'><strong>dicimus</strong></span> <span class='ocrx_word' id='word_1_507' title='bbox 2603 3201 2839 3254; x_wconf 84' lang='lat' dir='ltr'><strong>eumque</strong></span> <span class='ocrx_word' id='word_1_508' title='bbox 2859 3199 2991 3254; x_wconf 91' lang='lat' dir='ltr'><strong>pure</strong></span> <span class='ocrx_word' id='word_1_509' title='bbox 3024 3183 3316 3251; x_wconf 85' lang='lat' dir='ltr'><strong>inspicere,</strong></span> <span class='ocrx_word' id='word_1_510' title='bbox 3338 3174 3544 3246; x_wconf 80' lang='lat' dir='ltr'><strong>perfrui</strong></span> 
     </span>
    </p>
   </div>
   <div class='ocr_carea' id='block_1_64' title="bbox 283 3264 1859 3351">
    <p class='ocr_par' dir='ltr' id='par_1_64' title="bbox 283 3264 1859 3351">
     <span class='ocr_line' id='line_1_64' title="bbox 283 3264 1859 3351; baseline 0.013 -37"><span class='ocrx_word' id='word_1_511' title='bbox 283 3264 698 3338; x_wconf 72' lang='grc' dir='ltr'>ἐπιστράφητεο</span> <span class='ocrx_word' id='word_1_512' title='bbox 734 3272 1008 3343; x_wconf 71' lang='grc' dir='ltr'>ἐκνήψατε</span> <span class='ocrx_word' id='word_1_513' title='bbox 1028 3287 1043 3305; x_wconf 82' lang='lat'>&#39;</span> <span class='ocrx_word' id='word_1_514' title='bbox 1077 3275 1348 3348; x_wconf 76' lang='grc' dir='ltr'>ἀνάστητε</span> <span class='ocrx_word' id='word_1_515' title='bbox 1379 3295 1392 3309; x_wconf 78' lang='grc' dir='ltr'><strong>ο</strong></span> <span class='ocrx_word' id='word_1_516' title='bbox 1448 3279 1761 3350; x_wconf 79' lang='grc' dir='ltr'>ὑποτάγητε</span> <span class='ocrx_word' id='word_1_517' title='bbox 1791 3285 1859 3351; x_wconf 84' lang='grc' dir='ltr'>τῇ</span> 
     </span>
    </p>
   </div>
   <div class='ocr_carea' id='block_1_65' title="bbox 286 3355 1866 3443">
    <p class='ocr_par' dir='ltr' id='par_1_65' title="bbox 286 3355 1866 3443">
     <span class='ocr_line' id='line_1_65' title="bbox 286 3355 1866 3443; baseline 0.013 -35"><span class='ocrx_word' id='word_1_518' title='bbox 286 3355 524 3431; x_wconf 79' lang='grc' dir='ltr'>ἀληθείᾳ</span> <span class='ocrx_word' id='word_1_519' title='bbox 571 3361 646 3426; x_wconf 87' lang='grc' dir='ltr'><strong>ὡς</strong></span> <span class='ocrx_word' id='word_1_520' title='bbox 683 3365 776 3417; x_wconf 73' lang='grc' dir='ltr'>καὶ</span> <span class='ocrx_word' id='word_1_521' title='bbox 831 3367 989 3437; x_wconf 74' lang='grc' dir='ltr'>ἡμεῖς</span> <span class='ocrx_word' id='word_1_522' title='bbox 1017 3385 1029 3399; x_wconf 81' lang='grc'><em>’</em></span> <span class='ocrx_word' id='word_1_523' title='bbox 1069 3371 1161 3424; x_wconf 75' lang='grc' dir='ltr'><strong>καὶ</strong></span> <span class='ocrx_word' id='word_1_524' title='bbox 1210 3369 1286 3440; x_wconf 80' lang='grc' dir='ltr'>μὴ</span> <span class='ocrx_word' id='word_1_525' title='bbox 1335 3371 1520 3426; x_wconf 76' lang='grc' dir='ltr'>θέλετε</span> <span class='ocrx_word' id='word_1_526' title='bbox 1572 3375 1866 3443; x_wconf 80' lang='grc' dir='ltr'>προφανῶς</span> 
     </span>
    </p>
   </div>
   <div class='ocr_carea' id='block_1_66' title="bbox 283 3447 1868 3536">
    <p class='ocr_par' dir='ltr' id='par_1_66' title="bbox 283 3447 1868 3536">
     <span class='ocr_line' id='line_1_66' title="bbox 283 3447 1868 3536; baseline 0.013 -35"><span class='ocrx_word' id='word_1_527' title='bbox 283 3447 435 3504; x_wconf 71' lang='grc' dir='ltr'>οὕτω</span> <span class='ocrx_word' id='word_1_528' title='bbox 461 3453 763 3527; x_wconf 74' lang='grc' dir='ltr'>διαρρήδην</span> <span class='ocrx_word' id='word_1_529' title='bbox 786 3460 1089 3528; x_wconf 83' lang='grc' dir='ltr'>ἀντιλέγειν</span> <span class='ocrx_word' id='word_1_530' title='bbox 1121 3467 1230 3528; x_wconf 89' lang='grc' dir='ltr'>τοῖς</span> <span class='ocrx_word' id='word_1_531' title='bbox 1250 3465 1592 3528; x_wconf 78' lang='grc' dir='ltr'>διδασκάλοις</span> <span class='ocrx_word' id='word_1_532' title='bbox 1616 3467 1714 3536; x_wconf 84' lang='grc' dir='ltr'><strong>τῆς</strong></span> <span class='ocrx_word' id='word_1_533' title='bbox 1748 3468 1868 3520; x_wconf 83' lang='grc' dir='ltr'><strong>Ἐκ-</strong></span> 
     </span>
    </p>
   </div>
   <div class='ocr_carea' id='block_1_67' title="bbox 284 3542 1866 3631">
    <p class='ocr_par' dir='ltr' id='par_1_67' title="bbox 284 3542 1866 3631">
     <span class='ocr_line' id='line_1_67' title="bbox 284 3542 1866 3631; baseline 0.011 -35"><span class='ocrx_word' id='word_1_534' title='bbox 284 3542 542 3612; x_wconf 74' lang='grc' dir='ltr'>κλησίας,</span> <span class='ocrx_word' id='word_1_535' title='bbox 576 3549 670 3602; x_wconf 73' lang='grc' dir='ltr'>καὶ</span> <span class='ocrx_word' id='word_1_536' title='bbox 714 3555 1083 3620; x_wconf 78' lang='grc' dir='ltr'>προσκόπτειν</span> <span class='ocrx_word' id='word_1_537' title='bbox 1114 3557 1180 3626; x_wconf 70' lang='grc' dir='ltr'>τῇ</span> <span class='ocrx_word' id='word_1_538' title='bbox 1239 3556 1486 3628; x_wconf 77' lang='grc' dir='ltr'>ἀληθείᾳ.</span> <span class='ocrx_word' id='word_1_539' title='bbox 1536 3557 1726 3628; x_wconf 81' lang='grc' dir='ltr'>Ἡμεῖς</span> <span class='ocrx_word' id='word_1_540' title='bbox 1759 3561 1866 3631; x_wconf 80' lang='grc' dir='ltr'><strong>γὰρ</strong></span> 
     </span>
    </p>
   </div>
   <div class='ocr_carea' id='block_1_68' title="bbox 286 3633 1870 3720">
    <p class='ocr_par' dir='ltr' id='par_1_68' title="bbox 286 3633 1870 3720">
     <span class='ocr_line' id='line_1_68' title="bbox 286 3633 1870 3720; baseline 0.013 -36"><span class='ocrx_word' id='word_1_541' title='bbox 286 3633 547 3700; x_wconf 82' lang='grc' dir='ltr'>λέγοντες</span> <span class='ocrx_word' id='word_1_542' title='bbox 588 3640 712 3703; x_wconf 86' lang='grc' dir='ltr'>τοὺς</span> <span class='ocrx_word' id='word_1_543' title='bbox 741 3642 933 3710; x_wconf 85' lang='grc' dir='ltr'>ἁγίους</span> <span class='ocrx_word' id='word_1_544' title='bbox 964 3645 1332 3716; x_wconf 81' lang='grc' dir='ltr'>παρίστασθαι</span> <span class='ocrx_word' id='word_1_545' title='bbox 1363 3649 1440 3718; x_wconf 85' lang='grc' dir='ltr'><strong>τῷ</strong></span> <span class='ocrx_word' id='word_1_546' title='bbox 1471 3651 1610 3720; x_wconf 80' lang='grc' dir='ltr'>θεῷ,</span> <span class='ocrx_word' id='word_1_547' title='bbox 1647 3655 1740 3704; x_wconf 72' lang='grc' dir='ltr'>καὶ</span> <span class='ocrx_word' id='word_1_548' title='bbox 1771 3669 1870 3704; x_wconf 85' lang='grc' dir='ltr'>κα-</span> 
     </span>
    </p>
   </div>
   <div class='ocr_carea' id='block_1_69' title="bbox 289 3727 1867 3812">
    <p class='ocr_par' dir='ltr' id='par_1_69' title="bbox 289 3727 1867 3812">
     <span class='ocr_line' id='line_1_69' title="bbox 289 3727 1867 3812; baseline 0.011 -33"><span class='ocrx_word' id='word_1_549' title='bbox 289 3727 478 3796; x_wconf 83' lang='grc' dir='ltr'>θαρῶς</span> <span class='ocrx_word' id='word_1_550' title='bbox 504 3733 665 3785; x_wconf 70' lang='grc' dir='ltr'>αὐτὸν</span> <span class='ocrx_word' id='word_1_551' title='bbox 694 3732 942 3805; x_wconf 86' lang='grc' dir='ltr'>θεωρεῖν,</span> <span class='ocrx_word' id='word_1_552' title='bbox 968 3738 1376 3808; x_wconf 83' lang='grc' dir='ltr'>ἀπολαμϐάνειν</span> <span class='ocrx_word' id='word_1_553' title='bbox 1401 3741 1654 3812; x_wconf 83' lang='grc' dir='ltr'>λέγομεν,</span> <span class='ocrx_word' id='word_1_554' title='bbox 1685 3744 1777 3796; x_wconf 68' lang='grc' dir='ltr'><strong>καὶ</strong></span> <span class='ocrx_word' id='word_1_555' title='bbox 1805 3745 1867 3797; x_wconf 83' lang='grc' dir='ltr'>οὐ</span> 
     </span>
    </p>
   </div>
   <div class='ocr_carea' id='block_1_70' title="bbox 289 3819 1870 3903">
    <p class='ocr_par' dir='ltr' id='par_1_70' title="bbox 289 3819 1870 3903">
     <span class='ocr_line' id='line_1_70' title="bbox 289 3819 1870 3903; baseline 0.01 -27"><span class='ocrx_word' id='word_1_556' title='bbox 289 3821 526 3892; x_wconf 82' lang='grc' dir='ltr'>νοοῦμεν</span> <span class='ocrx_word' id='word_1_557' title='bbox 558 3826 687 3880; x_wconf 80' lang='grc' dir='ltr'>ἄλλο</span> <span class='ocrx_word' id='word_1_558' title='bbox 712 3824 852 3881; x_wconf 73' lang='grc' dir='ltr'>εἶναι</span> <span class='ocrx_word' id='word_1_559' title='bbox 894 3831 994 3899; x_wconf 74' lang='grc' dir='ltr'>τὴν</span> <span class='ocrx_word' id='word_1_560' title='bbox 1025 3831 1161 3900; x_wconf 81' lang='grc' dir='ltr'>πρὸς</span> <span class='ocrx_word' id='word_1_561' title='bbox 1209 3834 1502 3903; x_wconf 86' lang='grc' dir='ltr'>πρόσωπον</span> <span class='ocrx_word' id='word_1_562' title='bbox 1535 3819 1701 3890; x_wconf 83' lang='grc' dir='ltr'>αὐτοῦ</span> <span class='ocrx_word' id='word_1_563' title='bbox 1736 3837 1870 3892; x_wconf 73' lang='lat' dir='ltr'><strong>Otto-</strong></span> 
     </span>
    </p>
   </div>
   <div class='ocr_carea' id='block_1_71' title="bbox 291 3915 1869 3992">
    <p class='ocr_par' dir='ltr' id='par_1_71' title="bbox 291 3915 1869 3992">
     <span class='ocr_line' id='line_1_71' title="bbox 291 3915 1869 3992; baseline 0.012 -27"><span class='ocrx_word' id='word_1_564' title='bbox 291 3915 440 3985; x_wconf 88' lang='grc' dir='ltr'>ρίαν,</span> <span class='ocrx_word' id='word_1_565' title='bbox 474 3919 566 3970; x_wconf 86' lang='grc' dir='ltr'>καὶ</span> <span class='ocrx_word' id='word_1_566' title='bbox 613 3919 744 3974; x_wconf 86' lang='grc' dir='ltr'>ἀλλο</span> <span class='ocrx_word' id='word_1_567' title='bbox 771 3920 870 3992; x_wconf 82' lang='grc' dir='ltr'>τὴν</span> <span class='ocrx_word' id='word_1_568' title='bbox 912 3923 1237 3981; x_wconf 87' lang='grc' dir='ltr'>ἀπόλαυσιν.</span> <span class='ocrx_word' id='word_1_569' title='bbox 1283 3927 1345 3979; x_wconf 85' lang='grc' dir='ltr'>Εί</span> <span class='ocrx_word' id='word_1_570' title='bbox 1376 3927 1432 3980; x_wconf 78' lang='grc' dir='ltr'>δὲ</span> <span class='ocrx_word' id='word_1_571' title='bbox 1478 3927 1709 3984; x_wconf 77' lang='grc' dir='ltr'>δύνασθε</span> <span class='ocrx_word' id='word_1_572' title='bbox 1742 3930 1869 3984; x_wconf 84' lang='grc' dir='ltr'><strong>τοὺ-</strong></span> 
     </span>
    </p>
   </div>
   <div class='ocr_carea' id='block_1_72' title="bbox 289 4010 1871 4092">
    <p class='ocr_par' dir='ltr' id='par_1_72' title="bbox 289 4010 1871 4092">
     <span class='ocr_line' id='line_1_72' title="bbox 289 4010 1871 4092; baseline 0.009 -32"><span class='ocrx_word' id='word_1_573' title='bbox 289 4010 504 4061; x_wconf 79' lang='grc' dir='ltr'>νσντίον</span> <span class='ocrx_word' id='word_1_574' title='bbox 540 4013 752 4076; x_wconf 83' lang='grc' dir='ltr'>τούτοις</span> <span class='ocrx_word' id='word_1_575' title='bbox 796 4016 932 4086; x_wconf 79' lang='grc' dir='ltr'>ἡμῖν</span> <span class='ocrx_word' id='word_1_576' title='bbox 961 4017 1264 4083; x_wconf 79' lang='grc' dir='ltr'>ἐπιδεῖξαι·</span> <span class='ocrx_word' id='word_1_577' title='bbox 1313 4020 1394 4072; x_wconf 83' lang='grc' dir='ltr'>ὅτι</span> <span class='ocrx_word' id='word_1_578' title='bbox 1431 4020 1482 4072; x_wconf 76' lang='grc' dir='ltr'>οἱ</span> <span class='ocrx_word' id='word_1_579' title='bbox 1513 4019 1658 4088; x_wconf 78' lang='grc' dir='ltr'>ἀγιοι</span> <span class='ocrx_word' id='word_1_580' title='bbox 1703 4039 1871 4092; x_wconf 85' lang='grc' dir='ltr'>παρι-</span> 
     </span>
    </p>
   </div>
   <div class='ocr_carea' id='block_1_73' title="bbox 291 4099 1871 4184">
    <p class='ocr_par' dir='ltr' id='par_1_73' title="bbox 291 4099 1871 4184">
     <span class='ocr_line' id='line_1_73' title="bbox 291 4099 1871 4184; baseline 0.013 -34"><span class='ocrx_word' id='word_1_581' title='bbox 291 4099 554 4169; x_wconf 63' lang='grc' dir='ltr'>στάμενοι</span> <span class='ocrx_word' id='word_1_582' title='bbox 585 4106 651 4174; x_wconf 84' lang='grc' dir='ltr'><strong>τῇ</strong></span> <span class='ocrx_word' id='word_1_583' title='bbox 690 4104 905 4174; x_wconf 81' lang='grc' dir='ltr'>Τριάδι,</span> <span class='ocrx_word' id='word_1_584' title='bbox 935 4111 1028 4161; x_wconf 80' lang='grc' dir='ltr'>καὶ</span> <span class='ocrx_word' id='word_1_585' title='bbox 1063 4109 1162 4180; x_wconf 85' lang='grc' dir='ltr'>τῆς</span> <span class='ocrx_word' id='word_1_586' title='bbox 1200 4110 1336 4180; x_wconf 74' lang='grc' dir='ltr'>πρὸς</span> <span class='ocrx_word' id='word_1_587' title='bbox 1372 4113 1665 4182; x_wconf 88' lang='grc' dir='ltr'>πρόσωπον</span> <span class='ocrx_word' id='word_1_588' title='bbox 1701 4114 1871 4184; x_wconf 84' lang='grc' dir='ltr'>αὐτῆς</span> 
     </span>
    </p>
   </div>
   <div class='ocr_carea' id='block_1_74' title="bbox 290 4190 1872 4270">
    <p class='ocr_par' dir='ltr' id='par_1_74' title="bbox 290 4190 1872 4270">
     <span class='ocr_line' id='line_1_74' title="bbox 290 4190 1872 4270; baseline 0.011 -27"><span class='ocrx_word' id='word_1_589' title='bbox 290 4190 528 4259; x_wconf 80' lang='grc' dir='ltr'>θεωρίας</span> <span class='ocrx_word' id='word_1_590' title='bbox 554 4195 883 4264; x_wconf 79' lang='grc' dir='ltr'>ἀξιούμενοι,</span> <span class='ocrx_word' id='word_1_591' title='bbox 913 4200 1015 4254; x_wconf 78' lang='grc' dir='ltr'>οὐκ</span> <span class='ocrx_word' id='word_1_592' title='bbox 1055 4203 1421 4258; x_wconf 85' lang='grc' dir='ltr'>ἀπολαύουσιν</span> <span class='ocrx_word' id='word_1_593' title='bbox 1449 4205 1551 4270; x_wconf 73' lang='grc' dir='ltr'>ἔτι,</span> <span class='ocrx_word' id='word_1_594' title='bbox 1579 4206 1695 4260; x_wconf 87' lang='grc' dir='ltr'>ἀλλ’</span> <span class='ocrx_word' id='word_1_595' title='bbox 1725 4207 1872 4260; x_wconf 69' lang='grc' dir='ltr'>ἐκδέ-</span> 
     </span>
    </p>
   </div>
   <div class='ocr_carea' id='block_1_75' title="bbox 290 4288 1868 4365">
    <p class='ocr_par' dir='ltr' id='par_1_75' title="bbox 290 4288 1868 4365">
     <span class='ocr_line' id='line_1_75' title="bbox 290 4288 1868 4365; baseline 0.013 -33"><span class='ocrx_word' id='word_1_596' title='bbox 290 4298 481 4352; x_wconf 85' lang='grc' dir='ltr'>χονται</span> <span class='ocrx_word' id='word_1_597' title='bbox 515 4288 739 4355; x_wconf 77' lang='grc' dir='ltr'>μείζονα</span> <span class='ocrx_word' id='word_1_598' title='bbox 777 4290 1080 4345; x_wconf 75' lang='grc' dir='ltr'>ἀπόλαυσιν</span> <span class='ocrx_word' id='word_1_599' title='bbox 1116 4297 1213 4365; x_wconf 77' lang='grc' dir='ltr'>τῆς</span> <span class='ocrx_word' id='word_1_600' title='bbox 1241 4296 1408 4350; x_wconf 82' lang='grc' dir='ltr'>αὐτοῦ</span> <span class='ocrx_word' id='word_1_601' title='bbox 1437 4297 1531 4351; x_wconf 91' lang='grc' dir='ltr'><strong>τοῦ</strong></span> <span class='ocrx_word' id='word_1_602' title='bbox 1564 4297 1701 4351; x_wconf 80' lang='grc' dir='ltr'>Θεοῦ</span> <span class='ocrx_word' id='word_1_603' title='bbox 1737 4303 1868 4353; x_wconf 82' lang='grc' dir='ltr'>θεω-</span> 
     </span>
    </p>
   </div>
   <div class='ocr_carea' id='block_1_76' title="bbox 293 4376 1866 4462">
    <p class='ocr_par' dir='ltr' id='par_1_76' title="bbox 293 4376 1866 4462">
     <span class='ocr_line' id='line_1_76' title="bbox 293 4376 1866 4462; baseline 0.013 -36"><span class='ocrx_word' id='word_1_604' title='bbox 293 4376 445 4443; x_wconf 85' lang='grc' dir='ltr'>ρίας,</span> <span class='ocrx_word' id='word_1_605' title='bbox 504 4379 827 4447; x_wconf 79' lang='grc' dir='ltr'>ἀποδείξατε</span> <span class='ocrx_word' id='word_1_606' title='bbox 879 4384 972 4438; x_wconf 79' lang='grc' dir='ltr'><strong>καὶ</strong></span> <span class='ocrx_word' id='word_1_607' title='bbox 1004 4385 1180 4452; x_wconf 77' lang='grc' dir='ltr'>αὐτοὶ,</span> <span class='ocrx_word' id='word_1_608' title='bbox 1229 4388 1324 4441; x_wconf 76' lang='grc' dir='ltr'>καὶ</span> <span class='ocrx_word' id='word_1_609' title='bbox 1354 4389 1516 4459; x_wconf 75' lang='grc' dir='ltr'>ἡμεῖς</span> <span class='ocrx_word' id='word_1_610' title='bbox 1548 4393 1866 4462; x_wconf 83' lang='grc' dir='ltr'>σιγήσομεν.</span> 
     </span>
    </p>
   </div>
   <div class='ocr_carea' id='block_1_77' title="bbox 304 4463 1871 4552">
    <p class='ocr_par' dir='ltr' id='par_1_77' title="bbox 304 4463 1871 4552">
     <span class='ocr_line' id='line_1_77' title="bbox 304 4463 1871 4552; baseline 0.014 -37"><span class='ocrx_word' id='word_1_611' title='bbox 304 4463 450 4515; x_wconf 79' lang='grc' dir='ltr'>Ἀλλ’</span> <span class='ocrx_word' id='word_1_612' title='bbox 473 4465 572 4521; x_wconf 81' lang='grc' dir='ltr'>οὒκ</span> <span class='ocrx_word' id='word_1_613' title='bbox 601 4469 751 4538; x_wconf 72' lang='grc' dir='ltr'>ἔχετέ</span> <span class='ocrx_word' id='word_1_614' title='bbox 783 4488 835 4524; x_wconf 88' lang='grc' dir='ltr'><strong>τι</strong></span> <span class='ocrx_word' id='word_1_615' title='bbox 873 4471 1038 4526; x_wconf 78' lang='grc' dir='ltr'>πλέον</span> <span class='ocrx_word' id='word_1_616' title='bbox 1064 4473 1256 4540; x_wconf 76' lang='grc' dir='ltr'>δεῖξαι,</span> <span class='ocrx_word' id='word_1_617' title='bbox 1299 4478 1348 4530; x_wconf 84' lang='grc' dir='ltr'><strong>εί</strong></span> <span class='ocrx_word' id='word_1_618' title='bbox 1383 4477 1459 4547; x_wconf 78' lang='grc' dir='ltr'>μὴ</span> <span class='ocrx_word' id='word_1_619' title='bbox 1503 4479 1603 4548; x_wconf 73' lang='grc' dir='ltr'>τὴν</span> <span class='ocrx_word' id='word_1_620' title='bbox 1633 4480 1871 4552; x_wconf 89' lang='grc' dir='ltr'>θεωρίαν</span> 
     </span>
    </p>
   </div>
   <div class='ocr_carea' id='block_1_78' title="bbox 287 4552 1950 4634">
    <p class='ocr_par' dir='ltr' id='par_1_78' title="bbox 287 4552 1950 4634">
     <span class='ocr_line' id='line_1_78' title="bbox 287 4552 1950 4634; baseline 0.013 -26"><span class='ocrx_word' id='word_1_621' title='bbox 287 4555 501 4630; x_wconf 82' lang='grc' dir='ltr'>ταύτην</span> <span class='ocrx_word' id='word_1_622' title='bbox 529 4559 628 4630; x_wconf 79' lang='grc' dir='ltr'><strong>τὴν</strong></span> <span class='ocrx_word' id='word_1_623' title='bbox 675 4563 812 4631; x_wconf 78' lang='grc' dir='ltr'>πρὸς</span> <span class='ocrx_word' id='word_1_624' title='bbox 856 4566 1150 4634; x_wconf 85' lang='grc' dir='ltr'>πρόσωπον</span> <span class='ocrx_word' id='word_1_625' title='bbox 1192 4566 1286 4622; x_wconf 88' lang='grc' dir='ltr'><strong>τοῦ</strong></span> <span class='ocrx_word' id='word_1_626' title='bbox 1321 4568 1480 4626; x_wconf 83' lang='grc' dir='ltr'>Θεοῦ.</span> <span class='ocrx_word' id='word_1_627' title='bbox 1517 4573 1590 4625; x_wconf 78' lang='grc' dir='ltr'><strong>ἸΙ</strong></span> <span class='ocrx_word' id='word_1_628' title='bbox 1619 4573 1722 4627; x_wconf 85' lang='grc' dir='ltr'>οὐκ</span> <span class='ocrx_word' id='word_1_629' title='bbox 1749 4575 1871 4629; x_wconf 73' lang='grc' dir='ltr'>ἐπί·</span> <span class='ocrx_word' id='word_1_630' title='bbox 1906 4552 1950 4608; x_wconf 73' lang='lat' dir='ltr'><strong>D</strong></span> 
     </span>
    </p>
   </div>
   <div class='ocr_carea' id='block_1_79' title="bbox 291 4650 1876 4737">
    <p class='ocr_par' dir='ltr' id='par_1_79' title="bbox 291 4650 1876 4737">
     <span class='ocr_line' id='line_1_79' title="bbox 291 4650 1876 4737; baseline 0.014 -38"><span class='ocrx_word' id='word_1_631' title='bbox 291 4650 500 4703; x_wconf 85' lang='grc' dir='ltr'>στασθε</span> <span class='ocrx_word' id='word_1_632' title='bbox 544 4653 624 4705; x_wconf 84' lang='grc' dir='ltr'>ὅτι</span> <span class='ocrx_word' id='word_1_633' title='bbox 679 4656 1044 4726; x_wconf 71' lang='grc' dir='ltr'>παροργίζετε</span> <span class='ocrx_word' id='word_1_634' title='bbox 1084 4659 1210 4722; x_wconf 86' lang='grc' dir='ltr'>τοὺς</span> <span class='ocrx_word' id='word_1_635' title='bbox 1251 4661 1464 4730; x_wconf 77' lang='grc' dir='ltr'>ἁγίους,</span> <span class='ocrx_word' id='word_1_636' title='bbox 1499 4665 1589 4716; x_wconf 77' lang='grc' dir='ltr'>καὶ</span> <span class='ocrx_word' id='word_1_637' title='bbox 1632 4664 1876 4737; x_wconf 79' lang='grc' dir='ltr'>βλασφη-</span> 
     </span>
    </p>
   </div>
   <div class='ocr_carea' id='block_1_80' title="bbox 293 4741 1874 4824">
    <p class='ocr_par' dir='ltr' id='par_1_80' title="bbox 293 4741 1874 4824">
     <span class='ocr_line' id='line_1_80' title="bbox 293 4741 1874 4824; baseline 0.013 -31"><span class='ocrx_word' id='word_1_638' title='bbox 293 4741 449 4806; x_wconf 82' lang='grc' dir='ltr'>μεῖτε</span> <span class='ocrx_word' id='word_1_639' title='bbox 485 4743 567 4806; x_wconf 83' lang='grc' dir='ltr'><strong>είς</strong></span> <span class='ocrx_word' id='word_1_640' title='bbox 617 4745 836 4813; x_wconf 77' lang='grc' dir='ltr'>αὐτοὺς,</span> <span class='ocrx_word' id='word_1_641' title='bbox 880 4750 941 4802; x_wconf 78' lang='grc' dir='ltr'>ἐν</span> <span class='ocrx_word' id='word_1_642' title='bbox 969 4749 1050 4819; x_wconf 84' lang='grc' dir='ltr'><strong>τῷ</strong></span> <span class='ocrx_word' id='word_1_643' title='bbox 1079 4751 1260 4821; x_wconf 84' lang='grc' dir='ltr'>λέγειν</span> <span class='ocrx_word' id='word_1_644' title='bbox 1306 4755 1451 4824; x_wconf 71' lang='grc' dir='ltr'>ὑμᾶς</span> <span class='ocrx_word' id='word_1_645' title='bbox 1494 4756 1577 4810; x_wconf 84' lang='grc' dir='ltr'><strong>ὄτι</strong></span> <span class='ocrx_word' id='word_1_646' title='bbox 1605 4758 1705 4810; x_wconf 75' lang='grc' dir='ltr'>οὐκ</span> <span class='ocrx_word' id='word_1_647' title='bbox 1732 4758 1874 4812; x_wconf 71' lang='grc' dir='ltr'>εἰσιν</span> 
     </span>
    </p>
   </div>
   <div class='ocr_carea' id='block_1_81' title="bbox 287 4831 1875 4920">
    <p class='ocr_par' dir='ltr' id='par_1_81' title="bbox 287 4831 1875 4920">
     <span class='ocr_line' id='line_1_81' title="bbox 287 4831 1875 4920; baseline 0.013 -36"><span class='ocrx_word' id='word_1_648' title='bbox 287 4831 379 4884; x_wconf 74' lang='grc' dir='ltr'>ἔτι</span> <span class='ocrx_word' id='word_1_649' title='bbox 415 4836 552 4901; x_wconf 87' lang='grc' dir='ltr'><strong>μετά</strong></span> <span class='ocrx_word' id='word_1_650' title='bbox 578 4835 671 4891; x_wconf 88' lang='grc' dir='ltr'><strong>τοῦ</strong></span> <span class='ocrx_word' id='word_1_651' title='bbox 702 4837 965 4907; x_wconf 80' lang='grc' dir='ltr'>Χριστοῦ,</span> <span class='ocrx_word' id='word_1_652' title='bbox 997 4841 1107 4897; x_wconf 80' lang='grc' dir='ltr'>οὐδ’</span> <span class='ocrx_word' id='word_1_653' title='bbox 1137 4845 1587 4916; x_wconf 77' lang='grc' dir='ltr'>ἀπολαμϐάνουσι</span> <span class='ocrx_word' id='word_1_654' title='bbox 1615 4849 1714 4920; x_wconf 83' lang='grc' dir='ltr'>τῆς</span> <span class='ocrx_word' id='word_1_655' title='bbox 1743 4852 1875 4904; x_wconf 67' lang='grc' dir='ltr'>ἑαυ-</span> 
     </span>
    </p>
   </div>
   <div class='ocr_carea' id='block_1_82' title="bbox 287 4924 1878 5014">
    <p class='ocr_par' dir='ltr' id='par_1_82' title="bbox 287 4924 1878 5014">
     <span class='ocr_line' id='line_1_82' title="bbox 287 4924 1878 5014; baseline 0.012 -34"><span class='ocrx_word' id='word_1_656' title='bbox 287 4924 392 4984; x_wconf 72' lang='grc' dir='ltr'><strong>τοῦ</strong></span> <span class='ocrx_word' id='word_1_657' title='bbox 424 4926 962 5000; x_wconf 36' lang='grc' dir='ltr'>θεωρίας-Ἐκεῖνοι</span> <span class='ocrx_word' id='word_1_658' title='bbox 1013 4935 1120 5006; x_wconf 67' lang='grc' dir='ltr'>μιν</span> <span class='ocrx_word' id='word_1_659' title='bbox 1163 4938 1271 5008; x_wconf 73' lang='grc' dir='ltr'>γὰρ</span> <span class='ocrx_word' id='word_1_660' title='bbox 1322 4941 1462 5008; x_wconf 86' lang='grc' dir='ltr'><strong>μετά</strong></span> <span class='ocrx_word' id='word_1_661' title='bbox 1508 4940 1602 4996; x_wconf 86' lang='grc' dir='ltr'><strong>τοῦ</strong></span> <span class='ocrx_word' id='word_1_662' title='bbox 1636 4943 1878 5014; x_wconf 80' lang='grc' dir='ltr'>Χριστοῦ</span> 
     </span>
    </p>
   </div>
   <div class='ocr_carea' id='block_1_83' title="bbox 289 5019 1870 5106">
    <p class='ocr_par' dir='ltr' id='par_1_83' title="bbox 289 5019 1870 5106">
     <span class='ocr_line' id='line_1_83' title="bbox 289 5019 1870 5106; baseline 0.01 -32"><span class='ocrx_word' id='word_1_663' title='bbox 289 5019 473 5085; x_wconf 70' lang='grc' dir='ltr'>ὅντες,</span> <span class='ocrx_word' id='word_1_664' title='bbox 500 5022 895 5092; x_wconf 83' lang='grc' dir='ltr'>πρεσϐεύουσιν</span> <span class='ocrx_word' id='word_1_665' title='bbox 945 5026 1086 5100; x_wconf 70' lang='grc' dir='ltr'>ὑπὲρ</span> <span class='ocrx_word' id='word_1_666' title='bbox 1116 5029 1277 5099; x_wconf 70' lang='grc' dir='ltr'>ἡμῶν</span> <span class='ocrx_word' id='word_1_667' title='bbox 1308 5030 1532 5099; x_wconf 69' lang='grc' dir='ltr'>ἀμόσως</span> <span class='ocrx_word' id='word_1_668' title='bbox 1561 5037 1631 5105; x_wconf 75' lang='grc' dir='ltr'>τῇ</span> <span class='ocrx_word' id='word_1_669' title='bbox 1660 5035 1870 5106; x_wconf 83' lang='grc' dir='ltr'>Τριάδι,</span> 
     </span>
    </p>
   </div>
   <div class='ocr_carea' id='block_1_84' title="bbox 291 5110 1877 5194">
    <p class='ocr_par' dir='ltr' id='par_1_84' title="bbox 291 5110 1877 5194">
     <span class='ocr_line' id='line_1_84' title="bbox 291 5110 1877 5194; baseline 0.01 -28"><span class='ocrx_word' id='word_1_670' title='bbox 291 5110 396 5166; x_wconf 83' lang='grc' dir='ltr'>καὶ</span> <span class='ocrx_word' id='word_1_671' title='bbox 429 5111 797 5182; x_wconf 79' lang='grc' dir='ltr'>ὲλλάμπονται</span> <span class='ocrx_word' id='word_1_672' title='bbox 824 5115 902 5186; x_wconf 83' lang='grc' dir='ltr'><strong>τῷ</strong></span> <span class='ocrx_word' id='word_1_673' title='bbox 935 5121 1074 5187; x_wconf 82' lang='grc' dir='ltr'>φωτὶ</span> <span class='ocrx_word' id='word_1_674' title='bbox 1113 5119 1312 5190; x_wconf 77' lang='grc' dir='ltr'><strong>αὐτῆς⁹</strong></span> <span class='ocrx_word' id='word_1_675' title='bbox 1341 5124 1435 5178; x_wconf 82' lang='grc' dir='ltr'>καὶ</span> <span class='ocrx_word' id='word_1_676' title='bbox 1469 5123 1758 5194; x_wconf 80' lang='grc' dir='ltr'>ὀρέγονται</span> <span class='ocrx_word' id='word_1_677' title='bbox 1788 5129 1877 5182; x_wconf 83' lang='grc' dir='ltr'>ἀεὶ</span> 
     </span>
    </p>
   </div>
   <div class='ocr_carea' id='block_1_85' title="bbox 296 5199 1878 5282">
    <p class='ocr_par' dir='ltr' id='par_1_85' title="bbox 296 5199 1878 5282">
     <span class='ocr_line' id='line_1_85' title="bbox 296 5199 1878 5282; baseline 0.012 -29"><span class='ocrx_word' id='word_1_678' title='bbox 296 5201 422 5270; x_wconf 75' lang='grc' dir='ltr'>μετ’</span> <span class='ocrx_word' id='word_1_679' title='bbox 453 5203 625 5275; x_wconf 79' lang='grc' dir='ltr'>αὐτῆς</span> <span class='ocrx_word' id='word_1_680' title='bbox 648 5199 786 5259; x_wconf 79' lang='grc' dir='ltr'>εἶναι</span> <span class='ocrx_word' id='word_1_681' title='bbox 807 5219 826 5239; x_wconf 79' lang='grc' dir='ltr'><strong><em>ο</em></strong></span> <span class='ocrx_word' id='word_1_682' title='bbox 855 5207 1014 5276; x_wconf 82' lang='grc' dir='ltr'>ὑμεῖς</span> <span class='ocrx_word' id='word_1_683' title='bbox 1043 5207 1089 5262; x_wconf 89' lang='grc' dir='ltr'>δ’</span> <span class='ocrx_word' id='word_1_684' title='bbox 1117 5210 1444 5282; x_wconf 84' lang='grc' dir='ltr'>ἀρνούμενοι</span> <span class='ocrx_word' id='word_1_685' title='bbox 1472 5213 1559 5268; x_wconf 80' lang='grc' dir='ltr'>ὅτι</span> <span class='ocrx_word' id='word_1_686' title='bbox 1597 5215 1700 5270; x_wconf 84' lang='grc' dir='ltr'>οὐκ</span> <span class='ocrx_word' id='word_1_687' title='bbox 1733 5217 1878 5273; x_wconf 74' lang='grc' dir='ltr'>εἰσὶν</span> 
     </span>
    </p>
   </div>
   <div class='ocr_carea' id='block_1_86' title="bbox 294 5291 1876 5379">
    <p class='ocr_par' dir='ltr' id='par_1_86' title="bbox 294 5291 1876 5379">
     <span class='ocr_line' id='line_1_86' title="bbox 294 5291 1876 5379; baseline 0.01 -33"><span class='ocrx_word' id='word_1_688' title='bbox 294 5291 381 5346; x_wconf 74' lang='grc' dir='ltr'>ἐτι</span> <span class='ocrx_word' id='word_1_689' title='bbox 413 5295 549 5363; x_wconf 88' lang='grc' dir='ltr'><strong>μετά</strong></span> <span class='ocrx_word' id='word_1_690' title='bbox 579 5294 673 5348; x_wconf 90' lang='grc' dir='ltr'><strong>τοῦ</strong></span> <span class='ocrx_word' id='word_1_691' title='bbox 703 5296 862 5365; x_wconf 83' lang='grc' dir='ltr'>Θεοῦ,</span> <span class='ocrx_word' id='word_1_692' title='bbox 891 5298 1007 5352; x_wconf 88' lang='grc' dir='ltr'>ἀλλ’</span> <span class='ocrx_word' id='word_1_693' title='bbox 1027 5300 1146 5355; x_wconf 66' lang='grc' dir='ltr'>οὐδὲ</span> <span class='ocrx_word' id='word_1_694' title='bbox 1185 5303 1348 5374; x_wconf 78' lang='grc' dir='ltr'>μέχρι</span> <span class='ocrx_word' id='word_1_695' title='bbox 1393 5303 1494 5374; x_wconf 85' lang='grc' dir='ltr'>τῆς</span> <span class='ocrx_word' id='word_1_696' title='bbox 1526 5309 1876 5379; x_wconf 84' lang='grc' dir='ltr'>παγκοσμίου</span> 
     </span>
    </p>
   </div>
   <div class='ocr_carea' id='block_1_87' title="bbox 299 5387 1880 5470">
    <p class='ocr_par' dir='ltr' id='par_1_87' title="bbox 299 5387 1880 5470">
     <span class='ocr_line' id='line_1_87' title="bbox 299 5387 1880 5470; baseline 0.011 -33"><span class='ocrx_word' id='word_1_697' title='bbox 299 5387 656 5458; x_wconf 75' lang='grc' dir='ltr'>ἀναστάσεως</span> <span class='ocrx_word' id='word_1_698' title='bbox 682 5388 733 5440; x_wconf 79' lang='grc' dir='ltr'>οἱ</span> <span class='ocrx_word' id='word_1_699' title='bbox 765 5389 913 5457; x_wconf 72' lang='grc' dir='ltr'>ἅγιοι</span> <span class='ocrx_word' id='word_1_700' title='bbox 957 5391 1382 5462; x_wconf 87' lang='grc' dir='ltr'>ἀπολαύσουσιν,</span> <span class='ocrx_word' id='word_1_701' title='bbox 1429 5395 1547 5451; x_wconf 80' lang='grc' dir='ltr'>τστε</span> <span class='ocrx_word' id='word_1_702' title='bbox 1589 5399 1673 5452; x_wconf 83' lang='grc' dir='ltr'>ὅτι</span> <span class='ocrx_word' id='word_1_703' title='bbox 1708 5402 1880 5470; x_wconf 85' lang='grc' dir='ltr'>μεγά-</span> 
     </span>
    </p>
   </div>
   <div class='ocr_carea' id='block_1_88' title="bbox 299 5475 1879 5561">
    <p class='ocr_par' dir='ltr' id='par_1_88' title="bbox 299 5475 1879 5561">
     <span class='ocr_line' id='line_1_88' title="bbox 299 5475 1879 5561; baseline 0.012 -35"><span class='ocrx_word' id='word_1_704' title='bbox 299 5475 412 5538; x_wconf 86' lang='grc' dir='ltr'><strong>λως</strong></span> <span class='ocrx_word' id='word_1_705' title='bbox 437 5477 708 5547; x_wconf 69' lang='grc' dir='ltr'>ἐνοχλεῖτε</span> <span class='ocrx_word' id='word_1_706' title='bbox 737 5480 941 5544; x_wconf 83' lang='grc' dir='ltr'>αὐτοῖς.</span> <span class='ocrx_word' id='word_1_707' title='bbox 970 5483 1101 5538; x_wconf 72' lang='grc' dir='ltr'>Είδδ</span> <span class='ocrx_word' id='word_1_708' title='bbox 1127 5486 1462 5557; x_wconf 78' lang='grc' dir='ltr'>παροξύνετε</span> <span class='ocrx_word' id='word_1_709' title='bbox 1488 5491 1584 5544; x_wconf 76' lang='grc' dir='ltr'>καὶ</span> <span class='ocrx_word' id='word_1_710' title='bbox 1609 5491 1879 5561; x_wconf 80' lang='grc' dir='ltr'>ἐνοχλεῖτε</span> 
     </span>
    </p>
   </div>
   <div class='ocr_carea' id='block_1_89' title="bbox 302 5568 1882 5652">
    <p class='ocr_par' dir='ltr' id='par_1_89' title="bbox 302 5568 1882 5652">
     <span class='ocr_line' id='line_1_89' title="bbox 302 5568 1882 5652; baseline 0.011 -33"><span class='ocrx_word' id='word_1_711' title='bbox 302 5568 512 5633; x_wconf 76' lang='grc' dir='ltr'>αὐτοῖς,</span> <span class='ocrx_word' id='word_1_712' title='bbox 542 5573 682 5642; x_wconf 73' lang='grc' dir='ltr'>ὅπερ</span> <span class='ocrx_word' id='word_1_713' title='bbox 711 5575 810 5628; x_wconf 77' lang='grc' dir='ltr'>οὐκ</span> <span class='ocrx_word' id='word_1_714' title='bbox 840 5576 1015 5641; x_wconf 79' lang='grc' dir='ltr'>ἄλλως</span> <span class='ocrx_word' id='word_1_715' title='bbox 1050 5578 1222 5644; x_wconf 82' lang='grc' dir='ltr'>ἔσται,</span> <span class='ocrx_word' id='word_1_716' title='bbox 1260 5581 1380 5644; x_wconf 86' lang='grc' dir='ltr'><strong>πῶς</strong></span> <span class='ocrx_word' id='word_1_717' title='bbox 1413 5581 1568 5634; x_wconf 79' lang='grc' dir='ltr'>αὐτοὶ</span> <span class='ocrx_word' id='word_1_718' title='bbox 1609 5583 1882 5652; x_wconf 85' lang='grc' dir='ltr'>πρεσϐεύ-</span> 
     </span>
    </p>
   </div>
   <div class='ocr_carea' id='block_1_90' title="bbox 307 5663 1882 5742">
    <p class='ocr_par' dir='ltr' id='par_1_90' title="bbox 307 5663 1882 5742">
     <span class='ocr_line' id='line_1_90' title="bbox 307 5663 1882 5742; baseline 0.01 -30"><span class='ocrx_word' id='word_1_719' title='bbox 307 5676 510 5727; x_wconf 87' lang='grc' dir='ltr'>σουσιν,</span> <span class='ocrx_word' id='word_1_720' title='bbox 542 5664 575 5733; x_wconf 72' lang='grc' dir='ltr'>ἦ</span> <span class='ocrx_word' id='word_1_721' title='bbox 619 5663 735 5728; x_wconf 61' lang='lat' dir='ltr'><strong>sub;</strong></span> <span class='ocrx_word' id='word_1_722' title='bbox 765 5669 984 5736; x_wconf 87' lang='grc' dir='ltr'>μεσῖται</span> <span class='ocrx_word' id='word_1_723' title='bbox 1018 5669 1159 5740; x_wconf 76' lang='grc' dir='ltr'>ὑπὲρ</span> <span class='ocrx_word' id='word_1_724' title='bbox 1202 5670 1357 5742; x_wconf 76' lang='grc' dir='ltr'>ὑμῶν</span> <span class='ocrx_word' id='word_1_725' title='bbox 1385 5671 1729 5742; x_wconf 76' lang='grc' dir='ltr'>γενήσονται,</span> <span class='ocrx_word' id='word_1_726' title='bbox 1773 5673 1882 5728; x_wconf 83' lang='grc' dir='ltr'>τῶν</span> 
     </span>
    </p>
   </div>
   <div class='ocr_carea' id='block_1_91' title="bbox 379 5833 1731 5917">
    <p class='ocr_par' dir='ltr' id='par_1_91' title="bbox 379 5833 1731 5917">
     <span class='ocr_line' id='line_1_91' title="bbox 379 5833 1731 5917; baseline 0.018 -31"><span class='ocrx_word' id='word_1_727' title='bbox 379 5833 446 5866; x_wconf 75' lang='grc'><strong><em>³⁸⁵</em></strong></span> <span class='ocrx_word' id='word_1_728' title='bbox 495 5835 666 5908; x_wconf 78' lang='lat' dir='ltr'><strong>Apoc.</strong></span> <span class='ocrx_word' id='word_1_729' title='bbox 693 5857 769 5907; x_wconf 84' lang='lat' dir='ltr'><strong>vt,</strong></span> <span class='ocrx_word' id='word_1_730' title='bbox 801 5844 956 5900; x_wconf 81' lang='lat' dir='ltr'><strong>9-H.</strong></span> <span class='ocrx_word' id='word_1_731' title='bbox 1061 5846 1124 5879; x_wconf 80' lang='lat'><strong>&quot;‘</strong></span> <span class='ocrx_word' id='word_1_732' title='bbox 1176 5845 1348 5915; x_wconf 78' lang='lat' dir='ltr'><strong>Apoc.</strong></span> <span class='ocrx_word' id='word_1_733' title='bbox 1398 5863 1488 5917; x_wconf 82' lang='lat' dir='ltr'><strong>vn,</strong></span> <span class='ocrx_word' id='word_1_734' title='bbox 1545 5847 1731 5905; x_wconf 68' lang='lat' dir='ltr'><strong>lii-l5-</strong></span> 
     </span>
    </p>
   </div>
   <div class='ocr_carea' id='block_1_92' title="bbox 1971 3267 3543 3347">
    <p class='ocr_par' dir='ltr' id='par_1_92' title="bbox 1971 3267 3543 3347">
     <span class='ocr_line' id='line_1_92' title="bbox 1971 3267 3543 3347; baseline -0.011 -10"><span class='ocrx_word' id='word_1_735' title='bbox 1971 3283 2242 3347; x_wconf 83' lang='lat' dir='ltr'><strong>dicimus;</strong></span> <span class='ocrx_word' id='word_1_736' title='bbox 2292 3297 2390 3336; x_wconf 91' lang='lat' dir='ltr'><strong>nec</strong></span> <span class='ocrx_word' id='word_1_737' title='bbox 2415 3280 2562 3335; x_wconf 87' lang='lat' dir='ltr'><strong>aliud</strong></span> <span class='ocrx_word' id='word_1_738' title='bbox 2589 3295 2712 3340; x_wconf 79' lang='lat' dir='ltr'><strong>esse</strong></span> <span class='ocrx_word' id='word_1_739' title='bbox 2731 3275 3083 3346; x_wconf 82' lang='lat' dir='ltr'><strong>intelligimus</strong></span> <span class='ocrx_word' id='word_1_740' title='bbox 3107 3272 3225 3343; x_wconf 84' lang='lat' dir='ltr'><strong>ejus</strong></span> <span class='ocrx_word' id='word_1_741' title='bbox 3247 3269 3312 3323; x_wconf 90' lang='lat' dir='ltr'><strong>ad</strong></span> <span class='ocrx_word' id='word_1_742' title='bbox 3350 3267 3543 3322; x_wconf 88' lang='lat' dir='ltr'><strong>faciem</strong></span> 
     </span>
    </p>
   </div>
   <div class='ocr_carea' id='block_1_93' title="bbox 1974 3363 3544 3440">
    <p class='ocr_par' dir='ltr' id='par_1_93' title="bbox 1974 3363 3544 3440">
     <span class='ocr_line' id='line_1_93' title="bbox 1974 3363 3544 3440; baseline -0.01 -11"><span class='ocrx_word' id='word_1_743' title='bbox 1974 3376 2260 3440; x_wconf 87' lang='lat' dir='ltr'><strong>visionem,</strong></span> <span class='ocrx_word' id='word_1_744' title='bbox 2292 3386 2346 3428; x_wconf 90' lang='lat' dir='ltr'><strong>et</strong></span> <span class='ocrx_word' id='word_1_745' title='bbox 2371 3374 2520 3427; x_wconf 93' lang='lat' dir='ltr'><strong>aliud</strong></span> <span class='ocrx_word' id='word_1_746' title='bbox 2551 3372 2890 3426; x_wconf 89' lang='lat' dir='ltr'><strong>fruitionem.</strong></span> <span class='ocrx_word' id='word_1_747' title='bbox 2919 3366 3072 3434; x_wconf 84' lang='lat' dir='ltr'><strong>Quod</strong></span> <span class='ocrx_word' id='word_1_748' title='bbox 3105 3365 3154 3421; x_wconf 91' lang='lat' dir='ltr'><strong>si</strong></span> <span class='ocrx_word' id='word_1_749' title='bbox 3207 3363 3544 3419; x_wconf 89' lang='lat' dir='ltr'><strong>contrarium</strong></span> 
     </span>
    </p>
   </div>
   <div class='ocr_carea' id='block_1_94' title="bbox 1973 3450 3545 3533">
    <p class='ocr_par' dir='ltr' id='par_1_94' title="bbox 1973 3450 3545 3533">
     <span class='ocr_line' id='line_1_94' title="bbox 1973 3450 3545 3533; baseline -0.01 -15"><span class='ocrx_word' id='word_1_750' title='bbox 1973 3465 2129 3520; x_wconf 87' lang='lat' dir='ltr'><strong>nobis</strong></span> <span class='ocrx_word' id='word_1_751' title='bbox 2163 3465 2388 3533; x_wconf 87' lang='lat' dir='ltr'><strong>potestis</strong></span> <span class='ocrx_word' id='word_1_752' title='bbox 2421 3464 2734 3522; x_wconf 88' lang='lat' dir='ltr'><strong>ostendere,</strong></span> <span class='ocrx_word' id='word_1_753' title='bbox 2768 3460 2980 3514; x_wconf 83' lang='lat' dir='ltr'><strong>scilicet</strong></span> <span class='ocrx_word' id='word_1_754' title='bbox 3028 3464 3250 3511; x_wconf 88' lang='lat' dir='ltr'><strong>sanctos</strong></span> <span class='ocrx_word' id='word_1_755' title='bbox 3292 3450 3545 3507; x_wconf 84' lang='lat' dir='ltr'><strong>Trinitati</strong></span> 
     </span>
    </p>
   </div>
   <div class='ocr_carea' id='block_1_95' title="bbox 1970 3541 3551 3623">
    <p class='ocr_par' dir='ltr' id='par_1_95' title="bbox 1970 3541 3551 3623">
     <span class='ocr_line' id='line_1_95' title="bbox 1970 3541 3551 3623; baseline -0.012 -10"><span class='ocrx_word' id='word_1_756' title='bbox 1970 3559 2313 3619; x_wconf 85' lang='lat' dir='ltr'><strong>assistentes,</strong></span> <span class='ocrx_word' id='word_1_757' title='bbox 2367 3553 2598 3623; x_wconf 82' lang='lat' dir='ltr'><strong>ejusque</strong></span> <span class='ocrx_word' id='word_1_758' title='bbox 2620 3552 2685 3604; x_wconf 89' lang='lat' dir='ltr'><strong>ad</strong></span> <span class='ocrx_word' id='word_1_759' title='bbox 2709 3549 2882 3604; x_wconf 81' lang='lat' dir='ltr'><strong>facem</strong></span> <span class='ocrx_word' id='word_1_760' title='bbox 2942 3549 3155 3600; x_wconf 81' lang='lat' dir='ltr'><strong>visione</strong></span> <span class='ocrx_word' id='word_1_761' title='bbox 3198 3545 3395 3612; x_wconf 87' lang='lat' dir='ltr'><strong>dignos</strong></span> <span class='ocrx_word' id='word_1_762' title='bbox 3415 3541 3551 3595; x_wconf 71' lang='lat' dir='ltr'><strong>effe-</strong></span> 
     </span>
    </p>
   </div>
   <div class='ocr_carea' id='block_1_96' title="bbox 1970 3637 3544 3717">
    <p class='ocr_par' dir='ltr' id='par_1_96' title="bbox 1970 3637 3544 3717">
     <span class='ocr_line' id='line_1_96' title="bbox 1970 3637 3544 3717; baseline -0.013 -12"><span class='ocrx_word' id='word_1_763' title='bbox 1970 3660 2110 3716; x_wconf 89' lang='lat' dir='ltr'><strong>ctos,</strong></span> <span class='ocrx_word' id='word_1_764' title='bbox 2140 3664 2249 3703; x_wconf 92' lang='lat' dir='ltr'><strong>non</strong></span> <span class='ocrx_word' id='word_1_765' title='bbox 2304 3647 2509 3717; x_wconf 90' lang='lat' dir='ltr'><strong>perfrui</strong></span> <span class='ocrx_word' id='word_1_766' title='bbox 2536 3645 2739 3704; x_wconf 88' lang='lat' dir='ltr'><strong>adhuc,</strong></span> <span class='ocrx_word' id='word_1_767' title='bbox 2785 3641 2880 3696; x_wconf 89' lang='lat' dir='ltr'><strong>sed</strong></span> <span class='ocrx_word' id='word_1_768' title='bbox 2923 3639 3186 3717; x_wconf 79' lang='lat' dir='ltr'><strong>majorem</strong></span> <span class='ocrx_word' id='word_1_769' title='bbox 3230 3637 3544 3688; x_wconf 85' lang='lat' dir='ltr'><strong>fruitionem</strong></span> 
     </span>
    </p>
   </div>
   <div class='ocr_carea' id='block_1_97' title="bbox 1971 3716 3546 3807">
    <p class='ocr_par' dir='ltr' id='par_1_97' title="bbox 1971 3716 3546 3807">
     <span class='ocr_line' id='line_1_97' title="bbox 1971 3716 3546 3807; baseline -0.014 -11"><span class='ocrx_word' id='word_1_770' title='bbox 1971 3742 2064 3796; x_wconf 87' lang='lat' dir='ltr'><strong>Dei</strong></span> <span class='ocrx_word' id='word_1_771' title='bbox 2094 3716 2668 3807; x_wconf 15' lang='lat' dir='ltr'><strong>visioneiexspectari,</strong></span> <span class='ocrx_word' id='word_1_772' title='bbox 2720 3747 2813 3786; x_wconf 82' lang='lat' dir='ltr'><strong>vos</strong></span> <span class='ocrx_word' id='word_1_773' title='bbox 2845 3716 3010 3784; x_wconf 79' lang='lat' dir='ltr'><strong>etiam</strong></span> <span class='ocrx_word' id='word_1_774' title='bbox 3059 3727 3450 3787; x_wconf 80' lang='lat' dir='ltr'><strong>deumnstrate,</strong></span> <span class='ocrx_word' id='word_1_775' title='bbox 3492 3729 3546 3775; x_wconf 85' lang='lat' dir='ltr'><strong>ct</strong></span> 
     </span>
    </p>
   </div>
   <div class='ocr_carea' id='block_1_98' title="bbox 1974 3816 3548 3896">
    <p class='ocr_par' dir='ltr' id='par_1_98' title="bbox 1974 3816 3548 3896">
     <span class='ocr_line' id='line_1_98' title="bbox 1974 3816 3548 3896; baseline -0.016 -4"><span class='ocrx_word' id='word_1_776' title='bbox 1974 3853 2076 3893; x_wconf 91' lang='lat' dir='ltr'><strong>nos</strong></span> <span class='ocrx_word' id='word_1_777' title='bbox 2103 3833 2406 3890; x_wconf 80' lang='lat' dir='ltr'><strong>silebimus.</strong></span> <span class='ocrx_word' id='word_1_778' title='bbox 2447 3829 2552 3886; x_wconf 82' lang='lat' dir='ltr'><strong>Sed</strong></span> <span class='ocrx_word' id='word_1_779' title='bbox 2582 3827 2717 3883; x_wconf 90' lang='lat' dir='ltr'><strong>nihil</strong></span> <span class='ocrx_word' id='word_1_780' title='bbox 2742 3824 2976 3896; x_wconf 86' lang='lat' dir='ltr'><strong>amplius</strong></span> <span class='ocrx_word' id='word_1_781' title='bbox 3006 3821 3294 3877; x_wconf 80' lang='lat' dir='ltr'><strong>ostendere</strong></span> <span class='ocrx_word' id='word_1_782' title='bbox 3322 3816 3548 3888; x_wconf 83' lang='lat' dir='ltr'><strong>potestis</strong></span> 
     </span>
    </p>
   </div>
   <div class='ocr_carea' id='block_1_99' title="bbox 1973 3908 3546 4002">
    <p class='ocr_par' dir='ltr' id='par_1_99' title="bbox 1973 3908 3546 4002">
     <span class='ocr_line' id='line_1_99' title="bbox 1973 3908 3546 4002; baseline -0.017 -16"><span class='ocrx_word' id='word_1_783' title='bbox 1973 3939 2167 4002; x_wconf 72' lang='lat' dir='ltr'><strong>praeter</strong></span> <span class='ocrx_word' id='word_1_784' title='bbox 2195 3927 2338 3982; x_wconf 86' lang='lat' dir='ltr'><strong>hanc</strong></span> <span class='ocrx_word' id='word_1_785' title='bbox 2362 3923 2457 3979; x_wconf 91' lang='lat' dir='ltr'><strong>Dei</strong></span> <span class='ocrx_word' id='word_1_786' title='bbox 2489 3921 2555 3978; x_wconf 88' lang='lat' dir='ltr'><strong>ad</strong></span> <span class='ocrx_word' id='word_1_787' title='bbox 2583 3921 2778 3976; x_wconf 80' lang='lat' dir='ltr'><strong>faciem</strong></span> <span class='ocrx_word' id='word_1_788' title='bbox 2833 3917 3121 3972; x_wconf 82' lang='lat' dir='ltr'><strong>visionem.</strong></span> <span class='ocrx_word' id='word_1_789' title='bbox 3150 3912 3339 3966; x_wconf 89' lang='lat' dir='ltr'><strong>Nonne</strong></span> <span class='ocrx_word' id='word_1_790' title='bbox 3366 3908 3546 3979; x_wconf 88' lang='lat' dir='ltr'><strong>perci-</strong></span> 
     </span>
    </p>
   </div>
   <div class='ocr_carea' id='block_1_100' title="bbox 1973 4003 3548 4096">
    <p class='ocr_par' dir='ltr' id='par_1_100' title="bbox 1973 4003 3548 4096">
     <span class='ocr_line' id='line_1_100' title="bbox 1973 4003 3548 4096; baseline -0.017 -17"><span class='ocrx_word' id='word_1_791' title='bbox 1973 4025 2103 4096; x_wconf 89' lang='lat' dir='ltr'><strong>pltis</strong></span> <span class='ocrx_word' id='word_1_792' title='bbox 2138 4036 2234 4076; x_wconf 83' lang='lat' dir='ltr'><strong>vos</strong></span> <span class='ocrx_word' id='word_1_793' title='bbox 2256 4029 2478 4075; x_wconf 85' lang='lat' dir='ltr'><strong>sanctos</strong></span> <span class='ocrx_word' id='word_1_794' title='bbox 2519 4017 2739 4072; x_wconf 88' lang='lat' dir='ltr'><strong>irritare</strong></span> <span class='ocrx_word' id='word_1_795' title='bbox 2759 4024 2814 4068; x_wconf 91' lang='lat' dir='ltr'><strong>et</strong></span> <span class='ocrx_word' id='word_1_796' title='bbox 2838 4013 3102 4066; x_wconf 88' lang='lat' dir='ltr'><strong>adversus</strong></span> <span class='ocrx_word' id='word_1_797' title='bbox 3126 4009 3275 4077; x_wconf 89' lang='lat' dir='ltr'><strong>ipsos</strong></span> <span class='ocrx_word' id='word_1_798' title='bbox 3293 4003 3548 4073; x_wconf 78' lang='lat' dir='ltr'><strong>blaSpItC-</strong></span> 
     </span>
    </p>
   </div>
   <div class='ocr_carea' id='block_1_101' title="bbox 1973 4098 3546 4177">
    <p class='ocr_par' dir='ltr' id='par_1_101' title="bbox 1973 4098 3546 4177">
     <span class='ocr_line' id='line_1_101' title="bbox 1973 4098 3546 4177; baseline -0.015 -7"><span class='ocrx_word' id='word_1_799' title='bbox 1973 4128 2093 4170; x_wconf 88' lang='lat' dir='ltr'><strong>tuos</strong></span> <span class='ocrx_word' id='word_1_800' title='bbox 2147 4127 2289 4177; x_wconf 89' lang='lat' dir='ltr'><strong>esse,</strong></span> <span class='ocrx_word' id='word_1_801' title='bbox 2322 4125 2444 4165; x_wconf 90' lang='lat' dir='ltr'><strong>cum</strong></span> <span class='ocrx_word' id='word_1_802' title='bbox 2505 4123 2601 4163; x_wconf 83' lang='lat' dir='ltr'><strong>eos</strong></span> <span class='ocrx_word' id='word_1_803' title='bbox 2627 4105 2814 4160; x_wconf 89' lang='lat' dir='ltr'><strong>dicitis</strong></span> <span class='ocrx_word' id='word_1_804' title='bbox 2865 4119 2972 4157; x_wconf 93' lang='lat' dir='ltr'><strong>non</strong></span> <span class='ocrx_word' id='word_1_805' title='bbox 3031 4117 3154 4156; x_wconf 86' lang='lat' dir='ltr'><strong>esse</strong></span> <span class='ocrx_word' id='word_1_806' title='bbox 3183 4098 3363 4152; x_wconf 90' lang='lat' dir='ltr'><strong>adhuc</strong></span> <span class='ocrx_word' id='word_1_807' title='bbox 3423 4111 3546 4149; x_wconf 88' lang='lat' dir='ltr'><strong>cum</strong></span> 
     </span>
    </p>
   </div>
   <div class='ocr_carea' id='block_1_102' title="bbox 1972 4191 3548 4272">
    <p class='ocr_par' dir='ltr' id='par_1_102' title="bbox 1972 4191 3548 4272">
     <span class='ocr_line' id='line_1_102' title="bbox 1972 4191 3548 4272; baseline -0.012 -11"><span class='ocrx_word' id='word_1_808' title='bbox 1972 4205 2216 4270; x_wconf 88' lang='lat' dir='ltr'><strong>Christo,</strong></span> <span class='ocrx_word' id='word_1_809' title='bbox 2250 4216 2428 4272; x_wconf 86' lang='lat' dir='ltr'><strong>neque</strong></span> <span class='ocrx_word' id='word_1_810' title='bbox 2455 4200 2670 4255; x_wconf 86' lang='lat' dir='ltr'><strong>visione</strong></span> <span class='ocrx_word' id='word_1_811' title='bbox 2701 4192 2829 4267; x_wconf 72' lang='lat' dir='ltr'><strong>ejus&#39;</strong></span> <span class='ocrx_word' id='word_1_812' title='bbox 2873 4194 3123 4266; x_wconf 80' lang='lat' dir='ltr'><strong>perfrui?</strong></span> <span class='ocrx_word' id='word_1_813' title='bbox 3172 4191 3307 4246; x_wconf 87' lang='lat' dir='ltr'><strong>Nam</strong></span> <span class='ocrx_word' id='word_1_814' title='bbox 3357 4192 3393 4246; x_wconf 94' lang='lat' dir='ltr'><strong>ii</strong></span> <span class='ocrx_word' id='word_1_815' title='bbox 3423 4205 3548 4244; x_wconf 88' lang='lat' dir='ltr'><strong>cum</strong></span> 
     </span>
    </p>
   </div>
   <div class='ocr_carea' id='block_1_103' title="bbox 1973 4283 3552 4357">
    <p class='ocr_par' dir='ltr' id='par_1_103' title="bbox 1973 4283 3552 4357">
     <span class='ocr_line' id='line_1_103' title="bbox 1973 4283 3552 4357; baseline -0.008 -8"><span class='ocrx_word' id='word_1_816' title='bbox 1973 4293 2196 4349; x_wconf 88' lang='lat' dir='ltr'><strong>Christo</strong></span> <span class='ocrx_word' id='word_1_817' title='bbox 2235 4307 2358 4347; x_wconf 88' lang='lat' dir='ltr'><strong>cttm</strong></span> <span class='ocrx_word' id='word_1_818' title='bbox 2388 4291 2522 4357; x_wconf 88' lang='lat' dir='ltr'><strong>sint,</strong></span> <span class='ocrx_word' id='word_1_819' title='bbox 2555 4289 2871 4344; x_wconf 86' lang='lat' dir='ltr'><strong>immediate</strong></span> <span class='ocrx_word' id='word_1_820' title='bbox 2905 4286 3044 4354; x_wconf 87' lang='lat' dir='ltr'><strong>apud</strong></span> <span class='ocrx_word' id='word_1_821' title='bbox 3096 4283 3424 4338; x_wconf 85' lang='lat' dir='ltr'><strong>Trinitatem</strong></span> <span class='ocrx_word' id='word_1_822' title='bbox 3454 4298 3552 4351; x_wconf 87' lang='lat' dir='ltr'><strong>pro</strong></span> 
     </span>
    </p>
   </div>
   <div class='ocr_carea' id='block_1_104' title="bbox 1974 4376 3553 4448">
    <p class='ocr_par' dir='ltr' id='par_1_104' title="bbox 1974 4376 3553 4448">
     <span class='ocr_line' id='line_1_104' title="bbox 1974 4376 3553 4448; baseline -0.006 -10"><span class='ocrx_word' id='word_1_823' title='bbox 1974 4385 2132 4440; x_wconf 84' lang='lat' dir='ltr'><strong>vobis</strong></span> <span class='ocrx_word' id='word_1_824' title='bbox 2164 4383 2531 4448; x_wconf 85' lang='lat' dir='ltr'><strong>intercedunt,</strong></span> <span class='ocrx_word' id='word_1_825' title='bbox 2564 4393 2618 4436; x_wconf 88' lang='lat' dir='ltr'><strong>et</strong></span> <span class='ocrx_word' id='word_1_826' title='bbox 2669 4379 2876 4434; x_wconf 90' lang='lat' dir='ltr'><strong>lumine</strong></span> <span class='ocrx_word' id='word_1_827' title='bbox 2913 4378 3036 4445; x_wconf 68' lang='lat' dir='ltr'><strong>eius</strong></span> <span class='ocrx_word' id='word_1_828' title='bbox 3095 4376 3461 4440; x_wconf 87' lang='lat' dir='ltr'><strong>illustrantur,</strong></span> <span class='ocrx_word' id='word_1_829' title='bbox 3497 4386 3553 4429; x_wconf 84' lang='lat' dir='ltr'><strong>et</strong></span> 
     </span>
    </p>
   </div>
   <div class='ocr_carea' id='block_1_105' title="bbox 1978 4478 3550 4549">
    <p class='ocr_par' dir='ltr' id='par_1_105' title="bbox 1978 4478 3550 4549">
     <span class='ocr_line' id='line_1_105' title="bbox 1978 4478 3550 4549; baseline -0.009 -16"><span class='ocrx_word' id='word_1_830' title='bbox 1978 4487 2245 4549; x_wconf 67' lang='grc' dir='ltr'>ρει-ροιυο</span> <span class='ocrx_word' id='word_1_831' title='bbox 2280 4491 2408 4530; x_wconf 87' lang='lat' dir='ltr'><strong>cum</strong></span> <span class='ocrx_word' id='word_1_832' title='bbox 2433 4489 2502 4529; x_wconf 75' lang='lat' dir='ltr'><strong>es</strong></span> <span class='ocrx_word' id='word_1_833' title='bbox 2559 4486 2684 4527; x_wconf 81' lang='lat' dir='ltr'><strong>esse</strong></span> <span class='ocrx_word' id='word_1_834' title='bbox 2745 4478 3004 4534; x_wconf 80' lang='lat' dir='ltr'><strong>exstant;</strong></span> <span class='ocrx_word' id='word_1_835' title='bbox 3059 4478 3115 4522; x_wconf 87' lang='lat' dir='ltr'><strong>at</strong></span> <span class='ocrx_word' id='word_1_836' title='bbox 3159 4481 3257 4521; x_wconf 62' lang='grc' dir='ltr'><strong>τοο</strong></span> <span class='ocrx_word' id='word_1_837' title='bbox 3286 4481 3383 4521; x_wconf 74' lang='lat'><strong>€08</strong></span> <span class='ocrx_word' id='word_1_838' title='bbox 3441 4481 3550 4520; x_wconf 89' lang='lat' dir='ltr'><strong>non</strong></span> 
     </span>
    </p>
   </div>
   <div class='ocr_carea' id='block_1_106' title="bbox 1979 4558 3552 4630">
    <p class='ocr_par' dir='ltr' id='par_1_106' title="bbox 1979 4558 3552 4630">
     <span class='ocr_line' id='line_1_106' title="bbox 1979 4558 3552 4630; baseline -0.008 -8"><span class='ocrx_word' id='word_1_839' title='bbox 1979 4568 2160 4622; x_wconf 88' lang='lat' dir='ltr'><strong>adhuc</strong></span> <span class='ocrx_word' id='word_1_840' title='bbox 2210 4581 2335 4621; x_wconf 84' lang='lat' dir='ltr'><strong>esse</strong></span> <span class='ocrx_word' id='word_1_841' title='bbox 2383 4580 2512 4618; x_wconf 85' lang='lat' dir='ltr'><strong>cum</strong></span> <span class='ocrx_word' id='word_1_842' title='bbox 2546 4562 2652 4618; x_wconf 89' lang='lat' dir='ltr'><strong>Deo</strong></span> <span class='ocrx_word' id='word_1_843' title='bbox 2681 4562 3037 4630; x_wconf 85' lang='lat' dir='ltr'><strong>abnegantes,</strong></span> <span class='ocrx_word' id='word_1_844' title='bbox 3095 4571 3197 4613; x_wconf 87' lang='lat' dir='ltr'><strong>nec</strong></span> <span class='ocrx_word' id='word_1_845' title='bbox 3254 4571 3432 4626; x_wconf 85' lang='lat' dir='ltr'><strong>usque</strong></span> <span class='ocrx_word' id='word_1_846' title='bbox 3485 4558 3552 4609; x_wconf 89' lang='lat' dir='ltr'><strong>ad</strong></span> 
     </span>
    </p>
   </div>
   <div class='ocr_carea' id='block_1_107' title="bbox 1981 4654 3554 4718">
    <p class='ocr_par' dir='ltr' id='par_1_107' title="bbox 1981 4654 3554 4718">
     <span class='ocr_line' id='line_1_107' title="bbox 1981 4654 3554 4718; baseline -0.004 -5"><span class='ocrx_word' id='word_1_847' title='bbox 1981 4657 2344 4714; x_wconf 81' lang='lat' dir='ltr'><strong>universalem</strong></span> <span class='ocrx_word' id='word_1_848' title='bbox 2372 4656 2827 4713; x_wconf 86' lang='lat' dir='ltr'><strong>resurrectionem</strong></span> <span class='ocrx_word' id='word_1_849' title='bbox 2853 4670 2948 4711; x_wconf 90' lang='lat' dir='ltr'><strong>eos</strong></span> <span class='ocrx_word' id='word_1_850' title='bbox 2988 4654 3254 4709; x_wconf 85' lang='lat' dir='ltr'><strong>fruiturus</strong></span> <span class='ocrx_word' id='word_1_851' title='bbox 3277 4665 3423 4718; x_wconf 81' lang='lat' dir='ltr'><strong>esse,</strong></span> <span class='ocrx_word' id='word_1_852' title='bbox 3446 4654 3554 4708; x_wconf 86' lang='lat' dir='ltr'><strong>sci-</strong></span> 
     </span>
    </p>
   </div>
   <div class='ocr_carea' id='block_1_108' title="bbox 1980 4744 3558 4821">
    <p class='ocr_par' dir='ltr' id='par_1_108' title="bbox 1980 4744 3558 4821">
     <span class='ocr_line' id='line_1_108' title="bbox 1980 4744 3558 4821; baseline -0.005 -15"><span class='ocrx_word' id='word_1_853' title='bbox 1980 4761 2094 4807; x_wconf 88' lang='lat' dir='ltr'><strong>tote</strong></span> <span class='ocrx_word' id='word_1_854' title='bbox 2127 4751 2266 4821; x_wconf 82' lang='lat' dir='ltr'><strong>ipsis</strong></span> <span class='ocrx_word' id='word_1_855' title='bbox 2290 4751 2443 4805; x_wconf 87' lang='lat' dir='ltr'><strong>valde</strong></span> <span class='ocrx_word' id='word_1_856' title='bbox 2469 4747 2728 4804; x_wconf 84' lang='lat' dir='ltr'><strong>molestos</strong></span> <span class='ocrx_word' id='word_1_857' title='bbox 2743 4761 2886 4802; x_wconf 79' lang='lat' dir='ltr'><strong>esse.</strong></span> <span class='ocrx_word' id='word_1_858' title='bbox 2906 4744 2965 4800; x_wconf 87' lang='lat' dir='ltr'><strong>Si</strong></span> <span class='ocrx_word' id='word_1_859' title='bbox 2983 4759 3112 4800; x_wconf 89' lang='lat' dir='ltr'><strong>vero</strong></span> <span class='ocrx_word' id='word_1_860' title='bbox 3133 4744 3364 4800; x_wconf 87' lang='lat' dir='ltr'><strong>irritatis</strong></span> <span class='ocrx_word' id='word_1_861' title='bbox 3381 4744 3558 4813; x_wconf 83' lang='lat' dir='ltr'><strong>iisque</strong></span> 
     </span>
    </p>
   </div>
   <div class='ocr_carea' id='block_1_109' title="bbox 1984 4836 3558 4911">
    <p class='ocr_par' dir='ltr' id='par_1_109' title="bbox 1984 4836 3558 4911">
     <span class='ocr_line' id='line_1_109' title="bbox 1984 4836 3558 4911; baseline -0.01 -8"><span class='ocrx_word' id='word_1_862' title='bbox 1984 4845 2202 4904; x_wconf 85' lang='lat' dir='ltr'><strong>molesti</strong></span> <span class='ocrx_word' id='word_1_863' title='bbox 2225 4844 2382 4908; x_wconf 88' lang='lat' dir='ltr'><strong>estis,</strong></span> <span class='ocrx_word' id='word_1_864' title='bbox 2414 4839 2688 4911; x_wconf 89' lang='lat' dir='ltr'><strong>quomodo</strong></span> <span class='ocrx_word' id='word_1_865' title='bbox 2723 4853 2822 4910; x_wconf 87' lang='lat' dir='ltr'><strong>pro</strong></span> <span class='ocrx_word' id='word_1_866' title='bbox 2855 4838 3011 4893; x_wconf 85' lang='lat' dir='ltr'><strong>vobis</strong></span> <span class='ocrx_word' id='word_1_867' title='bbox 3065 4836 3423 4904; x_wconf 84' lang='lat' dir='ltr'><strong>intercedent,</strong></span> <span class='ocrx_word' id='word_1_868' title='bbox 3462 4846 3558 4890; x_wconf 90' lang='lat' dir='ltr'><strong>aut</strong></span> 
     </span>
    </p>
   </div>
   <div class='ocr_carea' id='block_1_110' title="bbox 1976 4926 3558 5012">
    <p class='ocr_par' dir='ltr' id='par_1_110' title="bbox 1976 4926 3558 5012">
     <span class='ocr_line' id='line_1_110' title="bbox 1976 4926 3558 5012; baseline -0.008 -18"><span class='ocrx_word' id='word_1_869' title='bbox 1976 4939 2257 5012; x_wconf 84' lang='lat' dir='ltr'><strong>quomodo</strong></span> <span class='ocrx_word' id='word_1_870' title='bbox 2281 4949 2380 5007; x_wconf 87' lang='lat' dir='ltr'><strong>pro</strong></span> <span class='ocrx_word' id='word_1_871' title='bbox 2411 4933 2570 4990; x_wconf 89' lang='lat' dir='ltr'><strong>vobis</strong></span> <span class='ocrx_word' id='word_1_872' title='bbox 2598 4931 2930 4988; x_wconf 86' lang='lat' dir='ltr'><strong>mediatores</strong></span> <span class='ocrx_word' id='word_1_873' title='bbox 2978 4929 3235 4997; x_wconf 85' lang='lat' dir='ltr'><strong>evadent,</strong></span> <span class='ocrx_word' id='word_1_874' title='bbox 3285 4926 3558 4996; x_wconf 85' lang='lat' dir='ltr'><strong>abnegau-</strong></span> 
     </span>
    </p>
   </div>
   <div class='ocr_carea' id='block_1_111' title="bbox 1978 5025 3559 5094">
    <p class='ocr_par' dir='ltr' id='par_1_111' title="bbox 1978 5025 3559 5094">
     <span class='ocr_line' id='line_1_111' title="bbox 1978 5025 3559 5094; baseline -0.007 -7"><span class='ocrx_word' id='word_1_875' title='bbox 1978 5033 2127 5087; x_wconf 79' lang='lat' dir='ltr'><strong>tihus</strong></span> <span class='ocrx_word' id='word_1_876' title='bbox 2179 5044 2277 5086; x_wconf 86' lang='lat' dir='ltr'><strong>eos</strong></span> <span class='ocrx_word' id='word_1_877' title='bbox 2327 5043 2453 5084; x_wconf 89' lang='lat' dir='ltr'><strong>cum</strong></span> <span class='ocrx_word' id='word_1_878' title='bbox 2497 5026 2610 5083; x_wconf 89' lang='lat' dir='ltr'><strong>Deo</strong></span> <span class='ocrx_word' id='word_1_879' title='bbox 2667 5039 2812 5091; x_wconf 83' lang='lat' dir='ltr'><strong>esse,</strong></span> <span class='ocrx_word' id='word_1_880' title='bbox 2873 5027 2970 5083; x_wconf 90' lang='lat' dir='ltr'><strong>sed</strong></span> <span class='ocrx_word' id='word_1_881' title='bbox 3019 5026 3269 5094; x_wconf 74' lang='lat' dir='ltr'><strong>procula</strong></span> <span class='ocrx_word' id='word_1_882' title='bbox 3301 5025 3411 5079; x_wconf 87' lang='lat' dir='ltr'><strong>Deo</strong></span> <span class='ocrx_word' id='word_1_883' title='bbox 3434 5036 3559 5077; x_wconf 86' lang='lat' dir='ltr'><strong>esse</strong></span> 
     </span>
    </p>
   </div>
   <div class='ocr_carea' id='block_1_112' title="bbox 1976 5115 3554 5190">
    <p class='ocr_par' dir='ltr' id='par_1_112' title="bbox 1976 5115 3554 5190">
     <span class='ocr_line' id='line_1_112' title="bbox 1976 5115 3554 5190; baseline -0.006 -12"><span class='ocrx_word' id='word_1_884' title='bbox 1976 5121 2414 5178; x_wconf 74' lang='lat' dir='ltr'><strong>animantibus?</strong></span> <span class='ocrx_word' id='word_1_885' title='bbox 2470 5119 2673 5185; x_wconf 88' lang='lat' dir='ltr'><strong>Dicite,</strong></span> <span class='ocrx_word' id='word_1_886' title='bbox 2704 5119 3067 5190; x_wconf 89' lang='lat' dir='ltr'><strong>respondete;</strong></span> <span class='ocrx_word' id='word_1_887' title='bbox 3113 5127 3170 5174; x_wconf 90' lang='lat' dir='ltr'><strong>at</strong></span> <span class='ocrx_word' id='word_1_888' title='bbox 3199 5132 3307 5172; x_wconf 91' lang='lat' dir='ltr'><strong>non</strong></span> <span class='ocrx_word' id='word_1_889' title='bbox 3342 5115 3554 5170; x_wconf 88' lang='lat' dir='ltr'><strong>valetis.</strong></span> 
     </span>
    </p>
   </div>
   <div class='ocr_carea' id='block_1_113' title="bbox 1980 5204 3555 5279">
    <p class='ocr_par' dir='ltr' id='par_1_113' title="bbox 1980 5204 3555 5279">
     <span class='ocr_line' id='line_1_113' title="bbox 1980 5204 3555 5279; baseline -0.006 -11"><span class='ocrx_word' id='word_1_890' title='bbox 1980 5213 2160 5269; x_wconf 86' lang='lat' dir='ltr'><strong>Unum</strong></span> <span class='ocrx_word' id='word_1_891' title='bbox 2185 5221 2398 5267; x_wconf 83' lang='lat' dir='ltr'><strong>tantum</strong></span> <span class='ocrx_word' id='word_1_892' title='bbox 2427 5218 2510 5266; x_wconf 87' lang='lat' dir='ltr'><strong>est</strong></span> <span class='ocrx_word' id='word_1_893' title='bbox 2545 5207 2694 5279; x_wconf 87' lang='lat' dir='ltr'><strong>quod</strong></span> <span class='ocrx_word' id='word_1_894' title='bbox 2751 5208 2954 5265; x_wconf 87' lang='lat' dir='ltr'><strong>multos</strong></span> <span class='ocrx_word' id='word_1_895' title='bbox 3013 5208 3301 5279; x_wconf 79' lang='lat' dir='ltr'><strong>ambiguos</strong></span> <span class='ocrx_word' id='word_1_896' title='bbox 3354 5204 3555 5268; x_wconf 87' lang='lat' dir='ltr'><strong>reddit,</strong></span> 
     </span>
    </p>
   </div>
   <div class='ocr_carea' id='block_1_114' title="bbox 1980 5297 3556 5375">
    <p class='ocr_par' dir='ltr' id='par_1_114' title="bbox 1980 5297 3556 5375">
     <span class='ocr_line' id='line_1_114' title="bbox 1980 5297 3556 5375; baseline -0.006 -16"><span class='ocrx_word' id='word_1_897' title='bbox 1980 5304 2220 5375; x_wconf 87' lang='lat' dir='ltr'><strong>facitque</strong></span> <span class='ocrx_word' id='word_1_898' title='bbox 2243 5312 2304 5358; x_wconf 90' lang='lat' dir='ltr'><strong>ut</strong></span> <span class='ocrx_word' id='word_1_899' title='bbox 2343 5303 2684 5357; x_wconf 86' lang='lat' dir='ltr'><strong>arbitrentur</strong></span> <span class='ocrx_word' id='word_1_900' title='bbox 2702 5315 2823 5356; x_wconf 84' lang='lat' dir='ltr'><strong>esse</strong></span> <span class='ocrx_word' id='word_1_901' title='bbox 2853 5300 3160 5366; x_wconf 84' lang='lat' dir='ltr'><strong>discordes,</strong></span> <span class='ocrx_word' id='word_1_902' title='bbox 3193 5299 3324 5369; x_wconf 86' lang='lat' dir='ltr'><strong>quia</strong></span> <span class='ocrx_word' id='word_1_903' title='bbox 3355 5297 3556 5368; x_wconf 87' lang='lat' dir='ltr'><strong>partim</strong></span> 
     </span>
    </p>
   </div>
   <div class='ocr_carea' id='block_1_115' title="bbox 1979 5389 3560 5466">
    <p class='ocr_par' dir='ltr' id='par_1_115' title="bbox 1979 5389 3560 5466">
     <span class='ocr_line' id='line_1_115' title="bbox 1979 5389 3560 5466; baseline -0.006 -15"><span class='ocrx_word' id='word_1_904' title='bbox 1979 5397 2199 5466; x_wconf 83' lang='lat' dir='ltr'><strong>quidem</strong></span> <span class='ocrx_word' id='word_1_905' title='bbox 2225 5395 2482 5450; x_wconf 91' lang='lat' dir='ltr'><strong>doctores</strong></span> <span class='ocrx_word' id='word_1_906' title='bbox 2513 5393 2728 5456; x_wconf 85' lang='lat' dir='ltr'><strong>dicunt,</strong></span> <span class='ocrx_word' id='word_1_907' title='bbox 2755 5401 2977 5447; x_wconf 89' lang='lat' dir='ltr'><strong>sanctos</strong></span> <span class='ocrx_word' id='word_1_908' title='bbox 3004 5389 3401 5461; x_wconf 70' lang='lat' dir='ltr'><strong>perfectefrui,</strong></span> <span class='ocrx_word' id='word_1_909' title='bbox 3433 5403 3560 5458; x_wconf 80' lang='lat' dir='ltr'><strong>par-</strong></span> 
     </span>
    </p>
   </div>
   <div class='ocr_carea' id='block_1_116' title="bbox 1981 5473 3556 5557">
    <p class='ocr_par' dir='ltr' id='par_1_116' title="bbox 1981 5473 3556 5557">
     <span class='ocr_line' id='line_1_116' title="bbox 1981 5473 3556 5557; baseline -0.004 -14"><span class='ocrx_word' id='word_1_910' title='bbox 1981 5489 2079 5544; x_wconf 92' lang='lat' dir='ltr'><strong>tim</strong></span> <span class='ocrx_word' id='word_1_911' title='bbox 2133 5473 2656 5557; x_wconf 77' lang='lat' dir='ltr'><strong>imperfecteznam</strong></span> <span class='ocrx_word' id='word_1_912' title='bbox 2703 5499 2828 5541; x_wconf 86' lang='lat' dir='ltr'><strong>cum</strong></span> <span class='ocrx_word' id='word_1_913' title='bbox 2878 5485 2946 5540; x_wconf 87' lang='lat' dir='ltr'><strong>de</strong></span> <span class='ocrx_word' id='word_1_914' title='bbox 3003 5485 3294 5540; x_wconf 85' lang='lat' dir='ltr'><strong>animabus</strong></span> <span class='ocrx_word' id='word_1_915' title='bbox 3347 5491 3556 5538; x_wconf 85' lang='lat' dir='ltr'><strong>tantum</strong></span> 
     </span>
    </p>
   </div>
   <div class='ocr_carea' id='block_1_117' title="bbox 1980 5575 3567 5649">
    <p class='ocr_par' dir='ltr' id='par_1_117' title="bbox 1980 5575 3567 5649">
     <span class='ocr_line' id='line_1_117' title="bbox 1980 5575 3567 5649; baseline -0.005 -13"><span class='ocrx_word' id='word_1_916' title='bbox 1980 5580 2193 5644; x_wconf 89' lang='lat' dir='ltr'><strong>dicunt,</strong></span> <span class='ocrx_word' id='word_1_917' title='bbox 2251 5577 2489 5649; x_wconf 89' lang='lat' dir='ltr'><strong>perfecte</strong></span> <span class='ocrx_word' id='word_1_918' title='bbox 2544 5575 2664 5633; x_wconf 75' lang='lat' dir='ltr'><strong>frui.</strong></span> <span class='ocrx_word' id='word_1_919' title='bbox 2691 5579 2886 5644; x_wconf 86' lang='lat' dir='ltr'><strong>aiunt;</strong></span> <span class='ocrx_word' id='word_1_920' title='bbox 2916 5577 3138 5647; x_wconf 86' lang='lat' dir='ltr'><strong>quando</strong></span> <span class='ocrx_word' id='word_1_921' title='bbox 3173 5591 3303 5632; x_wconf 89' lang='lat' dir='ltr'><strong>vero</strong></span> <span class='ocrx_word' id='word_1_922' title='bbox 3339 5576 3406 5632; x_wconf 85' lang='lat' dir='ltr'><strong>de</strong></span> <span class='ocrx_word' id='word_1_923' title='bbox 3447 5583 3567 5629; x_wconf 85' lang='lat' dir='ltr'><strong>toto</strong></span> 
     </span>
    </p>
   </div>
   <div class='ocr_carea' id='block_1_118' title="bbox 1983 5670 3606 5743">
    <p class='ocr_par' dir='ltr' id='par_1_118' title="bbox 1983 5670 3606 5743">
     <span class='ocr_line' id='line_1_118' title="bbox 1983 5670 3606 5743; baseline -0.004 -14"><span class='ocrx_word' id='word_1_924' title='bbox 1983 5675 2233 5742; x_wconf 89' lang='lat' dir='ltr'><strong>homine,</strong></span> <span class='ocrx_word' id='word_1_925' title='bbox 2267 5687 2375 5729; x_wconf 90' lang='lat' dir='ltr'><strong>non</strong></span> <span class='ocrx_word' id='word_1_926' title='bbox 2429 5670 2688 5741; x_wconf 70' lang='lat' dir='ltr'><strong>penfectc.</strong></span> <span class='ocrx_word' id='word_1_927' title='bbox 2718 5671 2839 5737; x_wconf 79' lang='lat' dir='ltr'><strong>Quo</strong></span> <span class='ocrx_word' id='word_1_928' title='bbox 2873 5679 3034 5740; x_wconf 89' lang='lat' dir='ltr'><strong>pacto</strong></span> <span class='ocrx_word' id='word_1_929' title='bbox 3063 5671 3210 5726; x_wconf 88' lang='lat' dir='ltr'><strong>enim</strong></span> <span class='ocrx_word' id='word_1_930' title='bbox 3268 5685 3392 5726; x_wconf 88' lang='lat' dir='ltr'><strong>cum</strong></span> <span class='ocrx_word' id='word_1_931' title='bbox 3423 5684 3563 5724; x_wconf 86' lang='lat' dir='ltr'><strong>non-.-</strong></span> <span class='ocrx_word' id='word_1_932' title='bbox 3599 5735 3606 5743; x_wconf 31' lang='grc' dir='ltr'>ι</span> 
     </span>
    </p>
   </div>
  </div>
