3992 6410
234 408 237 411 ’
284 401 415 464 1301

763 407 916 471 PRO
949 410 1157 476 CONC.
1196 414 1565 479 FLOllENT.
1606 420 1763 486 CAP.
1801 427 1897 488 IV.
1942 431 2038 488 DE
2082 431 2514 491 FRUITIONE
2551 430 3033 496 SANCTORUM.

3399 432 3539 497 1302

277 517 466 625 ὄρεος
495 522 610 625 τοὶς
648 525 925 591 πατράσιν
959 528 1017 583 ἐν
1043 532 1156 593 τοῖς
1192 533 1501 603 προφήταις
1532 537 1855 609 ἀναστήσειν

1964 553 2199 613 tartarum
2224 561 2240 612 ;
2262 561 2390 599 uani
2415 562 2477 601 ca
2498 546 2820 617 pollicitatio
2879 562 2973 605 seu
3000 546 3295 618 promissio
3314 545 3537 625 dicitur:

276 610 493 674 αὑτούς.
530 613 862 684 Ἐπαγγελία
904 620 1033 691 γάρ,
1086 623 1206 692 ἢτοι
1260 625 1553 696 ὑπόσχεσις
1600 629 1850 700 λέγεται·

276 705 544 777 ὑπέσχετο
573 709 679 780 γάρ
709 710 739 764 6
772 712 978 784 Κύριος
1006 717 1337 790 ἀναστήσειν
1367 721 1468 791 τὴν
1495 722 1604 776 τῶν
1646 724 1879 794 maps:

279 816 396 851 πων
426 799 613 868 φύσιν,
642 802 700 853 ἐν
726 800 804 872 τῷ
830 806 1080 859 ἀπιστεῖν
1103 809 1230 872 τοὺς
1274 810 1596 882 ἀνθρώπους
1626 811 1723 885 τὴν
1747 817 1856 868 τῶν

281 891 553 960 σωμάτων
608 892 928 950 ἀνάστασιν.
988 896 1161 953 Τοῦτο
1222 901 1331 972 γάρ
1399 903 1448 956 εί
1500 904 1744 973 ἐγεγόνει
1798 909 1857 961 ἐν

280 985 396 1044 τοῖς
462 985 763 1055 πατράσιν,
817 986 918 1041 οὐκ
966 987 1035 1042 ἄν
1087 991 1251 1062 ήμεῖς
1277 992 1513 1063 ἤλθομεν
1554 999 1636 1061 εἰς
1689 997 1749 1049 τὸ
1780 990 1858 1050 εἷ-

278 1089 408 1127 ναν
443 1075 538 1128 καὶ
592 1076 755 1130 τοῦτό
805 1078 955 1132 ἐστιν
1009 1082 1147 1153 ὅπερ
1201 1084 1230 1137 6
1265 1085 1474 1150 Παῦλός
1521 1104 1719 1157 φησιν’
1754 1089 1854 1142 οὐκ

280 1166 608 1233 ἐκομίσαντο
639 1168 690 1219 σί
720 1169 827 1239 πρὸ
861 1169 1021 1241 ἡμῶν
1072 1174 1175 1243 τήν
1234 1174 1343 1229 τῶν
1396 1178 1669 1249 σωμάτων
1719 1179 1855 1234 ἀνά-

282 1272 518 1322 eum,
577 1257 673 1311 τοῦ
718 1259 856 1313 Θεοῦ
908 1264 1035 1332 περὶ
1085 1266 1243 1336 ἡμῶν
1310 1272 1560 1340 κρεῖττόν
1607 1289 1659 1323 τι
1719 1288 1855 1344 προ-

283 1344 631 1415 ϐλεψαμένου
703 1348 790 1402 ἵνα
866 1352 945 1423 μὴ
1007 1356 1178 1423 χωρὶς
1246 1356 1404 1429 ήμῶν
1449 1359 1855 1413 τελειωθῶσιν

279 1447 561 1495 τουτέστιν
614 1444 703 1499 ἵνα
752 1445 828 1516 μή
862 1447 1033 1517 χωρὶς
1074 1446 1230 1518 ημῶν
1269 1449 1468 1505 ἐκεῖνοι
1522 1452 1853 1508 ἀναστῶσιν.

278 1534 342 1587 Εἰ
372 1536 481 1606 γάρ
523 1535 739 1597 ἐγένετο
769 1538 826 1591 ἐν
873 1539 1100 1604 ἐκείνοις
1134 1541 1166 1611 ή
1202 1540 1560 1608 ἐξανάστασις
1611 1543 1717 1597 τῶν
1751 1560 1858 1601 σω·

283 1624 496 1694 μάτων,
526 1626 617 1681 καῖ
648 1628 920 1683 ἀπέλαϐον
952 1631 1045 1689 καὶ
1075 1632 1144 1685 τὰ
1184 1631 1413 1704 σώματα
1448 1634 1587 1703 μετά
1618 1633 1725 1688 τῶν
1754 1633 1858 1703 ψυ-

276 1718 409 1791 χῶν,
444 1719 567 1773 οὓτε
604 1722 638 1792 ή
685 1723 950 1792 ἐνσαρκος
1001 1718 1283 1797 οίκογομῐα
1332 1726 1397 1779 ἂν
1434 1727 1672 1797 ἐγένετο,
1731 1726 1857 1785 οὔτε

278 1808 510 1877 Πέτρος.
540 1808 665 1863 οὔτε
711 1811 946 1879 Παῦλος,
977 1813 1101 1867 οὔτε
1129 1817 1156 1869 6
1185 1814 1371 1879 λοιπὸς
1399 1816 1506 1870 τῶν
1539 1816 1858 1873 ἀποστόλων

1964 633 2086 687 ideo
2121 635 2377 704 promisit
2413 635 2677 693 Dominus
2704 652 2764 695 se
2796 636 3088 693 humanam
3140 645 3392 694 naturam
3422 652 3542 693 sus-

1963 728 2284 801 cjlaturutu,
2332 729 2457 797 quia
2520 743 2814 800 corporum
2874 729 3273 787 resurrectioui
3338 718 3541 787 diuidi-

1963 835 2118 874 mus:
2155 835 2277 873 nam
2332 820 2379 876 si
2410 821 2460 875 id
2494 822 2736 892 patribus
2760 821 3051 887 evenisset,
3084 836 3187 879 nos
3216 823 3403 892 utique
3430 837 3541 891 non

1961 924 2243 977 essemus;
2276 909 2438 981 idque
2460 920 2542 967 est
2573 910 2719 982 quod
2760 908 2891 969 dicit
2912 911 3136 980 Paulus,
3170 927 3279 968 nou
3308 928 3538 985 accepe-

1965 1010 2116 1069 runt,
2144 1001 2238 1071 qui
2270 1001 2491 1057 fuerunt
2519 1011 2645 1059 ante
2697 1019 2820 1071 nos,
2848 1019 3141 1075 corporum
3179 1004 3542 1062 resurrectio-

1961 1111 2108 1159 nem,
2138 1094 2249 1153 Deo
2298 1111 2401 1169 pro
2455 1097 2615 1153 nobis
2640 1095 2834 1154 melius
2871 1097 3073 1169 aliquid
3102 1097 3443 1167 providente,
3480 1103 3541 1153 ut

1959 1202 2070 1241 non
2100 1187 2219 1240 sine
2277 1186 2437 1245 nobis
2466 1193 3002 1253 consummareutur,
3050 1185 3105 1242 id
3128 1195 3235 1252 est,
3263 1201 3371 1243 non
3420 1185 3541 1245 sine
3588 1248 3595 1276 1

1961 1279 2121 1335 nobis
2154 1280 2229 1333 illi
2272 1289 2584 1350 resurgant.
2609 1279 2665 1335 Si
2683 1280 2826 1336 enim
2853 1279 2907 1334 in
2937 1281 3004 1335 iis
3027 1295 3319 1350 corporum
3352 1294 3540 1337 resur-
3587 1278 3590 1283 ’

1946 1367 2132 1429 ’τοριῐο
2168 1370 2512 1440 contigisset,
2547 1385 2751 1441 suaque
2772 1384 3005 1443 corpora
3042 1383 3147 1425 una
3181 1383 3304 1425 cum
3329 1369 3542 1424 anima-

1961 1463 2064 1518 bus
2115 1463 2796 1539 recepissent,liucarnata
2867 1459 3202 1533 dispensatio
3261 1468 3545 1541 nunquam

1962 1553 2179 1619 fuisset,
2214 1570 2388 1626 neque
2403 1554 2627 1622 Petrus,
2643 1570 2821 1633 neque
2840 1555 3073 1620 Paulus,
3094 1568 3269 1624 neque
3294 1552 3543 1627 reliquus

1962 1646 2333 1717 apostolorum
2366 1648 2593 1715 chorus,
2618 1663 2792 1721 neque
2817 1636 3001 1717 patres
3034 1646 3211 1705 nosui
3245 1654 3298 1700 et
3351 1646 3541 1700 docto-

1963 1751 2073 1800 res,
2109 1750 2284 1807 neque
2331 1735 2629 1795 hierarchze
2658 1748 2712 1795 et
2733 1736 2907 1795 divini
2961 1736 3087 1803 viri,
3120 1736 3323 1809 quibus
3378 1735 3539 1792 hodie

1965 1828 2385 1900 locupletamur,
2428 1829 2605 1885 sancti
2638 1837 2693 1885 et
2743 1828 2938 1897 divini,
2987 1843 3083 1903 per
3124 1843 3263 1898 quos
3330 1825 3399 1881 ad
3447 1824 3539 1880 Dei

274 1900 458 1971 χορὸς.
475 1899 597 1956 οὕτε
614 1903 663 1961 oi
683 1903 921 1976 Πατέρες
938 1907 1097 1978 ήμῶν
1117 1909 1212 1962 καὶ
1229 1908 1560 1971 διδάσκαλοι,
1581 1908 1705 1964 οὔτε
1719 1910 1768 1964 οί
1786 1909 1854 1963 is-

280 1993 477 2023 ..ειηυιυ
501 1994 593 2023 υρὶ
621 1992 867 2023 α--...ε;.-.
913 1996 1005 2023 Αἱ-
1032 2000 1270 2023 -.ι..,Α--.
1299 1999 1635 2023 -ὶ-----ξ-----
1667 2001 1852 2023 L_-r--.-

1964 1920 2326 1994 cognitionem
2361 1918 2520 1993 quasi
2570 1935 2737 1979 manu
2792 1899 3059 1977 ducimur
3085 1932 3141 1977 et
3168 1922 3237 1976 ad
3296 1927 3538 1975 nostram

274 1993 482 2063 ράρχαι
501 1994 598 2051 καὶ
621 1992 893 2066 θεοφόροι,
911 1996 1005 2061 οὓς
1031 2000 1270 2070 σήμερον
1295 1999 1636 2074 πλουτοῦμεν
1659 2001 1852 2071 ἀγίους

272 2088 371 2171 καὶ
405 2086 725 2157 θεοφόρους,
755 2091 851 2145 καὶ
878 2091 1375 2164 χειραγωγούμεθα
1405 2093 1473 2147 δι’
1503 2094 1688 2149 αὐτῶν
1718 2091 1854 2166 πρὸς

269 2172 632 2242 οεογνωσίαν,
686 2179 781 2233 καὶ
828 2180 966 2250 πρὸς
1020 2181 1192 2253 αὐτὴν
1238 2182 1337 2254 τὴν
1367 2178 1645 2255 σωτηρίαν
1673 2184 1851 2257 ήμῶν.

281 2265 586 2325 Ἀλλ’χοῦτε
628 2270 791 2339 ήμεῖς
820 2270 884 2325 ἀν
919 2273 1241 2344 ἐγενόμεθα,
1268 2275 1392 2329 οὔτε
1435 2275 1558 2348 μεθ’
1581 2276 1730 2348 ἡμᾶς
1759 2276 1853 2333 ἀ).-

267 2357 357 2413 λοι
383 2374 398 2393 ε
434 2359 531 2413 καὶ
564 2358 722 2417 τοῦτό
751 2363 900 2416 ἐστιν
923 2362 952 2416 6
972 2367 1100 2437 περὶ
1121 2365 1277 2439 ήμῶν
1305 2369 1551 2438 κρεῖττον
1586 2367 1614 2420 6
1644 2365 1855 2432 Παῦλος

266 2449 487 2521 νομίζει
535 2447 675 2507 εἶναι
708 2440 865 2508 ’Ἵνα
920 2455 999 2528 μὴ
1051 2458 1223 2529 χωρὶς
1279 2457 1439 2529 ήμῶν
1488 2457 1855 2512 τελειωθῶσιν

268 2545 475 2601 ἐκείνοι
500 2560 516 2577 '
550 2546 667 2600 ἀλλ’
720 2548 807 2603 ἵνα
855 2552 1193 2621 περιμένωσι
1234 2554 1330 2606 καὶ
1358 2553 1508 2623 ἡμᾶς
1559 2553 1736 2608 ἐλθεῖν
1774 2552 1855 2617 είς

265 2637 336 2690 τδ
366 2634 506 2692 εἶναι
528 2654 546 2669 ”
593 2640 687 2694 καὶ
728 2639 851 2694 τότε
881 2638 1000 2711 ἅμα
1033 2641 1128 2697 καὶ
1158 2643 1318 2713 ήμεῐς
1367 2643 1490 2714 μετ’
1534 2644 1719 2697 αὐτῶν
1756 2642 1856 2717 τήν

266 2729 684 2800 τῶνσωμάτων
708 2732 1008 2789 ἀνάστασιν
1030 2733 1432 2806 ἐπενδυσάμεθα
1457 2751 1470 2766 ν
1499 2736 1595 2790 και
1623 2736 1692 2788 τὰ
1718 2734 1857 2805 γέρα

270 2824 379 2878 σὺν
414 2825 601 2889 αὐτοῖς
632 2824 730 2878 καὶ
762 2826 890 2889 τοὺς
936 2827 1234 2895 στεφάνους
1280 2825 1674 2899 ἀποληψόμεθα
1707 2825 1856 2898 παρά

269 2916 376 2971 τοῦ
411 2916 880 2988 ἐπαγγειλαμένου
911 2918 1009 2972 καὶ
1050 2918 1297 2990 ἀρχηγοῦ
1340 2918 1441 2990 τῆς
1481 2919 1855 2983 ἀναστάσεως,

272 3013 378 3067 καὶ
405 3010 697 3066 τελειωτοῦ
730 3011 928 3082 Ἰησοῦ.
963 3012 1273 3083 Γενομένης
1300 3013 1408 3085 γὰρ
1432 3013 1533 3084 τῆς
1563 3011 1858 3082 καθολικῆς

270 3105 634 3164 ἀναστάσεως
665 3104 776 3159 τῶν
820 3104 1111 3175 σωμάτων,
1144 3104 1268 3158 οὒτε
1297 3105 1510 3173 γένεσις
1551 3104 1633 3158 ἔτι
1682 3105 1857 3171 ἔσται,

268 3194 404 3253 οὔτε
438 3195 543 3269 μὴν
572 3196 750 3267 φθορά
772 3213 785 3226 ’
837 3196 975 3251 ἀλλά
1022 3196 1314 3267 ἀμφότερα
1355 3196 1611 3262 παύεται,
1643 3197 1739 3253 καὶ
1768 3198 1862 3252 οὗ-

1957 2015 2213 2079 salutcm,
2242 2020 2298 2069 at
2329 2026 2509 2084 neque
2533 2012 2705 2085 geniti
2733 2011 3051 2079 fuissemus,
3080 2027 3278 2091 “neque
3307 2010 3400 2066 alii
3423 2015 3543 2081 post

1956 2125 2090 2177 nos;
2121 2110 2286 2185 idque
2323 2117 2436 2178 est,
2464 2109 2611 2181 quod
2643 2125 2745 2183 pro
2777 2110 2938 2167 nobis
2966 2092 3161 2169 melius
3189 2106 3387 2187 Paulus
3418 2120 3542 2163 esse

1956 2188 2281 2267 arbitratur,
2313 2209 2513 2279 utlnon
2540 2201 2663 2263 sine
2692 2202 2850 2261 nobis
2884 2200 2960 2263 illi
2992 2206 3537 2263 consummareutur.

1958 2292 2053 2349 scd
2077 2307 2367 2367 quousque
2393 2306 2497 2353 nos
2542 2306 2867 2362 generemur
2891 2297 3292 2363 exspectarent,
3317 2296 3371 2347 ct
3409 2295 3543 2359 tunc

1959 2398 2061 2441 nos
2093 2384 2257 2440 etiam
2311 2398 2420 2442 una
2476 2397 2600 2439 cum
2651 2382 2761 2442 illis
2791 2396 3077 2451 corporum
3134 2378 3545 2439 resurrectione

1957 2471 2631 2543 iuduamur,pr:emiaque
2661 2480 2715 2529 et
2767 2485 3003 2531 coronas
3050 2468 3218 2529 simul
3255 2458 3381 2525 cum
3431 2467 3540 2522 illis

1958 2546 2326 2635 percipiem'us
2354 2581 2389 2623 a
2417 2562 2842 2622 resurrectionis
2875 2554 3233 2633 promissbre,
3263 2568 3318 2617 ct
3351 2568 3539 2614 aucto-

1957 2672 2038 2724 re,
2072 2668 2125 2715 et
2146 2656 2460 2726 perfectore
2475 2656 2627 2714 Iesu.
2650 2653 2791 2710 Nam
2812 2670 2936 2713 cum
2998 2668 3291 2725 corporum
3323 2653 3543 2708 univer-

1959 2751 2089 2805 salis
2113 2750 2443 2809 resurrectio
2470 2748 2634 2804 fuerit
2670 2749 3013 2815 subsecuta,
3061 2761 3238 2819 neque
3261 2746 3545 2821 generatio

1960 2841 2066 2897 erit
2096 2839 2355 2912 amplius,
2390 2855 2568 2913 neque
2606 2838 2907 2910 corruptio,
2940 2837 3036 2894 sed
3071 2847 3305 2907 utraque
3357 2848 3540 2889 cessa-

1960 2932 2123 2999 bunt,
2146 2948 2421 3004 nemoque
2455 2931 2690 3003 amplius
2709 2930 3058 3003 generabitur
3073 2942 3247 3001 neque
3276 2924 3542 2983 interibit.

1960 3026 2173 3083 Idcirco
2210 3036 2345 3081 tunc
2377 3039 2487 3083 non
2522 3022 2666 3078 facta
2705 3031 2791 3079 est
2813 3020 3170 3077 resurrectio.
3204 3018 3270 3074 Et
3320 3026 3545 3090 propter

1961 3132 2126 3189 quam
2162 3116 2327 3172 aliam
2353 3115 2424 3173 ob
2476 3112 2739 3175 causam?
2760 3110 2896 3180 Quia
2923 3127 3029 3167 non
3060 3111 3243 3171 adhuc
3309 3111 3545 3184 repletus

1962 3218 2046 3265 est
2074 3206 2230 3265 locus
2292 3207 2444 3263 illius
2491 3204 2705 3263 ordinis
2730 3205 2825 3277 qui
2862 3204 2930 3261 de
2960 3203 3103 3259 cmlo
3135 3201 3373 3271 cecidit;
3418 3215 3544 3255 nam

269 3293 392 3355 δεὶς
443 3290 524 3347 ἐτι
561 3291 845 3359 γεννᾶται,
897 3290 1023 3347 οὔτε
1082 3291 1190 3362 μὴν
1234 3290 1591 3360 ἀποθνήσκει.
1637 3292 1740 3349 Διά
1774 3309 1857 3347 τοι

1964 3301 2154 3358 scribit
2187 3299 2509 3373 Gregorius,
2539 3305 2904 3375 cognomento
2928 3294 3259 3369 Tlteologus,
3301 3294 3549 3365 superio—

270 3384 465 3449 τοῦτο,
508 3385 544 3455 ή
593 3386 893 3448 ἀνάστασις
941 3385 1044 3438 οὐκ
1087 3385 1306 3453 ἐγένετο
1353 3385 1500 3439 τότε.
1553 3384 1664 3440 Καὶ
1689 3383 1779 3438 διά
1809 3385 1862 3443 τί

268 3480 448 3546 illo;
485 3483 629 3535 Διότι
668 3481 770 3534 οὐκ
793 3477 1087 3551 ἐπληρώθη
1117 3481 1145 3537 ό
1166 3479 1551 3550 καταλειφθεὶς
1574 3478 1741 3541 τόπος
1765 3475 1863 3532 τοῦ

271 3570 550 3637 πεσόντος
584 3572 797 3629 ἐκείνου
827 3574 1128 3644 τάγματος.
1159 3571 1327 3643 Λέγει
1356 3570 1464 3641 γὰρ
1497 3572 1525 3626 6
1555 3570 1694 3635 θεῖος
1726 3569 1867 3642 Γρη·

270 3665 518 3734 ⁴γὸριοςὸ
569 3664 669 3736 τῆς
720 3663 1004 3733 θεολογίας
1049 3663 1363 3736 ἐπώνυμος,
1418 3681 1438 3716 ε
1500 3661 1866 3733 Πληρωθῆναι

270 3755 363 3809 δεῖ
404 3756 497 3811 τὸν
530 3758 644 3813 ἀνω
678 3755 905 3824 κόσμον.
949 3754 1185 3827 Χριστὸς
1231 3752 1466 3820 κελεύει,
1520 3751 1596 3822 μὴ
1631 3751 1866 3806 ἀντιτεί-

270 3864 462 3918 νωμεν
491 3865 504 3879 ’
533 3847 628 3902 καὶ
650 3849 678 3901 6
714 3847 994 3919 ὑπηρέτης
1026 3846 1164 3916 πρὸς
1203 3846 1298 3900 τὸν
1349 3846 1573 3914 Κύριονο
1613 3861 1632 3896 ι
1670 3842 1864 3913 Κύριε,

271 3939 504 4009 γέγονεν
532 3938 608 4005 ὡς
636 3939 929 4007 ἐπέταξας,
959 3940 1053 3994 καί⁵
1091 3938 1171 3992 ἔτι
1205 3939 1366 4000 τόπος
1401 3938 1541 3992 ἐστί.
1576 3955 1595 3988 ι
1638 3935 1746 3989 τοῦ
1779 3935 1869 3989 τό-

277 4050 388 4088 που
421 4028 514 4089 οὖν
568 4032 760 4088 τούτου
819 4034 896 4107 μή
945 4034 1099 4097 όντος
1152 4032 1279 4085 τότε
1331 4028 1791 4118 πεπληρωμένον,
1829 4028 1864 4099 ή

274 4124 643 4190 ἐξανάσῖασις
681 4127 792 4180 τῶν
848 4125 1061 4198 νεκρῶν
1113 4127 1215 4179 οἰκ
1259 4125 1482 4195 ἐγένετο
1532 4139 1546 4153 ·
1578 4122 1676 4177 καὶ
1727 4120 1868 4192 αὕτη

274 4222 436 4272 ἐστὶν
485 4222 517 4289 ή
568 4218 897 4288 ἐπαγγελία,
951 4218 1020 4291 ήν
1055 4221 1083 4273 6
1134 4202 1348 4283 Παῦλος
1398 4218 1535 4290 πρὸς
1578 4217 1870 4290 Ἐϐραίους

275 4296 473 4381 φησιν,
518 4311 596 4376 ὡς
634 4311 734 4364 οὐκ
779 4311 1107 4380 ἐκομίσαντο
1148 4310 1198 4364 ei
1252 4309 1358 4381 πρὸ
1397 4309 1558 4381 ἡμῶν
1641 4309 1750 4375 ἐτι,
1801 4311 1869 4382 ἣν

274 4400 399 4469 ἐγὼ
429 4396 586 4472 οἶμαι
618 4403 681 4455 οὐ
721 4396 1016 4471 γινώσκειν
1043 4400 1187 4472 ὑμᾶς
1221 4400 1326 4455 ἐτι.
1361 4400 1559 4469 Ἡμεῖς
1590 4399 1646 4455 5t
1678 4400 1872 4457 ἀναλε-

276 4496 512 4564 ξάμενοι
553 4494 650 4548 καὶ
681 4488 842 4558 αὖθις
889 4495 951 4548 τὸ
982 4492 1297 4568 εἰρημένον,
1349 4492 1693 4562 ἐπιδείξομεν
1738 4492 1870 4563 ὑμῖν

275 4586 405 4651 πῶς
435 4586 740 4657 ἐπαγγελία
765 4600 784 4619 ο
832 4587 928 4642 καὶ
977 4587 1110 4641 πότε
1149 4585 1249 4657 τὴν
1298 4585 1636 4656 ἐπαγγελίαν
1663 4582 1869 4654 ταύτην

1968 3406 2082 3447 rem
2110 3390 2378 3445 mundum
2438 3390 2640 3460 repleri
2671 3399 2948 3459 oportere.
2987 3387 3244 3445 Christus
3266 3386 3445 3456 jubet,
3479 3399 3548 3441 ne

1966 3482 2330 3539 obsistamus.
2361 3479 2430 3534 Et
2464 3480 2720 3536 minister
2751 3478 2820 3535 ad
2844 3478 3163 3543 Dominum,
3188 3476 3439 3539 Domine,
3472 3475 3550 3529 fa-

1966 3588 2115 3632 ctum
2144 3585 2227 3631 est
2263 3582 2322 3628 ut
2368 3573 2675 3644 imperasti,
2726 3581 2783 3641 et
2835 3570 2990 3626 locus
3022 3568 3210 3625 adhuc
3264 3576 3365 3623 est.
3411 3568 3549 3622 Cum

1968 3668 2132 3739 igitur
2160 3666 2315 3722 locus
2341 3663 2390 3721 is
2414 3672 2545 3720 tunc
2575 3662 2815 3732 repletus
2838 3674 2944 3721 non
2976 3657 3193 3721 fuisset.
3214 3659 3553 3713 resurrectio

1967 3770 2314 3818 mortuorum
2346 3771 2452 3817 non
2498 3763 2585 3813 est
2622 3755 2944 3820 subsecuta,
2980 3750 3205 3825 haecque
3252 3749 3548 3819 promissio

1965 3864 2053 3915 est
2092 3834 2257 3929 quam
2306 3848 2509 3906 Paulus
2542 3848 2608 3903 ad
2654 3847 2911 3902 Hebraeos
2939 3843 3095 3912 dicit,
3124 3841 3273 3912 quod
3290 3842 3385 3929 qui
3423 3852 3549 3897 ante

1968 3962 2071 4004 nos
2098 3945 2322 4001 fuerunt
2345 3942 2527 3997 adhuc
2562 3955 2670 3995 non
2700 3947 3052 4009 acceperunt,
3084 3951 3246 4008 quam
3283 3945 3418 4006 puto
3451 3949 3548 3990 vos

1969 4039 2149 4095 adhuc
2180 4050 2290 4092 non
2312 4034 2635 4104 intelligere.
2658 4031 2726 4087 At
2755 4044 2857 4086 nos
2878 4029 2932 4084 id
2958 4027 3161 4084 dictum
3184 4034 3549 4087 resutuentes,

1969 4128 2246 4207 quomodo
2297 4124 2723 4204 promissioxsit
2782 4121 3156 4185 ostendemus,
3218 4128 3273 4174 et
3331 4122 3552 4189 quando

1972 4221 2393 4298 promissionem
2428 4219 2574 4274 hanc
2624 4215 2902 4288 pollicitus
2939 4214 3007 4269 sit
3062 4212 3329 4269 Dominus
3384 4210 3548 4275 Deus,

1972 4315 2287 4388 quibusque
2313 4327 2435 4369 eam
2461 4319 2519 4367 et
2553 4310 2626 4365 ob
2654 4323 2820 4381 quam
2851 4320 3075 4363 causam
3124 4303 3403 4374 pollicitus
3445 4309 3550 4364 est,

1973 4407 2234 4478 deinceps
2264 4404 2534 4463 dicemus.
2560 4401 2695 4457 Cum
2726 4396 2893 4455 lsrael
2919 4398 3145 4453 salutem
3172 4408 3327 4451 suam
3353 4393 3552 4463 despc-

1973 4509 2170 4564 rasset,
2216 4511 2321 4553 nec
2367 4507 2708 4553 mortuorum
2767 4490 3017 4547 crederet
3067 4485 3548 4548 resurrectionem,

1972 4605 2097 4645 cum
2134 4588 2406 4655 dicerent,
2460 4582 2703 4640 Abscissi
2732 4594 2943 4649 sumus,
2983 4577 3147 4651 periit
3176 4591 3301 4647 spes
3336 4586 3548 4639 nostra,
3570 4650 3589 4659 ἣ

274 4680 553 4750 ὑπέσχετο
606 4678 810 4749 Κύριος
842 4680 871 4731 ὀ
903 4678 1037 4747 Θεός
1061 4692 1079 4711 ⁸
1109 4680 1205 4733 καὶ
1234 4678 1380 4733 τίσιν
1423 4676 1615 4748 αὐτὴν,
1648 4675 1743 4731 καὶ
1775 4674 1861 4731 διά

1975 4680 2377 4747 manducemus
2400 4687 2456 4735 et
2482 4676 2758 4741 bibamus,
2782 4687 2903 4729 cras
2932 4670 3250 4733 moriemur,
3298 4676 3429 4722 tunc
3469 4668 3551 4720 iu-

271 4771 447 4829 ¹ιτοίαν
477 4772 659 4826 αἰτίαν
709 4771 1002 4844 ὑπέσχετο,
1046 4771 1200 4827 ἐνθεν
1246 4772 1522 4844 ἐροῦμεν*
1554 4771 1610 4825 ἐν
1656 4769 1738 4841 τῷ
1770 4770 1861 4824 τὸν

1972 4772 2201 4845 spiravit
2228 4769 2497 4826 Dominus
2532 4766 2875 4839 prophetam,
2902 4773 2956 4819 ut
3013 4760 3210 4834 populo
3243 4757 3449 4814 diceret
3488 4774 3553 4813 ne

287 4867 516 4939 Ἰσραήλ
560 4867 877 4936 ἀπογνῶναι
907 4868 1009 4940 τῆς
1054 4867 1329 4940 σωτηρίας
1364 4865 1554 4933 αὐτοῦ,
1594 4864 1651 4918 ἐν
1678 4861 1758 4934 τῷ
1791 4863 1861 4934 μὴ

1966 4879 2260 4935 corporum
2318 4858 2738 4931 resurrectionij
2766 4854 3053 4927 diffideret,
3085 4852 3551 4929 polliceretur-que

236 4946 241 4951 ’
273 4960 533 5028 νομίζειν
560 4959 661 5031 τήν
686 4960 799 5014 τῶν
821 4960 1032 5032 νεκρῶν
1057 4959 1440 5029 ἐξανάστασιν,
1468 4960 1525 5012 ἐν
1553 4957 1632 5028 τῷ
1657 4956 1861 5027 λέγειν,

1966 4957 2034 5014 iis
2051 4973 2111 5014 se
2126 4971 2353 5029 corpora
2370 4964 2559 5013 eorum
2573 4950 2725 5013 arida
2744 4946 3232 5014 exsuscitaturum,
3247 4959 3417 5015 seque
3432 4957 3556 4999 car-

280 5070 307 5105 ε
348 5051 883 5124 Διαπεφωνήκαμεν,
931 5050 1212 5107 ἀπόλωλεν
1248 5054 1281 5122 ή
1333 5053 1489 5119 ἐλπὶς
1520 5046 1715 5122 ὴμῶνθ
1759 5048 1861 5117 φάς

1964 5050 2151 5118 nibus,
2176 5048 2363 5107 nervis
2378 5060 2443 5102 ac
2469 5054 2596 5102 cute
2626 5042 2969 5108 induturum,
3012 5039 3379 5111 spiritumque
3399 5033 3557 5088 datu-

277 5162 512 5217 γιρμεν,
567 5144 784 5217 πίωμεν
812 5160 829 5177 ⁸
892 5143 1089 5216 αὔριον
1144 5142 1594 5214 ἀποθνήσκομεν.
1651 5161 1670 5194 ι
1728 5139 1861 5192 Τότε

1968 5162 2093 5202 rum
2129 5154 2184 5203 et
2229 5145 2282 5205 in
2323 5141 2624 5199 Jerusalem
2672 5139 3054 5194 restituturqu
3083 5147 3203 5202 quae
3249 5130 3382 5185 visio
3406 5127 3554 5198 pacis

279 5239 520 5310 ἐμπνέει
550 5238 759 5310 Κύριος
789 5241 879 5293 τὸν
910 5237 1201 5308 προφήτην
1235 5238 1413 5291 εἰπεῖν
1442 5236 1580 5307 πρὸς
1608 5232 1702 5290 τὸν
1742 5233 1861 5286 λαὸν

1968 5249 2126 5297 estet
2164 5239 2384 5295 dicitur.
2408 5235 2644 5294 Ubinam
2671 5227 2979 5287 sunthaec?
3023 5224 3180 5297 Apud
3216 5219 3550 5277 Ezechielem

282 5331 372 5403 μή
390 5332 643 5385 άπιστεῖν
669 5332 768 5402 τὴν
784 5330 893 5385 τῶν
920 5331 1191 5399 σωμάτων
1213 5330 1537 5395 ἀνάστασιν,
1569 5330 1666 5382 καὶ¹
1691 5329 1861 5395 ἐπαγ-

1973 5332 2297 5405 prophetam
2330 5328 2511 5400 capite
2564 5324 2845 5381 tricesimo
2898 5319 3169 5390 septimo;
3212 5315 3347 5370 dicit
3405 5314 3552 5368 enim

280 5420 578 5491 οίείλασθαι
608 5422 792 5483 αὐτοῖς
828 5422 910 5476 ὅτι
939 5422 1234 5493 ἀναστήσει
1264 5421 1471 5490 Κύριος
1496 5419 1563 5472 τὰ
1595 5417 1734 5471 ὀστᾶ
1773 5416 1861 5469 αὺ-

1972 5422 2191 5477 divinus
2221 5421 2311 5475 hic
2341 5419 2642 5490 propheta:
2683 5433 2701 5467 ι
2728 5411 2895 5467 Facta
2924 5417 3010 5465 est
3052 5421 3214 5478 super
3243 5420 3330 5461 me
3357 5416 3555 5458 manus

280 5514 401 5568 τῶν
425 5515 496 5567 τά
531 5511 695 5587 ξηρά,
742 5514 837 5573 καὶ
873 5513 1082 5567 ἐνδόσει
1132 5513 1273 5567 αὐτά
1324 5513 1536 5584 σάρκας
1578 5513 1673 5564 καὶ
1703 5509 1873 5582 νεῦρα

287 5604 387 5660 καὶ
416 5604 629 5681 δέρμαο
666 5606 762 5660 καὶ
795 5604 1016 5675 πνεῦμα
1048 5606 1230 5659 δώσει.
1272 5605 1385 5660 Καὶ
1422 5600 1873 5674 ἀποκαταστήσει

291 5698 494 5763 αὐτοὺς
527 5700 607 5764 είς
631 5699 729 5771 τήν
761 5700 1148 5770 Ἰερουσαλήμ.
1186 5702 1258 5753 Ἥ
1288 5701 1480 5771 ὅρασις
1508 5700 1732 5770 εἰρήνης
1755 5699 1872 5751 ἐστί

291 5806 358 5842 τε
398 5791 493 5847 καὶ
519 5790 763 5861 λάγεται.
791 5793 904 5846 Ποῦ
926 5794 1102 5848 ταῦτα
1129 5795 1306 5846 κεῖται
1333 5812 1349 5861 ;
1384 5795 1473 5848 Ἐν
1501 5792 1582 5865 τῷ
1612 5792 1874 5860 Ίεζεκιὴλ

294 5886 377 5956 τῷ
403 5884 661 5968 προφήτῃ
686 5900 700 5915 '
750 5885 809 5940 ἐν
826 5886 1108 5959 κεφαλαίῳ
1132 5887 1450 5959 τριακοστῷ
1476 5887 1708 5957 ἑϐδόμῳ.
1735 5888 1874 5956 Φησὶ

1974 5512 2211 5591 Domini,
2238 5522 2292 5568 et
2314 5509 2504 5568 eduxit
2527 5523 2616 5563 me
2647 5507 2702 5565 in
2738 5504 2938 5577 spiritu
2995 5497 3231 5565 Domini,
3263 5504 3316 5553 et
3350 5495 3553 5550 dimisit

1974 5623 2060 5662 me
2083 5607 2137 5661 in
2164 5605 2344 5661 medio
2365 5602 2545 5672 campi
2564 5600 2656 5674 qui
2678 5610 2796 5656 erat
2820 5597 3013 5669 plenus
3034 5593 3276 5651 ossibus.
3305 5589 3557 5644 Circum-

1976 5700 2129 5753 duxit
2159 5713 2245 5754 me
2267 5712 2362 5769 per
2380 5711 2446 5752 ea
2486 5695 2540 5749 in
2567 5709 2723 5765 gyro.
2748 5691 3124 5745 Eraut'autem
3189 5685 3361 5740 multa
3401 5682 3555 5736 valde

1976 5806 2142 5861 super
2202 5790 2395 5846 faciem
2417 5787 2622 5858 campi,
2682 5785 2938 5853 siccaque
3000 5781 3375 5835 vehementer.
3411 5794 3430 5826 ι
3490 5772 3556 5825 Et

1978 5883 2116 5939 dixit
2148 5883 2214 5939 ad
2262 5896 2391 5937 me:
2437 5879 2578 5936 «Fili
2623 5877 2881 5935 hominis.
2921 5884 3151 5930 nnmsue
3186 5872 3368 5927 virent
3428 5883 3559 5923 ossa.
