3992 6420
333 427 470 492 1305

820 423 970 484 PRO
996 427 1208 488 CONC.
1237 427 1610 489 FLORENT.
1650 426 1808 487 CAP.
1858 427 1950 486 lY.
2003 426 2102 486 DE
2149 418 2576 488 FliUlTlONE
2611 424 3096 487 SANCTORUH.

3436 419 3578 482 1306

325 544 384 596 ιν
422 540 500 610 τῷ
534 538 742 606 ἀνοῖξαί
781 560 845 609 με
895 543 1023 606 τοὺς
1055 543 1258 610 τάφους
1285 545 1441 613 ὑμῶν
1491 544 1617 606 λαός
1650 562 1776 613 μου,
1811 546 1902 597 καὶ

2009 548 2285 601 pollicitus
2307 559 2384 600 est
2408 545 2550 599 Deus
2586 545 2830 612 patribus
2861 541 3054 595 vestris
3103 554 3197 607 per
3257 538 3576 605 prepltetam

327 631 520 698 ἀνάξαι
551 633 696 701 ὑμᾶς
737 633 800 686 ἐκ
839 634 946 687 τῶν
999 637 1300 703 μνημάτων
1331 635 1490 704 ὑμῶν
1513 657 1526 668 ·
1562 637 1659 689 καὶ
1698 636 1900 701 εἰσάξω

326 727 404 789 είς
425 727 526 794 τὴν
560 726 665 794 γῆν
692 724 788 778 τοῦ
813 725 1051 796 Ἰσραήλ.
1089 747 1107 780 ι
1153 727 1299 796 Αῦτη
1339 729 1486 781 ἐστὶν
1531 731 1564 800 ή
1597 729 1901 797 ἐπαγγελία

325 819 392 887 ἣν
424 818 791 886 ἐπηγγείλατο
820 819 850 870 6
875 820 1031 883 Θεὸς,
1057 821 1152 874 καὶ
1183 822 1450 890 ὑπέσχετο
1487 825 1598 877 τοῖς
1629 824 1900 890 πατράσιν

322 908 480 978 ὑμῶν
511 909 600 964 διὰ
624 907 719 963 τοῦ
754 911 1034 984 προφήτου
1065 911 1286 965 τούτου*
1322 915 1649 984 ἀναστήσειν
1678 915 1898 978 αὐτοὺς,

322 1002 414 1054 καὶ
459 1001 641 1056 δοῦναι
684 1003 887 1066 αὐτοῖς,
929 1005 1042 1067 τοῖς
1073 1004 1249 1069 ἀξίοις
1295 1005 1558 1076 δηλονότι,
1600 1008 1696 1061 καὶ
1729 1023 1898 1061 κεκα-

322 1093 638 1162 θαρμένοις,
669 1095 790 1148 ἀντὶ
819 1095 919 1163 τῆς
959 1096 1204 1164 ἐπιγείου
1250 1098 1628 1166 Ἰερουσαλὴμ,
1676 1099 1777 1164 τὴν
1803 1097 1897 1150 ού-

322 1191 509 1252 ράνιον
554 1190 648 1241 καὶ
678 1190 1058 1257 ἀτελεύτητον,
1094 1191 1162 1260 ἢν
1195 1191 1293 1244 οὐκ
1336 1192 1662 1260 ἐκομίσαντο
1689 1190 1790 1254 ἔτι,
1824 1190 1899 1250 ῶς

321 1300 491 1350 φησιν
540 1285 568 1337 6
613 1285 885 1355 μακάριος
939 1285 1170 1351 Παῦλος,
1222 1285 1315 1338 τοῦ
1367 1286 1504 1339 Θεοῦ
1553 1287 1680 1357 περὶ
1740 1286 1899 1356 ἡμῶν

321 1376 572 1443 κρεῖττόν
603 1393 654 1428 τι
689 1377 1164 1447 προϐλεψαμένου.
1197 1379 1286 1432 ῖνα
1323 1378 1397 1448 μὴ
1436 1379 1605 1450 χωρὶς
1628 1379 1785 1449 ήμῶν
1809 1395 1899 1430 τε-

323 1469 976 1535 λειωθῶσι,ρτουτέστιν,
1027 1473 1116 1526 ἴνα
1147 1472 1223 1541 μὴ
1267 1473 1438 1542 χωρὶς
1490 1472 1649 1542 ήμῶν
1699 1472 1897 1524 ἐκεῖνοι

321 1561 598 1614 ἀναστῶσι
637 1561 773 1632 μηδὲ
802 1564 903 1632 τὴν
938 1563 1131 1633 στολὴν
1159 1564 1255 1616 καὶ
1285 1563 1386 1634 τὴν
1417 1563 1779 1633 λαμπρότητα
1803 1563 1896 1616 τοῦ

323 1652 577 1720 σώματος
606 1653 1017 1724 ἀπολήψωνται,
1043 1654 1174 1726 πρὶν
1201 1656 1269 1709 ἃν
1299 1656 1394 1708 καὶ
1424 1655 1550 1717 τοὺς
1576 1653 1899 1717 συνδούλους

321 1745 416 1795 καὶ
448 1743 711 1812 ἀδελφοὺς
752 1748 1121 1816 περιμείνειεν
1152 1748 1476 1817 ἀναστῆναι.
1511 1748 1817 1817 Γενομένης
1841 1747 1898 1799 δὲ

319 1835 420 1928 τῆς
465 1836 817 1928 παγκοσμίου
842 1838 1220 1928 ἀναστάσεως,
1256 1839 1376 1893 τότε
1407 1839 1832 1910 πληρωθήσεται
1862 1840 1896 1907 ἡ
1932 1875 1970 1928 Β

325 1924 640 1994 ἀπαγγελία
691 1926 785 1980 τοῦ
817 1927 1072 1999 Σωτῆρος
1117 1928 1276 1998 ήμῶν
1307 1928 1443 1982 Θεοῦ
1469 1946 1485 1962 ο
1537 1930 1629 1983 καὶ
1656 1931 1896 1998 τῐιναστή⁹

319 2035 510 2072 σονται
559 2017 739 2073 πάντα
768 2020 836 2072 τὰ
887 2020 1000 2072 τῶν
1049 2021 1354 2090 ἀνθρώπων
1386 2022 1619 2092 σ·τιματα
1643 2039 1656 2054 ·
1709 2026 1804 2078 καὶ
1839 2024 1899 2077 τὸ

317 2112 756 2181 συναμφότερον,
812 2111 930 2182 ἀμα
956 2113 1105 2184 ψυχὴ
1155 2115 1252 2168 καὶ
1295 2115 1481 2183 σῶμα,
1528 2117 1899 2185 ἀπολήψονται

313 2204 383 2257 τὸ
399 2203 604 2258 τέλειον
625 2219 638 2232 ·
654 2204 902 2258 τουτέστι
919 2204 1143 2269 τελείως
1159 2209 1264 2275 τὴν
1293 2210 1692 2277 μακαριότητα.
1712 2211 1899 2277 Τούτῳ

313 2296 397 2362 τῷ
425 2295 569 2365 λόγῳ
600 2299 1060 2366 συμμαρτυρήσει
1090 2315 1182 2367 μοι
1209 2300 1304 2352 καὶ
1333 2300 1548 2362 Λουκᾶς
1575 2303 1602 2354 6
1623 2302 1899 2366 θειότατος

315 2391 723 2460 εὐαγγελιστής
749 2406 761 2425 ο
789 2391 848 2443 ὲν
868 2385 949 2453 οἷς
974 2394 1031 2444 ἐν
1056 2394 1175 2453 ταῖς
1197 2393 1306 2445 τῶν
1337 2394 1652 2447 ἀποστόλων
1681 2394 1900 2461 ἐξέθετο

315 2482 584 2553 Πράξεσι,
621 2482 798 2551 λέγων
854 2483 992 2551 πρὸς
1039 2483 1329 2548 Ἰουδαίους
1354 2502 1368 2516 ·
1407 2503 1428 2538 ε
1469 2485 1697 2556 ’Δνδρες
1745 2486 1900 2540 ἀδελ-

315 2575 436 2641 «μδ,
473 2573 602 2642 ὑμῖν
632 2574 662 2626 6
693 2574 856 2642 λόγος
906 2575 1004 2644 τῆς
1061 2577 1337 2647 σωτηρίας
1388 2579 1668 2650 ἀπεστάλη
1695 2598 1712 2614 ο
1753 2580 1804 2632 oi
1853 2579 1900 2634 δ’

316 2661 584 2732 ἄρχοντες
617 2665 796 2734 ὑμῶν.
840 2667 1030 2720 τοῦτον
1075 2669 1468 2738 ἀγνοήσαντες,
1499 2671 1774 2741 ᾐτήσαντο
1806 2677 1902 2728 Πι-

315 2753 505 2817 λᾶτον,
558 2754 915 2823 ἀναιρεθῆναι
952 2755 1042 2808 τὸν
1081 2755 1287 2810 δίκαιον
1332 2755 1543 2826 Ἰησοῦν
1566 2773 1581 2788 ο
1615 2759 1711 2812 καὶ
1748 2758 1901 2812 τελέ-

319 2863 518 2909 σαντες
558 2847 736 2900 πάντα
769 2847 838 2900 τά
887 2849 1018 2917 περὶ
1067 2849 1231 2902 αὐτοῦ
1297 2848 1682 2919 γεγραμμένα,
1739 2851 1903 2905 καθεο

324 2939 514 3002 λόντες
563 2938 670 2991 ἀπὸ
702 2939 796 2991 τοῦ
850 2939 1030 3006 ξύλου,
1079 2941 1285 3010 ἔθηκαν
1349 2944 1407 2995 ὲν
1463 2942 1754 3013 μνημείῳο
1790 2945 1818 2997 6
1846 2945 1903 2998 δὲ

319 3031 460 3094 Θεὸς
484 3030 648 3085 αὐτὸν
671 3032 896 3102 ήγειρεν
921 3034 983 3085 ὲκ
1011 3034 1223 3102 νεκρῶν
1247 3051 1262 3062 ’
1290 3035 1350 3096 ὃς
1377 3033 1533 3106 ὤφθη
1565 3037 1656 3089 ἐπὶ
1687 3035 1903 3104 ἡμέρας

319 3127 544 3190 πλείους
574 3129 686 3189 τοῖς
742 3128 1112 3180 συναναϐᾶσιν
1143 3127 1291 3196 αὐτῷ
1329 3129 1438 3181 ἀπὸ
1472 3130 1572 3198 τῆς
1616 3129 1901 3192 Γαλιλαίας

2007 641 2170 695 hunc.
2207 655 2266 692 se
2304 639 2668 692 excitaturum
2699 651 2813 697 eos,
2851 643 2904 687 et
2940 635 3189 688 daturum
3254 631 3339 693 iis,
3371 631 3583 684 scilicet

2003 733 2182 802 dignis
2216 741 2270 786 et
2301 733 2574 784 ntnndatis
2609 745 2704 798 pro
2740 740 2948 782 terrena
3017 727 3320 785 Jerusalem
3385 723 3586 791 sempi-

2007 835 2215 880 ternam
2239 835 2291 877 et
2322 825 2440 878 sine
2465 825 2591 886 line,
2631 838 2793 891 quam
2855 821 3095 875 nondum
3135 826 3484 886 acceperunt,
3525 824 3584 867 ut

2005 919 2194 972 beatus
2227 916 2406 983 inquit
2427 915 2651 978 Paulus,
2679 915 2786 968 Deo
2804 928 2899 982 pro
2919 911 3076 966 nobis
3097 910 3294 964 melius
3321 907 3578 977 quiddam

2003 1009 2322 1078 providente
2357 1017 2460 1062 :ut
2485 1023 2591 1060 non
2648 1007 2767 1061 sine
2801 1004 2958 1058 nobis
2987 1004 3019 1057 ii
3053 1012 3360 1066 resurgant,
3406 1015 3579 1060 neque

2002 1101 2198 1156 stolam
2232 1112 2287 1154 et
2319 1098 2664 1169 Splendoretn
2707 1098 2955 1169 corporis
2994 1096 3254 1162 recipiant
3285 1102 3576 1159 antequmu

2002 1213 2394 1252 conservorum
2420 1207 2473 1252 et
2508 1197 2735 1250 fratrum
2770 1192 3230 1248 resurrectionem
3259 1193 3582 1253 exspectent

2001 1299 2056 1346 et
2079 1291 2318 1346 videant.
2345 1291 2479 1344 Cum
2521 1306 2652 1344 vero
2678 1289 2846 1341 totius
2874 1286 3056 1340 mundi
3104 1283 3266 1337 fuerit
3339 1293 3583 1332 resurre~
3683 1331 3686 1334 .

2001 1385 2110 1438 ctio
2141 1391 2460 1444 consecuta,
2494 1391 2624 1435 tunc
2680 1378 2982 1433 Salvatoris
3013 1374 3108 1429 Dei
3133 1371 3304 1426 nostri
3348 1367 3582 1437 promis-

2001 1477 2086 1530 sio
2125 1475 2536 1540 sdimplebitur,
2587 1481 2642 1526 et
2673 1472 2929 1528 universa
3007 1467 3293 1522 hominum
3349 1473 3581 1528 corpora

2001 1574 2321 1634 resnrgent;
2349 1575 2402 1620 et
2433 1572 2664 1625 utraque
2701 1561 2886 1626 simul,
2919 1559 3100 1613 anima
3137 1565 3191 1611 et
3212 1568 3429 1621 corpus,
3459 1567 3585 1619 per-

2001 1658 2292 1713 Iectionem
2325 1672 2430 1711 una
2461 1655 2753 1723 recipient,
2790 1653 2842 1707 id
2881 1661 2965 1706 est
3018 1648 3322 1719 perfectam
3353 1643 3584 1700 beatitu-

2002 1752 2207 1806 dinem.
2243 1748 2418 1820 llujus
2450 1748 2526 1802 rei
2555 1749 2708 1802 testis
2733 1759 2947 1799 meeum
2979 1741 3082 1797 erit
3138 1740 3310 1796 Lucas
3351 1750 3586 1805 evange-

2003 1846 2153 1909 lista,
2182 1843 2236 1896 in
2263 1842 2405 1896 libro
2427 1840 2517 1894 ubi
2549 1837 2922 1908 apostolorum
2947 1845 3066 1890 acta
3128 1830 3405 1898 exposuit,
3456 1843 3582 1883 cum

2001 1938 2134 1992 dicit
2162 1937 2227 1990 ad
2270 1933 2526 1991 Iudaeos:
2592 1931 2746 1985 «Viri
2771 1929 2995 1993 fratres,
3035 1926 3192 1980 vobis
3223 1924 3446 1977 verbum
3492 1935 3584 1973 sa-

2000 2029 2130 2085 lutis
2179 2027 2344 2097 huius
2399 2025 2628 2081 missum
2687 2031 2795 2077 est.
2862 2019 3146 2088 Principes
3198 2015 3366 2071 vestri
3434 2013 3584 2066 hunc

2001 2124 2315 2190 ignorantes
2343 2119 2617 2189 petierunt
2645 2131 2675 2169 a
2704 2114 2902 2175 Pilato,
2937 2121 2996 2166 ut
3031 2108 3407 2166 interﬁcerent
3435 2122 3582 2160 cum.

1998 2213 2247 2281 Cumque
2277 2214 2746 2265 consummassent
2775 2203 2957 2258 omnia
2987 2216 3109 2270 qua;
3152 2215 3183 2254 a
3234 2200 3343 2252 Deo
3381 2198 3582 2264 scripta

2000 2313 2179 2367 erant,
2214 2303 2548 2372 deponentes
2577 2313 2702 2352 eum
2737 2296 2806 2351 de
2830 2296 2976 2365 ligno
3002 2306 3295 2364 posuerunt
3319 2293 3369 2345 iu
3392 2305 3584 2344 monu-

2002 2410 2209 2455 meuto.
2245 2398 2388 2452 Deus
2425 2407 2556 2448 vero
2615 2389 2902 2445 susettavit
2951 2402 3074 2441 eum
3109 2401 3136 2439 a
3171 2385 3424 2440 mortuis.
3476 2382 3582 2448 Qui

2001 2494 2153 2548 visus
2177 2499 2261 2546 est
2284 2503 2381 2558 per
2406 2487 2525 2541 dies
2547 2483 2746 2538 multos
2778 2481 2863 2535 bis
2895 2479 2990 2548 qui
3031 2478 3194 2534 simul
3217 2476 3584 2532 ascenderant

2002 2598 2032 2639 ε
2063 2583 2285 2640 Galilaea
2317 2581 2369 2634 in
2404 2575 2735 2636 Jerusalem,
2768 2573 2862 2640 qui
2911 2586 3057 2624 nunc
3088 2576 3213 2623 sunt
3249 2577 3414 2622 testes
3464 2565 3584 2632 ejus

2002 2679 2068 2732 ad
2100 2677 2330 2744 plebem.
2358 2681 2414 2727 et
2461 2686 2558 2724 nos
2592 2667 2742 2722 vobis
2777 2664 3164 2720 annuntiamus
3197 2675 3315 2714 eam
3355 2673 3480 2726 qua:
3515 2657 3580 2710 ad

2003 2779 2221 2823 nostros
2245 2765 2598 2834 repromissio
2633 2761 2772 2816 facta
2804 2766 2910 2820 est,
2941 2755 3208 2825 quoniam
3239 2753 3383 2806 hanc
3439 2750 3584 2803 Deus

2005 2860 2320 2926 adimplevit
2348 2857 2472 2911 ﬁliis
2501 2855 2705 2910 nostris
2732 2849 3071 2907 resuscitans
3094 2844 3279 2900 Jesum
3318 2842 3385 2899 °'.
3421 2860 3438 2891 ι
3469 2842 3585 2895 Att-

2003 2951 2089 3005 dis
2111 2951 2133 3003 ?
2154 2948 2575 3002 Promissionem
2610 2944 2766 3006 dicit,
2828 2956 2951 3010 quae
2981 2938 3046 2991 ad
3081 2944 3262 3005 patres
3313 2932 3451 2986 facta
3479 2939 3582 2985 est.

2006 3041 2181 3109 Quam
2214 3037 2680 3109 promissionem?
2715 3034 3050 3089 Mortuorum
3086 3029 3297 3085 scilicet
3339 3038 3584 3080 resurre-

2007 3133 2271 3196 ctionem,
2308 3144 2471 3199 quam
2517 3123 2863 3182 conﬁrmavit
2911 3131 2962 3176 et
2994 3119 3290 3175 declaravit
3339 3113 3497 3168 nobis
3525 3101 3596 3167 ii?

315 3219 406 3282 είς
439 3219 803 3289 Ἰερουσαλήμ
830 3236 843 3249 ο
869 3219 1088 3282 οἵτινές
1117 3221 1224 3273 εἰσι
1252 3224 1531 3292 μάρτυρες
1565 3223 1731 3276 αὐτοῦ
1761 3223 1898 3292 πρὸς

2009 3226 2098 3280 liis
2127 3233 2340 3294 patrum
2375 3222 2616 3286 illorum,
2647 3235 2744 3287 per
2767 3217 3224 3272 resurrectionem
3265 3211 3396 3265 Iesu
3424 3205 3584 3261 Chri.

316 3311 414 3364 ⁴τὸν
442 3310 570 3366 λαόν
598 3326 612 3341 ⁶
653 3312 743 3365 καὶ
775 3313 936 3382 ήμεῐς
969 3311 1440 3382 εὐαγγελιζόμεθα
1489 3315 1589 3384 τὴν
1617 3315 1753 3383 πρὸς
1776 3317 1899 3378 τοὺς

318 3404 571 3474 πατέρας
602 3404 934 3471 ιπαγγελίαν
966 3405 1272 3474 γενομένην
1297 3423 1312 3437 ο
1360 3406 1443 3458 ὅτι
1476 3405 1684 3476 ταύτην
1714 3409 1743 3460 ὁ
1773 3406 1903 3469 Θεὸς

317 3494 728 3564 ἐκπεπλήρωκε
766 3497 877 3558 τοῖς
932 3496 1145 3560 τέκνοις
1189 3497 1366 3551 αὐτᾶν
1402 3497 1556 3568 ἡμῖν,
1589 3497 1902 3569 ἀναστήσας

337 3586 566 3655 Ἰησοῦν.
624 3606 642 3640 r
679 3587 967 3655 Ἀκούεις;
1001 3589 1098 3660 τὴν
1150 3589 1482 3657 ἐπαγγελίαν
1527 3591 1661 3660 φησὶ
1685 3591 1784 3660 τὴν
1813 3608 1904 3656 γε-

319 3679 559 3748 νομένην
591 3679 727 3749 πρὸς
747 3681 873 3743 τοὺς
907 3680 1176 3748 πατέρας·
1205 3682 1370 3733 ποίαν
1399 3681 1736 3749 ἐπαγγελίαν
1759 3698 1774 3748 ;
1804 3682 1903 3750 τὴν

318 3770 432 3824 τῶν
473 3770 682 3840 νεκρῶν
718 3770 1084 3836 ἐξανάστασιν
1130 3773 1329 3843 δηλαδή
1352 3790 1368 3806 ο
1405 3791 1423 3824 ε
1461 3771 1562 3825 Ἢν
1603 3766 1932 3827 ἐϐεϐαίωσε’

318 3863 419 3917 καὶ
443 3861 710 3932 ῖδήλωσεν
738 3864 768 3916 6
794 3864 930 3928 Θεὸς
958 3865 1094 3934 ήμῖν
1119 3867 1230 3927 τοῖς
1255 3866 1472 3929 τεκνοις
1499 3865 1610 3919 τῶν
1642 3867 1902 3937 πατέρων

317 3952 567 4017 ἐκείνων,
596 3954 670 4006 δι’
702 3954 1055 4018 ἀναστάσεως
1073 3954 1249 4025 Ἰησοῦ
1285 3955 1523 4024 Χριστοῦ
1556 3959 1620 4010 ἐκ
1648 3957 1862 4028 νεκρῶν
1883 3972 1900 3989 ο

319 4037 387 4099 οὗ
440 4047 600 4115 ἡμεῖς
647 4046 815 4116 ἐσμεν
865 4045 1122 4114 ἀψευδεῖς
1169 4046 1271 4116 τῆς
1322 4047 1677 4112 ἀναστάσεως
1735 4049 1902 4102 αὐτοῦ

323 4138 608 4209 μάρτυρες
633 4153 649 4170 ο
683 4138 865 4202 αὐτοῖς
901 4137 1009 4207 γάρ
1053 4138 1358 4208 ὀφθαλμοῖς
1409 4141 1738 4211 ἑωράκαμεν
1761 4157 1776 4173 ο
1810 4143 1904 4196 καὶ

321 4233 379 4284 al
408 4231 592 4300 χεῖρες
631 4231 795 4302 ήμῶν
824 4231 1205 4303 ἐψηλάφησαν.
1241 4235 1350 4287 Καὶ
1392 4235 1502 4288 ίδοὺ
1555 4235 1903 4304 εὐαγγελιζό-

325 4324 470 4392 μεθα
511 4326 638 4396 ὑμῖν
680 4325 890 4396 Ἰησοῦν
937 4325 1175 4394 Χριστὸν
1217 4326 1563 4395 πρωτότοκον
1598 4329 1660 4380 ἐκ
1689 4327 1902 4398 νεκρῶν

317 4421 655 4483 ἀλαστάντα,
684 4421 762 4482 εἰς
793 4419 1086 4489 βεϐαίωσιν
1112 4420 1206 4489 τῆς
1233 4420 1502 4488 ἀψευδοῦς
1533 4422 1702 4476 αὐτοῦ
1731 4424 1902 4490 ἐπαγ-

2008 3319 2078 3374 sti
2107 3336 2136 3370 α
2172 3316 2443 3382 mortuis;
2493 3313 2652 3383 cujus
2683 3309 3105 3366 resurrectionis
3130 3319 3230 3360 nos
3268 3302 3383 3359 veri
3420 3305 3586 3354 testes

2006 3425 2196 3466 sumus
2224 3427 2238 3466 :
2270 3409 2474 3463 nostris
2494 3408 2638 3461 enim
2671 3405 2851 3460 oculis
2893 3400 3256 3471 inspeximus,
3306 3404 3359 3450 et
3390 3408 3584 3448 manus

2005 3510 2206 3556 nostrae
2236 3501 2543 3570 palparunt.
2572 3497 2634 3551 Et
2658 3512 2788 3551 ecce
2815 3495 2968 3549 vobis
2987 3490 3379 3548 annuntiamus
3396 3486 3581 3542 Jesum

2005 3593 2283 3648 Christum
2317 3587 2768 3659 primogenitum,
2826 3586 2917 3654 qui
2951 3597 2980 3637 a
3011 3581 3242 3637 mortuis
3287 3575 3590 3634 resurrexit

2005 3686 2072 3739 ad
2114 3698 2254 3738 vene
2293 3697 2407 3738 suae
2441 3678 2827 3749 promissionis
2885 3672 3402 3736 confirmationem;
3462 3683 3585 3721 nam

2006 3793 2104 3848 per
2133 3775 2592 3830 resurrectionem
2641 3784 2797 3825 suam
2844 3775 3077 3821 mortem
3133 3776 3429 3830 evacuans.
3461 3759 3586 3813 uni-

2004 3869 2266 3925 versalem
2297 3867 2444 3922 illam
2463 3873 2516 3920 et
2536 3862 2872 3919 tremendam
2904 3856 3367 3913 resurrectionem
3398 3858 3588 3905 osten-

2002 3961 2105 4026 dit,
2141 3973 2304 4028 quatn
2339 3955 2614 4028 pollicitus
2643 3961 2728 4008 est
2782 3948 3029 4022 patribus
3078 3943 3304 4006 nostris,
3354 3948 3415 3995 ut
3460 3927 3590 3992 ante

2004 4051 2207 4106 dictum
2237 4061 2341 4105 est.
2376 4067 2394 4100 ι
2418 4048 2486 4101 Ει
2507 4047 2624 4116 ipse
2647 4055 2733 4100 est
2753 4043 2846 4114 qui
2903 4039 3178 4112 promisit,
3207 4045 3262 4093 et
3293 4036 3345 4090 iu
3403 4033 3588 4101 seipso

2005 4147 2240 4217 primmn
2265 4143 2452 4198 volens
2472 4137 2845 4196 ostenditeam
2861 4177 2876 4202 ,
2909 4148 3036 4189 cum
3055 4133 3121 4186 ad
3143 4139 3390 4185 mortuos
3411 4125 3588 4180 venis-

2007 4216 2089 4293 set
2120 4247 2174 4291 et
2199 4237 2267 4291 ab
2297 4236 2378 4288 eis
2406 4233 2802 4302 primogenitus
2866 4224 3286 4284 resurrcxisset,
3327 4233 3488 4288 quam
3529 4216 3585 4274 in

2006 4335 2113 4388 line
2161 4330 2486 4385 saeculorum
2525 4325 2778 4381 omnibus
2835 4321 2886 4374 in
2937 4331 3226 4374 commune
3273 4310 3588 4382 prtebeltim

2005 4427 2215 4481 Idcirco
2249 4433 2298 4477 et
2337 4419 2733 4491 primogenitus
2767 4411 3100 4466 universalis
3165 4407 3313 4461 illius
3338 4417 3588 4457 resurre-

319 4513 532 4580 γελίας.
562 4513 831 4583 Ἐδήλωσε
851 4514 959 4585 γὰρ
985 4513 1072 4568 διὰ
1096 4515 1192 4585 τῆς
1217 4513 1381 4568 αὑτοῦ
1397 4515 1748 4578 ἀναστάσεως
1776 4533 1900 4570 κατ·

2004 4517 2204 4573 ctionis
2223 4515 2477 4569 Christus
2495 4511 2715 4571 dicitur,
2731 4515 2791 4560 ut
2811 4504 3012 4566 Paulus
3029 4504 3219 4557 beatus
3234 4497 3502 4552 exclamat
3519 4493 3588 4560 ⁸³,

319 4607 584 4676 αργήσας
620 4608 713 4660 τὸν
745 4605 1001 4673 θάνατον,
1023 4606 1120 4677 τὴν
1147 4607 1489 4677 παγκόσμιον
1541 4609 1762 4677 ἐκείνην
1808 4611 1902 4662 καὶ

239 4775 244 4780 θ
316 4697 560 4768 φοϐερὰν
609 4697 993 4764 ἐξανάστασιν,
1038 4699 1105 4768 ήν
1146 4698 1416 4768 ὑπέσχετο
1465 4701 1577 4762 τοῖς
1618 4699 1898 4770 πατράσιν

318 4790 496 4858 ἡμῶν,
533 4789 608 4854 ῶς
655 4790 1004 4861 προείρηται.
1043 4791 1155 4845 Καὶ
1188 4791 1355 4852 αὑτός
1384 4792 1533 4845 ἐστιν
1560 4793 1589 4845 6
1636 4793 1902 4861 ἐπαγγεισ-

315 4882 590 4952 λάμενοςο
627 4882 720 4936 καὶ
772 4884 832 4935 ὲν
878 4882 1028 4954 αὐτῷ
1059 4883 1296 4955 πρώτως
1337 4885 1572 4955 θελήσας
1621 4885 1901 4950 ὑπέδειξεν

316 4974 516 5043 αὐτὴν,
552 4976 846 5046 γενόμενος
877 4978 937 5030 ἐν
967 4978 1203 5046 νεκροῖς,
1233 4977 1328 5030 καὶ
1357 4977 1598 5041 ἀναστάς
1632 4977 1690 5042 ιε
1724 4979 1903 5033 αὐτῶν

320 5065 705 5136 πρωτότοκοςο
746 5067 814 5137 ήν
871 5068 968 5121 καὶ
1017 5068 1111 5121 ἐπὶ
1173 5068 1461 5140 συντελείᾳ
1500 5069 1612 5123 τῶν
1664 5069 1900 5136 αἰώνων,

318 5158 520 5222 κοινῶς
556 5160 690 5212 πᾶσι
723 5160 1041 5227 παρέξεται.
1084 5159 1184 5214 Διά
1215 5160 1374 5214 τοῦτο
1413 5162 1507 5214 καὶ
1560 5162 1902 5232 πρωτότοκος

315 5249 419 5318 τῆς
449 5250 840 5320 οἰκοῦμενικῆς
874 5253 1090 5322 ἐκείνης
1123 5253 1472 5316 ἀναστάσεως
1494 5256 1523 5307 6
1549 5254 1786 5325 Χριστὸς
1812 5255 1903 5308 13'—

317 5357 502 5408 γεται,
551 5343 735 5405 καθὼς
785 5343 997 5406 Παῦλος
1044 5344 1146 5415 βοᾷ
1191 5345 1220 5397 6
1255 5346 1552 5416 μακάριος,
1612 5347 1700 5400 ἵνα
1751 5347 1902 5421 δείξῃ

316 5434 454 5502 ήμῖν
482 5433 566 5488 ὅτι
595 5434 760 5498 αὐτός
789 5436 940 5489 ἐστιν
975 5438 1004 5490 6
1038 5438 1284 5507 ἀρχηγὸς
1317 5441 1411 5492 καὶ
1460 5441 1666 5511 Κύριος
1696 5440 1788 5492 καὶ
1812 5455 1902 5492 τε-

317 5526 552 5596 λειωτής
586 5527 818 5598 ταύτης.
851 5530 991 5596 Φησὶ
1033 5531 1177 5599 γάρ’
1214 5549 1234 5583 ε
1278 5531 1516 5602 Χριστὸς
1565 5531 1814 5601 ἐγερθεὶς
1841 5534 1904 5584 ἐκ

320 5617 553 5686 νεκρῶν,
613 5619 840 5692 ἀπαρχὴ
891 5622 1000 5674 τῶν
1034 5624 1458 5694 κεκοιμημένων
1510 5624 1767 5692 ἐγένετο·
1814 5623 1902 5674 ἵνα

319 5706 354 5781 ᾖ
384 5709 543 5771 αὐτὸς
575 5712 644 5763 τὰ
687 5711 863 5766 πάντα
908 5715 966 5768 ὲν
1000 5719 1136 5771 πᾶσι
1169 5717 1489 5786 πρωτεύων,
1522 5717 1615 5770 καὶ
1658 5717 1743 5768 ἵνα
1776 5716 1906 5767 ὑπο-

2012 4619 2074 4664 υῑ
2098 4608 2260 4663 nobis
2290 4603 2546 4660 ostendat
2573 4615 2698 4654 eum
2737 4608 3018 4652 auctorem
3047 4608 3167 4648 esse
3197 4589 3510 4652 Dominum,
3535 4595 3591 4640 et

2004 4698 2362 4769 periecrorem
2387 4696 2528 4764 ejus.
2564 4690 2750 4759 luquit
2805 4670 2952 4742 enim
2985 4701 2998 4740 :
3045 4703 3061 4735 ι
3086 4683 3341 4739 Christus
3402 4694 3588 4736 resur-

2002 4807 2136 4862 gens
2165 4807 2195 4845 a
2237 4788 2473 4844 mortuis
2539 4783 2797 4854 primitiae
2846 4777 3234 4834 dormientium
3285 4772 3460 4826 factus
3483 4778 3588 4833 est,

2003 4895 2064 4941 ut
2094 4885 2212 4953 ipse
2238 4880 2598 4949 undequaque
2621 4877 2674 4929 in
2699 4875 2952 4928 omnibus
2972 4871 3182 4939 primus
3202 4875 3371 4929 esset,
3403 4873 3458 4916 et
3487 4862 3587 4929 ipsi

2004 4979 2189 5032 omnia
2246 4973 2645 5041 subjicerentur
2668 4967 2714 4998 ⁸³
2753 4984 2803 5021 ,ι
2845 4964 2913 5024 Et
2953 4965 3151 5017 iterum
3214 4979 3228 5016 ;
3292 4975 3309 5009 ι
3334 4956 3592 5013 Christus

2005 5077 2258 5124 mortuus
2291 5075 2395 5130 est,
2427 5073 2482 5117 et
2533 5059 2862 5122 resurrexit,
2897 5065 2952 5110 et
2983 5054 3232 5123 vixit,,ut
3257 5061 3314 5105 et
3350 5055 3594 5102 mortuo-

2003 5177 2126 5218 rum
2150 5170 2206 5214 et
2233 5158 2479 5211 vivorqu
2499 5153 2808 5208 dominetur
2836 5149 2939 5203 “.3
2969 5146 3218 5214 Amplius
3243 5160 3258 5208 ς
3295 5162 3311 5193 ι
3341 5141 3443 5206 Qui
3473 5155 3596 5192 sus—

2003 5254 2190 5308 citavit
2214 5251 2428 5316 Iesum,
2462 5256 2519 5304 cl.
2544 5263 2646 5302 nos
2679 5261 2802 5300 cum
2825 5244 2954 5299 Jesu
2979 5237 3287 5296 suscitabit,
3316 5245 3368 5288 et
3391 5229 3598 5288 εουδιίρ

2003 5356 2117 5402 tuet
2151 5346 2435 5400 nobiscum
2474 5343 2538 5396 ⁵⁸.
2570 5361 2588 5392 ι
2635 5341 2901 5395 Przeterea
2939 5351 2954 5388 :
2992 5331 3100 5386 r-Et
3133 5320 3242 5385 nos
3311 5326 3592 5394 rapientur

2013 5455 2138 5494 cum
2181 5437 2288 5491 illis
2317 5434 2371 5489 in
2395 5413 2635 5489 nubibus
2651 5430 2868 5486 obviam
2901 5425 3122 5480 Christo
3155 5422 3207 5472 in
3241 5435 3364 5474 aera
3395 5433 3408 5469 :
3439 5423 3492 5468 et
3515 5415 3594 5469 sic

2013 5543 2231 5598 semper
2266 5541 2388 5584 cum
2442 5526 2676 5581 Domino
2712 5518 3052 5578 erimus“.i
3113 5515 3259 5570 ldem
3310 5510 3513 5566 Paulus
3540 5508 3594 5567 in

2009 5620 2396 5692 Apostolorum
2453 5617 2622 5682 Actis,
2663 5625 2721 5668 ut
2752 5614 2925 5668 Lucas
2983 5609 3196 5674 scribit,
3248 5603 3591 5674 inquit.cum

2017 5712 2251 5780 Agrippa
2298 5724 2424 5776 rege
2445 5721 2754 5764 sermonem
2787 5705 2995 5759 habens
3049 5716 3062 5752 :
3107 5719 3124 5749 ε
3157 5698 3330 5753 Vitam
3370 5694 3595 5764 quidem

396 5820 588 5902 “Act.
613 5841 731 5894 aut,
756 5825 824 5883 '26
851 5846 1004 5902 seqq.
1086 5831 1384 5900 "001055.,
1415 5846 1454 5898 ι,
1483 5830 1571 5887 iii.
1651 5830 1696 5861 ⁴²
1724 5831 1741 5883 l
1770 5830 1893 5884 Cor.
1921 5842 2009 5890 xv,
2037 5825 2128 5879 28.
2210 5823 2254 5856 δ”
2291 5822 2449 5878 Rom.
2481 5837 2588 5887 xiv,
2630 5822 2681 5873 fl.
2761 5819 2802 5849 εδ
2835 5818 3090 5881 [Conv-1,
3129 5815 3211 5885 ii.
3290 5811 3332 5842 6°
3356 5809 3372 5866 Ι
3395 5809 3594 5874 Thess.

324 5904 398 5958 ιν,
450 5891 532 5948 16.
