3992 6466
457 402 591 468 1311
1618 404 1941 465 JOSEPHI
1980 404 2032 464 Μ

2105 394 2526 462 l‘llONENSlS
3568 402 3681 467 1312

449 515 1183 589 primatumvelntejusdem
1232 515 1433 572 scholae
1476 516 1610 572 socii
1674 517 2025 581 detulerunt;

2101 563 2107 579 _
2138 517 2394 584 πρόεδροι
2425 516 2534 568 τῶν
2563 515 2760 579 ἄλλων,
2793 500 2902 570 τῶν
2927 517 3102 571 ἀλλων
3125 515 3224 579 τάς
3247 518 3468 585 γνώμας
3497 519 3677 586 ἔλεγονο

449 613 594 666 unde
623 621 677 664 et
707 608 967 664 audacter
1023 609 1239 664 Christo
1300 608 1592 674 respondet
1631 626 1644 661 :
1691 627 1709 659 ι
1750 607 2025 676 Magister,

2136 608 2163 660 6
2184 609 2241 662 δέ
2267 609 2489 678 Πέτρος,
2516 609 2623 660 τῶν
2644 608 2958 663 ἀποστόλων
2982 609 3244 681 ὑπάρχων
3266 611 3543 680 πρόεδρος,
3565 614 3685 684 ὑπὲρ

450 705 760 769 interrogas
788 717 948 772 quem
1015 709 1067 754 te
1095 700 1330 754 dit-imus
1355 702 1518 755 esse?
1572 709 1628 753 tu
1663 715 1723 754 es
1781 698 2026 754 Christus

2139 699 2365 753 ἐκείνων
2400 701 2498 770 τὴν
2534 700 2834 768 ἀπολογίαν
2868 704 3124 756 ποιεῖται.
3169 701 3556 772 ’Υπεχὼρησαν
3596 705 3688 772 γὰρ

450 796 624 851 Filius
656 797 743 850 Dei
789 795 916 850 vivi.
963 813 978 846 ι
1025 793 1322 849 Considera
1353 792 1693 861 magniﬁratu
1731 791 1871 846 Petri
1906 807 2026 845 con-

2139 790 2332 861 ἐκείνῳ
2354 791 2422 845 τά
2449 793 2693 862 πρωτεῖα
2722 793 2772 844 οἱ
2799 791 3086 848 θιασῶται.
3117 792 3282 846 Ὅθεν
3305 793 3399 844 καὶ
3419 795 3550 861 μετά
3570 796 3690 864 παῤ-

451 889 744 943 fessionem
773 904 790 954 ;
824 887 944 941 ideo
971 897 1027 941 et
1055 887 1306 940 Salvator
1343 885 1411 938 ad
1467 900 1592 938 eum
1615 899 1629 912 ⁸
1665 901 1683 934 ι
1726 882 1920 937 Beatus
1950 896 2027 945 es|

2141 883 2344 952 ρησίας
2367 883 2724 952 ἀποκρίνεται
2752 883 2831 951 τῷ
2859 881 3083 954 Χριστῷ
3111 883 3306 950 λέγων,
3342 901 3362 934 ι
3399 884 3689 937 Διδάσκαλε·

453 977 641 1033 Simon
678 978 933 1046 Barjona,
961 978 1085 1043 quia
1120 993 1249 1031 caro
1282 986 1337 1030 et
1387 974 1608 1045 sanguis
1638 990 1744 1028 non
1781 974 2029 1028 rerelavil

2141 975 2352 1044 ἐρωτᾷς
2383 975 2510 1028 τίνα
2546 991 2605 1028 σε
2633 975 2976 1045 γνωρίζομεν
2999 971 3137 1028 εἶναι
3165 990 3182 1043 ;
3215 975 3280 1026 σὺ
3311 969 3363 1026 εἷ
3397 975 3424 1025 6
3455 975 3693 1040 Χριστὸς,

452 1071 570 1136 tibi,
610 1087 715 1125 non
757 1073 994 1126 humana
1027 1070 1293 1139 sapientia
1329 1069 1431 1124 hoc
1482 1077 1534 1122 te
1591 1067 1798 1130 docuit.
1857 1081 2028 1136 neque

2139 1067 2168 1118 6
2197 1065 2322 1126 Υἱὸς
2350 1065 2445 1118 τοῦ
2477 1065 2612 1119 Θεοῦ
2640 1063 2734 1119 τοῦ
2767 1065 2991 1130 ζῶντος.
3025 1085 3044 1119 ι
3079 1067 3280 1120 Σκόπει
3306 1066 3408 1133 τὴν
3431 1064 3699 1134 ὁμολογίαν

450 1166 520 1218 ab
550 1162 864 1216 hominibus
897 1161 1155 1242 didicisti,
1185 1161 1276 1214 sed
1304 1160 1460 1214 Pater
1487 1173 1639 1214 meus
1666 1158 1758 1226 qui
1800 1157 1852 1210 iu
1883 1155 2026 1210 caelis

2143 1156 2242 1211 τοῦ
2275 1158 2484 1228 Πέτρου
2519 1156 2594 1222 ὡς
2627 1158 2862 1229 ὑψηλήν.
2897 1157 2988 1212 Διὸ
3035 1159 3131 1213 καὶ
3156 1161 3184 1212 6
3224 1157 3419 1228 Σωτὴρ
3460 1157 3590 1228 πρὸς
3617 1158 3700 1210 αὖ·

455 1261 539 1309 est
595 1253 734 1307 hanc
788 1252 884 1306 tibi
937 1249 1314 1305 admirabilem
1377 1249 1698 1314 theologiam
1755 1246 2031 1302 revelavit.

2140 1251 2259 1305 τὸν⁸
2298 1251 2615 1320 «Μακάριος
2644 1245 2716 1315 εἳ,
2751 1251 2936 1318 Σίμων
2967 1251 3082 1321 Bap
3123 1252 3304 1316 Ἰωνᾶ,
3351 1250 3437 1302 ὅτι
3467 1248 3598 1317 σὰρξ
3623 1249 3699 1300 καὶ

452 1347 614 1400 Pater
648 1346 817 1416 igitur
859 1359 1014 1399 meus
1045 1353 1095 1398 te
1127 1343 1331 1399 docuit.
1373 1339 1484 1412 Ego
1519 1352 1696 1396 autem
1731 1341 1828 1396 tibi
1890 1340 2028 1402 dico,

2141 1333 2281 1412 αἷμα
2305 1341 2407 1395 οὐκ
2439 1341 2760 1412 άπεκάλυψέ
2787 1359 2872 1401 σοι
2902 1341 3116 1398 τοῦτο.»
3156 1343 3270 1395 Ούκ
3296 1341 3608 1411 ἀνθρωπίνη
3630 1356 3701 1392 σο-

452 1435 595 1502 quod
626 1444 680 1487 tu
723 1449 784 1488 es
817 1432 1033 1496 Petrus,
1070 1442 1121 1486 et
1145 1446 1313 1501 super
1335 1430 1477 1486 hanc
1519 1441 1728 1502 petram
1758 1428 2028 1485 aediﬁcabo

2145 1433 2245 1504 φία
2280 1451 2337 1488 σε
2369 1433 2530 1487 τοῦτο
2566 1435 2807 1500 ἐδίδαξεν
2827 1449 2844 1469 ⁸
2876 1435 2998 1488 οὐδὲ
3039 1435 3100 1499 ἐξ
3127 1433 3434 1505 ἀνθρώπων
3471 1432 3698 1502 μεμάξη-

457 1525 756 1578 Ecrlesiam
789 1539 984 1590 meam,
1016 1533 1072 1578 et
1097 1534 1263 1594 porta:
1292 1522 1453 1577 interi
1501 1537 1611 1577 non
1670 1523 2033 1591 praevalebunt

2145 1543 2251 1592 κας
2281 1544 2296 1560 ⁸
2333 1527 2450 1582 ἀλλ’
2483 1530 2510 1582 6
2549 1530 2737 1598 Πατήρ
2775 1546 2876 1599 μου
2913 1531 2941 1582 δ
2985 1531 3043 1582 ἐν
3071 1530 3185 1591 τοῖς
3218 1528 3492 1598 οὐρανοῖς,
3521 1524 3699 1591 ταύτην

457 1617 720 1671 adversus
753 1631 895 1670 ram.
936 1635 954 1668 ι
979 1613 1166 1686 Neque
1198 1616 1285 1670 hic
1335 1615 1602 1678 substitit,
1652 1615 1761 1668 imo
1815 1629 2033 1684 progre-

2143 1617 2242 1689 τὴν
2275 1617 2595 1689 Θαυμαστὴν
2637 1619 2955 1690 ἀπεκάλυψέ
3007 1637 3090 1674 σοι
3138 1619 3449 1686 Θεολογίαν.
3533 1618 3588 1672 ’0
3623 1618 3701 1687 μὲν

456 1709 611 1761 diens
650 1707 805 1772 dicit,
838 1724 858 1759 ι
898 1705 961 1762 Et
986 1706 1128 1761 dabo
1159 1707 1255 1761 tibi
1274 1706 1452 1762 claves
1481 1707 1632 1774 regni
1657 1706 1919 1761 rtelorum
1956 1704 2032 1774 :lel

2146 1705 2239 1763 οὖν
2271 1713 2463 1782 Πατήρ
2490 1730 2592 1782 μου
2627 1711 2837 1778 ἐδιδαξέ
2863 1729 2922 1769 σε
2957 1711 3154 1767 ταῦτα.
3186 1711 3332 1780 Ἐγὼ
3364 1712 3420 1766 δέ
3452 1729 3532 1764 σοι
3560 1710 3697 1777 λέγω,

456 1813 796 1870 quaecunque
837 1798 1090 1868 ligaveris
1126 1815 1290 1866 super
1324 1809 1557 1862 terram,
1587 1806 1748 1852 erunt
1783 1797 1943 1867 ligata
1988 1804 2032 1852 el

2144 1801 2228 1854 ὅτι
2261 1802 2326 1856 σὺ
2362 1798 2414 1856 sl
2459 1803 2667 1873 Πέτρος
2690 1820 2704 1835 ⁸
2733 1806 2827 1856 καὶ
2857 1804 2950 1857 ἐπὶ
2985 1803 3161 1876 ταύτῃ
3203 1806 3271 1874 τῇ
3307 1803 3489 1873 πέτρᾳ
3525 1803 3703 1854 οἰκοδο-

460 1892 515 1946 in
572 1892 764 1958 caelis;
825 1901 879 1946 et
931 1907 1280 1961 quaecunque
1330 1890 1562 1944 solveris
1613 1905 1775 1955 super
1821 1900 2036 1956 terram,

2153 1892 2316 1963 μήσω
2353 1908 2456 1963 μου
2479 1892 2577 1964 τήν
2603 1892 2930 1963 Ἐκκλησίαν
2951 1908 2964 1923 ⁸
3002 1893 3097 1947 καὶ
3127 1894 3294 1946 πύλαι
3327 1893 3456 1965 ᾅδου
3485 1893 3544 1945 οὐ
3576 1907 3705 1944 κατι-

459 1991 621 2037 erunt
647 1983 825 2036 soluta
853 1993 904 2035 et
935 1983 987 2035 in
1018 1982 1173 2037 caelis
1203 1981 1354 2036 ⁸³⁸⁸.»
1393 1980 1528 2046 Quis
1557 1980 1764 2052 crgolse
1787 1979 2035 2033 Christia-

2151 1984 2444 2054 σχύσουσιν
2469 1986 2642 2056 αὐτῆς
2663 2003 2677 2017 ⁸
2714 2005 2734 2038 ι
2775 1988 2868 2042 καὶ
2895 1987 2956 2040 ού
2999 1987 3162 2058 μέχρι
3209 1985 3407 2040 τούτου
3440 1986 3584 2052 ἔστη.
3607 1981 3704 2036 ἀλλ’

463 2091 593 2128 nutn
632 2074 912 2144 professus
940 2076 1055 2130 haec
1096 2075 1407 2146 abnegabit,
1442 2074 1548 2130 nisi
1607 2073 1746 2128 forte
1788 2072 2039 2128 Christia-

2147 2076 2435 2145 ἑπομένως
2461 2077 2615 2148 λέγει
2644 2094 2659 2109 ⁸
2704 2098 2723 2130 ι
2761 2080 2870 2134 Καὶ
2903 2079 3058 2132 δώσω
3097 2095 3180 2132 σοι
3209 2077 3307 2136 τάς
3339 2078 3490 2140 κλεῖς
3513 2075 3606 2144 τῆς
3628 2073 3706 2143 βα·

461 2165 702 2221 nismum
759 2181 958 2220 exuere
1000 2165 1175 2220 velit?
1494 2171 1505 2188 '

2150 2170 2358 2236 σιλείας
2407 2173 2518 2226 τῶν
2559 2173 2833 2243 ούρανῶν⁸
2887 2174 2978 2226 καὶ
3018 2173 3122 2226 ὅσα
3173 2173 3269 2227 ἐὰν
3304 2171 3478 2243 δήσῃς
3515 2170 3599 2222 ἐπὶ
3625 2167 3704 2232 τῆς

463 2263 588 2330 γῆς,
623 2265 776 2316 ἔσται
823 2262 1084 2331 δεδεμένα
1111 2263 1169 2315 ἐν
1201 2266 1314 2328 τοῖς
1352 2263 1641 2336 οὐρανοῖς·
1695 2263 1792 2318 καὶ
1823 2265 1923 2318 ὅσα
1952 2264 2048 2318 ἐὰν
2079 2263 2252 2337 λύσῃς
2281 2269 2376 2323 ἐπὶ
2421 2269 2523 2340 τῆς
2587 2271 2716 2340 γῆς,
2763 2271 2917 2326 ἔσται
2967 2271 3244 2340 λελυμένα
3295 2271 3359 2322 ἐν
3405 2269 3516 2327 τοῖς
3564 2265 3706 2336 οὖρα.

461 2362 596 2422 νυῖς.
633 2378 652 2410 ι
687 2358 781 2422 Τίς
831 2356 923 2412 οὖν
971 2359 1031 2412 ἐν
1084 2360 1432 2431 Χριστιανοῖς
1485 2356 1678 2424 τελῶν,
1745 2361 2045 2432 ἀρνήσεται
2081 2361 2375 2432 ταῦτα;εί
2409 2364 2487 2437 μὴ
2514 2366 2812 2437 προφανῶς
2845 2363 3146 2421 ἀποδάλλοι
3200 2363 3266 2417 ἂν
3311 2362 3407 2440 τὸν
3472 2359 3704 2430 Χριστιαι

463 2455 674 2525 νισμόν.

1226 2548 1294 2618 ιι.
2901 2546 2980 2603 B'.

539 2641 647 2698 Sed
674 2641 803 2713 quid
858 2641 950 2697 hic
998 2641 1266 2713 objiciunt
1323 2643 1414 2714 qui
1478 2643 1529 2698 id
1581 2641 1938 2713 oppugnant?
1969 2641 2050 2696 Ad

2239 2643 2404 2698 Ἀλλά
2427 2641 2482 2696 τί
2506 2641 2644 2712 πρὸς
2663 2640 2821 2694 τοῦτό
2845 2656 3010 2708 φασιν
3029 2640 3080 2693 οἱ
3107 2637 3564 2710 ἀπιμαχὸμενοι;
3590 2634 3705 2700 ιῐρδις

469 2749 660 2790 omnes
720 2734 822 2788 hoc
882 2735 1014 2789 dixit
1075 2735 1322 2790 Christus
1389 2735 1479 2789 ubi
1544 2736 1716 2789 dicit:
1752 2754 1770 2786 ι
1807 2734 2045 2803 Accipite

2159 2740 2371 2800 πάντας
2408 2736 2566 2789 τοῦτο
2598 2734 2798 2805 ἔφησεν
2841 2735 2870 2788 6
2906 2734 3142 2803 Χριστὸς
3182 2731 3310 2785 ἔνθα
3368 2731 3532 2797 λέγει,
3572 2748 3588 2778 ι
3622 2727 3707 2778 Λά-

467 2825 729 2894 Spiritum
760 2835 1027 2880 sanctum.
1049 2824 1292 2890 Quorum
1328 2826 1649 2881 remiseritis
1677 2835 1918 2893 peccata,
1963 2840 2043 2879 re-

2161 2829 2286 2881 δετε
2319 2829 2540 2895 Πνεῦμα
2587 2826 2741 2894 ἅγιον
2764 2842 2779 2858 ⁸
2818 2825 2885 2879 ἄν
2910 2841 3077 2878 τινων
3108 2823 3284 2892 ἀφῆτε
3313 2823 3415 2885 τὰς
3443 2817 3705 2889 ἁμαρτίας,

467 2919 750 2972 mittentur
781 2917 880 2984 eis,
908 2925 954 2971 el
982 2931 1213 2985 quorum
1233 2916 1588 2980 retinueritis,
1610 2924 1814 2969 retenta
1833 2915 2043 2979 suut';t

2160 2919 2414 2987 ἀφίενται
2447 2918 2631 2978 αὐτοῖς
2655 2931 2670 2945 ⁸
2707 2917 2773 2970 ἄν
2797 2931 2960 2968 τινων
2989 2916 3251 2984 κρατῆτε,
3285 2913 3659 2982 κεκράτηνται.
3687 2926 3701 2958 ι

465 3019 521 3062 et
584 3009 709 3062 alibi
774 3022 789 3060 :
862 3027 880 3056 ι
947 2993 1086 3062 Ecce
1151 3007 1277 3062 dedi
1332 3007 1484 3061 vobis
1558 3015 1882 3075 potestatem
1943 3005 2041 3058 cal-

2161 3011 2270 3063 Καὶ
2300 3006 2560 3078 ἀλλαχοῦ,
2609 3026 2627 3059 ι
2667 3007 2802 3060 Ἰδοὺ
2832 3004 3025 3072 δίδωμι
3056 3005 3184 3073 ὑμῖν
3211 3005 3308 3072 τὴν
3343 3001 3585 3068 ἐξουσίαν
3631 2996 3705 3050 τοῦ

469 3103 630 3157 candi
687 3116 854 3171 supra
921 3111 1208 3170 serpentes
1253 3111 1305 3155 ct
1366 3098 1710 3167 scorpiones,
1767 3105 1821 3149 et
1889 3111 2045 3164 super

2162 3103 2354 3154 πατεῖν
2385 3101 2571 3153 ἐπάνω
2600 3099 2778 3166 ὄφεων
2820 3098 2914 3151 καὶ
2947 3097 3246 3167 σκορπίων,
3296 3097 3395 3149 καὶ
3433 3095 3523 3148 ἐπὶ
3553 3094 3705 3146 πᾶσαν

468 3207 686 3244 omnem
756 3191 1008 3245 virtutem
1043 3189 1247 3244 inimici
1284 3188 1344 3256 ³;
1387 3208 1405 3240 ι
1443 3200 1493 3242 et
1530 3203 1720 3242 rursus
1755 3203 1769 3238 :
1802 3205 1820 3236 ι
1859 3185 2044 3238 Euntet

2162 3195 2260 3262 τὴν
2290 3193 2520 3262 δύναμιν
2566 3192 2662 3244 τοῦ
2698 3190 2912 3261 ἐχθροῦ.
2953 3209 2970 3242 ι
3031 3191 3138 3242 Καὶ
3167 3185 3260 3253 αὖ,
3299 3209 3318 3240 ι
3375 3185 3705 3256 Πορευθέντες

453 3275 525 3334 ’ἱιι
564 3280 822 3334 mundum
848 3279 1192 3342 universum,
1222 3277 1508 3348 praedicate
1531 3275 1877 3346 Evangeliuni
1911 3290 2029 3328 num

2166 3288 2245 3348 εἰς
2264 3287 2354 3338 τὸν
2379 3285 2584 3354 κόσμον
2607 3283 2840 3347 ἅπαντα,
2859 3281 3134 3352 κηρύξατε
3156 3281 3216 3334 τὸ
3238 3279 3566 3348 Εὑαγγέλιον
3581 3274 3703 3341 πάσῃ

469 3383 833 3438 creaturae“
901 3379 956 3427 et
1009 3370 1180 3426 alibi:
1254 3387 1272 3421 ι
1353 3368 1705 3438 ριιωουηίιιιο
1763 3367 2045 3437 ligavcritis

2158 3379 2223 3448 τῇ
2253 3377 2451 3430 κτίσει.
2491 3393 2510 3428 ι
2546 3377 2654 3428 Καὶ
2686 3373 2934 3444 ἑτέρωθι,
2971 3391 2990 3424 ι
3033 3373 3174 3424 Ὅσα
3209 3370 3276 3425 ἂν
3296 3370 3496 3440 δήσητε
3517 3368 3600 3419 ἐπὶ
3627 3362 3705 3429 τῆς

472 3481 635 3536 super
668 3474 889 3530 terram,
922 3471 1084 3517 erunt
1110 3463 1267 3532 ligata
1307 3471 1359 3516 et
1386 3461 1437 3514 in
1474 3463 1613 3516 caelo
1643 3477 1657 3524 ;
1709 3470 1760 3514 et
1791 3474 2048 3527 qumcun-

2159 3471 2285 3539 γῆς,
2336 3470 2488 3522 ἐσται
2537 3468 2800 3536 δεδεμένα
2845 3467 2905 3518 ὲν
2937 3465 3012 3534 τῷ
3058 3463 3316 3534 ούρανῷο
3353 3463 3448 3517 καὶ
3491 3462 3586 3515 ὅσα
3627 3458 3705 3508 ἐὰν

473 3573 579 3631 que
613 3555 884 3610 solreritis
937 3571 1099 3621 super
1143 3564 1367 3618 terram,
1430 3565 1593 3607 erunt
1647 3553 1825 3607 soluta
1881 3560 1936 3606 et
2000 3551 2049 3606 in

2158 3559 2361 3630 λύσητε
2418 3557 2512 3611 ἐπὶ
2536 3559 2634 3627 τῆς
2679 3557 2803 3625 γῆς,
2843 3555 2998 3608 ἔσται
3031 3554 3302 3623 λελυμένα
3347 3555 3408 3607 ἐν
3432 3553 3538 3613 τοῖς
3567 3550 3705 3618 ούρα-

478 3651 633 3708 coelis
659 3649 732 3703 ‘J
773 3647 898 3706 llaec
920 3658 972 3703 et
1003 3663 1102 3704 nos
1131 3647 1475 3711 conﬁtemur,
1509 3645 1849 3714 dicimusque
1911 3645 2054 3712 quod

2161 3653 2293 3714 νοῖς.
2331 3671 2352 3704 ι
2390 3648 2580 3704 Ταῦτα
2629 3648 2726 3701 καὶ
2779 3649 2940 3719 ἡμεῖς
2977 3645 3375 3717 ὁμολογοῦμεν,
3430 3643 3522 3698 καί
3551 3653 3707 3711 φαμεν

476 3745 531 3807 in
573 3757 863 3796 commune
896 3741 996 3794 hos
1020 3739 1307 3794 constituit
1355 3739 1646 3808 magistros
1696 3739 1845 3792 orbis
1891 3747 2052 3792 terra-

2162 3744 2298 3814 πρὸς
2338 3741 2570 3804 αὐτούς·
2605 3741 2690 3794 ὅτι
2735 3740 2935 3801 κοινῶς
2968 3738 3194 3801 τούτους
3239 3738 3541 3807 κατέστησε
3584 3733 3706 3786 διδα-

477 3849 620 3898 rnm,
655 3841 708 3888 et
737 3829 989 3886 omnibus
1014 3833 1240 3899 gratiam
1271 3829 1456 3884 tribuit
1479 3843 1700 3900 peccata
1729 3828 2053 3892 dimittendi,

2164 3835 2400 3899 σκάλους
2431 3835 2530 3904 τῆς
2561 3833 2888 3902 οἰκουμένης
2915 3847 2930 3863 ⁸
2966 3832 3064 3884 καὶ⁵
3107 3832 3242 3884 πᾶσι
3271 3831 3372 3901 τὴν
3408 3829 3562 3900 χάριν
3604 3825 3707 3878 ἒδω⁸

479 3927 735 3994 quoniam
770 3939 943 3994 usque
980 3925 1044 3977 ad
1079 3925 1228 3978 orbis
1259 3925 1528 3977 terminos
1563 3923 1713 3992 ipsos
1741 3921 2055 3976 destinavit.

2163 3947 2281 3994 κεν,
2314 3927 2457 3982 ὥστε
2513 3926 2736 3998 ἀφιέναι
2772 3925 3176 3996 ἁμαρτήματα⁸
3208 3923 3411 3994 »ἐπειδὴ
3449 3923 3526 3984 είς
3551 3918 3612 3971 τὰ
3634 3911 3707 3967 τοῦ

478 4017 717 4083 Necesse
742 4019 887 4072 enim
918 4023 1034 4071 erat
1061 4030 1156 4070 eos
1191 4015 1395 4068 habere
1429 4023 1752 4084 potestatem
1783 4014 2054 4084 baptizan-

2163 4022 2371 4090 κόσμου
2404 4019 2616 4089 πέρατα
2639 4017 2839 4081 αὐτοὺς
2867 4016 3282 4082 ἐξαπέστελλεν·
3310 4013 3604 4083 ἀναγκαῖον
3623 4007 3708 4075 γὰρ

479 4107 559 4178 di,
593 4109 843 4174 docendi,
877 4105 1205 4175 praedicandi
1233 4115 1296 4159 er
1312 4105 1572 4159 omnibus
1603 4105 1856 4174 gentibus
1880 4103 2055 4157 dicen‘

2162 4109 2258 4182 ἦν,
2309 4112 2454 4166 ὥστε
2514 4112 2716 4174 αὐτοὺς
2761 4111 2906 4181 ἐχειν
2947 4109 3198 4176 ἐξουσίαν
3255 4109 3554 4179 βαπτέζειν,
3591 4100 3710 4154 διδά-

481 4204 536 4261 di
559 4215 679 4268 quae
700 4215 840 4267 Opus
868 4205 1036 4253 esset.
1069 4195 1338 4250 Caeterum
1396 4205 1513 4250 erat
1562 4197 1714 4260 utile,
1751 4195 1834 4251 vel
1885 4197 2057 4265 potius

2169 4220 2341 4270 σκειν,
2376 4201 2692 4274 κηρύττειν,
2737 4203 2836 4256 καὶ
2861 4201 3040 4268 λέγειν
3072 4202 3208 4254 πᾶσι
3251 4201 3402 4264 λαοῖς
3445 4199 3509 4252 τὰ
3539 4190 3711 4264 προσή-

484 4291 858 4348 necessarium
896 4288 996 4343 hos
1029 4295 1190 4358 caput
1226 4285 1446 4352 habere,
1497 4296 1555 4341 ut
1583 4287 1724 4341 inter
1771 4303 1865 4344 eos
1924 4297 2060 4342 esset

2167 4310 2351 4349 κοντα.
2381 4292 2548 4346 me;
2588 4293 2862 4364 χρήσιμον
2921 4288 3011 4362 ἦν,
3070 4293 3272 4362 μᾶλλον
3311 4292 3372 4344 δὲ
3423 4285 3709 4356 ἀναγκαῖον.

483 4388 621 4440 ordo
653 4392 708 4439 et
745 4390 930 4454 caput,
999 4396 1069 4436 ne
1122 4381 1242 4436 sine
1302 4381 1482 4452 capite
1535 4381 1874 4448 aberrarent,
1926 4379 2059 4436 unde

2168 4389 2266 4442 xci.
2295 4385 2520 4450 τούτους
2565 4385 2710 4457 ἔχειν
2743 4385 2944 4456 ἀρχὴν,
2983 4385 3115 4438 ὥστ’
3148 4381 3292 4439 εἶναι
3345 4385 3441 4440 καὶ
3470 4385 3527 4436 ἐν
3556 4374 3709 4433 αὐτοῖς

484 4480 736 4539 conlusio
769 4479 941 4548 magis
972 4475 1208 4532 oriretur
1239 4492 1400 4547 quam
1446 4475 1601 4540 unio,
1625 4492 1690 4532 ex
1723 4493 1832 4547 quo
1885 4475 2060 4534 disso-

2168 4476 2324 4542 τάξιν
2352 4476 2444 4530 καὶ
2477 4476 2744 4546 κορυφὴν,
2780 4475 2970 4546 ῖναςμὴ
2994 4475 3259 4544 ἀκέφαλοι
3287 4457 3414 4541 ὦσι,
3427 4473 3519 4528 καὶ
3542 4471 3710 4536 σύγχυ-

485 4575 622 4629 lutio
647 4581 700 4628 et
748 4569 960 4628 ordinis
1013 4568 1347 4640 perturbatio
1393 4580 1539 4624 esset
1596 4579 1908 4638 consecuta,
1939 4571 2061 4641 quia

2171 4588 2253 4636 σις
2297 4571 2500 4643 μᾶλλον
2547 4572 2772 4641 γένηται
2832 4572 2893 4624 ἐν
2941 4572 3148 4635 αὐτοῖς,
3200 4570 3233 4641 ἢ
3272 4567 3594 4641 συμφωνία·
3636 4558 3712 4614 καὶ

487 4665 578 4719 ubi
604 4680 712 4720 non
748 4672 832 4720 est
863 4662 1017 4729 ordo,
1059 4660 1133 4716 ibi
1165 4661 1496 4727 dissolutio;
1532 4675 1656 4716 nam
1688 4660 1898 4718 ordinis
1945 4678 2063 4732 per-

2170 4664 2313 4719 οὕτω
2340 4665 2497 4729 λύσις
2552 4664 2648 4719 καὶ
2670 4663 2870 4730 ἀταξία
2891 4663 3074 4727 αὐτοῖς
3099 4663 3542 4733 ἐπακολουθήσει.
3569 4652 3712 4710 Ἔνθα

490 4751 734 4813 turbatio
763 4753 1140 4814 dissolutionis
1194 4753 1540 4823 principium.
1592 4751 1911 4824 Gregorius,
1947 4731 2066 4809 7co-

2134 4738 2145 4780 ⁵
2175 4758 2284 4826 γάρ
2311 4755 2411 4809 οὐκ
2439 4755 2554 4808 ἐστι
2591 4755 2768 4819 τάξις,
2807 4755 2928 4807 ἐκεῖ
2969 4753 3146 4818 λύσις.
3178 4753 3404 4819 Ἀταξία
3426 4731 3549 4820 Ῠγάρ
3592 4740 3710 4814 ἀρχὴ

490 4856 783 4924 gnomento
830 4840 1156 4916 Tbeologus,
1223 4845 1276 4900 id
1318 4843 1626 4903 confirmat.
1654 4844 1791 4900 Nam
1841 4845 2066 4901 munda-

2175 4847 2405 4912 λύσεως,
2438 4847 2744 4919 Γρηγόριος
2773 4848 2803 4899 ὁ
2835 4846 2932 4916 τῆς
2963 4846 3242 4915 θεολογίας
3277 4845 3558 4914 δπώννμος
3583 4833 3715 4924 "57“

492 4951 594 5025 nos
616 4937 954 5010 principatus
984 4939 1234 4994 videmus
1260 4938 1594 5009 perturbari,
1635 4939 1866 5028 discindi
1905 4948 2068 5009 atquc

2179 4939 2404 5009 φάσκει.
2439 4939 2692 5016 Ὀρῶμεν
2719 4940 2829 5008 γὰρ
2857 4940 2918 4993 ἐν
2938 4939 3061 5003 ταῖς
3088 4940 3384 5008 κοσμικαῖς
3410 4933 3607 5005 ἀρχαῖς,
3631 4923 3713 5028 τιξς

490 5014 695 5094 aboleri
726 5070 744 5095 ,
775 5032 992 5100 quando
1019 5033 1162 5087 inter
1182 5047 1241 5088 se
1261 5031 1436 5110 juncti
1468 5047 1576 5086 non
1608 5014 1735 5089 sunt
1761 5049 1774 5088 :
1807 5031 2066 5102 quoniam

2178 5032 2470 5103 συγχύσεις
2518 5048 2579 5085 τε
2595 5014 2718 5086 ﬁmi.
2761 5030 3078 5100 διαιρέσεις,
3125 5033 3219 5083 καὶ
3265 5023 3594 5099 ἀφανισμοὺς
3636 5014 3711 5075 οὓς

491 5124 661 5181 siduo
682 5123 749 5179 de
782 5124 1016 5194 primatu
1075 5141 1238 5194 regna
1293 5123 1596 5192 decertent,
1630 5135 1922 5195 utrumque
1980 5139 2067 5178 cx-

2179 5126 2490 5195 ὑφίσανται,
2521 5125 2648 5180 ὅταν
2685 5124 2788 5177 ούκ
2832 5123 2972 5194 εἰσιν
3012 5125 3314 5194 ήνωμέναυ
3351 5113 3709 5190 ’Δμιλλώμεναι

489 5217 806 5286 stinguitur.
845 5213 958 5269 Hoc
991 5226 1044 5271 et
1083 5213 1340 5272 Salvator
1368 5217 1508 5272 dixit
1546 5234 1558 5270 :
1605 5234 1624 5267 ι
1655 5215 1850 5282 Omne,
1875 5215 2065 5286 inquit.

2177 5219 2287 5288 γὰρ
2314 5217 2410 5272 δύο
2439 5217 2630 5288 ἀρχαὶ.
2660 5217 2788 5287 περὶ
2816 5216 2925 5271 τῶν
2956 5216 3264 5287 πρωτείων,
3308 5212 3590 5284 ἀμφότεροι
3617 5203 3711 5254 δια·

449 5314 466 5320 ”
491 5323 721 5378 regnum
755 5307 809 5361 in
836 5308 1080 5379 seipsum
1119 5309 1353 5364 divisum
1402 5309 1742 5367 desolabitur
1774 5309 1817 5362 ⁸.
1859 5328 1877 5359 ι
1909 5309 2025 5378 lgitt

2179 5311 2515 5383 φθείρονται.
2545 5309 2658 5364 Καὶ
2695 5310 2722 5362 6
2769 5309 2961 5379 Σωτὴρ
2991 5309 3134 5377 ἐφη·
3176 5325 3195 5360 ι
3232 5307 3388 5361 Πᾶσα
3423 5305 3542 5373 γὰρ,
3579 5292 3703 5366 φησι.

495 5397 868 5462 incommune
906 5400 971 5452 ad
1027 5415 1219 5455 omnes
1277 5400 1378 5454 hoc
1424 5399 1678 5455 Christus
1736 5401 2071 5474 dixit(nemo

2181 5402 2434 5474 βασιλεία
2468 5401 2790 5472 μερισθεῖσα
2823 5399 2947 5454 καθ’
2977 5398 3203 5469 ἑαυτὴν,
3234 5396 3549 5467 ἐρημοῦται.
3578 5407 3595 5440 ι
3625 5383 3707 5437 Οὐ·

497 5492 715 5558 negabit
747 5490 896 5560 hoc),
940 5490 1035 5546 sed
1075 5506 1322 5547 seorsum
1356 5491 1515 5548 Petro
1547 5511 1560 5546 :
1600 5511 1618 5544 ι
1657 5492 1736 5547 Tu
1772 5509 1832 5550 es
1882 5493 2073 5549 Petrus

2179 5495 2313 5549 κοῦν
2353 5495 2552 5558 κοινῶς
2602 5493 2700 5563 μὲν
2743 5492 2880 5563 πρὸς
2913 5491 3121 5554 πάντας
3163 5489 3309 5544 τοῦτ’
3339 5490 3528 5558 ἔφησεν
3552 5477 3704 5563 6x3"

497 5586 553 5641 et
581 5595 746 5650 super
773 5583 910 5646 hanc
937 5592 1146 5654 petram
1185 5583 1465 5638 aediﬁcabo
1496 5585 1793 5641 Ecclesiam
1827 5601 2023 5651 meam,
2055 5605 2073 5638 ι

2135 5591 2138 5593 “
2186 5588 2332 5650 στὸς,
2367 5587 2463 5639 καὶ
2497 5560 2672 5648 οὐδεὶς
2706 5560 2851 5642 τούτ’
2887 5583 3214 5654 ἀρνήσεται.
3260 5580 3399 5634 Ἀλλ’
3445 5575 3572 5633 ἰδίως
3597 5560 3705 5654 πρδϐ

499 5674 555 5734 et
582 5671 812 5739 reliqua,
838 5689 905 5726 ne
931 5675 1168 5729 oriretur
1197 5675 1341 5731 inter
1363 5693 1456 5732 eos
1483 5677 1702 5744 divisio,
1727 5686 1783 5732 ul
1811 5668 2072 5744 diximus,

2185 5679 2390 5749 Πέτρον
2419 5677 2524 5746 ἔφη
2544 5694 2557 5708 ⁸
2603 5695 2621 5727 ι
2657 5677 2729 5729 Si)
2759 5672 2808 5728 εἴ
2850 5653 3077 5744 Πέτρος·
3114 5673 3208 5726 καὶ
3245 5673 3338 5724 ἐπὶ
3362 5667 3520 5737 ταύτῃ
3546 5661 3600 5730 τῇ
3629 5653 3705 5706 ’7"-

575 5855 671 5898 *Μ
698 5853 892 5921 Matth.
928 5871 1038 5924 xvi,
1073 5857 1256 5913 16-19.
1336 5861 1353 5891 ⁸
1383 5859 1538 5918 Joan.
1571 5881 1661 5928 xx,
1692 5861 1782 5918 23.
1865 5861 2032 5918 aLuc.
2072 5879 2121 5931 κ,
2161 5863 2242 5918 l9.
2327 5862 2346 5894 ’⁸
2380 5860 2575 5927 Matth.
2611 5876 2764 5929 XVIJ,
2798 5861 2878 5922 l8.
2955 5862 2974 5894 ⁵
3001 5861 3186 5918 Matth.
3215 5878 3310 5927 Ml,
3343 5859 3427 5918 ‘23.
