3992 6410
251 316 378 384 121⁸7

916 321 1065 384 PRO
1103 322 1318 387 CONC.
1351 323 1728 389 FLORENT.
1771 325 1935 388 CAP.
1970 316 2033 389 ν.
2078 325 2176 389 DE
2212 319 2860 392 PRIMATUVPAPIE.

3368 320 3502 395 1318

244 437 417 507 ἡμῶν,
453 435 544 488 καὶ
574 435 755 508 πάσης
785 439 882 508 τῆς
917 441 1226 510 συγκλήτου
1255 443 1350 496 καὶ
1380 441 1488 496 τῶν
1511 443 1810 514 ἀρχόντων,

1921 447 2158 518 satrapis
2188 448 2417 514 nostris,
2439 455 2501 502 et
2562 447 2826 503 universo
2884 454 3102 510 senatu,
3156 447 3510 518 optimatibus

241 529 331 580 aut
363 526 503 597 μετὰ
538 528 740 592 παντὶς
773 529 866 583 τοῦ
891 531 1022 586 λαοῦ
1057 534 1152 586 τοῦ
1177 535 1288 589 ὑπὸ
1313 536 1411 605 τὴν
1439 536 1691 602 ἐξουσίαν
1718 537 1819 608 τῆς

249 617 560 688 Ῥωμαῖκῆς
592 618 772 690 δόξης,
819 622 904 674 ῐνα
943 625 1020 686 ὡς
1043 627 1074 678 ὁ
1100 625 1256 694 ἅγιος
1285 628 1492 696 Πέτρος
1558 629 1623 681 εκ
1650 645 1820 697 προσ-

235 711 382 764 ὡπσιυ
451 712 543 766 τοῦ
578 713 705 767 Υίοῦ
736 714 830 769 τοῦ
867 716 1004 770 Θεοῦ
1056 720 1209 773 ἐστιν
1253 721 1333 785 είς
1359 721 1458 790 τὴν
1498 722 1624 790 γῆν,
1676 721 1821 774 οὕτω

235 806 326 859 καὶ
367 807 416 859 el
457 807 745 863 ἐπίσκοποι
793 812 842 863 οί
907 811 1148 884 διάδοχοι
1199 813 1294 867 τοῦ
1353 815 1654 884 κορυφαίου
1707 813 1820 867 τῶν

234 900 548 954 ἀποστόλων
617 903 854 974 ἁρχικὴν
889 905 1141 971 ἐξουσίαν
1175 907 1255 971 είς
1290 906 1391 979 τὴν
1415 909 1519 977 γῆν
1551 908 1816 978 ἑπέχωσι,

235 995 397 1048 πλέον
433 996 568 1067 παρ’
595 996 622 1050 δ
661 997 774 1069 ἔχει
805 1002 836 1070 ἡ
875 1000 1124 1069 βασιλεία
1156 1003 1255 1072 τῆς
1295 1001 1454 1072 δόξης
1481 1003 1665 1073 ἡμῶν.
1703 1005 1814 1056 Καὶ

234 1089 391 1140 τοῦτο
425 1092 798 1163 παρεχωρήθη
838 1093 931 1162 ἀφ’
959 1095 1118 1164 ἡμῶν
1145 1095 1244 1149 καὶ
1269 1097 1377 1149 ὰπὸ
1411 1097 1511 1166 τῆς
1535 1097 1817 1166 βασιλείας

235 1181 394 1248 ἡμῶν
413 1199 432 1213 ⁶
463 1184 560 1238 καὶ
589 1185 818 1256 θέλομεν
851 1188 1012 1258 ἡμεῖς
1040 1190 1207 1243 αὑτὸν
1247 1191 1340 1244 τὸν
1369 1194 1672 1262 κορυφαῖον
1705 1191 1817 1244 τῶν

234 1275 550 1330 ἀποστόλων
585 1277 681 1330 καὶ
711 1281 838 1343 τοὺς
872 1281 1154 1350 διαδόχους
1193 1283 1381 1349 αὐτοῦ,
1419 1285 1483 1336 ἐκ
1517 1285 1814 1354 προσώπου

232 1365 418 1436 αὑτοῦ,
467 1366 724 1440 πρώτους
774 1370 911 1436 πρὸς
943 1370 1034 1423 τδν
1083 1371 1218 1424 Θεδν
1249 1371 1500 1442 Πατέρας
1546 1367 1688 1425 εἶναι
1722 1373 1815 1424 καὶ

231 1457 579 1527 δεφὲνσορας.
640 1459 752 1512 Καὶ
779 1458 969 1530 ὥσπερ
1008 1462 1040 1530 ή
1093 1461 1348 1532 βασιλικὴ
1407 1461 1621 1529 ἐξουσία
1656 1461 1815 1531 ἡμῶν

231 1553 309 1614 εἰς
337 1551 436 1620 τὴν
467 1552 574 1623 γῆν
605 1553 824 1607 σέϐεται
867 1555 961 1608 καὶ
994 1557 1246 1625 τιμᾶται,
1299 1556 1444 1610 οὕτω
1477 1556 1812 1626 θεσπίξομεν

232 1645 484 1699 σέϐεσθαι
535 1645 634 1698 καὶ
685 1648 949 1716 τιμᾶσθαι
995 1649 1097 1720 τὴν
1138 1651 1310 1717 ἁγίαν
1351 1651 1461 1702 τῶν
1517 1650 1813 1718 Ῥωμαίων

240 1736 608 1808 Ἐκκλησὲανο
655 1741 749 1794 καὶ
785 1740 950 1795 πλέον
997 1743 1150 1812 παρὰ
1191 1743 1290 1811 τὴν
1335 1742 1619 1811 βασιλείαν
1650 1741 1810 1812 ἡμῶν

229 1833 322 1884 καὶ
379 1830 472 1884 τὸν
519 1832 708 1904 γήϊνον
764 1832 976 1903 θρόνον,
1029 1835 1130 1904 τὴν
1177 1836 1342 1902 ἁγίαν
1406 1835 1680 1904 καθέδραν
1714 1833 1810 1887 τοῦ

225 1923 384 1990 ἁγίου
445 1925 650 1995 Πέτρου
705 1925 1029 1991 δοξάζεσθαι
1079 1927 1178 1982 καὶ¹
1221 1926 1531 1996 ὕψοῦσθαι·
1575 1927 1812 1989 διδόντες

225 2018 370 2087 αὐτῇ
395 2016 630 2088 δύναμιν
675 2022 769 2074 καὶ
797 2020 956 2089 δόξης
997 2020 1218 2092 ἀξίωμα
1246 2039 1260 2052 '
1311 2021 1409 2076 καὶ
1441 2020 1810 2090 διακρίνοντες

224 2109 561 2182 θεσπίζομεν
609 2108 696 2164 ἵνα
748 2111 848 2184 ἔχῃ
907 2113 1158 2178 ἐξουσίαν
1202 2115 1481 2184 ἀρχικήν
1536 2114 1631 2166 καὶ
1668 2109 1811 2167 εἶναι

221 2205 428 2275 ταύτην
484 2205 730 2278 κεφαλὴν
775 2207 888 2260 τῶν
937 2206 1221 2278 τεσσάρων
1274 2204 1500 2276 θρόνων,
1537 2206 1660 2275 ἦτοι
1711 2203 1808 2258 τοῦ

221 2299 418 2367 θρόνου
474 2299 578 2370 τῆς
630 2299 1068 2372 ’Δὶ-εξανδρείας,
1130 2300 1232 2371 τῆς
1281 2293 1641 2370 *Δντιοχείας,
1699 2297 1809 2352 τῶν

232 2393 656 2465 Ἱεροσολύμων,
685 2396 780 2448 καὶ
810 2393 912 2464 τῆς
945 2394 1156 2458 πόλεως
1185 2393 1295 2447 τῶν
1336 2394 1682 2457 Βυζαντίων·
1713 2393 1812 2447 καὶ

219 2489 412 2552 ἁπλῶς
455 2491 532 2552 εἰς
563 2487 689 2552 ὅλας
715 2490 815 2549 τὰς
861 2489 1193 2557 Ἐκκλησίας
1231 2488 1411 2559 πάσης
1433 2491 1532 2560 τῆς
1557 2488 1810 2558 οἰκουμέ-

220 2600 342 2647 νης.
375 2576 536 2637 Καλό
571 2584 872 2645 ἐπίσκοπος
911 2586 938 2636 ὁ
967 2581 1181 2649 μέλλων
1219 2577 1360 2636 εἷναι
1393 2584 1474 2645 είς
1518 2581 1615 2653 τὴν
1647 2581 1812 2650 ἁγίαν

220 2676 332 2728 τῶν
370 2675 662 2744 Ῥωμαίων
683 2675 1040 2746 Ἐκκλησίαν,
1069 2676 1274 2747 δφεῖλει
1305 2673 1446 2729 εἶναι
1480 2674 1689 2738 ἔνδοξος
1715 2671 1810 2726 καὶ

219 2768 556 2840 ὑψηλότερος
577 2770 730 2837 παρά
749 2770 957 2831 πάντας
973 2770 1100 2833 τοὺς
1117 2771 1288 2839 ἱερεῖς
1307 2768 1403 2822 τοῦ
1422 2767 1654 2838 κόσμου.
1700 2766 1810 2819 Καὶ

218 2859 270 2911 εί
289 2862 346 2912 τί
374 2860 488 2913 ἐστι
505 2858 644 2931 πρὸς
661 2860 961 2930 θεραπείαν
979 2861 1072 2914 τοῦ
1093 2860 1228 2913 Θεο]
1250 2862 1342 2912 καὶ
1381 2858 1675 2930 διόρθωσιν
1711 2855 1810 2909 καὶ

219 2951 522 3022 στερέωσιν
578 2953 679 3021 τῆς
739 2953 976 3017 πίστεως
1029 2954 1138 3006 τῶν
1172 2951 1539 3024 Χριστιανῶν,
1567 2952 1656 3004 ἶνα
1687 2951 1812 3021 κρί-

219 3063 388 3115 νηται
411 3046 545 3112 παρ’
579 3045 769 3098 αὐτοῦ.
787 3045 1004 3099 Δίκαιον
1016 3046 1289 3117 γάρέστιν
1311 3045 1401 3100 ἵνα
1415 3047 1592 3098 ἐκεῖσε
1613 3044 1810 3112 δὰγιος

1845 1801 1885 1856 Β

1925 548 1980 594 et
2004 547 2206 594 cuncto
2231 539 2432 610 populo
2461 539 2690 609 imperio
2720 537 2983 592 Romana:
3011 538 3197 609 gloriae
3224 539 3512 610 subjacctt-

1924 634 1988 695 ti,
2024 643 2083 688 ut
2115 635 2256 689 sicut
2281 645 2504 692 sanctus
2533 633 2727 690 Petrus
2753 635 2991 690 vicarius
3014 650 3076 690 ex
3107 648 3339 705 persona
3385 633 3506 689 Filii

1925 726 2018 782 Dei
2048 737 2134 783 est
2164 728 2500 782 constitutus
2526 726 2582 782 iu
2605 727 2794 791 terris,
2832 727 2905 780 ita
2928 730 2993 781 .et
3018 727 3264 797 episcopi
3293 742 3510 782 sncccs«

1923 833 2081 874 sores
2110 818 2378 889 principis
2407 818 2780 889 apostolorum
2818 818 3139 888 ampliorem
3171 819 3509 888 principatus

1923 919 2271 980 potestatem,
2316 927 2483 982 quam
2545 927 2775 982 regnum
2822 909 3009 982 gloriae
3067 921 3270 967 nostra
3322 912 3505 975 habet,

1922 1005 2226 1060 obtineant.
2253 1006 2365 1060 Hoc
2394 1014 2450 1062 et
2502 1022 2531 1060 a
2572 1008 2760 1070 nobis,
2789 1015 2840 1060 et
2873 1021 2900 1059 a
2944 1016 3138 1061 nostro
3184 1019 3504 1062 concessum

1919 1109 2005 1153 est
2027 1099 2278 1168 imperio.
2307 1099 2374 1153 Et
2406 1100 2662 1155 volumus
2690 1100 2875 1169 ipsum
2907 1100 3220 1168 principem
3280 1106 3506 1167 aposto-

1920 1193 2096 1248 lorum
2119 1203 2172 1248 et
2201 1208 2556 1248 successores
2625 1193 2821 1263 ipsius,
2851 1209 2916 1248 ex
2943 1194 3061 1261 ejus
3104 1207 3363 1262 petsona,
3391 1189 3508 1262 pri-

1921 1301 2039 1342 mos
2062 1287 2202 1356 apud
2237 1286 2403 1341 Deum
2441 1301 2565 1342 esse
2601 1287 2785 1342 Patres
2817 1298 2869 1340 et
2897 1287 3235 1342 defensores.
3280 1287 3508 1341 Etsieut

1919 1389 2107 1436 nostra
2138 1380 2437 1451 imperialis
2463 1391 2710 1449 potestas
2729 1381 2794 1434 in
2824 1379 2987 1434 terris
3017 1380 3218 1433 colitur
3245 1388 3297 1434 et
3325 1380 3504 1433 bonn-

1919 1480 2090 1532 ratur,
2117 1471 2187 1526 ita
2221 1472 2341 1542 ejus
2380 1485 2630 1528 sanctam
2673 1473 2979 1528 Romanam
3015 1472 3313 1526 Ecclesiam
3347 1489 3506 1526 vene-

1917 1572 2107 1620 ranter
2159 1563 2418 1620 honorari
2480 1566 2870 1632 decernimus;
2927 1575 2983 1621 et
3044 1565 3281 1634 amplius
3337 1576 3503 1634 quam

1918 1663 2168 1711 nostrum
2199 1657 2490 1726 imperium
2540 1665 2943 1727 terrenumque
2988 1657 3272 1722 thronum,
3319 1659 3506 1710 sedem

1919 1747 2352 1803 sacratissimam
2398 1747 2542 1804 beati
2587 1748 2730 1802 Petri
2759 1750 2997 1819 gloriose
3056 1747 3306 1802 exaltari.
3366 1747 3534 1802 Sam.

1915 1839 2092 1894 cimus
2113 1841 2277 1894 etiam
2309 1848 2366 1894 ut
2384 1840 2754 1910 principatum
2786 1849 2968 1894 teneat
3019 1848 3133 1895 tam
3179 1855 3346 1910 super
3372 1856 3504 1909 qlia—

1915 1938 2038 1986 tuor
2063 1931 2245 1996 sedes,
2276 1932 2724 1999 Alexandrinam,
2748 1933 3172 1999 Antiochenam,
3197 1931 3508 2004 HieroSnly-

1914 2024 2200 2090 mitauam,
2229 2026 2923 2098 Constantinopolitanam,
2949 2041 3112 2096 qnam
3143 2027 3309 2080 etiam
3342 2042 3508 2096 super

1913 2131 2108 2174 omnes
2145 2120 2407 2176 universo
2434 2120 2572 2176 orbe
2626 2128 2904 2175 terrarum
2947 2118 3221 2175 Ecclesias
3272 2118 3368 2173 Dei
3403 2137 3417 2185 ;
3454 2129 3508 2174 et

1912 2211 2159 2283 pontifex
2189 2213 2283 2283 qui
2315 2228 2414 2283 per
2446 2223 2693 2283 tempora
2754 2212 2928 2282 ipsius
2979 2222 3181 2268 sancta:
3246 2192 3506 2266 Romana:

1917 2301 2178 2360 Ecclesia:
2237 2305 2532 2373 exstiterit,
2603 2306 2805 2362 celsior
2853 2315 2907 2362 et
2975 2307 3230 2378 princeps
3288 2305 3504 2359 cunctis

1912 2397 2290 2453 sacerdotibus
2329 2399 2500 2454 totius
2536 2399 2723 2454 mundi
2761 2401 3016 2465 exsistat,
3045 2411 3098 2454 et
3120 2399 3241 2470 ejus
3295 2398 3503 2468 judicio

1912 2505 2036 2562 qua:
2062 2490 2130 2545 ad
2162 2491 2367 2546 cultum
2407 2491 2533 2558 Dei,
2569 2493 2651 2548 vel
2683 2493 2844 2548 ﬁdem
2900 2493 3366 2554 Christianorum,
3418 2491 3502 2546 vel

1912 2584 2270 2639 stabilitatem
2303 2585 2652 2653 procuranda
2708 2585 2938 2652 fuerint,
2993 2585 3377 2654 disponantur.
3409 2583 3503 2638 Αζ-

1911 2691 2082 2747 quum
2116 2685 2200 2732 est
2231 2678 2401 2744 enim,
2436 2683 2494 2731 ut
2527 2677 2599 2732 ibi
2629 2679 2819 2733 divina
2850 2679 2937 2734 lex
2992 2678 3240 2734 obtineat
3293 2678 3502 2747 apicem

1911 2776 1966 2822 et
1999 2769 2318 2838 primatum,
2349 2770 2439 2823 ubi
2471 2780 2695 2826 sanctus
2744 2769 3028 2841 legislator
3059 2768 3315 2826 Christus
3339 2769 3502 2825 Iesus

1913 2858 2163 2915 Salvator
2192 2869 2380 2915 noster
2406 2863 2576 2918 misso
2600 2862 2763 2918 beato
2792 2863 2955 2918 Petro
2969 2862 3137 2933 jussit
3181 2861 3499 2916 cathedram

1911 2960 2118 3020 tenere,
2144 2959 2196 3007 et
2227 2952 2318 3008 ubi
2352 2952 2532 3008 crucis
2559 2954 2863 3022 patibulum
2890 2969 3082 3023 passus
3105 2961 3217 3018 est,
3241 2963 3295 3008 et
3327 2953 3504 3009 beata:

1913 3047 2111 3103 mortis
2173 3047 2404 3102 calicem
2470 3045 2653 3112 bibit;
2726 3048 2974 3117 vestigiis
3044 3045 3366 3102 inhaerentia
3418 3047 3500 3102 sui

219 3139 387 3210 νόμος
455 3139 558 3213 ἔχῃ
601 3139 699 3210 τὴν
743 3139 988 3210 κεφαλὴν
1023 3139 1117 3192 καὶ
1133 3139 1328 3210 ἀρχὴν,
1347 3139 1480 3192 ὅπου
1503 3140 1530 3192 ὁ
1550 3139 1705 3206 ἆγιος
1723 3155 1809 3191 νο⁹

1914 3139 2200 3210 nostrique
2248 3140 2518 3211 magistri,
2548 3149 2608 3195 et
2651 3139 2726 3194 ibi
2770 3146 2958 3210 gentes
3009 3140 3187 3210 capita
3235 3139 3503 3195 inclinare

219 3233 459 3304 μοθέτης
481 3232 714 3305 Χριστὸς
732 3231 944 3303 Ἰησοῦς
960 3233 988 3285 δ
1010 3231 1202 3304 Σωτὴρ
1216 3234 1392 3304 ήμῶν,
1423 3232 1514 3286 τὸν
1535 3233 1808 3303 μακάριον

1914 3242 2138 3306 propter
2171 3232 2579 3292 confessionem
2617 3232 2858 3287 nominis
2904 3230 3134 3299 Clil‘lSli,
3172 3231 3264 3288 ubi
3311 3247 3502 3286 eorum

215 3327 526 3380 ἀπόστολον
553 3326 782 3396 Πέτρον,
817 3326 1072 3380 ἐκέλευσε
1107 3328 1331 3397 κρατεῖν
1361 3325 1460 3396 τὴν
1491 3325 1762 3397 καθέδραν
1788 3341 1803 3355 ’

216 3420 321 3476 καὶ
349 3421 484 3473 ὅπου
527 3418 587 3472 τὸ
615 3419 786 3481 πάθος
825 3418 921 3473 τοῦ
971 3418 1212 3490 σταυροῦ
1257 3418 1448 3484 ἔπαθε,
1502 3420 1596 3471 καὶ
1625 3436 1808 3487 μακα-

217 3513 344 3584 ρίου
379 3512 614 3567 θανάτου
645 3512 908 3584 ποτήριον
942 3512 1085 3579 ἔπιε,
1127 3514 1222 3566 καὶ
1262 3513 1480 3580 ἐγένετο
1511 3513 1807 3574 ἀκόλουθος

215 3605 320 3660 τοῦ
353 3603 662 3676 μαῖστωρος
697 3607 791 3658 καί⁵
839 3604 1030 3676 κυρίου
1067 3605 1254 3659 αὐτοῦ.
1291 3605 1403 3659 Καὶ
1430 3606 1550 3657 ἐκεῖ
1577 3603 1643 3657 τὰ
1675 3603 1806 3672 ἔθνη

217 3699 317 3754 ἵνα.
348 3697 574 3752 κλίνωσι
607 3699 708 3760 τὰς
755 3698 1002 3765 κεφαλὰς
1048 3695 1248 3760 αὑτῶν,
1285 3695 1372 3748 διὰ
1405 3695 1501 3765 τὴν
1545 3693 1806 3764 ἐξομολό-

217 3804 388 3860 γησιν
417 3787 509 3842 τοῦ
544 3788 808 3858 ὀνόματος
837 3786 931 3842 τοῦ
955 3787 1220 3858 Χριστοῦ,
1263 3788 1397 3840 ὅπου
1423 3791 1450 3841 ὁ
1483 3786 1808 3855 διδάσκαλος

218 3881 406 3936 αὐτῶν
436 3883 462 3935 ὁ
494 3883 763 3953 μακάριος
805 3879 1105 3942 ἀπόστολος
1140 3879 1378 3946 Παῦλος,
1427 3879 1518 3934 διὰ
1546 3880 1638 3934 τδν
1669 3880 1804 3950 Χριο

226 3975 351 4028 στδν
392 3974 635 4035 ἐκτείνας
667 3973 760 4027 τὸν
795 3973 1089 4046 τράχηλον,
1124 3972 1215 4024 τὸν
1247 3972 1511 4040 στέφανον
1537 3968 1632 4024 τοῦ
1670 3990 1810 4043 μαρ-

221 4068 410 4141 τυρίου
438 4067 814 4132 ὲδέξατο.’Καὶ
841 4066 950 4128 ἕως
997 4064 1092 4118 τοῦ
1128 4063 1313 4126 τέλους
1337 4064 1428 4118 τοῦ
1456 4066 1663 4136 κόσμου
1718 4066 1809 4122 ἵνα

219 4161 536 4228 ἀναζητῶσι
576 4160 666 4213 τὸν
704 4159 1042 4222 διδάσκαλον,
1083 4160 1219 4214 ὅπου
1251 4161 1318 4214 τὰ
1346 4159 1456 4212 τῶν
1499 4161 1672 4230 ἁγίων
1707 4165 1808 4235 αὐτ

216 4255 334 4308 τῶν
363 4252 589 4322 λείψανα
633 4252 1011 4307 ἀναπαύονται
1035 4266 1053 4285 ο
1085 4253 1184 4305 καὶ
1233 4253 1351 4308 ἐκεῖ
1393 4253 1575 4307 ὕπτιοι
1607 4253 1701 4309 καὶ
1730 4255 1808 4317 είς

217 4346 323 4418 τὴν
348 4346 450 4416 γῆν
472 4346 810 4417 ὴπλωμένοι,
839 4343 934 4397 τοῦ
966 4344 1221 4417 οὐρανίου
1251 4344 1523 4416 βασιλέως
1548 4347 1643 4401 καὶ
1672 4346 1809 4401 Θεοῦ

217 4439 321 4492 καὶ
346 4437 596 4510 Σωτῆρος
623 4437 783 4508 ἡμῶν
810 4435 987 4508 Ἰησοῦ
1014 4436 1254 4509 Χριστοῦ
1279 4437 1620 4510 δουλεύωμεν
1646 4439 1808 4508 equipt-

1911 3325 2177 3394 magister
2211 3327 2406 3382 beatus
2437 3325 2644 3381 Paulus
2701 3334 2963 3396 protensa
3015 3325 3226 3380 cervice
3279 3331 3505 3395 propter

1907 3416 2186 3472 Christum
2224 3433 2486 3476 coronam
2519 3419 2763 3488 martyrii
2796 3417 3038 3486 suscepit
3079 3434 3093 3473 :
3151 3426 3206 3472 et
3243 3425 3299 3472 ut
3327 3433 3505 3486 usque

1909 3507 1976 3561 ad
2007 3508 2192 3562 mundi
2224 3508 2754 3563 consummationem
2773 3509 2848 3563 ibi
2879 3518 3126 3578 quaeram
3153 3510 3500 3580 magistrum.

1910 3598 2003 3653 ubi
2033 3607 2349 3653 sanctorum
2386 3614 2609 3652 suorum
2655 3599 2902 3669 reliquiae
2964 3602 3406 3672 conquiescunt;
3443 3611 3502 3656 et

1909 3691 1983 3746 ibi
2015 3690 2170 3760 proni
2202 3699 2256 3744 et
2287 3691 2340 3745 in
2368 3697 2570 3746 terram
2636 3692 2988 3760 procidentes
3051 3693 3294 3750 caelestis
3355 3697 3502 3764 regis

1909 3784 2080 3840 Deiet
2127 3781 2435 3838 Salvatoris
2499 3782 2671 3838 nostri
2735 3779 2864 3840 Jcsu
2925 3782 3131 3840 Christi
3179 3785 3502 3843 ministeriis

1911 3876 2298 3940 inserviamus,
2369 3875 2458 3930 ubi
2516 3873 2846 3931 servivimus
2911 3875 2991 3932 illi
3048 3877 3315 3945 superho‘
3358 3879 3496 3948 regi.

1910 3966 2204 4022 Tradimus
2229 3966 2396 4040 igitur
2425 3965 2561 4037 ipsis
2597 3966 2805 4023 sanctis
2835 3967 3100 4038 apostolis
3132 3967 3308 4024 beatis
3336 3967 3498 4025 Petro

1909 4069 1963 4115 et
1987 4059 2156 4115 Paulo
2171 4067 2225 4114 et
2243 4067 2367 4130 post
2392 4058 2491 4117 bos
2519 4059 2683 4116 beato
2707 4059 2988 4133 Sylvestro
3004 4069 3061 4117 et
3084 4061 3344 4120 omnibus
3369 4078 3498 4119 suc-

1911 4152 2229 4208 cessoribus
2270 4151 2412 4222 ejus,
2461 4152 2554 4223 qui
2609 4167 2784 4223 usque
2842 4153 2908 4210 ad
2967 4159 3498 4214 consummationem

1914 4245 2105 4302 mundi
2143 4249 2430 4302 ascensurl
2455 4253 2582 4301 sunt
2613 4248 2679 4301 ad
2712 4249 2898 4304 sedem
2951 4249 3093 4304 beati
3127 4251 3266 4306 Petri
3302 4255 3370 4308 ab
3396 4253 3500 4310 hoc

1911 4337 2019 4405 die,
2047 4337 2308 4408 palatium
2333 4337 2546 4409 imperii
2577 4339 2748 4394 nostri
2779 4340 3171 4406 Lateranense,
3201 4345 3345 4415 qttod
3380 4361 3498 4399 om-

1912 4430 2072 4485 nibus
2131 4429 2318 4484 mundi
2371 4430 2593 4499 palatiis
2651 4430 2938 4500 praefertur
2983 4441 3038 4488 et
3092 4435 3501 4505 supereminet;

218 4531 385 4595 κίοις,
420 4505 555 4583 ὅπου
585 4505 986 4598 ἐδουλεύσαῗμεν
1018 4505 1096 4600 τῷ
1125 4529 1466 4600 ὑπερηφάνῳ
1502 4505 1806 4602 γηΐνῳνβα-

1914 4521 2104 4577 deinde
2130 4522 2381 4577 diadema
2423 4523 2537 4578 sive
2567 4536 2828 4578 coronam
2872 4527 3068 4595 capitis
3098 4528 3270 4582 nostri
3304 4529 3504 4583 simul-

219 4622 384 4676 σιλεῖ.
427 4620 806 4692 Παραδίδομεν
839 4619 933 4673 οὖν
976 4620 1162 4684 αὐτοῖς
1195 4623 1309 4684 τοῖς
1362 4621 1542 4690 ἁγίοις
1573 4622 1808 4676 ἀιτιτοστό⁴

1914 4629 2018 4685 que
2048 4622 2100 4668 et
2158 4613 2363 4677 locum,
2417 4629 2517 4668 nec
2585 4630 2692 4667 non
2743 4625 2795 4669 et
2861 4617 3310 4684 superimmerale
3355 4621 3501 4689 quod

213 4713 356 4779 λοις,
411 4714 524 4776 τοῖς
571 4711 872 4782 μακαρίοις
929 4711 1145 4784 κυρίοις
1180 4729 1284 4784 μου
1332 4712 1411 4784 τῷ
1450 4715 1641 4787 Πέτρῳ
1708 4715 1806 4768 καὶ

1914 4707 2192 4778 imperiale
2219 4708 2426 4762 assolet
2461 4707 2802 4762 circumdare
2834 4708 3034 4763 collum
3061 4725 3076 4774 ;
3115 4706 3502 4767 verum'etiam

215 4805 445 4875 Παύλῳ,
495 4804 590 4858 καὶ
646 4803 765 4874 μετ’
794 4804 991 4865 αὐτοὺς
1045 4804 1125 4875 τῷ
1179 4806 1438 4877 μακαρίῳ
1471 4805 1802 4879 Συλὸέστρῳ

1914 4798 2255 4872 chlamydem
2279 4814 2633 4869 purpuream,
2671 4809 2836 4869 atque
2862 4803 3103 4856 tunicam
3160 4793 3502 4870 coccineam,

213 4898 317 4952 καὶ
352 4897 530 4966 Πατρὶ
564 4897 741 4968 ἡμῶν,
795 4895 876 4965 τῷ
923 4897 1151 4968 μεγάλῳ
1179 4898 1464 4970 ὲπισκόπῳ
1498 4899 1591 4953 καὶ
1644 4899 1809 4954 καθο-

213 4989 359 5061 λικῷ
385 4990 546 5060 πάπᾳ
577 4987 678 5060 τῆς
710 4989 921 5055 πόλεως
957 4989 1203 5062 Ῥώμης,
1240 4992 1335 5045 καὶ
1381 4994 1516 5046 πᾶσι
1549 4995 1661 5058 τοῖς
1689 4995 1809 5049 δια·

212 5085 397 5155 δόχοις
443 5083 632 5149 αὐτοῦ,
677 5083 874 5147 οἵτινες
903 5083 1014 5148 ’έως
1067 5085 1160 5138 τοῦ
1214 5086 1400 5150 τέλους
1448 5085 1542 5140 τοῦ
1597 5087 1805 5159 κόσμου

222 5177 483 5251 μέλλουσι
515 5177 901 5249 προκαθῆσθαι
933 5180 1013 5242 είς
1044 5178 1133 5231 τὸν
1163 5178 1352 5250 θρόνον
1389 5180 1485 5233 τοῦ
1528 5182 1806 5252 μακαρίου

219 5270 460 5340 Πέτρου,
495 5269 603 5324 ἀπὸ
652 5271 754 5340 τῆς
795 5273 1056 5341 σήμερον,
1093 5270 1152 5323 τὸ
1204 5270 1476 5341 ἡμέτερον
1525 5271 1809 5343 βασιλικὸν

220 5364 488 5418 παλὰτιον
517 5363 580 5416 τὸ
610 5364 1034 5431 Λατερανέσιον,
1069 5363 1130 5415 τὸ
1159 5362 1488 5435 θπερϐαῖνον
1515 5364 1606 5416 καὶ
1639 5364 1808 5434 ὑπερ-

221 5455 395 5509 νικῶν
428 5449 495 5507 τὰ
534 5453 630 5508 ὅλα
658 5454 752 5507 τοῦ
780 5455 988 5524 κόσμου
1020 5454 1282 5510 παλατια.
1310 5454 1605 5510 Ἐπέκεινα
1632 5457 1687 5510 δὲ
1713 5459 1811 5510 καὶ

217 5547 284 5599 τὺ
317 5544 581 5615 διάδημα,
607 5545 728 5617 ἦτοι
761 5546 856 5599 τδν
881 5549 1170 5616 ξστέφανον
1202 5547 1304 5616 τῆς
1344 5547 1588 5619 κεφαλῆς
1627 5549 1809 5619 ἡμῶν,

219 5638 343 5708 ἅμα
373 5640 464 5691 καὶ
489 5639 582 5692 τὸν
601 5640 777 5710 λῶρον
821 5639 915 5692 καὶ
947 5639 1008 5692 τὸ
1039 5639 1375 5710 ὠμοφόριον,
1405 5640 1540 5710 ὅπερ
1574 5655 1811 5708 περικυ-

219 5733 346 5783 κλοῖ
373 5733 462 5785 τὸν
493 5732 778 5802 βασιλικὸν
809 5735 1084 5805 τράχηλον
1110 5751 1124 5765 ·
1160 5735 1277 5805 ἅμα
1311 5735 1369 5788 δὲ
1423 5735 1517 5788 καὶ
1545 5734 1646 5804 τὴν
1677 5751 1810 5804 πορ-

219 5824 405 5892 φυρᾶν
435 5825 706 5896 χλαμύδα,
736 5827 833 5880 καί
860 5828 1063 5898 χιτῶνα
1091 5827 1368 5893 κόκκινον,
1395 5827 1492 5882 καὶ
1528 5825 1692 5882 πάγν
1743 5826 1812 5881 τὰ

1909 4903 1964 4952 et
1986 4893 2168 4949 omnia
2192 4891 2490 4961 imperialia
2518 4892 2852 4961 indumenta,
2880 4910 2977 4950 seu
3002 4895 3164 4950 etiam
3183 4897 3500 4968 dign'tatent

1911 4985 2252 5058 imperialem
2314 4985 2724 5052 prtesidentium
2790 4989 3080 5058 equitum;
3150 4992 3502 5045 conferentes

1909 5081 1959 5136 ei
1993 5080 2156 5136 etiam
2193 5075 2496 5146 imperialia
2527 5088 2766 5148 sceptra,
2791 5081 3066 5152 simulque
3095 5091 3292 5138 cuncta
3320 5085 3498 5152 signa,

1909 5188 1964 5234 et
1983 5177 2188 5244 banda,
2216 5187 2270 5234 et
2309 5180 2516 5249 reliqua
2573 5182 2899 5230 ornamenta
2935 5175 3238 5242 imperialis
3289 5177 3497 5230 culmi-

1911 5268 2016 5332 nis,
2053 5279 2105 5324 et
2125 5269 2352 5340 gloriam
2387 5265 2672 5339 potestatis
2704 5277 2930 5322 nostrae.
2959 5264 3106 5321 Viris
3139 5266 3299 5320 etiam
3323 5266 3503 5321 diver-

1908 5363 1955 5419 si
1980 5363 2190 5418 ordinis
2223 5361 2701 5418 reverendissimis
2733 5359 2971 5425 clericis,
3013 5368 3218 5417 sanctae
3244 5357 3502 5416 Romanae

1913 5456 2174 5512 Ecclesia:
2243 5455 2652 5518 servientibus,
2714 5453 2848 5508 illud
2917 5453 3134 5508 culmen
3205 5453 3503 5523 singularis

1912 5549 2168 5620 p0tentiae
2202 5559 2257 5604 et
2292 5547 2676 5618 praecellentia:
2733 5545 2938 5602 habere
2987 5545 3293 5611 sancimus,
3342 5548 3503 5618 cujus

1913 5639 2291 5711 amplissimus
2320 5649 2500 5696 uoster
2533 5646 2756 5695 senatus
2788 5638 3002 5693 videtur
3027 5638 3204 5707 gloria
3223 5640 3507 5703 adornari,

1914 5732 1967 5787 id
2000 5740 2105 5793 est,
2138 5731 2398 5800 patricios
2421 5741 2473 5784 et
2504 5728 2757 5784 consules
2782 5728 2926 5783 efﬁci
2956 5745 2972 5789 ;
3027 5744 3240 5785 necnon
3295 5741 3350 5784 et
3399 5745 3506 5785 ca:—

1915 5824 2046 5880 teris
2075 5822 2433 5896 dignitatibus
2501 5820 2879 5893 imperialibus
2938 5837 3035 5879 eos
3093 5823 3505 5895 promulgamus
