3992 6420
533 386 559 452 1
572 385 677 447 355

1722 374 2065 445 ’ῙΟΞΕΡΗΙ
2104 370 2673 441 ΜΕΊἪΟΝΕΝδΙΞ

3654 388 3767 455 13ἷὸ

529 490 897 574 ροισείόυΙεο
925 498 1127 556 Clu-isti
1160 514 1357 555 nomen
1388 496 1671 568 proferre?
1696 495 1752 553 Si
1773 511 1902 552 vero
1927 501 2118 564 protu—

2244 493 2522 565 ιίρετικῶν
2551 494 2823 564 στόματα,
2858 494 3298 564 κατεκυρίευσαν
3324 496 3514 566 αὐτῆς,
3544 498 3669 554 ἀλλὰ
3694 506 3772 555 καὶ

530 590 681 661 lerit,
705 595 758 647 ir:
779 598 919 649 duas
944 600 1124 664 partes
1144 590 1474 649 discinditur
1493 607 1512 657 ;
1531 605 1599 647 eo
1631 589 1750 646 loco
1766 587 1860 643 ubi
1884 587 1930 643 si
1952 600 2134 640 sacer-

530 685 690 742 dotes
749 685 1122 740 sacrificantes
1176 683 1383 740 inventi
1421 679 1899 749 fuerint,Cbristi
1947 677 2134 733 hostes

533 775 916 848 ingrediuntur
931 782 1095 844 atque
1121 768 1508 842 subsannantg?
1538 781 1827 843 proterunt
1856 768 2047 826 altat-ia
2083 777 2135 822 et

457 943 460 946 ῃ
531 869 826 940 profanant
849 876 903 924 et
923 866 1122 952 Sancta
1145 867 1460 937 projiciunt,
1481 876 1534 922 et
1555 863 2135 938 plagassacerdotibus

466 961 491 1013 7
534 963 809 1033 infligunt,
840 972 892 1018 et
913 962 1273 1033 protrudunt,
1309 969 1365 1017 et
1400 960 1656 1017 derident
1686 958 2130 1015 Christianorum

555 1054 921 1126 religionem?
947 1052 1324 1125 Nequaquam.
1357 1052 1467 1109 Sed
1498 1052 1570 1108 ibi
1611 1061 1823 1122 oportet
1861 1064 2006 1111 esse,
2041 1047 2136 1106 ubi

536 1147 743 1203 Christi
761 1147 974 1217 signqu
994 1146 1245 1218 refulget,
1261 1156 1315 1201 et
1332 1144 1593 1202 Ecclesia:
1608 1150 1969 1203 exornantur,
1986 1140 2135 1205 nola,

538 1240 834 1310 imagines,
867 1252 922 1295 et
964 1239 1158 1294 altaria
1213 1240 1399 1295 omnia
1431 1253 1630 1310 magno
1658 1252 1787 1294 cum
1822 1236 1977 1292 cultu
2008 1249 2139 1289 con-

538 1334 872 1402 spiciuntur,
911 1341 967 1387 et
990 1331 1296 1388 adorantur
1323 1340 1372 1387 et
1412 1330 1791 1389 sacerdotibus
1812 1328 2029 1385 eminus
2054 1341 2142 1381 re-

535 1434 793 1480 verenter
832 1433 1130 1496 assurgunt
1176 1426 1360 1495 populi
1395 1441 1410 1480 :
1453 1423 1531 1481 ibi
1595 1423 1690 1479 ubi
1728 1422 1904 1493 palam
1932 1420 2137 1477 Christi

538 1516 682 1573 ﬁdes
704 1515 1074 1587 praedicatur;
1108 1516 1180 1571 ibi
1203 1516 1284 1588 (ι)
1306 1517 1397 1571 ubi
1426 1525 1582 1571 terrae
1611 1531 1766 1584 reges
1789 1526 1841 1570 et
1862 1515 2140 1586 principes

465 1679 471 1685 θ
543 1609 834 1663 venientes
866 1608 934 1663 ad
966 1623 1127 1664 sacra
1162 1609 1281 1665 loca
1318 1609 1659 1680 inspicienda
1680 1616 1736 1664 et
1758 1608 2138 1678 apostolorum

548 1701 730 1770 capita
799 1700 1103 1768 adoranda,
1130 1717 1396 1758 una-cum
1442 1702 1549 1757 illis
1576 1708 1632 1758 et
1685 1699 1919 1772 praeside
1947 1714 2139 1756 eorum

542 1793 863 1866 pontificem
897 1792 1131 1850 adorant
1181 1804 1237 1851 et
1287 1797 1407 1867 ejus
1457 1794 1691 1865 pedibus
1730 1794 2141 1861 advolvuntur;

2235 586 2456 651 ἀσεϐεῖς
2487 585 2581 640 καὶ
2626 585 2885 656 ἀλλότρια
2944 585 3071 656 ἔθνη
3133 587 3302 657 αὐτῆς
3349 591 3773 662 κατεκράτησαν;

2237 682 2354 735 ἐκεῖ
2378 679 2512 733 ’ἔνθα
2540 680 2662 734 οὐδὲ
2686 680 2994 749 ἱερουργεῖν
3028 680 3116 733 ἐπ’
3150 680 3331 740 ἀδείας
3360 680 3530 748 ἔστιν,
3562 683 3670 735 οὐδὲ
3698 687 3773 753 σή-

2241 790 2501 845 μαντρον,
2543 774 2665 829 οὐδὲ
2691 773 2752 826 τὸ
2779 774 2870 826 τοῦ
2910 772 3157 843 σταυροῦ
3187 776 3412 844 σημεῖον
3445 775 3736 842 ἐμφαίνεται
3754 792 3770 845 ς

2237 868 2372 934 ἐκεῖ,
2407 866 2535 920 ἔνθα
2565 868 2627 921 ού
2654 867 2903 922 δύναιται
2934 886 3018 932 τις
3049 869 3223 922 είπεῖν
3244 869 3531 939 παρρησίᾳ
3553 868 3611 919 τὸ
3633 868 3764 936 γλυκῦ

2236 962 2332 1018 τοῦ
2367 961 2604 1033 Χριστοῦ
2655 962 2830 1029 ὄνομα
2856 979 2872 1029 ;
2929 963 2976 1015 εί
3002 960 3088 1017 ’δὲ
3119 961 3249 1034 εἴπῃ
3301 961 3466 1033 διχῶς
3496 961 3772 1032 διαιρεῖται·

2240 1055 2375 1118 ἐκεῖ,
2406 1054 2536 1107 ἔνθα
2570 1053 3000 1124 ἱερουργούντων
3031 1052 3143 1105 τῶν
3166 1052 3576 1124 εὑρισκομένων
3601 1053 3771 1122 ἱερέων,

2240 1147 2288 1201 οἱ
2312 1145 2405 1200 τοῦ
2429 1146 2670 1217 Χριστοῦ
2699 1146 2887 1217 ἐχθροὶ
2912 1145 3249 1217 εἰσέρχονται
3277 1148 3371 1201 καὶ
3403 1145 3768 1216 μυκτηρίςονσε,

2242 1241 2339 1294 καὶ
2364 1237 2743 1293 καταπατοῦσι
2773 1239 2869 1292 καὶ
2893 1236 3188 1309 βεδηλοῦσι
3215 1236 3284 1290 τὰ
3313 1237 3689 1306 θυσιαστήρια,
3711 1240 3775 1288 καὶ

2244 1331 2501 1402 ῥίπτουσι
2533 1332 2600 1385 τὰ
2634 1332 2829 1401 "Arta,
2888 1332 2982 1386 καὶ
3042 1332 3312 1385 τύπτουσι
3355 1330 3485 1390 τοὺς
3530 1331 3683 1401 ἱερεῖς
3710 1332 3778 1381 καὶ

2240 1426 2471 1488 ὠθοῦσι,
2494 1426 2585 1479 καὶ
2617 1426 2822 1494 γελῶσι
2844 1424 2943 1493 τὴν
2967 1423 3075 1479 τῶν
3113 1423 3463 1495 Χριστιανῶν
3494 1421 3777 1493 θρησκείινς

2242 1516 2532 1589 οὖμενουν.
2577 1516 2720 1571 Ἀλλ’
2784 1518 2899 1571 ἐκεῖ
2928 1518 3011 1570 δεῖ
3074 1511 3239 1581 εἶναι,
3294 1514 3426 1568 ἔνθα
3476 1514 3571 1567 καὶ
3617 1513 3671 1567 τὸ
3709 1514 3780 1565 τοῦ

2243 1612 2482 1685 Χριστοῦ
2505 1613 2732 1684 σημεῖον
2754 1611 3072 1681 διαλάμπει,
3091 1613 3186 1665 καὶ
3203 1611 3258 1665 αί
3282 1606 3608 1682 Ἐκκλησίαι
3631 1624 3781 1661 κεκοσ-

2249 1723 2323 1776 μη
2335 1706 2495 1777 μέναι
2521 1706 2887 1776 τυγχάνουσιν
2936 1701 3115 1772 οὖσαι,
3139 1704 3235 1759 καὶ
3269 1705 3578 1775 σήμαντρα,
3604 1699 3689 1754 καὶ
3711 1716 3784 1769 ση-

2249 1800 2432 1870 μαῖαι,
2468 1799 2564 1853 καὶ
2593 1798 2958 1870 θυσιαστήρια
3000 1798 3177 1851 πάντα
3225 1796 3368 1867 μετὰ
3397 1794 3560 1866 τιμῆς
3588 1793 3783 1864 ὁρῶνται

544 1859 623 1944 ibi
656 1884 749 1940 ubi
778 1882 903 1938 festi
935 1885 1076 1954 dies,
1133 1859 1476 1957 psalmodite,
1540 1899 1756 1957 preces,
1796 1886 1931 1942 sine
1988 1859 2137 1939 metu

2244 1859 2339 1946 καὶ
2374 1859 2813 1961 προσκυνοῦνται
2836 1859 2983 1943 ἠκαὶ
3012 1892 3124 1954 τοῖς
3155 1859 3366 1959 ίερεῦσι
3399 1859 3661 1960 μακρόθεν
3688 1884 3783 1956 μετ’

542 1981 919 2047 celebrantur,
955 1981 1046 2037 ubi
1078 1996 1239 2036 nemo
1270 1977 1597 2037 reformidat
1644 1978 1751 2034 sibi
1798 1992 2135 2048 quemquam

544 2075 872 2142 adversari;
909 2075 979 2130 ibi
1035 2073 1126 2129 ulti
1168 2087 1419 2130 summus
1475 2070 1719 2142 pontifex
1786 2069 2040 2126 doctores
2083 2077 2139 2124 et

549 2166 939 2235 praedicatores
971 2165 1024 2220 in
1059 2179 1277 2221 onmem
1326 2170 1533 2219 terram
1589 2160 1814 2218 dimittit
1841 2161 1909 2216 ad
1945 2158 2141 2231 praedi-

540 2258 785 2312 ‘candum
820 2266 873 2312 et
900 2256 1334 2312 annuntiandum
1373 2255 1598 2310 verbum
1633 2253 1753 2321 Dei,
1780 2252 1983 2311 Christi
2018 2252 2138 2307 imi-

546 2349 775 2414 tatione,
812 2348 923 2403 imo
949 2347 1247 2404 Salvatoris
1274 2347 1448 2401 nostri
1475 2346 1619 2401 vices
1642 2345 1695 2399 in
1722 2345 1887 2401 terris
1919 2356 2136 2414 gerens.

544 2441 684 2498 Nam
736 2443 880 2498 sicut
917 2442 963 2499 is
998 2441 1265 2512 apostolis
1317 2439 1458 2496 dixit
1496 2457 1511 2494 :
1545 2458 1564 2492 ι
1612 2439 1752 2494 Ecce
1814 2438 1974 2494 mitto
2007 2452 2134 2503 vos,

538 2542 742 2591 euntes
771 2534 824 2589 in
860 2533 1123 2589 mundum
1161 2532 1502 2596 universum,
1552 2532 1847 2602 praedicate
1884 2529 2137 2601 Evange-

546 2628 681 2683 linm
715 2628 863 2684 omni
899 2634 1169 2682 creaturae
1210 2628 1277 2693 ²¹,
1312 2644 1332 2678 ι
1370 2626 1444 2680 ita
1477 2634 1533 2681 et
1580 2626 1668 2681 hic
1702 2625 1756 2679 in
1815 2626 2135 2680 universum

548 2721 741 2777 orbem
774 2718 1065 2791 magistros
1097 2719 1267 2774 mittit
1305 2734 1499 2790 magna
1533 2733 1659 2775 cum
1683 2734 1838 2783 cura,
1866 2718 1963 2789 qui
2024 2732 2135 2773 non

546 2815 727 2872 solum
759 2814 827 2870 ad
853 2814 1199 2870 Christianos
1228 2812 1683 2885 proficiscuntur.
1721 2813 1817 2868 sed
1862 2814 2028 2868 etiam
2063 2811 2131 2866 ad

548 2925 745 2983 omnes
776 2919 987 2982 gentes;
1019 2909 1105 2964 vel
1134 2924 1200 2964 ex
1236 2909 1411 2965 sancti
1469 2907 1754 2963 Francisci
1805 2906 2022 2972 ordine,
2056 2905 2139 2961 vel

548 3002 846 3071 Dominici,
876 3002 962 3058 vel
994 3016 1056 3056 ex
1095 3001 1200 3056 alia
1259 3001 1467 3070 regula.
1523 2999 1663 3070 Ergo
1699 3000 1772 3054 ibi
1837 2997 2135 3055 Ecclesiam

542 3082 959 3161 confitebimur,
999 3095 1092 3151 ubi
1124 3110 1231 3150 non
1264 3105 1350 3149 est
1390 3093 1635 3157 haeresis,
1694 3107 1795 3147 nec
1849 3091 2135 3161 iniquitas,

2236 1983 2425 2043 ἀἰδοῦς
2456 1985 2840 2051 ύπεξίστανται
2871 1983 2919 2037 οί
2958 1983 3078 2035 λαοί
3107 1997 3123 2013 ⁶
3154 1983 3290 2049 ἐκεῖ,
3330 1980 3464 2034 ἔνθα
3497 1979 3781 2052 κηρύττεται

2228 2077 2540 2151 ’διαρρήδην
2567 2080 2599 2149 ἡ
2634 2076 2729 2131 τοῦ
2778 2074 3019 2147 Χριστοῦ
3052 2077 3240 2139 πίστις
3265 2090 3280 2104 ⁶
3315 2076 3460 2139 ἐκεῖ,
3493 2073 3620 2127 ὅπου
3649 2074 3690 2123 οἱ
3711 2069 3782 2140 βα»

2243 2174 2411 2238 σιλεῖς
2434 2175 2533 2243 τῆς
2558 2173 2659 2242 γῆς
2727 2174 2824 2227 καὶ
2855 2172 2905 2225 οἱ
2957 2169 3224 2243 ἄρχοντες
3275 2169 3567 2241 ἐρχόμενοι
3610 2165 3780 2237 ίστορῆ-

2242 2282 2332 2319 σαι
2373 2263 2501 2329 τοὺς
2534 2264 2714 2335 ἱεροὺς
2745 2264 2965 2328 τόπους,
2998 2263 3096 2316 καὶ
3125 2262 3237 2316 τῶν
3295 2263 3612 2332 κορυφαίων
3654 2264 3779 2329 προσ-

2241 2356 2478 2426 κυνῆσαι
2506 2356 2606 2419 τὰς
2669 2354 2869 2427 κάρας,
2904 2354 3004 2408 σὺν
3032 2353 3274 2418 ἐκείναις
3310 2349 3672 2425 προσκυνοῦσι
3711 2350 3779 2403 καὶ

2239 2451 2333 2503 τὸν
2360 2447 2845 2521 προκαθεζόμενον
2905 2448 3192 2520 ἀρχιερέα,
3215 2450 3312 2502 καὶ
3348 2447 3671 2510 ἀσπάζονται
3689 2445 3781 2501 τοὺς

2243 2542 2414 2606 πόδας
2446 2540 2635 2596 αὐτοῦ.
2671 2541 2839 2605 Ἐκεῖ,
2875 2541 3008 2595 ἔνθα
3036 2541 3389 2613 πανηγύρεις
3422 2541 3652 2610 γίνονται
3677 2541 3780 2604 παῤ-

2245 2633 2440 2705 ρησίᾳ,
2468 2635 2564 2687 καὶ⁵
2598 2633 2913 2707 ψαλμῳδὶαι
2943 2635 3039 2687 καὶ
3081 2636 3413 2705 προσευχαί.
3447 2633 3618 2687 Ὅπου
3654 2628 3780 2699 φόδος

2240 2724 2442 2791 οὐδεὶς,
2468 2724 2591 2779 τινὰ
2619 2725 2798 2779 εἰπεῖν
2827 2724 3169 2779 τούναντίον.
3214 2726 3388 2792 Ἐκεῖ,
3421 2724 3549 2779 ἔνθα
3588 2724 3615 2775 ὁ
3647 2722 3779 2791 ἄκρος

2241 2816 2535 2887 ἀρχιερεὺς
2574 2814 2854 2886 ἐκπέμπει
2903 2814 3265 2877 διδασκάλους
3328 2814 3427 2868 καὶ
3463 2813 3693 2883 κήρυκας
3722 2809 3781 2867 εἰς

2242 2913 2426 2964 πᾶσαν
2453 2910 2928 2980 τὴνοίκουμένην,
2971 2907 3270 2980 κηρύττειν
3302 2908 3407 2961 καὶ
3441 2902 3781 2973 καταγγέλλειν

2239 3005 2331 3057 τὸν
2358 3003 2453 3056 τοῦ
2490 3001 2628 3056 Θεοῦ
2663 3001 2821 3070 λόγον
2840 3017 2856 3035 ο
2890 3002 3142 3074 μιμητὴς
3165 3000 3259 3054 τοῦ
3294 2999 3539 3072 Χριστοῦ
3568 2999 3655 3061 ὢν,
3684 2994 3785 3066 μᾶλ-

2241 3095 2332 3149 λον
2381 3095 2441 3149 δὲ
2488 3097 2603 3150 ἀντ’
2634 3094 2802 3149 αὐτοῦ
2849 3094 2944 3149 τοῦ
2975 3095 3230 3165 Σωτῆρος
3264 3096 3297 3166 ἡ
3310 3095 3432 3166 μῶν
3473 3094 3565 3147 ἐπὶ
3591 3090 3678 3160 τῆς
3706 3091 3786 3156 γῆς

554 3206 739 3262 neque
794 3188 1117 3253 inﬁdelitas,
1183 3187 1294 3241 into
1342 3200 1475 3242 vero
1507 3185 1667 3239 firma
1702 3182 1838 3239 fides
1860 3193 1916 3241 et
1946 3184 2138 3239 incon-

2244 3189 2528 3261 ὑπάρχων.
2560 3190 2777 3260 ’Ὥσπερ
2805 3188 2916 3258 γὰρ
2948 3190 3156 3251 ἐκεῖνος
3190 3189 3303 3250 τοῖς
3350 3185 3659 3246 ἀποστόλοις
3687 3181 3783 3249 ἔτη,

548 3298 735 3342 cussa.
773 3282 843 3338 At
870 3298 979 3338 non
1014 3283 1087 3336 ita
1134 3280 1277 3349 apud
1330 3278 1668 3347 Orientales,
1731 3277 1827 3333 ubi
1882 3278 2131 3333 abundat

554 3377 822 3447 iniquitas
877 3384 932 3431 et
982 3373 1298 3430 infidelitas.
1352 3369 1465 3428 Nec
1498 3388 1654 3429 meus
1688 3388 1874 3429 sermo
1909 3386 1995 3429 est
2030 3374 2138 3439 hic,

555 3470 654 3526 sed
685 3468 1006 3525 Theodorus
1047 3467 1291 3524 Studites
1335 3467 1564 3539 prodeat
1597 3476 1651 3523 et
1681 3466 1828 3522 dicat
1858 3467 1961 3523 hoc
1985 3469 2144 3523 testi-

552 3561 822 3630 monium,
874 3561 1019 3632 quod
1044 3577 1206 3617 nemo
1258 3561 1461 3633 poterit
1499 3559 1754 3628 inficiari,
1814 3561 1868 3616 in
1924 3561 2141 3618 decima

552 3654 747 3724 quinta
776 3654 1256 3724 catcchesi,quam
1285 3654 1462 3725 legitis
1490 3656 1734 3726 quidem,
1763 3664 1819 3711 at
1839 3671 1947 3721 ttpn
1978 3656 2139 3713 intel-

550 3749 745 3820 ligitis,
801 3750 927 3820 quia
964 3765 1073 3805 non
1108 3749 1294 3807 vultis.
1336 3747 1567 3806 Videtur
1622 3751 1770 3804 enim
1827 3750 2022 3805 doctor
2054 3752 2142 3805 hic

551 3841 818 3897 adversus
844 3848 1248 3911 Oppugnatores
1280 3824 1579 3912 imaginum
1612 3854 1882 3910 pugnare,
1908 3841 2140 3911 quando

552 3931 687 3989 dicit
708 3947 734 3989 ιε
771 3950 791 3984 ι
827 3932 1007 3987 Audio
1037 3942 1219 3987 autem
1261 3936 1408 4002 quod
1465 3933 1674 4000 Romae,
1714 3933 1978 4002 principis
2008 3949 2143 4003 apo-

555 4024 824 4081 stolorum
854 4023 1000 4080 Petri
1029 4026 1209 4081 claves
1242 4037 1629 4094 praponuntur
1660 4025 1729 4081 ad
1761 4028 2136 4094 adorandum,

556 4126 725 4186 atque
772 4117 827 4170 in
887 4115 1097 4171 honore
1157 4119 1348 4172 haberi
1383 4137 1397 4173 :
1428 4134 1745 4190 quanquam
1798 4137 1907 4176 non
1958 4123 2143 4178 clavas

557 4209 855 4268 sensibiles
913 4211 1181 4266 Dominus
1228 4212 1276 4265 ei
1314 4212 1562 4273 tradidit.
1604 4213 1697 4268 sed
1741 4214 2142 4269 intellectuales

556 4304 626 4360 ad
657 4304 934 4375 ligandum
961 4315 1016 4360 et
1039 4305 1383 4360 solvendum.
1405 4306 1470 4360 At
1500 4307 1574 4359 illi
1606 4317 1894 4375 argenteas
1929 4309 2130 4377 populo

555 4404 871 4470 proponunt
908 4401 975 4451 ad
1031 4398 1392 4466 adorandum,
1452 4406 1605 4452 tanta
1648 4398 1815 4468 igitur
1867 4399 2007 4469 apud
2049 4416 2142 4455 eos

558 4504 645 4548 est
688 4491 842 4555 ﬁdes,
872 4501 927 4546 et
957 4491 1029 4545 ibi
1063 4492 1235 4547 solida
1293 4500 1447 4559 petra
1510 4490 1636 4545 fidei
1701 4495 2004 4549 secundum
2045 4494 2139 4550 Dei

494 4622 501 4631 σ
559 4572 788 4641 verbum
840 4583 1092 4641 fundata.
1136 4584 1235 4640 Hic
1274 4600 1427 4651 vero,
1487 4596 1545 4641 ut
1595 4588 1831 4652 videtur,
1896 4587 2140 4642 abundat

514 4664 520 4737 ἶ
559 4678 858 4734 infidelitas
916 4695 982 4735 ac
1013 4681 1355 4751 improbitas.
1387 4698 1408 4734 ι
1471 4678 1635 4735 Vides
1663 4683 1807 4751 quod
1843 4692 1896 4735 et
1950 4682 2143 4737 beatus

559 4770 653 4824 hic
679 4770 751 4824 ibi
782 4772 1079 4828 confitetur
1107 4775 1339 4830 solidam
1370 4788 1493 4829 esse
1531 4773 1730 4841 fidem;
1767 4789 1867 4829 nec
1901 4777 1954 4829 in
1984 4777 2143 4829 Petro

561 4874 797 4927 tantum,
834 4864 929 4919 sed
965 4874 1020 4920 et
1051 4866 1107 4921 in
1145 4867 1264 4935 ejus
1285 4867 1726 4923 successoribus.
1760 4866 1886 4921 llaec
1915 4869 2138 4938 quidem

561 4970 687 5030 cum
729 4956 966 5012 audiatis
995 4968 1049 5012 et
1073 4959 1323 5027 videatis,
1363 4975 1466 5015 nec
1489 4961 1713 5031 possitis
1758 4970 1946 5015 contra
1973 4962 2148 5031 respi-

560 5062 706 5113 cere,
738 5048 883 5102 velut
913 5049 1177 5106 adversus
1208 5051 1484 5123 refulgens
1513 5065 1567 5109 et
1603 5068 1902 5110 coruscans
1954 5054 2141 5109 lumen

561 5138 833 5207 veritatis,
898 5140 966 5193 ad
1000 5154 1064 5194 ea
1111 5141 1410 5211 confugitis
1443 5159 1567 5213 quae
1624 5143 1779 5199 nefas
1826 5156 1909 5199 est
1962 5144 2147 5198 dicere

561 5232 770 5287 scilicet
803 5244 1143 5302 peccatorem
1195 5250 1318 5291 esse
1367 5234 1676 5292 Romanum
1734 5236 2048 5307 pontificem
2093 5245 2148 5290 ct

561 5322 872 5380 carnalibus
903 5324 1282 5392 voluptatibus
1310 5327 1721 5393 inservientem,
1755 5338 1811 5382 et
1844 5327 1965 5381 ideo
1986 5327 2137 5383 nolle

560 5425 659 5470 vos
695 5416 958 5472 honorem
998 5426 1054 5474 et
1088 5421 1448 5476 reverentiam
1473 5420 1714 5478 debitam
1744 5421 2028 5477 exhibere.

633 5599 676 5629 ²²
698 5596 864 5654 Marc.
886 5614 998 5667 xvi,
1022 5601 1111 5657 15.

2256 3299 2275 3333 ι
2314 3280 2447 3334 Ἰδοὺ
2489 3278 2810 3335 ἀποστέλλω
2844 3281 3013 3350 ὑμᾶς,
3046 3278 3415 3350 πορευθέντες
3454 3279 3536 3340 εἰς
3582 3275 3661 3329 τὸν
3688 3272 3785 3325 κόσ-

2251 3391 2354 3444 μον
2384 3372 2631 3441 ἆπαντα,
2663 3373 2940 3445 κηρύξατε
2972 3373 3033 3426 τὸ
3065 3371 3405 3441 Εύαγγέλιον
3440 3372 3586 3444 πάσῃ
3612 3370 3669 3439 τῇ
3695 3365 3782 3419 κτί-

2249 3486 2353 3535 σει,
2408 3489 2428 3522 ι
2479 3467 2623 3522 οὕτω
2661 3470 2750 3522 καὶ
2782 3467 2940 3532 οὗτος
2988 3466 3313 3521 ἀποστέλλει
3350 3465 3689 3525 διδασκάλους
3724 3463 3782 3519 εἰς

2248 3561 2431 3615 πάντα
2480 3560 2686 3630 κόσμον
2718 3563 2786 3630 τῇ
2825 3561 3143 3633 προμηθείᾳ
3186 3559 3359 3614 αὐτοῦ
3387 3578 3403 3594 ο
3459 3558 3507 3614 οἳ
3554 3559 3610 3612 οὐ
3660 3556 3717 3626 μό
3742 3570 3783 3603 ον

2248 3656 2329 3716 εἰς
2374 3653 2741 3724 Χριστιανοὺς
2777 3654 3136 3725 πορεύονται,
3173 3653 3313 3707 ἀλλὰ
3343 3654 3439 3709 καὶ
3482 3654 3558 3716 εἰς
3586 3650 3649 3705 τὰ
3687 3646 3783 3711 ἔθνη

2248 3750 2428 3801 πάντα
2452 3764 2468 3779 ο
2498 3747 2533 3818 ἦ
2569 3750 2634 3800 ὲκ
2665 3747 2759 3801 τοῦ
2792 3747 3073 3818 σχήματος
3100 3747 3195 3801 τοῦ
3221 3747 3384 3817 ἁγίου
3423 3737 3781 3819 Φραγκίσιουῆ

2247 3838 2313 3890 ἐκ
2344 3836 2439 3890 τοῦ
2465 3838 2626 3906 ἁγίου
2654 3838 2975 3908 Δομενίκου,
3009 3840 3041 3908 ἦ
3079 3838 3137 3904 ἐξ
3168 3838 3335 3893 ἄλλου
3388 3856 3488 3893 του
3522 3838 3776 3906 τάγματος.

2259 3931 2408 3984 Ἐκεῖ
2451 3930 2634 3985 τοίνυν
2666 3932 3078 4003 ὁμολογήσομεν
3126 3927 3269 3987 εῖναι
3332 3932 3433 4005 τὴν
3479 3927 3779 3999 Ἐκκλησίαν.

2246 4024 2375 4077 ἐνῦα
2408 4025 2508 4078 ούκ
2536 4024 2686 4077 ἐστιν
2725 4024 2962 4095 αἵρεσις,
2990 4024 3021 4095 ἢ
3059 4026 3265 4093 ἀνομία
3307 4026 3340 4098 ἦ
3393 4026 3617 4080 ἀπιστία
3640 4039 3654 4053 '
3679 4019 3781 4075 ὰλλὲ

2250 4116 2453 4184 μᾶλλον
2494 4116 2728 4189 ὑπάρχει
2767 4118 2799 4186 ή
2831 4116 3014 4175 πίστις
3057 4118 3313 4190 ἀρραγὴς
3378 4121 3471 4172 καὶ
3502 4118 3778 4185 ἀκλόνητο.·

2248 4208 2364 4261 ἀλλ’
2390 4210 2491 4263 οὐκ
2518 4212 2576 4263 ὲν
2607 4214 2671 4281 τῇ
2722 4209 3008 4283 Ἀνατολῇ,
3038 4209 3168 4264 ἔνθα
3212 4210 3499 4275 πλεονάζει
3531 4210 3563 4281 ἡ
3598 4203 3780 4263 ἀπιστία

2248 4302 2342 4355 καὶ
2399 4303 2432 4372 ή
2485 4302 2709 4371 ἀνομία.
2743 4303 2855 4357 Καὶ
2885 4304 2986 4356 οὐκ
3040 4302 3172 4372 ἐμὸς
3216 4299 3376 4366 οὗτος
3407 4304 3436 4356 ὁ
3460 4303 3611 4370 λόγος
3632 4314 3645 4330 ·
3674 4294 3780 4350 alii

2249 4394 2464 4465 παρίτω
2493 4393 2772 4466 ϐεόδωρος
2798 4399 2825 4449 ὁ
2850 4397 3164 4466 Στουδίτης,
3195 4398 3289 4450 καὶ
3322 4393 3534 4451 εἰπάτω
3564 4395 3651 4465 τὴν
3675 4404 3784 4459 μαρ-

2251 4489 2446 4559 τυρίαν
2475 4488 2682 4561 ταύτην
2717 4490 2785 4560 ἢν
2819 4489 2881 4542 ού
2915 4489 3208 4562 δυνήσεταί
3238 4506 3319 4553 τις
3360 4488 3715 4561 ἀρνήσασθαι·
3740 4483 3781 4532 ἐν

2250 4587 2315 4655 τῇ
2352 4584 2820 4657 πεντεκαιδεκάτῃ
2849 4584 3157 4653 κατηχήσει
3189 4582 3383 4649 αὐτοῦ,
3456 4584 3522 4655 ἣν
3566 4575 3781 4644 ἀναγινώ-

2254 4696 2412 4733 σκετε
2453 4678 2570 4749 μὲν,
2599 4678 2658 4730 ού
2685 4681 2859 4731 νοεῖτε
2884 4678 2965 4742 δὲ,
2994 4677 3128 4731 διότι
3160 4678 3218 4729 ού
3256 4676 3462 4739 θέλετε,
3487 4672 3687 4729 τοιαῦτα
3714 4666 3778 4720 εὖ·

2254 4790 2457 4847 ρομεν’
2496 4773 2751 4843 φαίνεται
2795 4772 2904 4843 γὰρ
2947 4775 2975 4826 ό
3004 4771 3325 4836 διδάσκαλος
3359 4764 3513 4835 οὗτος
3546 4765 3673 4822 κατὰ
3696 4758 3777 4814 τῶν

2252 4869 2641 4941 Είκονομὰχων
2701 4869 3031 4938 μαχόμενος,
3060 4868 3189 4922 ἔνθα
3223 4867 3391 4936 φησίν
3416 4883 3431 4898 ο
3471 4883 3490 4916 ι
3533 4857 3715 4915 ’Ᾱκούω
3737 4852 3776 4901 δὲ

2254 4960 2335 5013 δτι
2359 4963 2416 5013 ἐν
2455 4940 2647 5030 Ῥώμῃ
2681 4961 2774 5011 καὶ
2826 4958 2927 5021 τὰς
2964 4959 3112 5022 κλεῖς
3157 4958 3250 5011 τοῦ
3296 4954 3595 5012 ἀποστόλου
3631 4940 3779 5019 προτί·

2240 5050 2425 5105 θενται
2456 5052 2538 5114 είς
2574 5050 2971 5123 προσκύνησιν,
3004 5053 3101 5105 καὶ
3130 5051 3218 5103 διὰ
3247 5050 3413 5122 τιμῆς
3446 5049 3659 5117 ἄγουσι·
3688 5033 3778 5091 καί·

2239 5161 2321 5197 τοι
2354 5161 2438 5213 γε,
2471 5146 2533 5198 οὐ
2589 5146 2742 5209 κλεῖς
2799 5143 2947 5215 αύτῷ
2978 5145 3248 5215 αἰσθητὰς
3299 5146 3326 5195 ὁ
3362 5142 3562 5211 Κύριος
3595 5134 3776 5191 ἔδωκενν

2240 5236 2376 5289 ἀλλά
2406 5237 2503 5301 τὰς
2532 5236 2622 5290 διὰ
2642 5237 2804 5305 λόγου
2832 5236 2968 5308 πρὸς
2992 5235 3053 5289 τὸ
3077 5236 3299 5305 δεσμεῖν
3327 5235 3423 5288 καὶ
3463 5220 3776 5283 λύειν.Ἕκεῖ-

2238 5346 2320 5385 νοι
2373 5328 2431 5384 δὲ
2480 5331 2730 5401 ἀργυρᾶς
2765 5331 3155 5400 πεποιηκότες,
3203 5326 3550 5400 προτίθενται
3578 5317 3648 5389 τῷ
3685 5308 3772 5377 λαῷ

2238 5425 2318 5486 είς
2374 5422 2773 5495 προσκύνησιν.
2830 5422 3089 5491 Τοσαύτη
3128 5423 3311 5476 αὐτῶν
3356 5423 3503 5474 ἐστιν
3540 5418 3570 5484 ἡ
3604 5412 3769 5467 πίστις’

635 5778 973 5862 (l)0ppon_it
1022 5783 1430 5862 elegantissime
1482 5786 1784 5843 Ecclesiam
1824 5784 2127 5842 Romanam
2159 5786 2385 5844 Grmcze.
2428 5786 2571 5845 ldcm
2625 5798 2804 5862 potest
2848 5789 2955 5848 dici
3002 5789 3069 5846 de
3118 5790 3392 5847 haereticis
3450 5785 3607 5845 ποδιιὶ
3660 5787 3762 5837 tem-

563 5853 734 5924 poris,
761 5862 811 5905 et
830 5849 1025 5905 eorum
1056 5849 1338 5910 Ecclesiis.
