3992 6402
218 338 361 404 «1257
871 339 1023 400 PRO
1053 339 1267 401 CONC.
1316 337 1687 398 ELORENT.
1733 339 1811 395 CA

1936 338 2004 398 ν.
2039 336 2144 397 DE
2192 337 2548 401 I‘RIMA'I‘U
2588 340 2823 403 ΡΛΡιΕ.
3357 338 3497 407 13I3

225 454 401 506 Κάκεῖ
429 449 530 520 μὲν
666 453 872 515 πίστις,
905 452 1159 524 ἀρραγὴς
1213 451 1309 505 καὶ
1353 451 1688 520 ἀκλὸνητος’
1726 447 1963 501 ἐνταῦθα
2054 449 2110 501 δὲ
2195 450 2271 513 ὡς
2334 451 2504 519 ἔοικε,
2557 452 2936 529 πλεονάζουσα
2997 455 3029 525 ὴ
3084 456 3316 511 ἀπιστία
3404 461 3498 512 καὶ

212 544 442 612 ἀνομία.
494 564 512 594 ι
567 545 735 615 Ὀρᾷς
785 546 867 597 ὅτι
904 547 997 596 καὶ
1049 545 1078 596 6
1139 545 1415 614 μακάριος
1482 540 1642 604 οὗτος
1701 539 1821 593 ἐκεῖ
1887 539 1989 608 τὴν
2044 544 2264 614 ἁρῤαγῆ
2295 544 2479 598 πίστιν
2509 546 2765 617 ὁμολογεῖ
2794 544 2955 615 εἶναι,
2991 549 3085 603 καὶ
3115 550 3176 602 ού
3205 551 3280 621 τῷ
3307 552 3500 624 Πέτρῳ

212 640 391 709 μόνῳ,
425 638 558 692 ἀλλὰ
596 641 832 701 καὶτοῖς
882 638 1147 707 διαδᾶχοις
1192 638 1382 693 αὐτοῦ.
1446 634 1634 689 Ταῦτα
1700 632 1801 702 μὲν
1842 632 2080 700 ὁρῶντές
2119 652 2179 687 τε
2231 638 2326 689 καὶ
2357 638 2673 704 ἀκούοντες,
2712 641 2851 712 πρὸς
2917 642 2953 698 ἃ
3000 643 3112 697 οὐδ’
3178 646 3501 717 ἀντιϐλέψαι

212 737 472 802 δύνασθε,
508 739 585 811 ὡς
615 735 676 791 τδ
709 737 965 806 λαμπρδν
1015 739 1111 790 καὶ
1172 737 1487 806 ἀστράπτον
1515 734 1614 804 τῆς
1668 720 1932 798 ἀληθείας
1984 730 2102 799 φῶς
2172 734 2324 802 ὄντα,
2398 740 2535 808 πρὸς
2599 740 2716 792 ὃού
2777 741 2934 810 Θέμις
2991 744 3167 798 εἰπεῖν
3227 748 3505 816 καταφεύ-

219 850 348 905 una
372 849 385 863 .
416 833 498 886 δτι
528 833 853 902 ἁμαρτωλός
882 836 1030 886 ἐστιν
1058 833 1084 885 ὁ
1108 832 1208 902 τῆς
1241 831 1459 903 Ῥώμης
1483 829 1799 901 ἀρχιερεὺς,
1842 827 1937 879 καὶ
1988 830 2203 900 ἡδοναῖς
2241 832 2483 886 δουλεύει
2525 836 2835 904 σαρκίναις,
2892 840 2987 890 καὶ
3071 839 3160 892 διὰ
3211 840 3374 894 τοῦτο
3439 846 3501 897 οὐ

219 928 453 982 θέλοιιεν
481 928 793 995 εὐλάϐειαν,
828 932 924 982 καὶ
974 929 1111 983 αίδὼ
1162 930 1261 1001 τὴν
1313 933 1635 999 πρέπουσαν
1660 918 1975 978 ἀποδοῦναι.

961 1027 1057 1081 ΙΒ¹.

292 1119 463 1171 Τοῦτο
511 1120 620 1188 γάρ
669 1121 717 1172 εί
754 1120 847 1173 καὶ
877 1120 1189 1188 φθάσαντες
1236 1118 1650 1189 ἀπεκρίοημεν,
1684 1117 1801 1169 ἀλλ’

213 1211 313 1264 οὖν
344 1213 502 1265 πάλιν
535 1212 867 1283 τελεώτερον
900 1216 1036 1284 πρὸς
1075 1214 1219 1282 ὑμᾶς
1247 1212 1525 1283 λέγοιμεν,
1560 1212 1643 1265 ὅτι
1664 1210 1769 1280 dmi
1791 1241 1802 1251 -

211 1306 376 1359 δεσθε
401 1307 734 1379 διαρρήδην·
776 1309 836 1361 ού
877 1309 984 1377 γὰρ
1019 1308 1106 1362 διὰ
1151 1309 1211 1361 τὸ
1244 1305 1386 1361 εἶναι
1420 1307 1583 1359 αὑτὸν
1616 1308 1803 1375 ἀμαρ-

211 1399 391 1452 τωλδν
446 1401 505 1452 ού
548 1399 732 1453 Θέλετε
787 1400 1090 1454 ὑπακούειν
1124 1400 1344 1471 ἐκείνῳ,
1403 1400 1539 1454 ἀλλὰ
1601 1401 1691 1454 δ.ἀ
1744 1398 1803 1451 τὸ

211 1492 362 1546 εἶναι
389 1495 642 1561 Λατῖνον,
696 1497 794 1549 καὶ
832 1495 920 1548 διὰ
954 1497 1012 1548 τὸ
1040 1494 1251 1566 κείρειν
1290 1494 1383 1547 τὸν
1418 1494 1659 1563 πώγωνα
1687 1508 1699 1522 ’
1759 1493 1808 1544 εἰ

209 1588 330 1655 γὰρ
374 1587 634 1655 ἐφεύγετε
678 1588 889 1640 ἐκεῖνον
935 1586 1023 1641 διὰ
1068 1588 1169 1657 τὴν
1198 1586 1499 1656 ἁμαρτίαν,
1538 1582 1803 1652 ἐφεύγετε

210 1680 286 1733 ἂν
323 1682 465 1746 ὑμᾶς
498 1679 717 1744 αὐτοὺς,
753 1679 1115 1749 ἁμαρτωλοὺς
1171 1678 1352 1739 ὖντας.
1391 1679 1515 1742 Πίς
1548 1673 1641 1731 οῦν
1670 1679 1812 1730 ἐκεῖ·

207 1791 310 1826 νον
342 1773 524 1826 οἴδατε
556 1774 788 1843 κρίνειν,
828 1775 955 1836 τοὺς
990 1774 1049 1826 δὲ
1089 1774 1395 1844 ὑμετέρους
1443 1774 1504 1826 ού
1540 1774 1806 1845 κρίνετες

208 1866 431 1927 Πάντες
456 1865 620 1934 οἱτῆς
656 1866 949 1937 Ἀνατολῆς
981 1868 1263 1937 ἀρχιερεῖς
1287 1866 1613 1933 είσινᾶγιοις
1640 1865 1812 1919 Τοῦτο

204 1957 322 2010 οὐκ
360 1957 511 2025 ἔχετε
549 1957 740 2020 δεῖξαι.
788 1959 1001 2011 Οὐκοῦν
1039 1960 1139 2028 ούχ
1196 1958 1273 2021 ὡς
1311 1957 1640 2027 ἁμαρτωλὸν
1674 1957 1808 2027 φεύ-

206 2065 369 2117 γετε,
410 2050 495 2102 ὅτι
541 2049 653 2102 οὐδ’
702 2049 861 2119 ὑμεῖς
893 2050 1281 2122 ἀναμάρτητοι
1337 2054 1662 2124 τυγχάνετε,
1692 2051 1808 2105 ἀλλ’

206 2143 298 2195 ὅτι
326 2141 440 2193 ἐστῖ
474 2141 724 2208 Λατῖνος,
756 2144 852 2198 καὶ
880 2142 951 2208 ὡς
977 2145 1285 2214 ἑτερόδοξον
1316 2145 1469 2216 ἔχετε
1497 2161 1511 2174 ·
1546 2146 1673 2210 τοὺς
1699 2147 1807 2214 γὰρ

213 2236 489 2297 Λατίνους
510 2234 670 2305 ὑμεῖς
710 2233 785 2298 ὡς
812 2235 1126 2306 ἀλλοτρίους
1150 2241 1249 2308 τῆς
1274 2238 1511 2300 πίστεως
1544 2237 1769 2307 ἡγεῖσθε
1793 2255 1807 2269 ’

2646 1028 2761 1086 XII.

1985 1113 2065 1169 Ac.
2089 1120 2305 1173 tametsi
2358 1119 2443 1174 his
2476 1136 2530 1175 tn
2563 1122 2999 1192 praecedentibus
3034 1124 3500 1194 responderimus,

1912 1209 2154 1264 exactius
2181 1225 2377 1268 rursus
2410 1215 2562 1269 vobis
2602 1216 2837 1273 dicimus
2861 1218 3005 1289 quod
3056 1226 3244 1287 aperte
3271 1217 3501 1273 menda-

1912 1316 2004 1356 ces
2033 1303 2192 1359 esus.
2245 1304 2380 1360 Nam
2433 1322 2540 1362 non
2592 1310 2720 1379 quia
2754 1320 3011 1381 peccator
3046 1321 3130 1367 est
3162 1311 3415 1383 rcl'ugitis
3450 1313 3500 1365 ci

1910 1395 2159 1457 obedire.
2188 1399 2282 1454 sed
2312 1401 2440 1471 quia
2467 1401 2693 1461 Latinus
2717 1414 2819 1473 cst,
2858 1415 2913 1462 et
2940 1406 3166 1462 barbam
3209 1408 3412 1462 tondet.
3442 1406 3500 1461 Si

1911 1487 2058 1543 enim
2120 1490 2270 1545 illum
2326 1494 2571 1551 vitaretis
2626 1510 2845 1567 propter
2895 1509 3205 1570 peccatum,
3263 1512 3503 1555 vosmet-

1904 1578 2062 1649 ipsos
2122 1582 2392 1651 vitaretis,
2454 1587 2582 1656 quia
2631 1589 2768 1646 estis
2815 1600 3155 1659 peccatores.
3208 1590 3499 1657 Quomodu

1911 1684 2041 1741 ergo
2063 1673 2240 1729 nostis
2267 1689 2389 1730 eum
2415 1677 2687 1747 judicare,
2724 1689 2937 1738 vestros
2969 1697 3095 1737 vero
3131 1696 3240 1737 non
3284 1682 3500 1753 judica-

1916 1765 2023 1822 tis?
2057 1767 2330 1824 Omnesne
2388 1767 2629 1851 Orientis
2660 1773 2980 1829 sacerdotes
3007 1774 3184 1830 sancti
3209 1774 3503 1830 suut?Vos

1916 1861 2021 1915 hoc
2080 1877 2189 1919 non
2246 1864 2477 1932 potestis
2534 1866 2937 1922 demonstrare.
2996 1865 3114 1920 Non
3156 1880 3287 1935 ergo
3345 1866 3498 1921 illum

1916 1961 2173 2023 tanquam
2227 1965 2570 2025 peccatorcm
2620 1957 2897 2025 (levitatis,
2944 1958 3071 2026 quia
3118 1974 3219 2014 nec
3251 1972 3346 2013 vos
3383 1957 3503 2013 sine

1915 2053 2137 2113 peccato
2166 2048 2318 2110 estis,
2356 2048 2451 2102 sed
2494 2049 2621 2116 quia
2652 2048 2882 2104 Latinus
2932 2059 2986 2105 et
3037 2051 3106 2106 ab
3134 2050 3500 2121 opinionibus

1914 2136 2111 2191 vestris
2165 2140 2394 2193 cvariat.
2452 2137 2562 2195 Vos
2622 2156 2859 2209 namque
2916 2140 3143 2197 Latinos
3169 2150 3428 2211 tanquam
3469 2158 3500 2196 a

1914 2226 2017 2282 ﬁde
2046 2227 2259 2284 alienos
2289 2230 2636 2295 existimatis,
2660 2240 2713 2284 ct
2742 2236 2811 2287 ab
2841 2233 2922 2287 cis
2956 2232 3205 2300 refugere
3231 2242 3494 2302 tauquam

214 2332 314 2383 καὶ
341 2331 567 2398 φεύγειν
618 2329 716 2385 ἀπ’
760 2330 942 2384 αὐτῶν
997 2332 1071 2393 ώς
1106 2331 1218 2384 ἀπὸ
1252 2330 1548 2404 προσώπου
1603 2331 1805 2398 ὅρεως,

1919 2334 1949 2373 a
1982 2317 2120 2375 facie
2165 2330 2480 2391 serpentum
2513 2322 2879 2394 simpliciores
2910 2324 3155 2380 edocetis
3187 2339 3203 2393 ;
3235 2324 3400 2392 idque
3432 2324 3499 2378 li-

215 2427 346 2488 τοὺς
373 2424 782 2494 ἁπλουστέρους
810 2426 1117 2481 διδάσκετε.
1155 2427 1265 2481 Καὶ
1319 2426 1481 2481 τοῦτο
1516 2427 1677 2498 δῆλον
1705 2445 1719 2458 ·
1760 2430 1808 2481 εί

220 2517 336 2586 γάρ
366 2535 446 2581 τις
501 2518 751 2571 Λατίνων
803 2521 1054 2588 φαίνεται
1104 2520 1281 2587 ἆγισς,
1343 2522 1404 2574 ού
1462 2521 1647 2574 Θέλετε
1703 2523 1810 2574 κᾶν

221 2609 418 2664 τοῦτον
455 2611 905 2682 προσαγορεῦσαι
934 2628 948 2643 ο
983 2612 1120 2666 ἀλλὰ
1177 2614 1381 2683 μᾶλλον
1414 2615 1510 2669 καὶ
1560 2614 1812 2685 βλασφη-

228 2705 422 2772 μεῖτεσ
464 2706 589 2768 τοὺς
620 2704 675 2758 δὲ
719 2704 1014 2774 Γραικοὺς,
1041 2708 1088 2759 εξ
1124 2707 1217 2760 καὶ
1268 2706 1664 2775 ἀσελγέστατοι
1701 2704 1812 2760 εἷεν

226 2797 329 2851 καὶ
376 2799 705 2869 μωρότατοι,
762 2800 925 2868 μὸνον
980 2803 1031 2853 εί
1087 2802 1299 2869 λέγοιεν
1339 2804 1485 2857 κατὰ
1539 2804 1812 2868 Λατίνων,

218 2892 384 2962 ἔχετε
414 2890 611 2954 αὐτοὺς
650 2893 991 2963 ἁγιωτέρους
1040 2893 1259 2946 πάντων
1282 2910 1296 2924 °
1330 2893 1524 2967 ὥσπερ
1581 2896 1812 2958 πολλοὺς

219 2986 327 3056 μὲν
362 2987 457 3041 καὶ
484 2986 699 3051 ἀλλους,
736 2987 831 3039 καὶ
860 2987 953 3039 τὸν
999 2986 1342 3055 καλούμενον
1382 2988 1676 3059 Παλαμᾶν,
1715 2992 1813 3043 κοιλ⁸

214 3078 317 3131 τὸν
361 3077 586 3146 Ἐφέσου
612 3079 841 3148 Μάρκον
868 3095 879 3112 ⁸
905 3078 1230 3150 ἀνθρώπους
1259 3079 1374 3133 οὔτ’
1400 3081 1581 3145 ἄλλως
1611 3083 1815 3153 φρενή-

223 3191 365 3245 ρεις,
404 3173 541 3226 ἀλλὰ
590 3174 684 3227 καὶ
717 3173 1035 3243 δοξοσοφίας
1069 3174 1576 3244 ἑμπεπλησμένους
1598 3195 1610 3207 ·
1649 3177 1812 3246 μηδε-

224 3267 360 3335 μίαν
395 3268 598 3335 ἀρετὴν
626 3265 659 3337 ἢ
685 3266 1000 3338 ἁγιωσύνην
1025 3270 1085 3321 ἐν
1114 3268 1332 3331 ἑαυτοῖς
1361 3268 1611 3338 ἔχοντας,
1647 3271 1813 3340 μόνον

221 3363 317 3416 διὰ
347 3362 406 3415 τὸ
434 3363 618 3431 λέγειν
653 3363 748 3416 καὶ
792 3362 1135 3434 συγγράφειν
1187 3362 1331 3418 κατά
1358 3362 1628 3428 Λατίνων,
1655 3365 1815 3429 δοξά-

221 3457 352 3521 ζετε
382 3455 479 3510 καὶ
534 3456 778 3522 ὑμνεῖτε,
814 3457 907 3509 καὶ
944 3456 1161 3518 εἰκόνας
1214 3458 1545 3527 ἐγκοσμεῖτε
1603 3458 1810 3523 αὐτοῖς,

222 3547 325 3600 καὶ
380 3545 874 3615 πανηγυρίζοντες,
916 3546 1176 3618 στέργετε
1228 3549 1429 3613 αὐτοὺς
1479 3549 1555 3614 ὡς
1615 3550 1812 3619 ἁγίους

228 3640 328 3692 καὶ
355 3641 711 3710 προσκυνεῖτε
739 3655 753 3671 ·
787 3640 911 3701 τοὺς
944 3640 1002 3694 δὲ
1031 3641 1318 3708 Λατίνους,
1348 3642 1397 3696 εἰ
1429 3642 1525 3698 καὶ
1554 3642 1812 3711 φθάσασα

1917 2412 2275 2481 (ιυίᾱολῃιιει.
2314 2412 2392 2468 Ac
2423 2414 2467 2469 si
2500 2416 2623 2484 quis
2651 2431 2717 2470 ex
2760 2414 2976 2471 Latinis
3001 2415 3220 2472 videtur
3249 2427 3497 2483 sanctus,

1916 2520 2011 2560 vos
2042 2505 2189 2559 bunc
2232 2509 2476 2562 salutare
2525 2522 2635 2562 non
2662 2508 2844 2577 vultis,
2880 2510 2995 2565 imo
3037 2524 3164 2565 vero
3208 2510 3496 2565 malelicta

1916 2599 2185 2669 ingeritis.
2234 2599 2455 2657 Grmcos
2479 2601 2731 2671 quamvis
2765 2600 3231 2671 ﬂagitiosissimos
3271 2615 3327 2660 et
3364 2606 3501 2662 stul—

1917 2691 2185 2756 tissimos,
2214 2692 2260 2746 si
2318 2693 2495 2747 solum
2546 2692 2812 2749 adversus
2858 2693 3083 2749 Latinos
3136 2696 3342 2763 dicant,
3380 2712 3502 2751 Oltl-

1916 2786 2067 2839 nium
2105 2784 2490 2843 sanctissimos
2515 2785 2861 2841 arbitramini
2894 2804 2910 2840 ι
2936 2786 3079 2843 inter
3104 2786 3244 2843 alios
3270 2787 3495 2858 quidem

1915 2878 2117 2935 multos
2148 2880 2459 2949 (jucundam,
2502 2885 2593 2950 qui
2639 2890 2861 2939 vocatur
2893 2878 3172 2949 Palamas,
3200 2890 3255 2939 et
3298 2883 3498 2954 Ephesi

1916 2974 2184 3041 Marcum,
2219 2974 2494 3030 hominem
2524 2989 2623 3030 nec
2647 2976 2781 3031 satis
2808 2975 3007 3033 mentis
3038 2988 3371 3046 compotem,
3398 2980 3493 3035 sed

1918 3069 2187 3124 tumidum
2228 3068 2510 3138 sapientia:
2535 3076 2954 3135 ostentatorem,
3003 3070 3153 3127 nulla
3185 3071 3387 3128 virtute
3411 3075 3496 3130 vel

1915 3160 2210 3216 sanctitate
2231 3160 2519 3225 subnixos,
2550 3160 2680 3231 quia
2714 3159 3016 3231 loquuntur
3053 3162 3229 3217 solum
3262 3173 3318 3219 et
3357 3166 3491 3219 scri-

1917 3252 2061 3308 bunt
2101 3261 2296 3307 contra
2330 3250 2577 3318 Latinos,
2641 3251 2907 3307 cxtollitis
2941 3262 2998 3307 et
3045 3254 3357 3320 celebratis,
3408 3270 3500 3311 eo-

1914 3360 2152 3415 rumque
2218 3344 2483 3414 imagines
2540 3345 2858 3407 exornatis,
2914 3342 3228 3413 festumque
3274 3355 3500 3417 agentes

1917 3438 2062 3493 diem
2118 3437 2298 3494 colitis
2360 3453 2425 3492 ac
2462 3436 2625 3492 veluti
2678 3448 2902 3494 sanctos
2941 3440 3211 3507 adoratis,
3269 3438 3500 3498 Latinos

1915 3546 2046 3586 vero
2068 3530 2321 3600 quamvis
2352 3528 2679 3600 jampridem
2709 3530 2951 3586 Ecclesia
3004 3547 3104 3600 pro
3134 3533 3342 3588 sanctis
3403 3549 3503 3590 co-

1918 3625 2107 3680 lendos
2131 3623 2370 3689 duxerit,
2407 3639 2502 3678 vos
2551 3622 2895 3679 incessanter
2928 3624 3356 3695 blasphematis.
3416 3627 3495 3683 Ita

230 3732 425 3799 ἁγίους
460 3733 491 3802 ἡ
526 3732 824 3802 Ἐκκλησία
860 3733 1133 3801 ἐδόξασεν,
1166 3735 1326 3805 ὑμεῖς
1365 3736 1603 3806 ἀφειδῶς
1639 3737 1806 3807 βλασ-

1918 3729 1969 3776 ct
2001 3722 2069 3775 de
2120 3732 2338 3775 summo
2368 3715 2625 3788 pontiﬁce
2653 3715 2836 3773 facitis
2868 3734 2882 3772 :
2912 3734 3039 3777 nam
3081 3718 3234 3773 illum
3267 3721 3498 3777 omnino

232 3829 489 3897 φημεῖτε.
524 3827 684 3883 Οῦτω
709 3829 805 3882 καὶ
836 3829 967 3900 περὶ
1012 3828 1107 3884 τοῦ
1143 3830 1316 3902 ἄκρου
1351 3833 1655 3903 ἀρχιερέως
1690 3852 1815 3887 ποι-

231 3924 345 3974 εῖτε
373 3938 386 3952 ·
428 3922 487 3974 οὐ
543 3923 650 3993 γὰρ
701 3920 856 3991 ἔχετε
888 3923 1052 3976 αὑτὸν
1083 3923 1223 3985 ὅλως
1247 3925 1599 3995 Χριστιανὸν,
1631 3927 1721 3981 διὰ
1754 3930 1814 3982 τὸ

234 4009 373 4068 ε’νιι
402 4016 632 4068 Λατῖνον
663 4032 676 4045 ·
713 4014 875 4068 τοῦτο
904 4016 1012 4086 γὰρ
1049 4015 1359 4071 ὑπὀδόντα
1386 4018 1616 4085 τιύζετε
1647 4018 1818 4090 βλασ-

238 4107 569 4177 φημοῦντες.
610 4107 720 4159 Καὶ
771 4106 1086 4175 αἰδούμενοι
1141 4108 1233 4160 τὸν
1288 4109 1400 4163 τῶν
1456 4111 1811 4179 κρατούντων

236 4201 423 4269 φόϐον,
457 4202 593 4271 πρὸς
623 4199 683 4252 τὸ
712 4199 842 4253 ἀλλο
872 4200 1251 4270 καταφεύγετε
1286 4201 1363 4266 ὡς
1392 4203 1644 4274 ἀράχνης
1680 4207 1818 4260 ἀπο.

232 4295 512 4362 σκίασμα·
540 4292 792 4361 λέγοντες
824 4291 993 4344 αὐτὸν
1026 4294 1381 4364 ἁμαρτωλὸν,
1421 4300 1518 4350 καὶ
1552 4299 1623 4352 τά
1652 4300 1817 4354 λοιπὰ

225 4388 623 4458 λοιδοροῦντες.
666 4389 863 4460 Ὀρᾶτε
927 4387 1003 4457 μὴ
1059 4389 1338 4459 ἀκούσητε
1376 4392 1461 4457 τὸ,
1502 4411 1520 4444 ι
1569 4394 1629 4446 Ὀ
1682 4396 1818 4449 ἀνα-

231 4481 514 4552 μάρτητος
540 4481 600 4546 ἐξ
631 4481 817 4548 ὑμῶν,
848 4478 1000 4534 λίθον
1028 4481 1248 4549 πρῶτος
1272 4481 1519 4552 βαλλέτω
1539 4501 1587 4537 ’ί
1622 4487 1813 4558 ἤγουν,

222 4575 261 4626 ὁ
296 4574 370 4642 μὴ
400 4574 632 4644 ποιήσας
659 4574 963 4643 ἁμαρτίαν,
992 4574 1213 4643 ἀρξάτω
1244 4575 1452 4644 κρίνειν
1481 4578 1609 4648 περὶ
1634 4581 1819 4650 ἀμαρ-

219 4668 374 4731 τίας,
416 4669 511 4720 καὶ
547 4687 565 4720 ι
599 4668 690 4739 Μὴ
723 4669 965 4737 κρίνετε,
1001 4666 1087 4721 ῐνα
1122 4667 1197 4739 μὴ
1240 4669 1490 4742 κριθῆτε.
1525 4691 1543 4723 ι
1579 4674 1672 4745 Μὴ
1720 4675 1814 4729 οὖν

223 4759 672 4828 προφασίζεσθε,
708 4760 953 4825 ἀδελφοὶ,
1009 4760 1313 4829 προφάσεις
1368 4762 1428 4814 ὲν
1481 4762 1810 4834 ἁμαρτίαις.

220 4853 347 4907 Ούκ
378 4852 528 4905 ἐστιν
559 4852 827 4923 ὑμέτερον
874 4852 1155 4918 ἐξετάζειν
1185 4854 1312 4915 τοὺς
1346 4853 1621 4923 ἄρχοντας
1657 4856 1817 4926 ὑμῶν

221 4946 376 5015 ὑπὲρ
405 4946 723 5017 ἁμαρτιῶν·
761 4946 980 4999 πάντων
1006 4945 1117 4997 τῶν
1161 4947 1501 5001 διδασκάλων
1535 4948 1815 5018 βοώντων,

1917 3811 2292 3869 Christianum
2357 3824 2478 3864 esse
2522 3823 2629 3864 non
2686 3809 3036 3875 existimatis,
3081 3812 3210 3880 quia
3244 3811 3499 3870 Latinus.

1914 3906 1977 3961 ld
2005 3904 2151 3960 enim
2177 3904 2279 3958 sub
2309 3903 2565 3959 dentibus
2601 3902 2845 3957 stridetis
2875 3903 3184 3959 maledictis
3218 3906 3503 3961 incessen-

1921 4008 2026 4066 tcs,
2058 4009 2113 4055 et
2139 4014 2327 4054 eorum
2348 3998 2442 4068 qui
2475 4013 2658 4053 rerum
2691 3998 2975 4068 potiuntur
3011 4010 3215 4053 metum
3250 4001 3504 4065 reveriti,

1920 4094 1987 4150 ad
2032 4093 2178 4150 aliud
2240 4092 2394 4163 quasi
2444 4093 2627 4148 aranei
2669 4093 2920 4148 umbram
2981 4094 3322 4167 confugitis,
3374 4111 3502 4151 eum

1922 4199 2264 4258 peceatorem
2298 4188 2653 4258 appellantes,
2688 4203 2753 4245 ac
2799 4198 2993 4245 caetera
3032 4193 3294 4262 convicia
3327 4189 3508 4248 edun-

1922 4284 2135 4338 drules.
2179 4282 2377 4339 Cavete
2418 4300 2486 4338 ne
2527 4285 2580 4338 id
2617 4285 2855 4339 audiatis
2885 4303 2900 4340 :
2937 4304 2955 4336 ι
2991 4284 3096 4351 Qui
3153 4296 3399 4340 vestrum
3422 4296 3511 4342 est

1923 4379 2043 4431 sine
2077 4387 2301 4447 peccato
2360 4378 2574 4447 primus
2637 4377 2867 4443 lapidein
2906 4377 3063 4432 tollat
3098 4377 3164 4442 ",
3201 4378 3380 4442 idest,
3410 4380 3508 4447 qui

1924 4486 2087 4541 pecca
2122 4484 2213 4523 um
2244 4485 2352 4524 non
2396 4467 2693 4531 commisit,
2733 4469 2955 4538 incipiat
2996 4469 3244 4539 judicare
3276 4469 3344 4523 de
3384 4483 3510 4536 pec-

1919 4570 2088 4628 cato;
2124 4569 2197 4625 et,
2228 4559 2345 4616 Non
2375 4560 2640 4630 judicate,
2680 4568 2739 4615 ut
2779 4573 2886 4614 non
2906 4559 3228 4629 judicemini
3253 4559 3319 4613 “.
3359 4578 3379 4611 ι
3428 4558 3508 4615 Ne

1921 4657 2150 4724 captetis
2206 4656 2575 4719 occasimiem,
2629 4652 2845 4719 fratres,
2867 4655 2938 4722 in;
2969 4653 3227 4723 peccatis.
3264 4651 3385 4706 Non
3417 4662 3505 4707 est

1921 4750 2081 4805 ollieii
2138 4750 2304 4805 vestri
2332 4750 2398 4803 de
2426 4747 2667 4817 peccatis
2712 4746 3023 4816 principqu
3077 4756 3390 4801 vestrorum
3422 4751 3509 4799 in-

1923 4846 2163 4913 quirere,
2189 4843 2516 4899 doctoribus
2569 4842 2828 4897 omnibus
2877 4850 3067 4909 aperte
3116 4838 3507 4903 clamantibus,

1921 4948 1978 4993 et
2005 4936 2215 4993 Joanne
2266 4936 2450 5005 lingua
2480 4948 2647 4988 aurea
2676 4935 2729 4988 in
2759 4932 2945 4988 multis
2978 4932 3203 5002 quidem
3229 4932 3507 4986 orationi-

219 5044 325 5093 καὶ
370 5041 617 5093 Ἰωάννου
653 5039 747 5092 τοῦ
785 5035 989 5108 χρυσοῦ
1035 5037 1135 5107 τὴν
1178 5038 1454 5106 γλῶτταν,
1483 5042 1541 5094 ἐν
1595 5042 1811 5107 πολλοῖς

1924 5029 2050 5095 bus,
2082 5041 2138 5085 et
2168 5029 2222 5084 in
2250 5029 2500 5083 oratione
2524 5027 2683 5095 cujus
2739 5034 2825 5082 est
2882 5025 3115 5082 titulus;
3150 5024 3307 5092 Quod
3349 5039 3511 5093 opor-

224 5134 336 5206 μὲν
361 5136 453 5186 καὶ
484 5132 665 5195 ἄλλοις
693 5130 857 5185 αὐτοῦ
890 5132 1093 5200 λόγοις,
1120 5134 1218 5185 καὶ
1246 5135 1302 5185 ὲν
1324 5136 1403 5204 τῷ
1433 5134 1577 5206 λόγῳ
1599 5135 1660 5200 ὃς
1690 5138 1818 5190 ἐπι-

221 5215 453 5296 γραφὴν
482 5225 616 5295 ἔχει,
654 5220 811 5278 ("Ott
844 5224 926 5277 δεῖ
943 5225 1112 5295 τιμᾷν
1138 5226 1703 5297 τοὺςπνευματικοὺς
1734 5232 1815 5285 δι·-

218 5318 534 5382 δασκέιλους
564 5319 659 5372 καὶ
692 5318 769 5389 μὴ
800 5317 1061 5387 λοιδορεῖν
1091 5319 1288 5380 αὐτούς
1313 5336 1360 5371 Ἰ
1396 5322 1430 5392 ἡ
1460 5321 1519 5374 δὲ
1541 5323 1686 5395 ἀρχὴ
1720 5324 1815 5379 τοῦ

218 5412 414 5479 λόγου,
454 5430 473 5463 ι
507 5411 674 5465 Οὐδὲν
715 5409 894 5475 οὕτως
926 5412 1416 5484 ὲλευθεροστομεῖν
1446 5420 1811 5487 παρασκευάο

223 5506 368 5571 Cat,»
394 5504 514 5576 μετ’
537 5504 694 5573 ὀλίγα
715 5504 903 5575 φησίν*
930 5506 1023 5558 «Εἰ
1047 5506 1157 5574 γὰρ
1173 5509 1224 5560 oi
1246 5508 1680 5576 κακολογοῦντες
1704 5530 1813 5567 πα-

220 5600 367 5672 τέρα
397 5599 432 5671 ἦ
468 5601 705 5673 μητέρα,
743 5601 928 5669 γονεῖς
960 5603 1284 5671 σαρκικοὺς,
1316 5604 1463 5658 κατά
1515 5606 1608 5662 τὸν
1639 5607 1807 5679 νόμον

299 5833 522 5891 ³³ιοιιη.
556 5849 672 5902 vui,
697 5832 750 5893 7.
831 5834 875 5866 ’θ’
897 5830 1200 5900 Mattli.vu,
1224 5833 1279 5888 1.

1925 5135 2001 5181 tet
2027 5128 2206 5179 colere
2231 5138 2364 5179 suos
2403 5122 2698 5191 magistros
2735 5119 3075 5190 spirituales,
3099 5134 3209 5174 non
3274 5120 3508 5174 maledi-

1923 5236 2049 5277 cere
2099 5224 2226 5279 illis.
2276 5220 2612 5291 Principium
2679 5220 2947 5275 orationis
2986 5235 3001 5272 :
3038 5236 3057 5269 ι
3099 5214 3256 5270 Nulla
3311 5229 3403 5269 res
3442 5216 3510 5268 ad

1921 5318 2180 5389 loquendi
2237 5318 2512 5373 licentiam
2550 5314 2721 5385 magis
2759 5312 2949 5376 allicit,
2990 5329 3009 5362 ι
3049 5309 3212 5379 paulo
3238 5316 3362 5376 post
3415 5307 3505 5361 in-

1923 5416 2087 5484 quit:
2124 5431 2145 5466 ι
2187 5412 2243 5468 Si
2276 5412 2371 5483 qui
2395 5409 2535 5481 patri
2564 5409 2647 5463 vel
2690 5405 2852 5461 matri
2912 5403 3248 5458 maledicunt
3288 5417 3509 5472 parcit-

1927 5510 2074 5563 tibus
2102 5507 2399 5561 secundum
2423 5516 2669 5565 carnem,
2697 5517 2763 5556 ex
2799 5502 2917 5569 lege
2942 5505 3117 5551 morte
3146 5498 3465 5550 moriuntur
3488 5510 3505 5547 :

1923 5606 2204 5676 qualiuam
2249 5603 2446 5673 dignus
2474 5595 2894 5668 critpmna,qui
2948 5591 3511 5663 virumspiritualcm,
