3992 6410
1636 278 1699 290 σν

173 396 243 459 i".
274 399 311 461 1.

825 398 972 460 PRO
1010 399 1222 466 CONC.
1260 397 1629 464 FLORENT.
1666 400 1829 476 CAP:
1867 405 1932 464 V.
1978 405 2075 464 DE
2121 405 2468 464 PR'HIATU
2506 402 2740 465 ΡΑΡΕ.

2087 256 2135 266 ..αι

3281 400 3465 462 1.362"

167 512 276 562 dum
309 508 357 561 οί
385 506 562 571 πόδες,
595 508 683 561 καὶ
718 511 867 563 κᾲτω
896 513 927 581 ἡ
955 513 1189 583 κεφαλή.
1233 514 1293 566 Ei
1327 515 1436 585 γὰρ
1467 515 1559 568 τὸν
1580 514 1736 568 ἁδελ-

1873 533 1904 571 u
1931 519 2117 586 arguis
2149 519 2321 585 illum,
2357 519 2633 588 plectaris.
2680 518 2746 573 Et
2782 532 2892 587 quo
2916 525 3075 588 pacto
3108 524 3195 573 me
3230 518 3421 573 admo‘

172 602 269 671 φάν
298 618 389 654 σου
432 602 532 655 οὐκ
563 603 848 672 ἐπιτρέπει
881 622 964 659 σοι
1020 606 1252 675 κρίνειν,
1302 607 1483 678 πολλῷ
1536 607 1739 679 μᾶλλον

168 695 287 747 (ὐδὲ
338 697 428 750 τὸν
488 695 808 751 διδάσκαλόν
841 716 957 752 σου.
1005 718 1024 751 ι
1061 702 1168 754 Καὶ
1211 702 1331 770 μετ’
1363 703 1560 771 ὀλίγα·
1608 721 1626 754 ι
1666 704 1738 757 Σὺ

170 787 438 858 πρίϐατον
487 784 556 852 εἴ,
590 788 667 860 μὴ
706 792 1076 862 περιεργάζου
1104 793 1197 846 τὸν
1231 794 1470 864 ποιμένα
1495 813 1508 827 ο
1541 797 1615 869 μὴ
1646 798 1741 851 καὶ

168 881 251 949 ἐφ’
299 875 383 945 οἷς
422 884 616 952 ἐκείνῳ
658 889 1008 956 κατηγορεῖς,
1075 888 1306 951 εὐθύνας
1358 889 1569 955 δώσεις.
1631 892 1742 946 Καὶ

167 978 285 1039 πῶς
319 979 443 1046 ἐμοὶ
472 979 644 1046 λέγει,
672 981 857 1051 φησιν,
887 982 1051 1045 αὐτὸς
1084 981 1160 1054 μὴ
1194 984 1403 1051 neubi);
1445 988 1542 1037 οὐκ
1578 986 1741 1048 αὑτός

168 1087 254 1122 σοι
288 1071 460 1138 λέγει.
496 1071 558 1126 Εἰ
588 1072 737 1143 αὖτῷ
762 1074 949 1147 πείθῃ,
980 1076 1173 1146 μισθὸν
1196 1077 1296 1131 οὐκ
1319 1077 1498 1148 ἔχειςο
1534 1081 1563 1133 ὁ
1605 1080 1743 1151 Χρι-

169 1163 293 1226 στὸς
335 1163 509 1218 ταῦτα
565 1173 858 1236 παραινεῖ·
915 1169 992 1240 μὴ
1050 1171 1423 1240 κρίνωμεντὰ
1475 1173 1742 1244 ἀλλήλων,

165 1257 302 1311 ἀλλὰ
335 1258 404 1311 τὰ
439 1259 633 1313 ἑαυτοῦ
684 1261 936 1326 ἕκαστος.
979 1281 997 1314 ι
1035 1265 1145 1317 Καὶ
1180 1265 1298 1333 μετ’
1336 1265 1556 1332 ὀλίγον·
1593 1284 1613 1318 ι
1652 1268 1746 1338 Μὴ

165 1350 440 1416 λέγωμεν.
475 1354 797 1421 παρακαλῶ,
828 1356 1015 1418 κακῶς
1046 1356 1173 1416 τοὺς
1203 1357 1581 1424 διδασκάλους,
1618 1359 1747 1415 Ἐάν

162 1460 248 1504 τις
301 1445 513 1512 πατέρι
569 1446 667 1517 ἔχῃ
710 1447 919 1518 μυρίων
957 1449 1147 1502 κακῶν
1185 1448 1389 1520 ἔνοχον,
1426 1452 1488 1503 οὐ
1517 1454 1748 1508 συσκιά-

163 1535 196 1598 ζ
231 1553 287 1597 ι;
332 1538 422 1605 Μὴ
471 1539 715 1603 δοξάζου,
759 1543 946 1609 φησὶν,
1008 1543 1065 1595 ἐν
1117 1543 1314 1613 ἀτιμία
1365 1546 1572 1615 πατρός
1628 1563 1746 1601 σου.

165 1626 359 1696 Πολλῷ
395 1630 597 1696 μᾶλλον
620 1631 712 1683 ἐπὶ
740 1631 845 1684 τῶν
876 1634 1271 1701 πνευματικῶν
1293 1636 1550 1704 πατέρων
1573 1637 1748 1690 ταῦτα

161 1722 414 1778 λεκτέον.
449 1723 762 1793 Δίδέσθητι,
794 1726 878 1779 δτι
936 1728 1060 1781 καθ’
1117 1729 1357 1800 ἑκάστην
1413 1730 1634 1800 ἡμέραν
1666 1748 1749 1785 σοι

1845 623 1964 675 nes,
2001 612 2117 682 ipse
2168 627 2272 666 non
2337 611 2585 667 faciens?
2617 611 2734 665 Non
2780 612 2895 681 ipse
2931 610 3028 665 tibi
3073 610 3206 666 dicit
3240 629 3252 664 :
3285 610 3343 665 Si
3372 610 3453 664 ci.

1843 705 2045 768 credis,
2088 706 2391 760 mercedem
2446 721 2553 760 non
2585 706 2823 774 accipies
2853 720 2867 759 :
2898 702 3153 759 Christus
3182 703 3299 757 btcc
3326 702 3431 756 do-

1844 805 1929 851 cet
1969 814 1981 851 :
2016 795 2090 851 Nc
2115 797 2425 867 judicemus
2471 814 2569 854 nos
2609 806 2818 862 mutuo,
2865 795 2960 851 sed
3000 811 3098 851 sua
3123 795 3425 864 unusquis-
3458 828 3475 865 θ

1845 906 1975 959 que.
2012 908 2029 941 ι
2067 891 2134 946 Et
2188 891 2350 961 paulo
2381 902 2506 961 post
2540 909 2555 946 :
2596 909 2616 943 ι
2658 888 2738 945 Ne
2799 888 3210 954 maledicamus,
3263 902 3419 958 rogo.
3462 912 3476 960 θ

1847 984 2148 1054 magimris.
2184 985 2240 1040 Si
2267 986 2403 1054 quis.
2446 993 2653 1055 patrem
2690 984 2943 1041 habuerit
2971 983 3127 1039 multi
3174 983 3423 1038 crimini-
3457 994 3475 1067 ρ

1847 1077 1951 1131 bus
2003 1078 2325 1141 obnoxium,
2390 1094 2570 1134 nonne
2622 1094 2684 1134 ea
2735 1076 2983 1150 obtegit?
3026 1076 3104 1132 Ne
3154 1075 3421 1137 exsultes.

1849 1169 2047 1239 inquit,
2084 1170 2138 1223 in
2163 1169 2433 1224 dedecore
2460 1171 2631 1240 patris
2671 1171 2771 1235 tui,
2804 1169 2979 1225 multo
3012 1168 3188 1238 magis
3222 1169 3273 1221 in
3307 1168 3421 1235 spi-

1851 1260 2143 1315 ritualibus
2182 1261 2429 1330 patribus
2486 1262 2591 1316 boc
2655 1260 2972 1317 dicendum.
3032 1257 3242 1313 Exbibe
3273 1271 3428 1312 reve-

1850 1349 2112 1415 rentiam,
2150 1351 2276 1418 quia
2306 1351 2549 1419 quotidie
2580 1351 2851 1407 ministrat
2885 1350 3002 1415 tibi,
3032 1357 3186 1405 curat
3217 1357 3271 1401 ut
3299 1364 3428 1414 pru-

1851 1447 1969 1507 pter
2031 1447 2082 1492 te
2144 1439 2400 1507 legantur
2488 1439 2833 1509 Scripturae,
2897 1454 3110 1496 sacram
3204 1439 3425 1493 domum

1850 1540 2081 1585 exornat
2113 1541 2332 1601 prapter
2359 1542 2433 1597 te,
2467 1534 2654 1603 vigilat
2682 1543 2904 1603 propter
2933 1543 3002 1596 te,
3036 1543 3156 1586 orat
3207 1546 3305 1601 pro
3353 1524 3427 1590 te.
3535 1557 3544 1567 ’

1856 1622 1965 1676 υιιο
1992 1638 2177 1692 preces
2207 1624 2365 1679 offert
2401 1640 2500 1695 pro
2539 1635 2609 1691 te,
2644 1626 2828 1681 cultus
2855 1624 2975 1693 ejus
2999 1638 3127 1694 erga
3174 1624 3340 1677 Deum
3377 1633 3432 1675 et

1854 1713 2036 1769 omnis
2066 1723 2288 1783 propter
2312 1723 2385 1778 te,
2422 1714 2539 1769 btee
2558 1729 2832 1777 reverere,
2871 1715 2983 1768 haec
3020 1722 3198 1767 tecum
3228 1712 3431 1780 cogita,

159 1812 500 1868 διακονεῖται
524 1829 540 1845 ⁸
574 1818 1053 1884 ἀναγινώσκεσθαι
1109 1824 1255 1874 ποιεῖ
1283 1823 1382 1886 τὰς
1416 1823 1642 1893 Γραφάς
1664 1825 1751 1878 διὰ

1871 1818 1911 1860 at
1968 1808 2117 1862 omni
2150 1809 2387 1876 praestita
2435 1808 2781 1862 observantia
2818 1806 2887 1862 ad
2926 1820 3050 1860 eum
3096 1804 3373 1859 accedito.
3412 1826 3427 1852 ι

163 1909 222 1957 σε
245 1921 259 1935 ·
294 1906 393 1959 τὸν
451 1902 604 1960 οἶκον
639 1910 731 1963 τὸν
781 1912 926 1982 ἱερὸν
955 1916 1156 1982 κοσμεῖ
1205 1915 1293 1967 διὰ
1323 1916 1401 1968 σέ.
1447 1916 1751 1988 Ἀγρυπνεῖ

1871 1900 1926 1952 Et
1971 1899 2132 1967 paulo
2186 1913 2357 1970 post:
2402 1918 2420 1951 ι
2460 1898 2598 1955 Audi
2645 1899 2776 1969 quid
2805 1899 2951 1954 dicat
2977 1897 3045 1953 de
3096 1896 3475 1966 principibus.

162 2000 251 2051 διὰ
289 2000 374 2054 σέ.
407 1999 639 2071 Εὔχεται
674 2003 817 2074 ὑπὲρ
862 2004 957 2058 σοῦ
1003 2008 1094 2059 τὸν
1129 2006 1285 2075 Θεὸν,
1322 2010 1525 2079 ἕστηκε
1574 2029 1752 2082 παρα-

163 2091 355 2142 καλῶν
390 2090 481 2144 διά
516 2093 609 2146 σέ*
643 2092 798 2156 λιτάς
828 2098 972 2149 ποιεῖ
1004 2097 1147 2167 ὑπὲρ
1177 2097 1295 2153 σοῦ.
1330 2102 1487 2154 Πᾶσα
1534 2101 1685 2171 αὑτῷ
1718 2103 1750 2170 ἡ

165 2187 246 2247 είς
270 2184 411 2237 Θεὸν
451 2183 675 2255 λατρεία
729 2187 817 2241 διὰ
868 2189 948 2244 σέ.
980 2190 1169 2244 Ταῦτα
1226 2192 1538 2264 αίδέσθητι·
1580 2194 1752 2248 ταῦτα

168 2281 449 2350 ἐννόησον,
478 2282 574 2335 καὶ
603 2283 741 2352 μετὰ
771 2283 948 2353 πάσης
977 2285 1261 2349 εὐλαϐείας
1286 2286 1434 2355 αὐτῷ
1458 2289 1699 2356 πρόσιθι.
1729 2308 1746 2339 ι

168 2371 280 2424 Καὶ⁵
315 2374 438 2442 μετ’
463 2372 665 2442 ὀλίγον,
707 2375 1011 2430 «Ἀκουσον
1036 2377 1089 2431 τί
1115 2394 1249 2447 φησι
1270 2380 1397 2450 περὶ
1426 2380 1536 2432 τῶν
1562 2380 1754 2449 ἀρχόν-

170 2479 277 2517 των
308 2464 424 2518 τῶν
440 2466 746 2520 Ἰουδαϊκῶν
776 2469 803 2521 ὀ
828 2469 960 2533 Θεὸς
980 2486 997 2501 ο
1034 2469 1156 2524 Ἐπὶ
1182 2473 1278 2540 τῆς
1309 2472 1556 2536 Μωσέως
1586 2474 1749 2527 καθέ-

173 2553 308 2623 δρας
374 2557 639 2611 ἐκάθισαν
688 2560 739 2613 οί
785 2560 1145 2630 Γραμματεῖς
1175 2563 1269 2616 καὶ
1322 2564 1375 2616 οῖ
1425 2565 1751 2635 Φαρισαῖοι·

172 2648 360 2702 πάντα
377 2647 467 2703 οὖν
493 2651 593 2704 ὅσα
613 2651 683 2706 ἂν
702 2650 938 2721 λέγωσιν
960 2653 1090 2721 ὑμῖν
1112 2656 1311 2718 ποιεῖν,
1337 2658 1545 2710 ποιεῖτε
1569 2672 1584 2690 ο
1614 2659 1757 2712 κατὰ

166 2738 225 2791 δὲ
280 2738 360 2793 τὰ
405 2741 541 2810 ἔργα
579 2742 760 2797 αὐτῶν
828 2746 904 2814 μὴ
940 2746 1155 2815 ποιῆτε.
1205 2744 1272 2799 Τί
1329 2747 1531 2816 γένοιτ’
1566 2749 1630 2803 ἂν
1660 2749 1757 2803 τοῦ

169 2831 286 2899 βίου
323 2835 514 2904 χεῖρον
546 2835 810 2900 ἑκείνωνς
849 2835 992 2890 Ἀλλ’
1021 2838 1172 2907 ὅμως
1198 2838 1320 2893 οὐδὲ
1365 2840 1512 2895 οὕτω
1539 2842 1759 2895 κατεϐί-

169 2922 343 2977 ϐασεν
377 2926 576 2989 αὐτοὺς
602 2928 711 2981 ἀπὸ
747 2928 847 2997 τῆς
877 2929 1057 2995 ἀξίας,
1088 2930 1211 2986 οὐδὲ
1240 2932 1759 3005 εὐκαταφρονήτους

168 3018 441 3087 ἐποίησεν
464 3014 605 3073 εῖναι
643 3022 754 3084 τοῖς
784 3020 1136 3091 ἀρχομένοις.
1170 3025 1282 3077 Καὶ
1312 3026 1459 3095 μάλα
1490 3028 1719 3091 εἰκότως
1739 3043 1754 3058 °

169 3110 217 3161 εί
258 3114 381 3180 γὰρ
409 3110 616 3179 ταύτης
642 3112 988 3167 ἐπιλάϐοιντο
1015 3113 1114 3183 τῆς
1147 3115 1402 3180 ἐξουσίας
1434 3120 1484 3171 οι
1514 3119 1756 3190 ἀρχόμε-

1857 1991 2168 2048 Inda-orum
2216 1993 2398 2049 Deus:
2459 1994 2634 2062 Super
2690 1993 3007 2048 cathedram
3074 1988 3241 2047 Mosis
3277 1990 3438 2045 sedc—

1860 2098 1986 2142 runt
2056 2087 2266 2145 Scriba:
2331 2100 2386 2144 et
2456 2086 3135 2157 Pharisazi:qu:ecunque
3190 2084 3435 2140 dixerint

1860 2181 2036 2244 vobis,
2064 2190 2279 2235 servate
2313 2191 2367 2234 et
2399 2179 2584 2245 facite,
2614 2178 2923 2235 secundum
2958 2191 3090 2233 vero
3121 2190 3286 2245 opera
3315 2174 3437 2229 illo-

1860 2287 1979 2326 rum
2005 2272 2172 2327 nolite
2213 2272 2411 2327 tacere.
2442 2280 2453 2296 ‘
2484 2270 2746 2339 Quaenam
2806 2268 3045 2325 deterior
3096 2282 3286 2334 eorum
3323 2266 3437 2320 vita

1861 2363 2203 2432 reperietur?
2228 2363 2335 2420 Eos
2368 2372 2549 2418 tamen
2583 2376 2683 2417 nec
2715 2361 2985 2428 dignitate
3005 2359 3226 2430 dejecit,
3261 2373 3457 2426 neque

1864 2464 1985 2509 uta
2018 2455 2250 2509 subditis
2285 2455 2697 2523 despicerentur
2744 2452 2983 2508 curavit.
3038 2453 3105 2507 Et
3159 2460 3325 2504 recte.
3380 2446 3440 2502 Si

1861 2549 2006 2602 enim
2065 2547 2206 2602 hanc
2261 2548 2363 2601 sibi
2396 2546 2776 2614 arrogaverint
2844 2545 3045 2601 subditi
3084 2550 3439 2612 potestatem,

1863 2654 2054 2696 omnes
2108 2639 2291 2695 statim
2352 2639 2782 2710 abrogabuntur,
2812 2646 2866 2693 et
2908 2637 2973 2692 de
3001 2636 3260 2691 tribunali
3308 2634 3442 2702 deji-

1865 2737 2098 2791 cientur.
2162 2734 2453 2805 Propterea
2504 2743 2557 2788 et
2611 2732 2813 2788 Paulus
2862 2747 2988 2788 cum
3026 2733 3080 2785 in
3132 2730 3481 2801 pontificem.

1864 2828 2176 2884 Jndamrum
2245 2827 2611 2884 contumelias
2672 2825 2995 2889 eﬂudisset,
3046 2839 3110 2879 ac
3172 2823 3443 2878 dixisset:

1867 2923 2137 2977 Pcrcutiat
2195 2930 2246 2975 te
2266 2919 2427 2983 Deus,
2460 2919 2641 2988 paries
2696 2916 2949 2973 dealbate
2984 2916 3052 2978 ³¹,
3085 2925 3145 2968 et
3169 2916 3446 2971 tnsedeus
3479 2960 3485 2966 .

1864 3016 2080 3085 judicas
2142 3013 2264 3067 me?
2316 3011 2421 3065 Sed
2460 3009 2704 3064 monitus
2753 3024 2784 3063 a
2817 3008 3143 3075 quibusdam
3206 3018 3264 3061 ut
3313 3010 3446 3062 reti-

1869 3116 2040 3170 ceret,
2065 3104 2394 3169 dicentibus,
2424 3102 2511 3158 Dei
2543 3100 2785 3171 pontiﬁci
2816 3098 3136 3155 maledicis?
3159 3099 3450 3154 ostendere

171 3220 272 3268 νοι,
306 3204 649 3275 ὁφθὴσονται
685 3205 885 3269 πάντες
944 3208 1523 3278 ἀποχειροτονοῦντες,
1567 3214 1663 3265 καὶ
1694 3214 1761 3269 ἐκ

1872 3201 2059 3257 volens
2090 3205 2299 3271 quanto
2335 3196 2542 3252 honore
2565 3205 2620 3253 et
2650 3195 2958 3250 reverentia
3001 3193 3278 3262 principes
3314 3208 3446 3259 pru-

174 3296 268 3349 τοῦ
308 3296 378 3367 βὴ
389 3312 562 3365 ματος
585 3298 1048 3363 καταϐιϐάζοντες
1068 3316 1081 3330 ·
1114 3300 1203 3354 διὰ
1231 3300 1389 3355 τοῦτο
1414 3303 1509 3356 καὶ
1549 3302 1764 3374 Παῦλος

176 3390 267 3442 τὸν
318 3390 588 3461 ἀρχιερέα
637 3391 747 3445 τῶν
786 3389 1061 3445 Ἰουδαίων
1116 3392 1368 3470 ὑϐρίσας,
1418 3401 1513 3454 καὶ
1570 3401 1762 3467 εἰπὼν,

178 3483 427 3537 τύπτειν
456 3500 515 3537 σε
564 3483 748 3553 μέλλει
800 3485 828 3542 ὁ
874 3484 1031 3553 Θεὸς,
1062 3492 1209 3561 τοῖχε
1238 3492 1621 3562 κεκονιαμένε.
1654 3496 1767 3549 Καὶ

182 3574 246 3627 σὺ
285 3575 437 3653 κὰοῃ
466 3576 668 3650 κρίνων
705 3598 815 3653 με;
852 3582 1039 3653 ἐπειδὴ
1071 3600 1234 3636 τινων
1284 3584 1520 3655 ἧκουσεν
1549 3587 1771 3640 ἐπιστο-

184 3670 459 3736 μιζόντων
497 3671 662 3725 αὐτὸν
710 3676 804 3726 καὶ
846 3672 1138 3741 λεγόντων,
1198 3674 1301 3730 Τὸν
1353 3677 1621 3746 ἀρχιερέα
1676 3678 1768 3730 τοῦ

183 3762 328 3816 Θεοῦ
357 3764 619 3837 λοιδορεῖς
638 3783 655 3833 ;
687 3766 861 3826 δεῖξαι
895 3766 1252 3837 βουλόμενος,
1284 3767 1418 3830 ὅσην
1467 3767 1769 3837 ἀπονέμειν

179 3856 267 3909 δεῖ
292 3859 410 3922 τοῖς
458 3859 687 3930 ἄρχουσι
745 3859 842 3930 τὴν
873 3860 1009 3913 αίδὼ
1056 3861 1151 3912 καὶ
1202 3860 1394 3930 τιμὴν,
1434 3867 1624 3929 φησὶν,
1657 3863 1772 3915 Οὐκ

182 3950 335 4019 ⁴ᾔδειν
363 3952 450 4005 ὅτι
481 3953 776 4024 ἀρχιερεὺς
807 3952 904 4005 τοῦ
933 3952 1070 4005 Θεοῦ
1099 3948 1188 4024 ἦν.
1216 3953 1316 4007 Διὰ
1347 3952 1509 4007 τοῦτο
1544 3954 1639 4008 καὶ
1672 3954 1771 4007 ἁλ-

188 4043 355 4112 ὶαχοῦ
399 4062 567 4114 φησι*
628 4045 892 4100 Πείθεσθε
946 4047 1059 4107 τοῖς
1116 4046 1444 4114 ἡγουμένοις
1491 4047 1648 4115 ὑμῶν
1684 4049 1775 4099 καὶ.

185 4139 469 4200 ὑπείκετε,
502 4138 662 4193 αὐτοὶ
697 4139 804 4207 γὰρ
837 4137 1217 4209 ἀγρυπνοῦσιν
1263 4139 1406 4210 ὑπὲρ
1454 4138 1562 4190 τῶν
1588 4138 1778 4208 ψυχῶν

181 4235 366 4301 ὑμῶν,
399 4233 475 4296 ὡς
507 4233 664 4301 λόγον
687 4233 1085 4296 ἀποδώσοντες.
1119 4232 1212 4286 Διὸ
1249 4233 1450 4301 πολλῆς
1478 4232 1778 4303 θεραπείας

175 4329 489 4381 ἀπολαύειν
515 4326 713 4389 αὐτοὺς
746 4326 846 4379 δεῖ.
934 4327 1043 4380 Καὶ
1110 4328 1232 4393 μετ’
1302 4326 1485 4394 ὀλίγα,
1560 4326 1778 4395 Ἐννόη-

177 4437 275 4472 σον
311 4421 370 4472 τί
407 4435 543 4489 φησι
576 4418 708 4489 περὶ
763 4417 873 4471 τῶν
908 4416 1188 4472 Ἰουδαίων
1238 4421 1267 4471 ὁ
1327 4417 1567 4487 Χριστός
1592 4433 1607 4447 ⁸
1655 4417 1781 4470 Ἐπὶ

173 4513 277 4576 τῆς
304 4510 561 4572 Μωσέως
597 4508 868 4579 καθέδρας
912 4508 1179 4562 ἐκάθισαν
1214 4507 1264 4560 oi
1293 4507 1651 4576 γραμματεῖς
1682 4508 1780 4559 καὶ

174 4608 229 4657 οἱ
248 4607 550 4674 Φαρνσαῖοι
573 4619 588 4633 ·
618 4604 797 4657 πάντα
820 4601 915 4655 οῦν
940 4602 1042 4655 ὅσα
1075 4602 1142 4655 ἂν
1164 4601 1399 4667 λέγωσιν
1426 4601 1556 4671 ὑμῖν
1579 4602 1778 4664 ποιεῖν,

171 4702 423 4751 ποιεῖτε.
458 4696 572 4748 Νῦν
598 4696 656 4748 δὲ
685 4697 786 4749 οὐκ
816 4695 967 4748 ἔστιν
996 4696 1198 4758 εἰπεῖν,
1242 4694 1369 4748 Ἐπὶ
1397 4693 1498 4763 τῆς
1533 4692 1781 4755 Μωσέως

173 4791 464 4861 καθέδρας
497 4789 760 4843 ἐκάθισαν
790 4789 838 4840 oi
875 4788 1073 4858 ἱερεῖς’
1111 4786 1225 4839 ἀλλ’
1267 4787 1359 4839 ὲπὶ
1389 4786 1490 4856 τῆς
1513 4786 1607 4837 τοῦ
1645 4785 1782 4853 Χρι-

174 4884 351 4937 στοῦ’
389 4881 492 4952 τὴν
542 4882 652 4952 γὰρ
702 4881 916 4934 ἐκείνου
953 4876 1311 4933 διδασκαλίαν
1362 4877 1634 4941 ἰδέξαντο.
1691 4876 1783 4930 Διὸ

172 4979 276 5032 καὶ
317 4983 344 5030 r3
382 4976 599 5040 Παῦλος
630 4993 797 5045 φησιν
822 4992 836 5007 ·
875 4974 1056 5046 ’Υπὲρ
1088 4972 1327 5044 Χριστοῦ
1379 4969 1782 5046 πρεσϐεύομεν,

166 5077 251 5137 ὡς
307 5070 418 5126 τοῦ
447 5069 585 5123 Θεοῦ
621 5069 1071 5140 παρακαλοῦντος
1101 5067 1168 5121 δι’
1220 5066 1399 5138 ήμῶν.
1446 5084 1463 5116 ι
1504 5063 1782 5124 Ἤκουσας

165 5165 272 5219 τοῦ
310 5162 655 5216 διδασκάλου
692 5160 913 5222 τούτου,
952 5160 1071 5222 πῶς
1109 5159 1189 5212 δεῖ
1212 5159 1385 5227 τιμᾷν
1420 5157 1548 5218 τοὺς
1575 5155 1784 5221 ἱερεῖς,

166 5262 237 5313 Ei
271 5254 384 5313 οῦν
422 5255 649 5308 ἐπὶτῶν
677 5256 870 5325 ἱερέων
904 5253 1148 5309 τοσαῦτά
1183 5267 1340 5322 φησι,
1370 5246 1551 5317 πολλῷ
1584 5245 1788 5317 μᾶλλον

163 5354 274 5407 ἐπὶ
297 5351 428 5406 τῶν
450 5349 770 5421 ἀρχιερέων,
799 5348 895 5403 καὶ
922 5345 1307 5417 πατριαρχῶν,
1331 5344 1423 5396 καὶ
1448 5340 1790 5396 διδασκάλων

162 5450 281 5519 τῆς
300 5443 671 5514 Ἑκκλησίας·
692 5441 787 5506 οὒς
804 5442 900 5496 καὶ
918 5443 1076 5512 ὑμεῖς
1092 5439 1209 5506 νῦν,
1230 5438 1291 5493 οὐ
1316 5438 1475 5509 μόνον
1494 5436 1556 5490 οὐ
1575 5435 1793 5503 τιμᾶτε,

161 5541 322 5597 ἀλλὰ
354 5537 460 5592 καὶ
477 5536 705 5601 ἀναιδῶς
722 5534 996 5604 ὑϐρίζετε.
1021 5534 1201 5605 ιιόσην
1235 5532 1410 5597 ἕξετε,
1429 5530 1550 5583 είπέ
1580 5545 1693 5597 μοι,
1711 5543 1793 5579 τι-

165 5633 423 5707 μωρίαν
442 5648 457 5696 ;
479 5629 679 5699 πολλὴν
706 5627 826 5682 κατ’
846 5628 968 5699 ὲμέ’
997 5626 1201 5698 μᾶλλον
1223 5626 1279 5679 δὲ
1302 5624 1363 5676 οὐ
1382 5622 1501 5677 κατ’
1523 5619 1795 5690 ὲμὲ,ἀλλὰ

164 5728 329 5781 κατὰ
346 5722 454 5776 τὸν
481 5722 721 5795 χρυσοῦν
743 5722 842 5793 τὴν
871 5721 1116 5788 γλῶττω
1154 5718 1248 5772 καὶ
1274 5715 1591 5787 θαυμαστὸν
1610 5713 1789 5765 Ίωὰν-

253 5912 299 5942 ³¹
353 5914 488 5964 Act.
527 5922 685 5972 nm,
736 5907 787 5961 5.
868 5904 910 5936 ³²
952 5903 1113 5961 llcbr.
1151 5919 1266 5969 xm,
1314 5902 1398 5956 l7.
1478 5901 1518 5932 ³³
1553 5898 1593 5953 ll
1628 5896 1753 5952 Cor.
1791 5909 1841 5960 v,

1872 3291 2030 3368 sequi
2065 3299 2332 3358 tenentur,
2369 3289 2548 3364 inquit
2580 3307 2595 3348 :
2662 3286 2984 3349 Nesciebam
3044 3300 3166 3338 eum
3195 3299 3320 3340 esse
3352 3282 3446 3338 Dei

1872 3390 2207 3461 pontiﬁcem.
2238 3394 2250 3458 ’ξ
2296 3389 2423 3443 ideo
2458 3396 2511 3442 et
2590 3386 2717 3441 alibi
2775 3385 2953 3441 dicit:
3028 3377 3261 3439 Obedita
3311 3391 3451 3451 pra:-

1873 3482 2090 3555 positis.
2107 3483 2327 3545 vestris,
2375 3490 2431 3536 et
2466 3480 2749 3550 subjacete
2790 3479 2920 3539 illis,
2954 3477 3055 3545 ipsi
3092 3476 3239 3532 enim
3269 3475 3450 3545 pervi-

1872 3575 2045 3647 gilant
2101 3573 2263 3644 quasi
2309 3573 2578 3627 rationem
2633 3584 2734 3639 pro
2770 3568 3060 3623 animabus
3091 3567 3287 3623 vestris
3335 3567 3458 3619 red-

1874 3668 2038 3725 dituri
2085 3668 2152 3734 ³¹,
2204 3666 2326 3722 ideo
2379 3674 2434 3717 et
2471 3662 2637 3734 hujus
2671 3662 2852 3715 cultus
2908 3659 3089 3714 fructu
3152 3658 3311 3728 potiri
3360 3672 3457 3711 eos

1875 3776 2092 3832 aequum
2160 3768 2267 3815 est.
2343 3758 2408 3811 Et
2441 3764 2561 3826 post
2594 3767 2823 3822 pauca:
2888 3751 3077 3819 Cagita
3146 3749 3279 3818 quid
3308 3748 3458 3802 dicat

1877 3853 2021 3909 Deus
2081 3853 2151 3907 de
2203 3847 2405 3905 ludatis
2459 3864 2474 3905 :
2532 3844 2707 3914 Super
2763 3840 3073 3895 cathedram
3119 3837 3319 3909 Moysis
3371 3852 3461 3892 sc-

1881 3947 2077 4001 derunt
2151 3940 2361 3995 Scriba
2413 3948 2467 3992 et
2514 3932 2813 4001 Pharisaei;
2851 3945 3197 4002 qumcunquc
3221 3928 3461 3982 dixerint

1879 4038 2038 4095 vobis
2103 4036 2302 4097 facere,
2370 4032 2584 4087 facile:
2654 4039 2709 4082 at
2790 4042 2937 4082 nunc
2996 4040 3104 4078 non
3162 4036 3459 4093 possumus

1880 4130 2110 4185 dicere:
2171 4125 2350 4196 Super
2380 4122 2693 4177 cathedram
2740 4116 2943 4188 Moysis
2996 4112 3302 4176 sederunt,
3365 4108 3464 4164 sed

1884 4237 2049 4293 super
2105 4219 2332 4275 Christi.
2404 4215 2709 4284 Propterea
2794 4210 2976 4279 inquit
3035 4206 3291 4261 Paulus:
3356 4203 3465 4258 Pro

1883 4315 2109 4372 Christo
2142 4310 2413 4383 legatione
2463 4307 2749 4377 fungimur
2771 4347 2786 4370 ,
2824 4311 3082 4370 tanquam
3118 4298 3227 4353 Deo
3262 4296 3466 4353 exhor-

1886 4418 2036 4465 tante
2078 4421 2175 4477 per
2236 4419 2337 4459 nos
2404 4402 2469 4454 ³⁸.
2538 4397 2749 4454 Audisti
2810 4395 2881 4448 ab
2928 4394 3033 4447 hoc
3082 4391 3304 4445 doctore
3354 4400 3467 4455 quo

1885 4510 2047 4572 pacto
2082 4497 2292 4553 colendi
2319 4502 2447 4551 sunt
2476 4491 2810 4549 sacerdotes.
2853 4486 2911 4541 Si
2942 4500 3072 4553 ergo
3108 4483 3178 4538 de
3209 4478 3471 4537 sacerdo-

1886 4594 2031 4649 tibus
2066 4591 2170 4645 hoc
2206 4587 2365 4652 dicit,
2395 4585 2568 4640 multo
2601 4580 2776 4653 magis
2804 4579 2872 4633 dc
2905 4575 3249 4647 principibus
3278 4587 3469 4628 sacer-

1885 4691 2075 4742 dotum
2103 4692 2158 4737 et
2193 4678 2523 4752 patriarchis
2567 4688 2622 4730 et
2647 4670 2964 4728 doctoribus
2991 4666 3279 4731 Ecclesiae,
3309 4667 3403 4737 qui
3442 4683 3471 4720 a

1888 4777 2047 4833 vobis
2079 4776 2132 4829 in
2172 4770 2461 4844 praesentia
2490 4784 2598 4823 non
2620 4767 2802 4822 solum
2834 4776 2940 4816 non
2969 4761 3255 4825 coluntur,
3278 4774 3475 4814 verum

1888 4871 2062 4926 etiam
2123 4862 2600 4937 impudentissime
2652 4860 2991 4917 lacerantur,
3049 4867 3186 4922 quas
3244 4866 3479 4922 pcnnas,

1892 4977 2100 5035 qumso,
2121 4958 2354 5017 subituri
2376 4940 2550 5013 estis?
2565 4952 2826 5023 Magnas,
2851 4957 2910 5004 ut
2927 4947 3188 5012 arbitror,
3218 4945 3327 5000 into
3346 4959 3475 4999 vero

1897 5071 2004 5111 non
2044 5054 2344 5110 secundum
2401 5062 2577 5103 meam
2611 5042 2949 5101 sententiam
2982 5080 2999 5105 ,
3038 5037 3135 5095 sed
3169 5037 3477 5094 secundum

1895 5162 2076 5203 aureae
2100 5145 2320 5212 linguae,
2344 5149 2401 5197 et
2429 5137 2809 5194 admirandum
2832 5132 3122 5197 Joannem,
3149 5145 3273 5187 cum
3299 5129 3432 5184 dicit
3463 5148 3477 5184 :

1895 5241 1998 5308 Qui
2057 5236 2383 5295 sacerdotes
2427 5232 2627 5303 injuria
2689 5228 2893 5291 allicit,
2930 5226 3220 5281 Christum
3276 5222 3483 5291 injuria

1900 5332 2085 5387 allicit.
2132 5328 2236 5395 Qui
2291 5341 2419 5381 vero
2468 5323 2751 5380 Christum
2819 5319 3020 5387 injuria
3086 5314 3292 5378 allicit,
3344 5312 3480 5382 quid

1904 5421 2259 5495 reSpondeblt
2312 5420 2401 5474 illa
2443 5413 2726 5472 tremenda
2759 5412 2880 5466 die?
2907 5412 2999 5464 Sic
3029 5410 3210 5473 itaque
3243 5407 3476 5461 conclu—

1905 5518 1985 5571 dit
2016 5515 2459 5585 Chrysostomus.
2520 5507 2578 5561 Si
2633 5505 2849 5576 cognita
2901 5512 3029 5556 sunt
3063 5498 3218 5555 vobis
3246 5513 3367 5567 quae
3418 5512 3497 5551 et.

1906 5608 2185 5666 mellilluis
2218 5607 2339 5677 ejus
2382 5603 2731 5660 orationibus
2763 5595 3142 5669 expoSuimus,
3177 5591 3481 5663 praesertim

1903 5719 2015 5775 quo
2077 5706 2289 5757 honore
2355 5699 2633 5770 principes
2688 5702 2815 5750 sunt
2866 5691 3105 5756 colendi,
3153 5686 3286 5758 quia
3325 5698 3492 5750 super

1876 5893 1970 5949 20.
