  <div class='ocr_page' id='page_1' title='image "/cluster/home/n/w/nwhite01/storage/ocr_20150623/159/coo.31924054870641/693.png"; bbox 0 0 3992 6420; ppageno 0'>
   <div class='ocr_carea' id='block_1_1' title="bbox 504 399 2080 477">
    <p class='ocr_par' dir='ltr' id='par_1_1' title="bbox 504 399 2080 466">
     <span class='ocr_line' id='line_1_1' title="bbox 504 399 2080 466; baseline -0.004 -1"><span class='ocrx_word' id='word_1_1' title='bbox 504 401 534 466; x_wconf 79' lang='grc' dir='ltr'><strong>Ῑ·</strong></span> <span class='ocrx_word' id='word_1_2' title='bbox 574 399 638 463; x_wconf 69' lang='grc'><strong>71</strong></span> <span class='ocrx_word' id='word_1_3' title='bbox 1708 401 2024 460; x_wconf 54' lang='lat' dir='ltr'><strong>JOSEPIII</strong></span> <span class='ocrx_word' id='word_1_4' title='bbox 2068 402 2080 459; x_wconf 95' lang='lat' dir='ltr'><strong>l</strong></span> 
     </span>
    </p>
   </div>
   <div class='ocr_carea' id='block_1_2' title="bbox 2117 399 3693 477">
    <p class='ocr_par' dir='ltr' id='par_1_2' title="bbox 2117 401 3693 477">
     <span class='ocr_line' id='line_1_2' title="bbox 2117 401 3693 477; baseline 0.011 -19"><span class='ocrx_word' id='word_1_5' title='bbox 2117 401 2636 462; x_wconf 68' lang='lat' dir='ltr'><strong>)ETI‘lONENSlS&#39;</strong></span> <span class='ocrx_word' id='word_1_6' title='bbox 3589 410 3693 477; x_wconf 66' lang='lat' dir='ltr'><strong>l372</strong></span> 
     </span>
    </p>
   </div>
   <div class='ocr_carea' id='block_1_3' title="bbox 506 513 2082 594">
    <p class='ocr_par' dir='ltr' id='par_1_3' title="bbox 506 513 2082 569">
     <span class='ocr_line' id='line_1_3' title="bbox 506 513 2082 569; baseline -0.002 -1"><span class='ocrx_word' id='word_1_7' title='bbox 506 517 766 569; x_wconf 47' lang='lat' dir='ltr'><strong>Roman-ri</strong></span> <span class='ocrx_word' id='word_1_8' title='bbox 812 514 1090 569; x_wconf 67' lang='lat' dir='ltr'><strong>Ecclesiae.</strong></span> <span class='ocrx_word' id='word_1_9' title='bbox 1154 513 1282 568; x_wconf 77' lang='lat' dir='ltr'><strong>Eam</strong></span> <span class='ocrx_word' id='word_1_10' title='bbox 1338 523 1388 568; x_wconf 91' lang='lat' dir='ltr'><strong>et</strong></span> <span class='ocrx_word' id='word_1_11' title='bbox 1447 513 1622 569; x_wconf 90' lang='lat' dir='ltr'><strong>solam</strong></span> <span class='ocrx_word' id='word_1_12' title='bbox 1676 516 1917 569; x_wconf 82' lang='lat' dir='ltr'><strong>decerno</strong></span> <span class='ocrx_word' id='word_1_13' title='bbox 1974 528 2082 567; x_wconf 64' lang='lat' dir='ltr'><strong>esse</strong></span> 
     </span>
    </p>
   </div>
   <div class='ocr_carea' id='block_1_4' title="bbox 2115 513 3691 594">
    <p class='ocr_par' dir='ltr' id='par_1_4' title="bbox 2125 513 3691 594">
     <span class='ocr_line' id='line_1_4' title="bbox 2125 513 3691 594; baseline 0.007 -29"><span class='ocrx_word' id='word_1_14' title='bbox 2125 516 2168 571; x_wconf 82' lang='lat' dir='ltr'><strong>A</strong></span> <span class='ocrx_word' id='word_1_15' title='bbox 2197 513 2447 583; x_wconf 81' lang='grc' dir='ltr'><strong>διαφέρει</strong></span> <span class='ocrx_word' id='word_1_16' title='bbox 2482 518 2548 586; x_wconf 81' lang='grc' dir='ltr'>τῇ</span> <span class='ocrx_word' id='word_1_17' title='bbox 2599 517 2768 588; x_wconf 81' lang='grc' dir='ltr'>ἀρετῇ</span> <span class='ocrx_word' id='word_1_18' title='bbox 2817 515 2908 570; x_wconf 65' lang='grc' dir='ltr'><strong>καὶ</strong></span> <span class='ocrx_word' id='word_1_19' title='bbox 2943 517 3020 588; x_wconf 81' lang='grc' dir='ltr'><strong>τῷ</strong></span> <span class='ocrx_word' id='word_1_20' title='bbox 3069 517 3208 590; x_wconf 72' lang='grc' dir='ltr'>ἤθει,</span> <span class='ocrx_word' id='word_1_21' title='bbox 3245 519 3353 572; x_wconf 76' lang='grc' dir='ltr'>ἀλλ’</span> <span class='ocrx_word' id='word_1_22' title='bbox 3380 522 3409 591; x_wconf 80' lang='grc' dir='ltr'>ἢ</span> <span class='ocrx_word' id='word_1_23' title='bbox 3437 521 3490 574; x_wconf 62' lang='lat' dir='ltr'><strong>tl)</strong></span> <span class='ocrx_word' id='word_1_24' title='bbox 3530 527 3691 594; x_wconf 84' lang='grc' dir='ltr'><strong>σχίσμα</strong></span> 
     </span>
    </p>
   </div>
   <div class='ocr_carea' id='block_1_5' title="bbox 506 606 2082 685">
    <p class='ocr_par' dir='ltr' id='par_1_5' title="bbox 506 607 2082 679">
     <span class='ocr_line' id='line_1_5' title="bbox 506 607 2082 679; baseline 0 -19"><span class='ocrx_word' id='word_1_25' title='bbox 506 625 730 664; x_wconf 81' lang='lat' dir='ltr'><strong>causam</strong></span> <span class='ocrx_word' id='word_1_26' title='bbox 764 610 1019 664; x_wconf 84' lang='lat' dir='ltr'><strong>interitus</strong></span> <span class='ocrx_word' id='word_1_27' title='bbox 1053 617 1253 663; x_wconf 67' lang='lat' dir='ltr'><strong>nostra!</strong></span> <span class='ocrx_word' id='word_1_28' title='bbox 1285 608 1462 679; x_wconf 79' lang='lat' dir='ltr'><strong>gentis</strong></span> <span class='ocrx_word' id='word_1_29' title='bbox 1485 649 1500 673; x_wconf 85' lang='lat'><strong>,</strong></span> <span class='ocrx_word' id='word_1_30' title='bbox 1539 609 1664 677; x_wconf 87' lang='lat' dir='ltr'><strong>quia</strong></span> <span class='ocrx_word' id='word_1_31' title='bbox 1699 617 1986 677; x_wconf 72' lang='lat' dir='ltr'><strong>postquam</strong></span> <span class='ocrx_word' id='word_1_32' title='bbox 2020 607 2082 660; x_wconf 81' lang='lat' dir='ltr'><strong>ab</strong></span> 
     </span>
    </p>
   </div>
   <div class='ocr_carea' id='block_1_6' title="bbox 2120 606 3696 685">
    <p class='ocr_par' dir='ltr' id='par_1_6' title="bbox 2201 606 3696 685">
     <span class='ocr_line' id='line_1_6' title="bbox 2201 606 3696 685; baseline 0.007 -27"><span class='ocrx_word' id='word_1_33' title='bbox 2201 606 2290 659; x_wconf 79' lang='grc' dir='ltr'>καὶ</span> <span class='ocrx_word' id='word_1_34' title='bbox 2327 607 2360 677; x_wconf 82' lang='grc' dir='ltr'>ὴ</span> <span class='ocrx_word' id='word_1_35' title='bbox 2417 609 2675 678; x_wconf 79' lang='grc' dir='ltr'><strong>παρακοὴ</strong></span> <span class='ocrx_word' id='word_1_36' title='bbox 2709 613 2800 662; x_wconf 71' lang='grc' dir='ltr'><strong>καὶ</strong></span> <span class='ocrx_word' id='word_1_37' title='bbox 2852 609 3189 677; x_wconf 79' lang='grc' dir='ltr'>ἀνυποταξία</span> <span class='ocrx_word' id='word_1_38' title='bbox 3223 611 3354 682; x_wconf 78' lang='grc' dir='ltr'>πρὸς</span> <span class='ocrx_word' id='word_1_39' title='bbox 3386 614 3474 682; x_wconf 80' lang='grc' dir='ltr'>τὴν</span> <span class='ocrx_word' id='word_1_40' title='bbox 3505 614 3696 685; x_wconf 82' lang='grc' dir='ltr'>Ῥωμαῖ-</span> 
     </span>
    </p>
   </div>
   <div class='ocr_carea' id='block_1_7' title="bbox 508 700 2084 778">
    <p class='ocr_par' dir='ltr' id='par_1_7' title="bbox 508 701 2084 770">
     <span class='ocr_line' id='line_1_7' title="bbox 508 701 2084 770; baseline 0.001 -16"><span class='ocrx_word' id='word_1_41' title='bbox 508 719 570 755; x_wconf 78' lang='lat' dir='ltr'><strong>ea</strong></span> <span class='ocrx_word' id='word_1_42' title='bbox 616 701 772 755; x_wconf 82' lang='lat' dir='ltr'><strong>divisi</strong></span> <span class='ocrx_word' id='word_1_43' title='bbox 807 717 1003 758; x_wconf 86' lang='lat' dir='ltr'><strong>sumus</strong></span> <span class='ocrx_word' id='word_1_44' title='bbox 1029 742 1044 768; x_wconf 93' lang='lat'><strong><em>,</em></strong></span> <span class='ocrx_word' id='word_1_45' title='bbox 1077 701 1521 757; x_wconf 87' lang='lat' dir='ltr'><strong>maledictionem</strong></span> <span class='ocrx_word' id='word_1_46' title='bbox 1553 701 1867 770; x_wconf 86' lang='lat' dir='ltr'><strong>accepimus</strong></span> <span class='ocrx_word' id='word_1_47' title='bbox 1905 713 1959 758; x_wconf 87' lang='lat' dir='ltr'><strong>et</strong></span> <span class='ocrx_word' id='word_1_48' title='bbox 1998 715 2084 770; x_wconf 86' lang='lat' dir='ltr'><strong>pa-</strong></span> 
     </span>
    </p>
   </div>
   <div class='ocr_carea' id='block_1_8' title="bbox 2121 700 3697 778">
    <p class='ocr_par' dir='ltr' id='par_1_8' title="bbox 2200 700 3697 778">
     <span class='ocr_line' id='line_1_8' title="bbox 2200 700 3697 778; baseline 0.006 -24"><span class='ocrx_word' id='word_1_49' title='bbox 2200 700 2302 770; x_wconf 81' lang='grc' dir='ltr'><strong>κὴν</strong></span> <span class='ocrx_word' id='word_1_50' title='bbox 2346 701 2681 773; x_wconf 78' lang='grc' dir='ltr'><strong>Ἐκκλησίαν</strong></span> <span class='ocrx_word' id='word_1_51' title='bbox 2713 703 2887 776; x_wconf 80' lang='grc' dir='ltr'>αὐτὴν</span> <span class='ocrx_word' id='word_1_52' title='bbox 2934 705 3029 758; x_wconf 77' lang='grc' dir='ltr'>καὶ</span> <span class='ocrx_word' id='word_1_53' title='bbox 3067 705 3233 776; x_wconf 88' lang='grc' dir='ltr'>μόνην</span> <span class='ocrx_word' id='word_1_54' title='bbox 3263 707 3422 776; x_wconf 80' lang='grc' dir='ltr'>κρίνω</span> <span class='ocrx_word' id='word_1_55' title='bbox 3451 709 3603 761; x_wconf 76' lang='grc' dir='ltr'>αἰτίαν</span> <span class='ocrx_word' id='word_1_56' title='bbox 3623 711 3697 778; x_wconf 77' lang='grc' dir='ltr'><strong>τῆς</strong></span> 
     </span>
    </p>
   </div>
   <div class='ocr_carea' id='block_1_9' title="bbox 510 792 2086 869">
    <p class='ocr_par' dir='ltr' id='par_1_9' title="bbox 510 792 2086 864">
     <span class='ocr_line' id='line_1_9' title="bbox 510 792 2086 864; baseline -0.001 -18"><span class='ocrx_word' id='word_1_57' title='bbox 510 795 678 848; x_wconf 89' lang='lat' dir='ltr'><strong>timur</strong></span> <span class='ocrx_word' id='word_1_58' title='bbox 703 810 822 864; x_wconf 72' lang='lat' dir='ltr'><strong>quae</strong></span> <span class='ocrx_word' id='word_1_59' title='bbox 859 811 956 850; x_wconf 87' lang='lat' dir='ltr'><strong>nos</strong></span> <span class='ocrx_word' id='word_1_60' title='bbox 987 794 1268 864; x_wconf 89' lang='lat' dir='ltr'><strong>patimur;</strong></span> <span class='ocrx_word' id='word_1_61' title='bbox 1300 809 1400 848; x_wconf 87' lang='lat' dir='ltr'><strong>nec</strong></span> <span class='ocrx_word' id='word_1_62' title='bbox 1427 794 1548 848; x_wconf 89' lang='lat' dir='ltr'><strong>ideo</strong></span> <span class='ocrx_word' id='word_1_63' title='bbox 1579 795 1810 862; x_wconf 70' lang='lat' dir='ltr'><strong>pmnitet</strong></span> <span class='ocrx_word' id='word_1_64' title='bbox 1839 807 1961 858; x_wconf 86' lang='lat' dir='ltr'><strong>nos,</strong></span> <span class='ocrx_word' id='word_1_65' title='bbox 1995 792 2086 846; x_wconf 87' lang='lat' dir='ltr'><strong>sed</strong></span> 
     </span>
    </p>
   </div>
   <div class='ocr_carea' id='block_1_10' title="bbox 2123 792 3699 869">
    <p class='ocr_par' dir='ltr' id='par_1_10' title="bbox 2199 793 3699 869">
     <span class='ocr_line' id='line_1_10' title="bbox 2199 793 3699 869; baseline 0.005 -25"><span class='ocrx_word' id='word_1_66' title='bbox 2199 793 2480 856; x_wconf 78' lang='grc' dir='ltr'>ἀπωλείας</span> <span class='ocrx_word' id='word_1_67' title='bbox 2529 793 2622 848; x_wconf 74' lang='grc' dir='ltr'>τοῦ</span> <span class='ocrx_word' id='word_1_68' title='bbox 2674 795 2948 866; x_wconf 77' lang='grc' dir='ltr'><strong>ἡμετέρου</strong></span> <span class='ocrx_word' id='word_1_69' title='bbox 2985 796 3198 863; x_wconf 81' lang='grc' dir='ltr'><strong>γένους.</strong></span> <span class='ocrx_word' id='word_1_70' title='bbox 3241 796 3356 866; x_wconf 68' lang='grc' dir='ltr'><strong>Ἀφ’</strong></span> <span class='ocrx_word' id='word_1_71' title='bbox 3387 797 3442 850; x_wconf 78' lang='grc' dir='ltr'>οὖ</span> <span class='ocrx_word' id='word_1_72' title='bbox 3472 798 3566 868; x_wconf 81' lang='grc' dir='ltr'>γὰρ</span> <span class='ocrx_word' id='word_1_73' title='bbox 3592 801 3699 869; x_wconf 73' lang='grc' dir='ltr'>ἐσχί-</span> 
     </span>
    </p>
   </div>
   <div class='ocr_carea' id='block_1_11' title="bbox 507 887 2083 958">
    <p class='ocr_par' dir='ltr' id='par_1_11' title="bbox 507 887 2083 956">
     <span class='ocr_line' id='line_1_11' title="bbox 507 887 2083 956; baseline 0.003 -21"><span class='ocrx_word' id='word_1_74' title='bbox 507 889 808 943; x_wconf 82' lang='lat' dir='ltr'><strong>dcteriores</strong></span> <span class='ocrx_word' id='word_1_75' title='bbox 864 888 1153 943; x_wconf 82' lang='lat' dir='ltr'><strong>evadimus</strong></span> <span class='ocrx_word' id='word_1_76' title='bbox 1189 930 1205 956; x_wconf 91' lang='lat'><strong>,</strong></span> <span class='ocrx_word' id='word_1_77' title='bbox 1275 897 1331 944; x_wconf 88' lang='lat' dir='ltr'><strong>et</strong></span> <span class='ocrx_word' id='word_1_78' title='bbox 1391 888 1698 943; x_wconf 81' lang='lat' dir='ltr'><strong>maledictis</strong></span> <span class='ocrx_word' id='word_1_79' title='bbox 1772 887 2083 956; x_wconf 84' lang='lat' dir='ltr'><strong>impetimus</strong></span> 
     </span>
    </p>
   </div>
   <div class='ocr_carea' id='block_1_12' title="bbox 2125 887 3701 958">
    <p class='ocr_par' dir='ltr' id='par_1_12' title="bbox 2204 887 3701 958">
     <span class='ocr_line' id='line_1_12' title="bbox 2204 887 3701 958; baseline 0.003 -18"><span class='ocrx_word' id='word_1_80' title='bbox 2204 887 2414 956; x_wconf 77' lang='grc' dir='ltr'>σθημεν</span> <span class='ocrx_word' id='word_1_81' title='bbox 2465 888 2558 942; x_wconf 71' lang='grc' dir='ltr'><strong>ἀπ’</strong></span> <span class='ocrx_word' id='word_1_82' title='bbox 2604 887 2813 957; x_wconf 80' lang='grc' dir='ltr'>αὐτῆς,</span> <span class='ocrx_word' id='word_1_83' title='bbox 2868 888 2968 958; x_wconf 79' lang='grc' dir='ltr'>τὴν</span> <span class='ocrx_word' id='word_1_84' title='bbox 3021 889 3266 958; x_wconf 78' lang='grc' dir='ltr'><strong>κατάραν</strong></span> <span class='ocrx_word' id='word_1_85' title='bbox 3318 889 3591 957; x_wconf 73' lang='grc' dir='ltr'>ἐλάϐομεν·</span> <span class='ocrx_word' id='word_1_86' title='bbox 3637 895 3701 945; x_wconf 71' lang='grc' dir='ltr'>καὶ</span> 
     </span>
    </p>
   </div>
   <div class='ocr_carea' id='block_1_13' title="bbox 511 980 2087 1054">
    <p class='ocr_par' dir='ltr' id='par_1_13' title="bbox 511 980 2087 1049">
     <span class='ocr_line' id='line_1_13' title="bbox 511 980 2087 1049; baseline 0.003 -19"><span class='ocrx_word' id='word_1_87' title='bbox 511 981 683 1049; x_wconf 64' lang='lat' dir='ltr'><strong>ipsam</strong></span> <span class='ocrx_word' id='word_1_88' title='bbox 717 980 1048 1048; x_wconf 82' lang='lat' dir='ltr'><strong>Ecclesiam,</strong></span> <span class='ocrx_word' id='word_1_89' title='bbox 1073 982 1303 1037; x_wconf 88' lang='lat' dir='ltr'><strong>dicenda</strong></span> <span class='ocrx_word' id='word_1_90' title='bbox 1337 990 1388 1037; x_wconf 83' lang='lat' dir='ltr'><strong>et</strong></span> <span class='ocrx_word' id='word_1_91' title='bbox 1421 983 1650 1036; x_wconf 90' lang='lat' dir='ltr'><strong>tacenda</strong></span> <span class='ocrx_word' id='word_1_92' title='bbox 1684 982 1946 1036; x_wconf 81' lang='lat' dir='ltr'><strong>adversus</strong></span> <span class='ocrx_word' id='word_1_93' title='bbox 1971 996 2087 1035; x_wconf 89' lang='lat' dir='ltr'><strong>eam</strong></span> 
     </span>
    </p>
   </div>
   <div class='ocr_carea' id='block_1_14' title="bbox 2125 980 3701 1054">
    <p class='ocr_par' dir='ltr' id='par_1_14' title="bbox 2203 981 3701 1054">
     <span class='ocr_line' id='line_1_14' title="bbox 2203 981 3701 1054; baseline 0.001 -20"><span class='ocrx_word' id='word_1_94' title='bbox 2203 981 2488 1050; x_wconf 83' lang='grc' dir='ltr'>πάσχομεν</span> <span class='ocrx_word' id='word_1_95' title='bbox 2553 981 2653 1034; x_wconf 81' lang='grc' dir='ltr'>ὅσα</span> <span class='ocrx_word' id='word_1_96' title='bbox 2703 982 2799 1037; x_wconf 68' lang='grc' dir='ltr'>καὶ</span> <span class='ocrx_word' id='word_1_97' title='bbox 2851 982 3169 1054; x_wconf 75' lang='grc' dir='ltr'>πάσχομενο</span> <span class='ocrx_word' id='word_1_98' title='bbox 3212 983 3304 1036; x_wconf 79' lang='grc' dir='ltr'>καὶ</span> <span class='ocrx_word' id='word_1_99' title='bbox 3349 982 3618 1052; x_wconf 68' lang='grc' dir='ltr'>πάσχοντες</span> <span class='ocrx_word' id='word_1_100' title='bbox 3659 985 3701 1036; x_wconf 75' lang='grc' dir='ltr'>οὐ</span> 
     </span>
    </p>
   </div>
   <div class='ocr_carea' id='block_1_15' title="bbox 515 1071 2091 1146">
    <p class='ocr_par' dir='ltr' id='par_1_15' title="bbox 515 1073 2091 1142">
     <span class='ocr_line' id='line_1_15' title="bbox 515 1073 2091 1142; baseline 0 -16"><span class='ocrx_word' id='word_1_101' title='bbox 515 1073 864 1142; x_wconf 82' lang='lat' dir='ltr'><strong>impudenter</strong></span> <span class='ocrx_word' id='word_1_102' title='bbox 909 1077 1243 1130; x_wconf 90' lang='lat' dir='ltr'><strong>evomimus.</strong></span> <span class='ocrx_word' id='word_1_103' title='bbox 1275 1074 1644 1142; x_wconf 83' lang='lat' dir='ltr'><strong>Quamobrem</strong></span> <span class='ocrx_word' id='word_1_104' title='bbox 1667 1118 1682 1142; x_wconf 87' lang='lat'><strong>,</strong></span> <span class='ocrx_word' id='word_1_105' title='bbox 1722 1076 1919 1131; x_wconf 80' lang='lat' dir='ltr'><strong>fratres</strong></span> <span class='ocrx_word' id='word_1_106' title='bbox 1950 1075 2053 1128; x_wconf 85' lang='lat' dir='ltr'><strong>mei</strong></span> <span class='ocrx_word' id='word_1_107' title='bbox 2078 1117 2091 1136; x_wconf 84' lang='grc'><strong>,</strong></span> 
     </span>
    </p>
   </div>
   <div class='ocr_carea' id='block_1_16' title="bbox 2123 1071 3699 1146">
    <p class='ocr_par' dir='ltr' id='par_1_16' title="bbox 2208 1071 3699 1146">
     <span class='ocr_line' id='line_1_16' title="bbox 2208 1071 3699 1146; baseline 0.003 -24"><span class='ocrx_word' id='word_1_108' title='bbox 2208 1071 2618 1140; x_wconf 83' lang='grc' dir='ltr'>μετανοοῦμεν,</span> <span class='ocrx_word' id='word_1_109' title='bbox 2676 1073 2814 1126; x_wconf 79' lang='grc' dir='ltr'>ἀλλὰ</span> <span class='ocrx_word' id='word_1_110' title='bbox 2863 1075 2960 1130; x_wconf 77' lang='grc' dir='ltr'><strong>καὶ</strong></span> <span class='ocrx_word' id='word_1_111' title='bbox 3013 1077 3257 1146; x_wconf 78' lang='grc' dir='ltr'><strong>χείρονες</strong></span> <span class='ocrx_word' id='word_1_112' title='bbox 3317 1075 3592 1144; x_wconf 68' lang='grc' dir='ltr'>γινόμεθα·</span> <span class='ocrx_word' id='word_1_113' title='bbox 3643 1078 3699 1128; x_wconf 75' lang='lat' dir='ltr'><strong>le</strong></span> 
     </span>
    </p>
   </div>
   <div class='ocr_carea' id='block_1_17' title="bbox 514 1165 2090 1239">
    <p class='ocr_par' dir='ltr' id='par_1_17' title="bbox 514 1165 2090 1239">
     <span class='ocr_line' id='line_1_17' title="bbox 514 1165 2090 1239; baseline 0.003 -21"><span class='ocrx_word' id='word_1_114' title='bbox 514 1179 608 1233; x_wconf 89' lang='lat' dir='ltr'><strong>per</strong></span> <span class='ocrx_word' id='word_1_115' title='bbox 653 1165 936 1221; x_wconf 80' lang='lat' dir='ltr'><strong>Christum</strong></span> <span class='ocrx_word' id='word_1_116' title='bbox 967 1207 982 1230; x_wconf 86' lang='lat'><strong><em>,</em></strong></span> <span class='ocrx_word' id='word_1_117' title='bbox 1039 1168 1473 1239; x_wconf 74' lang='lat' dir='ltr'><strong>desperationem</strong></span> <span class='ocrx_word' id='word_1_118' title='bbox 1527 1170 1890 1231; x_wconf 83' lang='lat' dir='ltr'><strong>omittamus,</strong></span> <span class='ocrx_word' id='word_1_119' title='bbox 1943 1183 2090 1222; x_wconf 91' lang='lat' dir='ltr'><strong>acce-</strong></span> 
     </span>
    </p>
   </div>
   <div class='ocr_carea' id='block_1_18' title="bbox 2120 1165 3696 1239">
    <p class='ocr_par' dir='ltr' id='par_1_18' title="bbox 2207 1165 3696 1238">
     <span class='ocr_line' id='line_1_18' title="bbox 2207 1165 3696 1238; baseline 0.001 -22"><span class='ocrx_word' id='word_1_120' title='bbox 2207 1165 2641 1236; x_wconf 72' lang='grc' dir='ltr'>βλασφημοῦμεν</span> <span class='ocrx_word' id='word_1_121' title='bbox 2670 1167 2794 1220; x_wconf 86' lang='grc' dir='ltr'>κατ’</span> <span class='ocrx_word' id='word_1_122' title='bbox 2818 1168 2991 1238; x_wconf 78' lang='grc' dir='ltr'>αὐτῆς</span> <span class='ocrx_word' id='word_1_123' title='bbox 3017 1167 3119 1236; x_wconf 82' lang='grc' dir='ltr'>τῆς</span> <span class='ocrx_word' id='word_1_124' title='bbox 3139 1167 3232 1220; x_wconf 79' lang='grc' dir='ltr'>τοῦ</span> <span class='ocrx_word' id='word_1_125' title='bbox 3265 1167 3696 1236; x_wconf 68' lang='grc' dir='ltr'>ΘεοῦῈκκλησίας·</span> 
     </span>
    </p>
   </div>
   <div class='ocr_carea' id='block_1_19' title="bbox 512 1257 2088 1332">
    <p class='ocr_par' dir='ltr' id='par_1_19' title="bbox 512 1258 2088 1329">
     <span class='ocr_line' id='line_1_19' title="bbox 512 1258 2088 1329; baseline 0.006 -22"><span class='ocrx_word' id='word_1_126' title='bbox 512 1259 714 1313; x_wconf 89' lang='lat' dir='ltr'><strong>damus</strong></span> <span class='ocrx_word' id='word_1_127' title='bbox 759 1273 901 1313; x_wconf 69' lang='lat' dir='ltr'><strong>verae</strong></span> <span class='ocrx_word' id='word_1_128' title='bbox 949 1258 1386 1315; x_wconf 89' lang='lat' dir='ltr'><strong>Christianorum</strong></span> <span class='ocrx_word' id='word_1_129' title='bbox 1444 1261 1632 1314; x_wconf 90' lang='lat' dir='ltr'><strong>unioni</strong></span> <span class='ocrx_word' id='word_1_130' title='bbox 1664 1301 1678 1317; x_wconf 93' lang='lat'><strong>.</strong></span> <span class='ocrx_word' id='word_1_131' title='bbox 1733 1276 2088 1329; x_wconf 76' lang='lat' dir='ltr'><strong>agnoscamus</strong></span> 
     </span>
    </p>
   </div>
   <div class='ocr_carea' id='block_1_20' title="bbox 2127 1257 3703 1332">
    <p class='ocr_par' dir='ltr' id='par_1_20' title="bbox 2206 1257 3703 1332">
     <span class='ocr_line' id='line_1_20' title="bbox 2206 1257 3703 1332; baseline -0.001 -21"><span class='ocrx_word' id='word_1_132' title='bbox 2206 1257 2304 1312; x_wconf 80' lang='grc' dir='ltr'><strong>καὶ</strong></span> <span class='ocrx_word' id='word_1_133' title='bbox 2335 1257 2474 1330; x_wconf 80' lang='grc' dir='ltr'>ῥητὰ</span> <span class='ocrx_word' id='word_1_134' title='bbox 2504 1260 2598 1312; x_wconf 71' lang='grc' dir='ltr'><strong>καὶ</strong></span> <span class='ocrx_word' id='word_1_135' title='bbox 2626 1259 2845 1332; x_wconf 73' lang='grc' dir='ltr'>άρῤητα</span> <span class='ocrx_word' id='word_1_136' title='bbox 2884 1261 3009 1314; x_wconf 85' lang='grc' dir='ltr'>κατ’</span> <span class='ocrx_word' id='word_1_137' title='bbox 3036 1261 3205 1326; x_wconf 85' lang='grc' dir='ltr'>αὐτῆς</span> <span class='ocrx_word' id='word_1_138' title='bbox 3241 1259 3462 1321; x_wconf 82' lang='grc' dir='ltr'>ἀναιδῶς</span> <span class='ocrx_word' id='word_1_139' title='bbox 3499 1257 3703 1325; x_wconf 77' lang='grc' dir='ltr'>ὲμοῦμεν.</span> 
     </span>
    </p>
   </div>
   <div class='ocr_carea' id='block_1_21' title="bbox 519 1349 2095 1425">
    <p class='ocr_par' dir='ltr' id='par_1_21' title="bbox 519 1355 2095 1425">
     <span class='ocr_line' id='line_1_21' title="bbox 519 1355 2095 1425; baseline 0.005 -21"><span class='ocrx_word' id='word_1_140' title='bbox 519 1362 736 1414; x_wconf 70' lang='lat' dir='ltr'><strong>peccata</strong></span> <span class='ocrx_word' id='word_1_141' title='bbox 771 1361 954 1408; x_wconf 89' lang='lat' dir='ltr'><strong>nostra</strong></span> <span class='ocrx_word' id='word_1_142' title='bbox 979 1397 992 1417; x_wconf 86' lang='lat'><strong>,</strong></span> <span class='ocrx_word' id='word_1_143' title='bbox 1031 1372 1096 1410; x_wconf 86' lang='lat' dir='ltr'><strong>ne</strong></span> <span class='ocrx_word' id='word_1_144' title='bbox 1127 1358 1338 1425; x_wconf 90' lang='lat' dir='ltr'><strong>pejores</strong></span> <span class='ocrx_word' id='word_1_145' title='bbox 1361 1355 1562 1412; x_wconf 71' lang='lat' dir='ltr'><strong>Indmis</strong></span> <span class='ocrx_word' id='word_1_146' title='bbox 1600 1355 1935 1420; x_wconf 82' lang='lat' dir='ltr'><strong>evadamus,</strong></span> <span class='ocrx_word' id='word_1_147' title='bbox 1966 1371 2095 1412; x_wconf 86' lang='lat' dir='ltr'><strong>neve</strong></span> 
     </span>
    </p>
   </div>
   <div class='ocr_carea' id='block_1_22' title="bbox 2131 1349 3707 1425">
    <p class='ocr_par' dir='ltr' id='par_1_22' title="bbox 2212 1349 3707 1423">
     <span class='ocr_line' id='line_1_22' title="bbox 2212 1349 3707 1423; baseline -0.005 -17"><span class='ocrx_word' id='word_1_148' title='bbox 2212 1352 2406 1418; x_wconf 84' lang='grc' dir='ltr'>Ὅθεν,</span> <span class='ocrx_word' id='word_1_149' title='bbox 2434 1351 2654 1422; x_wconf 76' lang='grc' dir='ltr'>ἀδελφοί</span> <span class='ocrx_word' id='word_1_150' title='bbox 2691 1371 2815 1421; x_wconf 88' lang='grc' dir='ltr'>μου,</span> <span class='ocrx_word' id='word_1_151' title='bbox 2852 1354 3105 1423; x_wconf 75' lang='grc' dir='ltr'>ἐάσωμεν</span> <span class='ocrx_word' id='word_1_152' title='bbox 3121 1354 3218 1421; x_wconf 82' lang='grc' dir='ltr'>τὴν</span> <span class='ocrx_word' id='word_1_153' title='bbox 3235 1352 3530 1420; x_wconf 82' lang='grc' dir='ltr'>ἀπόγνωσιν</span> <span class='ocrx_word' id='word_1_154' title='bbox 3553 1350 3626 1404; x_wconf 80' lang='grc' dir='ltr'>διὰ</span> <span class='ocrx_word' id='word_1_155' title='bbox 3647 1349 3707 1400; x_wconf 69' lang='grc' dir='ltr'>τὶν</span> 
     </span>
    </p>
   </div>
   <div class='ocr_carea' id='block_1_23' title="bbox 517 1441 2093 1518">
    <p class='ocr_par' dir='ltr' id='par_1_23' title="bbox 517 1442 2093 1518">
     <span class='ocr_line' id='line_1_23' title="bbox 517 1442 2093 1518; baseline 0.008 -26"><span class='ocrx_word' id='word_1_156' title='bbox 517 1442 652 1496; x_wconf 76' lang='lat' dir='ltr'><strong>falsa</strong></span> <span class='ocrx_word' id='word_1_157' title='bbox 685 1447 965 1513; x_wconf 76' lang='lat' dir='ltr'><strong>soasione,</strong></span> <span class='ocrx_word' id='word_1_158' title='bbox 1001 1449 1230 1511; x_wconf 85' lang='lat' dir='ltr'><strong>malitia,</strong></span> <span class='ocrx_word' id='word_1_159' title='bbox 1274 1458 1327 1503; x_wconf 89' lang='lat' dir='ltr'><strong>et</strong></span> <span class='ocrx_word' id='word_1_160' title='bbox 1352 1449 1796 1518; x_wconf 65' lang='lat' dir='ltr'><strong>praesumptione,</strong></span> <span class='ocrx_word' id='word_1_161' title='bbox 1832 1449 1903 1504; x_wconf 90' lang='lat' dir='ltr'><strong>ita</strong></span> <span class='ocrx_word' id='word_1_162' title='bbox 1939 1465 2093 1506; x_wconf 82' lang='lat' dir='ltr'><strong>aures</strong></span> 
     </span>
    </p>
   </div>
   <div class='ocr_carea' id='block_1_24' title="bbox 2133 1441 3709 1518">
    <p class='ocr_par' dir='ltr' id='par_1_24' title="bbox 2210 1441 3709 1515">
     <span class='ocr_line' id='line_1_24' title="bbox 2210 1441 3709 1515; baseline -0.008 -15"><span class='ocrx_word' id='word_1_163' title='bbox 2210 1445 2438 1515; x_wconf 80' lang='grc' dir='ltr'>Κύριον,</span> <span class='ocrx_word' id='word_1_164' title='bbox 2493 1443 2884 1514; x_wconf 79' lang='grc' dir='ltr'>προσέλθωμεν</span> <span class='ocrx_word' id='word_1_165' title='bbox 2932 1447 2997 1515; x_wconf 81' lang='grc' dir='ltr'>τῇ</span> <span class='ocrx_word' id='word_1_166' title='bbox 3046 1443 3240 1510; x_wconf 81' lang='grc' dir='ltr'>άληθεί</span> <span class='ocrx_word' id='word_1_167' title='bbox 3273 1443 3379 1496; x_wconf 84' lang='grc' dir='ltr'><strong>τῶν</strong></span> <span class='ocrx_word' id='word_1_168' title='bbox 3434 1441 3709 1511; x_wconf 76' lang='grc' dir='ltr'>Χριστιανῶν</span> 
     </span>
    </p>
   </div>
   <div class='ocr_carea' id='block_1_25' title="bbox 523 1533 2099 1612">
    <p class='ocr_par' dir='ltr' id='par_1_25' title="bbox 523 1537 2099 1612">
     <span class='ocr_line' id='line_1_25' title="bbox 523 1537 2099 1612; baseline 0.008 -28"><span class='ocrx_word' id='word_1_169' title='bbox 523 1537 878 1590; x_wconf 78' lang='lat' dir='ltr'><strong>ubstruamns</strong></span> <span class='ocrx_word' id='word_1_170' title='bbox 935 1548 991 1591; x_wconf 92' lang='lat' dir='ltr'><strong>ut</strong></span> <span class='ocrx_word' id='word_1_171' title='bbox 1051 1555 1154 1594; x_wconf 89' lang='lat' dir='ltr'><strong>nec</strong></span> <span class='ocrx_word' id='word_1_172' title='bbox 1209 1541 1498 1595; x_wconf 81' lang='lat' dir='ltr'><strong>audiamus</strong></span> <span class='ocrx_word' id='word_1_173' title='bbox 1557 1557 1656 1596; x_wconf 90' lang='lat' dir='ltr'><strong>nec</strong></span> <span class='ocrx_word' id='word_1_174' title='bbox 1709 1542 2099 1612; x_wconf 80' lang='lat' dir='ltr'><strong>intelligamus.</strong></span> 
     </span>
    </p>
   </div>
   <div class='ocr_carea' id='block_1_26' title="bbox 2136 1533 3712 1612">
    <p class='ocr_par' dir='ltr' id='par_1_26' title="bbox 2211 1533 3712 1608">
     <span class='ocr_line' id='line_1_26' title="bbox 2211 1533 3712 1608; baseline -0.007 -15"><span class='ocrx_word' id='word_1_175' title='bbox 2211 1538 2404 1594; x_wconf 81' lang='grc' dir='ltr'>ὲνὼσει</span> <span class='ocrx_word' id='word_1_176' title='bbox 2425 1554 2441 1569; x_wconf 83' lang='lat'><strong><em>°</em></strong></span> <span class='ocrx_word' id='word_1_177' title='bbox 2491 1537 2856 1608; x_wconf 75' lang='grc' dir='ltr'>γνωρίσωμεν</span> <span class='ocrx_word' id='word_1_178' title='bbox 2887 1539 2946 1592; x_wconf 72' lang='grc' dir='ltr'><strong>τδ</strong></span> <span class='ocrx_word' id='word_1_179' title='bbox 2980 1539 3231 1608; x_wconf 76' lang='grc' dir='ltr'>πταῖσμα</span> <span class='ocrx_word' id='word_1_180' title='bbox 3257 1537 3408 1608; x_wconf 78' lang='grc' dir='ltr'>ἡμῶν</span> <span class='ocrx_word' id='word_1_181' title='bbox 3433 1551 3449 1566; x_wconf 74' lang='grc' dir='ltr'><strong><em>ο</em></strong></span> <span class='ocrx_word' id='word_1_182' title='bbox 3486 1534 3552 1604; x_wconf 81' lang='grc' dir='ltr'>μὴ</span> <span class='ocrx_word' id='word_1_183' title='bbox 3580 1533 3712 1602; x_wconf 77' lang='grc' dir='ltr'>χείρο-</span> 
     </span>
    </p>
   </div>
   <div class='ocr_carea' id='block_1_27' title="bbox 512 1623 2088 1702">
    <p class='ocr_par' dir='ltr' id='par_1_27' title="bbox 512 1627 2088 1702">
     <span class='ocr_line' id='line_1_27' title="bbox 512 1627 2088 1702; baseline 0.01 -26"><span class='ocrx_word' id='word_1_184' title='bbox 512 1627 816 1682; x_wconf 70' lang='lat' dir='ltr'><strong>Audiamus</strong></span> <span class='ocrx_word' id='word_1_185' title='bbox 868 1628 1150 1684; x_wconf 78' lang='lat' dir='ltr'><strong>Christum</strong></span> <span class='ocrx_word' id='word_1_186' title='bbox 1197 1631 1526 1686; x_wconf 88' lang='lat' dir='ltr'><strong>clamantem</strong></span> <span class='ocrx_word' id='word_1_187' title='bbox 1580 1633 1893 1702; x_wconf 84' lang='lat' dir='ltr'><strong>apostolis:</strong></span> <span class='ocrx_word' id='word_1_188' title='bbox 1937 1652 1956 1684; x_wconf 71' lang='grc' dir='ltr'><strong>ι</strong></span> <span class='ocrx_word' id='word_1_189' title='bbox 1999 1634 2088 1700; x_wconf 63' lang='lat' dir='ltr'><strong>Qu’</strong></span> 
     </span>
    </p>
   </div>
   <div class='ocr_carea' id='block_1_28' title="bbox 2138 1623 3714 1702">
    <p class='ocr_par' dir='ltr' id='par_1_28' title="bbox 2211 1623 3714 1699">
     <span class='ocr_line' id='line_1_28' title="bbox 2211 1623 3714 1699; baseline -0.009 -14"><span class='ocrx_word' id='word_1_190' title='bbox 2211 1649 2304 1696; x_wconf 81' lang='grc' dir='ltr'><strong>νες</strong></span> <span class='ocrx_word' id='word_1_191' title='bbox 2349 1632 2458 1684; x_wconf 87' lang='grc' dir='ltr'><strong>τῶν</strong></span> <span class='ocrx_word' id='word_1_192' title='bbox 2495 1631 2770 1684; x_wconf 81' lang='grc' dir='ltr'>Ἰουδαίων</span> <span class='ocrx_word' id='word_1_193' title='bbox 2799 1630 3090 1699; x_wconf 82' lang='grc' dir='ltr'>γενώμεθα</span> <span class='ocrx_word' id='word_1_194' title='bbox 3110 1646 3126 1662; x_wconf 90' lang='grc'><strong>·</strong></span> <span class='ocrx_word' id='word_1_195' title='bbox 3169 1630 3262 1699; x_wconf 71' lang='grc' dir='ltr'>μὴ</span> <span class='ocrx_word' id='word_1_196' title='bbox 3288 1631 3350 1699; x_wconf 81' lang='grc' dir='ltr'>τῇ</span> <span class='ocrx_word' id='word_1_197' title='bbox 3381 1627 3614 1692; x_wconf 79' lang='grc' dir='ltr'>πεισμονῇ</span> <span class='ocrx_word' id='word_1_198' title='bbox 3649 1623 3714 1673; x_wconf 76' lang='grc' dir='ltr'>καὶ</span> 
     </span>
    </p>
   </div>
   <div class='ocr_carea' id='block_1_29' title="bbox 517 1712 2093 1798">
    <p class='ocr_par' dir='ltr' id='par_1_29' title="bbox 517 1721 2093 1798">
     <span class='ocr_line' id='line_1_29' title="bbox 517 1721 2093 1798; baseline 0.009 -30"><span class='ocrx_word' id='word_1_199' title='bbox 517 1733 614 1771; x_wconf 76' lang='lat' dir='ltr'><strong>vos</strong></span> <span class='ocrx_word' id='word_1_200' title='bbox 646 1721 830 1786; x_wconf 85' lang='lat' dir='ltr'><strong>audit,</strong></span> <span class='ocrx_word' id='word_1_201' title='bbox 868 1739 953 1776; x_wconf 86' lang='lat' dir='ltr'><strong>me</strong></span> <span class='ocrx_word' id='word_1_202' title='bbox 989 1725 1180 1790; x_wconf 83' lang='lat' dir='ltr'><strong>audit;</strong></span> <span class='ocrx_word' id='word_1_203' title='bbox 1217 1734 1272 1778; x_wconf 88' lang='lat' dir='ltr'><strong>et</strong></span> <span class='ocrx_word' id='word_1_204' title='bbox 1304 1726 1394 1796; x_wconf 83' lang='lat' dir='ltr'><strong>qui</strong></span> <span class='ocrx_word' id='word_1_205' title='bbox 1435 1742 1530 1781; x_wconf 82' lang='lat' dir='ltr'><strong>vos</strong></span> <span class='ocrx_word' id='word_1_206' title='bbox 1561 1729 1807 1796; x_wconf 85' lang='lat' dir='ltr'><strong>spernit,</strong></span> <span class='ocrx_word' id='word_1_207' title='bbox 1836 1743 1923 1783; x_wconf 86' lang='lat' dir='ltr'><strong>me</strong></span> <span class='ocrx_word' id='word_1_208' title='bbox 1955 1743 2093 1798; x_wconf 87' lang='lat' dir='ltr'><strong>sper-</strong></span> 
     </span>
    </p>
   </div>
   <div class='ocr_carea' id='block_1_30' title="bbox 2139 1712 3715 1798">
    <p class='ocr_par' dir='ltr' id='par_1_30' title="bbox 2212 1712 3715 1795">
     <span class='ocr_line' id='line_1_30' title="bbox 2212 1712 3715 1795; baseline -0.019 0"><span class='ocrx_word' id='word_1_209' title='bbox 2212 1727 2278 1794; x_wconf 70' lang='grc' dir='ltr'><strong>τῇ</strong></span> <span class='ocrx_word' id='word_1_210' title='bbox 2311 1725 2479 1795; x_wconf 76' lang='grc' dir='ltr'>κακίᾳ</span> <span class='ocrx_word' id='word_1_211' title='bbox 2516 1723 2615 1776; x_wconf 79' lang='grc' dir='ltr'><strong>σὺν</strong></span> <span class='ocrx_word' id='word_1_212' title='bbox 2665 1725 2730 1793; x_wconf 82' lang='grc' dir='ltr'>τῇ</span> <span class='ocrx_word' id='word_1_213' title='bbox 2781 1723 3072 1794; x_wconf 77' lang='grc' dir='ltr'>προλήψει,</span> <span class='ocrx_word' id='word_1_214' title='bbox 3117 1721 3386 1792; x_wconf 77' lang='grc' dir='ltr'>κλείωμεν</span> <span class='ocrx_word' id='word_1_215' title='bbox 3423 1720 3488 1772; x_wconf 80' lang='grc' dir='ltr'>τὰ</span> <span class='ocrx_word' id='word_1_216' title='bbox 3517 1712 3614 1772; x_wconf 76' lang='grc' dir='ltr'>ὦτα</span> <span class='ocrx_word' id='word_1_217' title='bbox 3649 1713 3715 1767; x_wconf 72' lang='grc' dir='ltr'>τοῦ</span> 
     </span>
    </p>
   </div>
   <div class='ocr_carea' id='block_1_31' title="bbox 519 1807 2095 1890">
    <p class='ocr_par' dir='ltr' id='par_1_31' title="bbox 519 1811 2095 1890">
     <span class='ocr_line' id='line_1_31' title="bbox 519 1811 2095 1890; baseline 0.011 -28"><span class='ocrx_word' id='word_1_218' title='bbox 519 1811 633 1878; x_wconf 89' lang='lat' dir='ltr'><strong>nit;</strong></span> <span class='ocrx_word' id='word_1_219' title='bbox 675 1813 766 1880; x_wconf 88' lang='lat' dir='ltr'><strong>qui</strong></span> <span class='ocrx_word' id='word_1_220' title='bbox 800 1830 927 1868; x_wconf 79' lang='lat' dir='ltr'><strong>vero</strong></span> <span class='ocrx_word' id='word_1_221' title='bbox 964 1831 1050 1870; x_wconf 90' lang='lat' dir='ltr'><strong>me</strong></span> <span class='ocrx_word' id='word_1_222' title='bbox 1084 1817 1329 1886; x_wconf 90' lang='lat' dir='ltr'><strong>spernit,</strong></span> <span class='ocrx_word' id='word_1_223' title='bbox 1360 1821 1571 1888; x_wconf 88' lang='lat' dir='ltr'><strong>spernit</strong></span> <span class='ocrx_word' id='word_1_224' title='bbox 1605 1835 1730 1874; x_wconf 88' lang='lat' dir='ltr'><strong>eum</strong></span> <span class='ocrx_word' id='word_1_225' title='bbox 1791 1821 1887 1890; x_wconf 86' lang='lat' dir='ltr'><strong>qui</strong></span> <span class='ocrx_word' id='word_1_226' title='bbox 1957 1822 2095 1880; x_wconf 89' lang='lat' dir='ltr'><strong>misil</strong></span> 
     </span>
    </p>
   </div>
   <div class='ocr_carea' id='block_1_32' title="bbox 2141 1807 3717 1890">
    <p class='ocr_par' dir='ltr' id='par_1_32' title="bbox 2141 1807 3717 1890">
     <span class='ocr_line' id='line_1_32' title="bbox 2141 1807 3717 1890; baseline -0.01 -18"><span class='ocrx_word' id='word_1_227' title='bbox 2141 1881 2177 1890; x_wconf 89' lang='lat'><em>_</em></span> <span class='ocrx_word' id='word_1_228' title='bbox 2217 1816 2293 1886; x_wconf 78' lang='grc' dir='ltr'>μὴ</span> <span class='ocrx_word' id='word_1_229' title='bbox 2325 1816 2548 1870; x_wconf 83' lang='grc' dir='ltr'>ἀκούειν</span> <span class='ocrx_word' id='word_1_230' title='bbox 2593 1817 2688 1870; x_wconf 71' lang='grc' dir='ltr'><strong>καὶ</strong></span> <span class='ocrx_word' id='word_1_231' title='bbox 2723 1815 2989 1868; x_wconf 85' lang='grc' dir='ltr'>συνιέναι.</span> <span class='ocrx_word' id='word_1_232' title='bbox 3033 1814 3388 1883; x_wconf 81' lang='grc' dir='ltr'>’Δκούσωμεν</span> <span class='ocrx_word' id='word_1_233' title='bbox 3430 1810 3516 1863; x_wconf 80' lang='grc' dir='ltr'><strong>τοῦ</strong></span> <span class='ocrx_word' id='word_1_234' title='bbox 3559 1807 3717 1875; x_wconf 83' lang='grc' dir='ltr'>Κυρίου</span> 
     </span>
    </p>
   </div>
   <div class='ocr_carea' id='block_1_33' title="bbox 525 1881 2101 1983">
    <p class='ocr_par' dir='ltr' id='par_1_33' title="bbox 525 1881 2101 1983">
     <span class='ocr_line' id='line_1_33' title="bbox 525 1881 2101 1983; baseline 0.01 -30"><span class='ocrx_word' id='word_1_235' title='bbox 525 1918 610 1956; x_wconf 87' lang='lat' dir='ltr'><strong>me</strong></span> <span class='ocrx_word' id='word_1_236' title='bbox 643 1904 707 1958; x_wconf 86' lang='grc'><strong>³⁷.</strong></span> <span class='ocrx_word' id='word_1_237' title='bbox 751 1925 768 1956; x_wconf 80' lang='grc' dir='ltr'><strong>ι</strong></span> <span class='ocrx_word' id='word_1_238' title='bbox 810 1907 948 1960; x_wconf 74' lang='lat' dir='ltr'><strong>Vere</strong></span> <span class='ocrx_word' id='word_1_239' title='bbox 975 1881 1263 1978; x_wconf 38' lang='lat' dir='ltr'><strong>ergo&#39;lieet</strong></span> <span class='ocrx_word' id='word_1_240' title='bbox 1296 1881 1518 1977; x_wconf 79' lang='lat' dir='ltr'><strong>dicere,</strong></span> <span class='ocrx_word' id='word_1_241' title='bbox 1555 1913 1646 1983; x_wconf 86' lang='lat' dir='ltr'><strong>qui</strong></span> <span class='ocrx_word' id='word_1_242' title='bbox 1681 1881 1874 1983; x_wconf 77' lang='lat' dir='ltr'><strong>papam</strong></span> <span class='ocrx_word' id='word_1_243' title='bbox 1910 1915 2101 1982; x_wconf 90' lang='lat' dir='ltr'><strong>audit,</strong></span> 
     </span>
    </p>
   </div>
   <div class='ocr_carea' id='block_1_34' title="bbox 2140 1881 3716 1983">
    <p class='ocr_par' dir='ltr' id='par_1_34' title="bbox 2140 1881 3716 1980">
     <span class='ocr_line' id='line_1_34' title="bbox 2140 1881 3716 1980; baseline -0.018 0"><span class='ocrx_word' id='word_1_244' title='bbox 2140 1881 2181 1936; x_wconf 72' lang='grc' dir='ltr'><strong><em>Β</em></strong></span> <span class='ocrx_word' id='word_1_245' title='bbox 2208 1881 2441 1980; x_wconf 54' lang='grc' dir='ltr'>βοῶντος</span> <span class='ocrx_word' id='word_1_246' title='bbox 2473 1910 2586 1973; x_wconf 77' lang='grc' dir='ltr'>τοῖς</span> <span class='ocrx_word' id='word_1_247' title='bbox 2614 1908 2942 1972; x_wconf 80' lang='grc' dir='ltr'>ἀποστόλοις</span> <span class='ocrx_word' id='word_1_248' title='bbox 2965 1923 2980 1939; x_wconf 90' lang='grc'><strong>·</strong></span> <span class='ocrx_word' id='word_1_249' title='bbox 3027 1926 3048 1961; x_wconf 84' lang='grc'><strong><em>‹</em></strong></span> <span class='ocrx_word' id='word_1_250' title='bbox 3095 1907 3156 1962; x_wconf 88' lang='lat'><strong>&#39;0</strong></span> <span class='ocrx_word' id='word_1_251' title='bbox 3188 1881 3398 1964; x_wconf 76' lang='grc' dir='ltr'>ἁκούων</span> <span class='ocrx_word' id='word_1_252' title='bbox 3430 1904 3582 1974; x_wconf 83' lang='grc' dir='ltr'>ὑμῶν,</span> <span class='ocrx_word' id='word_1_253' title='bbox 3620 1899 3716 1970; x_wconf 71' lang='grc' dir='ltr'>ἐμοῦ</span> 
     </span>
    </p>
   </div>
   <div class='ocr_carea' id='block_1_35' title="bbox 521 1994 2097 2075">
    <p class='ocr_par' dir='ltr' id='par_1_35' title="bbox 521 1995 2097 2075">
     <span class='ocr_line' id='line_1_35' title="bbox 521 1995 2097 2075; baseline 0.011 -27"><span class='ocrx_word' id='word_1_254' title='bbox 521 1995 812 2050; x_wconf 68' lang='lat' dir='ltr'><strong>hominum</strong></span> <span class='ocrx_word' id='word_1_255' title='bbox 855 2001 1046 2066; x_wconf 83' lang='lat' dir='ltr'><strong>audit;</strong></span> <span class='ocrx_word' id='word_1_256' title='bbox 1083 2001 1179 2072; x_wconf 89' lang='lat' dir='ltr'><strong>qui</strong></span> <span class='ocrx_word' id='word_1_257' title='bbox 1231 2019 1358 2058; x_wconf 89' lang='lat' dir='ltr'><strong>vero</strong></span> <span class='ocrx_word' id='word_1_258' title='bbox 1389 2020 1584 2075; x_wconf 84' lang='lat' dir='ltr'><strong>papam</strong></span> <span class='ocrx_word' id='word_1_259' title='bbox 1627 2022 1735 2060; x_wconf 83' lang='lat' dir='ltr'><strong>non</strong></span> <span class='ocrx_word' id='word_1_260' title='bbox 1772 2009 1960 2072; x_wconf 86' lang='lat' dir='ltr'><strong>audit,</strong></span> <span class='ocrx_word' id='word_1_261' title='bbox 2005 2011 2097 2064; x_wconf 84' lang='lat' dir='ltr'><strong>Do-</strong></span> 
     </span>
    </p>
   </div>
   <div class='ocr_carea' id='block_1_36' title="bbox 2141 1994 3717 2075">
    <p class='ocr_par' dir='ltr' id='par_1_36' title="bbox 2205 1994 3717 2071">
     <span class='ocr_line' id='line_1_36' title="bbox 2205 1994 3717 2071; baseline -0.008 -15"><span class='ocrx_word' id='word_1_262' title='bbox 2205 2001 2396 2056; x_wconf 77' lang='grc' dir='ltr'>ἀκούει</span> <span class='ocrx_word' id='word_1_263' title='bbox 2418 2018 2432 2033; x_wconf 84' lang='grc'><em>’</em></span> <span class='ocrx_word' id='word_1_264' title='bbox 2459 2002 2556 2056; x_wconf 67' lang='grc' dir='ltr'><strong>καὶ</strong></span> <span class='ocrx_word' id='word_1_265' title='bbox 2586 2001 2615 2054; x_wconf 84' lang='lat'><strong>6</strong></span> <span class='ocrx_word' id='word_1_266' title='bbox 2661 2001 2874 2056; x_wconf 81' lang='grc' dir='ltr'><strong>ἀθετῶν</strong></span> <span class='ocrx_word' id='word_1_267' title='bbox 2925 2000 3093 2070; x_wconf 78' lang='grc' dir='ltr'>ὑμᾶς,</span> <span class='ocrx_word' id='word_1_268' title='bbox 3136 2001 3240 2071; x_wconf 76' lang='grc' dir='ltr'><strong>ἐμὲ</strong></span> <span class='ocrx_word' id='word_1_269' title='bbox 3284 1998 3491 2053; x_wconf 77' lang='grc' dir='ltr'>ἀθετεῖο</span> <span class='ocrx_word' id='word_1_270' title='bbox 3517 2001 3541 2050; x_wconf 96' lang='lat'><strong>6</strong></span> <span class='ocrx_word' id='word_1_271' title='bbox 3577 1997 3621 2049; x_wconf 72' lang='grc' dir='ltr'>δὲ</span> <span class='ocrx_word' id='word_1_272' title='bbox 3649 1994 3717 2060; x_wconf 78' lang='grc' dir='ltr'><strong>ἐμὲ</strong></span> 
     </span>
    </p>
   </div>
   <div class='ocr_carea' id='block_1_37' title="bbox 523 2085 2099 2171">
    <p class='ocr_par' dir='ltr' id='par_1_37' title="bbox 523 2087 2099 2171">
     <span class='ocr_line' id='line_1_37' title="bbox 523 2087 2099 2171; baseline 0.013 -36"><span class='ocrx_word' id='word_1_273' title='bbox 523 2087 732 2140; x_wconf 87' lang='lat' dir='ltr'><strong>minum</strong></span> <span class='ocrx_word' id='word_1_274' title='bbox 772 2104 880 2144; x_wconf 89' lang='lat' dir='ltr'><strong>non</strong></span> <span class='ocrx_word' id='word_1_275' title='bbox 912 2092 1064 2145; x_wconf 83' lang='lat' dir='ltr'><strong>audit</strong></span> <span class='ocrx_word' id='word_1_276' title='bbox 1093 2110 1106 2146; x_wconf 86' lang='lat'><strong>:</strong></span> <span class='ocrx_word' id='word_1_277' title='bbox 1141 2093 1236 2162; x_wconf 90' lang='lat' dir='ltr'><strong>qui</strong></span> <span class='ocrx_word' id='word_1_278' title='bbox 1267 2109 1398 2149; x_wconf 85' lang='lat' dir='ltr'><strong>vero</strong></span> <span class='ocrx_word' id='word_1_279' title='bbox 1434 2094 1726 2151; x_wconf 90' lang='lat' dir='ltr'><strong>Dominum</strong></span> <span class='ocrx_word' id='word_1_280' title='bbox 1763 2113 1872 2152; x_wconf 91' lang='lat' dir='ltr'><strong>non</strong></span> <span class='ocrx_word' id='word_1_281' title='bbox 1907 2098 2099 2171; x_wconf 85' lang='lat' dir='ltr'><strong>audit,</strong></span> 
     </span>
    </p>
   </div>
   <div class='ocr_carea' id='block_1_38' title="bbox 2142 2085 3718 2171">
    <p class='ocr_par' dir='ltr' id='par_1_38' title="bbox 2206 2085 3718 2163">
     <span class='ocr_line' id='line_1_38' title="bbox 2206 2085 3718 2163; baseline -0.008 -15"><span class='ocrx_word' id='word_1_282' title='bbox 2206 2095 2438 2158; x_wconf 78' lang='grc' dir='ltr'>ἀθετῶν,</span> <span class='ocrx_word' id='word_1_283' title='bbox 2481 2095 2666 2150; x_wconf 79' lang='grc' dir='ltr'>ἀθετεῖ</span> <span class='ocrx_word' id='word_1_284' title='bbox 2719 2094 2812 2149; x_wconf 80' lang='grc' dir='ltr'><strong>τὸν</strong></span> <span class='ocrx_word' id='word_1_285' title='bbox 2837 2093 3243 2148; x_wconf 77' lang='grc' dir='ltr'>ἀποστείλαντά</span> <span class='ocrx_word' id='word_1_286' title='bbox 3276 2111 3368 2163; x_wconf 88' lang='grc' dir='ltr'>με.</span> <span class='ocrx_word' id='word_1_287' title='bbox 3402 2112 3418 2144; x_wconf 77' lang='grc' dir='ltr'><strong>ι</strong></span> <span class='ocrx_word' id='word_1_288' title='bbox 3473 2091 3634 2143; x_wconf 72' lang='grc' dir='ltr'>Ἔστιν</span> <span class='ocrx_word' id='word_1_289' title='bbox 3654 2085 3718 2138; x_wconf 69' lang='grc' dir='ltr'><strong>οὖν</strong></span> 
     </span>
    </p>
   </div>
   <div class='ocr_carea' id='block_1_39' title="bbox 522 2179 2098 2262">
    <p class='ocr_par' dir='ltr' id='par_1_39' title="bbox 522 2181 2098 2262">
     <span class='ocr_line' id='line_1_39' title="bbox 522 2181 2098 2262; baseline 0.012 -32"><span class='ocrx_word' id='word_1_290' title='bbox 522 2181 676 2234; x_wconf 87' lang='lat' dir='ltr'><strong>audit</strong></span> <span class='ocrx_word' id='word_1_291' title='bbox 719 2183 964 2252; x_wconf 88' lang='lat' dir='ltr'><strong>captivos</strong></span> <span class='ocrx_word' id='word_1_292' title='bbox 1011 2193 1066 2241; x_wconf 89' lang='lat' dir='ltr'><strong>et</strong></span> <span class='ocrx_word' id='word_1_293' title='bbox 1116 2186 1311 2257; x_wconf 79' lang='lat' dir='ltr'><strong>gladiis</strong></span> <span class='ocrx_word' id='word_1_294' title='bbox 1343 2189 1712 2247; x_wconf 83' lang='lat' dir='ltr'><strong>comminutos</strong></span> <span class='ocrx_word' id='word_1_295' title='bbox 1755 2192 1853 2262; x_wconf 84' lang='lat' dir='ltr'><strong>(l).</strong></span> <span class='ocrx_word' id='word_1_296' title='bbox 1891 2191 2016 2248; x_wconf 82' lang='lat' dir='ltr'><strong>Vidi</strong></span> <span class='ocrx_word' id='word_1_297' title='bbox 2051 2203 2098 2251; x_wconf 90' lang='lat' dir='ltr'><strong>et</strong></span> 
     </span>
    </p>
   </div>
   <div class='ocr_carea' id='block_1_40' title="bbox 2140 2179 3716 2262">
    <p class='ocr_par' dir='ltr' id='par_1_40' title="bbox 2207 2179 3716 2257">
     <span class='ocr_line' id='line_1_40' title="bbox 2207 2179 3716 2257; baseline -0.009 -17"><span class='ocrx_word' id='word_1_298' title='bbox 2207 2187 2383 2241; x_wconf 81' lang='grc' dir='ltr'>εἰπεῖν</span> <span class='ocrx_word' id='word_1_299' title='bbox 2410 2186 2471 2240; x_wconf 85' lang='grc' dir='ltr'><strong>τδ</strong></span> <span class='ocrx_word' id='word_1_300' title='bbox 2504 2187 2708 2257; x_wconf 85' lang='grc' dir='ltr'>ἀληθές</span> <span class='ocrx_word' id='word_1_301' title='bbox 2728 2201 2743 2216; x_wconf 90' lang='grc'><strong>·</strong></span> <span class='ocrx_word' id='word_1_302' title='bbox 2777 2189 2805 2240; x_wconf 97' lang='lat'><strong>6</strong></span> <span class='ocrx_word' id='word_1_303' title='bbox 2839 2187 3062 2241; x_wconf 81' lang='grc' dir='ltr'>ἁκούων</span> <span class='ocrx_word' id='word_1_304' title='bbox 3090 2185 3185 2238; x_wconf 79' lang='grc' dir='ltr'>τοῦ</span> <span class='ocrx_word' id='word_1_305' title='bbox 3241 2185 3421 2246; x_wconf 79' lang='grc' dir='ltr'>πάπα,</span> <span class='ocrx_word' id='word_1_306' title='bbox 3453 2179 3540 2234; x_wconf 78' lang='grc' dir='ltr'>τοῦ</span> <span class='ocrx_word' id='word_1_307' title='bbox 3566 2179 3716 2247; x_wconf 78' lang='grc' dir='ltr'>Κυρίου</span> 
     </span>
    </p>
   </div>
   <div class='ocr_carea' id='block_1_41' title="bbox 523 2268 2099 2354">
    <p class='ocr_par' dir='ltr' id='par_1_41' title="bbox 523 2277 2099 2354">
     <span class='ocr_line' id='line_1_41' title="bbox 523 2277 2099 2354; baseline 0.011 -29"><span class='ocrx_word' id='word_1_308' title='bbox 523 2284 672 2329; x_wconf 75' lang='lat' dir='ltr'><strong>recte</strong></span> <span class='ocrx_word' id='word_1_309' title='bbox 731 2277 1003 2344; x_wconf 83' lang='lat' dir='ltr'><strong>memini,</strong></span> <span class='ocrx_word' id='word_1_310' title='bbox 1054 2295 1177 2332; x_wconf 89' lang='lat' dir='ltr'><strong>eum</strong></span> <span class='ocrx_word' id='word_1_311' title='bbox 1235 2280 1588 2337; x_wconf 86' lang='lat' dir='ltr'><strong>interluerim</strong></span> <span class='ocrx_word' id='word_1_312' title='bbox 1645 2285 2099 2354; x_wconf 80' lang='lat' dir='ltr'><strong>disputationibus</strong></span> 
     </span>
    </p>
   </div>
   <div class='ocr_carea' id='block_1_42' title="bbox 2135 2268 3711 2354">
    <p class='ocr_par' dir='ltr' id='par_1_42' title="bbox 2206 2268 3711 2350">
     <span class='ocr_line' id='line_1_42' title="bbox 2206 2268 3711 2350; baseline -0.011 -17"><span class='ocrx_word' id='word_1_313' title='bbox 2206 2279 2396 2334; x_wconf 81' lang='grc' dir='ltr'>ἀκούει</span> <span class='ocrx_word' id='word_1_314' title='bbox 2419 2297 2434 2310; x_wconf 70' lang='grc' dir='ltr'><strong>ο</strong></span> <span class='ocrx_word' id='word_1_315' title='bbox 2463 2281 2490 2334; x_wconf 90' lang='lat'><strong>6</strong></span> <span class='ocrx_word' id='word_1_316' title='bbox 2523 2279 2580 2333; x_wconf 79' lang='grc' dir='ltr'>δὲ</span> <span class='ocrx_word' id='word_1_317' title='bbox 2615 2278 2691 2350; x_wconf 82' lang='grc' dir='ltr'>μὴ</span> <span class='ocrx_word' id='word_1_318' title='bbox 2716 2278 2936 2333; x_wconf 86' lang='grc' dir='ltr'>ἀκούων</span> <span class='ocrx_word' id='word_1_319' title='bbox 2966 2277 3060 2332; x_wconf 76' lang='grc' dir='ltr'>τοῦ</span> <span class='ocrx_word' id='word_1_320' title='bbox 3108 2279 3287 2341; x_wconf 67' lang='grc' dir='ltr'>πάπα,</span> <span class='ocrx_word' id='word_1_321' title='bbox 3315 2275 3406 2329; x_wconf 75' lang='grc' dir='ltr'><strong>τοῦ</strong></span> <span class='ocrx_word' id='word_1_322' title='bbox 3445 2270 3628 2343; x_wconf 86' lang='grc' dir='ltr'>Κυρίου</span> <span class='ocrx_word' id='word_1_323' title='bbox 3649 2268 3711 2320; x_wconf 66' lang='grc' dir='ltr'><strong>οὒκ</strong></span> 
     </span>
    </p>
   </div>
   <div class='ocr_carea' id='block_1_43' title="bbox 521 2365 2097 2447">
    <p class='ocr_par' dir='ltr' id='par_1_43' title="bbox 521 2368 2097 2447">
     <span class='ocr_line' id='line_1_43' title="bbox 521 2368 2097 2447; baseline 0.011 -28"><span class='ocrx_word' id='word_1_324' title='bbox 521 2368 806 2438; x_wconf 79' lang='lat' dir='ltr'><strong>cujusdam</strong></span> <span class='ocrx_word' id='word_1_325' title='bbox 845 2373 1097 2428; x_wconf 80' lang='lat' dir='ltr'><strong>monachi</strong></span> <span class='ocrx_word' id='word_1_326' title='bbox 1126 2373 1400 2441; x_wconf 88' lang='lat' dir='ltr'><strong>Barlaam,</strong></span> <span class='ocrx_word' id='word_1_327' title='bbox 1432 2391 1552 2447; x_wconf 67' lang='lat' dir='ltr'><strong>qum</strong></span> <span class='ocrx_word' id='word_1_328' title='bbox 1581 2377 1780 2432; x_wconf 63' lang='lat' dir='ltr'><strong>habitat</strong></span> <span class='ocrx_word' id='word_1_329' title='bbox 1811 2389 1938 2435; x_wconf 90' lang='lat' dir='ltr'><strong>sunt</strong></span> <span class='ocrx_word' id='word_1_330' title='bbox 1963 2380 2097 2436; x_wconf 91' lang='lat' dir='ltr'><strong>Con-</strong></span> 
     </span>
    </p>
   </div>
   <div class='ocr_carea' id='block_1_44' title="bbox 2139 2365 3715 2447">
    <p class='ocr_par' dir='ltr' id='par_1_44' title="bbox 2207 2365 3715 2444">
     <span class='ocr_line' id='line_1_44' title="bbox 2207 2365 3715 2444; baseline -0.009 -17"><span class='ocrx_word' id='word_1_331' title='bbox 2207 2371 2399 2427; x_wconf 84' lang='grc' dir='ltr'>άκούει</span> <span class='ocrx_word' id='word_1_332' title='bbox 2421 2388 2436 2403; x_wconf 80' lang='grc'><strong><em>⁸</em></strong></span> <span class='ocrx_word' id='word_1_333' title='bbox 2471 2374 2498 2427; x_wconf 93' lang='lat'><strong>6</strong></span> <span class='ocrx_word' id='word_1_334' title='bbox 2526 2371 2584 2426; x_wconf 81' lang='grc' dir='ltr'>δὲ</span> <span class='ocrx_word' id='word_1_335' title='bbox 2611 2373 2686 2444; x_wconf 78' lang='grc' dir='ltr'>μὴ</span> <span class='ocrx_word' id='word_1_336' title='bbox 2713 2371 2808 2426; x_wconf 76' lang='grc' dir='ltr'>τοῦ</span> <span class='ocrx_word' id='word_1_337' title='bbox 2846 2371 3060 2442; x_wconf 79' lang='grc' dir='ltr'>Κυρίου</span> <span class='ocrx_word' id='word_1_338' title='bbox 3090 2371 3328 2435; x_wconf 83' lang='grc' dir='ltr'>ἀκούων,</span> <span class='ocrx_word' id='word_1_339' title='bbox 3361 2366 3538 2422; x_wconf 84' lang='grc' dir='ltr'>ἀκούει</span> <span class='ocrx_word' id='word_1_340' title='bbox 3567 2365 3715 2432; x_wconf 55' lang='lat' dir='ltr'><strong>aint:-</strong></span> 
     </span>
    </p>
   </div>
   <div class='ocr_carea' id='block_1_45' title="bbox 522 2450 2098 2542">
    <p class='ocr_par' dir='ltr' id='par_1_45' title="bbox 522 2464 2098 2542">
     <span class='ocr_line' id='line_1_45' title="bbox 522 2464 2098 2542; baseline 0.011 -31"><span class='ocrx_word' id='word_1_341' title='bbox 522 2464 877 2532; x_wconf 63' lang='lat' dir='ltr'><strong>stantinopoli</strong></span> <span class='ocrx_word' id='word_1_342' title='bbox 912 2481 1037 2520; x_wconf 85' lang='lat' dir='ltr'><strong>eum</strong></span> <span class='ocrx_word' id='word_1_343' title='bbox 1073 2469 1310 2536; x_wconf 89' lang='lat' dir='ltr'><strong>quodam</strong></span> <span class='ocrx_word' id='word_1_344' title='bbox 1346 2469 1527 2538; x_wconf 74' lang='lat' dir='ltr'><strong>legato</strong></span> <span class='ocrx_word' id='word_1_345' title='bbox 1562 2473 1867 2538; x_wconf 76' lang='lat' dir='ltr'><strong>apostdico</strong></span> <span class='ocrx_word' id='word_1_346' title='bbox 1894 2473 1963 2528; x_wconf 92' lang='lat' dir='ltr'><strong>de</strong></span> <span class='ocrx_word' id='word_1_347' title='bbox 1999 2475 2098 2542; x_wconf 89' lang='lat' dir='ltr'><strong>pri-</strong></span> 
     </span>
    </p>
   </div>
   <div class='ocr_carea' id='block_1_46' title="bbox 2145 2450 3721 2542">
    <p class='ocr_par' dir='ltr' id='par_1_46' title="bbox 2209 2450 3721 2534">
     <span class='ocr_line' id='line_1_46' title="bbox 2209 2450 3721 2534; baseline -0.009 -14"><span class='ocrx_word' id='word_1_348' title='bbox 2209 2466 2398 2520; x_wconf 80' lang='grc' dir='ltr'>λὼτων</span> <span class='ocrx_word' id='word_1_349' title='bbox 2461 2467 2555 2520; x_wconf 79' lang='grc' dir='ltr'>καὶ</span> <span class='ocrx_word' id='word_1_350' title='bbox 2617 2465 3047 2520; x_wconf 79' lang='grc' dir='ltr'>κατακοπέντων</span> <span class='ocrx_word' id='word_1_351' title='bbox 3102 2465 3420 2534; x_wconf 73' lang='grc' dir='ltr'>μαχαὲραις.</span> <span class='ocrx_word' id='word_1_352' title='bbox 3480 2451 3614 2512; x_wconf 83' lang='grc' dir='ltr'>Εἶδον</span> <span class='ocrx_word' id='word_1_353' title='bbox 3657 2450 3721 2506; x_wconf 73' lang='lat' dir='ltr'><strong>tul</strong></span> 
     </span>
    </p>
   </div>
   <div class='ocr_carea' id='block_1_47' title="bbox 527 2544 2103 2636">
    <p class='ocr_par' dir='ltr' id='par_1_47' title="bbox 527 2555 2103 2636">
     <span class='ocr_line' id='line_1_47' title="bbox 527 2555 2103 2636; baseline 0.013 -37"><span class='ocrx_word' id='word_1_354' title='bbox 527 2557 674 2604; x_wconf 86' lang='lat' dir='ltr'><strong>matu</strong></span> <span class='ocrx_word' id='word_1_355' title='bbox 727 2566 915 2620; x_wconf 56' lang='lat' dir='ltr'><strong>papas,</strong></span> <span class='ocrx_word' id='word_1_356' title='bbox 959 2555 1046 2608; x_wconf 90' lang='lat' dir='ltr'><strong>ubi</strong></span> <span class='ocrx_word' id='word_1_357' title='bbox 1094 2557 1433 2612; x_wconf 84' lang='lat' dir='ltr'><strong>concludens</strong></span> <span class='ocrx_word' id='word_1_358' title='bbox 1482 2559 1694 2628; x_wconf 79' lang='lat' dir='ltr'><strong>legatus</strong></span> <span class='ocrx_word' id='word_1_359' title='bbox 1743 2561 1877 2616; x_wconf 91' lang='lat' dir='ltr'><strong>dicit</strong></span> <span class='ocrx_word' id='word_1_360' title='bbox 1914 2558 1942 2616; x_wconf 77' lang='grc' dir='ltr'><strong>ἐ</strong></span> <span class='ocrx_word' id='word_1_361' title='bbox 1993 2564 2103 2636; x_wconf 77' lang='lat' dir='ltr'><strong>Ego</strong></span> 
     </span>
    </p>
   </div>
   <div class='ocr_carea' id='block_1_48' title="bbox 2147 2544 3723 2636">
    <p class='ocr_par' dir='ltr' id='par_1_48' title="bbox 2210 2544 3723 2630">
     <span class='ocr_line' id='line_1_48' title="bbox 2210 2544 3723 2630; baseline -0.012 -17"><span class='ocrx_word' id='word_1_362' title='bbox 2210 2559 2392 2622; x_wconf 84' lang='grc' dir='ltr'>καλῶς</span> <span class='ocrx_word' id='word_1_363' title='bbox 2430 2559 2744 2630; x_wconf 84' lang='grc' dir='ltr'>μέμνημαι,</span> <span class='ocrx_word' id='word_1_364' title='bbox 2774 2560 2831 2612; x_wconf 81' lang='grc' dir='ltr'>ὲν</span> <span class='ocrx_word' id='word_1_365' title='bbox 2883 2560 3009 2621; x_wconf 78' lang='grc' dir='ltr'>ταῖς</span> <span class='ocrx_word' id='word_1_366' title='bbox 3053 2556 3329 2621; x_wconf 80' lang='grc' dir='ltr'>διαλέξεσί</span> <span class='ocrx_word' id='word_1_367' title='bbox 3359 2569 3495 2614; x_wconf 82' lang='grc' dir='ltr'>τινος</span> <span class='ocrx_word' id='word_1_368' title='bbox 3516 2544 3723 2615; x_wconf 72' lang='grc' dir='ltr'>Βαρλαὰμ</span> 
     </span>
    </p>
   </div>
   <div class='ocr_carea' id='block_1_49' title="bbox 521 2637 2097 2723">
    <p class='ocr_par' dir='ltr' id='par_1_49' title="bbox 521 2642 2097 2722">
     <span class='ocr_line' id='line_1_49' title="bbox 521 2642 2097 2722; baseline 0.011 -28"><span class='ocrx_word' id='word_1_369' title='bbox 521 2642 743 2709; x_wconf 82' lang='lat' dir='ltr'><strong>quidem</strong></span> <span class='ocrx_word' id='word_1_370' title='bbox 801 2659 1022 2714; x_wconf 91' lang='lat' dir='ltr'><strong>possum</strong></span> <span class='ocrx_word' id='word_1_371' title='bbox 1081 2657 1309 2703; x_wconf 89' lang='lat' dir='ltr'><strong>cunctas</strong></span> <span class='ocrx_word' id='word_1_372' title='bbox 1365 2651 1706 2722; x_wconf 88' lang='lat' dir='ltr'><strong>objectiones</strong></span> <span class='ocrx_word' id='word_1_373' title='bbox 1761 2663 1972 2711; x_wconf 89' lang='lat' dir='ltr'><strong>vestras</strong></span> <span class='ocrx_word' id='word_1_374' title='bbox 2023 2659 2097 2711; x_wconf 91' lang='lat' dir='ltr'><strong>di-</strong></span> 
     </span>
    </p>
   </div>
   <div class='ocr_carea' id='block_1_50' title="bbox 2150 2637 3726 2723">
    <p class='ocr_par' dir='ltr' id='par_1_50' title="bbox 2213 2637 3726 2723">
     <span class='ocr_line' id='line_1_50' title="bbox 2213 2637 3726 2723; baseline -0.006 -18"><span class='ocrx_word' id='word_1_375' title='bbox 2213 2651 2473 2723; x_wconf 80' lang='grc' dir='ltr'>μοναχοῦ,</span> <span class='ocrx_word' id='word_1_376' title='bbox 2536 2651 2866 2720; x_wconf 82' lang='grc' dir='ltr'>γενομέναις</span> <span class='ocrx_word' id='word_1_377' title='bbox 2898 2652 2958 2703; x_wconf 83' lang='grc' dir='ltr'>ὲν</span> <span class='ocrx_word' id='word_1_378' title='bbox 2995 2646 3579 2705; x_wconf 80' lang='grc' dir='ltr'>Κωνσταντινουπόλει,</span> <span class='ocrx_word' id='word_1_379' title='bbox 3625 2637 3726 2708; x_wconf 78' lang='grc' dir='ltr'>μετά</span> 
     </span>
    </p>
   </div>
   <div class='ocr_carea' id='block_1_51' title="bbox 527 2727 2103 2814">
    <p class='ocr_par' dir='ltr' id='par_1_51' title="bbox 527 2734 2103 2814">
     <span class='ocr_line' id='line_1_51' title="bbox 527 2734 2103 2814; baseline 0.011 -28"><span class='ocrx_word' id='word_1_380' title='bbox 527 2734 677 2788; x_wconf 88' lang='lat' dir='ltr'><strong>luere</strong></span> <span class='ocrx_word' id='word_1_381' title='bbox 722 2736 852 2806; x_wconf 82' lang='lat' dir='ltr'><strong>(non</strong></span> <span class='ocrx_word' id='word_1_382' title='bbox 893 2741 1039 2792; x_wconf 87' lang='lat' dir='ltr'><strong>enim</strong></span> <span class='ocrx_word' id='word_1_383' title='bbox 1085 2737 1292 2796; x_wconf 73' lang='lat' dir='ltr'><strong>Gltristi</strong></span> <span class='ocrx_word' id='word_1_384' title='bbox 1341 2741 1589 2798; x_wconf 84' lang='lat' dir='ltr'><strong>Ecclesia</strong></span> <span class='ocrx_word' id='word_1_385' title='bbox 1629 2754 1679 2799; x_wconf 90' lang='lat' dir='ltr'><strong>et</strong></span> <span class='ocrx_word' id='word_1_386' title='bbox 1725 2761 1924 2814; x_wconf 70' lang='lat' dir='ltr'><strong>praeses</strong></span> <span class='ocrx_word' id='word_1_387' title='bbox 1960 2749 2103 2805; x_wconf 85' lang='lat' dir='ltr'><strong>illius</strong></span> 
     </span>
    </p>
   </div>
   <div class='ocr_carea' id='block_1_52' title="bbox 2153 2727 3729 2814">
    <p class='ocr_par' dir='ltr' id='par_1_52' title="bbox 2208 2727 3729 2814">
     <span class='ocr_line' id='line_1_52' title="bbox 2208 2727 3729 2814; baseline -0.003 -14"><span class='ocrx_word' id='word_1_388' title='bbox 2208 2764 2356 2809; x_wconf 90' lang='grc' dir='ltr'>τινος</span> <span class='ocrx_word' id='word_1_389' title='bbox 2402 2745 2636 2814; x_wconf 85' lang='grc' dir='ltr'>λεγάτου</span> <span class='ocrx_word' id='word_1_390' title='bbox 2695 2744 3086 2807; x_wconf 82' lang='grc' dir='ltr'>ἁποστολικοῦ,</span> <span class='ocrx_word' id='word_1_391' title='bbox 3146 2743 3414 2814; x_wconf 74' lang='grc' dir='ltr'>περὶτῆς</span> <span class='ocrx_word' id='word_1_392' title='bbox 3459 2735 3616 2808; x_wconf 79' lang='grc' dir='ltr'><strong>ἀρχῆς</strong></span> <span class='ocrx_word' id='word_1_393' title='bbox 3660 2727 3729 2782; x_wconf 65' lang='grc' dir='ltr'><strong>τοῦ</strong></span> 
     </span>
    </p>
   </div>
   <div class='ocr_carea' id='block_1_53' title="bbox 525 2818 2101 2908">
    <p class='ocr_par' dir='ltr' id='par_1_53' title="bbox 525 2828 2101 2907">
     <span class='ocr_line' id='line_1_53' title="bbox 525 2828 2101 2907; baseline 0.013 -31"><span class='ocrx_word' id='word_1_394' title='bbox 525 2842 777 2881; x_wconf 87' lang='lat' dir='ltr'><strong>summus</strong></span> <span class='ocrx_word' id='word_1_395' title='bbox 807 2828 1048 2898; x_wconf 81' lang='lat' dir='ltr'><strong>pontifex</strong></span> <span class='ocrx_word' id='word_1_396' title='bbox 1081 2831 1226 2886; x_wconf 90' lang='lat' dir='ltr'><strong>misit</strong></span> <span class='ocrx_word' id='word_1_397' title='bbox 1248 2835 1525 2890; x_wconf 77' lang='lat' dir='ltr'><strong>hominem</strong></span> <span class='ocrx_word' id='word_1_398' title='bbox 1553 2837 1645 2907; x_wconf 88' lang='lat' dir='ltr'><strong>qui</strong></span> <span class='ocrx_word' id='word_1_399' title='bbox 1673 2839 1881 2894; x_wconf 89' lang='lat' dir='ltr'><strong>neseiat</strong></span> <span class='ocrx_word' id='word_1_400' title='bbox 1908 2842 2101 2898; x_wconf 84' lang='lat' dir='ltr'><strong>vestris</strong></span> 
     </span>
    </p>
   </div>
   <div class='ocr_carea' id='block_1_54' title="bbox 2152 2818 3728 2908">
    <p class='ocr_par' dir='ltr' id='par_1_54' title="bbox 2211 2818 3728 2908">
     <span class='ocr_line' id='line_1_54' title="bbox 2211 2818 3728 2908; baseline -0.012 -16"><span class='ocrx_word' id='word_1_401' title='bbox 2211 2839 2402 2892; x_wconf 83' lang='grc' dir='ltr'>πάπα·</span> <span class='ocrx_word' id='word_1_402' title='bbox 2439 2837 2570 2892; x_wconf 81' lang='grc' dir='ltr'>ἔνθα</span> <span class='ocrx_word' id='word_1_403' title='bbox 2613 2837 3012 2908; x_wconf 83' lang='grc' dir='ltr'>συμπεραίνων</span> <span class='ocrx_word' id='word_1_404' title='bbox 3042 2825 3341 2904; x_wconf 78' lang='grc' dir='ltr'>δ’λεγάτος</span> <span class='ocrx_word' id='word_1_405' title='bbox 3398 2829 3583 2901; x_wconf 81' lang='grc' dir='ltr'>φησίν·</span> <span class='ocrx_word' id='word_1_406' title='bbox 3621 2818 3728 2888; x_wconf 85' lang='grc' dir='ltr'>Ἐγὼ</span> 
     </span>
    </p>
   </div>
   <div class='ocr_carea' id='block_1_55' title="bbox 524 2917 2100 3002">
    <p class='ocr_par' dir='ltr' id='par_1_55' title="bbox 524 2918 2100 3001">
     <span class='ocr_line' id='line_1_55' title="bbox 524 2918 2100 3001; baseline 0.011 -31"><span class='ocrx_word' id='word_1_407' title='bbox 524 2918 964 2977; x_wconf 87' lang='lat' dir='ltr'><strong>dubitationibus</strong></span> <span class='ocrx_word' id='word_1_408' title='bbox 997 2925 1387 2997; x_wconf 85' lang='lat' dir='ltr'><strong>respondere),</strong></span> <span class='ocrx_word' id='word_1_409' title='bbox 1421 2927 1515 2982; x_wconf 89' lang='lat' dir='ltr'><strong>sed</strong></span> <span class='ocrx_word' id='word_1_410' title='bbox 1549 2944 1644 2984; x_wconf 72' lang='lat' dir='ltr'><strong>vos</strong></span> <span class='ocrx_word' id='word_1_411' title='bbox 1673 2945 1889 3001; x_wconf 86' lang='lat' dir='ltr'><strong>semper</strong></span> <span class='ocrx_word' id='word_1_412' title='bbox 1917 2932 1970 2986; x_wconf 94' lang='lat' dir='ltr'><strong>in</strong></span> <span class='ocrx_word' id='word_1_413' title='bbox 2004 2950 2100 2988; x_wconf 56' lang='lat' dir='ltr'><strong>nuv</strong></span> 
     </span>
    </p>
   </div>
   <div class='ocr_carea' id='block_1_56' title="bbox 2157 2917 3733 3002">
    <p class='ocr_par' dir='ltr' id='par_1_56' title="bbox 2214 2917 3733 3002">
     <span class='ocr_line' id='line_1_56' title="bbox 2214 2917 3733 3002; baseline -0.017 -15"><span class='ocrx_word' id='word_1_414' title='bbox 2214 2933 2315 3002; x_wconf 76' lang='grc' dir='ltr'><strong>μὲν</strong></span> <span class='ocrx_word' id='word_1_415' title='bbox 2345 2933 2533 2993; x_wconf 74' lang='grc' dir='ltr'>ἱκανός</span> <span class='ocrx_word' id='word_1_416' title='bbox 2565 2931 2684 3002; x_wconf 77' lang='grc' dir='ltr'>εἰμι</span> <span class='ocrx_word' id='word_1_417' title='bbox 2713 2930 2896 2985; x_wconf 85' lang='grc' dir='ltr'>πάντα</span> <span class='ocrx_word' id='word_1_418' title='bbox 2924 2929 2994 2983; x_wconf 80' lang='grc' dir='ltr'>τὰ</span> <span class='ocrx_word' id='word_1_419' title='bbox 3025 2929 3116 2998; x_wconf 79' lang='grc' dir='ltr'><strong>ὑφ’</strong></span> <span class='ocrx_word' id='word_1_420' title='bbox 3171 2927 3328 2997; x_wconf 72' lang='grc' dir='ltr'>ὑμῶν</span> <span class='ocrx_word' id='word_1_421' title='bbox 3373 2917 3733 2994; x_wconf 70' lang='grc' dir='ltr'>προσφερόμενα</span> 
     </span>
    </p>
   </div>
   <div class='ocr_carea' id='block_1_57' title="bbox 526 3005 2102 3092">
    <p class='ocr_par' dir='ltr' id='par_1_57' title="bbox 526 3013 2102 3092">
     <span class='ocr_line' id='line_1_57' title="bbox 526 3013 2102 3092; baseline 0.013 -28"><span class='ocrx_word' id='word_1_422' title='bbox 526 3013 752 3078; x_wconf 55' lang='lat' dir='ltr'><strong>pacibus</strong></span> <span class='ocrx_word' id='word_1_423' title='bbox 784 3017 1074 3073; x_wconf 81' lang='lat' dir='ltr'><strong>verborum</strong></span> <span class='ocrx_word' id='word_1_424' title='bbox 1115 3022 1346 3091; x_wconf 81' lang='lat' dir='ltr'><strong>argutiis</strong></span> <span class='ocrx_word' id='word_1_425' title='bbox 1378 3026 1698 3080; x_wconf 81' lang='lat' dir='ltr'><strong>versamini.</strong></span> <span class='ocrx_word' id='word_1_426' title='bbox 1748 3028 1928 3092; x_wconf 86' lang='lat' dir='ltr'><strong>Quare</strong></span> <span class='ocrx_word' id='word_1_427' title='bbox 1974 3030 2102 3085; x_wconf 90' lang='lat' dir='ltr'><strong>mihi</strong></span> 
     </span>
    </p>
   </div>
   <div class='ocr_carea' id='block_1_58' title="bbox 2162 3005 3738 3092">
    <p class='ocr_par' dir='ltr' id='par_1_58' title="bbox 2210 3005 3738 3092">
     <span class='ocr_line' id='line_1_58' title="bbox 2210 3005 3738 3092; baseline -0.014 -14"><span class='ocrx_word' id='word_1_428' title='bbox 2210 3023 2574 3078; x_wconf 77' lang='grc' dir='ltr'>διαλύσασθαι</span> <span class='ocrx_word' id='word_1_429' title='bbox 2597 3041 2614 3056; x_wconf 80' lang='grc' dir='ltr'><strong>ο</strong></span> <span class='ocrx_word' id='word_1_430' title='bbox 2647 3023 2708 3076; x_wconf 83' lang='grc' dir='ltr'><strong>ού</strong></span> <span class='ocrx_word' id='word_1_431' title='bbox 2743 3023 2853 3092; x_wconf 86' lang='grc' dir='ltr'>γὰρ</span> <span class='ocrx_word' id='word_1_432' title='bbox 2877 3020 3202 3076; x_wconf 81' lang='grc' dir='ltr'>ἀπέστειλεν</span> <span class='ocrx_word' id='word_1_433' title='bbox 3239 3021 3272 3090; x_wconf 72' lang='grc' dir='ltr'>ἡ</span> <span class='ocrx_word' id='word_1_434' title='bbox 3299 3018 3392 3072; x_wconf 81' lang='grc' dir='ltr'>τοῦ</span> <span class='ocrx_word' id='word_1_435' title='bbox 3427 3005 3738 3085; x_wconf 78' lang='grc' dir='ltr'>ΧριστοῦἘκ-</span> 
     </span>
    </p>
   </div>
   <div class='ocr_carea' id='block_1_59' title="bbox 529 3103 2105 3188">
    <p class='ocr_par' dir='ltr' id='par_1_59' title="bbox 529 3103 2105 3188">
     <span class='ocr_line' id='line_1_59' title="bbox 529 3103 2105 3188; baseline 0.014 -34"><span class='ocrx_word' id='word_1_436' title='bbox 529 3103 658 3157; x_wconf 90' lang='lat' dir='ltr'><strong>libet</strong></span> <span class='ocrx_word' id='word_1_437' title='bbox 703 3105 886 3163; x_wconf 80' lang='lat' dir='ltr'><strong>dicere</strong></span> <span class='ocrx_word' id='word_1_438' title='bbox 916 3109 1011 3164; x_wconf 87' lang='lat' dir='ltr'><strong>tibi</strong></span> <span class='ocrx_word' id='word_1_439' title='bbox 1058 3110 1224 3166; x_wconf 86' lang='lat' dir='ltr'><strong>breve</strong></span> <span class='ocrx_word' id='word_1_440' title='bbox 1257 3128 1322 3168; x_wconf 90' lang='lat' dir='ltr'><strong>ac</strong></span> <span class='ocrx_word' id='word_1_441' title='bbox 1352 3129 1541 3169; x_wconf 88' lang='lat' dir='ltr'><strong>verum</strong></span> <span class='ocrx_word' id='word_1_442' title='bbox 1574 3118 1798 3172; x_wconf 80' lang='lat' dir='ltr'><strong>verbum</strong></span> <span class='ocrx_word' id='word_1_443' title='bbox 1828 3159 1842 3183; x_wconf 94' lang='lat'><strong>,</strong></span> <span class='ocrx_word' id='word_1_444' title='bbox 1876 3121 2021 3188; x_wconf 89' lang='lat' dir='ltr'><strong>quod</strong></span> <span class='ocrx_word' id='word_1_445' title='bbox 2056 3133 2105 3176; x_wconf 90' lang='lat' dir='ltr'><strong>et</strong></span> 
     </span>
    </p>
   </div>
   <div class='ocr_carea' id='block_1_60' title="bbox 2161 3103 3737 3188">
    <p class='ocr_par' dir='ltr' id='par_1_60' title="bbox 2213 3105 3737 3188">
     <span class='ocr_line' id='line_1_60' title="bbox 2213 3105 3737 3188; baseline -0.01 -17"><span class='ocrx_word' id='word_1_446' title='bbox 2213 3117 2418 3188; x_wconf 84' lang='grc' dir='ltr'>κλησία</span> <span class='ocrx_word' id='word_1_447' title='bbox 2449 3118 2545 3170; x_wconf 77' lang='grc' dir='ltr'>καὶ</span> <span class='ocrx_word' id='word_1_448' title='bbox 2574 3117 2602 3170; x_wconf 95' lang='lat'><strong>6</strong></span> <span class='ocrx_word' id='word_1_449' title='bbox 2625 3114 3113 3187; x_wconf 79' lang='grc' dir='ltr'>προκαθεζόμενος</span> <span class='ocrx_word' id='word_1_450' title='bbox 3167 3112 3377 3180; x_wconf 80' lang='grc' dir='ltr'>ταύτης</span> <span class='ocrx_word' id='word_1_451' title='bbox 3407 3109 3562 3178; x_wconf 80' lang='grc' dir='ltr'>ἄκρος</span> <span class='ocrx_word' id='word_1_452' title='bbox 3595 3105 3737 3170; x_wconf 83' lang='grc' dir='ltr'>ἀρχιε-</span> 
     </span>
    </p>
   </div>
   <div class='ocr_carea' id='block_1_61' title="bbox 528 3194 2104 3298">
    <p class='ocr_par' dir='ltr' id='par_1_61' title="bbox 528 3196 2104 3276">
     <span class='ocr_line' id='line_1_61' title="bbox 528 3196 2104 3276; baseline 0.011 -27"><span class='ocrx_word' id='word_1_453' title='bbox 528 3197 650 3252; x_wconf 88' lang='lat' dir='ltr'><strong>aliis</strong></span> <span class='ocrx_word' id='word_1_454' title='bbox 677 3196 881 3255; x_wconf 79' lang='lat' dir='ltr'><strong>Graecis</strong></span> <span class='ocrx_word' id='word_1_455' title='bbox 908 3243 923 3270; x_wconf 88' lang='lat'><strong>,</strong></span> <span class='ocrx_word' id='word_1_456' title='bbox 964 3203 1099 3257; x_wconf 92' lang='lat' dir='ltr'><strong>mihi</strong></span> <span class='ocrx_word' id='word_1_457' title='bbox 1133 3204 1442 3276; x_wconf 88' lang='lat' dir='ltr'><strong>injunctum</strong></span> <span class='ocrx_word' id='word_1_458' title='bbox 1475 3216 1560 3262; x_wconf 90' lang='lat' dir='ltr'><strong>est</strong></span> <span class='ocrx_word' id='word_1_459' title='bbox 1593 3207 1794 3264; x_wconf 88' lang='lat' dir='ltr'><strong>dicere.</strong></span> <span class='ocrx_word' id='word_1_460' title='bbox 1826 3208 1949 3266; x_wconf 72' lang='lat' dir='ltr'><strong>Hzcc</strong></span> <span class='ocrx_word' id='word_1_461' title='bbox 1977 3213 2104 3269; x_wconf 86' lang='lat' dir='ltr'><strong>dicit</strong></span> 
     </span>
    </p>
   </div>
   <div class='ocr_carea' id='block_1_62' title="bbox 2162 3194 3738 3298">
    <p class='ocr_par' dir='ltr' id='par_1_62' title="bbox 2162 3194 3738 3298">
     <span class='ocr_line' id='line_1_62' title="bbox 2162 3194 3738 3298; baseline -0.003 -35"><span class='ocrx_word' id='word_1_462' title='bbox 2162 3241 2176 3296; x_wconf 52' lang='grc' dir='ltr'><strong>Ξ</strong></span> <span class='ocrx_word' id='word_1_463' title='bbox 2215 3210 2342 3281; x_wconf 83' lang='grc' dir='ltr'>ρεὺς</span> <span class='ocrx_word' id='word_1_464' title='bbox 2360 3211 2672 3280; x_wconf 82' lang='grc' dir='ltr'>ἄνθρωπον,</span> <span class='ocrx_word' id='word_1_465' title='bbox 2708 3208 2784 3280; x_wconf 78' lang='grc' dir='ltr'>μὴ</span> <span class='ocrx_word' id='word_1_466' title='bbox 2808 3208 2988 3261; x_wconf 81' lang='grc' dir='ltr'>εἰδότα</span> <span class='ocrx_word' id='word_1_467' title='bbox 3008 3206 3255 3262; x_wconf 81' lang='grc' dir='ltr'>διαλύειν</span> <span class='ocrx_word' id='word_1_468' title='bbox 3288 3206 3385 3266; x_wconf 74' lang='grc' dir='ltr'>τὰς</span> <span class='ocrx_word' id='word_1_469' title='bbox 3410 3194 3738 3298; x_wconf 60' lang='grc' dir='ltr'>ὑμετέραςξὶμ⁶</span> 
     </span>
    </p>
   </div>
   <div class='ocr_carea' id='block_1_63' title="bbox 529 3283 2105 3372">
    <p class='ocr_par' dir='ltr' id='par_1_63' title="bbox 529 3289 2105 3365">
     <span class='ocr_line' id='line_1_63' title="bbox 529 3289 2105 3365; baseline 0.011 -23"><span class='ocrx_word' id='word_1_470' title='bbox 529 3305 712 3359; x_wconf 84' lang='lat' dir='ltr'><strong>papa:</strong></span> <span class='ocrx_word' id='word_1_471' title='bbox 744 3289 800 3345; x_wconf 90' lang='lat' dir='ltr'><strong>Si</strong></span> <span class='ocrx_word' id='word_1_472' title='bbox 851 3294 1134 3351; x_wconf 90' lang='lat' dir='ltr'><strong>volueritis</strong></span> <span class='ocrx_word' id='word_1_473' title='bbox 1175 3306 1229 3351; x_wconf 91' lang='lat' dir='ltr'><strong>et</strong></span> <span class='ocrx_word' id='word_1_474' title='bbox 1268 3297 1555 3355; x_wconf 88' lang='lat' dir='ltr'><strong>audieritis</strong></span> <span class='ocrx_word' id='word_1_475' title='bbox 1596 3315 1720 3365; x_wconf 83' lang='lat' dir='ltr'><strong>me,</strong></span> <span class='ocrx_word' id='word_1_476' title='bbox 1765 3300 1908 3358; x_wconf 87' lang='lat' dir='ltr'><strong>bona</strong></span> <span class='ocrx_word' id='word_1_477' title='bbox 1949 3314 2105 3361; x_wconf 84' lang='lat' dir='ltr'><strong>terrae</strong></span> 
     </span>
    </p>
   </div>
   <div class='ocr_carea' id='block_1_64' title="bbox 2164 3283 3740 3372">
    <p class='ocr_par' dir='ltr' id='par_1_64' title="bbox 2164 3283 3740 3372">
     <span class='ocr_line' id='line_1_64' title="bbox 2164 3283 3740 3372; baseline -0.008 -17"><span class='ocrx_word' id='word_1_478' title='bbox 2164 3283 2176 3296; x_wconf 72' lang='grc'><em>’</em></span> <span class='ocrx_word' id='word_1_479' title='bbox 2210 3301 2590 3372; x_wconf 80' lang='grc' dir='ltr'>φισὸητήσεις·</span> <span class='ocrx_word' id='word_1_480' title='bbox 2608 3300 2722 3352; x_wconf 82' lang='grc' dir='ltr'>ἀλλ’</span> <span class='ocrx_word' id='word_1_481' title='bbox 2743 3300 2928 3369; x_wconf 84' lang='grc' dir='ltr'>ὑμεῖς,</span> <span class='ocrx_word' id='word_1_482' title='bbox 2947 3298 3019 3361; x_wconf 72' lang='grc' dir='ltr'>ὡς</span> <span class='ocrx_word' id='word_1_483' title='bbox 3039 3297 3282 3369; x_wconf 80' lang='grc' dir='ltr'>όρῶ,ὲπ⁹</span> <span class='ocrx_word' id='word_1_484' title='bbox 3304 3283 3740 3364; x_wconf 73' lang='grc' dir='ltr'>ἑφευρεσιολογίαις</span> 
     </span>
    </p>
   </div>
   <div class='ocr_carea' id='block_1_65' title="bbox 529 3379 2105 3462">
    <p class='ocr_par' dir='ltr' id='par_1_65' title="bbox 529 3385 2105 3462">
     <span class='ocr_line' id='line_1_65' title="bbox 529 3385 2105 3462; baseline 0.013 -27"><span class='ocrx_word' id='word_1_485' title='bbox 529 3385 832 3439; x_wconf 79' lang='lat' dir='ltr'><strong>comedetis</strong></span> <span class='ocrx_word' id='word_1_486' title='bbox 858 3425 872 3450; x_wconf 92' lang='lat'><strong><em>,</em></strong></span> <span class='ocrx_word' id='word_1_487' title='bbox 908 3389 1206 3441; x_wconf 84' lang='lat' dir='ltr'><strong>secundum</strong></span> <span class='ocrx_word' id='word_1_488' title='bbox 1246 3394 1609 3462; x_wconf 85' lang='lat' dir='ltr'><strong>prophetam;</strong></span> <span class='ocrx_word' id='word_1_489' title='bbox 1657 3397 1700 3453; x_wconf 92' lang='lat' dir='ltr'><strong>si</strong></span> <span class='ocrx_word' id='word_1_490' title='bbox 1744 3415 1872 3454; x_wconf 90' lang='lat' dir='ltr'><strong>vero</strong></span> <span class='ocrx_word' id='word_1_491' title='bbox 1914 3399 2105 3455; x_wconf 84' lang='lat' dir='ltr'><strong>nolue-</strong></span> 
     </span>
    </p>
   </div>
   <div class='ocr_carea' id='block_1_66' title="bbox 2168 3379 3744 3462">
    <p class='ocr_par' dir='ltr' id='par_1_66' title="bbox 2211 3379 3738 3460">
     <span class='ocr_line' id='line_1_66' title="bbox 2211 3379 3738 3460; baseline -0.009 -12"><span class='ocrx_word' id='word_1_492' title='bbox 2211 3395 2298 3448; x_wconf 72' lang='grc' dir='ltr'><strong>ἀεὶ</strong></span> <span class='ocrx_word' id='word_1_493' title='bbox 2314 3392 2650 3448; x_wconf 78' lang='grc' dir='ltr'>καλινδεῖσθε</span> <span class='ocrx_word' id='word_1_494' title='bbox 2665 3405 2679 3421; x_wconf 90' lang='grc'><strong>·</strong></span> <span class='ocrx_word' id='word_1_495' title='bbox 2705 3392 2826 3446; x_wconf 84' lang='grc' dir='ltr'>ὅθεν</span> <span class='ocrx_word' id='word_1_496' title='bbox 2846 3390 3024 3444; x_wconf 76' lang='grc' dir='ltr'>ἔνεστί</span> <span class='ocrx_word' id='word_1_497' title='bbox 3055 3407 3145 3460; x_wconf 85' lang='grc' dir='ltr'><strong>μοι</strong></span> <span class='ocrx_word' id='word_1_498' title='bbox 3162 3391 3345 3443; x_wconf 75' lang='grc' dir='ltr'>εἰπεῖν</span> <span class='ocrx_word' id='word_1_499' title='bbox 3364 3388 3489 3456; x_wconf 61' lang='grc' dir='ltr'>προς</span> <span class='ocrx_word' id='word_1_500' title='bbox 3507 3383 3562 3437; x_wconf 75' lang='grc' dir='ltr'>σὲ</span> <span class='ocrx_word' id='word_1_501' title='bbox 3598 3379 3738 3432; x_wconf 78' lang='grc' dir='ltr'>σύντο-</span> 
     </span>
    </p>
   </div>
   <div class='ocr_carea' id='block_1_67' title="bbox 533 3471 2109 3555">
    <p class='ocr_par' dir='ltr' id='par_1_67' title="bbox 533 3475 2104 3553">
     <span class='ocr_line' id='line_1_67' title="bbox 533 3475 2104 3553; baseline 0.013 -29"><span class='ocrx_word' id='word_1_502' title='bbox 533 3475 678 3538; x_wconf 64' lang='grc' dir='ltr'>Μίε,</span> <span class='ocrx_word' id='word_1_503' title='bbox 705 3489 881 3541; x_wconf 82' lang='lat' dir='ltr'><strong>neque</strong></span> <span class='ocrx_word' id='word_1_504' title='bbox 907 3478 1192 3536; x_wconf 84' lang='lat' dir='ltr'><strong>audieritis</strong></span> <span class='ocrx_word' id='word_1_505' title='bbox 1216 3497 1319 3544; x_wconf 85' lang='lat' dir='ltr'><strong>me.</strong></span> <span class='ocrx_word' id='word_1_506' title='bbox 1347 3486 1558 3553; x_wconf 76' lang='lat' dir='ltr'><strong>gladius</strong></span> <span class='ocrx_word' id='word_1_507' title='bbox 1581 3503 1676 3544; x_wconf 87' lang='lat' dir='ltr'><strong>vos</strong></span> <span class='ocrx_word' id='word_1_508' title='bbox 1699 3490 1984 3546; x_wconf 85' lang='lat' dir='ltr'><strong>devorabit</strong></span> <span class='ocrx_word' id='word_1_509' title='bbox 2006 3491 2104 3545; x_wconf 77' lang='grc'><strong>³⁸.»</strong></span> 
     </span>
    </p>
   </div>
   <div class='ocr_carea' id='block_1_68' title="bbox 2167 3471 3743 3555">
    <p class='ocr_par' dir='ltr' id='par_1_68' title="bbox 2215 3471 3743 3555">
     <span class='ocr_line' id='line_1_68' title="bbox 2215 3471 3743 3555; baseline 0.001 -17"><span class='ocrx_word' id='word_1_510' title='bbox 2215 3503 2315 3555; x_wconf 94' lang='grc' dir='ltr'><strong>μον</strong></span> <span class='ocrx_word' id='word_1_511' title='bbox 2331 3487 2425 3539; x_wconf 75' lang='grc' dir='ltr'>καὶ</span> <span class='ocrx_word' id='word_1_512' title='bbox 2447 3485 2622 3555; x_wconf 84' lang='grc' dir='ltr'>άληθῆ</span> <span class='ocrx_word' id='word_1_513' title='bbox 2641 3485 2822 3552; x_wconf 87' lang='grc' dir='ltr'>λόγον,</span> <span class='ocrx_word' id='word_1_514' title='bbox 2841 3485 2900 3536; x_wconf 87' lang='grc' dir='ltr'>ὄν</span> <span class='ocrx_word' id='word_1_515' title='bbox 2909 3501 2972 3536; x_wconf 86' lang='grc' dir='ltr'><strong>πε</strong></span> <span class='ocrx_word' id='word_1_516' title='bbox 2983 3483 3121 3554; x_wconf 72' lang='grc' dir='ltr'>ρκαὶ</span> <span class='ocrx_word' id='word_1_517' title='bbox 3140 3483 3277 3553; x_wconf 72' lang='grc' dir='ltr'>πρὸς</span> <span class='ocrx_word' id='word_1_518' title='bbox 3295 3481 3419 3543; x_wconf 75' lang='grc' dir='ltr'>τοὺς</span> <span class='ocrx_word' id='word_1_519' title='bbox 3435 3479 3610 3536; x_wconf 72' lang='grc' dir='ltr'>ἄλλους</span> <span class='ocrx_word' id='word_1_520' title='bbox 3623 3471 3743 3539; x_wconf 57' lang='lat' dir='ltr'><strong>fin“</strong></span> 
     </span>
    </p>
   </div>
   <div class='ocr_carea' id='block_1_69' title="bbox 531 3567 2107 3654">
    <p class='ocr_par' dir='ltr' id='par_1_69' title="bbox 531 3567 2107 3640">
     <span class='ocr_line' id='line_1_69' title="bbox 531 3567 2107 3640; baseline 0.012 -19"><span class='ocrx_word' id='word_1_521' title='bbox 531 3567 670 3621; x_wconf 84' lang='lat' dir='ltr'><strong>Num</strong></span> <span class='ocrx_word' id='word_1_522' title='bbox 699 3570 971 3636; x_wconf 77' lang='lat' dir='ltr'><strong>pontificis</strong></span> <span class='ocrx_word' id='word_1_523' title='bbox 996 3587 1058 3627; x_wconf 85' lang='lat' dir='ltr'><strong>os</strong></span> <span class='ocrx_word' id='word_1_524' title='bbox 1078 3574 1321 3630; x_wconf 86' lang='lat' dir='ltr'><strong>locutum</strong></span> <span class='ocrx_word' id='word_1_525' title='bbox 1348 3589 1428 3631; x_wconf 82' lang='lat' dir='ltr'><strong>est</strong></span> <span class='ocrx_word' id='word_1_526' title='bbox 1459 3581 1610 3635; x_wconf 57' lang='lat' dir='ltr'><strong>haec?</strong></span> <span class='ocrx_word' id='word_1_527' title='bbox 1636 3599 1762 3637; x_wconf 89' lang='lat' dir='ltr'><strong>num</strong></span> <span class='ocrx_word' id='word_1_528' title='bbox 1792 3583 1958 3639; x_wconf 85' lang='lat' dir='ltr'><strong>habes</strong></span> <span class='ocrx_word' id='word_1_529' title='bbox 1984 3585 2107 3640; x_wconf 87' lang='lat' dir='ltr'><strong>huic</strong></span> 
     </span>
    </p>
   </div>
   <div class='ocr_carea' id='block_1_70' title="bbox 2171 3567 3747 3654">
    <p class='ocr_par' dir='ltr' id='par_1_70' title="bbox 2215 3567 3747 3654">
     <span class='ocr_line' id='line_1_70' title="bbox 2215 3567 3747 3654; baseline -0.015 -17"><span class='ocrx_word' id='word_1_530' title='bbox 2215 3583 2345 3646; x_wconf 82' lang='grc' dir='ltr'>κοὺς</span> <span class='ocrx_word' id='word_1_531' title='bbox 2383 3582 2779 3654; x_wconf 83' lang='grc' dir='ltr'>παρήγγελμαι</span> <span class='ocrx_word' id='word_1_532' title='bbox 2823 3580 3029 3646; x_wconf 84' lang='grc' dir='ltr'>λέγειν,</span> <span class='ocrx_word' id='word_1_533' title='bbox 3055 3579 3138 3632; x_wconf 80' lang='grc' dir='ltr'><strong>ὅτι</strong></span> <span class='ocrx_word' id='word_1_534' title='bbox 3155 3577 3285 3630; x_wconf 84' lang='grc' dir='ltr'>τάδε</span> <span class='ocrx_word' id='word_1_535' title='bbox 3311 3575 3457 3644; x_wconf 80' lang='grc' dir='ltr'>λέγει</span> <span class='ocrx_word' id='word_1_536' title='bbox 3508 3573 3534 3624; x_wconf 91' lang='lat'><strong>6</strong></span> <span class='ocrx_word' id='word_1_537' title='bbox 3561 3567 3747 3654; x_wconf 59' lang='grc' dir='ltr'>πάπιξι</span> 
     </span>
    </p>
   </div>
   <div class='ocr_carea' id='block_1_71' title="bbox 533 3651 2109 3745">
    <p class='ocr_par' dir='ltr' id='par_1_71' title="bbox 533 3661 2109 3745">
     <span class='ocr_line' id='line_1_71' title="bbox 533 3661 2109 3745; baseline 0.013 -33"><span class='ocrx_word' id='word_1_538' title='bbox 533 3661 664 3730; x_wconf 89' lang='lat' dir='ltr'><strong>quid</strong></span> <span class='ocrx_word' id='word_1_539' title='bbox 721 3665 1124 3722; x_wconf 83' lang='lat' dir='ltr'><strong>contradicas?</strong></span> <span class='ocrx_word' id='word_1_540' title='bbox 1177 3669 1314 3741; x_wconf 75' lang='lat' dir='ltr'><strong>Lege</strong></span> <span class='ocrx_word' id='word_1_541' title='bbox 1361 3683 1418 3727; x_wconf 87' lang='lat' dir='ltr'><strong>ct</strong></span> <span class='ocrx_word' id='word_1_542' title='bbox 1462 3678 1707 3745; x_wconf 79' lang='lat' dir='ltr'><strong>expende</strong></span> <span class='ocrx_word' id='word_1_543' title='bbox 1752 3692 1820 3730; x_wconf 91' lang='lat' dir='ltr'><strong>an</strong></span> <span class='ocrx_word' id='word_1_544' title='bbox 1870 3681 2109 3732; x_wconf 76' lang='lat' dir='ltr'><strong>evenerit</strong></span> 
     </span>
    </p>
   </div>
   <div class='ocr_carea' id='block_1_72' title="bbox 2169 3651 3745 3745">
    <p class='ocr_par' dir='ltr' id='par_1_72' title="bbox 2228 3651 3745 3745">
     <span class='ocr_line' id='line_1_72' title="bbox 2228 3651 3745 3745; baseline -0.006 -18"><span class='ocrx_word' id='word_1_545' title='bbox 2228 3672 2356 3727; x_wconf 84' lang='grc' dir='ltr'><strong>Ἐὰν</strong></span> <span class='ocrx_word' id='word_1_546' title='bbox 2379 3651 2570 3744; x_wconf 74' lang='grc' dir='ltr'>θέλητε</span> <span class='ocrx_word' id='word_1_547' title='bbox 2595 3651 2692 3726; x_wconf 59' lang='grc' dir='ltr'><strong>και</strong></span> <span class='ocrx_word' id='word_1_548' title='bbox 2723 3669 3087 3740; x_wconf 78' lang='grc' dir='ltr'>εἰσακούσητέ</span> <span class='ocrx_word' id='word_1_549' title='bbox 3122 3686 3254 3740; x_wconf 91' lang='grc' dir='ltr'>μου,</span> <span class='ocrx_word' id='word_1_550' title='bbox 3288 3669 3357 3721; x_wconf 79' lang='grc' dir='ltr'>τὰ</span> <span class='ocrx_word' id='word_1_551' title='bbox 3383 3662 3552 3734; x_wconf 80' lang='grc' dir='ltr'>ἀγαθά</span> <span class='ocrx_word' id='word_1_552' title='bbox 3569 3659 3654 3726; x_wconf 80' lang='grc' dir='ltr'><strong>τῆς</strong></span> 
     </span>
    </p>
   </div>
   <div class='ocr_carea' id='block_1_73' title="bbox 534 3742 2110 3838">
    <p class='ocr_par' dir='ltr' id='par_1_73' title="bbox 534 3761 2110 3838">
     <span class='ocr_line' id='line_1_73' title="bbox 534 3761 2110 3838; baseline 0.007 -25"><span class='ocrx_word' id='word_1_553' title='bbox 534 3761 678 3814; x_wconf 83' lang='lat' dir='ltr'><strong>sicut</strong></span> <span class='ocrx_word' id='word_1_554' title='bbox 713 3763 828 3830; x_wconf 89' lang='lat' dir='ltr'><strong>ipse</strong></span> <span class='ocrx_word' id='word_1_555' title='bbox 861 3762 1017 3820; x_wconf 70' lang='lat' dir='ltr'><strong>dixit.</strong></span> <span class='ocrx_word' id='word_1_556' title='bbox 1053 3763 1108 3819; x_wconf 91' lang='lat' dir='ltr'><strong>Si</strong></span> <span class='ocrx_word' id='word_1_557' title='bbox 1139 3779 1268 3838; x_wconf 77' lang='lat' dir='ltr'><strong>ergo</strong></span> <span class='ocrx_word' id='word_1_558' title='bbox 1302 3768 1478 3822; x_wconf 86' lang='lat' dir='ltr'><strong>evenit</strong></span> <span class='ocrx_word' id='word_1_559' title='bbox 1507 3808 1524 3834; x_wconf 84' lang='lat'><strong>,</strong></span> <span class='ocrx_word' id='word_1_560' title='bbox 1554 3769 1764 3825; x_wconf 81' lang='lat' dir='ltr'><strong>debetis</strong></span> <span class='ocrx_word' id='word_1_561' title='bbox 1787 3811 1800 3834; x_wconf 87' lang='lat'>,</span> <span class='ocrx_word' id='word_1_562' title='bbox 1845 3769 1953 3825; x_wconf 92' lang='lat' dir='ltr'><strong>imo</strong></span> <span class='ocrx_word' id='word_1_563' title='bbox 1989 3787 2110 3824; x_wconf 87' lang='lat' dir='ltr'><strong>vero</strong></span> 
     </span>
    </p>
   </div>
   <div class='ocr_carea' id='block_1_74' title="bbox 2169 3742 3745 3838">
    <p class='ocr_par' dir='ltr' id='par_1_74' title="bbox 2218 3742 3745 3838">
     <span class='ocr_line' id='line_1_74' title="bbox 2218 3742 3745 3838; baseline -0.012 -19"><span class='ocrx_word' id='word_1_564' title='bbox 2218 3765 2480 3833; x_wconf 83' lang='grc' dir='ltr'>φάγεσθε,</span> <span class='ocrx_word' id='word_1_565' title='bbox 2498 3742 2653 3818; x_wconf 72' lang='grc' dir='ltr'>κατὰ</span> <span class='ocrx_word' id='word_1_566' title='bbox 2673 3765 2765 3817; x_wconf 74' lang='grc' dir='ltr'><strong>τὸν</strong></span> <span class='ocrx_word' id='word_1_567' title='bbox 2787 3763 3076 3834; x_wconf 82' lang='grc' dir='ltr'>προφήτην</span> <span class='ocrx_word' id='word_1_568' title='bbox 3099 3777 3116 3794; x_wconf 80' lang='grc' dir='ltr'><strong>ο</strong></span> <span class='ocrx_word' id='word_1_569' title='bbox 3146 3762 3244 3816; x_wconf 72' lang='grc' dir='ltr'>ἐὰν</span> <span class='ocrx_word' id='word_1_570' title='bbox 3262 3761 3319 3815; x_wconf 78' lang='grc' dir='ltr'>δὲ</span> <span class='ocrx_word' id='word_1_571' title='bbox 3344 3759 3417 3830; x_wconf 79' lang='grc' dir='ltr'><strong>μὴ</strong></span> <span class='ocrx_word' id='word_1_572' title='bbox 3440 3757 3614 3824; x_wconf 76' lang='grc' dir='ltr'>θέλητε</span> <span class='ocrx_word' id='word_1_573' title='bbox 3643 3742 3745 3816; x_wconf 72' lang='grc' dir='ltr'><strong>μηδὲ</strong></span> 
     </span>
    </p>
   </div>
   <div class='ocr_carea' id='block_1_75' title="bbox 536 3837 2112 3928">
    <p class='ocr_par' dir='ltr' id='par_1_75' title="bbox 536 3857 2112 3923">
     <span class='ocr_line' id='line_1_75' title="bbox 536 3857 2112 3923; baseline 0.011 -20"><span class='ocrx_word' id='word_1_574' title='bbox 536 3857 713 3923; x_wconf 79' lang='lat' dir='ltr'><strong>potius</strong></span> <span class='ocrx_word' id='word_1_575' title='bbox 759 3872 985 3913; x_wconf 89' lang='lat' dir='ltr'><strong>necesse</strong></span> <span class='ocrx_word' id='word_1_576' title='bbox 1030 3869 1113 3913; x_wconf 85' lang='lat' dir='ltr'><strong>est</strong></span> <span class='ocrx_word' id='word_1_577' title='bbox 1158 3861 1310 3914; x_wconf 91' lang='lat' dir='ltr'><strong>illum</strong></span> <span class='ocrx_word' id='word_1_578' title='bbox 1363 3862 1554 3918; x_wconf 88' lang='lat' dir='ltr'><strong>audire</strong></span> <span class='ocrx_word' id='word_1_579' title='bbox 1587 3879 1603 3919; x_wconf 78' lang='grc' dir='ltr'><strong>ι</strong></span> <span class='ocrx_word' id='word_1_580' title='bbox 1640 3865 1944 3919; x_wconf 86' lang='lat' dir='ltr'><strong>secundum</strong></span> <span class='ocrx_word' id='word_1_581' title='bbox 1985 3880 2112 3921; x_wconf 90' lang='lat' dir='ltr'><strong>vero</strong></span> 
     </span>
    </p>
   </div>
   <div class='ocr_carea' id='block_1_76' title="bbox 2172 3837 3748 3928">
    <p class='ocr_par' dir='ltr' id='par_1_76' title="bbox 2218 3837 3748 3928">
     <span class='ocr_line' id='line_1_76' title="bbox 2218 3837 3748 3928; baseline -0.007 -17"><span class='ocrx_word' id='word_1_582' title='bbox 2218 3857 2580 3928; x_wconf 85' lang='grc' dir='ltr'>είσακούσητέ</span> <span class='ocrx_word' id='word_1_583' title='bbox 2614 3873 2740 3928; x_wconf 90' lang='grc' dir='ltr'>μου,</span> <span class='ocrx_word' id='word_1_584' title='bbox 2788 3856 3037 3926; x_wconf 84' lang='grc' dir='ltr'>μάχαιρα</span> <span class='ocrx_word' id='word_1_585' title='bbox 3069 3853 3218 3924; x_wconf 76' lang='grc' dir='ltr'>ὑμᾶς</span> <span class='ocrx_word' id='word_1_586' title='bbox 3251 3852 3576 3907; x_wconf 82' lang='grc' dir='ltr'>κατέδεται·</span> <span class='ocrx_word' id='word_1_587' title='bbox 3603 3837 3748 3901; x_wconf 74' lang='grc' dir='ltr'>τδγάρ</span> 
     </span>
    </p>
   </div>
   <div class='ocr_carea' id='block_1_77' title="bbox 534 3933 2110 4024">
    <p class='ocr_par' dir='ltr' id='par_1_77' title="bbox 534 3951 2110 4018">
     <span class='ocr_line' id='line_1_77' title="bbox 534 3951 2110 4018; baseline 0.008 -18"><span class='ocrx_word' id='word_1_588' title='bbox 534 3966 697 4016; x_wconf 78' lang='lat' dir='ltr'><strong>opera</strong></span> <span class='ocrx_word' id='word_1_589' title='bbox 726 3951 872 4003; x_wconf 80' lang='lat' dir='ltr'><strong>illius</strong></span> <span class='ocrx_word' id='word_1_590' title='bbox 901 3969 1007 4005; x_wconf 85' lang='lat' dir='ltr'><strong>non</strong></span> <span class='ocrx_word' id='word_1_591' title='bbox 1037 3955 1241 4018; x_wconf 80' lang='lat' dir='ltr'><strong>facere,</strong></span> <span class='ocrx_word' id='word_1_592' title='bbox 1266 3954 1310 4008; x_wconf 89' lang='lat' dir='ltr'><strong>si</strong></span> <span class='ocrx_word' id='word_1_593' title='bbox 1344 3955 1485 4009; x_wconf 88' lang='lat' dir='ltr'><strong>mala</strong></span> <span class='ocrx_word' id='word_1_594' title='bbox 1514 3955 1740 4010; x_wconf 78' lang='lat' dir='ltr'><strong>fuerint.</strong></span> <span class='ocrx_word' id='word_1_595' title='bbox 1764 3953 1843 4010; x_wconf 82' lang='lat' dir='ltr'><strong>Ita</strong></span> <span class='ocrx_word' id='word_1_596' title='bbox 1870 3965 1925 4011; x_wconf 88' lang='lat' dir='ltr'><strong>et</strong></span> <span class='ocrx_word' id='word_1_597' title='bbox 1957 3957 2110 4013; x_wconf 79' lang='lat' dir='ltr'><strong>nobis</strong></span> 
     </span>
    </p>
   </div>
   <div class='ocr_carea' id='block_1_78' title="bbox 2173 3933 3749 4024">
    <p class='ocr_par' dir='ltr' id='par_1_78' title="bbox 2222 3933 3749 4024">
     <span class='ocr_line' id='line_1_78' title="bbox 2222 3933 3749 4024; baseline -0.017 -16"><span class='ocrx_word' id='word_1_598' title='bbox 2222 3953 2397 4024; x_wconf 82' lang='grc' dir='ltr'>στόμα</span> <span class='ocrx_word' id='word_1_599' title='bbox 2425 3953 2520 4005; x_wconf 79' lang='grc' dir='ltr'>τοῦ</span> <span class='ocrx_word' id='word_1_600' title='bbox 2553 3951 2712 4006; x_wconf 88' lang='grc' dir='ltr'>πάπα</span> <span class='ocrx_word' id='word_1_601' title='bbox 2769 3950 2996 4021; x_wconf 77' lang='grc' dir='ltr'>ἑλάλησε</span> <span class='ocrx_word' id='word_1_602' title='bbox 3051 3948 3249 4002; x_wconf 84' lang='grc' dir='ltr'>ταῦτα.</span> <span class='ocrx_word' id='word_1_603' title='bbox 3287 3943 3434 4018; x_wconf 70' lang='grc' dir='ltr'>*Αρα</span> <span class='ocrx_word' id='word_1_604' title='bbox 3461 3946 3593 4012; x_wconf 77' lang='grc' dir='ltr'>ἔχεις</span> <span class='ocrx_word' id='word_1_605' title='bbox 3615 3933 3749 3989; x_wconf 78' lang='grc' dir='ltr'>εἱπ;ῖν</span> 
     </span>
    </p>
   </div>
   <div class='ocr_carea' id='block_1_79' title="bbox 535 4023 2111 4119">
    <p class='ocr_par' dir='ltr' id='par_1_79' title="bbox 535 4043 2111 4119">
     <span class='ocr_line' id='line_1_79' title="bbox 535 4043 2111 4119; baseline 0.006 -25"><span class='ocrx_word' id='word_1_606' title='bbox 535 4044 792 4112; x_wconf 76' lang='grc' dir='ltr'><strong>ιτΓ;1’ρΟρὶι</strong></span> <span class='ocrx_word' id='word_1_607' title='bbox 826 4043 1088 4099; x_wconf 86' lang='lat' dir='ltr'><strong>Dominus</strong></span> <span class='ocrx_word' id='word_1_608' title='bbox 1118 4062 1133 4100; x_wconf 85' lang='lat'>:</span> <span class='ocrx_word' id='word_1_609' title='bbox 1170 4063 1188 4095; x_wconf 80' lang='grc' dir='ltr'><strong>ι</strong></span> <span class='ocrx_word' id='word_1_610' title='bbox 1230 4046 1406 4114; x_wconf 86' lang='lat' dir='ltr'><strong>Super</strong></span> <span class='ocrx_word' id='word_1_611' title='bbox 1442 4049 1760 4103; x_wconf 87' lang='lat' dir='ltr'><strong>cathedram</strong></span> <span class='ocrx_word' id='word_1_612' title='bbox 1821 4048 1990 4119; x_wconf 81' lang='lat' dir='ltr'><strong>Moysi</strong></span> <span class='ocrx_word' id='word_1_613' title='bbox 2027 4065 2111 4104; x_wconf 87' lang='lat' dir='ltr'><strong>se-</strong></span> 
     </span>
    </p>
   </div>
   <div class='ocr_carea' id='block_1_80' title="bbox 2173 4023 3749 4119">
    <p class='ocr_par' dir='ltr' id='par_1_80' title="bbox 2219 4023 3749 4110">
     <span class='ocr_line' id='line_1_80' title="bbox 2219 4023 3749 4110; baseline -0.014 -12"><span class='ocrx_word' id='word_1_614' title='bbox 2219 4045 2532 4098; x_wconf 84' lang='grc' dir='ltr'>τούναντίον</span> <span class='ocrx_word' id='word_1_615' title='bbox 2598 4044 2794 4098; x_wconf 88' lang='grc' dir='ltr'>τούτου</span> <span class='ocrx_word' id='word_1_616' title='bbox 2843 4061 2858 4108; x_wconf 89' lang='grc'><strong>;</strong></span> <span class='ocrx_word' id='word_1_617' title='bbox 2943 4041 3256 4110; x_wconf 83' lang='grc' dir='ltr'>Ἀνάγνωθι</span> <span class='ocrx_word' id='word_1_618' title='bbox 3318 4039 3412 4093; x_wconf 78' lang='grc' dir='ltr'>καὶ</span> <span class='ocrx_word' id='word_1_619' title='bbox 3461 4037 3555 4098; x_wconf 79' lang='grc' dir='ltr'>ίδε,</span> <span class='ocrx_word' id='word_1_620' title='bbox 3601 4031 3641 4082; x_wconf 79' lang='grc' dir='ltr'>εἰ</span> <span class='ocrx_word' id='word_1_621' title='bbox 3681 4023 3749 4077; x_wconf 68' lang='grc' dir='ltr'>οὐκ</span> 
     </span>
    </p>
   </div>
   <div class='ocr_carea' id='block_1_81' title="bbox 537 4121 2113 4210">
    <p class='ocr_par' dir='ltr' id='par_1_81' title="bbox 537 4135 2113 4210">
     <span class='ocr_line' id='line_1_81' title="bbox 537 4135 2113 4210; baseline 0.006 -23"><span class='ocrx_word' id='word_1_622' title='bbox 537 4135 738 4188; x_wconf 79' lang='lat' dir='ltr'><strong>derunt</strong></span> <span class='ocrx_word' id='word_1_623' title='bbox 792 4137 999 4190; x_wconf 75' lang='lat' dir='ltr'><strong>Scriba:</strong></span> <span class='ocrx_word' id='word_1_624' title='bbox 1055 4145 1109 4191; x_wconf 90' lang='lat' dir='ltr'><strong>et</strong></span> <span class='ocrx_word' id='word_1_625' title='bbox 1161 4137 1474 4206; x_wconf 63' lang='lat' dir='ltr'><strong>Pharisaei;</strong></span> <span class='ocrx_word' id='word_1_626' title='bbox 1527 4143 1712 4195; x_wconf 89' lang='lat' dir='ltr'><strong>omnia</strong></span> <span class='ocrx_word' id='word_1_627' title='bbox 1775 4139 2113 4210; x_wconf 61' lang='lat' dir='ltr'><strong>quascunque</strong></span> 
     </span>
    </p>
   </div>
   <div class='ocr_carea' id='block_1_82' title="bbox 2169 4121 3745 4210">
    <p class='ocr_par' dir='ltr' id='par_1_82' title="bbox 2223 4121 3745 4210">
     <span class='ocr_line' id='line_1_82' title="bbox 2223 4121 3745 4210; baseline -0.014 -22"><span class='ocrx_word' id='word_1_628' title='bbox 2223 4138 2441 4205; x_wconf 78' lang='grc' dir='ltr'>ἐγένετο</span> <span class='ocrx_word' id='word_1_629' title='bbox 2471 4137 2546 4200; x_wconf 82' lang='grc' dir='ltr'>ὡς</span> <span class='ocrx_word' id='word_1_630' title='bbox 2592 4138 2804 4200; x_wconf 76' lang='grc' dir='ltr'>ἐκεῖνος</span> <span class='ocrx_word' id='word_1_631' title='bbox 2852 4136 2955 4204; x_wconf 79' lang='grc' dir='ltr'><strong>ἔφη</strong></span> <span class='ocrx_word' id='word_1_632' title='bbox 2984 4152 2998 4166; x_wconf 75' lang='grc' dir='ltr'><strong>ο</strong></span> <span class='ocrx_word' id='word_1_633' title='bbox 3037 4136 3084 4188; x_wconf 78' lang='grc' dir='ltr'><strong>εί</strong></span> <span class='ocrx_word' id='word_1_634' title='bbox 3119 4129 3215 4188; x_wconf 78' lang='grc' dir='ltr'><strong>οὖν</strong></span> <span class='ocrx_word' id='word_1_635' title='bbox 3256 4134 3499 4201; x_wconf 78' lang='grc' dir='ltr'>ἐγένετο,</span> <span class='ocrx_word' id='word_1_636' title='bbox 3530 4121 3745 4210; x_wconf 69' lang='grc' dir='ltr'>ὀφείλετε,</span> 
     </span>
    </p>
   </div>
   <div class='ocr_carea' id='block_1_83' title="bbox 542 4207 2118 4300">
    <p class='ocr_par' dir='ltr' id='par_1_83' title="bbox 542 4227 2118 4299">
     <span class='ocr_line' id='line_1_83' title="bbox 542 4227 2118 4299; baseline 0.008 -24"><span class='ocrx_word' id='word_1_637' title='bbox 542 4227 782 4281; x_wconf 77' lang='lat' dir='ltr'><strong>dixerint</strong></span> <span class='ocrx_word' id='word_1_638' title='bbox 813 4229 970 4284; x_wconf 80' lang='lat' dir='ltr'><strong>vobis</strong></span> <span class='ocrx_word' id='word_1_639' title='bbox 998 4228 1198 4294; x_wconf 81' lang='lat' dir='ltr'><strong>facere,</strong></span> <span class='ocrx_word' id='word_1_640' title='bbox 1236 4230 1422 4294; x_wconf 80' lang='lat' dir='ltr'><strong>facite,</strong></span> <span class='ocrx_word' id='word_1_641' title='bbox 1452 4233 1760 4286; x_wconf 89' lang='lat' dir='ltr'><strong>secundum</strong></span> <span class='ocrx_word' id='word_1_642' title='bbox 1797 4247 1930 4287; x_wconf 86' lang='lat' dir='ltr'><strong>vero</strong></span> <span class='ocrx_word' id='word_1_643' title='bbox 1957 4248 2118 4299; x_wconf 85' lang='lat' dir='ltr'><strong>opera</strong></span> 
     </span>
    </p>
   </div>
   <div class='ocr_carea' id='block_1_84' title="bbox 2175 4207 3751 4300">
    <p class='ocr_par' dir='ltr' id='par_1_84' title="bbox 2229 4207 3751 4300">
     <span class='ocr_line' id='line_1_84' title="bbox 2229 4207 3751 4300; baseline -0.014 -15"><span class='ocrx_word' id='word_1_644' title='bbox 2229 4232 2430 4300; x_wconf 83' lang='grc' dir='ltr'>μᾶλλον</span> <span class='ocrx_word' id='word_1_645' title='bbox 2455 4231 2510 4284; x_wconf 82' lang='grc' dir='ltr'>δὲ</span> <span class='ocrx_word' id='word_1_646' title='bbox 2551 4231 2767 4300; x_wconf 81' lang='grc' dir='ltr'>ἀνάγκη</span> <span class='ocrx_word' id='word_1_647' title='bbox 2800 4231 2970 4293; x_wconf 77' lang='grc' dir='ltr'>ἐστὶν,</span> <span class='ocrx_word' id='word_1_648' title='bbox 3007 4228 3236 4281; x_wconf 82' lang='grc' dir='ltr'>ἀκούειν</span> <span class='ocrx_word' id='word_1_649' title='bbox 3273 4224 3487 4278; x_wconf 79' lang='grc' dir='ltr'>ἐκείνου</span> <span class='ocrx_word' id='word_1_650' title='bbox 3511 4237 3524 4251; x_wconf 87' lang='grc'><strong>·</strong></span> <span class='ocrx_word' id='word_1_651' title='bbox 3557 4214 3678 4270; x_wconf 72' lang='grc' dir='ltr'>κατὰ</span> <span class='ocrx_word' id='word_1_652' title='bbox 3711 4207 3751 4258; x_wconf 76' lang='grc' dir='ltr'>δὲ</span> 
     </span>
    </p>
   </div>
   <div class='ocr_carea' id='block_1_85' title="bbox 539 4303 2115 4396">
    <p class='ocr_par' dir='ltr' id='par_1_85' title="bbox 539 4319 2115 4393">
     <span class='ocr_line' id='line_1_85' title="bbox 539 4319 2115 4393; baseline 0.004 -21"><span class='ocrx_word' id='word_1_653' title='bbox 539 4319 760 4374; x_wconf 91' lang='lat' dir='ltr'><strong>illorum</strong></span> <span class='ocrx_word' id='word_1_654' title='bbox 788 4321 952 4376; x_wconf 87' lang='lat' dir='ltr'><strong>nolite</strong></span> <span class='ocrx_word' id='word_1_655' title='bbox 979 4320 1161 4376; x_wconf 85' lang='lat' dir='ltr'><strong>facere</strong></span> <span class='ocrx_word' id='word_1_656' title='bbox 1188 4322 1252 4375; x_wconf 79' lang='grc'><strong>³⁸.</strong></span> <span class='ocrx_word' id='word_1_657' title='bbox 1291 4341 1308 4374; x_wconf 77' lang='grc' dir='ltr'><strong>ι</strong></span> <span class='ocrx_word' id='word_1_658' title='bbox 1341 4320 1571 4388; x_wconf 86' lang='lat' dir='ltr'><strong>Quando</strong></span> <span class='ocrx_word' id='word_1_659' title='bbox 1596 4339 1728 4393; x_wconf 81' lang='lat' dir='ltr'><strong>ergo</strong></span> <span class='ocrx_word' id='word_1_660' title='bbox 1759 4333 1812 4378; x_wconf 90' lang='lat' dir='ltr'><strong>et</strong></span> <span class='ocrx_word' id='word_1_661' title='bbox 1844 4323 1930 4378; x_wconf 90' lang='lat' dir='ltr'><strong>hic</strong></span> <span class='ocrx_word' id='word_1_662' title='bbox 1957 4339 2115 4393; x_wconf 82' lang='lat' dir='ltr'><strong>super</strong></span> 
     </span>
    </p>
   </div>
   <div class='ocr_carea' id='block_1_86' title="bbox 2175 4303 3751 4396">
    <p class='ocr_par' dir='ltr' id='par_1_86' title="bbox 2224 4303 3751 4396">
     <span class='ocr_line' id='line_1_86' title="bbox 2224 4303 3751 4396; baseline -0.016 -18"><span class='ocrx_word' id='word_1_663' title='bbox 2224 4326 2293 4380; x_wconf 74' lang='grc' dir='ltr'><strong>τὰ</strong></span> <span class='ocrx_word' id='word_1_664' title='bbox 2332 4325 2468 4396; x_wconf 74' lang='grc' dir='ltr'>ἔργα</span> <span class='ocrx_word' id='word_1_665' title='bbox 2504 4323 2671 4380; x_wconf 80' lang='grc' dir='ltr'>αὑτοῦ</span> <span class='ocrx_word' id='word_1_666' title='bbox 2723 4325 2796 4394; x_wconf 82' lang='grc' dir='ltr'><strong>μὴ</strong></span> <span class='ocrx_word' id='word_1_667' title='bbox 2847 4325 3045 4385; x_wconf 84' lang='grc' dir='ltr'>ποιεῖν,</span> <span class='ocrx_word' id='word_1_668' title='bbox 3080 4322 3147 4376; x_wconf 86' lang='grc' dir='ltr'>ἂν</span> <span class='ocrx_word' id='word_1_669' title='bbox 3197 4320 3418 4389; x_wconf 79' lang='grc' dir='ltr'>πονηρὰ</span> <span class='ocrx_word' id='word_1_670' title='bbox 3457 4310 3616 4369; x_wconf 82' lang='grc' dir='ltr'>ὦσιν·</span> <span class='ocrx_word' id='word_1_671' title='bbox 3644 4303 3751 4359; x_wconf 80' lang='grc' dir='ltr'>οὕτω</span> 
     </span>
    </p>
   </div>
   <div class='ocr_carea' id='block_1_87' title="bbox 537 4401 2113 4488">
    <p class='ocr_par' dir='ltr' id='par_1_87' title="bbox 537 4413 2113 4487">
     <span class='ocr_line' id='line_1_87' title="bbox 537 4413 2113 4487; baseline 0.004 -23"><span class='ocrx_word' id='word_1_672' title='bbox 537 4414 857 4467; x_wconf 80' lang='lat' dir='ltr'><strong>cathedram</strong></span> <span class='ocrx_word' id='word_1_673' title='bbox 905 4413 1045 4468; x_wconf 81' lang='lat' dir='ltr'><strong>l’etri</strong></span> <span class='ocrx_word' id='word_1_674' title='bbox 1090 4413 1279 4480; x_wconf 86' lang='lat' dir='ltr'><strong>sedet,</strong></span> <span class='ocrx_word' id='word_1_675' title='bbox 1326 4415 1594 4470; x_wconf 89' lang='lat' dir='ltr'><strong>debemus</strong></span> <span class='ocrx_word' id='word_1_676' title='bbox 1629 4415 1810 4484; x_wconf 88' lang='lat' dir='ltr'><strong>ipsum</strong></span> <span class='ocrx_word' id='word_1_677' title='bbox 1851 4425 2113 4487; x_wconf 85' lang='lat' dir='ltr'><strong>tanquam</strong></span> 
     </span>
    </p>
   </div>
   <div class='ocr_carea' id='block_1_88' title="bbox 2178 4401 3754 4488">
    <p class='ocr_par' dir='ltr' id='par_1_88' title="bbox 2225 4401 3754 4488">
     <span class='ocr_line' id='line_1_88' title="bbox 2225 4401 3754 4488; baseline -0.012 -15"><span class='ocrx_word' id='word_1_678' title='bbox 2225 4419 2335 4488; x_wconf 80' lang='grc' dir='ltr'><strong>γάρ</strong></span> <span class='ocrx_word' id='word_1_679' title='bbox 2365 4419 2497 4488; x_wconf 77' lang='grc' dir='ltr'>ἡμῖν</span> <span class='ocrx_word' id='word_1_680' title='bbox 2531 4417 2836 4471; x_wconf 76' lang='grc' dir='ltr'>ἐνετείλατο</span> <span class='ocrx_word' id='word_1_681' title='bbox 2865 4419 2892 4470; x_wconf 90' lang='lat'><strong>6</strong></span> <span class='ocrx_word' id='word_1_682' title='bbox 2925 4415 3132 4485; x_wconf 81' lang='grc' dir='ltr'>Κύριος</span> <span class='ocrx_word' id='word_1_683' title='bbox 3155 4429 3172 4447; x_wconf 71' lang='grc' dir='ltr'>δ</span> <span class='ocrx_word' id='word_1_684' title='bbox 3213 4433 3232 4466; x_wconf 73' lang='grc' dir='ltr'><strong>ε</strong></span> <span class='ocrx_word' id='word_1_685' title='bbox 3286 4414 3412 4468; x_wconf 65' lang='grc' dir='ltr'>Ἐπὶ</span> <span class='ocrx_word' id='word_1_686' title='bbox 3441 4410 3537 4478; x_wconf 76' lang='grc' dir='ltr'>τῆς</span> <span class='ocrx_word' id='word_1_687' title='bbox 3561 4401 3754 4459; x_wconf 78' lang='grc' dir='ltr'>Μωσέως</span> 
     </span>
    </p>
   </div>
   <div class='ocr_carea' id='block_1_89' title="bbox 538 4494 2114 4584">
    <p class='ocr_par' dir='ltr' id='par_1_89' title="bbox 538 4509 2114 4584">
     <span class='ocr_line' id='line_1_89' title="bbox 538 4509 2114 4584; baseline 0.004 -22"><span class='ocrx_word' id='word_1_688' title='bbox 538 4509 760 4566; x_wconf 83' lang='lat' dir='ltr'><strong>Petrum</strong></span> <span class='ocrx_word' id='word_1_689' title='bbox 797 4512 986 4567; x_wconf 90' lang='lat' dir='ltr'><strong>audire</strong></span> <span class='ocrx_word' id='word_1_690' title='bbox 1014 4523 1068 4568; x_wconf 92' lang='lat' dir='ltr'><strong>ct</strong></span> <span class='ocrx_word' id='word_1_691' title='bbox 1093 4513 1297 4568; x_wconf 86' lang='lat' dir='ltr'><strong>imitari</strong></span> <span class='ocrx_word' id='word_1_692' title='bbox 1321 4528 1602 4569; x_wconf 90' lang='lat' dir='ltr'><strong>sermones</strong></span> <span class='ocrx_word' id='word_1_693' title='bbox 1629 4513 1770 4583; x_wconf 83' lang='lat' dir='ltr'><strong>ejus,</strong></span> <span class='ocrx_word' id='word_1_694' title='bbox 1799 4529 1964 4584; x_wconf 90' lang='lat' dir='ltr'><strong>opera</strong></span> <span class='ocrx_word' id='word_1_695' title='bbox 1994 4529 2114 4570; x_wconf 77' lang='lat' dir='ltr'><strong>vero</strong></span> 
     </span>
    </p>
   </div>
   <div class='ocr_carea' id='block_1_90' title="bbox 2174 4494 3750 4584">
    <p class='ocr_par' dir='ltr' id='par_1_90' title="bbox 2227 4494 3750 4579">
     <span class='ocr_line' id='line_1_90' title="bbox 2227 4494 3750 4579; baseline -0.016 -15"><span class='ocrx_word' id='word_1_696' title='bbox 2227 4509 2497 4579; x_wconf 80' lang='grc' dir='ltr'>καθέδρας</span> <span class='ocrx_word' id='word_1_697' title='bbox 2530 4507 2795 4562; x_wconf 75' lang='grc' dir='ltr'>ἐκάθισαν</span> <span class='ocrx_word' id='word_1_698' title='bbox 2817 4507 2866 4560; x_wconf 76' lang='grc' dir='ltr'>οἱ</span> <span class='ocrx_word' id='word_1_699' title='bbox 2898 4506 3259 4577; x_wconf 83' lang='grc' dir='ltr'>Γραμματεῖς</span> <span class='ocrx_word' id='word_1_700' title='bbox 3292 4505 3386 4559; x_wconf 77' lang='grc' dir='ltr'>καὶ</span> <span class='ocrx_word' id='word_1_701' title='bbox 3415 4503 3464 4556; x_wconf 81' lang='grc' dir='ltr'>οἱ</span> <span class='ocrx_word' id='word_1_702' title='bbox 3489 4494 3750 4567; x_wconf 78' lang='grc' dir='ltr'>Φαρισαῖοι·</span> 
     </span>
    </p>
   </div>
   <div class='ocr_carea' id='block_1_91' title="bbox 541 4586 2117 4676">
    <p class='ocr_par' dir='ltr' id='par_1_91' title="bbox 541 4604 2117 4676">
     <span class='ocr_line' id='line_1_91' title="bbox 541 4604 2117 4676; baseline 0.003 -21"><span class='ocrx_word' id='word_1_703' title='bbox 541 4620 646 4655; x_wconf 86' lang='lat' dir='ltr'><strong>non</strong></span> <span class='ocrx_word' id='word_1_704' title='bbox 687 4604 885 4657; x_wconf 85' lang='lat' dir='ltr'><strong>imitari</strong></span> <span class='ocrx_word' id='word_1_705' title='bbox 921 4605 964 4659; x_wconf 91' lang='lat' dir='ltr'><strong>si</strong></span> <span class='ocrx_word' id='word_1_706' title='bbox 1002 4621 1170 4674; x_wconf 84' lang='lat' dir='ltr'><strong>prava</strong></span> <span class='ocrx_word' id='word_1_707' title='bbox 1205 4606 1335 4661; x_wconf 90' lang='lat' dir='ltr'><strong>sint.</strong></span> <span class='ocrx_word' id='word_1_708' title='bbox 1389 4604 1466 4660; x_wconf 82' lang='lat' dir='ltr'><strong>lta</strong></span> <span class='ocrx_word' id='word_1_709' title='bbox 1510 4621 1610 4660; x_wconf 92' lang='lat' dir='ltr'><strong>vos</strong></span> <span class='ocrx_word' id='word_1_710' title='bbox 1655 4607 1831 4662; x_wconf 88' lang='lat' dir='ltr'><strong>sancti</strong></span> <span class='ocrx_word' id='word_1_711' title='bbox 1885 4607 2117 4676; x_wconf 90' lang='lat' dir='ltr'><strong>docent,</strong></span> 
     </span>
    </p>
   </div>
   <div class='ocr_carea' id='block_1_92' title="bbox 2178 4586 3754 4676">
    <p class='ocr_par' dir='ltr' id='par_1_92' title="bbox 2178 4586 3754 4676">
     <span class='ocr_line' id='line_1_92' title="bbox 2178 4586 3754 4676; baseline -0.01 -20"><span class='ocrx_word' id='word_1_712' title='bbox 2178 4589 2406 4658; x_wconf 85' lang='grc' dir='ltr'>)πάντα</span> <span class='ocrx_word' id='word_1_713' title='bbox 2439 4601 2533 4656; x_wconf 78' lang='grc' dir='ltr'><strong>οὖν</strong></span> <span class='ocrx_word' id='word_1_714' title='bbox 2573 4602 2681 4655; x_wconf 82' lang='grc' dir='ltr'>ὅσα</span> <span class='ocrx_word' id='word_1_715' title='bbox 2729 4599 2797 4654; x_wconf 81' lang='grc' dir='ltr'><strong>ἂν</strong></span> <span class='ocrx_word' id='word_1_716' title='bbox 2849 4599 3085 4668; x_wconf 88' lang='grc' dir='ltr'>λέγωσιν</span> <span class='ocrx_word' id='word_1_717' title='bbox 3125 4600 3260 4670; x_wconf 83' lang='grc' dir='ltr'>ὑμῖν</span> <span class='ocrx_word' id='word_1_718' title='bbox 3319 4598 3515 4656; x_wconf 84' lang='grc' dir='ltr'>ποιεῖν,</span> <span class='ocrx_word' id='word_1_719' title='bbox 3551 4586 3754 4676; x_wconf 57' lang='grc' dir='ltr'>ποιεῖτξ·</span> 
     </span>
    </p>
   </div>
   <div class='ocr_carea' id='block_1_93' title="bbox 539 4671 2115 4764">
    <p class='ocr_par' dir='ltr' id='par_1_93' title="bbox 539 4695 2115 4763">
     <span class='ocr_line' id='line_1_93' title="bbox 539 4695 2115 4763; baseline 0.004 -17"><span class='ocrx_word' id='word_1_720' title='bbox 539 4695 613 4747; x_wconf 75' lang='lat' dir='ltr'><strong>ita</strong></span> <span class='ocrx_word' id='word_1_721' title='bbox 647 4696 792 4763; x_wconf 67' lang='lat' dir='ltr'><strong>leges</strong></span> <span class='ocrx_word' id='word_1_722' title='bbox 828 4707 880 4749; x_wconf 86' lang='lat' dir='ltr'><strong>et</strong></span> <span class='ocrx_word' id='word_1_723' title='bbox 912 4695 1152 4751; x_wconf 78' lang='lat' dir='ltr'><strong>canones</strong></span> <span class='ocrx_word' id='word_1_724' title='bbox 1185 4697 1448 4762; x_wconf 88' lang='lat' dir='ltr'><strong>clamant,</strong></span> <span class='ocrx_word' id='word_1_725' title='bbox 1489 4707 1549 4751; x_wconf 92' lang='lat' dir='ltr'><strong>ut</strong></span> <span class='ocrx_word' id='word_1_726' title='bbox 1584 4704 1748 4752; x_wconf 89' lang='lat' dir='ltr'><strong>antea</strong></span> <span class='ocrx_word' id='word_1_727' title='bbox 1781 4697 2115 4753; x_wconf 89' lang='lat' dir='ltr'><strong>demonstra-</strong></span> 
     </span>
    </p>
   </div>
   <div class='ocr_carea' id='block_1_94' title="bbox 2179 4671 3755 4764">
    <p class='ocr_par' dir='ltr' id='par_1_94' title="bbox 2221 4671 3755 4764">
     <span class='ocr_line' id='line_1_94' title="bbox 2221 4671 3755 4764; baseline -0.012 -15"><span class='ocrx_word' id='word_1_728' title='bbox 2221 4695 2364 4750; x_wconf 73' lang='grc' dir='ltr'>κατὰ</span> <span class='ocrx_word' id='word_1_729' title='bbox 2392 4694 2448 4748; x_wconf 84' lang='grc' dir='ltr'>δὲ</span> <span class='ocrx_word' id='word_1_730' title='bbox 2499 4695 2570 4748; x_wconf 68' lang='grc' dir='ltr'>τὰ</span> <span class='ocrx_word' id='word_1_731' title='bbox 2623 4693 2761 4764; x_wconf 78' lang='grc' dir='ltr'>ἔργα</span> <span class='ocrx_word' id='word_1_732' title='bbox 2794 4691 2996 4757; x_wconf 83' lang='grc' dir='ltr'>αὐτῶν,</span> <span class='ocrx_word' id='word_1_733' title='bbox 3058 4693 3134 4763; x_wconf 77' lang='grc' dir='ltr'>μὴ</span> <span class='ocrx_word' id='word_1_734' title='bbox 3171 4693 3415 4744; x_wconf 81' lang='grc' dir='ltr'>ποιεῖτε.</span> <span class='ocrx_word' id='word_1_735' title='bbox 3454 4706 3472 4739; x_wconf 66' lang='grc' dir='ltr'><strong>ι</strong></span> <span class='ocrx_word' id='word_1_736' title='bbox 3519 4681 3654 4738; x_wconf 69' lang='grc' dir='ltr'>Ἐπεὶ</span> <span class='ocrx_word' id='word_1_737' title='bbox 3687 4671 3755 4764; x_wconf 14' lang='grc' dir='ltr'>οῧγν</span> 
     </span>
    </p>
   </div>
   <div class='ocr_carea' id='block_1_95' title="bbox 540 4763 2116 4859">
    <p class='ocr_par' dir='ltr' id='par_1_95' title="bbox 540 4789 2116 4859">
     <span class='ocr_line' id='line_1_95' title="bbox 540 4789 2116 4859; baseline 0.004 -21"><span class='ocrx_word' id='word_1_738' title='bbox 540 4789 745 4850; x_wconf 70' lang='lat' dir='ltr'><strong>\‘ituus,</strong></span> <span class='ocrx_word' id='word_1_739' title='bbox 771 4800 824 4842; x_wconf 83' lang='lat' dir='ltr'><strong>et</strong></span> <span class='ocrx_word' id='word_1_740' title='bbox 858 4789 1014 4858; x_wconf 86' lang='lat' dir='ltr'><strong>paulo</strong></span> <span class='ocrx_word' id='word_1_741' title='bbox 1051 4799 1175 4859; x_wconf 89' lang='lat' dir='ltr'><strong>post</strong></span> <span class='ocrx_word' id='word_1_742' title='bbox 1207 4790 1373 4844; x_wconf 86' lang='lat' dir='ltr'><strong>etiam</strong></span> <span class='ocrx_word' id='word_1_743' title='bbox 1408 4789 1937 4846; x_wconf 86' lang='lat' dir='ltr'><strong>demonstrabimus.</strong></span> <span class='ocrx_word' id='word_1_744' title='bbox 1966 4789 2116 4846; x_wconf 86' lang='lat' dir='ltr'><strong>Nunc</strong></span> 
     </span>
    </p>
   </div>
   <div class='ocr_carea' id='block_1_96' title="bbox 2181 4763 3757 4859">
    <p class='ocr_par' dir='ltr' id='par_1_96' title="bbox 2222 4763 3757 4859">
     <span class='ocr_line' id='line_1_96' title="bbox 2222 4763 3757 4859; baseline -0.014 -14"><span class='ocrx_word' id='word_1_745' title='bbox 2222 4794 2319 4846; x_wconf 72' lang='grc' dir='ltr'>καὶ</span> <span class='ocrx_word' id='word_1_746' title='bbox 2343 4781 2498 4852; x_wconf 68' lang='grc' dir='ltr'>οὗτος</span> <span class='ocrx_word' id='word_1_747' title='bbox 2535 4789 2593 4840; x_wconf 81' lang='grc' dir='ltr'><strong>ὲν</strong></span> <span class='ocrx_word' id='word_1_748' title='bbox 2639 4790 2704 4859; x_wconf 81' lang='grc' dir='ltr'>τῇ</span> <span class='ocrx_word' id='word_1_749' title='bbox 2732 4786 2828 4840; x_wconf 85' lang='grc' dir='ltr'>τοῦ</span> <span class='ocrx_word' id='word_1_750' title='bbox 2860 4784 3066 4855; x_wconf 79' lang='grc' dir='ltr'>Πέτρου</span> <span class='ocrx_word' id='word_1_751' title='bbox 3100 4783 3346 4854; x_wconf 77' lang='grc' dir='ltr'>καθέδρᾳ</span> <span class='ocrx_word' id='word_1_752' title='bbox 3367 4780 3616 4849; x_wconf 76' lang='grc' dir='ltr'>κάθηται,</span> <span class='ocrx_word' id='word_1_753' title='bbox 3640 4763 3757 4834; x_wconf 72' lang='grc' dir='ltr'><strong>ὀφεῖ-</strong></span> 
     </span>
    </p>
   </div>
   <div class='ocr_carea' id='block_1_97' title="bbox 537 4858 2113 4954">
    <p class='ocr_par' dir='ltr' id='par_1_97' title="bbox 537 4882 2113 4954">
     <span class='ocr_line' id='line_1_97' title="bbox 537 4882 2113 4954; baseline 0.001 -20"><span class='ocrx_word' id='word_1_754' title='bbox 537 4882 790 4950; x_wconf 55' lang='lat' dir='ltr'><strong>detr-gere</strong></span> <span class='ocrx_word' id='word_1_755' title='bbox 822 4885 1076 4938; x_wconf 81' lang='lat' dir='ltr'><strong>volumus</strong></span> <span class='ocrx_word' id='word_1_756' title='bbox 1109 4885 1255 4954; x_wconf 88' lang='lat' dir='ltr'><strong>quod</strong></span> <span class='ocrx_word' id='word_1_757' title='bbox 1290 4900 1388 4940; x_wconf 90' lang='lat' dir='ltr'><strong>vos</strong></span> <span class='ocrx_word' id='word_1_758' title='bbox 1440 4885 1593 4940; x_wconf 88' lang='lat' dir='ltr'><strong>intus</strong></span> <span class='ocrx_word' id='word_1_759' title='bbox 1625 4883 1892 4939; x_wconf 84' lang='lat' dir='ltr'><strong>adversus</strong></span> <span class='ocrx_word' id='word_1_760' title='bbox 1927 4899 2113 4953; x_wconf 86' lang='lat' dir='ltr'><strong>papam</strong></span> 
     </span>
    </p>
   </div>
   <div class='ocr_carea' id='block_1_98' title="bbox 2177 4858 3753 4954">
    <p class='ocr_par' dir='ltr' id='par_1_98' title="bbox 2221 4858 3753 4954">
     <span class='ocr_line' id='line_1_98' title="bbox 2221 4858 3753 4954; baseline -0.006 -19"><span class='ocrx_word' id='word_1_761' title='bbox 2221 4883 2390 4952; x_wconf 83' lang='grc' dir='ltr'>λομεν</span> <span class='ocrx_word' id='word_1_762' title='bbox 2425 4879 2593 4934; x_wconf 77' lang='grc' dir='ltr'>αὑτοῦ</span> <span class='ocrx_word' id='word_1_763' title='bbox 2620 4880 2695 4943; x_wconf 86' lang='grc' dir='ltr'>ὡς</span> <span class='ocrx_word' id='word_1_764' title='bbox 2717 4879 2812 4933; x_wconf 80' lang='grc' dir='ltr'>τοῦ</span> <span class='ocrx_word' id='word_1_765' title='bbox 2845 4880 3054 4948; x_wconf 84' lang='grc' dir='ltr'>Πέτρου</span> <span class='ocrx_word' id='word_1_766' title='bbox 3099 4876 3342 4941; x_wconf 82' lang='grc' dir='ltr'>ἀκούειν,</span> <span class='ocrx_word' id='word_1_767' title='bbox 3381 4873 3477 4927; x_wconf 73' lang='grc' dir='ltr'><strong>καὶ</strong></span> <span class='ocrx_word' id='word_1_768' title='bbox 3509 4858 3753 4954; x_wconf 41' lang='grc' dir='ltr'>μιμεῖσθαι</span> 
     </span>
    </p>
   </div>
   <div class='ocr_carea' id='block_1_99' title="bbox 540 4948 2116 5048">
    <p class='ocr_par' dir='ltr' id='par_1_99' title="bbox 540 4973 2116 5048">
     <span class='ocr_line' id='line_1_99' title="bbox 540 4973 2116 5048; baseline 0.003 -22"><span class='ocrx_word' id='word_1_769' title='bbox 540 4990 607 5026; x_wconf 85' lang='lat' dir='ltr'><strong>ac</strong></span> <span class='ocrx_word' id='word_1_770' title='bbox 651 4973 874 5029; x_wconf 82' lang='lat' dir='ltr'><strong>Latinos</strong></span> <span class='ocrx_word' id='word_1_771' title='bbox 922 4977 1122 5048; x_wconf 76' lang='lat' dir='ltr'><strong>injuste</strong></span> <span class='ocrx_word' id='word_1_772' title='bbox 1166 4977 1494 5032; x_wconf 86' lang='lat' dir='ltr'><strong>continetis.</strong></span> <span class='ocrx_word' id='word_1_773' title='bbox 1536 4976 1750 5032; x_wconf 86' lang='lat' dir='ltr'><strong>Dicitur</strong></span> <span class='ocrx_word' id='word_1_774' title='bbox 1789 4977 1938 5031; x_wconf 87' lang='lat' dir='ltr'><strong>enim</strong></span> <span class='ocrx_word' id='word_1_775' title='bbox 1977 4976 2116 5046; x_wconf 87' lang='lat' dir='ltr'><strong>quod</strong></span> 
     </span>
    </p>
   </div>
   <div class='ocr_carea' id='block_1_100' title="bbox 2180 4948 3756 5048">
    <p class='ocr_par' dir='ltr' id='par_1_100' title="bbox 2223 4948 3756 5044">
     <span class='ocr_line' id='line_1_100' title="bbox 2223 4948 3756 5044; baseline -0.027 -2"><span class='ocrx_word' id='word_1_776' title='bbox 2223 4948 2351 5039; x_wconf 48' lang='grc' dir='ltr'>τοὺς</span> <span class='ocrx_word' id='word_1_777' title='bbox 2384 4975 2576 5042; x_wconf 83' lang='grc' dir='ltr'>λόγους</span> <span class='ocrx_word' id='word_1_778' title='bbox 2603 4973 2769 5028; x_wconf 71' lang='grc' dir='ltr'>αὐτοῦ</span> <span class='ocrx_word' id='word_1_779' title='bbox 2792 4989 2809 5006; x_wconf 83' lang='grc'><strong><em>⁸</em></strong></span> <span class='ocrx_word' id='word_1_780' title='bbox 2846 4974 2913 5024; x_wconf 77' lang='grc' dir='ltr'>τὰ</span> <span class='ocrx_word' id='word_1_781' title='bbox 2936 4971 2991 5024; x_wconf 78' lang='grc' dir='ltr'>δὲ</span> <span class='ocrx_word' id='word_1_782' title='bbox 3027 4973 3164 5042; x_wconf 79' lang='grc' dir='ltr'>ἔργα</span> <span class='ocrx_word' id='word_1_783' title='bbox 3197 4966 3369 5044; x_wconf 75' lang='grc' dir='ltr'>αὑτοῦ</span> <span class='ocrx_word' id='word_1_784' title='bbox 3410 4964 3484 5036; x_wconf 80' lang='grc' dir='ltr'>μὴ</span> <span class='ocrx_word' id='word_1_785' title='bbox 3517 4948 3756 5030; x_wconf 78' lang='grc' dir='ltr'>μιμεῖσθαι</span> 
     </span>
    </p>
   </div>
   <div class='ocr_carea' id='block_1_101' title="bbox 541 5054 2117 5138">
    <p class='ocr_par' dir='ltr' id='par_1_101' title="bbox 541 5068 2117 5138">
     <span class='ocr_line' id='line_1_101' title="bbox 541 5068 2117 5138; baseline 0.004 -22"><span class='ocrx_word' id='word_1_786' title='bbox 541 5078 765 5138; x_wconf 80' lang='lat' dir='ltr'><strong>propter</strong></span> <span class='ocrx_word' id='word_1_787' title='bbox 798 5079 1078 5137; x_wconf 82' lang='lat' dir='ltr'><strong>peccatum</strong></span> <span class='ocrx_word' id='word_1_788' title='bbox 1116 5068 1271 5123; x_wconf 90' lang='lat' dir='ltr'><strong>illum</strong></span> <span class='ocrx_word' id='word_1_789' title='bbox 1308 5071 1515 5125; x_wconf 88' lang='lat' dir='ltr'><strong>vitatis.</strong></span> <span class='ocrx_word' id='word_1_790' title='bbox 1550 5070 1620 5124; x_wconf 87' lang='lat' dir='ltr'><strong>At</strong></span> <span class='ocrx_word' id='word_1_791' title='bbox 1653 5071 1759 5125; x_wconf 87' lang='lat' dir='ltr'><strong>hoc</strong></span> <span class='ocrx_word' id='word_1_792' title='bbox 1789 5084 1981 5125; x_wconf 86' lang='lat' dir='ltr'><strong>verum</strong></span> <span class='ocrx_word' id='word_1_793' title='bbox 2016 5084 2117 5123; x_wconf 90' lang='lat' dir='ltr'><strong>non</strong></span> 
     </span>
    </p>
   </div>
   <div class='ocr_carea' id='block_1_102' title="bbox 2179 5054 3755 5138">
    <p class='ocr_par' dir='ltr' id='par_1_102' title="bbox 2225 5054 3755 5138">
     <span class='ocr_line' id='line_1_102' title="bbox 2225 5054 3755 5138; baseline -0.011 -16"><span class='ocrx_word' id='word_1_794' title='bbox 2225 5070 2273 5122; x_wconf 80' lang='grc' dir='ltr'><strong>εί</strong></span> <span class='ocrx_word' id='word_1_795' title='bbox 2306 5070 2522 5138; x_wconf 84' lang='grc' dir='ltr'>πονηρά</span> <span class='ocrx_word' id='word_1_796' title='bbox 2546 5065 2680 5121; x_wconf 67' lang='grc' dir='ltr'>ὦσιν</span> <span class='ocrx_word' id='word_1_797' title='bbox 2701 5083 2714 5098; x_wconf 77' lang='grc' dir='ltr'><strong><em>ο</em></strong></span> <span class='ocrx_word' id='word_1_798' title='bbox 2753 5067 2931 5130; x_wconf 77' lang='grc' dir='ltr'>οὕτως</span> <span class='ocrx_word' id='word_1_799' title='bbox 2961 5067 3110 5136; x_wconf 73' lang='grc' dir='ltr'>ἡμᾶς</span> <span class='ocrx_word' id='word_1_800' title='bbox 3144 5065 3194 5117; x_wconf 81' lang='grc' dir='ltr'>οἱ</span> <span class='ocrx_word' id='word_1_801' title='bbox 3235 5061 3387 5131; x_wconf 77' lang='grc' dir='ltr'>ἆγιοι</span> <span class='ocrx_word' id='word_1_802' title='bbox 3421 5054 3755 5113; x_wconf 73' lang='grc' dir='ltr'>διδάσκουσιν·</span> 
     </span>
    </p>
   </div>
   <div class='ocr_carea' id='block_1_103' title="bbox 540 5145 2116 5232">
    <p class='ocr_par' dir='ltr' id='par_1_103' title="bbox 540 5161 2116 5232">
     <span class='ocr_line' id='line_1_103' title="bbox 540 5161 2116 5232; baseline -0.002 -16"><span class='ocrx_word' id='word_1_803' title='bbox 540 5171 664 5225; x_wconf 87' lang='lat' dir='ltr'><strong>est,</strong></span> <span class='ocrx_word' id='word_1_804' title='bbox 707 5162 798 5215; x_wconf 87' lang='lat' dir='ltr'><strong>sed</strong></span> <span class='ocrx_word' id='word_1_805' title='bbox 847 5175 1042 5214; x_wconf 87' lang='lat' dir='ltr'><strong>causas</strong></span> <span class='ocrx_word' id='word_1_806' title='bbox 1089 5163 1338 5232; x_wconf 75' lang='lat' dir='ltr'><strong>quaeritis</strong></span> <span class='ocrx_word' id='word_1_807' title='bbox 1364 5203 1380 5227; x_wconf 90' lang='lat'><strong>,</strong></span> <span class='ocrx_word' id='word_1_808' title='bbox 1416 5161 1652 5229; x_wconf 80' lang='lat' dir='ltr'><strong>fratres,</strong></span> <span class='ocrx_word' id='word_1_809' title='bbox 1706 5177 1902 5232; x_wconf 88' lang='lat' dir='ltr'><strong>parum</strong></span> <span class='ocrx_word' id='word_1_810' title='bbox 1944 5177 2116 5217; x_wconf 54' lang='lat' dir='ltr'><strong>veras.</strong></span> 
     </span>
    </p>
   </div>
   <div class='ocr_carea' id='block_1_104' title="bbox 2186 5145 3762 5232">
    <p class='ocr_par' dir='ltr' id='par_1_104' title="bbox 2225 5145 3762 5232">
     <span class='ocr_line' id='line_1_104' title="bbox 2225 5145 3762 5232; baseline -0.021 -6"><span class='ocrx_word' id='word_1_811' title='bbox 2225 5160 2398 5222; x_wconf 71' lang='grc' dir='ltr'>οὕτως</span> <span class='ocrx_word' id='word_1_812' title='bbox 2434 5161 2484 5214; x_wconf 73' lang='grc' dir='ltr'>οἱ</span> <span class='ocrx_word' id='word_1_813' title='bbox 2517 5161 2670 5230; x_wconf 87' lang='grc' dir='ltr'>νόμοι</span> <span class='ocrx_word' id='word_1_814' title='bbox 2693 5161 2789 5214; x_wconf 72' lang='grc' dir='ltr'><strong>καὶ</strong></span> <span class='ocrx_word' id='word_1_815' title='bbox 2813 5161 2864 5212; x_wconf 84' lang='grc' dir='ltr'><strong>οί</strong></span> <span class='ocrx_word' id='word_1_816' title='bbox 2893 5161 3115 5222; x_wconf 86' lang='grc' dir='ltr'>κανόνες</span> <span class='ocrx_word' id='word_1_817' title='bbox 3145 5157 3368 5228; x_wconf 83' lang='grc' dir='ltr'>βοῶσιν,</span> <span class='ocrx_word' id='word_1_818' title='bbox 3393 5153 3467 5212; x_wconf 83' lang='grc' dir='ltr'>ὡς</span> <span class='ocrx_word' id='word_1_819' title='bbox 3499 5145 3762 5232; x_wconf 58' lang='grc' dir='ltr'>φθάσαντξξ</span> 
     </span>
    </p>
   </div>
   <div class='ocr_carea' id='block_1_105' title="bbox 544 5223 2120 5324">
    <p class='ocr_par' dir='ltr' id='par_1_105' title="bbox 544 5255 2120 5320">
     <span class='ocr_line' id='line_1_105' title="bbox 544 5255 2120 5320; baseline 0.001 -13"><span class='ocrx_word' id='word_1_820' title='bbox 544 5255 824 5310; x_wconf 68' lang='lat' dir='ltr'><strong>llaledixit</strong></span> <span class='ocrx_word' id='word_1_821' title='bbox 869 5257 1014 5308; x_wconf 88' lang='lat' dir='ltr'><strong>enim</strong></span> <span class='ocrx_word' id='word_1_822' title='bbox 1061 5257 1216 5310; x_wconf 80' lang='lat' dir='ltr'><strong>vobis</strong></span> <span class='ocrx_word' id='word_1_823' title='bbox 1240 5297 1254 5320; x_wconf 88' lang='lat'><strong><em>,</em></strong></span> <span class='ocrx_word' id='word_1_824' title='bbox 1286 5267 1337 5312; x_wconf 92' lang='lat' dir='ltr'><strong>et</strong></span> <span class='ocrx_word' id='word_1_825' title='bbox 1371 5272 1467 5311; x_wconf 85' lang='lat' dir='ltr'><strong>vos</strong></span> <span class='ocrx_word' id='word_1_826' title='bbox 1498 5257 1708 5310; x_wconf 88' lang='lat' dir='ltr'><strong>invenit</strong></span> <span class='ocrx_word' id='word_1_827' title='bbox 1745 5255 2120 5309; x_wconf 81' lang='lat' dir='ltr'><strong>excommuni-</strong></span> 
     </span>
    </p>
   </div>
   <div class='ocr_carea' id='block_1_106' title="bbox 2187 5223 3763 5324">
    <p class='ocr_par' dir='ltr' id='par_1_106' title="bbox 2229 5223 3763 5324">
     <span class='ocr_line' id='line_1_106' title="bbox 2229 5223 3763 5324; baseline -0.014 -17"><span class='ocrx_word' id='word_1_828' title='bbox 2229 5223 2596 5321; x_wconf 77' lang='grc' dir='ltr'>ἀπεδείξαμεν</span> <span class='ocrx_word' id='word_1_829' title='bbox 2636 5253 2730 5305; x_wconf 77' lang='grc' dir='ltr'>καὶ</span> <span class='ocrx_word' id='word_1_830' title='bbox 2775 5253 2857 5304; x_wconf 78' lang='grc' dir='ltr'>ἔτι</span> <span class='ocrx_word' id='word_1_831' title='bbox 2903 5223 3268 5320; x_wconf 79' lang='grc' dir='ltr'>ἀποδείξομεν</span> <span class='ocrx_word' id='word_1_832' title='bbox 3297 5249 3356 5300; x_wconf 82' lang='grc' dir='ltr'>ὲν</span> <span class='ocrx_word' id='word_1_833' title='bbox 3385 5244 3570 5310; x_wconf 72' lang='grc' dir='ltr'>ὀλίγῳ.</span> <span class='ocrx_word' id='word_1_834' title='bbox 3598 5231 3698 5288; x_wconf 82' lang='grc' dir='ltr'><strong>Νῦν</strong></span> <span class='ocrx_word' id='word_1_835' title='bbox 3721 5223 3763 5324; x_wconf 58' lang='grc' dir='ltr'>δξ</span> 
     </span>
    </p>
   </div>
   <div class='ocr_carea' id='block_1_107' title="bbox 545 5327 2121 5418">
    <p class='ocr_par' dir='ltr' id='par_1_107' title="bbox 545 5346 2121 5418">
     <span class='ocr_line' id='line_1_107' title="bbox 545 5346 2121 5418; baseline 0.003 -18"><span class='ocrx_word' id='word_1_836' title='bbox 545 5349 694 5402; x_wconf 85' lang='lat' dir='ltr'><strong>catio</strong></span> <span class='ocrx_word' id='word_1_837' title='bbox 723 5348 1000 5418; x_wconf 87' lang='lat' dir='ltr'><strong>deletique</strong></span> <span class='ocrx_word' id='word_1_838' title='bbox 1027 5346 1274 5403; x_wconf 81' lang='lat' dir='ltr'><strong>funditus</strong></span> <span class='ocrx_word' id='word_1_839' title='bbox 1303 5350 1461 5404; x_wconf 89' lang='lat' dir='ltr'><strong>estis.</strong></span> <span class='ocrx_word' id='word_1_840' title='bbox 1483 5348 1587 5404; x_wconf 89' lang='lat' dir='ltr'><strong>Sed</strong></span> <span class='ocrx_word' id='word_1_841' title='bbox 1621 5348 1760 5403; x_wconf 85' lang='lat' dir='ltr'><strong>alius</strong></span> <span class='ocrx_word' id='word_1_842' title='bbox 1786 5357 1869 5402; x_wconf 92' lang='lat' dir='ltr'><strong>est</strong></span> <span class='ocrx_word' id='word_1_843' title='bbox 1898 5348 2121 5404; x_wconf 87' lang='lat' dir='ltr'><strong>morbus</strong></span> 
     </span>
    </p>
   </div>
   <div class='ocr_carea' id='block_1_108' title="bbox 2189 5327 3765 5418">
    <p class='ocr_par' dir='ltr' id='par_1_108' title="bbox 2235 5327 3765 5418">
     <span class='ocr_line' id='line_1_108' title="bbox 2235 5327 3765 5418; baseline -0.015 -16"><span class='ocrx_word' id='word_1_844' title='bbox 2235 5346 2536 5418; x_wconf 79' lang='grc' dir='ltr'>βουλόμεθα</span> <span class='ocrx_word' id='word_1_845' title='bbox 2591 5344 2939 5416; x_wconf 67' lang='grc' dir='ltr'>ἀνακαλύψλι</span> <span class='ocrx_word' id='word_1_846' title='bbox 2988 5345 3126 5412; x_wconf 83' lang='grc' dir='ltr'>ὅπερ</span> <span class='ocrx_word' id='word_1_847' title='bbox 3158 5343 3322 5413; x_wconf 81' lang='grc' dir='ltr'>ὑμεῖς</span> <span class='ocrx_word' id='word_1_848' title='bbox 3363 5337 3511 5392; x_wconf 71' lang='grc' dir='ltr'>ἔνδον</span> <span class='ocrx_word' id='word_1_849' title='bbox 3541 5327 3667 5384; x_wconf 75' lang='grc' dir='ltr'><strong>κατὰ</strong></span> <span class='ocrx_word' id='word_1_850' title='bbox 3692 5332 3765 5418; x_wconf 58' lang='grc' dir='ltr'><strong>τξὶυ</strong></span> 
     </span>
    </p>
   </div>
   <div class='ocr_carea' id='block_1_109' title="bbox 546 5408 2122 5513">
    <p class='ocr_par' dir='ltr' id='par_1_109' title="bbox 546 5442 2122 5513">
     <span class='ocr_line' id='line_1_109' title="bbox 546 5442 2122 5513; baseline 0.003 -21"><span class='ocrx_word' id='word_1_851' title='bbox 546 5454 610 5493; x_wconf 79' lang='lat' dir='ltr'><strong>cx</strong></span> <span class='ocrx_word' id='word_1_852' title='bbox 642 5456 750 5509; x_wconf 89' lang='lat' dir='ltr'><strong>quo</strong></span> <span class='ocrx_word' id='word_1_853' title='bbox 781 5453 1010 5513; x_wconf 64' lang='lat' dir='ltr'><strong>aegrotat</strong></span> <span class='ocrx_word' id='word_1_854' title='bbox 1042 5443 1190 5498; x_wconf 89' lang='lat' dir='ltr'><strong>intus</strong></span> <span class='ocrx_word' id='word_1_855' title='bbox 1217 5442 1400 5497; x_wconf 90' lang='lat' dir='ltr'><strong>anima</strong></span> <span class='ocrx_word' id='word_1_856' title='bbox 1435 5449 1640 5509; x_wconf 79' lang='lat' dir='ltr'><strong>vestra,</strong></span> <span class='ocrx_word' id='word_1_857' title='bbox 1673 5451 1734 5497; x_wconf 91' lang='lat' dir='ltr'><strong>ut</strong></span> <span class='ocrx_word' id='word_1_858' title='bbox 1763 5450 1924 5496; x_wconf 90' lang='lat' dir='ltr'><strong>antea</strong></span> <span class='ocrx_word' id='word_1_859' title='bbox 1961 5456 2122 5512; x_wconf 83' lang='lat' dir='ltr'><strong>expo-</strong></span> 
     </span>
    </p>
   </div>
   <div class='ocr_carea' id='block_1_110' title="bbox 2188 5408 3764 5513">
    <p class='ocr_par' dir='ltr' id='par_1_110' title="bbox 2234 5408 3764 5513">
     <span class='ocr_line' id='line_1_110' title="bbox 2234 5408 3764 5513; baseline -0.013 -19"><span class='ocrx_word' id='word_1_860' title='bbox 2234 5408 2408 5494; x_wconf 55' lang='grc' dir='ltr'>ίπάπα</span> <span class='ocrx_word' id='word_1_861' title='bbox 2427 5438 2524 5492; x_wconf 74' lang='grc' dir='ltr'>καὶ</span> <span class='ocrx_word' id='word_1_862' title='bbox 2576 5439 2684 5490; x_wconf 76' lang='grc' dir='ltr'><strong>τῶν</strong></span> <span class='ocrx_word' id='word_1_863' title='bbox 2719 5408 2966 5491; x_wconf 71' lang='grc' dir='ltr'>Λατίνων</span> <span class='ocrx_word' id='word_1_864' title='bbox 2995 5408 3211 5499; x_wconf 37' lang='grc' dir='ltr'>ἀδίκως.</span> <span class='ocrx_word' id='word_1_865' title='bbox 3243 5435 3398 5504; x_wconf 73' lang='grc' dir='ltr'>ἔχετε</span> <span class='ocrx_word' id='word_1_866' title='bbox 3423 5445 3436 5460; x_wconf 79' lang='grc' dir='ltr'><strong><em>ο</em></strong></span> <span class='ocrx_word' id='word_1_867' title='bbox 3471 5426 3646 5513; x_wconf 70' lang='grc' dir='ltr'>λέγετε</span> 
     </span>
    </p>
   </div>
   <div class='ocr_carea' id='block_1_111' title="bbox 550 5503 2126 5607">
    <p class='ocr_par' dir='ltr' id='par_1_111' title="bbox 550 5533 2126 5607">
     <span class='ocr_line' id='line_1_111' title="bbox 550 5533 2126 5607; baseline 0.003 -22"><span class='ocrx_word' id='word_1_868' title='bbox 550 5533 784 5599; x_wconf 86' lang='lat' dir='ltr'><strong>suimus,</strong></span> <span class='ocrx_word' id='word_1_869' title='bbox 813 5551 919 5592; x_wconf 88' lang='lat' dir='ltr'><strong>non</strong></span> <span class='ocrx_word' id='word_1_870' title='bbox 952 5536 1225 5593; x_wconf 83' lang='lat' dir='ltr'><strong>audentes</strong></span> <span class='ocrx_word' id='word_1_871' title='bbox 1258 5537 1436 5607; x_wconf 88' lang='lat' dir='ltr'><strong>palam</strong></span> <span class='ocrx_word' id='word_1_872' title='bbox 1473 5534 1680 5607; x_wconf 86' lang='lat' dir='ltr'><strong>dicere,</strong></span> <span class='ocrx_word' id='word_1_873' title='bbox 1713 5552 1780 5592; x_wconf 91' lang='lat' dir='ltr'><strong>ne</strong></span> <span class='ocrx_word' id='word_1_874' title='bbox 1814 5537 1956 5592; x_wconf 80' lang='lat' dir='ltr'><strong>forte</strong></span> <span class='ocrx_word' id='word_1_875' title='bbox 1984 5551 2126 5591; x_wconf 87' lang='lat' dir='ltr'><strong>eun-</strong></span> 
     </span>
    </p>
   </div>
   <div class='ocr_carea' id='block_1_112' title="bbox 2189 5503 3765 5607">
    <p class='ocr_par' dir='ltr' id='par_1_112' title="bbox 2235 5503 3765 5601">
     <span class='ocr_line' id='line_1_112' title="bbox 2235 5503 3765 5601; baseline -0.026 -2"><span class='ocrx_word' id='word_1_876' title='bbox 2235 5533 2311 5599; x_wconf 78' lang='grc' dir='ltr'><strong>ὡς</strong></span> <span class='ocrx_word' id='word_1_877' title='bbox 2339 5531 2429 5586; x_wconf 65' lang='grc' dir='ltr'>διὰ</span> <span class='ocrx_word' id='word_1_878' title='bbox 2457 5529 2557 5600; x_wconf 71' lang='grc' dir='ltr'><strong>τὴν</strong></span> <span class='ocrx_word' id='word_1_879' title='bbox 2581 5529 2863 5601; x_wconf 73' lang='grc' dir='ltr'>ἁμαρτίαν</span> <span class='ocrx_word' id='word_1_880' title='bbox 2904 5529 3136 5598; x_wconf 79' lang='grc' dir='ltr'>φεύγετε</span> <span class='ocrx_word' id='word_1_881' title='bbox 3169 5503 3367 5580; x_wconf 75' lang='grc' dir='ltr'>αὐτόν’</span> <span class='ocrx_word' id='word_1_882' title='bbox 3404 5517 3520 5576; x_wconf 78' lang='grc' dir='ltr'>ἀλλ’</span> <span class='ocrx_word' id='word_1_883' title='bbox 3559 5511 3650 5567; x_wconf 82' lang='grc' dir='ltr'><strong>ούκ</strong></span> <span class='ocrx_word' id='word_1_884' title='bbox 3673 5503 3765 5557; x_wconf 65' lang='grc' dir='ltr'><strong>ἐστι</strong></span> 
     </span>
    </p>
   </div>
   <div class='ocr_carea' id='block_1_113' title="bbox 627 5713 2169 5783">
    <p class='ocr_par' dir='ltr' id='par_1_113' title="bbox 627 5713 2169 5783">
     <span class='ocr_line' id='line_1_113' title="bbox 627 5713 2169 5783; baseline -0.005 -13"><span class='ocrx_word' id='word_1_885' title='bbox 627 5717 672 5748; x_wconf 87' lang='grc'>³⁷</span> <span class='ocrx_word' id='word_1_886' title='bbox 708 5717 838 5770; x_wconf 75' lang='lat' dir='ltr'><strong>Luc.</strong></span> <span class='ocrx_word' id='word_1_887' title='bbox 877 5719 1045 5783; x_wconf 72' lang='grc' dir='ltr'><strong>κ,16.</strong></span> <span class='ocrx_word' id='word_1_888' title='bbox 1151 5716 1194 5753; x_wconf 80' lang='grc'><strong>³⁸</strong></span> <span class='ocrx_word' id='word_1_889' title='bbox 1235 5719 1338 5774; x_wconf 88' lang='lat' dir='ltr'><strong>lsa.</strong></span> <span class='ocrx_word' id='word_1_890' title='bbox 1373 5732 1409 5783; x_wconf 91' lang='lat' dir='ltr'><strong>I,</strong></span> <span class='ocrx_word' id='word_1_891' title='bbox 1446 5714 1530 5770; x_wconf 67' lang='lat'><strong>19.</strong></span> <span class='ocrx_word' id='word_1_892' title='bbox 1609 5715 1653 5748; x_wconf 70' lang='grc'>³³</span> <span class='ocrx_word' id='word_1_893' title='bbox 1685 5715 1879 5769; x_wconf 76' lang='lat' dir='ltr'><strong>Matth.</strong></span> <span class='ocrx_word' id='word_1_894' title='bbox 1925 5727 2083 5778; x_wconf 72' lang='lat' dir='ltr'><strong>XXIII,</strong></span> <span class='ocrx_word' id='word_1_895' title='bbox 2117 5713 2169 5766; x_wconf 74' lang='lat'><strong>9..</strong></span> 
     </span>
    </p>
   </div>
   <div class='ocr_carea' id='block_1_114' title="bbox 638 5874 3076 5958">
    <p class='ocr_par' dir='ltr' id='par_1_114' title="bbox 638 5874 3076 5958">
     <span class='ocr_line' id='line_1_114' title="bbox 638 5874 3076 5958; baseline -0.005 -17"><span class='ocrx_word' id='word_1_896' title='bbox 638 5891 714 5958; x_wconf 77' lang='lat' dir='ltr'><strong>(l‘,</strong></span> <span class='ocrx_word' id='word_1_897' title='bbox 756 5887 863 5941; x_wconf 67' lang='lat' dir='ltr'><strong>liuc</strong></span> <span class='ocrx_word' id='word_1_898' title='bbox 895 5887 1021 5940; x_wconf 86' lang='lat' dir='ltr'><strong>dicit</strong></span> <span class='ocrx_word' id='word_1_899' title='bbox 1057 5897 1275 5958; x_wconf 65' lang='lat' dir='ltr'><strong>proyler</strong></span> <span class='ocrx_word' id='word_1_900' title='bbox 1307 5885 1645 5952; x_wconf 82' lang='lat' dir='ltr'><strong>Jannizcros,</strong></span> <span class='ocrx_word' id='word_1_901' title='bbox 1681 5886 1774 5955; x_wconf 89' lang='lat' dir='ltr'><strong>qui</strong></span> <span class='ocrx_word' id='word_1_902' title='bbox 1804 5900 1865 5940; x_wconf 80' lang='lat' dir='ltr'><strong>ex</strong></span> <span class='ocrx_word' id='word_1_903' title='bbox 1899 5883 2126 5954; x_wconf 66' lang='lat' dir='ltr'><strong>captivis</strong></span> <span class='ocrx_word' id='word_1_904' title='bbox 2170 5880 2466 5950; x_wconf 70' lang='lat' dir='ltr'><strong>eliguntur,</strong></span> <span class='ocrx_word' id='word_1_905' title='bbox 2501 5889 2549 5933; x_wconf 88' lang='lat' dir='ltr'><strong>et</strong></span> <span class='ocrx_word' id='word_1_906' title='bbox 2583 5874 3076 5934; x_wconf 83' lang='lat' dir='ltr'><strong>circumciduntur.</strong></span> 
     </span>
    </p>
   </div>
  </div>
