3992 6400
333 408 468 471 i373

956 411 1107 471 PllO
1140 411 1349 473 CONC.
1399 414 1776 477 FLOREN'I‘.
1812 416 1973 480 CAP.
2008 420 2073 480 V-
2123 420 2216 478 DE
2246 420 2866 488 PliiMATU‘PAl‘E.

3454 421 3609 486 ητις

318 521 495 586 τοῦτο,
516 519 617 574 οὐκ
640 519 809 584 ἔστιν,
830 512 876 574 ὦ
899 522 1041 590 φίλοι
1066 524 1244 577 κά),λά
1282 524 1710 594 προφασίζεσθε,
1744 526 1900 580 ἀδελ-

2027 530 2110 585 :Iis
2154 530 2432 587 haereticis
2486 535 2707 603 pejores
2764 534 3077 597 νοω-ιιιίηῑ,
3129 543 3180 589 et
3222 533 3344 587 sitis
3390 533 3617 599 cOgniti~

320 615 432 682 φοὶ.
464 613 768 685 προφάσεις
792 615 892 670 ούκ
918 616 1141 684 ἀληθεῖς
1163 632 1180 650 ⁸
1218 619 1581 687 κατηράσατο
1608 620 1719 689 γὰρ
1746 619 1902 690 ὑμῖν,

322 707 418 760 καὶ
447 703 607 778 εὗρεν
642 709 788 776 ὑμᾶς
822 710 851 762 6
880 709 1191 779 ἀφορισμός
1213 723 1231 741 ⁸
1268 712 1362 764 καὶ
1384 711 1725 781 ἠφανίσθητε
1765 729 1905 765 παν-

321 799 512 862 τελῶς.
554 800 695 854 Ἀλλ’
728 799 859 855 ἄλλο
917 804 1065 855 ἐστὶν
1094 802 1122 855 ὃ
1179 802 1329 857 ἔνδον
1362 805 1419 858 ἱν
1447 808 1511 874 τῇ
1555 804 1703 877 ψυχῇ
1732 823 1902 876 νοση-

320 892 546 947 λεύεσθε
576 892 652 956 ὡς
687 895 1062 966 προείπομεν·
1100 897 1415 966 αἰδούμενοι
1443 900 1525 961 είς
1567 897 1630 951 τὸ
1664 900 1905 970 φανερὸν

321 987 522 1049 εἰπεῖν,
558 988 756 1056 μήπως
800 988 1046 1059 χείρονες
1096 990 1317 1044 πάντων
1366 990 1663 1058 αἱρετικῶν
1694 989 1905 1060 ὀνομα-

325 1078 595 1149 σθήσεσθε
647 1081 744 1135 καὶ
802 1083 1303 1153 φανερωθήσεσθε·
1364 1086 1460 1138 καὶ
1513 1084 1716 1153 ἥδεσθε
1743 1083 1906 1138 τοῦτο

328 1171 609 1238 μασᾶσθαι
640 1173 735 1226 ὑπ’
754 1173 946 1228 ὀδόντα
969 1191 983 1207 ⁸
1014 1177 1108 1229 καὶ
1130 1175 1260 1231 ἀλλο
1284 1175 1433 1230 ἐστὶν
1467 1175 1495 1230 δ
1520 1177 1634 1238 τοῖς
1663 1175 1905 1247 χείλεσιν

326 1261 477 1330 ἔχετε
506 1278 521 1291 ·
557 1264 707 1329 ὅμως
743 1266 851 1317 dici
881 1283 1022 1326 τινες
1059 1268 1256 1336 μωροὶ,
1292 1266 1355 1319 οἳ
1395 1269 1489 1319 καὶ
1526 1266 1778 1335 φανερῶς
1819 1265 1915 1319 λέ-

327 1368 486 1417 γουσι
542 1355 670 1416 τοὺς
711 1356 979 1419 Λατίνους
1016 1357 1358 1425 αἱρετικοῦς,
1398 1356 1493 1409 καὶ
1526 1357 1634 1426 πρό
1671 1372 1734 1425 γε
1768 1356 1908 1408 πάν-

328 1464 436 1498 των
468 1447 561 1500 τὸν
605 1449 799 1501 πάπσν
830 1465 843 1478 ·
898 1449 993 1502 καὶ
1036 1450 1125 1503 διὰ
1172 1449 1351 1514 τοῦτο,
1388 1450 1512 1503 οὔτε
1558 1453 1658 1520 τὴν
1708 1449 1909 1504 ῑνωσιν

330 1541 536 1605 θέλετε,
565 1542 691 1594 οὔτε
722 1542 781 1594 τὸ
813 1544 1160 1612 μνημόσυνον
1189 1544 1285 1597 τοῦ
1317 1545 1478 1598 πάπα
1526 1544 1752 1598 ἀκούειν
1781 1545 1910 1598 ἀνέ-

326 1632 487 1703 χεσθε
515 1648 529 1663 ·
563 1633 690 1687 οῦτε
718 1636 842 1698 τοὺς
875 1635 1297 1702 ἀσπαζομένους
1342 1636 1443 1706 τὴν
1472 1636 1673 1689 ἕνωσιν
1713 1636 1908 1707 ἱερεῖς,

326 1725 463 1794 ἐρᾷν
492 1724 822 1792 ἀποδέχεσθε
852 1740 865 1755 ’
910 1724 1034 1779 οὔτε
1082 1726 1211 1788 τοὺς
1247 1726 1756 1793 συγκοινωνοῦντας
1807 1728 1908 1779 αύο

333 1819 461 1879 τοῖς,
485 1817 850 1885 Χριστιανοὺς
878 1818 1014 1882 ὅλως
1043 1819 1195 1889 ἔχετε
1223 1836 1237 1852 ·
1262 1819 1358 1872 καὶ
1387 1819 1440 1871 εί
1468 1836 1573 1872 που
1589 1818 1905 1887 εύρεθείητε

325 1909 388 1961 τὺ
422 1910 772 1978 μνημόσυνον
810 1912 907 1965 τοῦ
963 1913 1122 1965 πάπα
1162 1912 1478 1975 ἀκούοντες,
1512 1911 1812 1982 ἀντίδωρον
1844 1911 1905 1964 ού

326 1996 639 2065 λαμϐάνετε
668 2017 682 2030 ⁸
717 2001 857 2055 ἀλλὰ
920 2003 1203 2071 μαίνεσθε,
1240 2005 1333 2057 καί⁵
1366 2004 1491 2066 τοὺς
1525 2003 1749 2067 ὀδόντας
1785 2003 1908 2057 κατ’

327 2091 510 2141 αὐτῶν
536 2092 644 2143 τῶν
679 2092 876 2161 ἱερέων
931 2095 1192 2164 ὡμότατα
1226 2095 1479 2167 βρύχετε,
1529 2096 1622 2150 καὶ
1658 2097 1910 2166 χείρονας

2006 626 2151 693 apud
2186 639 2414 690 omnes;
2464 629 2755 697 magisque
2802 628 2968 681 vultis
3016 625 3278 681 mandere
3324 628 3428 679 sub
3464 625 3599 677 den-

2011 715 2175 769 tibus.
2231 715 2336 771 Sed
2390 717 2540 772 aliud
2594 719 2721 787 quid
2778 728 2863 773 est
2912 719 3054 788 quod
3110 718 3270 794 labiis
3320 717 3592 786 premitis.

2011 807 2250 874 Quidam
2288 818 2469 864 tamen
2504 809 2643 866 adeo
2677 811 2860 866 stolidi
2913 820 3041 865 sunt
3069 851 3082 875 ,
3125 809 3445 880 qui-aperte
3487 808 3596 862 La-

2010 900 2157 955 tinos
2204 889 2491 958 haereticos
2523 918 2643 957 esse
2677 904 2908 965 dicunt,
2941 911 2995 956 et
3034 917 3229 973 papam
3266 910 3464 970 praeter
3493 915 3599 954 cae-

2013 1003 2162 1049 teros
2202 1010 2398 1052 omnes
2424 1036 2441 1059 .
2489 997 2720 1067 ideoque
2763 998 3027 1053 unionem
3081 996 3334 1067 refugitis
3361 1035 3377 1060 ,
3420 1008 3601 1064 neque

2010 1103 2163 1158 papae
2213 1091 2536 1145 memoriam
2576 1090 2766 1146 audire
2794 1132 2810 1155 ,
2859 1105 3038 1161 neque
3089 1090 3180 1159 qui
3225 1089 3483 1142 unionem
3531 1102 3598 1141 ex

2008 1177 2215 1232 vestris
2264 1178 2653 1237 sacerdotibus
2711 1179 3133 1249 amplectuntur
3181 1174 3369 1231 videre
3424 1172 3603 1229 susti-

2012 1271 2193 1326 netis:
2234 1287 2412 1341 neque
2456 1272 2707 1342 qui'eum
2745 1272 2880 1342 ipsis
2927 1268 3341 1324 communicant
3378 1267 3623 1324 omnino.

2013 1375 2110 1429 pro
2136 1360 2473 1418 Christianis
2509 1364 2766 1429 habetis;
2798 1373 2849 1417 et
2883 1362 3107 1417 siforte
3136 1360 3405 1429 contingit
3449 1369 3511 1413 ut
3547 1359 3604 1413 in

2010 1453 2233 1524 aliquod
2269 1456 2569 1511 incurratis
2603 1457 2746 1525 quod
2787 1474 2881 1512 vos
2919 1472 3070 1526 papa!
3098 1451 3561 1509 commouet‘aciat
3586 1491 3602 1514 ,

2013 1560 2210 1615 panem
2243 1547 2536 1603 oblationis
2562 1565 2670 1602 non
2700 1548 2976 1618 accipitis,
3005 1546 3097 1602 sed
3125 1544 3289 1601 furiis
3316 1540 3625 1615 agitamini.

2014 1653 2079 1691 ae
2129 1637 2383 1693 dentibus
2428 1641 2692 1695 adversus
2735 1640 2885 1708 ipsos
2934 1636 3247 1693 sacerdotes
3296 1632 3605 1690 saevissime

2016 1727 2330 1787 'rnfrenditis
2354 1772 2367 1792 .
2397 1741 2449 1785 et
2477 1730 2682 1788 Judaeis
2713 1734 3016 1787 deteriores
3049 1745 3174 1786 esse
3205 1727 3435 1799 putatis.
3476 1724 3604 1779 Haec

2016 1822 2184 1892 igitur
2211 1823 2455 1893 proferre
2485 1825 2938 1890 reformidantes,
2965 1831 3026 1877 ut
3059 1824 3195 1877 iram
3235 1821 3629 1889 quorumdam.

2018 1916 2331 1982 declinetis,
2364 1916 2428 1970 ad
2462 1928 2713 1987 apertum
2750 1917 3187 1984 integumentum
3220 1923 3443 1968 strenue
3474 1925 3608 1965 cou-

2021 2008 2212 2077 fugitis
2239 2048 2255 2075 ,
2290 2020 2345 2065 et
2391 2011 2653 2066 adversus
2697 2011 2988 2066 veritatem
3021 2008 3278 2080 pugnatis
3303 2047 3319 2073 ,
3358 2005 3426 2060 de
3465 2001 3627 2059 asiui‘

2022 2100 2220 2154 umbra
2257 2100 2338 2172 (ut
2369 2099 2567 2173 fertur)
2602 2104 2970 2158 decertantes.

325 2191 438 2244 τῶν
484 2193 761 2247 Ἰουδαίων
802 2195 1048 2264 ἡγεῖσθε.
1108 2197 1292 2251 Ταῦτα
1328 2190 1422 2249 οὖν
1472 2194 1783 2256 δειλιῶντες
1833 2196 2033 2259 εἰπεῖν,
2073 2195 2248 2266 θυμόν
2324 2218 2489 2253 τινων
2550 2200 2906 2270 φοϐούμενοι,
2978 2198 3118 2269 πρὸς
3195 2196 3255 2250 τὸ
3341 2192 3610 2265 πρόδηλον

328 2287 683 2357 ἀποσκίασμα
710 2289 976 2356 γενναίως
998 2290 1321 2360 ἐκφεύγετε.
1351 2289 1609 2361 Μάχεσθε
1633 2290 1729 2345 καὶ
1753 2287 1914 2358 ὑμεῖς
1952 2284 2054 2353 τὴν
2094 2289 2379 2359 ἀλήθειαν,
2410 2292 2550 2364 ὑπὲρ
2594 2292 2716 2346 δνου
2748 2292 2931 2353 σκιᾶς.

1062 2383 1163 2437 IE'.

414 2471 560 2525 Ἀλλ’
595 2473 760 2542 ἡμεῖς
783 2475 843 2526 ὲν
869 2476 983 2538 τοῖς
1013 2476 1284 2548 πρότερον
1308 2476 1627 2549 εἰρημένοις
1663 2474 1911 2545 τέσσαρα

339 2564 514 2631 βιϐλία
551 2566 833 2633 ἐκθέντες,
867 2569 1037 2622 πολλὰ
1069 2571 1201 2640 περὶ
1229 2572 1422 2625 τούτου
1453 2571 1780 2641 εἱρὴκαμεν,
1812 2569 1912 2638 τὴν

332 2658 594 2726 ἀλήθειαν
619 2661 696 2724 ὡς
741 2661 866 2713 ινδν
894 2662 1197 2735 διαρρήδην
1226 2664 1591 2734 κηρύξαντες,
1640 2662 1735 2717 καὶ
1783 2664 1911 2724 τοὺς

332 2749 595 2815 Λατίνους
620 2752 935 2823 ὀρθοδόξους
961 2750 1103 2806 εἶναι
1133 2755 1388 2823 φανερῶς
1413 2755 1471 2807 ἐν
1501 2756 1613 2819 τοῖς
1641 2753 1912 2822 δόγμασιν

333 2844 766 2914 έτρανώσαμεν·
806 2849 898 2900 καὶ
944 2847 1149 2910 ἀδίκως
1183 2846 1317 2917 παρ’
1347 2847 1505 2918 ὑμῶν
1540 2863 1909 2917 συκοφαντου-

335 2937 533 3005 μένους
587 2941 1025 3010 παρεστήσαμεν
1079 2940 1226 3009 μάλα
1270 2942 1561 3009 γενναίως.
1599 2938 1691 2993 Ἐν
1742 2938 1798 2993 δὲ
1837 2938 1913 3009 τῷ

333 3030 589 3100 παρόντι,
639 3032 717 3099 τῷ
750 3032 993 3103 πέμπτῳ
1025 3033 1230 3103 δηλαδὴ
1279 3034 1477 3104 τούτῳ,
1508 3032 1608 3089 ούκ
1642 3033 1801 3103 ὀλίγα
1840 3035 1917 3087 εἱ·-

339 3124 590 3193 ρήκαμεν
614 3139 633 3154 ι
662 3123 754 3177 τδν
786 3124 883 3193 τῆς
924 3123 1147 3194 Ῥώμης
1191 3125 1479 3196 ἀρχιερέα,
1510 3126 1757 3195 διάδοχον
1786 3125 1920 3179 ὄντα

2755 2382 2874 2440 XV.

2096 2479 2164 2531 At
2206 2493 2310 2533 nos
2346 2479 2402 2532 in
2446 2479 2882 2547 praecedentibus
2906 2519 2921 2544 ,
2964 2494 3104 2546 quos
3141 2486 3302 2531 antra
3337 2474 3611 2529 edidimus

2021 2584 2259 2645 quatuor
2299 2573 2454 2629 libris
2480 2613 2496 2638 ,
2537 2573 2712 2629 multa
2751 2574 2817 2628 de
2859 2573 2926 2629 iis
2961 2571 3170 2628 eisdem
3208 2568 3567 2624 tractavimus
3593 2606 3610 2631 ,

2020 2666 2309 2722 veritatem
2344 2681 2442 2736 pro
2471 2666 2680 2722 viribus
2712 2673 2901 2736 aperte
2930 2664 3315 2735 praedicantes,
3360 2658 3614 2715 Latinos-

2018 2774 2126 2827 que
2158 2760 2211 2814 in
2257 2758 2605 2830 dogmatibus
2638 2758 2977 2813 ortltodoxos
3007 2770 3130 2810 esse
3182 2753 3392 2823 liquido
3425 2761 3614 2805 osten-

2019 2852 2207 2909 dimus
2233 2892 2250 2918 ,
2294 2861 2352 2908 et
2392 2851 2546 2908 falsis
2589 2866 2685 2906 eos
2719 2850 2895 2921 premi
2942 2848 3239 2905 calumniis
3273 2843 3490 2917 egregie
3525 2842 3615 2896 de-

2018 2944 2471 3008 monstravimus,
2500 2952 2555 2997 et
2583 2944 2635 2996 in
2668 2942 2773 2997 hoc
2798 2942 2994 3011 quinto
3021 2936 3268 3010 profecto
3299 2949 3405 2989 non
3438 2946 3611 3002 pauca

2020 3035 2308 3093 attulimus
2336 3074 2352 3101 ,
2390 3034 2604 3090 scilicet
2656 3033 2971 3103 pontificem
3024 3045 3147 3086 esse
3196 3025 3343 3083 Petri
3392 3039 3615 3081 succes-

2025 3144 2209 3185 sorem
2259 3142 2313 3184 et
2354 3128 2623 3184 vicarium
2660 3124 2964 3184 Salvatoris
3014 3122 3188 3179 nostri
3234 3120 3361 3175 Jesu
3404 3116 3610 3173 Christi

334 3214 433 3269 τοῦ
493 3216 704 3286 Πέτρου
761 3215 1252 3280 ἀποδεικνύοντες·
1299 3217 1395 3270 καὶ
1439 3215 1520 3270 ἔτι
1552 3216 1917 3286 ἀποδείξομεν

2027 3220 2477 3292 comprobanda;
2512 3234 2751 3289 eumque
2785 3217 2962 3273 solum
2996 3215 3247 3270 obtinere
3280 3217 3615 3281 potestatem

336 3306 434 3360 τοῦ
470 3307 679 3375 Πέτρου
711 3307 960 3377 διάδοχον
993 3302 1134 3359 εἶναι
1165 3306 1351 3373 αὐτὸν,
1386 3309 1482 3360 καὶ
1530 3308 1919 3377 τοποτηρητὴν

334 3399 432 3451 τοῦ
457 3399 712 3470 Σωτῆρος
735 3401 895 3471 ἡμῶν
932 3400 1109 3471 Ἰησοῦ
1133 3399 1375 3472 Χριστοῦ
1396 3417 1410 3431 ·
1439 3402 1535 3454 καὶ
1565 3399 1730 3452 αὐτὸν
1758 3398 1921 3467 μόνον

337 3486 483 3556 ἔχειν
522 3488 774 3552 ἐξουσίαν
821 3491 1006 3544 πᾶσαν
1053 3490 1392 3561 Ἐκκλησίαν
1434 3488 1626 3553 ἁπλῶς
1659 3487 1923 3543 διιθύνειν

338 3579 432 3630 καὶ
491 3579 784 3648 κυΰερνᾷν,
818 3580 1041 3650 δεσμεῖν
1075 3598 1137 3633 τε
1184 3583 1281 3635 καὶ
1330 3580 1504 3645 λύειν,
1546 3581 1794 3646 εὐλογεῖν
1829 3579 1923 3632 καὶ

342 3670 716 3740 καταρᾶσθαι,
763 3674 1028 3743 ἐπιτιμᾷν
1074 3672 1170 3725 καὶ
1209 3672 1392 3727 ἱᾶσθαι
1415 3689 1431 3704 ·
1466 3673 1561 3726 καὶ
1608 3671 1793 3743 χώραν
1829 3672 1922 3743 καὶ

344 3758 599 3829 εὐπορίαν
624 3764 787 3830 μόνον
818 3741 1091 3833 ἔχειντὴν
1135 3763 1321 3817 πίστιν
1365 3763 1462 3817 καὶ
1491 3764 1591 3833 τὴν
1615 3741 1923 3833 ἱερωσύνην

341 3850 637 3919 ἐξετάζειν.
673 3852 883 3908 Λύτίκα
915 3856 1077 3925 γὰρό
1112 3858 1289 3926 μέγας
1324 3856 1608 3928 Θεόδωρος
1643 3858 1670 3909 6
1702 3854 1921 3909 Στουδίο

339 3963 439 4014 της
473 3948 529 4000 ὲν
553 3950 617 4017 τῇ
651 3947 788 4016 πρὸς
823 3948 1130 4017 Παοχάλιον
1155 3947 1345 4001 πάπαν
1368 3948 1657 4018 ἐπιστολῇ,
1691 3944 1922 3999 τοιαῦτα

340 4039 565 4107 φάσκει·
615 4058 633 4089 ι
675 4042 907 4104 "Amos,
961 4040 1297 4108 ἀποστολικὴ
1333 4039 1498 4109 κάρα,
1553 4037 1923 4110 θεοπρόό>.ητε

341 4133 551 4203 ποιμὴν
580 4132 689 4186 τῶν
719 4132 962 4204 Χριστοῦ
997 4133 1293 4205 προδάτων
1318 4149 1331 4164 ·
1369 4130 1651 4203 κλειδοῦχε
1697 4132 1799 4200 τῆς
1837 4130 1927 4184 οὐ-

344 4226 523 4295 ρανῶν
555 4225 875 4297 βασιλείας·
909 4226 1089 4298 πέτρα
1115 4231 1216 4293 τῆς
1255 4229 1518 4293 πίστεως,
1547 4228 1633 4297 ἐφ’
1725 4224 1929 4297 ᾠκοδό⁴

345 4335 514 4387 μηται
544 4322 576 4390 ἡ
615 4321 879 4391 moth
915 4321 1215 4392 Ἐκκλησία
1240 4337 1257 4351 ⁸
1306 4323 1517 4391 Πέτρος
1548 4323 1657 4390 γὰρ
1695 4324 1782 4387 σὺ,
1833 4312 1957 4374 τὸν

345 4412 554 4485 Πέτρου
604 4415 794 4485 θρόνον
847 4413 1075 4483 κοσμῶν
1125 4416 1223 4467 καὶ
1268 4414 1497 4468 διέπων.
1544 4434 1564 4466 ι
1621 4417 1730 4469 Καὶ
1786 4417 1929 4485 μετά

340 4520 498 4557 τινα·
547 4525 566 4556 ι
603 4505 776 4575 Δεῦρο
832 4506 898 4577 δὴ
943 4506 1054 4559 ἀτιδ
1124 4506 1350 4577 δυσμῶν
1401 4508 1430 4558 6
1484 4509 1926 4577 χριστομίμητος

1944 3268 1989 3325 C

2027 3329 2245 3369 omnem
2306 3311 2612 3369 Ecclesiam
2672 3310 2926 3366 absolute
2981 3306 3249 3379 dirigendi
3302 3312 3359 3361 et
3411 3302 3615 3374 guber-

2028 3408 2193 3461 nandi
2221 3447 2237 3470 ,
2271 3406 2480 3476 ligandi
2520 3417 2576 3461 et
2611 3405 2903 3468 solvendi,
2945 3399 3309 3470 redarguendi
3339 3440 3354 3463 ,
3391 3395 3619 3452 benedi-

2027 3500 2206 3560 Cendi.
2238 3500 2622 3563 maledicendi,
2657 3497 2973 3567 corrigendi
3006 3513 3071 3553 ac
3103 3493 3378 3559 medendi,
3412 3490 3619 3547 solum-

2026 3606 2133 3660 que
2165 3589 2317 3643 illum
2357 3589 2562 3643 habere
2593 3586 2909 3642 facultatem
2948 3590 3015 3641 de
3065 3585 3169 3639 fide
3213 3595 3270 3638 et
3305 3567 3619 3638 saceFdotio

2026 3681 2373 3753 exquirendi.
2410 3680 2546 3735 Nam
2595 3681 2778 3734 statim
2833 3694 3072 3748 magnus
3120 3675 3452 3745 Theodorus
3493 3671 3620 3727 Stu-

2027 3777 2171 3832 dites
2201 3775 2255 3829 in
2292 3774 2525 3844 epistola
2556 3775 2623 3827 ad
2657 3770 2975 3827 Pascltalem
3011 3784 3205 3840 papam
3240 3769 3357 3822 haec
3382 3765 3564 3836 inquit
3600 3783 3617 3820 :

2034 3888 2054 3922 ε
2101 3869 2268 3935 Audi,
2317 3868 2675 3939 apostolicum
2724 3874 2918 3936 caput,
2969 3879 2998 3917 a
3049 3861 3159 3917 Deo
3187 3861 3623 3927 electe,pastor

2030 3960 2478 4025 oviumChristi,
2511 3960 2748 4030 claviger
2782 3957 2931 4029 regni
2970 3956 3262 4017 cmlorum,
3302 3961 3454 4021 petra
3493 3948 3617 4003 fidei

2032 4075 2129 4132 per
2160 4074 2322 4129 quam
2356 4055 2624 4111 aedificata
2661 4062 2746 4109 est
2779 4049 3049 4106 catholica
3084 4045 3359 4100 Ecclesia.
3396 4040 3532 4095 Nam
3560 4048 3619 4093 tu

2031 4163 2091 4205 es
2115 4146 2311 4203 Petrus
2339 4144 2481 4200 Petri
2516 4146 2703 4199 sedem
2734 4156 3012 4198 exornans
3044 4149 3099 4194 et
3131 4138 3478 4209 gubernans;
3518 4151 3536 4183 ι
3569 4140 3618 4185 et

2035 4244 2158 4306 post
2189 4235 2437 4305 quaedam
2471 4250 2487 4288 :
2526 4252 2545 4285 ι
2583 4231 2703 4289 Huc
2734 4234 2886 4296 ades,
2928 4230 2997 4286 ab
3028 4227 3328 4285 Occidente
3358 4230 3624 4293 exs‘urge,

2033 4339 2088 4383 et
2118 4343 2188 4382 ne
2212 4326 2451 4398 repellas
2483 4325 2537 4380 in
2576 4324 2736 4379 linem
2763 4338 2779 4389 ;
2813 4321 2911 4377 tibi
2942 4334 3179 4391 namque
3207 4316 3344 4374 dixit
3368 4314 3629 4370 Christus

2035 4420 2178 4477 Deus
2211 4430 2432 4485 uoster,
2470 4428 2528 4473 et
2563 4426 2621 4472 tu
2655 4416 2986 4487 quandoque
3019 4425 3323 4468 conversus
3355 4406 3622 4462 confirma

2036 4513 2234 4569 fratres
2285 4524 2431 4569 tuos.
2482 4530 2504 4565 ι
2579 4509 2755 4565 Audis
2836 4505 3112 4577 quomodo
3194 4501 3432 4572 appellat
3488 4511 3627 4568 pon-

345 4599 613 4669 ἀνάστηθι
666 4602 762 4652 καὶ
819 4599 898 4671 μὴ
929 4597 1130 4673 ἀπώσῃ
1160 4602 1241 4662 εἱς
1276 4597 1447 4661 τέλος.
1493 4599 1640 4667 Πρὸς
1695 4600 1756 4652 σὲ
1813 4600 1919 4670 γὰρ

2037 4608 2237 4661 titicem
2290 4619 2522 4675 magnus
2565 4602 2654 4657 hic
2710 4600 2869 4656 Pater
2919 4598 3162 4662 Petrum,
3207 4605 3262 4648 et
3289 4591 3625 4660 clavigerum

341 4693 532 4764 εἴρηκε
566 4693 802 4763 Χριστὸς
830 4692 1010 4756 όΘεὺς
1035 4692 1214 4762 ἡμῶν·
1248 4712 1266 4744 ι
1298 4693 1407 4746 Καὶ
1426 4691 1495 4745 σύ
1512 4709 1642 4745 ποτε
1673 4693 1930 4763 ἐπιστρέ-

343 4786 477 4855 φας.
514 4786 792 4859 στηρίξεις
825 4787 953 4849 τοὺς
984 4785 1253 4855 ἀδελφούς
1286 4801 1405 4838 σου.
1450 4802 1470 4836 ι
1516 4783 1766 4846 Ἀκούεις
1812 4784 1931 4848 πῶς

344 4878 496 4948 λέγει
526 4880 622 4934 τδν
649 4881 751 4950 τῆς
799 4878 1023 4949 Ῥώμης
1045 4878 1315 4950 ἀρχιερέα
1344 4877 1374 4930 6
1408 4875 1582 4947 μέγας
1614 4868 1770 4939 οὗτος
1818 4877 1933 4927 ﬂa-

343 4976 472 5047 τὴρ,
510 4978 719 5046 Πέτρον
747 4976 841 5028 καὶ
870 4972 1189 5044 κλειδοῦχον
1224 4971 1371 5041 ζωῆς
1406 4973 1653 5037 αἰωνίου,
1681 4971 1776 5023 καὶ
1801 4987 1929 5023 ποι-

349 5071 511 5142 μένα,
562 5072 660 5123 καὶ
727 5067 1100 5136 ἀποστολικὴν
1148 5066 1368 5135 κάραν;
1423 5066 1520 5119 καὶ
1586 5064 1932 5118 ἐπικαλεῖται

344 5166 564 5236 ἀρωγὸν
606 5166 708 5236 τῆς
738 5161 1378 5223 Κωνσταντινουπόλεως
1421 5160 1511 5214 διὰ
1551 5159 1650 5222 τὰς
1690 5160 1932 5229 αἱρέσεις

344 5260 456 5314 τῶν
495 5258 927 5328 Εἰκονομάχων;
972 5254 1144 5310 Πόθεν
1178 5251 1361 5320 τοῦτο,
1398 5252 1448 5306 εἱ
1479 5251 1556 5324 μὴ
1609 5252 1694 5304 ὅτι
1724 5254 1932 5314 ἐκεῖνος

347 5351 495 5425 εἶχεν
525 5354 778 5419 ἐξουσίαν
811 5351 1092 5420 στηρίζειν
1127 5348 1225 5411 τὰς
1254 5347 1456 5409 λοιπὰς
1498 5344 1821 5415 ἐκκλησίας,
1859 5344 1934 5406 ὡς

346 5447 616 5517 αἱρέσεως
644 5447 824 5513 πάσης
852 5445 1129 5513 ἀνώτερος
1159 5439 1257 5502 ὢν,
1282 5440 1378 5492 καλ⁸
1407 5438 1933 5510 ύπερανῳκισμένος

349 5539 534 5610 πάσης
564 5536 733 5607 ζάλης
781 5534 1120 5606 αἱρετικῶν;
1158 5532 1266 5586 Καὶ
1304 5529 1498 5585 τούτου
1543 5530 1757 5600 μάρτυς
1778 5530 1806 5582 6
1831 5529 1933 5583 αύ-

345 5635 438 5699 τδς
480 5635 535 5687 ὲν
559 5635 626 5703 τῇ
664 5631 802 5700 πρδς
864 5627 1028 5681 αὑτὸν
1064 5624 1377 5697 Πασχάλιον
1417 5622 1683 5694 ἐπιστολῇ
1711 5621 1888 5689 λέγων
1913 5635 1932 5653 ·

354 5746 375 5781 ε
422 5726 613 5798 Ὑμεῖς
663 5721 759 5779 οὖν
802 5723 877 5787 ὡς
927 5721 1143 5791 exure;
1182 5720 1216 5789 ἡ
1259 5717 1530 5779 ἀθ.·λωτος
1563 5717 1659 5769 καὶ
1710 5714 1935 5787 ἀκαπήο

350 5822 541 5883 λευτος
597 5817 751 5888 πηγὴ
800 5817 858 5880 ἐξ
904 5813 1082 5887 ἀρχῆς
1134 5812 1236 5883 τῆς
1292 5810 1634 5881 όρθοδοξίας.
1672 5807 1866 5880 Ὑμεῖς
1905 5810 1934 5862 ό

356 5913 541 5982 πάσης
575 5911 857 5981 αἱρετικῆς
884 5909 1051 5978 ζάλης
1085 5908 1483 5977 ἀντικισμένος,
1512 5907 1537 5957 6
1571 5903 1743 5967 εὔδιος
1767 5901 1933 5973 λιμὴν

2038 4700 2166 4755 vitae
2215 4708 2456 4763 a-ternm,
2517 4703 2572 4750 et
2602 4690 2902 4766 pastorem,
2934 4698 2988 4746 et
3023 4687 3385 4759 apostolicum
3420 4681 3630 4753 caput?

2038 4804 2305 4865 rogatque
2324 4800 2380 4846 ut
2403 4785 2874 4858 Constantinopoli
2900 4784 3210 4840 subsidium
3239 4779 3379 4835 ferat
3406 4787 3630 4849 propter

2037 4863 2230 4939 eorum
2266 4882 2505 4937 haereses
2541 4880 2635 4950 qui
2674 4878 2944 4946 imagines
2984 4870 3404 4944 oppugnabant.
3444 4863 3624 4920 Unde-

2038 4991 2165 5032 nam
2200 4974 2349 5030 hoc?
2375 4972 2494 5029 Non
2521 4974 2596 5041 ob
2622 4968 2830 5040 aliquid
2856 4967 3003 5022 aliud
3031 4966 3135 5020 nisi
3162 4964 3290 5033 quia
3322 4961 3366 5017 is
3397 4956 3631 5014 habebat

2039 5076 2363 5141 potestatem
2391 5074 2621 5121 caeteras
2645 5061 2921 5118 Ecclesiae
2951 5055 3340 5121 confirmandi,
3368 5061 3628 5120 tanquam

2038 5163 2134 5234 qui
2184 5159 2442 5216 omnibus
2488 5156 2791 5213 haeresibus
2830 5153 3088 5225 superior
3129 5157 3309 5213 esset,
3357 5147 3632 5213 longeque

2039 5254 2254 5326 positus
2288 5259 2436 5307 esset
2465 5250 2533 5304 ab
2558 5249 2707 5304 onmi
2747 5245 2985 5318 procella
3016 5241 3426 5299 haereticorum.
3454 5233 3634 5305 Hujus

2039 5347 2117 5403 rei
2158 5347 2392 5415 ipsemet
2425 5343 2580 5399 testis
2613 5350 2701 5396 est
2732 5340 2787 5396 in
2825 5337 3055 5410 epistola
3085 5333 3153 5390 ad
3188 5329 3508 5390 Paschalem
3545 5328 3633 5384 di-

2047 5455 2179 5496 cens
2216 5458 2228 5494 :
2274 5458 2292 5490 ι
2336 5435 2449 5493 Vos
2483 5436 2650 5509 igitur
2686 5448 2815 5491 vere
2864 5432 3050 5488 illimis
3096 5426 3220 5485 fons
3271 5439 3337 5482 ac
3379 5425 3632 5480 sincerus

2034 5534 2150 5605 jam
2184 5531 2313 5588 inde
2348 5548 2376 5587 a
2414 5528 2687 5603 principio
2723 5542 2864 5584 vera:
2896 5525 3021 5581 fidei
3046 5563 3062 5587 ,
3096 5538 3191 5578 vos
3222 5522 3290 5575 ab
3320 5520 3469 5576 omni
3516 5520 3633 5572 ha:-

2042 5627 2339 5681 rcticorum
2389 5622 2630 5696 procella
2678 5621 2841 5692 longe
2894 5617 3058 5690 positi
3115 5634 3129 5671 :
3181 5628 3412 5670 securus
3461 5612 3633 5667 totius

2043 5716 2302 5774 Ecclesize
2330 5726 2543 5789 portus,
2573 5729 2671 5770 vos
2698 5731 2726 5768 a
2759 5713 2872 5768 Deo
2903 5712 3079 5767 electa
3110 5709 3305 5765 civitas
3332 5704 3401 5761 ad
3431 5705 3630 5759 salutis

2042 5810 2338 5881 refugium.
2385 5829 2403 5863 ι
2446 5807 2709 5878 lntelligis
2745 5819 2857 5876 quo
2890 5811 3049 5875 pacto
3096 5814 3354 5858 securum
3403 5805 3629 5867 portum

2044 5904 2275 5973 appellat
2314 5902 2484 5958 totius
2518 5898 2773 5956 Ecclesia:
2810 5897 3119 5953 Romanum
3159 5886 3517 5964 pontiﬁcem?
3551 5886 3620 5944 ad
