3992 6428
433 375 569 435 ΝἸό

1598 377 1915 436 Ῐίλῑίῐῗῖἶῐ
1966 378 2013 435 Ili
2032 375 2517 438 ETUON'ENSIS

3520 373 3641 437 1376

425 505 588 558 quem
628 499 684 545 ut
727 493 939 560 navigia
978 493 1044 546 ah
1083 491 1243 547 undis
1289 492 1340 544 in
1382 492 1560 545 medio
1598 493 1765 545 maris
1800 493 1999 558 agitata

2121 494 2203 558 εἰς
2225 494 2353 559 ὅλης
2389 493 2741 564 Ἐκκλησίας.
2783 491 2975 560 ’Υμεῖς
3005 492 3056 544 οί
3088 488 3376 559 θεήλεκτος
3402 490 3540 553 πόλις
3559 496 3635 546 τοῦ

430 586 484 638 in
526 597 746 654 portum
783 587 1138 655 profugiunt,
1183 603 1250 640 ne
1288 585 1421 640 foris
1455 587 1639 640 relicta
1682 602 1708 639 a
1747 586 2003 640 ﬂuctibus

428 688 593 747 atque
637 690 769 733 aestu
807 689 1152 749 mergantur;
1200 679 1279 733 sic
1321 686 1376 733 et
1414 692 1606 732 omnes
1643 677 1900 732 Ecclesiae
1935 678 2005 731 ab

431 770 701 826 haereticis
733 779 986 839 tanquam
1017 785 1046 822 a
1079 769 1333 824 fluctibus
1363 780 1569 823 vexata:
1596 768 1661 823 ad
1694 768 2002 824 Romanum

431 864 740 932 pontitleem
768 904 783 927 ,
825 864 993 918 veluti
1042 863 1106 919 ad
1142 873 1359 934 portum
1396 863 1589 919 salutis
1639 862 2009 931 confugiunt,

432 955 527 1009 ubi
566 956 1016 1027 tranquillitatem
1058 965 1112 1010 et
1143 957 1385 1026 quietem
1415 971 1631 1009 omnem
1672 956 2003 1009 nanciscan-

433 1056 541 1100 tur.
569 1046 701 1099 Nam
737 1062 801 1100 eo
826 1047 931 1101 loci
965 1047 1086 1099 fidei
1118 1047 1298 1101 claves
1329 1047 1583 1103 Christus
1616 1050 1756 1117 apud
1789 1046 2003 1101 Petrum

433 1140 740 1205 apostolum
777 1139 1073 1208 deposuit,
1111 1150 1169 1192 ut
1201 1140 1503 1194 Ecclesiam
1546 1150 1717 1194 totam
1761 1149 2008 1209 pasceret

432 1244 596 1300 atque
650 1232 1018 1300 gubernaret,
1063 1247 1162 1287 nec
1212 1233 1353 1299 apud
1404 1232 1553 1287 illum
1611 1244 1867 1295 tantum,
1908 1233 2005 1287 sed

431 1323 594 1377 etiam
631 1324 921 1392 apud‘ejus
962 1339 1311 1380 successores
1335 1367 1348 1390 ,
1384 1326 1487 1394 ipsi
1520 1326 1706 1381 dicens
1732 1366 1747 1391 ,
1788 1344 1807 1377 ¢
1850 1325 1916 1379 Et
1952 1336 2004 1378 tu

431 1415 727 1484 aliquando
766 1431 1109 1479 conversus.
1158 1417 1420 1471 confirma
1482 1419 1689 1474 fratres
1758 1430 1933 1486 tuos;
1980 1437 1999 1471 ι

431 1523 552 1575 ψιτὲ
595 1509 814 1576 quidem
864 1525 973 1564 non
1025 1511 1127 1565 soli
1177 1512 1339 1566 Petro
1395 1514 1781 1581 contigerunt,
1825 1513 1915 1568 sed
1953 1523 2005 1568 et

431 1603 552 1667 rjns
604 1603 1039 1658 successoribus.
1086 1603 1219 1657 Nam
1275 1603 1552 1675 Sylvester
1601 1622 1830 1676 magnus
1870 1624 2004 1677 papa

436 1694 713 1749 Romanus
749 1704 871 1764 post
923 1696 1256 1766 baptismum
1296 1698 1646 1753 Constantini
1675 1741 1690 1763 ,
1741 1700 1853 1754 Arii
1898 1700 2005 1754 ha:-

2108 589 2544 660 φυγαδευτηρίου
2580 589 2681 657 τῆς
2716 588 2965 658 σωτηρία
2980 605 3018 640 :.
3074 604 3090 637 ι
3135 586 3401 645 Ἀκούεις,
3431 585 3537 649 πῶς
3563 584 3637 638 εῦ-

2105 683 2217 736 διον
2243 681 2445 751 λιμένα
2478 682 2579 751 τῆς
2609 681 2738 750 ὅλης
2791 678 3118 746 Ἐκκλησίας
3154 677 3418 730 ἀποκαλεῖ
3450 677 3532 730 τὸν
3559 677 3641 745 τῆς

2118 775 2338 845 Ῥώμης
2369 776 2658 845 ἀρχιερέα,
2692 774 2781 826 ἴνα
2827 771 3019 842 ὥσπερ
3066 770 3132 824 τά
3165 770 3326 824 πλοῖα
3369 770 3524 837 μέσον
3563 772 3646 835 τῆς

2107 869 2387 938 θαλάσσης
2412 868 2813 937 βασανιζόμενοι
2843 865 2949 919 ὑπὸ
2980 865 3088 918 τῶν
3126 864 3389 932 κυμάτων
3416 865 3544 933 πρὸς
3567 864 3646 917 τὸν

2106 961 2304 1030 λιμένα
2337 962 2618 1031 τρέχουσι,
2653 959 2729 1031 μὴ
2767 960 3030 1029 μείνωσιν
3063 957 3169 1021 ἔξω
3201 955 3298 1011 καὶ
3350 972 3646 1011 καταποντι-

2112 1053 2316 1108 σθῶσιν
2347 1053 2455 1106 ὑπὸ
2482 1053 2592 1106 τῶν
2620 1053 2883 1122 κυμάτων
2904 1067 2961 1103 τε
2990 1050 3085 1103 καὶ
3103 1048 3201 1102 τοῦ
3222 1048 3502 1112 κλύδωνος,
3527 1047 3651 1101 οὕτω

2109 1146 2205 1199 καὶ
2245 1145 2535 1215 ἐκκλησίαι
2563 1146 2738 1198 πᾶσαι
2773 1139 3243 1211 κλυδωνιζόμεναι
3277 1141 3425 1209 παρὰ
3455 1140 3555 1193 τῶν
3584 1140 3651 1192 αἱ·

2112 1236 2320 1308 ρέσεων
2352 1234 2511 1307 δίκην
2566 1236 2858 1305 κυμάτων,
2887 1234 3028 1304 πρὸς
3077 1233 3171 1287 τὸν
3200 1233 3303 1301 τῆς
3339 1230 3547 1302 Ῥώμης
3565 1232 3651 1299 ἀρ-

2108 1328 2322 1399 χιερέα,
2355 1327 2430 1390 ὡς
2465 1327 2601 1398 πρὸς
2653 1328 2850 1396 λιμένα
2889 1329 3179 1398 σωτήριον,
3219 1325 3517 1398 τρέχωσιν·
3545 1325 3649 1379 ἓνθι

2109 1421 2353 1489 γαλήνην
2408 1422 2505 1474 καὶ
2555 1420 2797 1489 ἠρεμίαν
2842 1421 3026 1474 πᾶσαν
3053 1418 3536 1488 εὑρήσουσιν,ὲκεῖ
3561 1417 3649 1485 γὰρ

2109 1514 2262 1568 ἔθετο
2292 1515 2526 1585 Χριστὸς
2558 1514 2656 1577 τὰς
2683 1515 2833 1576 κλεῖς
2868 1515 2968 1581 τῆς
2997 1512 3239 1576 πίστεως
3289 1512 3347 1563 ὲν
3382 1506 3649 1579 Πέτρῳτῷ

2108 1608 2413 1681 ἀποστόλῳ,
2461 1608 2779 1676 ποιμαίνειν
2834 1608 2932 1662 καὶ
2963 1606 3242 1676 κυϐερνᾷν
3269 1605 3397 1672 ὅλην
3423 1604 3516 1672 τὴν
3552 1604 3653 1655 Ἐκ-

2110 1702 2365 1771 κλησίαν,
2396 1704 2496 1756 οὐκ
2526 1701 2721 1773 ἐκείνῳ
2772 1702 2941 1771 μόνῳ,
2975 1699 3113 1754 ἀλλὰ
3154 1701 3253 1753 κοιλ⁸
3280 1701 3394 1761 τοῖς
3422 1696 3649 1765 ἆαδὸχοις

431 1788 600 1846 resim
632 1787 890 1853 abolevit,
922 1797 976 1841 et
1002 1789 1055 1843 in
1080 1793 1267 1844 eadem
1296 1791 1429 1845 urbe
1459 1790 1708 1847 Liberius
1736 1808 1799 1847 ac
1829 1790 2007 1848 Julius

2121 1794 2295 1849 ιῦτοῦ.
2314 1795 2484 1862 λέγων
2507 1794 2642 1864 πρ³›ς
2666 1794 2849 1855 αὐτὸν,
2884 1811 2903 1845 ι
2932 1794 3039 1845 Καὶ
3068 1792 3131 1846 σύ
3164 1810 3295 1845 ποτε
3329 1789 3649 1856 ἐπιστραφεῖς

432 1884 794 1937 Athanasium
831 1880 1270 1944 confirmarunt,
1319 1889 1373 1935 et
1412 1881 1794 1937 Alexandriam
1838 1883 2007 1937 remi-

432 1983 625 2033 serunt
648 2018 661 2039 .
697 1991 831 2031 cum
863 1976 933 2031 ab
973 1974 1192 2029 Arianis
1237 1976 1670 2044 persecutionem
1703 1984 2011 2041 pateretur.

432 2069 725 2125 Damasius
774 2084 908 2139 papa
966 2067 1215 2122 Ennomii
1263 2065 1858 2138 Constantinopolitani
1908 2084 2007 2139 pa-

435 2162 692 2216 triarchae
729 2161 980 2215 ha-resim
1015 2160 1262 2215 funditus
1298 2160 1544 2216 sustulit.
1580 2160 1748 2215 Divus
1778 2160 2008 2216 Celesti-

437 2270 540 2308 nus
562 2254 711 2323 impii
733 2254 964 2308 Nestorii
991 2263 1044 2308 et
1063 2255 1655 2322 Constantinopolitani
1683 2255 2008 2323 patriarcha:

437 2348 683 2401 haeresim
719 2361 812 2416 per
843 2347 1102 2417 Cyrillum
1140 2349 1458 2416 theegorum
1494 2349 1708 2401 delevit.
1748 2346 1854 2401 Leo
1886 2361 2011 2401 san-

437 2441 716 2495 ctissimus
746 2442 1062 2508 sacrilegam
1098 2439 1366 2512 Eutychis
1394 2450 1448 2495 et
1482 2442 1728 2496 Diosrori
1760 2441 2009 2496 hmresim

438 2530 744 2586 damnavit.
811 2533 1074 2588 Martinus
1136 2542 1192 2588 et
1255 2534 1469 2603 Agatho
1529 2533 2010 2587 Monothelitarum

439 2625 727 2680 scelestam
766 2626 1013 2681 haeresim
1051 2627 1218 2681 verbo
1252 2636 1305 2680 et
1349 2627 1612 2696 operibus
1643 2628 2009 2682 sustulerunt.

438 2716 736 2786 Gregorius
776 2734 1007 2788 magnus
1045 2718 1297 2789 Dialogus
1327 2718 1663 2789 impietatem
1702 2736 1893 2774 eorum
1921 2721 2012 2788 qui

441 2812 710 2881 imagines
735 2813 1123 2881 oppugnabant
1169 2812 1501 2867 anathemati
1530 2814 1783 2882 subjecit.
1814 2813 2017 2868 Deinde

441 2911 561 2969 post
610 2890 1037 2958 inoliedietitiam
1086 2913 1140 2958 et
1187 2905 1424 2959 schisma
1456 2945 1472 2970 ,
1506 2903 1767 2960 Nicolans
1806 2906 2017 2975 primus

442 2998 669 3062 ipsemet
728 2995 1265 3066 ConStantinopolim
1331 2998 1614 3068 profectus
1678 3010 1764 3053 est
1835 2998 2015 3053 Photii

444 3103 686 3157 tempore
712 3129 725 3152 ,
773 3098 829 3142 ut
866 3089 1080 3143 tolleret
1117 3089 1390 3154 schisma;
1428 3105 1591 3160 quem
1627 3107 1750 3143 cum
1785 3107 1891 3144 non
1931 3109 2016 3146 re-

441 3181 738 3250 Ccpissent,
770 3181 1326 3235 excommunicationi
1360 3181 1427 3235 ab
1461 3197 1526 3236 eo
1566 3183 1830 3250 suppositi
1864 3193 2011 3237 sunt.
2040 3164 2087 3226 (ἶ

441 3274 576 3328 l-‘ost
625 3275 771 3329 hunc
819 3275 1018 3329 summi
1056 3275 1343 3344 pentifices
1379 3290 1474 3344 per
1518 3286 1824 3345 temporum
1868 3277 2016 3331 vices

447 3381 554 3417 non
586 3366 918 3419 destiterunt
952 3365 1198 3420 scribere
1232 3378 1285 3420 et
1325 3367 1529 3422 hortari
1565 3368 1786 3423 Graecos
1817 3371 1883 3423 ad
1920 3370 2018 3425 Ec—

444 3456 627 3512 clesia:
683 3458 1102 3512 conversionem
1155 3468 1210 3513 et
1264 3460 1627 3515 obedientiam
1659 3502 1674 3526 ,
1731 3478 2018 3533 quousque

447 3564 636 3609 coacta
667 3562 748 3608 est
781 3553 1021 3625 synodus
1069 3555 1209 3623 apud
1244 3553 1569 3623 Lugdunum
1599 3595 1614 3620 ,
1648 3572 1811 3626 quam
1842 3557 2018 3614 Graeci

446 3655 694 3699 octavam
735 3656 970 3709 vocant,
1014 3645 1172 3715 cujus
1221 3656 1413 3701 auctor
1461 3649 1675 3703 exstitit
1723 3648 2021 3719 Gregorius

442 3753 585 3813 papa
618 3737 864 3794 decimus
890 3780 903 3803 ,
944 3747 998 3793 et
1033 3739 1164 3793 nnio
1195 3749 1278 3794 est
1317 3740 1633 3796 subsecuta.
1678 3740 1783 3797 Sed
1824 3745 2019 3800 iterum

448 3830 784 3894 defecerunt,
823 3842 877 3886 et
910 3831 1107 3887 iterum
1144 3833 1348 3902 legatos
1380 3832 1634 3890 Ecclesiae
1674 3848 2020 3908 receperunt.

448 3921 671 3991 Cogitur
725 3925 964 3992 synodus
1021 3921 1632 3993 Constantinopolitana
1691 3943 1818 3983 cum
1869 3944 2024 4000 papae

452 4013 642 4079 legalis
667 4056 683 4080 ,
719 4010 948 4065 Joannis
984 4011 1139 4066 Becci
1189 4017 1526 4082 temporibus
1565 4017 2026 4089 Constantinopo-

452 4106 605 4158 litani
662 4104 1024 4174 patriarchae,
1069 4114 1126 4156 ct
1177 4106 1435 4160 unionem
1485 4109 1720 4177 amplexi
1765 4106 1917 4175 sunt,
1959 4117 2026 4170 ad

455 4198 861 4268 brei'etempus
891 4196 1257 4251 obedientiam
1300 4200 1654 4257 ostendentes
1690 4214 1745 4258 et
1793 4220 1980 4273 pacem
2008 4250 2025 4273 ,

455 4288 549 4342 sed
591 4297 780 4357 postea
835 4301 1026 4341 rursus
1060 4285 1125 4339 ad
1183 4301 1341 4344 suum
1387 4297 1443 4345 et
1493 4292 1732 4360 primum
1762 4297 2027 4353 vomitum

2109 1885 2362 1956 στήριξον
2419 1885 2544 1949 τοὺς
2595 1883 2858 1953 ἀδελφούς
2892 1901 2984 1937 σου
3010 1899 3024 1914 ο
3062 1902 3082 1934 ι
3118 1882 3260 1950 ὅπερ
3290 1883 3352 1935 ού
3380 1880 3456 1949 τῷ
3488 1879 3647 1947 Πέτρῳ

2112 1978 2263 2049 μόνῳ
2298 1977 2523 2048 συνέϐη,
2550 1976 2689 2031 ἀλλὰ
2742 1975 2838 2030 καὶ
2877 1977 2993 2037 τοῖς
3041 1974 3317 2043 διαδόχοις
3355 1970 3534 2025 αὑτοῦ.
3564 1969 3651 2023 Δύ-

2108 2074 2239 2125 τίκα
2270 2071 2379 2141 γάρ
2410 2069 2754 2138 Σύλϐεστρος
2798 2070 2827 2122 ὁ
2855 2069 3027 2137 μέγας
3062 2067 3256 2129 πάπας
3293 2064 3510 2133 Ῥώμης
3538 2061 3649 2132 μετὰ

2109 2162 2170 2217 τδ
2231 2162 2519 2232 βάπτισμα
2566 2162 3006 2224 Κωνσταντίνου,
3059 2160 3161 2226 τὴν
3221 2158 3433 2224 αἵρεσιν
3472 2153 3649 2220 Ἀρείου

2113 2256 2434 2311 κατέλυσεν.
2471 2253 2582 2307 Καὶ
2610 2255 2668 2307 ὲν
2699 2256 2840 2323 αὐτῇ
2881 2252 3103 2314 Ἰούλιος
3138 2252 3234 2304 καὶ
3263 2245 3647 2318 Διϐέριοςᾋθι-

2112 2353 2299 2406 νάσιον
2325 2348 2686 2410 ἐϐεϐαίωσαν,
2726 2347 2822 2401 καὶ
2850 2349 2931 2410 είς
2965 2345 3381 2413 Ἀλεξάνδρειαν
3427 2339 3644 2409 ἔπεμψαν

2115 2446 2224 2500 ὑπὸ
2253 2444 2361 2498 τῶν
2396 2443 2698 2512 Ἀρειανῶν
2749 2440 3100 2508 διωκόμενον.
3138 2436 3395 2505 Δάμασος
3424 2434 3477 2487 δὲ
3507 2435 3531 2486 δ
3568 2432 3648 2485 πά·

2115 2556 2224 2600 πας
2253 2537 2354 2608 τήν
2376 2535 2591 2605 αἵρεσιν
2615 2533 2957 2588 Μακεδονίου
2986 2530 3331 2600 πατριάρχου
3354 2530 3500 2587 ὄντος
3522 2527 3649 2579 Κων-

2117 2627 2636 2691 σταντινουπόλεως,
2673 2628 2753 2689 είς
2784 2625 2889 2693 γῆν
2925 2624 3329 2693 κατηδάφισεν.
3359 2619 3648 2678 Κελεστῖνος

2114 2725 2142 2777 ὁ
2177 2722 2322 2784 θεῖος
2362 2720 2462 2792 τὴν
2493 2720 2588 2773 τοῦ
2637 2717 2936 2779 δυσσεϐοῦς
2988 2716 3294 2786 Νεστορίου
3330 2715 3553 2782 αἵρεσιν,
3581 2707 3655 2760 καὶ

2118 2815 2285 2869 αὐτοῦ
2328 2809 2957 2870 Κωνσταντινουπόλεως
3013 2809 3362 2879 πατριάρχου
3394 2806 3554 2866 ὄντος,
3585 2797 3658 2852 διὰ

2119 2906 2403 2975 Κυρίλλου.
2429 2903 2522 2958 τοῦ
2555 2901 2823 2972 θεηγόρου
2857 2898 3171 2968 ἀφανισμοῦ
3204 2898 3503 2969 παρέδωκε.
3531 2892 3656 2947 Λέων

2121 3002 2149 3054 ὁ
2183 2998 2511 3067 άγιώτατος,
2542 2998 2642 3065 τὴν
2700 2993 2863 3047 ἄθεον
2894 2990 2990 3045 τοῦ
3026 2990 3308 3060 Εὖτυχοῦς
3346 2988 3439 3043 καὶ
3470 2981 3679 3073 Διοσκὸί

2127 3113 2220 3165 ρου
2249 3094 2463 3162 αἰρεσιν
2494 3088 2842 3143 κατεδίκασε.
2878 3085 3153 3163 Μαρτῖνδς
3183 3100 3250 3137 τε
3294 3083 3389 3136 καὶ
3427 3077 3657 3145 Ἀγάθων,

2119 3185 2325 3254 ταύτην
2348 3183 2457 3236 τῶν
2478 3180 2871 3248 Μονοθελητῶν
2897 3178 2994 3249 τὴν
3022 3176 3231 3247 μιαρὰν
3257 3175 3488 3245 αἵρεσιν.
3512 3168 3660 3235 λόγοις

2121 3283 2213 3335 καὶ
2242 3281 2426 3351 ἔργοις
2457 3275 2778 3333 κατέϐαλον.
2809 3273 3112 3343 Γρηγόριος
3142 3272 3171 3324 ὁ
3209 3270 3379 3339 μέγας
3411 3264 3656 3329 Διάλογος,

2120 3373 2217 3442 τὴν
2241 3372 2349 3425 τῶν
2379 3369 2767 3439 Είκονομάχων
2788 3364 3115 3421 δυσσέϐειαν
3139 3363 3445 3429 άναθέματι
3464 3357 3651 3412 καθυπ-

2123 3465 2340 3519 ἔϐαλεν.
2414 3458 2549 3515 Εἶτα
2591 3460 2732 3529 μετὰ
2765 3459 2867 3527 τήν
2911 3457 3201 3528 παρακοὴν
3238 3457 3333 3509 καὶ
3385 3452 3445 3506 τὸ
3476 3449 3654 3518 σχίσμα

2122 3557 2392 3619 Νικόλαος
2439 3552 2655 3623 πρῶτος
2694 3552 3026 3621 σωματικῶς
3056 3550 3135 3612 είς
3173 3539 3658 3603 Κωνστκντινούπο-

2123 3653 2206 3705 λιν
2257 3646 2445 3721 ἦλθεν,
2477 3649 2535 3702 ὲν
2560 3647 2641 3716 τῷ
2677 3644 2857 3714 καιρῷ
2893 3640 2989 3696 τοῦ
3020 3642 3255 3706 Φωτίου,
3291 3638 3385 3692 τοῦ
3423 3627 3659 3721 θεραπεῦξ

2125 3765 2219 3802 σαι
2246 3746 2307 3799 τὸ
2342 3744 2552 3814 σχίσμα
2578 3757 2594 3774 ο
2624 3740 2684 3794 δν
2718 3738 2794 3809 μὴ
2850 3737 3162 3804 δεξάμενοι,
3212 3729 3498 3805 ἀφορισμῷ
3550 3720 3664 3792 παρτ

2125 3838 2292 3895 αὐτοῦ
2327 3833 2734 3905 ὑπεϐλήθησαν.
2785 3830 2940 3884 Μετὰ
2972 3830 3029 3883 δὲ
3083 3826 3299 3893 τοῦτον,
3332 3825 3393 3878 οὐ
3423 3820 3660 3905 διέλειπον

2126 3934 2176 3986 οί
2208 3927 2352 3984 κατὰ
2382 3903 2607 3997 καιροὺς
2641 3924 2802 3993 ἄκροι
2840 3921 3123 3991 ἀρχιερεῖς
3154 3914 3555 3972 ἐπιστέλλοντες
3583 3903 3661 3958 καὶ

2128 4023 2423 4085 καλοῦντες
2447 4020 2575 4083 τοὺς
2603 4016 2875 4088 Γραικοὺς
2906 4011 3240 4082 ἐπιστρέψαι
3273 4011 3369 4064 καὶ
3391 4001 3661 4062 ἐπακοῦσαι

2129 4116 2227 4184 τῆς
2263 4113 2613 4182 Ἐκκλησίας,
2648 4109 2756 4172 ἓως
2791 4106 2852 4161 οῦ
2909 4106 3130 4174 ἐγένετο
3184 4104 3403 4166 σύνοδος
3435 4101 3488 4153 ὲν
3515 4098 3660 4157 Λουτ⁶

2130 4206 2323 4275 δούνῳ,
2347 4205 2415 4274 ἢν
2445 4204 2495 4256 οἱ
2521 4201 2747 4271 Γραικοὶ
2770 4200 2962 4271 ὀγδόην
2984 4196 3276 4252 καλοῦσιν’
3304 4197 3382 4258 είς
3409 4193 3472 4265 ἢν
3496 4187 3660 4254 ιξῆρχε

2133 4299 2320 4361 πάπας
2353 4296 2655 4366 Γρηγόριος
2678 4293 2921 4355 δέκατος,
2956 4290 3050 4343 καὶ
3076 4287 3388 4358 ήνώθησαν,
3417 4286 3504 4339 καὶ
3528 4277 3661 4332 πάλιν

458 4391 821 4438 reverterunt.
861 4380 966 4436 Sed
1001 4395 1097 4434 nec
1138 4396 1328 4437 rursus
1362 4383 1643 4457 defatigati
1678 4399 1807 4445 sunt
1842 4391 2018 4449 Eccle‘

2135 4389 2450 4459 ἀπέστησαν
2476 4401 2489 4416 ⁸
2524 4387 2622 4441 καὶ
2672 4384 2838 4439 πάλιν
2871 4382 3136 4453 πρέσϐεις
3163 4384 3293 4443 τοὺς
3323 4378 3425 4449 τῆς
3464 4369 3663 4434 Ἐκκλη-

456 4481 552 4534 sie
584 4480 867 4535 catholicae
896 4485 1158 4550 praesides
1181 4520 1197 4544 ,
1227 4497 1324 4540 eos
1360 4483 1426 4538 ad
1459 4482 1824 4541 obedientiam
1852 4496 1907 4545 et
1938 4505 2018 4558 pa-

2136 4486 2258 4547 σίας
2280 4480 2532 4552 ἐδέχοντο
2553 4494 2567 4508 ο
2604 4477 2701 4531 καὶ
2753 4475 3148 4544 συγκροτεῖται
3201 4471 3422 4532 σύνοδος
3456 4470 3510 4519 ἐν
3538 4464 3667 4559 Κωνῖ

456 4591 573 4629 cem
603 4575 864 4630 excitare.
890 4577 958 4630 At
986 4577 1060 4631 illi
1092 4592 1227 4631 cum-
1250 4576 1419 4631 semel
1448 4575 1890 4646 obsurduissent,
1920 4596 2018 4636 non

2135 4571 2606 4633 σταντινουπόλει,
2647 4569 2786 4638 μετὰ
2846 4568 3098 4637 λεγάτων
3152 4564 3250 4621 τοῦ
3312 4563 3486 4619 πάπα.
3513 4558 3564 4610 έν
3605 4558 3666 4617 τῷ

456 4675 796 4734 paruerunt;
828 4677 1106 4735 protracta
1142 4676 1227 4724 est
1265 4668 1431 4737 igitur
1470 4683 1559 4723 res
1587 4682 1765 4740 usque
1806 4670 1873 4726 ad
1908 4686 2018 4734 nos,

2134 4667 2312 4738 καιρῷ
2351 4666 2599 4721 Ἰωάννου
2635 4664 2813 4717 Βέκου
2872 4662 3216 4733 πατριάρχου
3256 4660 3666 4714 Κωνσταντινου·

460 4757 884 4827 aspeximusque
915 4760 1119 4816 nostris
1151 4760 1328 4817 oculis
1350 4800 1366 4827 ,
1401 4761 1545 4831 quod
1580 4761 1734 4816 multi
1778 4771 1901 4818 ante
1937 4778 2018 4819 nat

2134 4760 2348 4824 πόλεως
2370 4774 2385 4789 ·
2422 4758 2517 4812 καὶ
2543 4756 2836 4828 ήνώθησαν
2870 4755 2970 4825 μὲν
3009 4756 3146 4822 πρὸς
3180 4754 3382 4821 ὀλίγον,
3430 4743 3667 4831 δείξαντξς

461 4847 788 4917 patriarcha:
806 4859 861 4903 et
883 4866 1035 4919 reges
1061 4850 1247 4908 videre
1269 4829 1621 4924 exoptarunt,
1640 4868 1738 4908 nec
1761 4855 2018 4909 viderunt

2137 4852 2391 4921 ὑπακοὴν
2442 4851 2538 4905 καὶ
2573 4850 2821 4920 είρήνηνο
2858 4848 2999 4917 μετὰ
3028 4847 3085 4900 δὲ
3118 4846 3315 4910 ταῦτα,
3368 4839 3521 4895 πάλιν

461 4939 573 4995 Nos
605 4954 733 4993 vero
769 4917 1004 4995 vidimus
1054 4917 1428 4997 beatissimum
1477 4941 1780 5013 Eugenium
1821 4942 1888 4998 ιν
1925 4942 2018 4997 Ιὶοε

2137 4945 2230 4998 τὸν
2279 4917 2413 4997 ίδιον
2474 4943 2566 4996 καὶ
2624 4917 2841 5009 πρῶτον
2895 4941 3254 5010 ἐστράφησαν
3290 4932 3500 5006 ὲμετόν.
3532 4917 3668 4978 Ἀλλά

463 5055 492 5089 ιι
518 5052 635 5091 anae
662 5035 923 5092 Ecclesiae
964 5038 1273 5107 pontificem
1306 5054 1582 5096 summum
1615 5048 1823 5111 quanto
1853 5040 2018 5097 Sllltllt

2140 5037 2238 5090 καὶ
2270 5032 2429 5098 αὖθις
2455 5036 2559 5088 οὐκ
2595 5033 2891 5100 ἀπέκαμον
2918 5032 2967 5084 oi
3012 5032 3112 5100 τῆς
3148 5026 3441 5094 καθολικῆς
3476 5013 3672 5111 Ἐκκλξῒ

462 5129 516 5183 in
554 5130 655 5182 hoc
688 5140 941 5183 Sanctum
977 5144 1115 5196 opus
1148 5129 1479 5198 incubuerit,
1514 5131 1829 5188 triremibus
1856 5132 2018 5187 missi:

2145 5128 2266 5190 σίας
2307 5124 2721 5196 προϊστάμενοι,
2747 5121 3040 5191 διεγείρειν
3076 5123 3273 5185 αὐτοὺς
3295 5117 3430 5189 πρὸς
3461 5104 3671 5213 ὕπακοξῖν

464 5231 521 5274 et
564 5222 874 5290 sumptibus
896 5263 911 5287 ,
949 5230 1008 5275 ut
1038 5222 1144 5277 hoc
1176 5238 1437 5294 magnum
1477 5225 1675 5280 vulnus
1710 5233 2001 5283 sanaretur

2144 5221 2242 5275 καὶ
2276 5219 2525 5289 εἰρήνην.
2578 5219 2742 5270 Αὐτοὶ
2785 5216 2843 5270 δὲ
2888 5215 3037 5280 ἅπαξ
3089 5209 3553 5282 έκκεκωφηκότες,
3591 5209 3673 5294 ουκ

468 5313 849 5383 celebrataque
881 5329 966 5369 εει
998 5316 1240 5387 synodus
1269 5317 1462 5388 ingens
1494 5326 1661 5388 atque
1698 5316 2041 5373 admirabilis

472 5400 737 5456 Ferrarius
776 5415 830 5463 et
872 5402 1196 5471 Florentiae,
1246 5405 1559 5477 insignibus
1606 5406 1772 5463 Italia:
1815 5407 2044 5463 urbibus

476 5507 670 5563 magna
695 5496 980 5552 doctorum
1014 5507 1069 5553 et
1103 5499 1415 5569 sapientum
1450 5500 1691 5555 virorum
1718 5500 2045 5571 frequentia.

474 5593 529 5641 et
553 5583 836 5656 theologia:
871 5589 1101 5646 scientia
1133 5605 1198 5646 ac
1228 5591 1430 5646 virtute
1458 5591 1778 5647 illustrium.
1806 5590 2044 5645 Tandem

476 5677 755 5732 decretum
802 5681 1070 5736 sancitum
1108 5692 1191 5738 est
1222 5684 1369 5738 omni
1418 5684 1683 5752 sapientia
1727 5693 1781 5739 et
1819 5682 2048 5739 veritate

477 5768 876 5839 conspicuum,
909 5776 1288 5844 quodubique
1334 5787 1415 5829 est
1449 5776 1847 5845 promulgatum
1886 5783 1937 5830 ct
1977 5778 2041 5828 ah

483 5865 735 5921 euntibus
763 5865 1010 5936 gentibus
1046 5879 1339 5937 receptum.
1392 5867 1565 5923 Gl‘tlltl
1601 5885 1726 5923 vero
1751 5910 1764 5934 ,
1798 5878 1848 5924 et
1878 5886 1939 5925 ex
1979 5870 2046 5924 iis

2143 5313 2366 5383 ήκουον.
2398 5309 2680 5380 Ἔφθασεν
2707 5304 2800 5363 οὖν
2846 5308 2908 5362 τὸ
2969 5310 3204 5379 πρᾶγμα
3253 5306 3346 5360 καὶ
3396 5302 3495 5390 ἕως
3525 5290 3673 5390 ήμιῖίνο

2145 5405 2258 5457 Καὶ
2282 5402 2499 5473 εἴδομεν
2528 5403 2644 5464 τοῖς
2672 5399 2966 5470 ἡμετέροις
2994 5398 3315 5468 ὀφθαλμοῖς,
3338 5394 3366 5448 ὃ
3391 5388 3560 5444 πολλοὶ
3584 5388 3674 5433 τῶν

2149 5495 2256 5567 πρὸ
2293 5494 2475 5565 ήμῶν,
2508 5494 2603 5547 καὶ
2634 5493 2972 5563 πατριάρχαι
3004 5494 3099 5546 καὶ
3154 5490 3392 5560 βασιλεῖς
3435 5473 3673 5542 έπεθύμῖί⁸

2150 5604 2250 5641 σαν
2287 5586 2441 5651 ἰδεῖν,
2470 5586 2567 5640 καὶ
2592 5585 2695 5638 οὐκ
2724 5580 2889 5637 εἶδον.
2937 5583 3129 5653 Ἡμεῖς
3157 5582 3203 5637 δ’
3242 5580 3452 5650 εἴδομεν
3485 5571 3670 5663 τὸνβμξυ

2155 5679 2503 5750 καριὼτατον
2570 5678 2833 5748 Εὐγένιον
2898 5677 3191 5749 τέταρτον,
3246 5673 3344 5742 τῆς
3403 5660 3673 5731 Ῥωμ-ίίίπτῗς

2168 5770 2496 5839 Ἐκκλησίας
2548 5771 2717 5840 ἄκρον
2774 5769 3063 5840 ἀρχιερέα,
3102 5770 3276 5837 πάσην
3313 5756 3533 5825 σπουδὴν
3564 5759 3671 5812 πρθο

2156 5865 2516 5921 κατ-ϐάλλετο
2548 5864 2633 5918 διὰ
2665 5862 2723 5916 τὸ
2750 5863 2903 5929 ἆγιον
2938 5858 3097 5931 ἔργον
3130 5860 3285 5915 τοῦτο
3310 5871 3324 5886 “
3360 5853 3446 5909 καὶ
3469 5843 3670 5917 will?“
