3992 6432
375 385 516 448 1⁷³77

1088 383 1239 443 PRO
1276 383 1487 444 CONC.
1530 382 1901 444 FLURENT.
1933 379 2095 441 CAP.
2128 381 2199 446 Υ.
2240 382 2335 441 DE
2372 382 2724 446 PRIMATU
2754 386 2986 446 ΡΛΡΈ.

3481 384 3625 454 1318

379 502 467 552 xz"
517 499 842 564 ἀναλώματα
879 497 1146 568 ἔπεμψεν,
1175 500 1262 550 ἵνα
1293 500 1353 550 τὸ
1386 497 1607 568 τραῦμα
1636 498 1954 569 θεραπεύσῃ

2067 498 2151 566 qui
2186 498 2386 568 pejoris
2416 509 2542 553 sunt
2572 499 2934 562 conditionis,
2973 499 3224 570 vulgares
3271 501 3489 571 quidam
3535 505 3635 559 ho-

378 594 437 644 τὸ
469 590 613 658 μέγα
672 592 856 643 τουτί·
891 592 990 643 καὶ
1045 592 1263 653 σύνοδος
1298 592 1542 660 ἐγεγόνει
1583 592 1640 642 ὲν
1672 589 1954 661 Φεῤῥαρίᾳ

378 682 471 734 καὶ
497 679 806 751 Φλωρεντίᾳ
835 679 1135 747 ἀξιολόγοις
1168 681 1279 734 τῶν
1320 680 1551 744 Ἰταλίας
1586 682 1819 745 πόλεων,
1852 697 1953 748 με-

374 774 515 844 γάλη
551 775 642 827 καὶ
675 775 965 845 θαυμαστή
990 790 1005 803 ο
1033 774 1250 842 λογίους
1281 775 1482 844 ἔχουσα
1517 778 1607 827 καί
1639 776 1838 842 σοφοὺς
1860 774 1955 827 ἆν-

376 866 529 934 δρας,
568 865 818 933 θεολογίᾳ
870 867 1325 936 κεκοσμημένους
1363 867 1458 919 καὶ
1510 868 1684 936 ἀρετῇ
1712 882 1725 895 ·
1762 868 1854 918 καὶ
1886 867 1951 935 δὴ

375 958 731 1020 τελευτῶντες
782 960 1070 1012 συνέθεντο
1121 961 1215 1012 τον
1265 960 1391 1029 ὅρον
1454 960 1616 1031 σοφίᾳ
1667 959 1819 1029 πάσῃ
1851 961 1949 1012 καὶ

379 1049 605 1119 ἀληθείᾳ
635 1050 1015 1119 διαλάμποντα
1034 1069 1049 1083 ο
1078 1052 1136 1115 ὃς
1177 1052 1457 1123 ἐκηρύχθη
1520 1054 1620 1123 μὲν
1649 1051 1952 1122 πανταχοῦ,

379 1142 473 1195 καὶ
508 1144 688 1196 πάντα
720 1144 789 1196 τὰ
846 1143 979 1213 γένη
1013 1144 1204 1201 τοῦτον
1251 1145 1499 1210 ἐδέξαντο
1522 1163 1534 1176 ·
1597 1147 1823 1216 Γραικοὶ
1876 1146 1953 1209 δὲ,

378 1235 475 1288 καὶ
507 1235 713 1288 τούτων
742 1237 789 1287 oi
818 1237 1063 1306 χείρονες
1095 1239 1189 1290 καὶ
1216 1238 1426 1292 ίδιῶται
1454 1238 1548 1291 καὶ
1577 1238 1830 1306 ἀμαθεῖς,
1864 1239 1955 1290 ἀν-

375 1328 652 1395 τιλέγουσι
681 1328 858 1398 τούτῳ
879 1345 892 1359 ·
923 1331 972 1382 εί
1000 1329 1055 1384 δὲ
1095 1331 1191 1385 καί
1223 1348 1307 1385 τις
1343 1332 1574 1399 μέτοχος
1607 1330 1769 1397 λόγου
1799 1330 1951 1382 ἀντι-

377 1420 526 1486 λέγει
555 1420 632 1491 τῷ
662 1422 795 1492 ὅρῳ,
822 1423 923 1476 οὐκ
949 1424 1059 1476 ἀπὸ
1095 1425 1314 1492 σοςίας,
1345 1423 1460 1478 ἀλλ’
1491 1425 1601 1475 ἀπὸ
1632 1424 1831 1485 κακίας
1858 1422 1954 1475 καὶ

376 1512 630 1581 ψευδοῦς,
663 1518 756 1567 καὶ
780 1515 1017 1584 ματαίας
1052 1517 1402 1586 προλήψεως,
1440 1516 1536 1570 καὶ
1582 1517 1742 1583 κενῆς
1771 1515 1951 1583 δόξης.

376 1607 444 1675 ἢν
500 1606 750 1675 βούλεται
816 1607 1168 1678 καρποῦσθαι
1221 1609 1373 1680 παρὰ
1429 1610 1532 1678 τῆς
1589 1608 1816 1674 ἀλογίας
1855 1606 1951 1658 τοῦ

2065 591 2234 646 mines
2264 601 2317 645 ct
2355 591 2554 645 indocti
2592 593 2716 646 huic
2750 593 3170 661 contradicunt;
3207 608 3271 650 ac
3304 594 3349 650 si
3392 596 3513 665 quis
3546 615 3636 651 ra-

2064 684 2231 738 tionis
2262 685 2536 755 particeps
2564 686 2784 739 decreto
2815 688 3164 751 contradicit,
3206 688 3256 741 id
3291 703 3396 741 non
3431 704 3460 743 a
3534 690 3635 744 do-

2069 775 2243 830 ctrina
2271 776 2656 844 proﬁciscitur,
2687 777 2780 832 sed
2800 779 2870 833 ab
2900 779 3066 832 animi
3103 780 3386 847 pravitate,
3424 781 3555 835 falsa
3586 791 3641 835 et

2062 869 2227 922 stulta
2261 870 2687 936 praesumptione
2712 880 2767 924 et
2794 870 2966 939 gloria
2997 873 3169 939 inani,
3196 888 3362 941 quam
3392 888 3458 927 ex
3490 874 3638 943 vulgi

2061 958 2329 1026 imperitia
2378 969 2742 1029 aucupantur.
2792 962 2943 1026 Quod
2994 964 3215 1032 quidem
3260 963 3540 1017 decretum
3585 972 3639 1017 et

2058 1067 2156 1105 nos
2192 1051 2246 1105 in
2284 1067 2480 1107 manus
2525 1064 2805 1109 sumentes
2852 1055 3179 1125 perlegimus
3229 1057 3378 1110 omni
3412 1056 3597 1111 studio
3621 1096 3636 1118 .

2057 1143 2224 1212 idque
2258 1152 2371 1199 toto
2402 1160 2465 1198 ex
2494 1146 2679 1199 animo
2716 1162 2904 1201 verum
2941 1163 3064 1204 esse
3095 1150 3401 1209 credentes.
3435 1151 3638 1204 adora-

2057 1237 2237 1290 vimus
2265 1248 2431 1307 atque
2457 1238 2752 1307 atnplexati
2778 1256 3008 1304 sumus;
3040 1242 3189 1296 unde
3220 1241 3638 1297 subministrata

2058 1338 2145 1384 est
2169 1329 2326 1385 nobis
2350 1332 2575 1385 materia
2611 1334 2978 1402 respondendi
3005 1335 3246 1403 quinque
3270 1334 3516 1390 articulis
3544 1332 3638 1403 qui

2062 1420 2116 1474 in
2165 1436 2234 1475 eo
2278 1423 2676 1488 continentur,
2725 1440 2958 1495 quorum
3000 1437 3277 1482 extremus
3328 1427 3417 1481 hic
3454 1433 3538 1480 est
3573 1427 3639 1478 de

2060 1528 2211 1584 papae
2241 1516 2475 1584 primatu
2501 1556 2516 1581 ,
2549 1531 2710 1586 quem
2742 1534 2904 1573 nemo
2934 1520 3134 1575 mentis
3170 1534 3396 1589 compos
3434 1518 3638 1589 poterit

2062 1620 2383 1675 pernegare.

377 1699 639 1769 πλήθους,
669 1687 841 1752 τξῦτα
892 1699 1061 1766 λέγει.
1089 1700 1315 1755 Ὀντινα
1344 1703 1472 1771 ὅρον
1503 1703 1597 1755 καὶ
1649 1702 1815 1770 ἡμεῖς
1847 1699 1951 1751 ἀνΞι
1993 1699 2183 1767 χεῖρας
2208 1698 2467 1762 λαϐόντες
2491 1699 2783 1770 διήλθομεν
2809 1704 2973 1754 παντὶ
3006 1702 3180 1755 σθένει
3204 1719 3218 1733 ·
3285 1703 3381 1755 καὶ
3443 1702 3636 1757 τοῦτον

377 1793 440 1847 ὲκ
474 1795 647 1861 μέσης
674 1796 853 1865 ψυχῆς
907 1794 1307 1858 πιστεύσαντες
1389 1794 1565 1864 ἀληθῆ
1642 1790 1808 1859 εἶναι,
1873 1792 2375 1860 προσεκυνήσαμεν
2423 1794 2518 1845 καὶ
2569 1796 3076 1865 κατησπασάμεθα.
3121 1794 3212 1861 Ἐξ
3268 1791 3328 1853 οὗ
3378 1796 3639 1863 λαϐόντες

376 1890 477 1948 τὰς
499 1888 776 1956 ἀφορμὰς,
807 1889 914 1942 τῶν
950 1876 1364 1959 πέντεῆἄρθρων
1412 1888 1580 1942 αὑτοῦ
1648 1884 2260 1955 ὑπεραπολογούμεθα*
2329 1879 2406 1939 ὧν
2455 1886 2515 1939 τὸ
2564 1888 2882 1945 τελευταῖόν
2944 1893 3064 1943 ἔστι
3112 1891 3273 1944 τοῦτο
3332 1891 3463 1959 περὶ
3525 1892 3629 1958 τῆς

376 1981 549 2051 ἀρχῆς
580 1981 675 2035 τοῦ
708 1984 885 2037 nitu.
922 1987 985 2038 Ὀ
1010 1985 1078 2039 ού
1130 1984 1424 2055 δυνήσεταί
1457 2000 1539 2045 τις
1594 1977 1942 2052 ἀρνήσασθαι
1984 1977 2112 2030 νοῦν
2141 1979 2303 2049 ἔχων.

1104 2084 1220 2149 ις’.

461 2173 601 2226 Ἀλλ’
632 2175 732 2227 οὐκ
756 2174 933 2242 ὀρθῶς
962 2179 1167 2243 φρονεῖ,
1200 2176 1365 2242 φασιν
1391 2192 1405 2208 ·
1438 2176 1589 2243 παρὰ
1617 2174 1725 2245 γὰρ
1752 2176 1819 2227 τὰ
1842 2174 1953 2226 τῶν

380 2264 578 2317 κοί-θῶν
602 2265 862 2331 Πατέρων
887 2267 979 2319 καὶ
1009 2266 1349 2320 διδασκάλων
1378 2267 1540 2329 αὐτὸς
1569 2267 1954 2335 ἐδογμάτισεν.

382 2358 444 2412 Ei
478 2354 571 2410 οὖν
613 2360 820 2422 ἐκεῖνος
877 2362 905 2411 ό
955 2358 1098 2422 θεῖος
1131 2361 1321 2428 θρόνος
1373 2361 1472 2413 οὐκ
1517 2361 1692 2430 ὀρθῶς
1744 2361 1953 2430 φρονεῖ,

377 2449 632 2517 ψεύδεται
678 2452 702 2501 ό
738 2450 997 2519 Χριστὸς,
1051 2452 1262 2504 εἰπὼν·
1343 2469 1362 2503 t
1412 2452 1473 2507 Ὀ
1518 2452 1746 2521 οὺρανδς
1794 2452 1886 2505 καὶ
1921 2453 1955 2520 ἡ

378 2538 451 2609 γῆ
494 2539 924 2607 παρελεύσεται·
953 2541 1002 2594 oi
1033 2541 1090 2594 δὲ
1122 2541 1275 2607 λόγοι
1328 2560 1428 2612 μου
1464 2545 1524 2594 οὺ
1558 2545 1633 2613 μὴ
1665 2541 1957 2611 παρέλθω.

381 2648 501 2685 σιν·
542 2651 560 2683 ι
596 2633 760 2693 αὐτ“ς
817 2633 926 2703 γὰρ
988 2635 1124 2703 αὐτῇ
1185 2635 1555 2703 ἐπηγγείλατο
1608 2635 1728 2703 μετ’
1784 2636 1958 2703 αὐτῆς

378 2720 545 2787 εἶναι.
583 2728 677 2779 καὶ
730 2727 905 2789 πύλας
941 2728 1032 2781 τοῦ
1066 2727 1193 2799 ᾅδου
1232 2730 1291 2780 ού
1348 2730 1708 2799 κατισχύσειν
1758 2730 1954 2798 αὐτῆς.

378 2822 491 2884 Διὸ,
532 2822 620 2873 ἵνα
681 2821 758 2890 μὴ
809 2823 900 2874 τὸν
938 2822 1441 2891 Χριστδνψεύστην
1478 2825 1767 2893 φήσωμεν,
1812 2825 1955 2894 ὅπερ

383 2912 705 2981 βλάσφημόν
734 2915 852 2965 ἐστι
905 2911 996 2963 καὶ
1032 2912 1193 2980 μόνον
1227 2913 1572 2982 ὲννοηθῆναι,
1603 2912 1818 2983 ἀπλανῆ
1854 2914 1956 2982 τὴν

379 3003 475 3056 τοῦ
533 3002 670 3056 Θεοῦ
730 3002 963 3072 λέγομεν
1014 3002 1384 3071 Ἐκκλησίαν·
1441 3004 1537 3055 καὶ
1582 3004 1739 3055 τοῦτο
1796 3003 1959 3056 πάλιν

383 3096 730 3164 μαρτυρήσει
785 3095 949 3156 αὐτὸς
999 3096 1028 3146 ό
1082 3094 1377 3160 Στουδίτης
1429 3093 1710 3163 Θεόδωρος
1743 3131 1757 3156 ,
1822 3095 1958 3163 πρὸς

382 3187 604 3256 Μιχαὴλ
664 3187 993 3240 ἐπιστέλλων
1053 3188 1146 3240 τὸν
1208 3185 1459 3253 βιαιλέα,
1497 3187 1607 3238 ἀπὸ
1660 3187 1958 3253 προσώπου

383 3282 605 3334 πάντων
636 3279 745 3333 τῶν
772 3279 1117 3348 ἡγουμένων,
1151 3277 1250 3331 ὡδί
1269 3292 1286 3309 ⁶
1327 3295 1345 3329 ι
1395 3278 1587 3345 Ἡμεῖς
1612 3280 1708 3330 ἐπὶ
1738 3280 1801 3331 τὸ
1825 3280 1960 3333 αὐτὸ

385 3373 807 3440 συνεληλυθότες
849 3372 989 3425 κατὰ
1020 3371 1274 3423 κέλευσιν
1305 3370 1402 3439 τῆς
1434 3370 1765 3423 θεοστέπτου
1802 3371 1958 3441 ὑμῶν

384 3465 680 3535 βασιλείας.
732 3465 1006 3531 ἐλάχιστοι
1055 3464 1346 3515 ἐπίσκοποι
1413 3463 1509 3515 καὶ
1555 3463 1890 3532 ἡγούμενοι·
1934 3482 1953 3514 ι

383 3556 476 3609 καὶ
533 3554 653 3625 μετ’
708 3554 866 3623 ὀλίγα
932 3554 1137 3625 φησίν·
1179 3573 1198 3606 t
1232 3553 1607 3623 Διελυσάμεθα
1667 3555 1846 3607 πάντα
1890 3555 1958 3607 τὰ

386 3650 514 3718 ὑμῖν
552 3647 912 3717 ἀπορούμενα
940 3666 954 3678 σ
985 3648 1034 3700 εί
1073 3647 1133 3701 δέ
1159 3664 1210 3700 τι
1266 3646 1650 3716 ἀμφιϐαλλόμε
1663 3664 1750 3700 νον
1776 3648 1807 3717 ἢ
1833 3648 1961 3700 ἁπι-

390 3741 685 3810 στούμενον
719 3744 785 3811 τῇ
821 3740 945 3813 θείᾳ
997 3741 1153 3811 ὑμῶν
1188 3742 1518 3813 μεγαλονοίᾳ
1552 3743 1719 3807 δοκεῖ,
1751 3743 1962 3796 διαλύε-

392 3834 513 3888 σθαι
547 3834 697 3906 παρὰ
726 3834 822 3888 τοῦ
872 3838 1182 3906 ἀρχιερέως
1212 3835 1456 3897 εὐσεϐῶς
1481 3852 1497 3869 ·
1532 3838 1566 3907 ή
1620 3837 1833 3907 μεγάλη
1860 3838 1962 3891 ,καὶ

388 3922 780 3994 θεοστήρικτος
807 3925 979 3993 αὐτῆς
1007 3926 1149 3995 χεὶρ,
1181 3926 1251 3987 ὼ,
1282 3926 1663 3997 ζηλοτυποῦσα
1690 3928 1756 3980 τὰ
1779 3929 1960 3981 πάντα

387 4016 474 4068 ἐπ’
503 4016 741 4089 ὠφελείᾳ
769 4017 862 4070 τοῦ
895 4020 1117 4083 παντὸς,
1147 4019 1463 4073 κελευσάτω
1493 4020 1640 4089 παρὰ
1665 4019 1765 4089 τῆς
1792 4036 1963 4087 πρεσ-

390 4109 623 4180 ϐυτέρας
658 4108 879 4182 Ῥώμης
903 4110 1167 4176 δέξασθαι
1201 4114 1298 4183 τὴν
1322 4111 1660 4181 διασὰιρησιν
1678 4128 1692 4143 ⁸
1725 4114 1799 4176 ὡς
1826 4114 1965 4167 ἄνω-

390 4201 484 4255 θεν
534 4205 625 4255 καὶ
656 4202 713 4268 ἐξ
743 4204 936 4273 ἀρχῆς,
975 4204 1480 4273 πατροπαραδότως
1514 4205 1765 4272 ἐξεδόθη·
1799 4205 1961 4273 αὕτη,

389 4300 794 4370 χριστομίμητε
824 4297 1074 4367 βασιλεῦ,
1102 4299 1135 4365 ἡ
1165 4299 1579 4368 κορυφαιοτὰτη
1608 4299 1717 4353 τῶν
1733 4300 1967 4371 Ἐκκλη-

392 4392 526 4444 σιῶν
559 4392 653 4444 τοῦ
684 4390 841 4454 θεοῦ,
866 4383 935 4461 ἦς
967 4390 1171 4458 Πέτρος
1212 4391 1594 4461 πρωτόθρονος
1618 4410 1634 4423 -
1674 4394 1810 4462 πρδς
1845 4393 1904 4446 ὃν
1934 4396 1963 4447 ό

393 4482 596 4553 Κύριός
620 4500 757 4552 φησι
778 4498 794 4515 ο
833 4501 851 4533 ι
885 4483 956 4535 Σὺ
985 4479 1034 4534 εἴ
1069 4482 1294 4552 Πέτρος,
1332 4484 1424 4535 καὶ
1453 4486 1548 4537 ἐπὶ
1573 4484 1749 4558 ταύτῃ
1777 4489 1841 4556 τῇ
1870 4486 1967 4539 πέ-

394 4592 501 4647 τρᾳ
553 4575 898 4646 οἰκοδομήσω
946 4592 1047 4644 μου
1100 4574 1201 4644 τὴν
1235 4575 1588 4645 Ἐκκλησίαν,
1643 4580 1738 4631 καὶ
1797 4579 1964 4633 πύλαι

390 4670 519 4742 ᾅδου
535 4670 596 4723 ού
623 4668 1049 4739 κατισχύσουσιν
1068 4667 1293 4739 αὐτῆς.»
1323 4670 1433 4724 Καὶ
1467 4671 1631 4724 πάλιν
1660 4673 1689 4724 ό
1716 4672 1879 4734 αὐτὸς
1909 4675 1967 4728 ἐν

2134 2171 2197 2225 At
2238 2188 2344 2226 non
2380 2182 2529 2229 recte
2562 2175 2749 2240 sentit,
2790 2176 3068 2245 inqumnt,
3100 2173 3227 2245 quia
3264 2187 3459 2243 praeter
3492 2189 3642 2231 com.

2063 2279 2255 2319 tnunes
2294 2262 2517 2319 Patrum
2550 2276 2603 2320 et
2637 2267 2919 2321 doctorum
2962 2270 3264 2321 sententias
3302 2284 3362 2320 ea
3401 2266 3651 2336 perscri-‘

2062 2354 2189 2422 psit.
2226 2354 2282 2408 Si
2332 2370 2464 2425 ergo
2512 2356 2602 2410 illa
2652 2357 2835 2411 divina
2874 2360 3035 2412 sedes
3087 2373 3193 2411 non
3246 2368 3391 2412 recte
3433 2359 3639 2425 sentit,

2064 2449 2324 2501 mentitur
2370 2448 2624 2503 Christus
2674 2465 2795 2503 eum
2844 2450 2978 2504 dicit
3025 2467 3039 2508 :
3082 2469 3101 2502 ί
3142 2450 3350 2505 Curium
3392 2461 3446 2505 et
3491 2461 3636 2507 terra

2063 2540 2394 2597 transiliunt.
2419 2542 2579 2594 verba
2603 2555 2786 2595 autem
2816 2558 2934 2595 mea
2962 2557 3239 2619 nunquam
3262 2544 3633 2607 transihnntp

2062 2632 2109 2687 is
2153 2632 2299 2686 enim
2348 2633 2602 2687 Ecclesia:
2652 2634 2923 2702 pollicitus
2956 2647 3038 2689 est
3071 2651 3128 2689 se
3170 2651 3293 2690 cum
3326 2651 3387 2689 ea
3433 2634 3550 2689 fore
3588 2648 3643 2689 et

2062 2737 2242 2793 portas
2279 2725 2437 2780 inferi
2483 2742 2591 2779 non
2635 2728 3013 2795 przevalituras
3046 2727 3309 2783 advt-rsus
3341 2744 3482 2783 enin.
3518 2728 3642 2783 Ideo

2062 2833 2128 2871 ne
2158 2816 2438 2871 Christum
2472 2818 2783 2873 mendacem
2814 2819 3111 2874 efficiamus
3144 2820 3309 2890 (quod
3346 2821 3391 2875 si
3424 2823 3509 2876 vel
3546 2838 3643 2876 co-

2061 2908 2261 2978 gitetur
2292 2907 2493 2973 solum,
2524 2919 2608 2964 est
2641 2908 3002 2978 blasphemia)
3040 2911 3370 2966 inerranteut
3410 2914 3498 2966 Dei
3536 2911 3640 2967 Ec-

2061 3002 2281 3056 clesiam
2315 3015 2436 3055 esse
2465 3000 2717 3055 (licinius.
2746 3002 2921 3066 Quam
2957 3018 3067 3055 rem
3106 3003 3488 3058 testiﬁcabitnr
3521 3021 3643 3057 rur-

2064 3107 2159 3148 sus
2200 3094 2316 3163 ipse
2354 3092 2677 3147 Theodorus
2712 3092 2957 3149 Studites
3002 3096 3066 3148 al
3105 3095 3427 3151 Michaclem
3464 3098 3643 3166 itnpe‘

2064 3197 2300 3242 ratorem
2333 3186 2578 3242 scribens
2599 3202 2663 3240 ex
2692 3203 2920 3257 persona
2943 3189 3190 3243 omnium
3219 3193 3641 3261 prmpnsitnrun

2067 3280 2169 3334 hoc
2200 3290 2355 3348 pacto
2385 3296 2398 3332 :
2438 3298 2458 3331 ι
2488 3278 2624 3335 Cum
2654 3294 2752 3335 nos
2782 3280 2833 3335 in
2868 3296 3033 3335 unum
3065 3282 3516 3337 convenissemus
3553 3300 3643 3338 ve-

2069 3374 2327 3428 nerabilis
2365 3374 2577 3442 imperii
2608 3374 2772 3428 vestri
2811 3373 2972 3442 jussu
2996 3415 3011 3440 ,
3052 3375 3264 3429 minimi
3307 3376 3546 3446 episcopi
3587 3387 3646 3432 ct

2068 3462 2368 3531 prarpositi,
2403 3479 2422 3514 ι
2452 3472 2574 3531 post
2598 3478 2770 3532 pauca
2809 3464 2940 3518 dicit
2967 3481 2982 3522 :
3014 3463 3124 3521 Nos
3151 3466 3412 3522 diluimus
3451 3482 3645 3523 omnes

2061 3554 2430 3609 dubitationes
2465 3562 2702 3609 vestras.
2741 3552 2798 3608 Si
2833 3570 2963 3610 vero
3010 3555 3214 3626 aliquid
3272 3559 3521 3612 dubitare
3558 3556 3641 3613 ναί

2064 3662 2170 3701 non
2219 3648 2443 3702 credere
2485 3647 2704 3701 videtur
2752 3656 2932 3702 vestra
2979 3649 3162 3703 divina
3199 3652 3596 3719 magniﬁcentia
3627 3695 3643 3717 ,

2063 3740 2183 3807 ejus
2218 3739 2293 3792 rei
2330 3738 2626 3807 explicatio
2665 3755 2695 3794 a
2737 3739 2995 3809 pontiﬁce
3034 3744 3121 3811 pie
3160 3751 3244 3796 cst
3293 3744 3641 3810 postulanda.

2064 3831 2253 3901 Magna
2287 3839 2339 3886 et
2373 3846 2400 3885 a
2438 3830 2543 3885 Deo
2577 3834 2788 3885 ﬁrmata
2822 3846 3015 3885 manus
3051 3834 3254 3895 vestra,
3322 3842 3379 3885 ut
3414 3833 3644 3902 publica:

2066 3925 2260 3995 cupida
2298 3924 2547 3978 utilitatis
2574 3963 2590 3989 ,
2622 3924 2808 3994 jubeat
2844 3940 2872 3978 a
2911 3922 3080 3979 v'eteri
3115 3922 3284 3979 Rmna
3320 3940 3514 3994 capere
3548 3925 3645 3981 de-

2066 4016 2422 4070 clarationem
2451 4055 2466 4079 ,
2509 4022 2566 4067 ut
2598 4030 2625 4066 a
2676 4012 2946 4084 principio
2975 4028 3005 4068 a
3038 4016 3286 4082 patrihus
3318 4015 3523 4071 nostris
3557 4024 3643 4071 cst

2068 4111 2353 4165 traditum.
2396 4108 2470 4162 Ea
2500 4147 2514 4173 ,
2553 4122 2585 4162 o
2616 4107 2824 4163 Christi
2855 4107 3096 4162 imitator
3126 4107 3423 4178 imperator
3447 4151 3462 4174 ,
3502 4110 3647 4164 inter

2068 4216 2257 4256 omnes
2292 4201 2572 4255 Ecclesiae
2612 4200 2704 4254 Dei
2748 4214 3021 4255 summum
3057 4207 3112 4254 et
3148 4215 3463 4269 supremum
3495 4202 3642 4257 obti-

2069 4305 2162 4351 net
2191 4294 2389 4355 locum,
2422 4291 2582 4361 cujus
2615 4288 2810 4346 Petrus
2839 4291 3016 4345 tenuit
3054 4292 3285 4360 primam
3328 4295 3535 4357 sedem,
3574 4293 3645 4348 ad

2068 4400 2228 4455 quem
2257 4382 2390 4439 dicit
2415 4382 2678 4437 Dominus
2719 4401 2733 4437 :
2767 4398 2787 4432 ι
2817 4381 2895 4435 Τυ
2925 4397 2983 4438 es
3010 4381 3203 4437 Petrus
3228 4391 3281 4437 et
3314 4399 3477 4453 super
3504 4384 3647 4439 hanc

2071 4484 2282 4545 petram
2315 4472 2601 4529 aediﬁcabo
2632 4471 2935 4528 Ecclesiam
2970 4487 3171 4537 meam,
3201 4480 3252 4526 et
3285 4484 3453 4542 porta:
3484 4475 3645 4530 inferi

2070 4583 2175 4621 non
2214 4566 2586 4637 praavalebunt
2621 4564 2886 4620 adversus
2915 4581 3056 4620 eam.
3096 4584 3113 4617 I
3160 4566 3224 4620 Et
3266 4566 3461 4620 iterum
3501 4569 3644 4623 idem

2073 4659 2126 4713 in
2164 4658 2268 4713 alia
2316 4658 2545 4728 epistola
2592 4657 2657 4712 ad
2702 4657 3079 4724 Naucratium,
3120 4657 3278 4726 cujus
3316 4648 3645 4729 principium

392 4763 560 4834 ἑτέρᾳ
585 4762 845 4831 ἐπιστολῇ
877 4761 1015 4831 πρὸς
1052 4759 1425 4831 Ναυκράτιον,
1458 4758 1526 4835 ἦς
1557 4764 1590 4834 ή
1622 4765 1767 4834 ἀρχή
1799 4781 1811 4795 ο
1857 4767 1960 4819 «Oti

2069 4757 2193 4814 est,
2246 4747 2362 4802 Non
2399 4748 2710 4819 implebitur
2776 4748 2927 4802 auris
2967 4763 3083 4801 tnea
3135 4762 3164 4802 a
3226 4750 3450 4806 vocibus
3491 4753 3650 4806 audi—

394 4852 772 4922 πλησθήσεται
825 4852 889 4904 τὸ
944 4851 1039 4913 οὖς
1072 4867 1176 4919 μου
1209 4851 1319 4904 ἀπὸ
1341 4850 1535 4920 φωνῶν
1566 4854 1905 4922 ἀκροάσεως,
1944 4875 1964 4908 ο

398 4943 568 5014 φησί·
617 4942 932 5014 «Μαρτυρῶ
951 4943 1077 5012 ἄρτι
1099 4942 1439 4997 κατενώπιον
1471 4943 1608 4999 Θεοῦ
1633 4946 1728 5000 καὶ
1757 4946 1969 5018 ανθρώ-

398 5053 538 5103 πων,
572 5036 653 5089 ὅτι
683 5037 909 5099 ἑαυτοὺς
935 5035 1259 5107 ἀπέρρηξαν
1290 5036 1386 5090 τοῦ
1421 5035 1676 5109 σώματος
1708 5040 1804 5093 τοῦ
1832 5041 1967 5111 Χρι-

400 5129 555 5193 στοῦ,
583 5130 678 5183 τοῦ
732 5128 1067 5200 κορυφιακοῦ
1109 5128 1302 5199 θρόνου
1357 5130 1416 5183 ὲν
1444 5122 1489 5196 ᾧ
1543 5131 1781 5201 Χριστὸς
1808 5132 1969 5186 ἔθετο

402 5225 499 5286 τὰς
529 5222 676 5284 κλεῖς
711 5222 806 5291 τῆς
835 5223 1097 5288 πίστεως,
1131 5235 1198 5295 ης
1228 5223 1291 5276 οὐ
1329 5225 1668 5294 κατίσχυσαν
1699 5225 1794 5279 ἀπ’
1842 5228 1974 5279 αίῶ-

402 5331 512 5378 νος,
547 5312 655 5366 οὐδ’
691 5312 758 5367 ἂν
814 5312 1184 5383 κατισχύσωσι
1238 5311 1401 5384 μέχρι
1434 5315 1740 5380 συντελείας
1774 5318 1829 5368 ai
1876 5316 1971 5370 τοῦ

398 5408 527 5481 ᾅδου
558 5408 748 5472 πύλαι,
776 5408 843 5460 τὰ
877 5406 985 5461 τῶν
1013 5407 1309 5478 αίρετικῶν
1342 5406 1545 5478 δηλαδὴ
1577 5409 1846 5479 στόματα,
1891 5410 1967 5475 ὡς

397 5504 432 5571 ή
482 5503 574 5554 τοῦ
611 5500 879 5572 ἀψευδοῦς
937 5499 1253 5572 ὑπόσχεσις.
1297 5520 1317 5553 ι
1358 5500 1608 5565 Ἀκούεις
1640 5501 1723 5555 ὅτι
1773 5502 1963 5572 ἐκείνη

397 5596 548 5647 ἐστὶν
582 5595 614 5661 ή
646 5592 859 5664 κορυφὴ
888 5591 988 5661 τῆς
1040 5592 1135 5645 τοῦ
1190 5592 1427 5663 Χριστοῦ
1458 5593 1810 5663 Ἐκκλησίας,
1840 5591 1908 5669 ἧς
1944 5600 1972 5648 ὁ

399 5685 605 5753 Πέτρος
648 5684 1028 5756 πρωτόθρονός
1084 5686 1234 5738 ἐστι·
1271 5687 1364 5739 καὶ
1394 5685 1475 5739 ὅτι
1521 5686 1582 5740 ού
1631 5688 1969 5757 κατίσχυσαν

399 5793 533 5830 ποτε
566 5778 619 5829 αί
650 5778 813 5830 πύλαι
834 5777 928 5830 τοῦ
954 5776 1106 5849 ᾅδου,
1136 5768 1336 5831 οὐδ”ᾶν
1366 5777 1737 5848 κατισχύσωσι
1762 5782 1972 5851 ταύτης

406 5869 573 5942 μέχρι
608 5870 707 5940 τῆς
739 5869 1048 5935 συντελείας
1073 5870 1167 5926 τοῦ
1201 5872 1415 5937 αἰῶνος,
1444 5875 1512 5929 τὰ
1541 5873 1650 5929 τῶν
1674 5874 1969 5945 αἱρετικῶν

2074 4842 2261 4906 tionis,
2314 4840 2510 4910 inquit,
2576 4859 2595 4892 ι
2628 4841 2823 4895 Testor
2869 4856 3013 4895 nunc
3043 4855 3228 4895 coram
3257 4842 3368 4897 Deo
3395 4851 3447 4897 et
3476 4845 3651 4898 homi-

2072 4935 2262 4998 nibus,
2301 4932 2460 4988 divisi
2501 4942 2630 4989 sunt
2659 4946 2686 4985 ε
2714 4948 2946 5004 corpore
2968 4933 3211 5000 Christi,
3246 4944 3298 4990 et
3329 4951 3357 4989 a
3391 4952 3647 5006 suprema

2074 5027 2239 5091 sede,
2279 5025 2422 5095 apud
2465 5040 2629 5094 quam
2671 5024 2926 5082 Christus
2962 5025 3224 5097 deposuit
3259 5028 3440 5084 claves
3481 5030 3599 5082 tidei
3628 5068 3644 5093 ,

2076 5119 2339 5174 adversus
2379 5134 2542 5189 quam
2581 5129 2752 5189 portae
2794 5122 2951 5177 inferi
2991 5137 3020 5179 a
3053 5123 3253 5178 sarculo
3293 5139 3399 5177 non
3437 5140 3683 5190 pru'vu-v

2074 5213 2289 5266 luerunt
2316 5225 2414 5265 nec
2440 5211 2809 5281 praevalebunt
2831 5228 3005 5282 usque
3026 5213 3090 5267 ad
3116 5214 3645 5270 consummatioueiu
3686 5202 3714 5271 λ

2074 5305 2193 5375 ejus
2215 5340 2231 5368 ,
2265 5304 2650 5359 haereticorum
2689 5304 2945 5361 videlicet
2978 5306 3237 5361 ell'renata
3272 5319 3366 5361 ora
3395 5350 3410 5373 ,
3449 5322 3651 5362 sccun-
3720 5316 3731 5327 ‘

2077 5396 2204 5451 dum
2257 5395 2673 5464 promissionem
2727 5396 2934 5450 veracis
2990 5394 3225 5450 Domini.
3270 5414 3287 5446 ι
3331 5394 3501 5450 Audis
3541 5413 3648 5466 quo

2078 5494 2235 5555 pacto
2274 5500 2337 5539 ea
2382 5495 2464 5540 est
2496 5492 2659 5553 caput
2706 5483 2966 5540 Ecclesiae
2994 5484 3196 5539 Christi
3223 5524 3236 5548 ,
3269 5486 3426 5553 cujus
3459 5485 3650 5542 Petrus

2078 5585 2162 5632 est
2188 5576 2396 5645 primus
2417 5590 2656 5646 praeses;
2687 5586 2744 5630 et
2766 5578 2911 5645 quod
2938 5591 3216 5647 nunquam
3243 5578 3650 5646 prtevaluerunt

2079 5684 2259 5739 neque
2291 5669 2663 5739 praevalebunt
2689 5684 2867 5739 usque
2894 5671 2958 5724 ad
2987 5673 3517 5727 consummationem
3547 5687 3650 5727 eaeo

2070 5759 2178 5813 culi
2207 5759 2586 5813 haereticorum
2642 5758 2901 5813 eﬂ‘renata
2934 5774 3055 5825 ora,
3078 5764 3381 5815 secundum
3415 5776 3650 5830 pronus-

2068 5855 2278 5909 sionem
2314 5842 2533 5910 veracis
2560 5850 2905 5909 Salvatoris?
2943 5852 3004 5910 Si
3031 5868 3165 5924 ergo
3194 5869 3473 5925 nunquam
3504 5868 3650 5922 prae-
