3992 6400
302 363 432 424 i331

942 358 1094 428 PRO
1136 366 1349 431 CONC.
1397 362 1781 429 FLORENT.
1815 366 1978 426 CAP.
2023 367 2089 427 V.
2134 365 2232 427 DE
2278 364 2636 427 PRIMATU
2684 361 2923 428 TADE.

3427 370 3569 436 1382

292 477 465 545 Ρίξειν
500 474 832 547 ἐπιχειρῶν·
867 476 1008 530 ἀλλὰ
1056 480 1154 532 καλ¹
1188 478 1393 549 ταύτην
1426 479 1592 532 αὐτοῦ
1621 478 1721 548 τὴν
1751 481 1865 530 ἐπι-

1974 474 2101 530 dine
2126 484 2211 530 est
2240 478 2601 544 constitutus,
2635 487 2684 532 et
2719 480 3268 549 metropolitanorum
3303 493 3571 553 praevenit

290 566 513 638 ϐουλὴν,
552 570 586 640 ἠ
644 571 777 637 ἀγία
832 571 1052 636 σύνοδος
1113 573 1522 628 ἀναστέλλουσα
1558 571 1866 639 παντελῶς,

287 658 458 730 ὥρισε
489 660 583 712 τοῦ
616 659 827 726 λοιποῦ,
861 662 949 715 ἴνα
999 666 1051 717 εί
1077 681 1163 726 τις
1202 664 1585 735 πρξσόύτερος
1618 664 1649 734 ἢ
1683 664 1870 717 διάκο-

287 754 377 811 νος
408 749 481 812 ὡς
514 749 674 819 δῆθεν
704 750 791 804 ἐπ’
826 752 1144 824 ἐγκλήμασί
1174 772 1288 808 τισι
1319 755 1415 809 τοῦ
1441 756 1646 809 οἰκείου
1672 771 1870 824 κατεγ-

286 840 482 904 νωκὼς
517 845 843 911 ἐπισκόπου,
877 847 987 917 πρὸ
1039 848 1325 917 συνοδικῆς
1378 847 1729 918 διαγνώσεως
1774 850 1869 903 καὶ

287 932 586 997 ἐξετάσεως
619 937 712 989 καὶ
742 937 841 1007 τῆς
890 938 980 990 ἐπ’
1014 938 1166 1009 αὐτῷ
1195 939 1411 1003 τελείας
1444 942 1862 1011 κατακρίσεως,

286 1030 597 1098 ἀποστῆναι
638 1031 906 1101 τολμήσει
961 1034 1066 1103 τῆς
1116 1035 1284 1089 αὐτοῦ
1324 1036 1639 1100 κοινωνίας,
1684 1039 1779 1090 καὶ
1809 1038 1870 1091 τὸ

178 1149 184 1155 ο
286 1122 458 1192 ὄνομα
480 1123 650 1177 αὐτοῦ
688 1127 745 1177 ὲν
776 1127 897 1191 ταῖς
935 1127 1112 1196 ίεραῖς
1142 1127 1254 1181 τῶν
1289 1130 1650 1202 λειτουργιῶν
1678 1132 1870 1204 εὐχαῖς

288 1218 427 1270 κατὰ
448 1218 507 1271 τὸ
539 1218 983 1289 παραδεδομένον
1011 1224 1080 1293 τῇ
1116 1222 1416 1294 Ἐκκλησία
1446 1225 1544 1277 οὐκ
1578 1226 1867 1297 ἀναφέρει,

285 1312 476 1363 τοῦτον
504 1309 832 1364 ὑποκεῖσθαι
863 1313 1206 1383 καθαιρέσει,
1237 1316 1330 1368 καὶ
1359 1316 1540 1387 πάσης
1582 1318 1869 1389 ἱερατικῆς

286 1405 719 1475 ἀποστερεῖσθαι
745 1408 936 1478 τιμῆς.
988 1410 1049 1462 ὐ
1076 1412 1185 1480 γὰρ
1215 1411 1272 1462 ὲν
1311 1411 1689 1483 πρεσϐυτέρου
1716 1413 1868 1480 τάξει

288 1499 652 1567 τεταγμένος,
727 1501 821 1553 καὶ
872 1501 983 1557 τῶν
1040 1502 1459 1573 μητροπολιτῶν
1489 1506 1870 1576 προαρπάζων

286 1589 386 1658 τὴν
434 1589 639 1660 κρίσιν,
688 1591 783 1643 καὶ
832 1590 958 1660 ,πρὸ
1008 1592 1244 1661 κρίσεως
1302 1592 1465 1655 αὐτὸς
1512 1594 1869 1665 κατακρίνων

286 1682 409 1734 ὅσον
440 1682 499 1733 τὸ
525 1681 614 1734 ἐπ’
641 1683 790 1755 αύτῷ
816 1684 908 1737 τὸν
934 1685 1134 1739 οἰκεῖον
1158 1686 1381 1755 Πατέρα
1407 1686 1504 1739 καὶ
1534 1689 1864 1754 ἐπίσκοπον,

286 1791 441 1836 ουτος
471 1775 592 1828 οὐδὲ
621 1775 722 1845 τῆς
773 1774 869 1829 τοῦ
917 1777 1299 1849 πρεσϐυτέρου
1333 1780 1485 1832 ἐστὶν
1513 1778 1665 1846 ἄξιος
1695 1780 1869 1852 τιμῆς

1975 568 2241 638 judicium
2269 611 2284 635 ,
2337 579 2391 625 ct
2439 581 2565 625 ante
2612 569 2883 641 judicium
2924 573 3218 644 (quantum
3269 576 3322 629 in
3364 592 3423 632 se
3462 580 3569 649 est)

1979 668 2309 724 condemnat
2338 686 2498 725 suum
2531 669 2747 727 Patrem
2781 681 2836 728 et
2863 674 3234 741 episcopum,
3271 675 3359 730 hic
3381 688 3570 745 neque

1978 762 2279 832 presbyteri
2327 762 2528 828 dignus
2570 773 2656 819 est
2690 766 2898 821 honore
2939 781 3040 822 nec
3075 770 3341 837 nomine;
3383 781 3439 829 et
3471 772 3569 846 qui

1981 852 2081 907 hos
2105 865 2426 924 sequuntur,
2455 857 2500 911 si
2529 856 2623 926 qui
2645 856 2852 912 fuerint
2873 874 2939 913 ex
2967 860 3284 917 constitutis
3308 865 3361 918 in
3389 866 3567 922 sacris

1978 942 2267 1000 ordinibus
2291 989 2307 1012 ,
2344 956 2406 1013 ,οι
2436 948 2536 1017 ipsi
2571 948 2688 1003 suis
2718 948 3079 1019 dignitatibus
3110 953 3368 1009 excidant
3397 975 3412 1012 :
3446 971 3569 1012 mo-

1979 1037 2138 1090 nachi
2170 1052 2300 1092 vero
2321 1039 2406 1093 Vel
2434 1038 2560 1094 laici
2584 1040 3178 1112 expellanturpcnit‘us
3201 1045 3268 1100 ab
3297 1044 3564 1118 Ecclesia,

1978 1128 2171 1195 donec,
2210 1129 2392 1186 relicta
2451 1146 2572 1186 cum
2609 1132 2977 1191 schismaticis
3008 1137 3430 1208 conjunctione,
3492 1141 3565 1197 ad

1977 1236 2138 1276 suum
2169 1224 2487 1294 episcopum
2521 1232 2890 1280 revertantur.
2929 1245 2949 1279 ι
2989 1226 3179 1283 Nonne
3207 1246 3275 1284 ex
3306 1232 3411 1287 hoc
3439 1232 3565 1289 loco

1978 1315 2344 1386 deprehendis
2370 1317 2515 1388 quod
2548 1320 2860 1373 sacerdotio
2892 1320 3137 1387 abdicat,
3174 1337 3354 1393 neque
3386 1338 3568 1381 sacer-

1977 1407 2120 1463 dotis
2152 1423 2355 1464 nomen
2391 1410 2502 1463 vult
2531 1410 2806 1477 obtinere,
2838 1412 2929 1481 qui
2969 1414 3303 1469 mentionem
3338 1431 3446 1473 non
3477 1416 3567 1473 fa-

1977 1502 2130 1555 ciunt
2174 1503 2447 1572 primatus
2479 1518 2670 1559 eorum
2697 1544 2712 1570 ,
2743 1520 3046 1575 eorumque
3092 1518 3341 1565 sectores
3366 1548 3382 1572 ,
3425 1516 3482 1565 et
3520 1511 3567 1566 si

1978 1595 2072 1662 qui
2106 1594 2283 1649 sacris
2332 1604 2462 1650 sunt
2498 1596 2790 1652 ordinibus
2834 1597 3085 1669 insigniti
3117 1598 3382 1668 profanos
3407 1601 3569 1671 jubet

1979 1680 2149 1737 esse?
2186 1680 2287 1748 Qui
2315 1683 2378 1737 in
2421 1685 2598 1739 sacris
2648 1700 2755 1741 non
2811 1695 2983 1754 sunt,
3034 1686 3413 1761 cujuscunque
3455 1692 3568 1747 sint

1978 1770 2314 1829 conditionis
2372 1776 2840 1830 excommunicat.
2903 1776 3231 1848 Resipiscite
3288 1779 3507 1835 tandem
3542 1818 3564 1848 ,

285 1864 662 1936 ἢόνομασίας.
696 1868 759 1921 Oi
792 1869 850 1922 δὲ
884 1847 1101 1936 τούτοις
1133 1879 1516 1944 συνεπόμενοι,
1551 1876 1600 1929 εἰ
1631 1878 1732 1947 μὲν

1976 1862 2218 1931 fratres,
2275 1879 2374 1935 per
2424 1866 2593 1920 Deum
2638 1868 2984 1937 resipiscite,
3034 1884 3135 1925 nec
3174 1871 3409 1941 amplius
3454 1847 3566 1927 tam

286 1961 607 2030 ἱερωμένων
655 1956 768 2015 εἶέν
809 1980 977 2029 τινες,
1010 1966 1103 2019 καὶ
1151 1967 1308 2020 αὐτοὶ
1339 1969 1438 2039 τῆς
1469 1969 1649 2035 οἰκίας
1703 1972 1871 2044 τιμῆς

286 2053 743 2107 έκπιπτέτωσαν·
777 2056 826 2108 οἰ
858 2056 914 2110 δὲ
938 2059 1169 2129 μοναχοί⁵
1199 2060 1232 2132 ἢ
1285 2060 1465 2116 λαῖκοὶ
1498 2063 1871 2136 ἀφοριςέσθω-

286 2162 390 2197 σαν
427 2146 708 2210 παντελῶς
738 2148 841 2217 τῆς
885 2150 1238 2222 Ἐκκλησίας,
1276 2154 1474 2226 μέχρις
1505 2156 1570 2210 ἀν
1597 2158 1697 2229 τὴν
1730 2159 1871 2230 πρὸς

284 2238 415 2301 τοὺς
472 2244 868 2310 σχισματικοὺς
924 2244 1227 2313 συνάφειαν
1270 2246 1692 2317 διαπτύσαντες,
1734 2253 1871 2323 προς

282 2331 375 2383 τὸν
398 2331 597 2384 οἰκεῖον
627 2332 929 2388 ἐπίσκοπον
957 2335 1512 2413 ὲπιστραφεῖεν.Ἀρ’
1542 2341 1718 2413 ἔγνως
1738 2347 1855 2400 κάν.

282 2423 481 2490 ταῦθα,
513 2425 596 2478 ὅτι
624 2426 751 2490 τοὺς
783 2427 885 2498 μὲν
918 2429 1085 2501 ίερεῖς
1117 2432 1217 2500 τῆς
1254 2432 1560 2506 ἱερωσύνης
1581 2437 1868 2510 ἀπείργει,

284 2518 380 2572 καὶ
431 2518 541 2572 οὐδ’
581 2520 884 2593 ὀνομασίαν
920 2527 1112 2598 ἱερέων
1165 2528 1332 2600 ἔχειν,
1357 2532 1488 2596 τοὺς
1543 2534 1618 2605 μὴ
1651 2553 1869 2607 μνημο-

287 2608 539 2676 νεύοντας
564 2614 662 2685 τῆς
686 2617 861 2687 ἀρχῆς
884 2619 1089 2687 αὐτῶν,
1112 2621 1241 2684 τοὺς
1268 2622 1314 2676 δ’
1336 2624 1640 2693 ἑπομένους
1656 2628 1865 2693 αὐτοῖς,

285 2704 613 2760 καὶτούτων
657 2710 783 2773 τοὺς
824 2712 1160 2783 ίερωμένους
1215 2716 1468 2786 ἀνιέρους
1514 2719 1729 2773 κελεύει
1766 2723 1867 2790 μέ-

285 2812 418 2863 νειν,
446 2802 572 2863 τοὺς
602 2800 649 2854 δ’
694 2802 973 2874 ἀνιέρους,
1003 2808 1409 2877 οἱασδηποτοῦν
1442 2812 1652 2879 τάξεως
1706 2813 1867 2880 δντας

280 2892 572 2961 ἀφορίζεις
609 2894 806 2949 Σῦνετε
861 2898 1050 2952 λοιπὸν
1106 2901 1332 2973 ἀδελφοὶ
1362 2904 1474 2973 διὰ,
1509 2907 1602 2959 τὸν
1638 2909 1866 2979 Κύριον,

291 2983 483 3039 σύνετε
511 3002 526 3019 ·
561 2989 696 3057 μηδὲ
727 2990 917 3046 Θέλετε
973 2995 1337 3053 ἀνθίστασθαι
1363 3002 1431 3070 τῇ
1463 3000 1695 3075 ἀληθεία⁵
1723 3005 1868 3059 οὕτω

283 3079 498 3150 φανερᾷ
527 3077 683 3153 οὔσῃ,
737 3083 834 3136 καὶ
882 3085 1019 3157 πρὸς
1051 3090 1180 3153 τοὺς
1227 3092 1507 3164 ἡγήτορας
1537 3095 1646 3148 τῶν
1679 3098 1867 3169 ψυχῶν

1975 1967 2164 2029 aperte
2203 1958 2418 2013 veritati
2468 1958 2798 2025 obsistatis,
2855 1976 2955 2017 nec
3003 1960 3267 2017 adversus
3321 1973 3567 2029 pastores

1974 2051 2283 2107 animarum
2315 2058 2624 2107 vestrarum
2658 2051 2990 2120 decertetis;
3023 2053 3223 2110 durum
3262 2066 3344 2112 est
3373 2058 3520 2113 enim
3547 2099 3565 2123 ,

1975 2143 2088 2197 imo
2120 2158 2250 2199 vero
2280 2144 2413 2198 fatui
2448 2152 2504 2199 et
2532 2144 2825 2210 dementis,
2851 2144 3012 2201 nudis
3039 2148 3267 2216 pedibus
3298 2150 3563 2204 adversus

1973 2236 2255 2291 stimulum
2292 2236 2604 2292 calcitrare.
2642 2235 2778 2291 Nam
2800 2238 3268 2308 quemadmodum
3298 2242 3562 2311 ovalapi-

1976 2330 2160 2394 dibus,
2191 2328 2273 2385 sic
2295 2338 2349 2385 et
2375 2328 2558 2400 capita
2583 2339 2763 2385 vestra
2820 2329 3068 2386 Ecclesia
3099 2330 3557 2404 confriiiguntur:

1969 2420 2135 2494 Lapis
2202 2436 2438 2492 namque
2477 2432 2525 2476 et
2595 2430 2746 2492 petra
2809 2421 3054 2475 scandali
3105 2432 3178 2476 ρει
3201 2420 3464 2479 Ecclesia.
3509 2435 3560 2477 et

1969 2516 2226 2572 Christus
2258 2517 2373 2586 ipse
2422 2515 2501 2569 illi
2543 2529 2603 2571 se
2647 2514 2883 2571 similem
2930 2513 3086 2570 facit.
3119 2512 3319 2571 Beatus
3357 2515 3562 2572 Paulos

1973 2606 2045 2661 ita
2096 2604 2337 2661 scribit:
2376 2620 2397 2656 ι
2436 2602 2706 2659 Bibehant
2752 2603 2897 2656 enim
2944 2602 3012 2657 de
3056 2602 3323 2673 spirituali
3366 2618 3565 2658 conseb

1972 2698 2161 2769 quenti
2197 2712 2292 2752 eos
2323 2704 2499 2766 petra,
2534 2702 2687 2765 petra
2713 2703 2895 2750 autem
2927 2704 3049 2750 erat
3082 2694 3336 2751 Christus
3362 2694 3428 2749 “.
3463 2695 3565 2751 liic

1970 2801 2055 2847 est
2086 2790 2221 2861 lapis
2249 2793 2313 2845 dc
2340 2799 2529 2843 monte
2557 2787 2807 2856 virginali
2836 2787 3125 2844 abscissus
3156 2784 3220 2841 “.
3254 2804 3275 2838 ι
3308 2786 3563 2843 Christus

1970 2898 2105 2939 vero
2135 2882 2200 2936 ad
2234 2881 2455 2937 Petrum
2484 2898 2499 2936 :
2531 2898 2551 2932 ι
2584 2878 2666 2934 Tu
2694 2894 2753 2934 es
2783 2880 2999 2946 Petrus,
3027 2888 3080 2934 et
3105 2894 3269 2949 super
3298 2878 3441 2935 hanc
3471 2895 3564 2949 pe-

1971 2986 2113 3031 tram
2150 2975 2438 3031 aedificabo
2473 2973 2775 3029 Ecclesiam
2798 3011 2814 3038 ,
2853 2990 2870 3023 ι
2910 2982 2966 3026 et
2994 2971 3199 3042 reliqua
3225 3011 3240 3033 ,
3273 2978 3331 3024 ut
3359 2972 3561 3031 sacpius
3620 2996 3626 3003 ~

1972 3067 2180 3122 dictum
2211 3074 2314 3121 est.
2347 3064 2488 3120 Ecce
2517 3063 2687 3131 igitur
2713 3071 2995 3118 ostensum
3026 3071 3110 3116 est
3142 3061 3289 3131 quod
3320 3071 3470 3132 petra
3498 3071 3556 3117 et

284 3170 441 3240 ημῶν
491 3173 863 3247 ἀντιφερίζειν
889 3195 901 3208 ·
932 3154 1176 3251 σκληρὸν
1373 3154 1514 3254 ἐστι,
1556 3154 1789 3258 μᾶλλονῆ
1813 3196 1865 3248 δέ

1977 3160 2117 3230 lapis
2155 3157 2367 3215 Christi
2411 3166 2496 3213 est
2540 3155 2828 3223 Ecclesia;
2875 3156 2966 3224 qui
3010 3154 3174 3224 igitur
3206 3155 3259 3208 in
3292 3169 3410 3208 eam
3452 3155 3559 3208 im-

283 3264 467 3333 μωρον
514 3268 607 3357 καὶ
660 3269 891 3340 ἀνόητον
942 3248 1175 3343 γυμνοῖς
1233 3248 1362 3330 ποσὶ
1410 3248 1695 3345 λακτίζειν
1732 3286 1865 3357 πρὸς

1981 3254 2190 3325 pingit,
2220 3252 2312 3307 lux
2344 3251 2396 3306 in
2432 3264 2498 3306 eo
2530 3264 2638 3304 non
2670 3256 2786 3315 cst;
2824 3248 2919 3304 sed
2952 3248 3043 3317 qui
3076 3257 3258 3302 servat
3292 3256 3560 3316 praecepta

281 3357 519 3423 κέντρα·
560 3356 618 3409 ὃν
666 3359 776 3427 γὰρ
806 3359 1012 3429 τρόπον
1062 3362 1132 3415 τά
1163 3361 1248 3417 ὠά
1276 3365 1356 3436 τῷ
1407 3366 1564 3439 λίθῳ,
1604 3356 1787 3434 οὕτως
1812 3375 1870 3426 αί

280 3447 522 3514 κεφαλαὶ
583 3449 740 3520 ὑμῶν
798 3455 864 3525 τῇ
900 3453 1198 3527 Ἐκκλησία
1248 3458 1658 3529 συντρίϐονται.
1707 3465 1870 3529 Λίθος

279 3541 393 3611 γὰρ
416 3542 510 3594 καὶ
545 3544 848 3599 σκανδάλου
895 3547 1071 3615 πέτρα
1102 3549 1135 3617 ἠ
1167 3548 1491 3621 Ἐκκλησία,
1525 3556 1618 3607 καὶ
1647 3557 1814 3620 αὐτὸς
1844 3558 1871 3609 6

279 3633 517 3703 Χριστὸς
570 3640 995 3706 παρεικάζεται.
1057 3640 1274 3706 Παῦλος
1310 3646 1341 3697 6
1391 3646 1663 3717 μακάριος
1725 3648 1868 3704 οὕτω

281 3726 427 3796 λέγει
455 3743 468 3759 ’
499 3748 520 3781 ι
550 3731 777 3785 Ἐπινον
807 3735 918 3804 γὰρ
946 3736 1010 3789 ὲκ
1046 3738 1433 3809 πνευματικῆς
1464 3740 1867 3813 ἀκολουθούσης

282 3821 510 3913 πέτρας,
561 3824 595 3895 ἡ
644 3824 702 3878 δὲ
738 3826 917 3896 πέτρα
962 3822 1032 3900 ἦν
1074 3831 1102 3883 6
1143 3830 1416 3902 Χριστός’
1458 3833 1615 3900 οὗτός
1658 3837 1865 3913 ἐστινὸ

276 3912 422 3976 λίθος
452 3917 479 3967 6
508 3915 567 3982 ἐξ
589 3916 752 3986 ὅρους
773 3918 1107 3988 παρθενικοῦ
1123 3923 1517 3996 ἀποτμηθείς.)
1558 3927 1618 3982 '0
1646 3930 1701 3983 δὲ
1728 3932 1866 4004 Χρι-

279 4004 403 4067 στὸς
432 4006 564 4075 πρὶς
589 4008 679 4062 τὸν
695 4010 925 4082 Πέτρον,
944 4028 974 4065 τ
1013 4012 1086 4066 Σὺ
1118 4009 1171 4066 εί
1202 4013 1430 4085 Πέτρος,
1458 4017 1555 4071 καὶ
1576 4019 1669 4073 ἐπὶ
1690 4021 1864 4095 ταύτῃ

272 4099 342 4167 τῇ
378 4097 554 4168 πέτρᾳ
581 4100 929 4173 οἰκοδομήσω
954 4121 1058 4174 μου
1085 4104 1186 4176 τὴν
1221 4106 1582 4179 Ἐκκλησίαν,
1621 4129 1640 4163 ι
1680 4116 1773 4167 καὶ
1794 4116 1863 4170 τὰ

274 4189 459 4255 λοιπὰ,
494 4191 571 4257 ὡς
600 4193 867 4257 πολλάκις
901 4196 1148 4265 είρηται.
1190 4197 1323 4253 Ἰδοὺ
1358 4199 1451 4254 οὖν
1471 4201 1748 4261 δέδεικται
1779 4209 1863 4264 ὅτι

276 4285 455 4356 πέτρα
509 4289 605 4339 καὶ
664 4287 835 4351 λίθος,
867 4289 901 4358 ἡ
930 4289 1026 4343 τοῦ
1060 4292 1302 4361 Χριστοῦ
1347 4296 1648 4368 Ἐκκλησία
1684 4303 1861 4360 ἐστίν.

275 4378 377 4442 ὐς
407 4396 491 4443 τις
522 4398 617 4435 ουν
643 4383 702 4434 έν
736 4382 875 4452 αὐτῇ
912 4383 1276 4453 προσκόπτει,
1319 4388 1435 4456 φῶς
1469 4390 1530 4443 έν
1581 4394 1730 4466 αύτῷ
1760 4398 1862 4451 ούκ

273 4472 423 4525 ἔστιν
445 4489 460 4503 θ
494 4473 521 4525 6
552 4473 608 4528 δὲ
643 4475 866 4543 κρατῶν
908 4477 1008 4539 τάς
1036 4476 1263 4541 ἐντολὰς
1305 4479 1500 4552 αὐτῆς,
1530 4484 1592 4537 ού
1624 4490 1862 4557 προσκὸ.

1971 3346 2093 3416 ejus
2124 3359 2234 3399 non
2269 3341 2562 3414 impingit,
2596 3356 2723 3397 vera
2759 3340 2881 3396 luce
2918 3355 3040 3411 qua
3070 3340 3126 3396 in
3168 3341 3285 3410 ipso
3316 3349 3401 3395 est
3433 3340 3561 3394 illu-

1972 3437 2241 3497 minante,
2277 3452 2295 3485 ι
2333 3448 2455 3502 qum
2484 3433 2753 3488 illuminat
2784 3448 3004 3487 omnem
3036 3431 3312 3487 hominem
3345 3432 3566 3487 venien-

1971 3536 2078 3579 lem
2109 3527 2164 3580 in
2198 3529 2343 3579 hunc
2381 3525 2665 3580 mundum.
2705 3544 2726 3577 ι
2766 3524 2884 3579 Lux
2919 3525 3066 3579 enim
3104 3526 3311 3580 veritas
3344 3532 3428 3579 est
3462 3539 3564 3580 σος

1970 3620 2149 3689 gnitio
2182 3634 2247 3673 ac
2276 3618 2661 3671 illuminantur
2692 3616 2761 3671 ab
2792 3630 2856 3670 ea
2890 3617 2982 3685 qui
3018 3616 3211 3670 volunt
3244 3624 3298 3669 et
3329 3631 3559 3671 manent

1972 3711 2027 3764 in
2058 3712 2145 3764 ea.
2176 3708 2279 3764 Sed
2316 3708 2409 3779 qui
2448 3708 2645 3761 nolunt
2676 3708 3083 3776 obtemperare,
3116 3705 3444 3775 insipientia:
3482 3716 3564 3761 tc-

1972 3802 2160 3856 neht'ze
2209 3816 2398 3856 eurum
2434 3800 2627 3856 oculos
2671 3799 2938 3868 obtegunt
2963 3839 2979 3865 ,
3027 3810 3082 3854 et
3117 3798 3465 3869 impingunt,
3506 3809 3562 3854 et

1971 3903 2360 3959 conteruntur,
2396 3908 2461 3949 ac
2503 3893 2721 3947 tandem
2753 3891 3212 3958 exterminantur,
3242 3904 3296 3947 et
3335 3907 3564 3963 respon-

1969 4002 2092 4042 sum
2129 3985 2346 4052 ferent,
2387 3986 2532 4057 quod
2581 3986 2838 4057 praecepit
2890 3983 3155 4040 Dominus
3180 4025 3195 4051 ,
3232 3985 3378 4055 quod
3428 4000 3561 4040 oves

1971 4094 2104 4134 meae
2143 4093 2322 4132 meam
2359 4091 2550 4132 vocem
2591 4075 2863 4142 audiunt;
2917 4090 3039 4146 quae
3088 4090 3218 4132 vero
3268 4089 3401 4130 meae
3448 4089 3561 4131 non

1968 4179 2128 4236 sunt,
2159 4184 2352 4225 vocem
2392 4183 2570 4224 meam
2604 4182 2713 4224 non
2747 4168 3004 4238 audiunt,
3037 4176 3092 4224 et
3126 4168 3289 4240 lupus
3320 4169 3468 4239 rapit
3502 4179 3562 4224 et

1968 4265 2233 4336 dispergit
2257 4278 2375 4319 eas.
2405 4262 2482 4316 Ita
2505 4263 2721 4318 eveniet
2742 4270 2798 4318 ct
2822 4263 3187 4318 rationalibus
3210 4263 3410 4318 ovibus
3439 4276 3565 4333 quae

1968 4372 2162 4413 vocem
2212 4357 2451 4429 pastoris
2501 4372 2608 4410 non
2650 4357 2922 4423 audiunt;
2972 4354 3280 4426 impingent
3307 4354 3456 4411 enim
3507 4364 3565 4409 et

1971 4450 2230 4506 labentur
2266 4452 2321 4505 in
2358 4451 2595 4507 haereses
2618 4487 2635 4515 ,
2672 4449 3045 4504 absurditates
3078 4459 3133 4503 et
3166 4448 3489 4504 schismata.

271 4583 420 4632 πτει,
448 4565 542 4620 τοῦ
576 4566 755 4637 φωτὸς
785 4570 845 4623 ὲν
874 4569 1024 4640 αύτῷ
1059 4569 1402 4640 ὑπάρχοντος
1429 4574 1525 4627 τοῦ
1562 4577 1850 4649 ἀληθινοῦ,
1922 4585 2019 4640 τοῦ
2072 4588 2407 4655 φωτίζοντος
2464 4590 2645 4643 πάντα
2704 4586 2998 4658 ἄνθρωπον
3068 4589 3150 4649 εἰς
3199 4588 3292 4641 τὸν
3348 4589 3561 4659 κόσμον

274 4657 615 4753 ἐρχόμενον
640 4660 775 4753 ,φῶς
806 4662 918 4733 γὰρ
965 4663 999 4734 ἡ
1053 4663 1284 4734 ἀλήθεια
1309 4668 1405 4720 καὶ
1466 4671 1670 4737 γνῶσίς
1700 4674 1819 4730 ἐστι
1838 4693 1855 4709 ο
1896 4681 1994 4735 καὶ
2025 4682 2357 4751 φωτίζονται
2388 4684 2520 4753 παρ’
2550 4682 2723 4751 αὐτῆς
2752 4657 3076 4743 οίθέλοντες
3138 4681 3234 4735 καὶ
3302 4657 3562 4752 μένοντες

269 4752 330 4802 ὲν
363 4751 536 4850 aet-ir
565 4751 616 4805 oi
632 4752 689 4806 δὲ
725 4753 800 4825 μὴ
833 4753 1150 4827 βουλόμενοι
1185 4760 1620 4832 ὑποτάσσεσθαι,
1688 4769 1750 4822 τὸ
1821 4771 1927 4843 τῆς
1964 4775 2152 4841 ἀνοίας
2192 4778 2388 4841 σκότος
2415 4751 2684 4832 καλύπτει
2708 4777 2839 4840 τοὺς
2864 4777 3186 4850 ὀφθαλμοὺς
3219 4751 3424 4844 αὐτῶν,
3461 4783 3563 4835 καὶ

270 4847 682 4947 προσκόπτουσι
759 4854 1321 4947 καὶῃσυντρίδονται
1372 4860 1466 4914 καὶ
1530 4861 1717 4918 τέλεον
1765 4870 2161 4938 ἀφανίζονταιο
2230 4875 2328 4929 καὶ
2391 4876 2491 4945 τὴν
2551 4875 2830 4942 ἀπόφασιν
2883 4847 3102 4941 ἕξουσιν
3154 4872 3221 4947 ἢν
3276 4877 3304 4928 6
3353 4873 3562 4945 Κύριος

267 4939 595 5040 ἐνετείλατο,
632 4942 717 5040 ὅτι
742 4959 756 4975 ·
790 4945 936 5040 Τὰ
966 4948 1074 5040 έμά
1109 4949 1364 5020 πρόϐατα
1397 4951 1501 5022 τῆς
1531 4956 1723 5028 φωνῆς
1752 4976 1857 5029 μου
1897 4963 2089 5020 ἀκούει
2113 4982 2128 4997 ⁸
2165 4968 2234 5021 τά
2259 4967 2304 5020 δ’
2327 4939 2590 5039 ούκνὲμά,
2617 4939 2719 5020 οὐκ
2760 4939 2953 5021 ἀκούει
2988 4985 3094 5038 μου
3164 4939 3265 5038 τῆς
3329 4939 3556 5040 φωνῆς’

264 5034 364 5086 καὶ
441 5033 636 5133 λύκοςΔ
654 5036 895 5133 ἁρπάζει
932 5038 1099 5107 αὐτὰ,
1158 5043 1257 5096 καὶ
1299 5046 1594 5116 σκορπίζει
1624 5050 1700 5103 τὰ
1730 5055 2004 5125 πρόϐατα.
2039 5077 2066 5116 ι
2101 5060 2293 5125 οὓτως
2322 5033 2511 5128 ἕξουσί
2589 5060 2688 5116 καὶ
2735 5059 2805 5114 τά
2871 5033 3070 5129 λογικά
3122 5033 3396 5133 πρόϐατα,
3469 5033 3557 5132 μὴ

261 5128 534 5229 ἀκξδύονςτα
576 5128 677 5199 τῆς
727 5130 823 5185 τοῦ
877 5136 1139 5205 ποιμένος
1223 5139 1451 5211 φωνῆς’
1506 5142 1860 5218 ὀλισθήσουσι
1894 5153 2010 5226 γὰρ
2038 5155 2136 5210 καί⁵
2164 5154 2662 5229 σκορπισθήσονται
2735 5157 2815 5219 εἰς
2850 5154 3098 5226 αἱρέσεις
3150 5128 3249 5209 καὶ
3314 5128 3556 5220 ἀτοπίας

262 5222 364 5278 καὶ
389 5221 697 5294 σχίσματα.

1010 5317 1108 5377 ΙΖ’.

338 5406 463 5501 Ὅτι
485 5410 543 5462 δὲ
567 5409 630 5463 οὐ
669 5410 898 5501 δυνατόν
921 5413 1073 5470 ἔστιν
1104 5416 1479 5492 ἀπατηθῆναι,
1508 5423 1541 5493 ἤ
1581 5425 1860 5501 πλανηθῆ-

257 5514 375 5565 ναι,
412 5497 445 5568 ἢ
497 5500 883 5572 συντριϐῆναι,
918 5504 951 5575 ἢ
1000 5505 1307 5564 ἀπολέσθαι
1358 5511 1461 5584 τὴν
1493 5497 1854 5589 Ἐκκλησίαν,

258 5590 401 5645 ἁλλά
434 5592 638 5661 μᾶλλον
668 5594 796 5660 τοὺς
841 5598 1193 5669 μαχομένους
1224 5604 1363 5677 αὐτῇ
1392 5606 1568 5663 ταῦτα
1596 5612 1852 5685 πάσχειν,

256 5684 535 5741 δέδεικται
572 5685 676 5758 μὲν
705 5690 802 5745 καὶ
832 5691 1104 5765 πρότερον
1148 5693 1371 5766 πολλοῖς
1419 5703 1516 5756 καὶ
1543 5704 1851 5780 καλοῖςλό-

336 5870 380 5900 δ’
412 5868 431 5924 l
462 5869 589 5927 Cor.
624 5886 679 5943 ι’,
717 5872 772 5929 4.
851 5872 896 5910 ⁸³
935 5874 1076 5934 Dan.
1121 5892 1184 5937 tt.
1214 5877 1307 5944 45.

2668 5334 2841 5391 XVII.

2041 5431 2197 5499 Quod
2227 5446 2357 5489 vero
2382 5445 2491 5487 non
2528 5429 2704 5500 possit
2729 5427 2935 5500 decipi,
2958 5426 3041 5507 vel
3068 5441 3280 5492 errare,
3311 5425 3397 5480 vel
3431 5439 3565 5482 con-
3634 5486 3655 5507 Ἰ

1966 5524 2160 5598 fringi,
2194 5524 2278 5582 vel
2309 5525 2491 5596 perire
2522 5521 2797 5589 Ecclesia,
2832 5521 2947 5577 imo
2983 5534 3113 5576 vero
3145 5520 3201 5576 id
3232 5519 3458 5577 evenire
3490 5519 3563 5576 iis

1965 5617 2062 5688 qui
2113 5631 2236 5675 eam
2277 5624 2639 5689 oppugnant,
2691 5621 2978 5672 ostensum
3028 5621 3115 5669 est
3159 5621 3321 5668 antea
3374 5611 3565 5667 multis

1960 5712 2197 5784 evregiis
2231 5707 2839 5785 argumentationibus;
2896 5722 3048 5766 nunc
3101 5707 3379 5766 ellicacius
3421 5721 3563 5779 quo-

2964 5999 3043 6008 a..-
3073 5999 3088 6005 -
