3992 6422
582 384 719 454 1383

1771 381 2086 447 Jt).$i£l’lll
2135 384 2687 453 METHUNENSIS

3631 406 3720 472 libi

577 505 870 562 dammodo
908 520 999 575 per
1036 520 1253 560 saerum
1292 505 1747 575 ClityBOStmnztnt
1786 524 1965 560 aureae
2010 508 2143 563 iubar

2260 529 2374 580 γοις
2395 532 2406 543 ·
2443 514 2535 567 νῦν
2566 519 2622 570 δὲ
2647 517 3017 589 ἰσχυροτέρως
3055 537 3171 583 πως
3200 519 3286 574 διὰ
3322 521 3405 576 τοῦ
3427 524 3547 596 ἱεροῦ
3568 525 3722 593 Χρυσο-

575 600 823 655 divinum
859 597 1121 652 Joannem
1157 598 1447 653 audiamus
1478 614 1542 651 ex
1581 599 1832 652 oratione
1867 599 1920 652 in
1956 600 2149 653 Pente-

570 698 766 745 costen
794 729 809 752 ,
852 689 1009 757 cujus
1045 689 1373 758 principium
1412 705 1426 741 :
1469 707 1486 740 ι
1523 687 1736 741 Caelum
1784 689 2154 743 bodie'nobis

574 781 719 837 facta
753 790 837 835 est
887 790 1052 834 terra.
1098 799 1116 831 ο
1158 780 1297 833 Dicit
1348 779 1492 833 enim
1539 779 1608 832 ibi
1665 790 1789 850 post
1830 779 1933 834 alia
1980 779 2154 835 multa

503 875 513 884 ’
574 875 657 930 sic
693 873 767 944 (l)
805 891 819 927 :
858 890 875 923 ς
915 872 1107 940 Magno
1137 873 1322 927 studio
1366 873 1636 926 incumbit
1683 873 1823 927 Deus
1873 873 1925 925 in
1962 870 2152 928 Eccle-

573 971 732 1032 siam,
760 982 870 1020 non
902 966 1201 1034 parii-tibus
1229 965 1444 1025 fultam,
1471 965 1564 1019 sed
1591 966 1767 1033 gratia
1793 964 2153 1019 eustoditam.

572 1060 803 1129 Propter
846 1058 1146 1113 Ecclesium
1180 1059 1539 1129 constitutum
1586 1066 1670 1111 est
1717 1058 1953 1123 cretum,
2008 1065 2154 1111 terra

576 1154 782 1207 lirmata
813 1164 918 1219 est,
947 1161 1001 1205 et
1029 1167 1180 1205 mare
1211 1150 1470 1213 ell'usum,
1501 1159 1553 1203 et
1580 1164 1673 1204 aer
1704 1152 1964 1217 repletus,
1994 1164 2156 1219 para-

570 1246 730 1300 disus
761 1254 847 1299 est
879 1247 1156 1313 plantatus
1180 1283 1195 1306 ,
1235 1244 1319 1296 lex
1360 1243 1559 1296 tradita
1586 1283 1600 1309 ,
1646 1243 1798 1297 missi
1832 1243 2113 1312 propheta:
2138 1282 2154 1307 ,

575 1336 837 1391 miracula
868 1336 1010 1390 facta
1041 1344 1195 1394 sunt,
1232 1348 1381 1387 mare
1410 1334 1771 1397 dividebatur,
1803 1341 1857 1386 et
1888 1332 2155 1387 resarcie-

568 1432 772 1495 batur,
808 1438 974 1499 petrae
1000 1428 1392 1483 scindebantur
1425 1436 1478 1483 et
1516 1441 1715 1481 rursus
1742 1426 2155 1496 jungebanturf,

577 1538 776 1576 manna
804 1524 871 1576 de
910 1499 1052 1577 2:on
1081 1521 1447 1576 descendebat
1474 1560 1491 1581 .
1523 1530 1577 1574 et
1605 1537 1668 1574 ex
1698 1528 1941 1590 tempore
1968 1534 2157 1574 mensa

574 1614 992 1685 disponebalur;
1018 1623 1241 1685 propter
1268 1613 1573 1669 Ecelesiam
1607 1613 1909 1683 prophetae,
1938 1619 2159 1681 propter

575 1708 874 1762 Ecclesium
905 1707 1162 1776 apostoli.
1196 1724 1221 1759 ι
1253 1703 1324 1761 At
1367 1721 1466 1759 eor
1495 1716 1603 1760 tam
1642 1703 1858 1757 multa?
1885 1724 1902 1755 ι
1933 1702 2159 1774 Propter

576 1801 876 1855 Ecelesiam
908 1799 1221 1869 ttnigenitus
1256 1797 1349 1852 Dei
1380 1794 1558 1852 Filius
1607 1796 1753 1851 illius
1786 1796 2031 1852 hominis
2073 1794 2158 1849 fa-

2259 607 2486 676 σττέμου,
2530 609 2631 677 τῆς
2677 611 2885 680 χρυσῆ;
2930 612 3230 681 σάλπιγγος
3259 613 3481 669 Ἰωάννου
3520 620 3593 671 τοῦ
3623 621 3725 675 θεόυ

2258 698 2604 768 ἀκούσωμεν,
2632 702 2691 754 ἐν
2713 703 2790 772 τῷ
2825 703 2972 774 λόγῳ
3025 703 3103 773 τῷ
3155 705 3234 763 είς
3277 705 3371 775 τὴν
3408 708 3721 781 Πεντηκοστῆν·

2256 789 2318 843 οὖ
2351 793 2383 861 ἡ
2415 793 2597 863 ἀρχή·
2638 813 2658 847 ι
2680 794 2740 848 '0
2771 796 3001 866 οὐρανὸς
3031 799 3162 869 ἡμῖν
3188 790 3366 866 γέγονέ
3392 800 3594 869 σήμερον
3615 796 3721 872 ﬁn

2258 880 2411 950 λέγει
2442 884 2551 953 γὰρ
2580 884 2636 937 ἐν
2662 884 2831 956 αὐτῷ,
2863 886 3003 955 μετὰ
3058 886 3229 941 πολλὰ
3257 889 3400 947 ἀλλα.
3431 888 3544 941 ὡδί·
3583 909 3597 940 ι
3630 890 3721 944 Πολὺ

2257 975 2366 1044 γάρ
2390 976 2468 1044 τῷ
2494 976 2617 1045 Θεῷ
2663 979 3148 1047 περισπούδαστον
3183 981 3217 1044 ἡ
3242 978 3513 1050 Ἐκκλησία
3532 997 3544 1013 ·
3569 982 3616 1033 οὗ
3650 985 3722 1034 τεί-

2255 1086 2373 1135 χοις
2404 1069 2840 1142 άσφαλιζομένη,
2875 1073 3011 1153 ἀλλά
3065 1074 3248 1145 χάριτι
3296 1076 3641 1150 φυλαττομένη.
3665 1077 3718 1128 .ld

2256 1161 2355 1230 τὴν
2395 1161 2722 1232 Ἐκκλησῗαν
2751 1165 2955 1236 ἐστάθη
2978 1170 3006 1221 ὁ
3035 1167 3285 1237 οὐρανὸς,
3320 1170 3408 1221 καί⁵
3436 1165 3499 1237 γῆ
3517 1168 3715 1238 ὲῦεμελιὺ-

2258 1255 2361 1324 οη·
2394 1258 2488 1310 καὶ
2537 1259 2783 1312 θάλασσα
2819 1260 3053 1332 ἐξεχύθη
3083 1279 3095 1292 ·
3167 1265 3258 1316 καὶ
3311 1263 3412 1334 ἀὴρ
3476 1264 3718 1334 ἐπληρώθη·

2261 1350 2590 1415 παράδεισος
2618 1353 2891 1425 ἐφυτεύθη
2913 1371 2927 1386 ·
2963 1355 3128 1424 νόμος
3157 1355 3308 1424 ἐδόθη
3337 1375 3349 1388 ο
3383 1355 3623 1426 προφῆται
3642 1358 3723 1408 ἁτε-

2259 1444 2535 1511 στάὶησαν
2561 1461 2573 1475 ·
2630 1443 2888 1516 θαύματα
2936 1448 3230 1514 ἐγένοντο·
3290 1449 3508 1515 πέλαγος
3560 1444 3724 1516 ἐσχίζετο

2257 1534 2354 1587 καὶ
2385 1536 2698 1607 ὲρρἀτετο
2721 1554 2734 1569 ·
2775 1538 2973 1609 πέτραι
3006 1538 3360 1612 ἐρρήγνυντο,
3393 1540 3478 1593 καὶ
3497 1536 3627 1593 πάλιν
3648 1555 3726 1591 συν-

2258 1626 2496 1697 ήπτοντο
2556 1645 2571 1661 ·
2640 1630 2820 1700 μάννα
2873 1633 3233 1700 κατεφέρετο,
3299 1632 3389 1687 καὶ
3436 1631 3727 1700 ἐσχεδιασμένη

2261 1720 2714 1791 παρεσκευάζετο
2760 1724 3011 1793 τράπεζα
3035 1740 3050 1756 ·
3082 1726 3168 1779 Stat
3215 1726 3311 1797 τὴν
3337 1723 3623 1793 Ἐκκληςίαν
3646 1738 3729 1789 τρο-

2260 1812 2433 1881 φῆται
2451 1829 2467 1844 ·
2508 1813 2596 1867 διὰ
2624 1815 2724 1884 τὴν
2763 1815 3096 1887 Ἐκκλησίαν
3118 1818 3433 1872 ἀπόστολοι·
3461 1817 3545 1869 καὶ
3562 1815 3603 1868 τί
3621 1812 3729 1866 πολλὰ

565 1902 695 1947 ctus
730 1906 832 1953 est.
882 1901 943 1946 ut
986 1891 1192 1947 Paulus
1237 1893 1334 1956 ait,
1383 1894 1476 1959 qtti
1508 1893 1729 1960 proprio
1751 1889 1887 1945 Filio
1919 1905 2026 1945 non
2068 1905 2143 1958 pe‘

2259 1901 2438 1970 λέγως
2482 1904 2571 1958 διὰ
2626 1881 2727 1976 την
2767 1881 3101 1978 Ἐκκλησίαν
3149 1912 3177 1964 ὁ
3240 1909 3522 1979 μονογενὴς
3550 1905 3728 1962 1068505

576 1987 787 2055 percit,
822 1995 881 2040 ut
918 1984 1175 2039 Ecclesia:
1214 1991 1504 2052 parceret,
1543 1980 1667 2036 Filii
1708 1983 1794 2038 sui
1832 1983 2153 2053 sanguinem

572 2078 768 2132 effudit
810 2086 1033 2147 propter
1080 2074 1403 2131 Ecclesiam.
1450 2075 1551 2129 Hie
1590 2075 1817 2145 sanguis
1863 2075 2054 2145 irrigat
2086 2074 2155 2128 il-

566 2174 699 2226 iam.
734 2172 837 2226 Per
868 2186 991 2226 eum
1022 2184 1130 2224 non
1167 2179 1397 2238 possunt
1429 2166 1574 2220 illius
1605 2166 1804 2236 planta:
1830 2167 2114 2220 tabescere
2136 2204 2152 2230 ,

574 2276 751 2330 neque
782 2261 910 2314 l‘olia
951 2259 1221 2314 decidere.
1270 2258 1387 2311 Non
1432 2266 1517 2312 est
1555 2257 1797 2312 obnoxia
1838 2266 2149 2326 temporum

563 2349 902 2409 necessariis
931 2352 1170 2415 vicibus,
1196 2367 1372 2420 neque
1395 2351 1629 2420 tempori
1659 2351 1909 2405 inservit.
1939 2349 2154 2405 Estate

571 2448 790 2516 quidem
840 2446 991 2501 loliis
1035 2455 1225 2500 vernat
1255 2486 1268 2507 ,
1321 2445 1514 2514 hyeme
1554 2457 1685 2499 vero
1733 2458 1843 2498 non
1886 2445 2149 2498 nudatur.

571 2541 690 2595 Non
727 2538 869 2593 enim
905 2547 1211 2607 temporum
1251 2536 1613 2590 necessitates
1638 2575 1653 2600 ,
1685 2535 1778 2590 sed
1812 2538 1988 2602 gratia
2032 2534 2154 2604 Spi-

570 2635 714 2686 ritus
762 2646 882 2686 eam
919 2630 1090 2694 colit;
1145 2637 1425 2698 propterea
1478 2643 1585 2681 non
1635 2627 1932 2693 evellitur,
1978 2642 2153 2696 neque

568 2728 772 2780 mirum
805 2732 889 2780 est
918 2737 1042 2777 eam
1076 2738 1183 2777 non
1215 2721 1394 2775 evelli.
1429 2719 1576 2786 Quot
1609 2720 1718 2789 jam
1769 2719 1896 2774 inde
1926 2736 1954 2772 a
1996 2721 2152 2789 prin-

568 2818 714 2888 cipio
755 2816 1014 2871 adversus
1052 2812 1353 2868 Ecclesium
1395 2812 1599 2867 bellum
1638 2820 1974 2881 gesserunt,
2017 2826 2145 2865 cum

567 2920 684 2963 crat
717 2909 898 2978 planta
932 2921 1148 2967 recens,
1184 2918 1337 2958 arma
1367 2905 1633 2958 adversus
1670 2918 1789 2956 eam
1821 2914 1947 2957 sunt
1981 2918 2148 2973 expe-

568 3000 718 3056 dita?
745 3000 813 3053 At
850 2988 1113 3052 nuuc‘Dei
1147 2995 1322 3065 gratia
1352 3003 1407 3050 et
1438 2994 1613 3049 sancti
1649 2993 1889 3062 Spiritus
1927 2995 2146 3059 robore,

562 3103 621 3150 et
644 3095 942 3164 imperator
970 3100 1051 3145 est
1074 3091 1218 3159 pius,
1249 3095 1302 3142 et
1331 3089 1557 3151 milites,
1585 3094 1639 3139 et
1662 3086 1844 3141 omnis
1871 3094 2014 3140 terra
2046 3087 2150 3141 ηαδ

562 3195 652 3241 est
678 3183 909 3254 repleta.
944 3185 1010 3235 At
1052 3181 1106 3236 in
1143 3180 1355 3250 origine
1395 3180 1512 3248 ejus
1536 3221 1551 3245 ,
1592 3179 1646 3232 in
1680 3179 1912 3233 exordio
1937 3217 1951 3237 .
1994 3194 2149 3246 reges

563 3278 759 3345 impii,
790 3276 992 3330 milites
1027 3271 1321 3342 irreligiosi
1353 3271 1422 3326 ob
1454 3270 1609 3341 jussa
1642 3270 1975 3341 principum.
2023 3271 2146 3326 Arae

564 3367 867 3431 ardebant,
903 3366 1147 3434 undique
1197 3361 1376 3418 fumus
1406 3370 1462 3417 et
1516 3362 1677 3416 nidor
1701 3403 1716 3427 ,
1754 3378 1849 3417 aer
1886 3363 2143 3429 inquina-

564 3461 729 3514 hatur
752 3497 768 3521 ,
800 3458 1075 3511 daemones
1107 3454 1549 3520 bacchabantur,
1581 3453 1834 3510 diabolus
1868 3456 2139 3521 saltabat,

565 3557 720 3618 pater
755 3546 922 3601 lilium
957 3545 1279 3610 abdicabat,
1318 3544 1464 3601 ﬁlius
1501 3551 1710 3614 patrem
1748 3560 1856 3599 non
1896 3545 2139 3609 colebat,

562 3650 758 3695 natura
795 3638 1148 3694 scindebatur
1187 3646 1244 3694 et
1285 3638 1498 3709 religio.
1545 3635 1646 3692 Ubi
1690 3638 1857 3708 igitur
1891 3639 1982 3708 qui
2020 3638 2139 3693 ausi

558 3741 690 3788 sunt
722 3732 985 3787 adversus
1032 3729 1329 3786 Ecclesiam
1375 3730 1430 3783 in
1472 3731 1591 3786 acie
1623 3729 1815 3786 stare?
1847 3728 1986 3785 Cum
2024 3738 2140 3784 erat

560 3826 745 3896 planta
779 3839 991 3888 rei-ens,
1017 3838 1124 3878 non
1155 3832 1337 3877 tanten
1369 3822 1624 3894 injuriam
1657 3838 1817 3892 passa
1852 3831 1937 3877 est
1969 3841 1982 3877 :
2013 3839 2137 3878 cum

561 3918 759 3972 (mlum
820 3916 1083 3984 attingit,
1139 3930 1330 3984 speras
1390 3913 1539 3968 illam
1599 3928 1761 3983 posse
1817 3913 2140 3970 debellare?

559 4009 789 4074 Quando
823 4006 1080 4062 undecim
1116 4015 1273 4060 erant
1303 4005 1561 4074 apostoli,
1595 4022 1622 4058 a
1655 4007 1869 4060 nemine
1896 4009 2136 4076 superati

560 4108 690 4154 sunt
719 4116 732 4152 :
764 4100 873 4151 imo
915 4111 1045 4150 vero
1091 4097 1341 4151 undecim
1373 4136 1390 4162 ,
1426 4106 1505 4150 tot
1546 4098 1715 4151 millia
1768 4097 2136 4156 Ecclesiarum

559 4199 688 4245 sunt
715 4188 1001 4259 cxpiscati.
1048 4184 1204 4240 Nunc
1237 4201 1359 4241 cum
1399 4195 1541 4240 terra
1571 4199 1629 4242 et
1670 4203 1818 4241 mare
1845 4229 1860 4250 ,
1901 4189 2048 4243 culta
2084 4198 2139 4244 et

559 4279 934 4338 inhabitabilis
956 4318 972 4344 ,
1021 4279 1168 4349 regio
1211 4287 1268 4333 et
1303 4280 1434 4333 urbs
1457 4319 1471 4344 ,
1505 4286 1561 4333 et
1592 4294 1785 4334 omnes
1829 4279 1964 4336 lines
1996 4282 2134 4337 reii-

558 4377 716 4444 gione
742 4373 927 4430 referti
960 4382 1123 4439 sunt,
1157 4382 1287 4427 tunc
1316 4386 1510 4440 Speras
1544 4373 1591 4427 ei
1624 4374 1943 4429 dominari?
1975 4376 2041 4430 Αι
2078 4386 2134 4431 ιιι

557 4484 665 4522 non
718 4479 894 4538 potes.
928 4464 1186 4522 Christus
1218 4465 1396 4531 dixit,
1437 4464 1580 4536 quod
1624 4477 1789 4535 portae
1824 4465 1985 4523 inferi
2023 4480 2132 4524 n0n

555 4562 926 4633 praevalebunt
957 4557 1222 4614 adversus
1251 4573 1394 4612 eain.
1426 4556 1667 4613 Facilius
1697 4570 1778 4614 est
1812 4564 2009 4616 coelum
2041 4562 2135 4618 de-
2160 4578 2214 4639 ι)

555 4655 654 4707 leri
682 4661 733 4707 et
766 4662 967 4707 terram
994 4651 1372 4717 exterminari,
1401 4667 1564 4721 quam
1597 4650 1895 4707 Ecclesiam
1926 4659 2133 4711 exstin-

551 4746 665 4816 gui.
714 4745 847 4811 Quis
892 4745 1009 4798 hzec
1047 4742 1221 4799 dicit?
1275 4745 1393 4812 Ipse
1432 4742 1728 4808 Christus,
1764 4762 1783 4796 ι
1818 4744 2031 4802 leum
2073 4760 2131 4804 et

556 4847 698 4887 terra
728 4835 1058 4898 transibunt,
1081 4835 1244 4888 verba
1263 4843 1445 4887 autem
1481 4848 1597 4888 mea
1627 4851 1905 4905 nunquam
1940 4846 2129 4893 trans-

554 4927 731 4981 ibunt.
784 4944 803 4976 ι
844 4924 909 4978 Et
940 4937 1102 4979 recte.
1147 4926 1280 4979 Nam
1311 4924 1406 4981 Dei
1447 4928 1671 4982 verbum
1708 4930 1828 4999 ipso
1869 4931 2011 4985 cmlo
2044 4940 2129 4985 est

552 5016 846 5086 potentius,
884 5017 1012 5084 quia
1037 5018 1236 5072 coelum
1277 5026 1359 5073 est
1389 5035 1528 5089 opus
1571 5021 1745 5076 verbi.
1785 5023 1929 5078 Dixit
1961 5024 2125 5091 Deus,

552 5108 671 5164 Fiat
704 5109 925 5174 cadum,
962 5116 1017 5162 et
1051 5109 1272 5163 verbum
1313 5108 1414 5165 fuit
1446 5128 1605 5182 Opus.
1652 5114 1992 5170 Excurrebat
2038 5131 2132 5169 na-

552 5213 672 5258 tura
698 5204 916 5258 nrmine
945 5203 1294 5274 impediente,
1319 5210 1580 5274 quoniam
1603 5208 1721 5279 ipse
1746 5211 2019 5266 Dominus
2046 5220 2132 5266 est

552 5309 760 5352 naturae
787 5311 837 5353 et
866 5312 985 5352 eam
1016 5297 1358 5353 immutandi.
1384 5296 1495 5368 Ego
1524 5316 1643 5355 eam
1669 5302 1952 5357 substruxi
1984 5346 2000 5366 ,
2037 5302 2131 5373 qui

549 5390 747 5443 coelum
768 5386 1049 5455 constitui;
1068 5386 1161 5442 sed
1179 5404 1277 5458 pro
1298 5387 1439 5443 emlo
1456 5391 1777 5461 sanguinem
1805 5411 1912 5447 non
1935 5393 2126 5458 ell'udi,

550 5496 649 5549 pro
680 5481 818 5536 cmlo
852 5480 1005 5538 cruci
1040 5497 1145 5535 non
1198 5481 1276 5535 fui
1322 5479 1537 5549 aﬂixus,
1571 5501 1668 5554 pro
1718 5486 1860 5539 cmlo
1894 5488 2127 5546 caeleste

551 5588 749 5640 corpus
782 5588 886 5627 non
921 5577 1215 5645 assumpsi.
1254 5576 1359 5630 Sed
1388 5576 1516 5646 quid
1554 5579 1676 5632 dico
1708 5578 1776 5633 de
1801 5583 1940 5638 cwlo
1971 5586 2125 5643 iAn-

548 5663 790 5732 geloium
835 5682 1035 5735 corpus
1081 5686 1187 5721 non
1241 5671 1563 5739 assumpsi:
1613 5682 1671 5727 ut
1721 5673 1992 5746 intelligas
2040 5697 2126 5738 me

2258 1995 2407 2062 Υίὸς,
2450 1998 2564 2063 υίὸς
2603 2001 2894 2073 ἀνθρώπου
2927 2003 3171 2067 ἐγένετο,
3195 2002 3274 2069 ὥς
3325 2002 3527 2075 φησινό
3555 2000 3725 2060 Παῦλος·

2257 2089 2316 2152 ὃς
2338 2106 2399 2157 γε
2424 2091 2516 2145 τοῦ
2550 2092 2684 2147 ίδίου
2718 2094 2848 2147 Υἱοῦ
2879 2096 2982 2150 οὐκ
3029 2082 3306 2164 ἐφείσατο,
3346 2098 3427 2150 ἵνα
3458 2096 3543 2166 τῆς
3578 2092 3730 2156 Ἐκκλη·

2260 2182 2380 2246 σίας
2428 2186 2683 2259 φείσηται
2708 2204 2723 2220 ·
2759 2189 2820 2241 τὸ
2849 2186 2991 2260 αἷμα
3024 2190 3119 2246 τοῦ
3152 2188 3287 2246 Υίοῦ
3332 2191 3486 2244 αὑτοῦ
3512 2190 3657 2260 ἐξέχει
3677 2184 3729 2241 id

2256 2276 2352 2348 τὴν
2384 2277 2754 2349 Ἐκκλησίαν·
2801 2282 2962 2336 τοῦτο
3013 2284 3187 2353 αὐτὴν
3244 2285 3395 2355 ἄρδει
3427 2286 3481 2339 τὸ
3521 2278 3727 2353 aipa'iti

2255 2370 2418 2425 τοῦτο
2450 2374 2622 2442 αὐτῆς
2653 2375 2721 2427 τά
2752 2378 2896 2444 φυτά
2931 2377 3289 2449 μαρανθῆναι
3317 2380 3376 2432 οὺ
3404 2377 3643 2441 δύνανται,
3662 2372 3730 2424 οὖδὲ

2256 2465 2587 2536 φυλλορροεῖ
2614 2483 2626 2497 ·
2661 2469 2759 2539 οὐχ
2813 2469 3101 2523 ὑπόκειται
3166 2470 3378 2540 καιρῶν
3418 2470 3666 2538 ἀνάγκαις·
3698 2466 3733 2515 0'5

2253 2558 2497 2613 δουλεύει
2521 2560 2700 2632 χρόνῳ
2720 2577 2732 2590 ·
2763 2565 2821 2615 ἐν
2853 2564 3003 2633 θέρει
3045 2565 3144 2631 μὲν
3175 2566 3408 2636 κόμὼσα
3435 2567 3534 2628 τοῖς
3569 2558 3737 2629 φύλλοις.

2254 2653 2313 2705 ἐν
2363 2651 2421 2704 δὲ
2487 2653 2722 2723 χειμῶνι
2770 2655 2833 2708 οὐ
2890 2659 3283 2729 γυμνουμένη·
3342 2658 3401 2710 οὐ
3457 2657 3556 2725 γὰρ
3602 2647 3740 2719 καιρῶν

2254 2745 2494 2814 ἀνάγκη,
2528 2745 2700 2817 ἀλλ’ἢ
2736 2746 2831 2802 τοῦ
2882 2750 3202 2817 Πνεύματος
3233 2752 3411 2820 αὐτὴν
3444 2750 3588 2820 χάρις
3623 2757 3743 2813 γεωρ-

2252 2839 2369 2904 γεῖ·
2400 2837 2489 2890 διὰ
2513 2838 2675 2892 τοῦτο
2701 2842 2800 2894 οὐκ
2855 2844 3195 2897 ἀνασπᾶται.
3240 2844 3384 2900 Ἀλλ’
3414 2844 3508 2897 οὐκ
3535 2844 3631 2895 ἔστι
3657 2837 3742 2890 θεω-

2255 2930 2486 3001 μαστδν,
2515 2932 2597 2986 ὅτι
2626 2932 2727 2987 οὐκ
2755 2934 3106 2988 ἀνασπᾶται·
3139 2939 3305 2993 πόσοι
3336 2939 3394 3006 ἐξ
3422 2938 3582 3008 ἀρχῆς
3618 2929 3743 2985 ἐπολέ-

2256 3040 2442 3094 μησαν
2479 3024 2579 3095 τὴν
2615 3026 2970 3099 Ἐκκλησίαν.
3007 3032 3096 3085 ὅτε
3137 3033 3403 3103 νεόφυτος
3431 3027 3493 3104 ἦν
3521 3029 3639 3085 ὅπλα
3665 3022 3743 3078 κατ’

2254 3119 2425 3186 αὐτῆς
2476 3117 2811 3190 ἐκινήθησαν
2833 3140 2846 3153 ·
2881 3124 2983 3175 νῦν
3016 3123 3114 3192 μὲν
3164 3124 3279 3195 γὰρ
3311 3124 3401 3179 διὰ
3430 3126 3524 3197 τὴν
3554 3123 3631 3175 τοῦ
3654 3116 3744 3173 Θεοῦ

2175 3216 2219 3274 C,
2252 3210 2415 3281 χάριν
2442 3212 2536 3265 καὶ
2571 3215 2671 3286 τὴν
2693 3214 2787 3268 τοῦ
2815 3215 3137 3287 Πνεύματος
3162 3214 3422 3289 δῦναμιν,
3451 3217 3538 3271 καί⁵
3565 3212 3745 3287 βασιλεὺς

2249 3304 2309 3355 ὲν
2360 3304 2636 3378 εὐσεὸείᾳ,
2690 3310 2781 3362 καὶ
2825 3313 3218 3383 στρατηλάται,
3289 3316 3384 3369 καί¹
3443 3316 3473 3384 ή
3525 3309 3745 3378 οἰκουμένη

2248 3399 2399 3452 πᾶσα
2427 3400 2526 3471 τῆς
2572 3400 2808 3467 πίστεως
2842 3406 3214 3469 ἐμπίπλαται.
3250 3409 3387 3463 Τότε
3419 3410 3473 3463 δὲ
3501 3410 3553 3461 ὲν
3578 3406 3686 3478 ἀρχῇ
3709 3402 3744 3453 ἐν

2246 3492 2562 3562 προοιμίοις
2593 3494 2837 3563 βασιλεῖς
2866 3498 2923 3551 ὲν
2978 3500 3204 3573 ἀσεϐείᾳ
3229 3518 3244 3533 ·
3280 3501 3628 3574 στρατηλάται
3662 3500 3746 3549 5.1:-

2245 3584 2392 3647 δεῖς·
2429 3583 2774 3656 διατάγματα
2811 3590 3128 3659 ἀρχόντων·
3185 3593 3367 3665 βωμοὶ
3420 3593 3740 3661 ἀναπτόμενοι·

2245 3678 2525 3749 πανταχοῦ
2552 3682 2778 3747 καπνὸς,
2801 3683 2895 3735 καὶ
2926 3684 3174 3752 κνίσσαις
3210 3687 3325 3760 ἀὴρ
3350 3689 3645 3759 ἐμολύνετο·
3676 3685 3745 3736 δαι-

2247 3788 2409 3842 μονες
2439 3772 2742 3844 ἐϐάκχευον
2765 3790 2778 3804 ·
2816 3776 3064 3842 διάϐολος
3091 3781 3323 3850 ὲχόρευε
3346 3802 3360 3815 ·
3396 3785 3571 3854 πατὴρ
3597 3777 3741 3843 ἀπεκή-

2244 3881 2435 3936 ρυττεν
2453 3866 2586 3931 υἱὸν,
2606 3869 2717 3932 uie,
2734 3869 2966 3940 ἠτίμαζε
2993 3873 3199 3943 πατέρα
3218 3889 3232 3904 ·
3253 3878 3285 3946 ἡ
3308 3877 3466 3946 φύσις
3483 3868 3742 3947 ἐσχίζετοήί

2241 3959 2518 4013 εὐσέϐεια.
2573 3961 2685 4014 Ποῦ
2738 3964 2923 4017 τοίνυν
2972 3967 3023 4017 οἱ
3056 3967 3369 4036 τολμῶντες
3408 3972 3473 4039 τῇ
3518 3961 3746 4033 Ἐκκλησίι

2241 4052 2855 4121 ἁντιπαρατάττεσθαις
2890 4055 3026 4109 Ὅτε
3081 4060 3345 4129 νεόφυτος
3382 4058 3470 4133 ἧν,
3504 4061 3594 4114 οὐκ
3623 4054 3748 4128 ἠδικῆ

2244 4142 2311 4211 θη
2336 4161 2349 4175 ·
2385 4144 2474 4196 ὅτε
2501 4145 2597 4198 τοῦ
2625 4147 2862 4218 οὐρανοῦ
2890 4148 3092 4219 ἥψατο,
3128 4155 3444 4224 προσδοκᾷς
3472 4155 3623 4221 αὐτῆς
3644 4161 3750 4214 περι·

2241 4234 2523 4302 γενέσθαι.
2569 4237 2700 4290 Ὅτε
2757 4239 2950 4294 ἕνδεκα
2999 4237 3142 4312 ἦσαν
3181 4245 3495 4306 ἀπόστολοι,
3543 4242 3643 4297 οὐδὲ
3686 4229 3752 4293 εἷς.

2240 4327 2425 4379 αὐτῶν
2459 4330 2789 4400 ἐκράτησεν,
2822 4333 2943 4386 ἀλλ’
2983 4337 3030 4388 οἱ
3077 4338 3271 4392 ἕνδεκα
3305 4342 3569 4401 τοσαύτας
3614 4330 3753 4405 μυριά-

2236 4417 2334 4481 δας
2369 4421 2765 4491 ὲσαγήνευσαν.
2817 4424 2954 4491 Νῦν,
2990 4428 3080 4480 ὅτε
3120 4431 3151 4498 ἡ
3186 4431 3256 4499 γῆ
3296 4436 3391 4486 καὶ
3450 4432 3683 4485 θάλασσα,
3707 4422 3755 4472 0i-

2238 4513 2482 4583 κουμένη
2514 4515 2610 4568 καὶ
2641 4514 2916 4583 ἀοίκητος,
2972 4523 3127 4591 χώρα
3182 4525 3279 4577 καὶ
3324 4524 3481 4586 πόλις
3509 4523 3595 4577 καὶ
3628 4518 3752 4570 πάντα

2238 4604 2311 4658 τὰ
2343 4606 2579 4675 πέρατα,
2614 4608 2711 4677 τῆς
2758 4610 3044 4677 εὐσεϐείας
3100 4616 3375 4689 ἐπλήσθη,
3411 4620 3533 4672 τότε
3576 4610 3755 4674 ἐλπίζειῖ

2239 4698 2411 4769 αὐτῆς
2444 4702 2757 4771 κρατῆσαι;
2801 4703 2943 4757 Ἀλλ’
2997 4709 3059 4760 οὐ
3104 4709 3374 4764 δύνασαι·
3412 4709 3631 4777 Χριστὸς
3666 4706 3756 4756 ἀπε·

2240 4795 2470 4862 φήνατο,
2502 4794 2584 4847 ὄτι
2623 4796 2789 4849 πύλαι
2840 4797 2969 4870 ᾅδου
3026 4801 3087 4855 οὐ
3145 4807 3573 4876 κατισχύσουσιν
3616 4797 3753 4859 αὖτῆἐ·

2240 4881 2620 4954 Εὑκολώτερόν
2647 4887 2765 4940 ἐστι
2787 4889 2879 4941 τὸν
2914 4890 3147 4959 οὐρανὸν
3180 4897 3570 4966 ἀφανισθῆναι,
3594 4886 3754 4952 καΥτῆῚ
3862 4882 3863 4977 ί

2239 4974 2346 5044 γῆν
2380 4977 2756 5050 ἀπολέσθαι,ἢ
2790 4980 2889 5052 τὴν
2909 4981 3244 5052 Ἐκκλησίαν
3276 4990 3493 5043 παθεῖν.
3526 4987 3613 5049 Τίς
3634 4980 3755 5036 ταῦτα

2231 5066 2381 5135 λέγει
2408 5086 2423 5136 ;
2457 5071 2620 5136 αὐτὸς
2652 5073 2680 5126 ό
2707 5074 2959 5143 Χριστός·
2992 5095 3011 5128 ι
3038 5077 3096 5133 'O
3124 5080 3353 5150 οὐρανὸς
3377 5082 3471 5134 καὶ
3491 5083 3521 5152 ὴ
3543 5080 3605 5148 γῆ
3634 5086 3756 5142 παιδί’

2228 5161 2500 5230 λεύσεται,
2548 5166 2599 5218 οἰ
2627 5166 2682 5220 δὲ
2738 5167 2888 5237 λόγοι
2922 5188 3026 5240 μου
3060 5174 3121 5224 οὗ
3160 5178 3235 5245 μὴ
3269 5175 3604 5247 παρέλθωσι.
3636 5190 3653 5222 ι
3682 5165 3756 5219 Καὶ

2230 5251 2405 5315 καλῶς
2438 5267 2454 5281 “
2490 5254 2517 5305 ὁ
2558 5257 2664 5323 γὰρ
2696 5256 2855 5325 λόγος
2889 5259 2983 5313 τοῦ
3014 5262 3173 5329 Θεοῦ,
3230 5264 3400 5318 αὑτοῦ
3452 5264 3545 5318 τοῦ
3576 5252 3755 5330 οὐρανοῦ

2228 5341 2601 5414 δυνατώτερος
2633 5354 2650 5373 ‘
2683 5349 2711 5400 ὁ
2745 5349 2851 5419 γάρ
2877 5352 3126 5421 οὐρανὸς,
3160 5355 3318 5424 ἔργον
3374 5358 3471 5410 τοῦ
3516 5357 3677 5422 λόγου.
3699 5343 3761 5402 Εἷ-

2232 5450 2336 5487 πεν
2366 5436 2395 5488 δ
2430 5435 2584 5500 Θεὸς,
2624 5439 2918 5511 Γενηθήτω
2970 5443 3224 5517 οὐρανὸς,
3254 5450 3349 5502 καὶ
3385 5451 3414 5502 ὁ
3447 5450 3598 5517 λόγος
3638 5447 3758 5513 εργον

2235 5525 2476 5592 ἐγένετο.
2505 5526 2770 5600 Ἐτρεχεν
2823 5532 2855 5601 ἡ
2893 5532 3082 5603 φύσις,
3123 5538 3217 5589 καὶ
3263 5540 3323 5591 τὸ
3376 5539 3586 5591 κωλῦον
3612 5532 3758 5588 οὐδέν·

2233 5617 2327 5670 καὶ
2358 5616 2467 5687 γὰρ
2509 5619 2776 5691 δεσπότης
2806 5626 2926 5679 ἐστὶ
2960 5628 3062 5697 τῆς
3092 5629 3328 5697 φύσεως,
3367 5632 3469 5685 καὶ
3515 5630 3604 5684 τοῦ
3629 5620 3755 5691 αὐτὴν

2236 5708 2580 5776 μεταϐαλεῖν.
2609 5710 2754 5781 Ἐγὼ
2786 5717 2954 5789 αὐτὴν
2980 5717 3333 5792 ᾠκοδόμησα,
3370 5726 3398 5777 ό
3444 5724 3535 5777 τὸν
3578 5715 3757 5789 copam

621 5867 700 5942 il)
736 5866 812 5923 Ex
845 5868 1236 5946 Chrysostomo
1259 5916 1274 5943 ,
1305 5879 1448 5949 quod
1476 5883 1656 5938 omnia
1686 5893 1911 5953 propter
1943 5884 2242 5945 Ecclesiam
2274 5891 2399 5947 fecit
2437 5891 2601 5949 Deus.
