3992 6452
342 463 363 527 1
391 465 478 532 ἶ39

1004 466 1154 526 PRO
1187 466 1396 526 CUNC.
1429 464 1802 528 FLORENT.
1839 465 1999 525 CAP.
2043 466 2107 526 V.
2153 466 2251 525 DE
2287 465 2634 526 PRIMATU
2671 466 2904 528 PAPIE.

3445 465 3587 532 1390

343 577 507 644 μέσον
565 575 695 629 αὐτὸ
754 577 925 630 θεῖναι
982 578 1230 650 γλώττης
1265 578 1440 648 ἁγὼν,
1495 578 1640 634 οὕτω
1694 580 1760 649 δὴ
1815 578 1909 630 καὶ

2037 577 2234 632 nodum
2273 594 2388 634 rem
2429 579 2482 632 in
2521 579 2757 634 medium
2791 595 3100 650 proponere
3149 580 3330 652 lingua
3359 580 3451 636 vix
3481 597 3584 637 au-

337 669 592 733 ἀκοῦσαι,
622 669 811 723 καινόν
843 687 898 723 τι
957 673 1049 724 καὶ
1105 673 1568 743 φρικωδέστατον.
1612 671 1776 726 Ἀλλὰ
1811 674 1909 726 κειλ⁸

341 762 632 831 προσέχειν
674 760 792 814 δέον
821 763 916 816 τὸν
951 763 1076 816 νοῦν
1101 781 1115 795 ·
1149 765 1242 816 καὶ
1274 767 1383 835 γὰρ
1429 765 1583 818 οὐδὲν
1620 758 1786 836 ἦττον
1817 763 1909 816 τοῦ

338 854 529 920 φόϐου,
573 854 669 907 καὶ
717 854 876 923 ἡδονῇ
939 858 1314 924 συγκέκραται
1354 857 1429 912 ’τὸ
1479 857 1769 927 διήγημαο
1819 857 1912 908 δύο

336 944 483 1006 τινὲς
518 943 729 1011 ἄνδρες,
765 944 951 998 λευκοὶ
981 949 1080 1014 τὴν
1122 945 1337 1017 στολὴν,
1377 946 1600 1017 φοϐεροὶ
1638 948 1737 1017 τὴν
1764 946 1910 1014 ὄψιν,

337 1035 630 1104 οὐρανόθεν
692 1037 877 1102 ἔδοξαν
909 1035 1058 1106 αὐτῷ
1086 1037 1401 1091 κατελθεῖν
1437 1037 1533 1091 καὶ
1567 1036 1646 1108 τῷ
1681 1038 1905 1108 μεγάλῳ

342 1128 540 1194 τούτῳ;
595 1129 689 1181 καὶ
735 1127 887 1197 αύτῷ
947 1129 1350 1199 προσεύχεσθαι
1405 1129 1734 1199 φαινομένῳ,
1769 1129 1914 1183 κατὰ

345 1220 638 1287 πρόσωπον
672 1221 1028 1290 προσελθεῖν·
1062 1217 1138 1278 ὧν
1166 1223 1194 1276 ό
1224 1225 1345 1292 μὲν,
1378 1223 1567 1294 τόμον,
1609 1222 1802 1294 ἅτερος
1831 1222 1910 1286 δὲ,

345 1308 496 1370 κλεῖς
534 1310 788 1379 κατέχειν
834 1309 1025 1380 ἐῴκεισ
1069 1309 1162 1364 τὸν
1199 1311 1452 1381 Ἰωάννην
1497 1309 1578 1379 δὲ,
1623 1309 1684 1364 τὸ
1727 1309 1915 1362 καινὸν

346 1399 528 1452 αὐτῶν
584 1398 680 1452 τοῦ
730 1399 907 1464 είδους
938 1400 1390 1468 καταπλαγέντα,
1422 1400 1574 1470 φόϐῳ
1599 1399 1875 1470 ληφθῆναι
1900 1415 1913 1429 ·

344 1493 469 1552 τοὺς
502 1491 582 1556 δὲ,
616 1491 725 1544 τῶν
775 1493 974 1562 χειρῶν
1025 1492 1478 1562 ἐπιλαϐομένους,
1529 1490 1912 1562 διαναστῆσαι,

345 1582 495 1636 λύειν
525 1599 587 1639 τε
623 1583 716 1636 τὸν
750 1582 917 1650 φόϐον
949 1582 1122 1654 αὐτῷ,
1161 1585 1252 1638 καὶ
1307 1584 1536 1658 θαρρεῖν
1564 1583 1876 1652 ὲγκελεθειν
1899 1600 1914 1614 ο

347 1673 426 1742 τῷ
473 1673 554 1738 δὲ,
587 1675 882 1744 πυθομένῳ
930 1675 1075 1738 τίνες
1114 1675 1179 1729 ἂν
1221 1671 1356 1741 εἷεν,
1411 1677 1466 1729 oi
1493 1694 1556 1744 γε
1585 1677 1922 1748 τηλικαύτης

346 1759 499 1832 δόξης
527 1763 842 1832 ἠξιωμένοι,
877 1763 1014 1833 πρὸς
1047 1764 1211 1819 αὑτὸν
1248 1762 1564 1834 ἐληλύθασι,
1597 1761 1684 1822 Μὴ
1723 1761 1918 1832 φοϐοῦ,

349 1853 570 1917 τούτους
613 1855 825 1908 εἰπεῖν’
871 1855 1001 1918 οἵδε,
1049 1857 1213 1927 ἡμεῖς
1258 1856 1469 1927 ἥκομέν
1509 1873 1592 1909 σοι
1640 1854 1920 1925 πεμφθέν-

352 1963 442 1998 τες
492 1947 646 2016 παρὰ
677 1946 919 2016 Χριστοῦ
949 1963 964 1980 ⁸
1007 1919 1124 2000 εἶτα
1167 1947 1259 2018 τὸν
1285 1919 1400 2017 ’μὲν
1432 1949 1531 2015 τὴν
1564 1919 1921 2018 χεῖρανὲκτεί-
1953 1919 1996 1973 Β

354 2055 536 2102 νοντα,
583 2038 673 2091 τὸν
701 2040 870 2106 τόμον
924 2040 1237 2105 ἐπιδιδόναι,
1292 2041 1454 2107 Δέξαι
1485 2058 1544 2094 τε
1599 2041 1826 2109 λέγοντα
1864 2043 1926 2093 ea

358 2127 591 2205 βιβλίον’
629 2129 772 2198 Ἐγὼ
799 2131 906 2200 γὰρ
946 2130 1224 2202 Ἰωάννης,
1247 2124 1400 2202 ᾧπερ
1428 2133 1461 2201 ὴ
1483 2131 1575 2184 τοῦ
1599 2132 1735 2186 Θεοῦ
1763 2132 1926 2201 σοφία

356 2221 417 2272 τὸ
439 2221 635 2289 στῆθος
666 2222 861 2291 ἀνῆκε,
908 2222 1004 2274 καὶ
1048 2223 1334 2276 ἐπιπεσεῖν
1387 2223 1536 2294 αύτῷ
1567 2223 1924 2292 παρεδέξατο.

361 2313 518 2375 Ἠτις
551 2313 607 2366 δέ
645 2328 726 2366 σοι
755 2314 851 2366 καὶ
881 2313 950 2368 δι’
983 2311 1142 2384 ἡμῶν
1178 2313 1246 2366 τὰ
1271 2313 1380 2366 τῶν
1416 2311 1652 2384 Γραφῶν
1679 2314 1928 2383 εὔληπτα

361 2401 517 2470 θήσει
543 2419 556 2432 ·
584 2401 678 2456 καὶ
711 2403 1117 2472 χειρεγωγήσει
1145 2401 1351 2474 ταύτης
1383 2403 1522 2473 πρδς
1549 2402 1650 2472 τὴν
1694 2404 1925 2472 ἐπίγνω-

362 2507 480 2545 σιν·
522 2496 614 2547 τδν
665 2495 710 2548 δ’
739 2495 917 2559 ἄλλον,
951 2494 1132 2560 Δέξαι,
1182 2498 1275 2549 καὶ
1319 2494 1420 2564 τὴν
1475 2497 1634 2566 χεῖρα
1662 2495 1926 2566 ὀρέγοντα

362 2583 550 2647 φάναι,
593 2582 689 2645 τὰς
727 2581 783 2635 δὲ
815 2583 914 2646 τὰς
967 2583 1151 2644 κλεῖς·
1187 2583 1291 2654 ἐμὲ
1337 2583 1394 2636 δὲ
1429 2585 1638 2656 Πέτρον
1675 2586 1808 2649 ίσθι,
1837 2587 1930 2639 τδν

362 2675 515 2744 παρά
575 2674 710 2729 Θεοῦ
769 2675 972 2738 ταύτας
1027 2675 1685 2746 ἐγχειρισθέντα·δνκαὶ⁵
1739 2677 1833 2730 νῦν
1861 2677 1929 2730 δι’

362 2765 496 2835 ἐμοῦ
536 2765 782 2829 πίστευε,
835 2767 936 2835 τῆς
965 2765 1138 2836 αὐτῆς
1165 2783 1223 2820 σε
1258 2767 1481 2838 χάριτος
1498 2767 1754 2833 ἀξιοῦντα
1775 2785 1791 2802 ο
1827 2769 1932 2822 ὥσ-

362 2872 420 2908 τε
445 2856 544 2909 ὄσα
570 2856 637 2909 ἂν
669 2856 839 2930 δήσῃς
863 2857 894 2925 ἦ
925 2855 1097 2929 λύσῃς
1133 2847 1226 2910 ἑαῖτὶ
1249 2859 1345 2928 τῆς
1369 2857 1492 2926 γῆς,
1537 2857 1646 2912 ίσθι
1671 2856 1933 2928 δεδεμένα

361 2946 535 3002 ταῦτα
565 2943 704 3002 εἶναι
731 2947 762 3017 ἧ
792 2947 1059 3016 λελυμένα
1095 2950 1189 3002 καὶ
1213 2949 1269 3000 ἐν
1296 2951 1406 3010 τοῖς
1434 2949 1933 3018 ούρανοῖς.”Εγνως

367 3040 472 3110 ἄρα
504 3041 608 3093 κάν
637 3039 868 3102 τούτοις.
897 3040 1002 3102 ὅτι,
1024 3041 1054 3092 ό
1078 3039 1196 3108 μὲν,
1231 3040 1330 3107 τὴν
1351 3039 1462 3093 τῶν
1491 3039 1729 3111 Γραφῶν
1757 3040 1936 3110 ἑρμη-

366 3130 518 3182 νείαν
545 3127 814 3199 εῠληπτον
835 3125 976 3183 εἶναι
1008 3129 1180 3200 αὐτῷ,
1211 3129 1308 3182 καὶ
1332 3129 1433 3199 τὴν
1463 3129 1670 3207 τούτων
1700 3129 1934 3198 έπίγνω-

2015 669 2162 734 deat,
2196 671 2271 724 ita
2317 679 2371 727 et
2403 671 2596 726 audire
2630 687 2832 726 novum
2864 674 3137 742 videatur,
3171 674 3354 744 itaque
3383 688 3584 729 novum

2014 759 2271 827 quiddam
2305 769 2356 814 et
2396 761 2622 815 horrore
2648 761 2865 830 plenum
2897 762 3138 819 audisse.
3172 761 3440 818 Caeterum
3471 764 3590 816 ani-

2016 849 2466 904 madvertendum
2502 850 2644 920 quod
2684 851 2810 907 huic
2861 852 3164 908 narrationi
3207 867 3363 923 teque
3417 851 3581 907 mista

2015 951 2145 998 sunt
2184 945 2349 1000 timor
2380 954 2434 1000 et
2461 945 2669 1001 laetitia.
2701 946 2815 1001 Duo
2853 946 3074 1016 quidam
3115 946 3214 1002 viri
3244 945 3366 1001 alba
3397 945 3585 1000 amicti

2019 1043 2186 1101 veste,
2223 1045 2442 1104 aspectu
2502 1035 2782 1101 horriﬁco,
2835 1035 2934 1091 visi
2968 1045 3097 1091 sunt
3145 1037 3193 1092 ei
3227 1036 3294 1092 de
3321 1037 3464 1094 cmlo
3494 1036 3588 1091 de-

2016 1129 2297 1192 scendere,
2319 1126 2554 1197 [tuisque
2583 1129 2844 1197 praeclaro
2868 1128 2983 1182 viro
3009 1128 3138 1182 dum
3169 1132 3354 1183 oraret
3373 1128 3431 1181 in
3458 1141 3589 1182 con-

2018 1225 2267 1287 spectum
2304 1217 2543 1284 venisse,
2570 1233 2800 1287 quorum
2833 1218 2969 1274 alter
2994 1220 3274 1286 volumen,
3307 1219 3448 1274 alter
3475 1218 3589 1273 cla-

2019 1324 2112 1364 ves
2144 1308 2400 1364 manibus
2421 1310 2706 1364 continere
2730 1309 3038 1365 videbatur.
3066 1310 3315 1382 Cumque
3348 1308 3590 1366 Joannes

2018 1400 2162 1454 hanc
2195 1415 2390 1454 novam
2427 1401 2666 1470 speciem
2695 1403 3012 1465 miraretur,
3052 1402 3251 1458 timore
3286 1417 3409 1458 esse
3463 1416 3592 1458 cor-

2020 1500 2233 1559 reptum
2266 1505 2282 1544 :
2325 1490 2425 1545 hos
2465 1505 2595 1546 vero
2627 1493 2880 1548 manibus
2915 1492 3322 1563 apprehensum
3348 1492 3594 1548 erexisse

2021 1591 2076 1636 ct
2122 1589 2324 1638 metum
2379 1582 2728 1648 abstersisse,
2767 1585 3020 1655 bonoque
3077 1585 3264 1640 animo
3312 1599 3437 1640 eum
3472 1599 3596 1639 esse

2019 1671 2253 1742 iussisse
2285 1689 2302 1742 ;
2342 1676 2687 1744 percontanti
2739 1676 2969 1747 quinam
3003 1684 3190 1733 essent
3224 1675 3262 1731 ii
3303 1674 3409 1730 viri
3443 1683 3593 1730 tanta

2033 1767 2247 1836 praditi
2281 1766 2477 1837 gloria,
2509 1767 2604 1834 qui
2631 1766 2893 1823 accedere
2921 1767 2989 1823 ad
3023 1782 3082 1824 se
3125 1767 3330 1838 dignati
3363 1778 3546 1822 essent
3578 1781 3595 1826 :

2023 1855 2102 1913 Ne
2119 1858 2335 1926 timeas,
2351 1871 2444 1912 eos
2469 1858 2695 1924 dixisse,
2715 1873 2814 1914 nos
2831 1858 3083 1914 venimus
3109 1872 3139 1912 a
3160 1857 3380 1912 Christo
3412 1855 3594 1910 missi.

2028 1951 2269 2008 Alterum
2298 1958 2488 2023 postea
2523 1966 2688 2006 manu
2714 1959 2975 2019 protensa
2997 1950 3254 2007 volumen
3285 1946 3598 2014 tradidisse,

2027 2043 2299 2100 dicentem
2344 2043 2564 2100 :Sume
2604 2043 2828 2110 librum,
2874 2059 3001 2099 nam
3053 2057 3154 2114 ego
3199 2057 3321 2098 sum
3363 2039 3601 2096 Joannes

2028 2136 2116 2191 cui
2150 2136 2416 2206 sapientia
2460 2134 2554 2190 Dei
2607 2143 2797 2206 pectus
2848 2135 3101 2200 tradidit,
3135 2133 3187 2188 in
3229 2133 3372 2204 quod
3407 2143 3463 2187 et
3511 2146 3600 2186 re-

2029 2228 2288 2283 cumbere
2339 2227 2532 2289 voluit,
2586 2241 2706 2294 qua:
2742 2226 2964 2293 quidem
3001 2234 3053 2282 te
3103 2234 3158 2281 et
3213 2240 3308 2294 per
3378 2239 3481 2279 nos
3529 2223 3600 2278 ad

2031 2321 2348 2390 Scripturas
2405 2320 2814 2390 pernoscendas
2863 2317 3122 2373 idoneum
3181 2316 3389 2380 reddet,
3441 2323 3495 2369 et
3551 2327 3604 2367 te

2030 2409 2187 2478 quasi
2219 2421 2385 2462 manu
2445 2405 2610 2462 ducet
2654 2407 2722 2461 ad
2774 2404 2893 2476 eius
2940 2406 3326 2476 cognitionem.
3361 2405 3602 2459 Alterum

2030 2515 2158 2556 Vero
2205 2513 2367 2554 manu
2408 2507 2678 2554 extensa:
2742 2498 2934 2564 Sume,
2985 2495 3215 2564 dixisse,
3250 2496 3350 2551 has
3400 2496 3604 2560 claves,

2033 2605 2229 2660 meque
2255 2589 2478 2645 Petrum
2503 2604 2626 2645 esse
2653 2588 2812 2658 scito,
2841 2589 2931 2645 cui
2957 2587 3104 2643 Deus
3128 2587 3309 2644 claves
3333 2587 3388 2642 in
3414 2601 3606 2639 manus

2033 2680 2280 2748 tradidit,
2315 2693 2477 2750 quem
2521 2692 2689 2741 nunc,
2721 2691 2820 2748 per
2853 2692 2960 2743 me,
2985 2675 3152 2733 crede
3185 2685 3234 2729 te
3257 2673 3448 2729 eadem
3479 2688 3606 2743 gra-

2033 2773 2108 2828 tia
2141 2787 2250 2843 qua
2297 2786 2407 2836 me,
2458 2769 2781 2842 participem
2815 2767 3017 2824 facere.
3052 2768 3232 2834 Quare
3264 2777 3608 2835 quaecunque

2022 2862 2296 2944 .ligaveris
2321 2862 2404 2918 vel
2444 2861 2674 2918 solveris
2705 2875 2866 2930 super
2899 2868 3124 2924 terram,
3153 2867 3316 2914 erunt
3360 2869 3424 2910 ca
3449 2855 3609 2925 ligata

2037 2955 2125 3010 vel
2158 2954 2337 3010 soluta
2361 2961 2416 3007 et
2441 2953 2500 3008 in
2524 2951 2702 3008 cmlis.
2733 2969 2752 3003 ι
2785 2949 2979 3005 Nonne
3005 2945 3374 3019 deprehendis
3405 2961 3469 3000 ex
3503 2945 3609 3005 his,

2039 3047 2287 3111 alterum,
2322 3060 2429 3100 una
2462 3059 2588 3100 cum
2624 3055 2852 3097 munere
2882 3040 3194 3110 Scripturas
3244 3036 3610 3093 faciie'inter-

2041 3137 2317 3207 pretandi,
2350 3143 2405 3191 et
2444 3135 2644 3189 barum
2680 3131 3093 3202 intelligentiam
3120 3145 3150 3184 a
3175 3129 3366 3184 datore
3397 3127 3616 3198 sapien-

368 3233 452 3274 σιν
491 3223 642 3309 παρὰ
673 3221 766 3275 τοῦ
798 3222 898 3291 τῆς
932 3223 1126 3291 σοφίας
1150 3221 1392 3294 χορηγοῦ
1428 3223 1746 3294 ἐδωρήσατο
1769 3240 1786 3256 ο
1817 3225 1845 3278 δ
1881 3223 1933 3278 δὲ

2043 3229 2131 3282 tiae
2177 3224 2541 3297 adiunxisse?
2573 3223 2806 3282 alterum
2845 3237 2974 3278 vero
3022 3236 3130 3276 una
3180 3234 3305 3277 cum
3354 3219 3614 3273 facultate

373 3317 470 3370 σὺν
503 3299 760 3387 τῷ’λῦειν
784 3316 879 3369 καὶ
909 3317 1151 3386 δεσμεῖν,
1187 3316 1282 3369 καὶ
1317 3315 1395 3384 τῷ
1425 3317 1629 3383 γνῶναι
1656 3317 1754 3371 καὶ
1783 3317 1938 3370 εὗσε-

373 3409 482 3471 6ὦς
514 3411 789 3462 πιστεύειν
829 3407 1038 3475 Ἰησοῦν
1085 3408 1323 3476 Χριστὸν
1373 3407 1466 3462 τὸν
1520 3409 1650 3463 Υίδν
1678 3408 1772 3462 τοῦ
1804 3409 1940 3462 Θεοῦ

373 3500 439 3550 δι’
495 3498 657 3552 αὑτοῦ
691 3499 1041 3566 ἐγκελεύεται
1067 3516 1083 3532 ο
1119 3499 1370 3569 πείσθητι
1429 3499 1638 3566 λοιπὸν,
1680 3500 1762 3553 ὅτι
1810 3499 1940 3553 ἄνευ

372 3591 473 3661 τῆς
521 3591 614 3645 τοῦ
679 3592 886 3662 Πέτρου
922 3591 1204 3660 ὑποταγῆς
1253 3591 1494 3661 σωθῆναι
1547 3591 1607 3645 ού
1651 3590 1806 3663 δύνῃ,
1847 3590 1943 3644 καὶ

373 3683 625 3744 εἰκότως
657 3684 861 3746 ἐκεῖνος
911 3684 1017 3753 γάρ
1051 3685 1199 3736 ἐστιν
1233 3683 1265 3752 ἡ
1309 3683 1454 3752 θύρα
1493 3684 1592 3751 τῆς
1635 3683 1941 3752 σωτηρίαςο

368 3777 401 3830 θ
450 3774 526 3844 μὴ
575 3775 956 3844 εἰσερχόμενος
995 3774 1064 3828 δι’
1112 3773 1278 3827 αὑτοῦ
1334 3774 1414 3836 εἰς
1445 3773 1543 3843 τὴν
1573 3775 1674 3843 τῆς
1708 3773 1941 3836 πίστεως

371 3867 688 3933 ἐπίγνωσιν,
712 3865 1016 3928 τουτέστιν,
1063 3865 1151 3918 ἵνα
1206 3863 1453 3936 γινώσκῃ
1502 3865 1666 3918 αὐτὸν
1700 3879 1940 3930 τοποτη-

373 3958 544 4029 ρητὴν
572 3956 665 4009 τοῦ
710 3956 972 4026 Χριστοῦ,
1001 3958 1064 4010 οὔ
1105 3957 1333 4010 δύναται
1380 3956 1561 4026 εὗρεῖν
1595 3973 1726 4009 ποτε
1762 3971 1944 4024 σωτηο

377 4052 517 4116 ρίαν.
551 4049 765 4116 Ὥσπερ
797 4050 906 4119 γάρ
938 4065 1104 4118 φησιν
1135 4048 1164 4099 ό
1210 4049 1471 4118 Χριστὸς,
1513 4065 1533 4099 ε
1575 4048 1718 4113 Ἐγώ
1765 4047 1881 4117 είμι
1912 4049 1946 4118 ἠ

376 4143 541 4211 θύρα,
567 4145 595 4194 ό
625 4143 699 4211 μὴ
729 4141 1111 4211 εἰσερχόμενος
1140 4141 1228 4194 διὰ
1260 4141 1360 4210 τῆς
1389 4139 1584 4208 θύρας,
1617 4140 1752 4192 ἀλλὰ
1780 4139 1946 4192 ἀλλα-

375 4235 529 4304 χόθεν
549 4233 746 4287 ἀναόαί
761 4251 872 4295 λων,
901 4235 1109 4293 ὲκείνος
1134 4231 1374 4301 κλέπτης
1396 4231 1516 4284 ἐστὶ
1541 4231 1635 4284 καὶ
1649 4230 1853 4301 λῃστής
1876 4245 1890 4261 ·
1924 4249 1941 4281 ι

375 4325 522 4378 οὕτω
556 4323 650 4377 καὶ
683 4325 711 4376 ό
739 4323 982 4390 διάδοχος
1021 4320 1188 4373 αὐτοῦ
1225 4321 1432 4390 Πέτρος
1469 4320 1636 4389 φησίν
1659 4336 1674 4352 ο
1711 4338 1730 4370 r
1777 4319 1836 4372 Ὀ
1875 4319 1950 4388 μὴ

377 4411 650 4468 πιστεύων
695 4411 762 4464 δι’
795 4407 930 4476 ἐμοῦ
978 4409 1073 4462 τὺν
1104 4409 1233 4461 Υίδν
1265 4411 1360 4462 τοῦ
1388 4409 1624 4479 ἀοράτου
1679 4409 1816 4462 Θεοῦ
1855 4413 1951 4462 καὶ

381 4506 593 4574 ιιατρδς
619 4503 949 4572 γεννηθέντα
1001 4502 1182 4572 σαρκὶ,
1241 4501 1334 4554 καὶ
1368 4502 1634 4566 παθόντα,
1667 4501 1763 4554 καὶ
1812 4503 1948 4554 ἀνα-

2045 3316 2289 3374 solvendi
2337 3325 2391 3371 et
2450 3314 2652 3384 ligandi
2688 3323 2742 3368 et
2791 3311 3154 3382 intelligendi,
3189 3308 3520 3380 iniunxisse,
3559 3314 3616 3361 ct

2044 3405 2131 3474 pie
2161 3405 2215 3458 in
2243 3403 2426 3458 Jesum
2456 3401 2740 3458 Christum
2771 3401 2862 3456 Dei
2892 3400 3093 3456 Filium
3119 3414 3216 3469 per
3232 3413 3357 3454 eum
3382 3397 3616 3453 creden-

2044 3496 2152 3552 di?
2173 3495 2390 3551 Credite
2415 3495 2470 3548 in
2508 3504 2789 3564 posterum
2822 3495 2966 3564 quod
3003 3495 3123 3550 sine
3151 3491 3460 3548 obedientia
3493 3505 3620 3558 erga

2044 3586 2265 3642 Petrum
2297 3584 2498 3638 salvari
2530 3599 2636 3638 non
2674 3584 2924 3653 poteStis.
2961 3583 3025 3637 Et
3044 3584 3170 3650 jure
3199 3582 3443 3652 quidem;
3479 3578 3616 3632 Nam

2046 3675 2092 3732 is
2123 3685 2205 3732 est
2239 3685 2390 3745 porta
2444 3673 2660 3729 salutis.
2694 3672 2797 3738 Qui
2845 3685 2944 3740 per
2981 3686 3106 3725 enm
3154 3670 3209 3724 in
3243 3669 3615 3740 cognitionem

2046 3769 2166 3824 iidei
2199 3783 2305 3822 non
2346 3765 2670 3836 ingreditur,
2704 3764 2756 3818 id
2787 3771 2890 3826 est,
2929 3769 2989 3816 ut
3030 3777 3154 3817 eum
3205 3767 3469 3828 agnoscat
3495 3774 3620 3815 esse

2043 3860 2245 3915 Christi
2273 3857 2561 3919 vicarium,
2601 3870 2707 3910 nou
2736 3855 2937 3925 poterit
2967 3867 3205 3923 unquam
3234 3851 3461 3909 salutem
3485 3865 3653 3932 con-3

2047 3952 2223 4020 sequi.
2246 3950 2403 4010 Nam,
2427 3957 2486 4003 ut
2508 3947 2757 4002 Christus
2781 3946 2982 4015 inquit,
3009 3961 3030 3996 ι
3072 3943 3182 4012 Ego
3214 3958 3335 3998 sum
3375 3943 3573 3997 ostium
3600 3957 3618 4009 ;

2048 4046 2141 4116 qui
2187 4059 2293 4098 non
2347 4043 2514 4097 intrat
2542 4054 2637 4108 per
2669 4039 2895 4102 ostium,
2927 4037 3023 4092 sed
3063 4035 3283 4091 aliunde
3330 4048 3616 4088 ascensum

2049 4149 2221 4208 parat,
2256 4136 2342 4189 iur
2379 4143 2542 4189 estet
2569 4132 2710 4187 latro
2739 4131 2829 4198 u‘;
2863 4149 2882 4183 ι
2925 4132 2996 4186 ita
3031 4138 3083 4186 et
3114 4127 3310 4184 Petrus
3337 4127 3456 4198 eius
3493 4142 3624 4181 suc-

2050 4245 2235 4286 cessor
2265 4229 2395 4284 dicit
2430 4244 2443 4279 :
2477 4242 2496 4276 t
2523 4224 2625 4290 Qui
2657 4239 2763 4278 non
2787 4223 3068 4292 creditper
3094 4237 3180 4276 me
3211 4221 3407 4275 Filium
3436 4218 3628 4273 invisi-

2053 4322 2176 4376 bilis
2218 4319 2311 4374 Dei
2341 4327 2395 4372 ct
2424 4317 2598 4372 Patris
2628 4317 2681 4369 in
2713 4329 2879 4370 carne
2911 4314 3176 4383 genitum,
3203 4310 3296 4381 qui
3327 4315 3520 4380 passus
3546 4319 3630 4360 est

2053 4422 2108 4466 et
2142 4410 2463 4470 resurrexit,
2504 4417 2558 4460 et
2613 4414 2808 4461 caetera
2848 4401 3280 4474 dispensationis
3333 4400 3614 4471 mysteria,

2059 4503 2148 4556 hic
2181 4501 2473 4555 haereticus
2503 4505 2586 4552 est
2612 4508 2666 4552 et
2697 4496 2899 4550 salvari
2935 4494 3082 4548 nullo
3111 4507 3353 4563 unquam
3387 4502 3630 4560 tempore

381 4597 604 4658 στάντα,
642 4596 737 4647 καὶ
770 4591 936 4648 τᾶλλα
965 4591 1064 4660 τῆς
1093 4589 1411 4659 οἰκονομίας
1461 4592 1760 4661 μυστήρια,
1799 4587 1933 4641 οὗτοί

2061 4591 2280 4661 poterit.
2320 4607 2338 4640 ›
2378 4587 2502 4642 Haec
2533 4585 2704 4656 igitur
2733 4593 2788 4639 et
2813 4583 2942 4637 talia
2979 4590 3249 4646 tenentes,
3277 4591 3512 4650 quorum
3543 4593 3634 4632 rc-

380 4688 653 4757 αίρετικός
696 4687 832 4752 ἐστι,
881 4685 977 4738 καὶ
1019 4682 1265 4750 σωθῆναι
1312 4680 1570 4734 οὐδέποτε
1595 4681 1933 4749 δυνήσεταιμ

2061 4682 2211 4735 [ortae
2260 4690 2389 4734 sunt
2415 4690 2611 4733 omnes
2663 4675 2952 4730 doctorum
3007 4671 3314 4740 scriptura,
3377 4668 3635 4723 Ecclesiae

380 4781 565 4836 Ταῦτα
589 4780 771 4833 τοίνυν
797 4780 890 4832 καὶ
923 4776 1060 4830 ἄλλα
1093 4775 1129 4830 ἃ
1161 4774 1378 4845 πλήρης
1399 4775 1551 4827 πᾶσα
1572 4771 1679 4826 τῶν
1703 4770 1933 4824 διδασκά

2061 4771 2396 4842 ευιήἣείῐηυτ
2426 4770 2482 4824 in
2513 4781 2686 4837 eaque
2713 4776 3120 4838 permanetnus,
3157 4770 3212 4817 et
3243 4760 3299 4816 in
3321 4757 3634 4816 obedientia

377 4877 488 4925 λων
521 4871 710 4940 γραφὴ
765 4869 1002 4940 ἔχοντες,
1039 4869 1106 4936 τῇ
1153 4863 1456 4934 Ἐκκλησία
1511 4860 1933 4928 ύποτασσὼμεθι

2057 4865 2180 4933 ejus
2227 4863 2517 4932 persistere
2573 4859 2627 4914 iu
2661 4857 2844 4912 omnia
2906 4857 3104 4910 saecula
3155 4853 3515 4924 deprecamur
3575 4861 3635 4904 ut

382 4964 476 5015 καὶ
523 4964 582 5014 ὲν
617 4961 752 5029 αὐτῇ
785 4957 1060 5028 μένωμεν,
1108 4956 1202 5009 καὶ
1254 4955 1318 5007 ἐν
1365 4956 1438 5024 τῇ
1472 4952 1722 5022 ὑποταγῇ
1783 4951 1933 5019 αὖτῆι

2059 4955 2359 5026 propitium
2391 4951 2560 5006 Deum
2609 4948 2999 5004 nanciscamur
3032 4945 3088 5001 in
3117 4944 3398 5001 tremenda
3430 4943 3516 4999 die
3551 4958 3637 4998 re-

382 5050 674 5119 εὐχώμεθα
705 5048 978 5116 διαμεῖναι
1021 5045 1105 5107 είς
1134 5043 1228 5097 τὸν
1260 5041 1434 5097 αἰῶνα
1465 5041 1559 5093 τὸν
1591 5040 1829 5102 ἅπαντα,
1867 5039 1933 5091 iw

2067 5043 2401 5101 tributionls.
2453 5039 2596 5108 Fiat,
2639 5039 2748 5095 llat.

381 5141 544 5196 ῐλεων
573 5140 664 5194 τδν
715 5139 918 5209 Κύριον
948 5135 1292 5206 εῦρωμενΐν
1335 5135 1403 5202 τῇ
1436 5131 1621 5202 ἡμέρᾳ
1649 5132 1715 5198 τῇ
1747 5127 1960 5198 φοὸερᾷ

385 5232 481 5302 τῆς
508 5230 938 5290 ἀνταποδόσεως.
971 5226 1210 5290 Γένοιτο,
1239 5224 1477 5292 γένοιτο.

1124 5320 1222 5374 ΙΘ’.

1006 5413 1336 5481 Ἐπίλογος.
1369 5473 1374 5478 ε

464 5513 601 5580 Ἤδη
653 5508 792 5563 κατά
865 5506 1092 5561 δυνατὸν
1153 5504 1254 5576 τὴν
1320 5503 1601 5575 ἡμετέραν
1659 5501 1958 5568 ὑπόσχεσιν

386 5603 813 5675 ἑπληρὼσαμεν,
847 5597 1470 5669 ὑπεραπολογησάμενοι
1517 5593 1626 5648 τῶν
1657 5594 1713 5646 ὲν
1738 5590 1816 5660 τῷ
1845 5591 1958 5660 ὅρῳ

391 5699 488 5765 τῆς
520 5698 577 5747 ὲν
605 5691 919 5762 Φλωρεντία
944 5691 1160 5743 συνόδου
1191 5691 1351 5743 πέντε
1379 5686 1620 5756 ἄρθρων.
1644 5683 1964 5752 Είρήκαμεν

2772 5303 2915 5360 ΜΧ.

2701 5397 2974 5468 Epilogus.

2135 5494 2256 5550 lant
2311 5496 2492 5566 quoad
2529 5493 2650 5562 ejus
2695 5489 2820 5546 ﬁeri
2863 5486 3040 5559 potuit
3086 5484 3442 5556 praestitimus
3491 5485 3644 5557 quod

2067 5586 2296 5657 polliciti
2347 5599 2556 5648 sumus,
2593 5583 2755 5638 allata
2835 5578 2904 5633 ad
2963 5576 3207 5646 quinque
3259 5575 3522 5632 articulos
3552 5591 3646 5632 re-

2077 5677 2396 5747 sponsione,
2433 5674 2524 5746 qui
2557 5674 2610 5728 in
2647 5673 2868 5729 decreto
2896 5666 3232 5725 Florentina
3276 5667 3474 5741 synodi
3502 5682 3644 5726 con-

393 5761 457 5840 at
471 5785 668 5844 ταῦτα,
703 5785 813 5837 ἀπὸ
852 5761 964 5836 τῶν
991 5780 1188 5834 κοινῶν
1212 5778 1474 5849 Πατέρων
1505 5775 1598 5829 καὶ
1630 5773 1933 5828 διδασκάλω

2077 5771 2344 5824 tinentur.
2385 5765 2833 5837 Conscripsimus
2879 5775 3012 5817 vero
3045 5761 3160 5816 hac
3203 5775 3234 5816 a
3261 5762 3645 5818 communibus

396 5876 652 5938 λαϐόντες
678 5874 954 5944 ἀφορμὰς,
989 5871 1083 5937 οὒς
1111 5872 1144 5942 ή
1179 5869 1478 5940 Ἐκκλησία
1508 5866 1724 5933 δοξάζει
1754 5863 1968 5931 ἁγίους,

462 5989 507 6023 ⁸⁵
533 5987 686 6048 Joau.
715 6005 764 6054 τ,
794 5990 844 6044 i.

2078 5861 2335 5918 Patribus
2383 5873 2448 5914 ac
2507 5855 2823 5916 doctoribus
2875 5853 3160 5923 desumpta
3216 5853 3468 5919 materia,
3501 5867 3642 5924 quos
