4202 6430
242 398 296 470 ῘἾ
1285 406 1382 469 DE
1430 404 1685 466 REBUS
1740 403 1803 465 Ti

1902 405 2101 466 .GlClS
2145 404 2296 468 LlB.
2340 406 2387 472 Ι.
3402 414 3470 483 18

242 516 400 586 μαίων
432 514 665 584 Butler,-
704 532 761 567 τε
798 517 887 568 v.1".
956 514 1365 584 αὐτοκράτορας
1433 514 1795 583 σεμνύνεσθαι

1902 530 2092 570 manes
2131 516 2350 585 quidem
2382 518 2713 587 accepimus,
2762 527 2819 574 et
2872 519 3116 586 ipsorum
3154 521 3469 589 pontiﬁcem

238 608 519 660 ἀποκαλεῖν
556 625 569 637 ·
610 610 881 678 Ἑλλήνων
930 608 984 661 δὲ
1050 608 1284 677 βασιλεῖς
1346 609 1531 661 οὐκέτι
1583 604 1796 679 οὐδαμῆ

238 698 427 762 ἀξιοῦν.
463 700 601 760 Τοὺς
629 702 812 768 μέντοι
850 696 1159 767 Ῥωμαίους
1184 700 1497 770 ἐπυθόμεθα
1547 702 1642 754 καὶ
1696 700 1795 754 ati-

238 792 334 845 τῶν
363 794 625 863 ἀρχιερέα
649 794 740 846 τὸν
776 795 1056 859 μέγιστον,
1113 794 1212 846 οὐκ
1255 794 1413 859 ὀλίγα
1472 794 1608 845 ἄττα
1662 793 1799 846 κατά

236 886 322 953 τὴν
342 885 639 953 θρησκείαν
682 886 789 937 ἀπὸ
825 885 1033 937 πολλῶν
1066 887 1203 937 ἐτῶν
1234 885 1630 954 διενεχθέντας,
1684 885 1798 937 δια-

237 977 602 1046 κεκρίσθαιτά
647 995 707 1030 τε
759 977 891 1029 ἄλλα
931 979 1025 1045 ἀφ’
1090 974 1382 1046 Ἑλλήνων,
1442 978 1534 1029 καὶ
1579 978 1643 1047 δὴ
1704 980 1799 1031 καὶ

238 1070 450 1136 βασιλέα
500 1070 1024 1141 ἐπιψηφιζομένους,
1058 1073 1145 1125 ὁτὲ
1206 1074 1305 1142 μὲν
1354 1073 1465 1125 ἀπὸ
1519 1072 1797 1137 Γαλατῶν,

235 1162 313 1214 ὁτὲ
363 1163 417 1214 δὲ
470 1164 579 1216 ἀπὸ
634 1164 970 1234 Γερμανῶν,
1032 1167 1087 1227 ἐς
1136 1166 1283 1219 τόνδε
1341 1167 1428 1219 ἀεὶ
1476 1167 1567 1217 τὸν
1610 1165 1800 1236 χρόνον

236 1253 631 1315 ἀποδεικνύναι,
683 1256 1185 1327 Διαπρεσϐεύεσθαι
1240 1258 1296 1312 δὲ
1354 1259 1443 1313 ἀεὶ
1501 1259 1639 1329 πρὸς
1676 1260 1801 1323 τοὺς

236 1346 492 1415 Ἕλληνας
547 1347 646 1399 οὐκ
679 1346 827 1399 ἔστιν
863 1349 954 1401 ὅτε
1008 1349 1407 1416 διαλείποντας,
1433 1346 1573 1404 ὥστε
1634 1355 1699 1403 τά
1744 1352 1801 1414 ὲς

236 1430 529 1501 θρησκείαν
571 1433 722 1501 σφίσι
754 1420 1023 1506 ξύμῲωνά
1050 1454 1109 1489 τε
1151 1441 1242 1491 καὶ
1284 1440 1495 1509 ξυνῳδά
1527 1442 1800 1510 καταστῆ-

237 1543 321 1577 σαι
370 1526 643 1595 ἀλλήλοις,
691 1532 833 1583 κατὰ
878 1533 1046 1586 ταυτδ
1102 1534 1404 1597 ξυνιόντας.
1461 1536 1569 1590 Καὶ
1617 1538 1802 1606 μέντοι

235 1620 495 1688 Ἕλληνας
558 1624 632 1691 μὴ
668 1619 925 1693 ἐθελῆσαι
972 1628 1266 1697 Ῥωμαίοις
1293 1630 1383 1681 διὰ
1428 1631 1623 1699 χρόνου
1664 1649 1800 1704 συμ-

234 1714 543 1782 φερομένοις
570 1718 635 1768 τὰ
656 1719 857 1786 πάτρια
881 1720 1031 1787 again
1064 1722 1380 1776 καθεστῶτα
1407 1728 1657 1795 συγχέαι.
1689 1730 1800 1782 Καὶ

232 1808 329 1857 ἀπὸ
363 1808 565 1877 ταύτης
597 1810 661 1880 δὴ
689 1811 789 1880 τῆς
822 1813 1085 1883 διαφορᾶς
1111 1816 1340 1885 συχνούς
1366 1834 1425 1871 τε
1451 1820 1560 1872 τῶν
1597 1818 1799 1875 Ἐσπε-

1905 609 2228 674 maximum,
2263 624 2389 662 eum
2422 610 2583 678 longo
2612 620 2859 681 tempore
2886 620 3307 668 concertassent
3346 630 3472 668 cum

1901 701 2126 764 Graecis,
2160 703 2212 755 in
2239 702 2571 755 Christiana:
2600 703 2880 772 religionis
2908 706 3235 772 quibusdam
3266 705 3476 759 articu-

1900 790 1989 854 lis,
2017 790 2233 844 tandem
2282 806 2308 843 a
2343 792 2546 846 Graecis
2594 791 2886 847 defecisse.
2933 794 3237 849 Romanum
3293 805 3510 850 autem-

1901 881 2166 937 Cwsarem
2198 900 2347 938 nunc
2395 900 2424 937 e
2476 884 2666 941 Gallis.
2718 901 2868 972 nunc
2893 902 2922 940 e
2950 885 3241 944 Germanis
3266 888 3476 958 eligen-

1902 986 2003 1039 tes,
2035 976 2263 1045 legatos,
2302 976 2503 1031 nullam
2546 992 2773 1043 prorsus
2820 978 3175 1033 occasionem
3220 982 3475 1036 omitten-

1904 1075 2011 1130 tes,
2073 1069 2342 1123 miserunt
2403 1069 2469 1123 ad
2527 1066 2785 1132 Grzecos.
2842 1079 2901 1124 ut
2954 1074 3347 1128 convenientes
3417 1076 3473 1129 in

1906 1176 2095 1224 unum,
2129 1160 2539 1231 conciliumque
2577 1164 3057 1230 concelebrantes,
3092 1167 3472 1231 concordiam,

1902 1264 2169 1324 quantum
2211 1256 2274 1309 ad
2309 1222 2682 1310 Christianam
2720 1258 3044 1327 religionem
3079 1260 3295 1322 attinet.
3330 1260 3476 1314 inter

1905 1361 2024 1399 sese
2057 1348 2520 1416 conglutinarent.
2561 1350 2629 1401 At
2660 1348 2833 1402 Graeci
2866 1352 3161 1405 noluerunt
3193 1350 3292 1421 (2),
3346 1365 3473 1405 cum

1905 1434 2157 1505 plurimis
2212 1438 2373 1491 annis
2437 1438 2708 1493 adversus
2760 1439 3042 1494 Romanos
3091 1441 3477 1496 contentiones

1906 1530 2232 1595 movissent,
2273 1532 2511 1599 patrium
2545 1532 2825 1600 religionis
2868 1548 2981 1587 sua
3022 1533 3228 1586 cultum
3264 1544 3476 1602 pertur-

1904 1621 2046 1675 bari.
2104 1622 2217 1674 Hac
2263 1620 2480 1677 dissidii
2526 1638 2695 1677 causa
2750 1623 2985 1692 permoti
3032 1622 3473 1677 Occidentalium

1905 1714 2148 1780 plurimi,
2188 1713 2464 1780 adjunctis
2510 1714 2673 1766 etiam
2705 1712 2947 1777 Venetis,
2990 1714 3249 1783 pontiﬁce
3300 1716 3476 1769 maxi-

1909 1821 1995 1859 mo
2020 1806 2102 1860 sic
2141 1806 2460 1874 instigante,
2496 1806 2863 1861 decreverunt
2892 1807 3067 1862 classe
3092 1809 3329 1861 maxime
3361 1825 3475 1861 ma-

237 1901 379 1966 ρίων,
405 1904 500 1953 καὶ
523 1903 587 1973 δὴ
620 1906 711 1955 καὶ
750 1906 1013 1971 Ἐνετοὺς,
1057 1908 1341 1976 ἐνάγοντος
1397 1911 1486 1964 ἐπὶ
1526 1912 1650 1966 τάδε
1708 1912 1798 1966 τοῦ

1905 1900 2315 1967 ana-proﬁcisci
2352 1900 2619 1954 adversus
2642 1895 2883 1953 Graecos.
2920 1900 3275 1969 Appellentes
3310 1900 3477 1967 igitur

243 1992 525 2061 Ῥωμαίων
545 1997 844 2066 ἀρχιερῖως
865 1999 1037 2069 στόλῳ
1055 2002 1452 2069 στρατεύεσθαι
1466 2006 1688 2073 μεγάλῳ
1707 2006 1800 2060 ἐπὶ

230 2087 346 2147 τοὺς
377 2085 668 2156 Ἓλληνας,
692 2091 785 2140 καὶ
818 2090 1073 2153 ἐπιόντας
1114 2096 1168 2155 ἐς
1198 2094 1258 2145 τὸ
1318 2095 1610 2157 Βυζάντιον
1671 2098 1798 2165 ἀφι-

230 2180 439 2238 κέσθαι,
504 2180 599 2233 καὶ
655 2181 950 2245 Βυζαντίου
1002 2185 1100 2255 τὴν
1158 2187 1313 2238 πόλιν
1379 2190 1521 2240 κατά
1598 2188 1800 2257 κράτος

229 2271 407 2323 ἑλεῖν
441 2272 666 2341 βασιλέα
722 2292 781 2327 τε
831 2275 1128 2340 Βυζαντίου
1186 2280 1295 2331 καῖ’
1349 2280 1617 2349 Ἑλλήνων
1673 2284 1800 2345 τοὺς

226 2366 479 2433 ἀρίστους
506 2367 750 2437 οἴχεσθαι
775 2370 1065 2432 διαϐάντας
1096 2373 1152 2432 ἐς
1184 2374 1283 2441 τὴν
1326 2374 1535 2429 Ἀσίαν.
1582 2377 1799 2444 Ἀφικο-

228 2461 416 2526 μξὲνους
450 2461 504 2512 δὲ
532 2462 913 2517 ἀποδεικνύναι
937 2466 1088 2533 σφίσι
1120 2466 1357 2519 Νίκαιαν
1380 2466 1479 2538 τὴν
1519 2468 1798 2540 Ἑλληνίδα

228 2555 399 2619 πόλιν,
424 2556 490 2607 τὰ
520 2556 767 2623 βασίλεια
793 2560 850 2610 ἐν
893 2560 1029 2629 αὐτῇ
1087 2562 1465 2630 ποιουμένους.
1524 2564 1681 2617 Μετά
1739 2565 1795 2617 δὲ

221 2646 395 2700 ταῦτα
431 2650 492 2701 οὐ
521 2650 737 2715 πολλοῖς
771 2652 944 2705 ἔτεσιν
970 2652 1223 2724 ὕστερον,
1250 2657 1540 2709 ἀπολαϐεῖν
1557 2675 1616 2710 τε
1642 2658 1800 2718 αὖθις

225 2740 541 2805 Βυζάντιον,
570 2744 753 2813 κρύφα
778 2744 1195 2816 εἰσεληλυθότας
1246 2750 1303 2812 ἐς
1323 2748 1423 2818 τὴν
1449 2749 1626 2803 πόλιν.
1688 2752 1800 2804 Καὶ

227 2835 282 2895 ἐς
313 2835 414 2904 τὴν
456 2836 728 2907 Εὐρώπην
771 2834 837 2893 αὖ
863 2840 1155 2903 διαϐάντας
1180 2841 1523 2909 διαγενέσθαι
1570 2843 1627 2895 ὲν
1658 2843 1795 2913 αὐτῇ

225 2929 634 2996 βασιλεύοντας.
698 2932 937 2989 Βασιλέα
991 2935 1048 2987 δὲ
1102 2935 1376 3005 Ἑλλήνων
1437 2935 1574 3004 μετά
1627 2937 1800 2991 ταῦτα

234 3022 497 3093 Ἰωάννην
519 3024 613 3075 ἐπὶ
646 3024 810 3095 ξυροῦ
835 3027 1016 3095 ἀκμῆς
1052 3027 1155 3095 ἠδη
1197 3027 1523 3095 αἰσθόμενον
1550 3026 1618 3081 τὰ
1680 3029 1799 3080 Ἐλ-

221 3115 401 3185 λήνων
432 3117 754 3185 πράγματα,
787 3118 1017 3172 λαϐόντα
1043 3136 1102 3171 τε
1125 3119 1251 3180 τοὺς
1284 3118 1580 3183 Βυζαντίου
1612 3120 1799 3189 ἀρχιε-

1902 1986 2223 2061 Byzantium
2281 1991 2497 2051 orbem,
2532 2005 2654 2042 eam
2702 1989 2753 2041 vi
2798 1998 3087 2057 ceperunt.
3125 1990 3237 2045 Rex
3292 2004 3474 2045 autem

1903 2084 2199 2153 Byzantius
2270 2075 2395 2137 cum
2476 2083 2794 2138 Graecorum
2855 2084 3216 2152 Optimatibus
3291 2084 3475 2153 fugam

1900 2176 2104 2239 iniens,
2148 2176 2380 2229 contulit
2422 2191 2482 2231 se
2515 2174 2567 2228 in
2610 2175 2821 2228 Asiam.
2857 2174 2973 2239 Quo
3001 2189 3125 2227 cum
3175 2174 3475 2239 venissent,

1899 2271 2111 2341 elegere
2154 2269 2390 2324 Nicaeam
2451 2270 2643 2325 urbem
2705 2268 2979 2333 Graecam,
3038 2284 3272 2335 eamque
3320 2270 3472 2338 regni

1901 2366 2086 2417 sedem
2149 2362 2527 2417 declararunt.
2592 2360 2726 2415 Cum
2809 2361 2937 2413 anni
3030 2359 3475 2416 intercessissent

1902 2454 2082 2523 pauci,
2116 2453 2436 2524 Byzantium
2486 2461 2911 2521 recuperarunt,
2952 2465 3073 2505 cum
3101 2466 3264 2519 quam
3293 2452 3470 2506 niaxi-

1903 2565 1988 2603 me
2008 2548 2227 2601 occulte
2260 2547 2311 2601 in
2349 2563 2467 2602 eam
2516 2563 2575 2601 se
2619 2546 2957 2615 recepissent
2987 2546 3088 2615 (3).
3116 2545 3342 2602 Reversi
3373 2547 3477 2617 igi-

1900 2652 1991 2697 tur
2026 2640 2372 2712 Byzantium,
2425 2642 2617 2694 relicta
2674 2639 2824 2704 Asia,
2886 2639 3041 2708 regni
3095 2638 3474 2709 gubernacula

1902 2736 1995 2788 diu
2045 2743 2366 2789 tenuerunt.
2417 2734 2658 2788 Tandem
2714 2732 3029 2787 Graecorum
3069 2746 3163 2786 rex
3210 2729 3475 2800 Joannes,

1902 2825 2217 2896 intelligens
2266 2826 2581 2881 Graecorum
2616 2842 2739 2880 -res
2807 2824 2861 2879 in
2922 2838 3141 2880 summo
3204 2826 3475 2893 periculo,

1903 2918 2059 2985 quasi
2092 2918 2237 2972 inter
2269 2919 2521 2970 malleum
2566 2926 2620 2970 et
2661 2915 2942 2979 incudem,
2979 2917 3217 2980 versari,
3260 2929 3477 2969 assum-

1903 3011 2011 3079 ptis
2045 3010 2288 3080 Byzantii
2325 3007 2624 3077 episcopis,
2674 3022 2887 3061 necnon
2923 3004 3241 3061 Grecorum
3271 3005 3473 3075 doctis,

1900 3102 2227 3157 conscendit
2254 3117 2469 3179 navem,
2509 3110 2563 3153 et
2597 3102 2649 3153 in
2690 3100 2900 3153 Italiam
2932 3099 3218 3167 profectus
3253 3105 3338 3153 est
3369 3099 3473 3170 (5);

224 3213 362 3277 ρεῖς,
415 3211 511 3263 καὶ
577 3211 850 3283 Ἑλλήνων
907 3214 1031 3275 τοὺς
1078 3212 1418 3281 ἐλλογίμους,
1476 3188 1795 3267 διαπλεῦσαι

1904 3196 2257 3258 existimans,
2315 3196 2359 3248 si
2396 3196 2788 3248 convenissent
2827 3206 2954 3246 cum
3002 3188 3347 3245 Romanisin
3380 3209 3474 3247 ne-

222 3302 454 3353 ἀπιόντα
485 3304 542 3365 ὲς
578 3279 830 3369 Ἰταλίαν,
861 3305 916 3368 ἐς
950 3322 1015 3373 γε
1037 3304 1131 3357 τὸν
1161 3279 1274 3359 ἀπδ-
1315 3306 1576 3375 Τούρκων
1636 3308 1801 3377 ἔπηρά

1906 3289 2053 3358 gotio
2085 3288 2387 3358 religionis,
2446 3304 2504 3342 se
2555 3289 2655 3342 Iros
2712 3285 3008 3340 auxiliares
3054 3284 3371 3339 habiturum
3404 3284 3471 3335 ad

222 3396 462 3463 τημένσν
493 3398 539 3447 οί
590 3397 1191 3469 κίνδυνονῒπικουρίαν
1244 3399 1494 3468 οἰόμενος
1534 3400 1798 3463 οἴσεσθαι,

226 3485 293 3554 ἢν
320 3487 558 3543 ἐκείνοις
603 3487 669 3539 τά
698 3490 840 3540 κατά
869 3489 968 3556 τὴν
999 3489 1294 3558 θρησκείαν
1320 3490 1526 3561 ξυμϐᾖ.
1568 3490 1801 3559 Γενόμε-

224 3596 313 3629 νον
335 3578 393 3630 δὲ
418 3581 477 3629 ὲν
512 3579 734 3651 Ἰταλίᾳ,
761 3580 853 3632 καὶ
886 3582 1360 3650 κοινωνησάμενον
1388 3582 1465 3651 τῷ
1510 3582 1801 3651 Ῥωμαίων

225 3672 482 3741 ἀρχιερεῖ
511 3672 610 3742 τὴν
636 3672 764 3742 περὶ
797 3673 894 3743 τὴν
918 3673 1218 3743 θρησκείαν
1237 3674 1521 3745 διαφορὰν,
1550 3677 1630 3737 είς
1685 3676 1801 3731 διά-

224 3766 375 3828 λεξιν
411 3766 599 3832 μέντοι
656 3766 1000 3835 καταστῆναι
1061 3767 1676 3839 πολυπραγμονοῦντας,
1710 3787 1799 3822 τε-

224 3858 509 3909 λευτῶντα
537 3859 591 3911 δὲ
620 3858 890 3929 ξυμϐῆναι
934 3858 1082 3928 αὑτῷ
1123 3859 1239 3928 ἅμα
1281 3860 1393 3921 τοῖς
1460 3858 1685 3925 Ἕλλησι
1732 3860 1801 3914 τὰ

225 3951 373 4003 κατά
397 3952 499 4017 τὴν
528 3950 790 4020 διαφορὰν
826 3954 1003 4020 σφίσιν
1029 3952 1233 4021 ξυνῳδά
1279 3951 1797 4021 ἀποδεικνυμένους,

228 4047 326 4098 καὶ
362 4045 465 4113 τὴν
493 4044 753 4114 διαφορὰν
805 4050 957 4113 σφίσι
998 4046 1403 4113 διαλυομένους.
1450 4048 1800 4114 Ἐπικουρίας

224 4139 280 4191 δὲ
303 4140 542 4207 τυχόντα
572 4142 629 4190 ἐν
666 4140 848 4209 μέρει,
901 4140 1335 4208 ἀποκομίζεσθαι
1381 4135 1536 4201 αὖθις
1568 4141 1661 4193 ἐπὶ
1695 4141 1798 4191 Βυ-

226 4228 474 4291 ζαντίου.
506 4228 645 4290 Τοὺς
695 4229 881 4298 μέντοι
918 4230 1184 4301 Ἕλληνας
1231 4230 1317 4283 ἐπ’
1376 4234 1526 4285 οίκου
1574 4234 1800 4301 γενομέ-

224 4340 352 4385 νους
382 4323 459 4392 μὴ
490 4323 754 4391 ἐμμεῖναι
791 4326 906 4385 τοῖς
939 4326 998 4376 ὲν
1066 4324 1267 4395 Ἰταλίᾳ
1296 4327 1389 4379 καὶ
1452 4328 1507 4377 ὲν
1562 4328 1799 4389 συνόδοις

221 4416 667 4486 πεπραγμένοις,
727 4414 1013 4480 ἀξιοῦντας
1091 4418 1245 4483 σφίσι
1328 4418 1553 4487 μηδαμῆ
1604 4420 1800 4487 εὐαγὲς

221 4508 368 4563 εἶναι
417 4508 730 4575 Ῥωμαίοις,
760 4509 836 4570 ὼς
870 4508 934 4579 δὴ
979 4507 1054 4577 μὴ
1077 4507 1228 4560 αἴσια
1290 4507 1795 4579 διισχυριζομένοις,

222 4602 579 4655 συντίθεσθαι
600 4602 659 4654 τὸ
690 4601 972 4669 παράπαν.
1013 4601 1123 4654 Καὶ
1176 4599 1321 4654 οὕτω
1370 4600 1603 4672 διάφορα
1657 4601 1748 4654 διά
1774 4604 1795 4634 ⁸
1830 4618 1874 4674 ι)

217 4695 416 4756 τέλους
440 4689 697 4760 γενέσθαι
726 4692 952 4763 Ἕλλησι
984 4692 1051 4745 τὰ
1094 4692 1231 4760 πρὸς
1289 4692 1617 4761 Ῥωμαίους.
1651 4692 1797 4746 Ταῦ-

216 4804 287 4839 τα
321 4785 434 4856 μιν
455 4787 514 4847 ἐς
542 4783 792 4838 τοσοῦτόν
846 4802 938 4853 μοι
965 4784 1332 4855 ἀποχρώντως
1380 4783 1574 4853 ἔχοντα
1618 4784 1799 4838 ἐπιδε-

220 4879 429 4949 δείχθω
479 4877 609 4948 περί
656 4893 716 4929 τε
746 4878 842 4945 τῆς
885 4876 1156 4947 Ἐλλήνων
1190 4875 1495 4946 βασιλείας,
1541 4877 1638 4928 καὶ
1695 4875 1797 4945 τῆς

219 4972 277 5030 ἐς
318 4968 635 5039 Ῥωμαίους
659 4967 889 5039 ἐχούσης
917 4967 1206 5038 διαφορᾶς.
1247 4967 1338 5030 '0;
1368 4968 1432 5035 δὴ
1488 4967 1592 5018 οὐκ
1622 4967 1800 5034 ὀρθῶς

216 5063 285 5113 τά
310 5079 382 5130 γε
412 5063 469 5123 ὲς
507 5061 803 5130 βασιλείαν,
841 5061 933 5114 καὶ
963 5062 1021 5125 ἐς
1041 5060 1275 5130 τοῦνομα
1322 5059 1473 5129 αὐτῷ
1526 5073 1801 5129 προσηγο-

225 5155 426 5225 ρεύετο
460 5153 692 5216 τούτοις.
720 5154 1177 5223 Παραγενόμενος
1215 5154 1318 5223 μὲν
1342 5148 1436 5206 οὖν
1467 5152 1629 5212 αὐτὸς
1666 5152 1802 5219 ἔγω-

1906 3383 2248 3451 bellum-jam
2294 3381 2435 3435 haud
2464 3380 2630 3434 dubie
2672 3395 2700 3431 a
2744 3378 2941 3431 Turcis
2976 3376 3298 3430 imminens.
3333 3375 3471 3429 Cum

1905 3486 2085 3529 autem
2116 3475 2182 3528 ad
2214 3474 2571 3543 “colloquium
2624 3471 2872 3525 venisset
2916 3484 3037 3523 cum
3080 3468 3340 3535 pontiﬁce
3364 3467 3473 3522 Ro-

1906 3582 2066 3621 mano
2097 3566 2346 3636 Eugenio
2391 3572 2507 3617 tum
2558 3568 2783 3631 quarto,
2827 3574 2993 3629 super
3028 3558 3312 3626 religionis
3338 3572 3473 3611 con-

1904 3662 2198 3723 troversia,
2265 3658 2570 3729 disputatio
2636 3672 2759 3711 cum
2839 3669 3037 3724 magna
3111 3653 3474 3707 altercatione

1904 3755 2163 3823 utrinque
2198 3765 2388 3808 exorta
2416 3759 2519 3806 est.
2554 3749 2847 3804 Postremo
2877 3763 2941 3801 eo
2982 3761 3072 3801 res
3099 3745 3334 3800 deducta
3361 3753 3471 3811 est,

1905 3855 1962 3900 ut
1988 3844 2163 3900 Graeci
2195 3845 2397 3913 pariter
2426 3856 2478 3896 et
2509 3840 2744 3896 Romani
2799 3841 2855 3893 in
2904 3838 3188 3907 religionis
3225 3837 3280 3907 ᾇ
3310 3852 3475 3906 nego-

1903 3938 1979 3992 tio
2012 3939 2409 3999 consentirent,
2442 3935 2834 4003 discordiaque
2856 3933 3040 3987 omnis
3069 3946 3235 4001 quam
3265 3929 3472 3998 longis-

1904 4037 2041 4090 sime
2071 4035 2515 4090 submoveretur.
2549 4029 2662 4086 Rex
2712 4029 2881 4100 igitur
2929 4026 3245 4081 Graecorum
3277 4025 3471 4079 auxilii

1903 4144 1930 4181 a
1974 4127 2239 4181 Romanis
2273 4124 2675 4196 aliquantulum
2737 4131 2954 4184 nactus,
3013 4120 3235 4173 domum
3284 4118 3472 4175 rediit.

1902 4222 2077 4278 (ἱνα-εί
2116 4219 2325 4274 reversi
2374 4217 2726 4289 Byzantium,
2772 4225 2895 4270 acta
2941 4214 3177 4269 edocent
3217 4228 3338 4275 eos,
3376 4213 3505 4294 qui

1903 4316 2049 4370 domi
2082 4323 2436 4379 manserant;
2464 4312 2574 4380 -qui
2604 4311 2825 4380 quidem
2872 4308 3172 4363 noluerunt
3210 4314 3358 4360 stare
3386 4306 3472 4359 his

1902 4424 2024 4479 qua:
2068 4416 2187 4461 acta
2234 4416 2391 4461 erant
2443 4407 2496 4459 in
2534 4404 2703 4458 Italia:
2731 4402 2979 4473 synodis,
3028 4409 3310 4470 putantes,
3364 4401 3470 4454 sibi

1906 4499 2218 4569 neutiquam
2241 4498 2322 4551 fas
2354 4513 2497 4559 esse,
2540 4509 2875 4549 consensum
2923 4503 3184 4561 praestare
3210 4490 3474 4544 Romanis

1904 4591 2113 4645 nefaria
2144 4589 2538 4645 asserentihus.
2574 4586 2715 4642 Hinc
2747 4592 3008 4655 perpetuo
3033 4583 3360 4638 discordiam
3394 4584 3475 4637 fo-

1906 4685 2053 4737 visse
2081 4683 2297 4738 Graecos
2320 4681 2375 4733 in
2414 4678 2639 4749 negotio
2668 4678 2951 4745 religionis
2984 4676 3253 4730 adversus
3271 4676 3473 4729 Roma-

1906 4791 2007 4831 nos
2034 4785 2269 4831 constat.
2298 4772 2425 4827 Haec
2457 4772 2675 4843 quidem
2708 4771 2998 4834 hactenus,
3030 4777 3301 4841 quantum
3335 4785 3474 4838 prae-

1904 4872 2048 4924 senti
2108 4869 2349 4923 bistoria:
2397 4867 2709 4921 conducere
2772 4864 3008 4929 videtur,
3065 4864 3132 4926 de
3156 4860 3472 4917 Graecorum

1906 4979 2095 5033 regno,
2134 4974 2188 5016 et
2236 4960 2500 5015 continua
2551 4962 2746 5013 horum
2802 4959 3151 5014 dissensione
3204 4954 3471 5009 adrcrsus

1906 5058 2211 5118 Romanos,
2268 5055 2479 5109 dixisse
2523 5053 2780 5109 suﬂiciat.
2829 5052 3019 5121 Itaque
3058 5060 3174 5104 tum
3226 5048 3472 5118 ipsorum

1908 5165 2167 5219 regnum.
2209 5158 2320 5201 tum
2378 5161 2578 5201 nomen
2634 5160 2743 5198 non
2800 5150 2950 5197 recte
3008 5140 3337 5211 appellatum
3369 5145 3473 5192 est.

219 5265 284 5316 γε
322 5249 426 5300 ἐπὶ
455 5248 607 5301 τόνδε
637 5247 729 5301 τὸν
765 5247 902 5317 βίον,
938 5247 1241 5300 κατέλαϐον
1272 5246 1541 5317 Ἕλληνάς
1590 5263 1650 5299 τε
1707 5249 1803 5301 καὶ

1909 5243 2020 5312 Ego
2062 5242 2229 5312 igitur
2289 5255 2414 5294 cum
2474 5236 2780 5307 attigissem
2827 5235 2943 5289 haec
2976 5242 3246 5303 tempora,
3300 5229 3476 5284 anim-

229 5335 521 5407 Ἑλλήνων
571 5337 818 5407 βασιλέα,
869 5338 972 5391 ὑπό
1015 5354 1074 5389 τε
1126 5338 1235 5392 τῶν
1291 5340 1346 5391 ὲν
1398 5338 1589 5409 Θρᾴκῃ
1627 5338 1803 5406 γενῶν

1911 5337 2117 5391 adverti
2170 5334 2415 5395 Grzecos,
2470 5331 2776 5398 horumque
2834 5344 3065 5398 regnum
3129 5325 3306 5396 primo
3372 5322 3509 5378 sub.

220 5430 447 5501 πρῶτα,
475 5432 616 5502 μετά
639 5429 698 5483 ss
720 5428 901 5485 ταῦτα
942 5430 1152 5484 καὶνὺτΐ
1175 5430 1358 5492 αὐτῶν
1397 5446 1462 5500 γε
1512 5432 1619 5483 τῶν
1646 5429 1787 5500 Bap-

1912 5426 2223 5482 Thracibus
2244 5424 2566 5488 exstitisse;
2604 5432 2791 5492 postea
2816 5419 3031 5489 reliquo
3082 5434 3250 5491 regno
3273 5433 3321 5472 σι
3349 5416 3489 5469 Βίης-ρ

1507 5539 1756 5604 Notulaa
1798 5540 2199 5617 marginales.

295 5641 381 5710 (Ξ)
410 5641 658 5697 Schisma
686 5640 1002 5697 Latinorum
1036 5642 1575 5708 etGraacomm,870.

302 5717 382 5783 ιδ)
424 5712 602 5769 Latini
631 5723 904 5784 occupant
949 5714 1239 5784 imperium
1279 5715 1793 5788 Constantinopoli-

306 5859 330 5889 ⁸
368 5856 463 5908 καὶ
504 5854 649 5909 οὕτω
683 5855 739 5911 δὲ
763 5853 910 5923 ﬁta-.3.
943 5852 1029 5906 διά
1060 5853 1121 5906 τὸ
1152 5872 1202 5906 τ.

1902 5651 2093 5696 tanum
2136 5635 2305 5700 1900;
2336 5636 2507 5691 Graeci
2546 5643 2867 5706 recuperant
2905 5632 3064 5688 {285.

1974 5714 2047 5783 (ι)
2078 5711 2234 5764 Anno
2266 5707 2420 5762 ηδε.
