4202 6430
684 366 749 430 19
1819 378 2129 438 LAONICI
2171 375 2847 446 CHALCOCONDYLE
3867 385 3942 450 20

682 483 834 537 lnris
893 492 1110 550 exutos,
1161 500 1392 556 parvum
1456 491 1731 559 quoddam
1777 509 2004 563 regnum
2047 497 2242 566 guber-

2355 495 2537 564 δάρων
2560 499 2664 561 τῆς
2696 499 2869 568 άλλης
2908 499 3088 570 ἀρχῆς
3109 499 3581 568 ἀπεληλαμένους,
3612 502 3787 571 ἀρχὴν
3811 514 3936 571 την·

683 589 867 642 nasse,
895 577 1150 631 videlicet
1191 575 1556 650 Byzantinum
1593 600 1607 635 :
1654 582 2015 654 Byzantiique
2048 587 2254 640 mariti-

683 682 825 720 mam
886 670 1168 739 regionem
1235 671 1586 740 inferiorem,
1669 675 1990 732 Heracleam
2060 681 2252 734 urbem

684 777 894 832 usque,
939 763 1173 830 etjuxta
1220 763 1495 822 Euxinum
1530 768 1764 826 Pontum
1800 774 2131 827 maritimam
2171 791 2253 830 re-

679 859 892 923 gionem
924 859 1287 923 superiorem,
1325 876 1499 930 usque
1527 863 1593 916 ad
1620 865 1809 919 urbem
1843 863 2251 931 lesembriam;

684 957 944 1006 nraterea
1005 949 1446 1022 Peloponnesum
1504 971 1746 1023 omnem,
1783 970 1941 1015 extra
1998 971 2107 1017 tres
2157 973 2254 1017 aut

682 1052 919 1106 quatuor
989 1043 1321 1101 Venetorum
1388 1049 1586 1117 urbes,
1650 1051 1841 1107 adhaec
1898 1053 2160 1110 Lemnum
2199 1067 2255 1111 et

683 1136 944 1198 Imbrum,
996 1139 1316 1210 insulasque
1363 1144 1434 1198 ibi
1471 1147 1526 1200 in
1582 1149 1720 1201 mari
1763 1147 1953 1218 [Egzo
1991 1151 2149 1205 sitas.
2183 1149 2256 1206 Ut

684 1237 864 1282 autem
915 1232 1128 1314 singula
1171 1235 1288 1291 haec
1317 1239 1669 1308 contigerint,
1719 1251 1779 1295 ut
1820 1241 2134 1298 Gmcorum
2169 1259 2256 1300 res

683 1323 941 1377 naulatim
971 1324 1285 1382 interierint
1315 1345 1342 1381 a
1369 1327 1571 1386 Turcis
1596 1333 1814 1397 accisa,
1853 1344 1912 1387 ut
1947 1332 2251 1389 Turcorum

682 1429 769 1468 res
803 1431 975 1482 usque
1021 1417 1424 1477 incrementum
1467 1426 1826 1494 sumpserint,
1888 1434 1947 1480 ut
1994 1429 2153 1482 iidem
2184 1429 2251 1482 ad

684 1510 971 1564 maximam
1023 1520 1378 1583 pervenerint
1430 1519 1748 1575 felicitatem
1791 1537 1964 1590 usque
2014 1522 2080 1576 ad
2116 1539 2251 1591 pra:-

680 1618 805 1658 sens
855 1613 1095 1676 tempus,
1151 1611 1365 1682 singula
1438 1613 1554 1668 hac
1620 1615 2038 1683 explicabimus,
2084 1633 2249 1687 quam

679 1698 1029 1754 exactissime
1057 1709 1111 1754 et
1143 1704 1426 1761 verissime
1454 1709 1791 1765 audivimus.

2357 592 2414 646 δε
2439 593 2704 662 βραχεῖάν
2728 612 2851 647 τινα
2876 596 3183 663 περιέπειν,
3221 596 3534 662 Βυζάντιον,
3588 601 3681 650 καὶ
3733 597 3940 661 Βυζανο

2355 686 2472 738 τίου
2502 686 2600 754 τήν
2627 688 2777 740 κάτω
2821 688 3096 757 παραλίαν
3153 689 3314 756 ἄχρις
3348 689 3680 758 Ἡρακλείας
3703 691 3934 752 πόλεως,

2360 781 2501 832 κατὰ
2521 779 2576 832 δὲ
2609 779 2863 844 Εὔξεινον
2912 783 3106 834 πόντον
3165 783 3266 852 τήν
3304 784 3419 837 ἄνω
3479 784 3754 853 παραλίαν
3807 784 3939 854 ἄχρι

2357 873 2724 943 Μεσημϐρίας
2759 875 2966 936 πόλεως
2998 892 3012 903 ·
3050 875 3458 946 Πελοπόννησόν
3481 894 3542 928 τε
3603 872 3671 929 αὗ
3719 876 3935 946 ξύμπας

2360 984 2480 1030 σαν,
2500 967 2641 1030 πλὴν
2668 970 2700 1037 ἢ
2725 967 2895 1037 τριῶν
2921 969 2952 1038 ή
2975 972 3253 1038 τεττάρων
3285 973 3496 1024 πόλεων
3515 971 3625 1025 τῶν
3659 969 3892 1024 Ἑνετῶν
3915 983 3933 998 ’

2357 1058 2619 1122 ὡσαύτως
2651 1061 2731 1127 Λῆ
2743 1077 2896 1128 μνον,
2929 1061 3159 1130 ἰμδρον
3213 1064 3309 1117 καὶ
3367 1065 3565 1134 νήσους
3617 1063 3717 1121 τὰς
3765 1063 3932 1116 αὑτοῦ

2356 1153 2531 1222 ταύτῃ
2581 1156 2641 1207 ὲν
2667 1154 2746 1222 τῷ
2796 1156 3006 1224 Δίγαίφ
3061 1156 3376 1226 ᾠκημένας.
3446 1161 3536 1221 Ὠς
3574 1155 3670 1214 οὗν
3722 1162 3930 1213 ’ἕκαστα

2355 1246 2531 1301 ταῦτα
2557 1247 2750 1313 ξυνέδη
2783 1249 3060 1315 γενέσθαι,
3088 1250 3162 1312 ὡς
3206 1252 3273 1304 τά
3301 1253 3410 1306 τῶν
3450 1255 3719 1321 Ἑλλήνων
3750 1257 3932 1324 πράγ-

2357 1358 2506 1410 ματα
2557 1343 2696 1394 κατὰ
2733 1342 2907 1412 βραχὺ
2959 1345 3227 1406 ἀπώλετο,
3263 1345 3596 1416 φθειρόμενα
3632 1349 3736 1400 ὑπὸ
3763 1349 3933 1418 Τούρ-

2360 1453 2493 1498 κων,
2520 1436 2703 1497 uitia;
2737 1439 2805 1490 τὰ
2846 1438 3068 1490 ἐκείνων
3124 1439 3336 1506 μεγάλα
3383 1439 3621 1507 ἐγένετο,
3676 1443 3730 1504 ἐς
3787 1443 3930 1510 μέγα

2355 1530 2444 1582 ἀεὶ
2463 1530 2518 1589 ἒς
2541 1529 2692 1582 τόνδε
2721 1532 2814 1583 τὸν
2829 1532 3018 1599 χρόνον
3053 1532 3197 1584 ἰόντα
3245 1532 3623 1602 εὐδαιμονίας,
3684 1536 3924 1602 ἐπιμνη-

2358 1623 2568 1694 σόμεθα
2604 1624 2933 1690 ἐπεξιόντες,
2959 1624 3046 1694 ἐφ’
3075 1628 3201 1680 ὅσον
3226 1627 3290 1698 δὴ
3320 1629 3378 1690 ἐς
3422 1630 3484 1681 τὸ
3538 1627 3929 1699 ἀκριϐέστερον

2357 1718 2693 1788 ἐπυθόμεθα.

752 1789 962 1846 'l‘urcos
991 1808 1092 1861 ego
1127 1798 1315 1852 nescio
1367 1801 1644 1869 quodnam
1693 1807 2002 1878 antiquitus
2051 1823 2250 1864 nomen

2429 1811 2708 1882 Τούρκους
2732 1811 2796 1879 δὴ
2823 1808 2918 1864 οὖν
2951 1812 3127 1880 ἔγωγε
3159 1813 3258 1866 οὒκ
3285 1809 3382 1866 οἷδ’
3408 1815 3437 1868 ὅ
3465 1832 3518 1866 τι
3537 1815 3603 1868 ἂν
3634 1815 3932 1884 καλέσαιμι

679 1886 922 1940 tenuisse
949 1886 1150 1954 dicam,
1176 1905 1245 1945 ne
1284 1907 1313 1945 a
1351 1908 1480 1949 vero
1535 1899 1794 1956 aberrare
1851 1903 2059 1958 videar.
2117 1903 2252 1968 Qui-

677 1978 798 2028 dam
822 1989 1013 2046 putant
1042 1995 1135 2034 eos
1165 1996 1192 2034 a
1215 1979 1458 2054 Scythis,
1487 2003 1628 2056 quos
1656 1989 1919 2048 Tartaros
1946 1997 2253 2063 nominant,

678 2070 947 2137 originem
984 2074 1235 2128 trahere:
1279 2092 1386 2130 non
1427 2080 1624 2134 malam
1651 2085 1825 2138 secuti
1857 2087 2253 2158 conjecturam,

680 2163 931 2217 videlicet
960 2167 1104 2233 quod
1133 2169 1378 2223 moribus
1414 2171 1557 2226 haud
1602 2178 1830 2231 multum
1867 2181 2008 2234 inter
2055 2198 2115 2237 se
2152 2184 2258 2237 dif-

679 2253 878 2318 ferant,
931 2253 1229 2325 linguaque
1258 2269 1484 2314 utantur
1516 2264 1816 2320 etiamnum
1873 2284 1975 2323 nec
2019 2272 2250 2328 multum

673 2345 954 2400 dissimili.
1007 2348 1171 2403 Aiunt
1206 2352 1376 2412 enim.
1409 2355 1644 2426 Scythas
1699 2363 1940 2430 septenis
1966 2365 2182 2422 vicibus
2221 2384 2251 2422 a

674 2432 850 2491 Tanai
884 2454 1229 2510 pragressos,
1289 2446 1474 2500 Asiam
1515 2451 1856 2518 superiorem
1911 2457 2250 2524 devastasse,

676 2531 898 2586 Parthis
926 2549 986 2587 ea
1012 2543 1338 2606 tempestate
1371 2555 1552 2594 rerum
1585 2559 1801 2599 summa
1865 2549 2204 2617 potientihus
2234 2571 2248 2607 :

677 2639 889 2678 necnon
925 2624 1242 2691 Persarum,
1296 2629 1603 2694 Medorum.
1639 2636 2109 2709 Assyriorumque
2167 2659 2252 2698 re-

676 2716 864 2782 giunes
917 2721 1247 2774 tenentibus.
1315 2721 1452 2779 Hinc
1522 2738 1810 2798 peragrata
1839 2747 2058 2802 quoque
2108 2735 2252 2790 infe-

677 2810 822 2865 riore
880 2812 1027 2876 Asia,
1086 2813 1400 2885 Phrygiam,
1437 2817 1686 2889 Lydiam,
1739 2833 1795 2878 et
1849 2825 2249 2895 Cappadociam

678 2904 1034 2972 suuimperio
1064 2907 1355 2976 adjecisse.
1406 2909 1582 2964 Etiam
1641 2931 1787 2970 nunc
1825 2918 2010 2974 videre
2049 2935 2154 2985 est,
2194 2933 2250 2976 ut

677 2996 872 3062 fertur,
904 2998 1168 3068 plurimos
1202 3002 1364 3058 istius
1395 3007 1612 3073 generis
1639 3008 1892 3066 homines
1924 3014 2122 3082 ubique
2154 3031 2252 3084 per

679 3092 864 3144 Asiam
897 3093 1200 3163 dispersos,
1255 3098 1500 3154 moribus
1549 3111 1603 3156 et
1635 3103 1816 3160 vietus
1869 3109 2076 3162 ratione
2103 3110 2250 3164 refe-

2361 1907 2504 1960 κατὰ
2545 1908 2608 1959 τὸ
2638 1907 2890 1970 παλαιὸν,
2932 1907 3076 1960 ὥστε
3124 1908 3393 1978 τάληθοῦς
3449 1909 3523 1977 μὴ
3571 1911 3932 1980 διαμαρτεῖν·

2359 2004 2410 2054 οἱ
2436 2002 2535 2070 μὲν
2557 2001 2668 2070 γὰρ
2696 2001 2919 2053 Σκυθῶν
2942 2002 3243 2066 ἀπογόνους
3270 2006 3398 2064 τοὺς
3421 2002 3700 2071 Τούρκους
3725 2005 3932 2056 οἴονται

2359 2090 2520 2157 εἶναι,
2554 2095 2846 2163 ὀρθότερον
2874 2093 2937 2163 δὴ
2985 2094 3420 2162 συμσαλλόμενοι
3453 2097 3578 2165 περὶ
3609 2095 3805 2159 αὐτῶν,
3839 2096 3930 2147 διὰ

2358 2189 2419 2242 τὸ
2441 2189 2497 2250 ἐς
2527 2189 2634 2258 ήθη
2657 2187 2718 2239 ού
2750 2188 2885 2241 πολὺ
2914 2188 3246 2255 διεστηκότα
3269 2187 3730 2258 καθισταμένους,
3754 2187 3930 2255 γλώτ-

2356 2300 2423 2354 τῃ
2457 2283 2726 2349 σύνεγγυς
2766 2283 2913 2351 μάλα
2938 2283 3267 2351 διαχρῆσθαι
3296 2283 3377 2334 ἔτι
3418 2284 3514 2335 καὶ
3545 2282 3639 2335 νῦν
3669 2285 3732 2352 τῇ
3765 2283 3928 2352 αὐτῇ.

2357 2376 2570 2440 Σκύθας
2596 2394 2657 2428 τε
2693 2377 2803 2444 γάρ
2855 2394 2990 2444 φασι
3033 2378 3095 2427 τὸ
3127 2376 3357 2444 ἕϐδομον
3400 2377 3503 2446 ἤδη
3534 2376 3640 2429 ἀπὸ
3668 2376 3932 2439 Τανάῖδος

2355 2471 2743 2540 ὡρμημένους,
2773 2470 3254 2538 καταστρέφεσθαι
3276 2471 3375 2539 τήν
3402 2471 3515 2524 άνω
3550 2471 3756 2534 Ἀσίαν,
3780 2471 3931 2540 Πάρ-

2355 2564 2466 2616 θων
2494 2564 2595 2631 τὴν
2617 2564 2922 2633 ἡγεμονίαν
2957 2565 3213 2632 ἐχόντων,
3244 2565 3346 2633 τήν
3386 2581 3444 2615 τε
3477 2566 3702 2635 Περσῶν
3745 2565 3933 2634 χώραν

2355 2637 2464 2710 καί
2482 2658 2706 2727 Μήδων,
2741 2656 2838 2709 καὶ
2878 2655 3213 2725 Ἀσσυρίων.
3246 2657 3402 2710 Μετὰ
3429 2655 3486 2708 δὲ
3531 2656 3702 2708 ταῦτα
3734 2658 3932 2708 ἐπικα-

2354 2750 2632 2812 ταδάντας
2660 2753 2720 2814 ἐς
2745 2751 2846 2818 τὴν
2873 2751 3025 2803 κάτω
3061 2751 3271 2811 Ἀσίαν,
3305 2750 3398 2802 ἐπὶ
3426 2749 3690 2820 Φρυγίαν,
3725 2748 3931 2801 Λυδίαν

2354 2863 2415 2897 τε
2442 2847 2536 2897 καὶ
2570 2845 2998 2906 Καππαδοκίαν,
3039 2843 3108 2895 τὰ
3156 2845 3213 2905 ἐς
3253 2843 3415 2912 τήνδε
3444 2843 3542 2913 τὴν
3574 2842 3762 2912 χώραν
3792 2841 3932 2893 ὑπο.

2353 2941 2533 3011 χείρια
2563 2939 2719 3006 σφίσι
2760 2936 3120 3001 ποιήσασθαι.
3155 2937 3264 2989 Καὶ
3297 2937 3394 2989 νῦν
3435 2936 3584 2989 ἔστιν
3612 2937 3740 2989 ἰδεῖν
3842 2935 3930 2987 λέ-

2352 3048 2513 3098 γουσι
2547 3028 2722 3082 πολλὰ
2760 3028 2856 3082 τοῦ
2887 3029 3080 3096 γένους
3102 3028 3298 3082 τούτου
3329 3029 3572 3098 πολλαχῆ
3601 3029 3700 3095 τῆς
3737 3027 3929 3088 Ἀσίας

2352 3123 2744 3190 ἑπινεμόμενα,
2772 3123 2908 3190 πρὸς
2931 3120 3162 3173 Σκυθῶν
3178 3114 3306 3174 τῶν”
3317 3119 3579 3188 Νομάδων
3603 3119 3706 3189 ἢθη
3735 3136 3796 3171 τε
3828 3119 3927 3172 καὶ

674 3195 864 3240 rentes
928 3185 1160 3258 Scythas
1199 3188 1471 3245 Nomades
1508 3193 1672 3263 (quos
1703 3205 1956 3264 pastores
1985 3200 2102 3255 sive
2161 3217 2250 3255 ar-

2355 3185 3034 3283 δίαιταν-τετραμμένην,
3096 3214 3307 3282 οἰδαμῆ
3366 3185 3463 3281 si};
3528 3185 3714 3274 Ἀσίας
3764 3212 3927 3282 ἔσχον

679 3279 977 3333 mentarios
1007 3295 1114 3334 non
1140 3281 1380 3338 absurde
1408 3285 1584 3355 dicas)
1636 3291 1827 3344 nullibi
1863 3292 1917 3345 in
1950 3293 2076 3346 Asia
2132 3309 2252 3349 cer-

2355 3307 2642 3374 καταφανῆ
2675 3308 2774 3375 τὴν
2807 3305 3114 3374 διατριδήν.
3150 3305 3170 3335 ⁸
3199 3305 3441 3375 Κάκείνη
3475 3305 3530 3357 δὲ
3569 3303 3649 3356 ἔτι
3681 3302 3928 3371 συμϐάλ-

676 3380 758 3424 tas
781 3378 835 3424 et
865 3370 1002 3426 liras
1046 3369 1313 3428 habentes
1351 3377 1525 3432 sedes.
1569 3378 1648 3433 Illi
1683 3389 1736 3433 et
1766 3383 1870 3437 alia
1926 3385 2247 3453 conjectura

2356 3369 2541 3450 λονται
2577 3369 2653 3458 ὡς
2697 3369 2884 3458 ’Ᾰσίας
2915 3369 3014 3465 τὴν
3042 3369 3192 3449 κάτω
3221 3395 3407 3467 χώραν
3435 3395 3744 3448 ἐνοικοῦντα
3790 3394 3926 3465 βάρι

675 3463 976 3525 ducuntur,
1010 3479 1115 3533 qua
1147 3466 1478 3524 confirmare
1532 3471 1801 3536 nituntur,
1852 3474 2069 3532 Turcos
2117 3477 2252 3549 Scy-

677 3555 896 3609 tharum
930 3570 1052 3610 esse
1077 3559 1417 3627 progeniem,
1455 3563 1598 3632 quod
1657 3563 1936 3621 inferioris
1979 3568 2120 3623 Asia:
2171 3585 2252 3624 re-

2355 3555 2452 3632 xai
2484 3555 2907 3642 Καππαδοκίαν,
2953 3580 3190 3641 Σκύθαις
3220 3580 3320 3649 τὴν
3365 3555 3473 3634 ἀπὸ
3514 3555 3779 3642 Τανάῐδος
3829 3572 3959 3631 sub

679 3647 895 3713 nionem
953 3658 1140 3719 gentes
1202 3649 1253 3720 5
1315 3649 1626 3709 Turcorum
1686 3657 1932 3713 barbara:
1985 3663 2248 3721 incolant.

2356 3673 2677 3741 Σαρματίαν
2705 3675 2890 3742 χώραν
2921 3674 3076 3724 ἔπινε
3088 3647 3358 3741 μορένους
3381 3671 3704 3741 ὁμόγλωττα
3726 3671 3786 3723 τί
3810 3674 3932 3722 ἐστι

680 3740 928 3812 Lydiam,
983 3741 1224 3807 Cariam,
1270 3742 1557 3816 Phrygiam
1590 3757 1644 3801 et
1673 3748 2098 3819 Cappadociam,
2157 3754 2252 3824 qui

2355 3740 2449 3818 uel.
2487 3740 2805 3834 ὀμόσκευαξι
2831 3763 3002 3816 Ἔνιοι
3045 3764 3100 3815 δὲ
3147 3740 3378 3833 Πάρθων
3410 3740 3711 3828 ἆπογόνους
3751 3763 3931 3828 Τούρ-

679 3837 860 3904 lingua
891 3844 947 3889 et
972 3836 1182 3908 reliquo
1208 3840 1546 3908 quotidiana:
1576 3841 1700 3895 vita:
1722 3860 1825 3898 usu
1879 3846 2018 3901 nihil
2051 3848 2251 3903 discri-

2357 3873 2489 3920 κους
2518 3854 2687 3923 φασὶν
2737 3849 2904 3906 εἶναι.
2961 3853 3198 3916 Τούτους
3249 3854 3359 3923 γὰρ
3408 3852 3512 3905 ὑπὸ
3558 3851 3781 3903 Σκυθῶν
3819 3851 3933 3904 τῶν

677 3929 842 3983 minis
867 3929 1066 3986 habere
1089 3940 1499 4002 cognoscuntur
1531 3949 1558 3986 a
1607 3932 1834 4006 Scythis
1863 3940 2155 4006 agentibus
2196 3942 2250 3996 in

2355 3950 2625 4018 Νομάδων
2657 3947 3050 4017 διωκομένους,
3086 3947 3143 4007 ἐς
3176 3945 3277 4015 τὴν
3316 3947 3468 3999 κάτω
3513 3945 3700 3998 Ἀσίαν
3734 3944 3934 3997 ἐπικα-

2357 3489 2502 3559 6αρα
2545 3489 2668 3560 ἔθνη
2706 3488 2985 3559 Τούρκων,
3037 3488 3256 3546 Λυδίαν.
3310 3488 3544 3556 Καρίαν,
3579 3488 3821 3558 Φρυγίαν
3861 3504 3926 3540 τε

675 4040 738 4078 ea
772 4026 1021 4094 regione,
1050 4041 1174 4096 qua:
1203 4029 1348 4084 inter
1405 4030 1631 4085 Tanaim
1674 4039 1729 4086 et
1776 4031 2104 4089 Sarmatiam
2161 4052 2255 4091 ex-

675 4119 865 4171 currit.
902 4115 1040 4172 Suut
1071 4120 1163 4190 qui
1193 4121 1538 4188 existimant,
1609 4124 1819 4180 Turcos
1858 4143 1888 4180 e
1918 4127 2251 4192 Parthorum

678 4213 938 4281 progenie
964 4213 1320 4269 descendere.
1382 4215 1493 4271 Hos
1524 4217 1697 4284 enim,
1751 4233 1875 4274 cum
1909 4224 2250 4288 persecutio-

678 4317 801 4354 nem
837 4302 1088 4358 hostilem
1124 4320 1152 4357 a
1215 4304 1440 4376 Scythis
1474 4309 1649 4378 vagis,
1682 4311 1773 4378 qui
1833 4310 2108 4367 Nomades
2162 4313 2250 4366 di-

676 4403 878 4447 cuntur
907 4410 934 4447 a
971 4398 1348 4464 permutandis
1385 4400 1622 4470 pabulis,
1648 4409 1991 4470 paterentur,
2043 4405 2096 4458 in
2157 4405 2248 4458 in-

2354 4042 2606 4111 ταόῆναι,
2663 4040 2759 4092 καὶ
2803 4042 2860 4101 ἐς
2904 4042 2966 4091 τὸ
3009 4037 3473 4108 Νομαδικὼτερον
3523 4036 3932 4101 ἀποκλίναντας

2357 4133 2724 4201 σκεδασθῆναι
2755 4131 2924 4201 ταύτῃ
2957 4130 3061 4182 ἀνὰ
3084 4131 3184 4192 τὰς
3211 4130 3395 4190 πόλεις
3416 4144 3431 4159 ’
3475 4129 3568 4179 xui.
3592 4127 3702 4180 ἀπὸ
3733 4127 3930 4180 τούτου

2353 4225 2428 4286 ὼς
2462 4224 2527 4293 δὴ
2560 4221 2817 4292 Νομάδας
2840 4219 3120 4288 Τούρκους
3147 4218 3208 4269 τὸ
3235 4217 3390 4285 γένος
3421 4217 3582 4269 τοῦτο
3615 4216 3933 4270 καλεῖσθαι.

2358 4316 2548 4370 ’Λλλοι
2580 4315 2638 4367 δὲ
2683 4315 2850 4382 φασὶν
2885 4311 2993 4364 άπὸ
3025 4309 3277 4380 Τούρκης
3306 4309 3416 4362 τῶν
3447 4308 3673 4378 Περσῶν
3717 4309 3936 4370 πόλεως

2357 4407 2602 4478 μεγάλης
2635 4423 2695 4457 τε
2732 4405 2830 4458 καὶ
2861 4402 3178 4472 εὐδαίμονος
3223 4400 3512 4470 προελθεῖν
3551 4417 3616 4452 τε
3656 4402 3720 4452 τὸ
3769 4402 3936 4467 γένος

679 4486 896 4540 ferioris
937 4487 1082 4542 Αείαι
1101 4490 1378 4555 regionem
1412 4493 1770 4548 contendisse
1796 4506 2034 4551 constat.
2082 4497 2249 4553 Cum-

2355 4498 2804 4572 διισχυρῐζονται,
2840 4497 2936 4550 καὶ
2961 4497 3042 4557 είς
3072 4496 3174 4564 τὴν
3209 4493 3359 4546 κάτω
3385 4492 3577 4596 χώραν.
3602 4494 3704 4596 τῆς
3739 4493 3936 4596 Ἀσίας

676 4592 783 4646 que
805 4588 856 4632 et
883 4579 979 4647 ipsi
1013 4581 1129 4650 vagi
1166 4580 1392 4639 incertis
1424 4585 1649 4642 sedibus
1683 4591 1916 4660 mapalia
1955 4607 2056 4647 sua
2095 4594 2250 4664 plau-

679 4668 813 4723 stris
835 4670 1307 4740 clrcumferentes,
1339 4691 1404 4731 co
1455 4678 1560 4733 loci
1602 4692 1979 4749 versarentur,
2030 4700 2128 4756 per
2155 4701 2250 4740 eas

679 4762 843 4818 urbes
878 4778 1000 4819 esse
1021 4765 1411 4824 disseminatos
1441 4771 1688 4835 tandem,
1750 4787 2000 4845 apparet.
2035 4776 2249 4832 Exinde

678 4855 826 4910 istud
866 4855 1145 4912 hominum
1178 4873 1351 4930 genus
1379 4863 1612 4933 contigit
1658 4864 1891 4933 Turcos,
1929 4867 2086 4937 quasi
2137 4867 2248 4921 No-

679 4951 888 5017 mades,
945 4953 1206 5011 vocitarl.
1270 4955 1376 5010 Alii
1407 4971 1474 5012 es
1511 4956 1714 5022 Turca,
1775 4959 2071 5016 Persarum
2115 4962 2250 5016 urbe

678 5057 873 5113 magna
938 5055 993 5100 et
1034 5046 1335 5116 opulenta,
1405 5049 1510 5105 hoc
1568 5050 1850 5106 hominum
1892 5069 2068 5122 genus
2124 5068 2249 5122 pro-

679 5150 927 5204 gressum
961 5153 1112 5202 esse,
1157 5139 1416 5195 tradunt:
1471 5149 1525 5197 et
1571 5143 1702 5198 hinc
1753 5143 2051 5214 profectos,
2105 5145 2251 5201 Asius

681 5225 960 5284 inferioris
992 5232 1268 5300 regionem
1291 5233 1506 5288 tandem
1559 5235 1614 5289 in
1645 5249 1803 5289 suam
1835 5236 2099 5290 ditionem
2167 5254 2252 5292 re-

681 5321 898 5391 degisse
955 5331 1125 5380 totam
1157 5325 1466 5396 perhibent.
1505 5326 1645 5383 Sunt
1680 5329 1884 5400 quibus
1921 5330 2095 5399 magis
2132 5331 2250 5397 pla-

682 5426 792 5480 cet,
830 5417 1039 5485 Turcos
1071 5435 1134 5474 ex
1171 5420 1465 5493 leesyrla
1502 5431 1560 5478 et
1600 5421 1824 5489 Arabia,
1873 5423 1956 5477 vel
1985 5439 2049 5478 ex
2110 5422 2245 5492 Scy-

681 5507 818 5574 thia,
846 5508 898 5562 in
953 5513 1107 5566 istam
1139 5515 1434 5581 regionem,
1474 5515 1738 5569 habentes
1789 5531 1975 5570 secum
2026 5515 2248 5584 legisla-

684 5609 856 5656 torem
888 5599 1174 5659 Hetnarcm
1213 5605 1328 5662 sive
1354 5609 1628 5670 Omarcm,
1665 5607 1873 5662 delatos
1899 5622 2042 5672 esse,
2070 5607 2248 5662 Asiae-

2355 4588 2872 4658 ἁπαλλαττομὲνους
2896 4584 3261 4652 σκεδασθῆναι
3282 4582 3458 4652 ταύτῃ
3486 4581 3591 4633 ἀνὰ
3612 4581 3714 4651 τὴν
3739 4580 3938 4634 Ἀσίαν

2359 4682 2834 4751 ὲπικατασχόντας
2881 4680 2982 4747 τήν
3027 4676 3232 4746 χώραν.
3278 4675 3403 4728 Ἐἰσὶ
3447 4672 3504 4725 δὲ
3545 4673 3598 4725 οἳ
3641 4672 3938 4740 βούλονται

2354 4777 2636 4846 Τούρκους
2673 4771 2784 4826 ἀπὸ
2813 4771 3017 4842 Συρίας
3048 4767 3253 4838 μᾶλλον
3272 4767 3372 4835 τῆς
3404 4765 3609 4834 Κοίλης
3635 4763 3732 4817 καὶ
3762 4763 3940 4834 Ἀρα-

2355 4870 2481 4933 δίας
2539 4868 2572 4939 ἢ
2608 4868 2717 4922 ἀπὸ
2743 4865 2991 4928 Σκυθῶν,
3027 4864 3119 4917 ἐπὶ
3162 4861 3322 4931 τήνδε
3350 4859 3452 4931 τὴν
3494 4859 3682 4930 χώραν
3730 4860 3940 4928 ἀφικο-

2358 4965 2554 5034 μένους
2584 4960 2726 5031 μετά
2765 4959 3022 5028 Ὀμάρεω
3050 4955 3149 5009 τοῦ
3176 4958 3277 5025 τήν
3303 4953 3632 5023 νομοθεσίαν
3679 4952 3941 5018 διαδεξα-

2359 5054 2548 5125 μένου,
2576 5053 2669 5106 ἐπὶ
2716 5051 2820 5122 τὴν
2865 5050 2964 5119 τῆς
3005 5046 3191 5108 Ἀσίας
3241 5044 3419 5124 ἀρχὴν
3455 5043 3898 5114 προεληλυθέναι
3923 5063 3940 5077 ·

2355 5146 2454 5201 καὶ
2485 5145 2662 5215 ταύτῃ
2699 5142 2868 5198 αὑτοῦ
2893 5137 3383 5206 καταλειφθέντας,
3413 5137 3471 5193 ἐς
3505 5137 3564 5188 τὸ
3595 5137 3941 5205 Νομαδιχὼ-

2353 5253 2514 5307 τερον
2542 5234 2858 5287 ἀποκλῖναι.
2906 5232 2994 5293 Ὠς
3037 5230 3138 5302 μὲν
3187 5225 3282 5283 οὖν
3313 5227 3518 5281 τούτων
3566 5228 3779 5280 ἕκαστα
3823 5231 3944 5299 ἔχει

2355 5327 2640 5397 ἀληθείας,
2666 5326 2760 5378 καὶ
2793 5324 2878 5393 ἐφ’
2904 5324 2942 5378 ἃ.
2972 5324 3068 5394 δέῃ
3096 5323 3299 5376 τούτων
3325 5321 3640 5391 χωροῦντας
3659 5321 3943 5376 πυθέσθαι

2356 5421 2608 5492 ἄμεινον,
2657 5420 2762 5472 οὐκ
2809 5418 2916 5487 ἔχω
2965 5414 3332 5486 ξυμϐαλέσθαι
3382 5415 3458 5475 ὡς
3493 5413 3897 5483 ἀσφαλέστατα
3924 5434 3943 5450 ο

2354 5513 2572 5566 τοσόνδε
2609 5512 2794 5582 μέντοι
2848 5510 3157 5580 εἰρήσεται,
3186 5508 3259 5566 ὡς
3289 5510 3400 5568 τοῖς
3447 5506 3556 5558 ἀπὸ
3589 5507 3818 5560 Σκυθῶν
3845 5526 3947 5578 γε·

2357 5606 2544 5660 νέσθαι
2588 5606 2688 5676 τὴν
2719 5603 2893 5675 ἀρχὴν
2941 5602 3151 5665 τούτοις
3193 5599 3685 5671 διισχυριζομένοις
3719 5600 3837 5671 ἔχοι
3872 5604 3949 5657 ἄν

1945 5751 2195 5812 Notulte
2244 5751 2650 5828 marginales.

759 5873 778 5902 "
802 5877 1034 5930 κάκεῖνοι
1068 5878 1121 5929 δὲ
1146 5877 1224 5929 ἔτι
1260 5877 1682 5948 συμϐάλλοντες.
1721 5879 1785 5931 li.
1826 5885 1880 5930 ul
1913 5879 1962 5930 in
1993 5887 2139 5931 cont.
