4202 6430
260 385 323 449 21

1370 402 1470 461 DE
1513 404 1767 465 REBUS
1800 404 2161 470 TURClClS
2193 409 2339 472 LIB.
2385 412 2437 473 Ι.

3442 413 3512 476 ‘22

259 524 346 571 τις
380 507 760 581 συμφέρεσθαι
804 514 1047 585 ἄμεινον,
1098 516 1189 569 διὰ
1239 518 1302 570 τὸ
1349 521 1564 584 Σκύθας
1614 524 1739 586 τοὺς
1779 527 1835 577 ὲν

1945 544 2044 595 que
2068 530 2358 599 imperium
2395 529 2613 584 tandem
2662 528 2994 596 obtinuisse,
3030 530 3281 587 viventes
3332 532 3510 588 instar

258 606 324 669 τῇ
362 604 600 675 Εὐρώπῃ
662 609 799 677 πρὸς
846 609 922 661 ἔω
973 610 1054 663 ἔτι
1108 611 1205 664 καὶ
1258 612 1377 666 νῦν·
1413 615 1831 685 διαγενομένους

262 699 407 751 κατὰ
464 700 560 769 τὴν
610 690 830 768 ἀγορὰν
872 705 1214 774 καλουμένην
1268 708 1375 759 τῶν
1429 710 1486 760 ὲν
1541 713 1605 778 τῇ
1674 711 1830 781 Ἀσίᾳ.

261 791 524 860 Τούρκων
560 794 774 847 ἐπαΐειν
807 797 867 848 οὐ
912 797 1181 867 χαλεπῶς
1213 799 1403 872 διαίτη
1444 818 1500 854 τε
1538 802 1631 855 καὶ
1662 806 1831 876 σκευῇ

258 879 339 933 ἔτι
377 882 470 934 καὶ
504 883 596 934 νῦν
625 888 691 954 τῇ
731 886 869 955 αὐτῇ
903 887 1070 955 ἄμφω
1096 888 1173 942 τὼ
1211 890 1363 955 γένεε
1399 892 1829 962 διαχρωμένους,

260 975 352 1025 διὰ
397 977 459 1027 τὸ
498 975 715 1041 Σκύθας
760 982 1132 1051 ἐπικρατῆσαι
1164 985 1451 1056 ἅπανταχῆ
1487 987 1587 1055 τῆς
1621 988 1831 1049 Ἀσίας.

260 1068 426 1132 Δηλοῖ
453 1070 507 1122 δὲ
536 1070 902 1143 καὶτοῦνομα
948 1077 1104 1140 αὐτὸ,
1144 1078 1243 1148 τὴν
1276 1078 1591 1148 Νομαδικὴν
1623 1083 1835 1135 δίαιταν

260 1166 667 1232 προῃρημένον,
698 1169 792 1219 καὶ
839 1168 932 1221 τδν
978 1171 1154 1242 ταύτῃ
1200 1173 1292 1225 τοῦ
1341 1172 1455 1242 βίου
1492 1174 1654 1227 πλέον
1686 1172 1836 1243 αὑτῷ

260 1259 607 1322 ποιούμενον.
633 1260 705 1311 Τὸ
732 1260 795 1329 δὴ
827 1265 985 1327 γένος
1027 1265 1186 1316 τοῦτο
1224 1266 1349 1328 τοὺς
1377 1266 1653 1337 Τοὺρκους
1694 1267 1836 1335 μέγα

257 1365 319 1401 τε
364 1348 423 1402 δν
472 1354 562 1403 καὶ
597 1355 690 1405 ἐπὶ
737 1355 873 1409 πολὺ
935 1356 1143 1425 διῆκον,
1204 1360 1263 1422 eg
1304 1361 1500 1428 μοίρας
1536 1361 1837 1427 ἐπίσταμαι

256 1443 643 1513 διακεκρίσθαι
670 1448 847 1508 τινὰς.
879 1448 1047 1511 ἄλλας
1073 1468 1132 1502 τε
1162 1451 1226 1518 δὴ
1255 1454 1347 1504 καὶ
1396 1451 1696 1515 Ὀγουζίων
1738 1455 1836 1519 τὴν

262 1537 482 1605 μοῖραν,
508 1537 666 1604 γένος
693 1538 755 1591 οὐ
781 1538 990 1606 φαῦλον
1022 1541 1140 1594 οὐδὲ
1184 1544 1428 1610 ἀγεννές.
1471 1544 1602 1597 Ἀπὸ
1632 1546 1838 1599 τούτων

256 1627 316 1679 δὲ
364 1629 474 1698 τῷν
539 1630 835 1697 Ὀγουζίων
897 1636 1160 1702 γένεοθαι
1226 1637 1611 1702 Ίουδούζαλπα
1670 1639 1837 1708 ἄνδρα

258 1721 479 1789 ἐπιεικῆ
511 1741 589 1785 τε,
628 1727 721 1777 καὶ
756 1728 853 1792 τῆς
885 1728 995 1781 τῶν
1040 1731 1339 1797 Ὀγουξῖων
1373 1733 1571 1802 μοίρας
1620 1734 1837 1804 ἡγησά-

261 1832 446 1881 μενον.
479 1815 680 1870 Τοῦτον
704 1819 760 1871 δὲ
796 1820 883 1873 ἐπ’
920 1824 1090 1893 ἀρετῇ
1127 1825 1550 1894 εὐφημούμενον
1588 1830 1838 1898 ἀπομνη-

260 1912 576 1978 μονεύουσι,
613 1912 960 1969 δικαιότατὸν
993 1936 1050 1970 τε
1088 1921 1204 1987 ἃμα
1239 1924 1544 1989 γεγονέναι,
1588 1927 1684 1979 καὶ
1726 1928 1839 1987 τοῖς

270 2004 576 2071 Ὀγουξίοις
596 2006 878 2077 διαιτητὴν
904 2014 1276 2077 καταστάντα,
1309 2015 1587 2084 ἑλομένοις
1616 2016 1839 2069 δικάσαι

262 2099 451 2167 σφίσιν
505 2099 688 2164 αὐτοῖς
736 2102 894 2172 δίκην
940 2105 1215 2175 ἡντινοῦν,
1258 2109 1420 2162 ὁπότε
1470 2110 1841 2165 ὲπιδικάσοιτο

258 2192 374 2252 τοῖς
432 2192 751 2261 προσιοῦσιν
803 2194 955 2264 αὐτῷ
1010 2196 1453 2251 ἀπαλλάττεσθαι
1498 2200 1839 2267 ἀγαπῶντας

258 2282 585 2353 ἑκατέρους,
630 2282 711 2349 οἷς
763 2287 831 2341 ἂν
891 2290 1297 2345 ὲπιδικὰσαιτο.
1349 2293 1461 2347 Καὶ
1490 2292 1653 2347 τοῦτὸ
1676 2311 1840 2362 φασιν

260 2376 536 2440 ἐνιδόντας
602 2378 753 2450 αὐτῷ
808 2382 936 2444 τοὺς
992 2383 1310 2451 Ὀγουζίους
1360 2386 1839 2457 διαπραξαμένους

260 2470 401 2536 πρὸς
442 2470 535 2522 τὸν
568 2470 667 2539 τῆς
705 2473 886 2543 χώρας
924 2476 1302 2545 βασιλεύοντα,
1339 2481 1633 2548 ἐπιστῆσαι
1659 2481 1841 2550 σφίσιν

260 2562 453 2625 αὐτοῖς
486 2564 578 2616 τὸν
615 2566 1041 2635 Ἰουδουσάλπην
1072 2569 1353 2637 δικαστήν.
1392 2572 1545 2625 Μετὰ
1575 2572 1631 2625 δὲ
1669 2578 1840 2625 ταῦτα

261 2654 566 2724 ἐπιτρέψαι
594 2658 737 2725 σφᾶς
766 2657 919 2725 αὐτῷ
948 2658 1240 2724 διαθεῖναι,
1356 2663 1421 2715 ἂν
1465 2664 1613 2729 αὐτῷ
1657 2665 1839 2736 δοκοίη

260 2750 356 2801 ἐπὶ
406 2751 469 2801 τὸ
512 2751 759 2817 ἄμεινον.
790 2753 949 2806 Μετὰ
981 2753 1040 2806 δὲ
1083 2753 1259 2808 ταῦτα
1304 2758 1395 2808 τὸν
1448 2756 1639 2809 τούτου
1674 2759 1841 2812 παῖδα

273 2842 655 2910 ὀγουζὰλπην
688 2842 1079 2915 διαδεξάμενον
1104 2846 1202 2918 τὴν
1234 2850 1408 2918 ἀρχὴν
1434 2850 1842 2920 τῆςῸγουζίων

263 2935 489 3005 μοίρας,
521 2936 611 2989 ἐπὶ
640 2937 702 2989 τδ
745 2938 1219 3010 τυραννικώτερον
1252 2941 1632 3011 ἐξηγήσασθαι
1655 2986 1669 3007 ,
1707 2948 1840 3015 πρός

259 3045 317 3080 τε
352 3030 481 3090 τοὺς
512 3030 781 3099 Ἕλληνας
812 3033 1153 3102 πολεμοῦντα
1184 3036 1327 3088 κατὰ
1349 3037 1447 3106 τὴν
1484 3038 1670 3091 Ἀσίαν
1698 3039 1840 3108 μέγα

260 3121 652 3191 εὐδοκιμῆσαι.
699 3123 1100 3194 Ὀρθογρούλην
1149 3127 1205 3179 δὲ
1263 3127 1644 3194 Ὀγουζάλπεω
1675 3130 1841 3183 παῖδα

1870 1894 1913 1950 Β

1938 619 2261 676 Nomadum.
2325 624 2406 678 An
2465 632 2643 678 autem
2724 633 3164 678 commemoratae
3229 627 3512 680 sententiae

1937 714 2169 785 singulae
2223 715 2505 770 veritatem
2543 717 2998 788 complectantur,
3037 725 3131 770 aut
3184 717 3271 771 cui
3321 733 3507 772 earum

1938 805 2061 873 quis
2090 806 2351 861 accedere
2378 814 2498 861 tuto
2527 809 2690 869 ausit.
2723 823 2938 877 nequeo
2970 824 3135 879 quam
3158 809 3435 865 tutissime
3458 819 3512 865 ct

1936 900 2223 955 verissime
2255 902 2635 971 pronuntiare.
2672 901 2799 956 Mihi
2835 912 3016 958 tamen
3061 902 3405 971 probabilius
3434 903 3514 956 vi-

1938 994 2117 1056 detur,
2147 1009 2432 1049 assensum
2465 1004 2724 1064 ρτεςιειτθ
2749 995 2859 1051 illis
2912 996 3005 1065 qui
3048 995 3350 1051 Turcorum
3405 997 3514 1049 orl-

1937 1086 2114 1153 ginem
2150 1088 2199 1139 in
2236 1085 2462 1158 Scythas
2494 1088 2773 1152 referunt,
2824 1104 2948 1143 cum
3012 1088 3360 1143 manifestum
3418 1088 3509 1150 sit,

1938 1177 2150 1249 Scythis
2167 1180 2255 1249 qui
2293 1181 2470 1235 adhuc
2496 1180 2658 1237 hodie
2681 1180 2733 1236 in
2769 1177 2985 1251 Europa
3010 1181 3291 1237 Orientem
3315 1196 3513 1235 versus

1937 1284 2148 1327 aetatem
2192 1284 2379 1347 agunt,
2422 1278 2627 1345 optime
2674 1276 2970 1331 convenire
3021 1291 3145 1330 cum
3209 1272 3405 1329 Turcis
3458 1273 3511 1326 in

1940 1368 2083 1435 foro,
2122 1372 2403 1439 emporiis,
2440 1379 2494 1427 et
2525 1374 2893 1429 commerciis.
2933 1369 3125 1426 Victus
3162 1380 3216 1425 ct
3266 1371 3512 1438 reliquus

1939 1462 2061 1515 vita!
2100 1478 2232 1517 usus
2263 1464 2565 1518 etiamnum
2611 1467 2859 1534 utrisque
2895 1482 2993 1535 par
3050 1474 3131 1518 est
3156 1504 3170 1530 ,
3210 1465 3337 1534 quia
3376 1464 3512 1533 Scy-

1940 1557 2046 1609 thre
2072 1557 2340 1612 universae
2379 1558 2830 1626 imperitaverunt
2852 1561 3015 1614 Asiae.
3043 1559 3192 1614 Idem
3224 1561 3388 1613 etiam
3431 1557 3516 1611 in-

1940 1649 2120 1702 sinuat
2148 1665 2341 1703 nomen
2378 1648 2712 1715 Turcorum;
2746 1651 3018 1721 signiﬁcat
3047 1652 3193 1703 enim
3231 1650 3510 1705 hominem

1939 1752 2034 1810 qut
2076 1745 2436 1813 agrestiorem
2489 1744 2665 1799 victus
2699 1745 2967 1800 rationem
3034 1744 3284 1813 sequitur
3344 1743 3518 1798 instar

1941 1834 2269 1901 Nomadum,
2306 1847 2361 1891 et
2390 1838 2684 1891 maximam
2732 1839 2860 1893 vitae
2914 1849 3121 1909 partem
3179 1840 3232 1893 in
3279 1852 3343 1891 en
3393 1852 3520 1890 con-

1946 1928 2134 1982 sumit.
2166 1926 2351 1983 Genus
2380 1928 2483 1982 hoc
2511 1925 2819 1982 Turcorum
2862 1945 2985 1984 cum
3030 1938 3183 1984 esset
3240 1942 3517 1995 magnum.

1943 2024 1997 2071 et
2058 2019 2112 2072 in
2155 2018 2486 2073 immensum
2546 2027 2791 2084 auctum,
2844 2034 3188 2091 compertum
3252 2020 3425 2074 habeo
3463 2019 3517 2071 in

1944 2123 2126 2181 partes
2151 2113 2268 2166 sive
2311 2112 2499 2167 tribus
2548 2111 2816 2178 quasdam
2871 2128 2994 2169 esse
3058 2114 3335 2170 divisum:
3378 2112 3521 2167 inter

1944 2223 2083 2282 quas
2110 2209 2282 2266 fuisse
2319 2211 2524 2265 tribum
2578 2212 2938 2285 Oguziorum.
2972 2208 3049 2281 (5)
3111 2212 3393 2267 hominum
3431 2226 3524 2280 ge-

1942 2320 2047 2357 nus
2090 2319 2191 2358 nec
2251 2303 2477 2369 malum,
2538 2321 2640 2360 nec
2681 2306 2916 2360 imbelle.
2985 2304 3060 2359 Ex
3112 2305 3198 2360 his
3231 2312 3391 2357 natus
3443 2312 3527 2356 est

1944 2395 2236 2464 Duzalpes,
2284 2395 2363 2465 (6)
2416 2396 2502 2449 vir
2562 2398 2704 2467 aequi
2761 2397 3004 2466 iustique
3061 2395 3523 2457 studiosissimus,

1944 2488 2280 2558 Oguziornm
2340 2486 2476 2542 dux.
2528 2486 2688 2545 Hunc
2749 2490 2966 2557 accipio
3023 2489 3093 2544 ob
3143 2488 3525 2543 fortitudinem

1944 2602 2097 2640 suam
2141 2584 2435 2653 plurimum
2497 2601 2621 2641 esse
2654 2586 2960 2651 laudatum,
3009 2595 3288 2655 tantmque
3356 2586 3526 2639 fuisse

1941 2678 2168 2747 justitiae
2197 2678 2440 2749 (Oguziis
2472 2693 2711 2746 namque
2742 2680 2835 2749 jus
2867 2678 3105 2751 dicebat)
3143 2690 3201 2733 ut
3248 2680 3523 2749 litigantes

1945 2773 2123 2841 ipsum
2182 2771 2445 2839 eligerent
2491 2771 2754 2825 arbitrum
2811 2772 2864 2827 in
2917 2788 2976 2827 re
3042 2774 3283 2842 qualibet
3340 2790 3525 2830 :sen.

1943 2863 2284 2932 tentiamque
2355 2877 2520 2931 quam
2600 2862 2813 2917 ferebat
2891 2875 3125 2934 utraque
3209 2881 3336 2934 pars
3403 2866 3521 2919 larta

1948 2953 2279 3025 accipiebat.
2329 2952 2483 3010 Hanc
2537 2955 2639 3011 viri
2700 2956 3011 3024 aequitatem
3054 2955 3525 3017 deprehendentes

1945 3047 2164 3117 Oguzii,
2190 3048 2579 3119 impetrarunt,
2644 3049 2903 3117 precibus
2936 3049 3231 3117 fatigantes
3286 3050 3527 3112 regionis

1947 3140 2106 3194 istius
2141 3155 2321 3215 regem
2363 3140 2478 3211 (qui
2510 3149 2618 3195 tum
2647 3148 2764 3195 erat
2812 3141 3071 3195 Aladines
3130 3142 3371 3203 nomine)
3405 3179 3420 3197 .
3466 3149 3525 3193 ut

258 3215 598 3286 δραστήριόν
624 3234 681 3284 τε
713 3220 770 3281 ἐς
800 3218 867 3270 τὰ
898 3219 1073 3272 πάντα
1096 3221 1412 3288 γενόμενον,
1447 3223 1542 3276 καὶ
1570 3223 1662 3275 ἐπὶ
1684 3223 1843 3277 πολέ-

1949 3248 2072 3285 eum
2098 3233 2415 3301 acciperent
2445 3233 2554 3289 sibi
2596 3233 2863 3302 judicem.
2897 3233 3052 3298 Quod
3115 3236 3206 3289 ubi
3271 3235 3521 3305 contigit,

263 3326 406 3378 μους
436 3311 810 3380 ἡγησάμενον,
866 3312 1003 3382 ἄλλη
1048 3330 1106 3364 τε
1150 3314 1396 3383 πολλαχῆ
1456 3315 1837 3384 εὐδοκιμῆσαι,

260 3407 360 3455 καὶ
385 3404 449 3473 δὴ
482 3408 577 3456 καὶ
610 3406 769 3456 πλοῖα
795 3405 1297 3473 ναυπηγησάμενον
1330 3406 1715 3476 ἒπιλῃστεύειν
1750 3408 1842 3476 νή·-

263 3515 418 3559 σους,
448 3498 810 3560 ἐπιπλέοντας
856 3498 912 3551 ὲν
942 3495 1020 3568 τῷ
1059 3498 1291 3567 Αἰγαίῳ,
1332 3501 1399 3569 τῇ
1438 3517 1496 3551 τε
1542 3498 1698 3570 Ἀσίᾳ
1748 3502 1844 3554 καὶ

262 3588 513 3659 Εὐρώπῃ
566 3588 949 3656 ἐπικειμένας,
1001 3588 1094 3641 καὶ
1142 3588 1243 3657 τήν
1284 3605 1345 3640 τε
1393 3587 1665 3658 Εὐρώπην
1710 3605 1845 3657 πορ-

263 3683 486 3743 θοῦντα,
524 3682 589 3735 τά
618 3699 675 3734 τε
708 3682 843 3735 ἄλλα
879 3681 974 3736 καὶ
1000 3682 1056 3744 ές
1090 3679 1362 3750 Ταίναρον
1400 3681 1646 3750 ἐμϐάντα
1678 3698 1845 3735 ποτα-

266 3774 370 3843 μδν
399 3774 493 3825 τὸν
523 3774 664 3826 κατὰ
694 3772 793 3841 τὴν
825 3768 1003 3837 Αἶνον,
1029 3772 1121 3825 ἐπὶ
1161 3771 1295 3825 πολὺ
1319 3770 1414 3824 τοῦ
1454 3771 1704 3838 ποταμοῦ
1747 3772 1845 3823 σὺν

262 3868 388 3927 ταῖς
426 3868 586 3919 ναυσὶ
628 3866 935 3935 προελθεῖν.
978 3865 1210 3934 Λέγεται
1249 3867 1306 3919 δὲ
1357 3867 1524 3920 αὑτὸν
1568 3868 1662 3920 καὶ
1708 3867 1844 3937 ἄλλῃ

263 3976 321 4012 τε
375 3960 618 4029 πολλαχῆ
667 3959 767 4026 τῆς
814 3958 1088 4030 Εὐρώπης
1133 3959 1436 4022 ἀποϐάσεις
1488 3960 1843 4028 ποιήσασθαιο

266 4055 361 4105 καὶ
411 4052 505 4105 ἐπὶ
546 4052 949 4121 Πελοπόννησον
977 4051 1329 4121 ἀφικόμενον,
1366 4053 1459 4106 καὶ
1487 4053 1580 4105 ἐπὶ
1610 4051 1846 4106 Εὔϐοιαν

267 4148 363 4199 καὶ
412 4146 685 4215 Ἀττικὴν,
719 4146 821 4215 τήν
850 4162 906 4198 τε
934 4144 1120 4215 χώραν
1152 4144 1382 4217 δῃῶσαι,
1415 4148 1510 4200 καὶ
1537 4148 1848 4219 ἀνδράποδα

265 4239 342 4303 ὡς
372 4238 605 4291 πλεῖστα
650 4239 1119 4307 ἀπενεγκάμενον,
1147 4240 1361 4309 μεγάλα
1392 4242 1675 4311 κερδᾶναι.
1721 4243 1845 4312 ’ορ⁸

270 4330 577 4399 θογρούλην
590 4330 668 4384 δὲ·
692 4330 879 4386 τοῦτον
910 4333 1048 4402 μετά
1072 4333 1242 4387 ταῦτα
1260 4336 1411 4405 ἐνιτῇ
1458 4335 1615 4407 Ἀσίᾳ
1643 4338 1850 4407 τραπό-

273 4442 439 4493 μενον
468 4423 636 4491 φασιν
670 4426 762 4477 ἐπὶ
800 4424 1082 4497 διαρπαγῇ
1122 4427 1223 4495 τῆς
1272 4427 1608 4498 περιοικίδος
1639 4428 1846 4499 χώρας,

270 4520 545 4595 ἐπεξιέναι
571 4536 629 4573 τε
660 4522 755 4573 καὶ
789 4521 898 4574 ἀπὸ
928 4520 1122 4576 τούτου
1145 4520 1492 4594 ὁρμώμενον,
1525 4525 1845 4596 ξυναγείραί

1950 3327 2273 3393 semetipsos
2318 3324 2662 3379 tradiderunt
2720 3324 2975 3394 Duzalpi.
3012 3337 3067 3379 ut
3096 3326 3151 3396 6
3181 3342 3364 3380 secum
3396 3343 3524 3399 age-

1949 3424 2051 3479 ret,
2091 3416 2392 3469 secuudum
2460 3416 2604 3485 quod
2663 3418 3002 3471 existimaret
3054 3435 3141 3473 res
3190 3419 3523 3485 ()guzinrum

1948 3507 2151 3576 optime
2172 3508 2478 3562 habituras.
2505 3506 2709 3562 Deinde
2741 3524 2866 3563 cum
2904 3509 3046 3562 illius
3080 3510 3242 3579 hujus
3305 3514 3527 3567 nomine

1950 3598 2253 3669 Oguzalpes
2308 3601 2422 3670 (qui
2453 3609 2503 3655 et
2557 3600 2924 3671 Aguzalpes).
2960 3604 3248 3671 imperium
3285 3603 3525 3673 Oguzio-

1951 3706 2070 3743 rum
2098 3691 2273 3745 tribus
2308 3692 2410 3746 sibi
2433 3693 2787 3755 vindicasset,
2830 3694 2897 3748 ad
2928 3694 3266 3765 tyrannidem
3321 3696 3529 3764 aspira-

1951 3787 2071 3839 vit:
2106 3801 2371 3855 armaque
2415 3786 2611 3841 infesta
2635 3787 2847 3844 Graecis
2905 3789 3213 3853 inferendo,
3273 3790 3422 3844 brevi
3470 3789 3525 3843 in

1951 3877 2080 3929 Asia
2116 3876 2197 3929 ad
2233 3878 2528 3931 maximam
2594 3878 2905 3931 claritatem
2951 3880 3207 3934 accessit.
3258 3878 3524 3935 Praaterea

1952 3967 2280 4039 OrthOgules
2312 3971 2391 4038 (7)
2443 3968 2740 4039 Oguzalpis
2778 3969 2944 4033 illius,
2983 3987 3108 4026 cum
3166 3986 3331 4025 manu
3383 3980 3530 4027 esset

1954 4062 2437 4131 promptissimus,
2494 4062 2662 4116 armis
2686 4063 2889 4117 multos
2932 4065 3165 4133 populos
3213 4064 3526 4122 lacessens.

1955 4156 2181 4224 gloriam
2211 4170 2461 4226 magnam
2488 4156 2690 4223 ubique
2730 4155 2960 4226 adeptus
2979 4165 3101 4211 est:
3136 4159 3369 4211 classem
3400 4173 3533 4225 quo-

1954 4264 2060 4315 que
2088 4248 2323 4317 paravit,
2362 4263 2470 4317 qua
2507 4247 2677 4302 fretus
2705 4247 2891 4301 hostili
2922 4248 3109 4303 animo
3150 4249 3431 4319 navigavit
3461 4248 3528 4302 ad

1957 4339 2163 4394 insulas
2185 4337 2239 4392 in
2270 4338 2455 4408 Egeo
2483 4353 2512 4393 e
2544 4338 2767 4406 regione
2798 4338 2941 4394 Asia:
2973 4341 3314 4411 Europaeque
3368 4340 3525 4395 sitas.

1956 4430 2131 4486 Etiam
2166 4432 2437 4502 Europam
2498 4433 2799 4502 populatus
2859 4442 2962 4487 est.
3018 4433 3159 4489 Hine
3213 4434 3444 4489 navibus
3476 4434 3528 4488 in

1956 4524 2157 4578 ﬂumen
2190 4522 2479 4577 Taenarum
2503 4524 2655 4590 juxta
2684 4522 2890 4578 Enum
2926 4524 3116 4579 urbem
3146 4525 3398 4580 deductis
3428 4524 3537 4596 (8),.

271 4628 325 4666 τε
362 4613 707 4682 στράτευμα.
755 4616 851 4670 καὶ
895 4616 1141 4679 ἐπιόντα,
1193 4616 1674 4687 καταστρέφεσθαι
1722 4616 1843 4680 τούς

1957 4615 2024 4670 ad
2061 4615 2282 4669 multam
2321 4616 2560 4669 ﬂuminis
2588 4625 2799 4685 partem
2826 4620 3117 4685 processit.
3154 4616 3359 4671 Ferunt
3385 4617 3527 4671 hunc

272 4725 324 4760 τε
355 4708 603 4777 ὁμόρους
635 4708 1051 4778 Ἕλληναςνιιαν⁵
1078 4711 1203 4773 τοὺς
1230 4710 1407 4782 ταύτῃ
1442 4711 1629 4780 σφίσιν
1667 4712 1849 4767 αὐτῶν

275 4799 613 4868 περιοίκους,
666 4802 761 4850 καὶ
810 4798 871 4852 τὸ
902 4799 1011 4853 ἀπὸ
1038 4798 1193 4853 τοῦδε
1242 4800 1587 4872 λῃῖζζὸμενον⁸
1622 4802 1750 4866 τοὺς
1793 4802 1850 4855 δὲ

275 4891 684 4962 ἐπισπομένους
738 4893 890 4963 αὑτῷ
925 4894 984 4949 ιν
1016 4892 1211 4963 βραχεῖ
1249 4895 1313 4964 δὴ
1371 4894 1589 4958 ὁλσξους
1630 4896 1863 4950 ἀποδειο·

276 4985 492 5051 κνύναι,
514 4985 611 5037 καὶ
633 4984 777 5037 οὕτω
801 4985 866 5056 δὴ
900 4987 1132 5056 συχνοὺς
1156 4986 1267 5037 τῶν
1298 4986 1569 5056 Νομάδων
1594 4988 1851 5056 ἐπιγενοο

278 5081 475 5147 μένους
509 5076 681 5148 αὐτῷ,
721 5079 1146 5149 συμπολεμῆσαι
1169 5097 1228 5132 τε
1258 5080 1405 5149 αὑτῷ
1438 5078 1576 5150 ἅμα,
1609 5082 1704 5135 καὶ
1726 5098 1852 5134 συν-

270 5172 555 5239 διενέγκαι
584 5172 691 5225 τὸν·
726 5172 1085 5243 «amovisti.
1121 5175 1257 5237 eoi);
1283 5175 1552 5245 ὁμόρους,
1588 5175 1683 5227 καὶ
1712 5176 1855 5245 ταχὺ

271 5264 332 5315 δὲ
358 5263 536 5327 οὕτως
561 5263 655 5316 ἐπὶ
686 5264 861 5333 ἀρχὴν
893 5263 1327 5334 παρεληλυθέναι
1364 5266 1425 5316 οὐ
1464 5265 1715 5335 φαύλην*
1763 5264 1854 5318 διὰ

270 5356 343 5424 δὴ
392 5354 572 5409 ταῦτα
611 5355 708 5408 καὶ
753 5356 906 5425 παρὰ
959 5358 1207 5427 Ἀλαδίνῃ
1267 5358 1406 5427 μέγα
1462 5358 1847 5427 εὐδοκιμῆσαι.

277 5446 550 5500 Ἐνιοινδέ
587 5462 779 5516 φασιν,
820 5445 1122 5515 Ὀγουξίων
1150 5449 1252 5518 τὴν
1301 5451 1496 5518 μοῖραν
1546 5451 1855 5521 ἡγουμένου

282 5539 722 5611 Ὃρθογρούλεω,
739 5541 1152 5613 χωριαιὲρυμνὰ
1173 5544 1301 5612 περὶ
1328 5545 1419 5597 τὸν
1446 5543 1663 5615 Ταῦρον
1689 5562 1856 5599 κατα-

1956 4717 2011 4761 et
2050 4708 2105 4763 in
2139 4707 2259 4762 aliis
2275 4707 2415 4761 locis
2446 4708 2712 4785 irrupisse
2740 4707 2795 4763 in
2832 4707 3129 4779 Europam.
3162 4706 3407 4769 Tandem
3444 4708 3527 4762 in-

1957 4816 2175 4872 gressus
2198 4797 2658 4868 Peloponnesum,
2686 4799 2980 4865 Eubceam,
3011 4809 3067 4855 et
3093 4800 3353 4866 Atticam,
3399 4799 3531 4855 fecit

1958 4894 2168 4949 cladem
2220 4894 2537 4957 maximam,
2588 4892 2905 4959 regionibus
2952 4893 3292 4953 devastatis.
3336 4906 3518 4948 rever-

1960 5004 2164 5057 susque
2218 4987 2465 5053 domum,
2526 4987 2730 5057 prada,
2798 4986 3200 5056 mancipiisque
3246 4996 3528 5050 oneratus.

1960 5078 2227 5133 maximas
2250 5075 2381 5131 hinc
2425 5077 2528 5131 sibi
2555 5076 2810 5131 conﬂavit
2853 5092 3009 5147 opes.
3047 5077 3233 5140 Aiunt,
3257 5077 3531 5145 Orthugu-

1963 5170 2070 5227 lem
2098 5171 2323 5225 huncin
2344 5169 2476 5224 Asia
2534 5178 2875 5233 morantem,
2920 5168 3132 5238 praedas
3159 5183 3226 5223 ex
3286 5167 3530 5221 finitimis

1963 5264 2220 5334 gentibus
2243 5265 2459 5333 egisse:
2498 5263 2779 5331 rebusque
2810 5261 3040 5330 pulchre
3070 5258 3529 5321 succedentibus.

1958 5356 2259 5412 exercitum
2285 5354 2708 5425 conscripsisse.
2745 5353 3000 5408 Exercitu
3065 5353 3240 5422 igitur
3275 5354 3410 5405 satis
3438 5367 3530 5403 va-

1959 5449 2066 5506 lido
2101 5450 2344 5504 munitus
2366 5490 2380 5515 ,
2413 5448 2678 5503 ﬁnitimos
2723 5446 2947 5502 Graecos
2994 5445 3209 5500 domuit
3242 5462 3257 5497 :
3291 5443 3534 5512 reliquos

1959 5544 2453 5616 deprzedatusest;
2488 5552 2541 5599 et
2585 5557 2707 5598 cum
2740 5541 2842 5597 alii
2880 5550 3029 5595 metu
3069 5537 3307 5610 perculsi
3365 5537 3535 5606 impe-

1551 5688 1800 5750 Notulm
1833 5687 2235 5766 marginales.

356 5808 431 5876 (5i
455 5811 539 5862 ΑΙ.
572 5813 912 5880 Agutiorum.

367 5884 438 5947 (ti)
466 5885 549 5936 ΑΙ.
577 5882 909 5953 Judilulpcs.

1999 5818 2073 5949 gl
2098 5814 2594 5943 fébgrlhogrulcs,
2623 5813 2712 5885 qui
2733 5812 2874 5883 apud
2893 5808 3109 5865 Jovium
3136 5806 3259 5860 Zicli
3287 5810 3535 5862 vocatur.

2066 5906 2076 5949 l
2131 5903 2149 5917 *
2242 5925 2255 5941 .

2066 5903 2255 5951 ὶικυδ.
