4202 6430
660 364 733 424 23
1773 368 2077 427 LAONICI
2117 367 2786 429 CHALCOCONDYLIE
3821 357 3896 424 24

663 474 804 525 rium
865 473 1397 541 acciperent,brevi
1458 475 1573 530 suis
1626 477 1990 531 maximarum
2052 493 2216 546 opum
2251 491 2295 539 Α

2336 481 2580 543 λαϐόντα,
2619 481 2712 533 ἐπὶ
2750 479 2847 547 τῆς
2877 477 3052 548 ταύτῃ
3081 477 3281 547 ὁμόρου
3311 475 3495 546 χώρας
3535 479 3895 547 καταστροφῇ

660 573 849 618 auctor
890 564 1013 619 fuit.
1069 565 1272 620 Deinde
1326 582 1449 621 cum
1478 566 1724 636 quotidie
1771 566 2044 622 Nomades
2101 570 2221 638 plu-

660 657 783 710 rimi
811 657 879 710 ad
907 659 1086 726 ipsum
1142 657 1503 722 confluerent,
1558 668 1611 713 et
1639 660 1694 712 in
1749 660 1871 713 belli
1906 660 2221 714 societatem

659 738 925 804 adversus
979 751 1242 804 ﬁnitimos
1288 753 1731 816 admitterentur,
1767 754 1986 807 tandem
2025 754 2221 807 mirum

659 841 714 892 in
749 841 964 894 modum
990 843 1201 912 imperii
1248 844 1332 897 sui
1374 846 1637 912 pommria
1661 856 2068 914 promoverunt.
2096 844 2226 899 Pro-

660 941 784 1000 pter
823 951 908 988 res
946 935 1164 989 fo:titer
1191 947 1370 1005 gestas
1401 937 1565 990 etiam
1611 937 1855 991 Aladinae
1881 937 2081 992 Charus
2133 952 2224 989 ac-

661 1036 966 1096 ceptusque
1005 1040 1143 1084 erat.
1195 1029 1448 1096 Suntqui
1501 1030 1803 1083 litterarum
1855 1029 2224 1082 monumentis

663 1117 925 1185 scriptum
983 1121 1271 1189 reliquere,
1316 1121 1643 1190 Ogusiorum
1707 1123 1909 1174 tribum
1964 1120 2225 1188 auspiciis

660 1210 940 1279 ductuque
973 1213 1292 1281 ()rthogulis
1338 1216 1454 1270 loca
1509 1216 1662 1283 juxta
1711 1214 1950 1268 Taurum
2019 1215 2226 1268 munita

2333 572 2578 625 ἐντεῦθεν
2603 571 2918 642 ὡρμῆσθαι,
2939 575 3033 622 καὶ
3054 569 3178 631 τούς
3203 585 3264 636 γε
3301 569 3567 639 Ἑλλήνων
3588 570 3902 639 περιοίκους

2334 665 2511 730 ἄγειν,
2551 665 2645 716 καὶ
2694 663 2790 714 ἐπὶ
2837 662 2981 732 μέγα
3017 664 3268 731 χωρῆσαι
3313 661 3616 728 δυνάμεως.
3667 661 3754 722 Ὠς
3803 660 3903 730 μὲν

2332 750 2426 808 οὖν
2465 752 2640 822 ἀρχὴν
2667 753 2792 822 ἔσχε
2825 750 3038 813 τούτοις
3064 749 3133 803 τὰ
3160 750 3487 820 πράγματα,
3512 749 3604 801 καὶ
3630 751 3707 811 ὡς
3729 748 3903 820 ταύτῃ

2333 847 2365 916 ἦ
2393 845 2526 914 ἄλλῃ
2563 844 2800 912 ἐγένετο,
2844 842 2943 895 οὐκ
2985 842 3053 894 ἂν
3097 839 3238 892 οὕτω
3271 840 3468 909 ῥαδίως
3494 839 3669 891 εἰπεῖν
3699 839 3901 907 ἔχοιμι,

2334 936 2441 990 ὑπὸ
2475 936 2686 988 πολλῶν
2714 935 2898 1004 μέντοι
2927 931 3224 1001 λεγόμενα.
3251 928 3531 983 Ταῦταιδὲ
3562 929 3619 990 ἐς
3645 926 3903 979 τοσοῦτον

2334 1026 2783 1096 ἐπιμνησάμενος
2823 1024 3087 1092 παρίημι.
3130 1021 3218 1084 Ὡς
3268 1021 3326 1073 δὲ
3371 1019 3760 1090 Ὀτουμανίδας
3803 1017 3903 1084 τῆς

2345 1122 2648 1190 Ὀγουζίων
2696 1122 2891 1190 μοίρας
2937 1120 3031 1172 ἐπὶ
3062 1118 3220 1188 τήνδε
3268 1117 3529 1186 ἀφίκοντο
3558 1114 3659 1184 τὴν
3703 1110 3903 1182 ἀρχὴν,

2334 1208 2436 1267 ὧδε
2472 1213 2729 1280 γενέσθαι
2759 1213 3068 1282 ἐπυθόμην.

660 1317 1001 1372 occupasse.
1047 1320 1100 1363 et
1150 1308 1279 1362 hinc
1308 1309 1478 1363 armis
1505 1309 1805 1362 instructos
1831 1315 2243 1377 procurrentes,
2285 1306 2574 1362 ﬁnitimam
2629 1307 2903 1374 regionem
2957 1305 3282 1373 subjugasse
3313 1322 3326 1357 :
3363 1302 3582 1357 Graecos
3647 1300 3765 1370 ejus
3815 1313 3907 1353 re-

659 1397 840 1467 gionis
871 1401 1085 1454 accolas
1134 1401 1426 1466 devicisse,
1501 1417 1714 1470 suoque
1783 1401 2013 1472 imperio
2067 1403 2302 1456 maxima
2344 1400 2610 1470 adjecisse
2646 1400 3005 1454 incrementa.
3046 1399 3182 1465 Qua-
3213 1409 3398 1452 autem
3455 1399 3648 1450 horum
3684 1395 3751 1448 ab
3797 1391 3905 1446 itii-

657 1491 738 1542 tio
798 1491 1259 1559 fueritconditio,
1326 1494 1539 1560 adhaec,
1577 1509 1777 1550 verane
1820 1494 1932 1547 sint
1962 1509 2030 1547 an
2098 1494 2231 1548 falsa
2269 1509 2389 1562 qua:
2427 1493 2494 1546 de
2530 1492 2665 1562 ipsis
2715 1493 2875 1546 modo
2940 1492 3321 1558 exposuimus,
3383 1505 3489 1544 non
3552 1487 3713 1541 facile
3763 1486 3906 1537 affir-

659 1597 811 1636 mare
841 1587 1343 1656 ausituzquamvis
1389 1588 1610 1656 plurimi
1653 1589 1948 1658 scriptores
1995 1604 2058 1643 ea
2111 1590 2630 1655 commemorarint;
2675 1590 2900 1659 proinde
2947 1604 3072 1642 cum
3135 1604 3197 1641 ea
3247 1589 3513 1641 hactenus
3567 1588 3634 1640 ab
3694 1583 3906 1656 origine

660 1677 1164 1744 repetierim,nunc
1197 1681 1432 1749 amplius
1462 1681 1529 1734 de
1562 1680 1649 1734 his
1708 1680 1876 1734 verba
1937 1682 2120 1734 facere
2195 1683 2552 1748 supersedeo.
2617 1681 2891 1748 Quantum
2964 1695 3094 1734 vero
3146 1680 3340 1732 attinet
3397 1679 3464 1730 ad
3523 1678 3904 1742 Otomanidas,

660 1786 722 1824 ex
778 1772 982 1826 familia
1032 1772 1363 1841 Oguziorum
1397 1784 1569 1838 ortos,
1627 1785 1684 1829 ut
1733 1777 1799 1827 ad
1859 1775 2228 1830 clarissimum
2269 1777 2370 1830 hoc
2397 1775 2686 1845 imperium
2716 1775 3010 1838 evaserint,
3049 1787 3194 1826 nunc
3233 1771 3532 1841 explanare
3579 1770 3830 1824 instituo.

734 1866 899 1922 Vicus
930 1876 1013 1922 est
1052 1867 1204 1936 juxta
1231 1867 1480 1937 Mysiam,
1508 1883 1672 1938 quem
1729 1867 1990 1939 Sogutam
2039 1866 2229 1921 incola:
2260 1873 2302 1927 Β

658 1966 882 2019 vocant.
917 1957 1010 2012 ubi
1046 1967 1130 2010 est
1156 1966 1210 2013 et
1235 1957 1436 2011 fluvius
1473 1958 1714 2028 ejusdem
1767 1957 2028 2022 nominis,
2063 1955 2228 2012 Vicus

660 2048 754 2102 ille
784 2052 965 2103 rerum
994 2050 1242 2104 omnium
1313 2049 1605 2103 adfluentia
1656 2049 1842 2119 pollet,
1891 2056 2136 2103 remotus
2199 2064 2230 2102 a

663 2141 798 2197 mari
826 2141 1042 2198 Euxino
1078 2142 1334 2196 ducentis
1358 2141 1758 2212 quinquaginta
1796 2141 2012 2196 stadiis.
2043 2139 2232 2195 Potest

660 2226 803 2284 idem
831 2231 984 2284 locus
1011 2231 1136 2286 lteaa
1163 2231 1322 2286 vicus
1357 2232 1650 2285 nominari.
1689 2232 1748 2286 In
1785 2231 1924 2285 hanc
1951 2231 2225 2300 regionem

659 2338 784 2377 cum
824 2323 1012 2392 Oguzii
1039 2331 1435 2392 penetrassent,
1466 2323 1836 2393 ibialiquanto
1864 2331 2112 2393 tempore
2130 2322 2227 2376 ha-

662 2416 930 2470 bitarunt.
966 2416 1016 2487 7
1044 2414 1375 2472 Ottomanus
1408 2427 1585 2471 autem
1612 2416 1712 2487 t9),
1732 2414 2045 2484 Orthogulis
2066 2415 2228 2478 ﬁlius.

668 2506 828 2562 initio
851 2523 953 2561 non
973 2508 1263 2564 admodum
1288 2508 1547 2565 secundis
1565 2509 1828 2579 agebatur
1844 2509 2072 2563 fortuna:
2095 2506 2232 2562 flati-

658 2597 787 2654 bus.
807 2598 1038 2658 Proinde
1058 2616 1180 2656 eum
1198 2610 1341 2658 esset
1362 2602 1546 2657 animo
1570 2602 1776 2657 liberali
1803 2611 1856 2656 et
1887 2601 2010 2656 forti
2037 2600 2230 2672 przedi-

660 2704 773 2757 tus,
808 2696 1020 2748 animos
1051 2709 1238 2749 eorum
1262 2695 1354 2764 qui
1383 2695 1437 2748 in
1468 2695 1590 2748 vico
1616 2695 1872 2768 agebant,
1904 2694 2098 2763 Opibus
2128 2693 2229 2748 sibi

665 2787 940 2848 conciliat,
975 2786 1238 2856 brevique
1281 2786 1386 2844 sibi
1419 2787 1807 2842 devotissimos
1844 2787 2054 2841 habuit.
2096 2786 2232 2839 Hinc

664 2892 790 2930 cum
832 2877 976 2930 odiis
1018 2861 1298 2933 certarent
1357 2877 1636 2933 continuis
1671 2879 1931 2933 adversus
1974 2876 2229 2942 Graecos,

664 2967 910 3023 omnium
944 2984 1171 3024 assensu
1239 2971 1537 3039 imperator
1571 2971 1879 3026 declaratus
1916 2981 2021 3027 est.
2079 2969 2232 3024 Bello

665 3062 852 3132 itaque
883 3061 1110 3116 adortus
1139 3060 1386 3125 Grecos,
1413 3062 1505 3131 qui
1540 3062 1596 3115 in
1649 3077 1715 3116 ea
1750 3061 1976 3132 regione
2020 3060 2233 3115 habita-

668 3155 820 3216 bant.
842 3168 951 3207 non
990 3153 1138 3220 prius
1164 3152 1358 3223 proelio
1387 3155 1644 3222 excessit,
1677 3169 1840 3224 quam
1873 3167 1997 3208 cum
2043 3168 2232 3207 omnes

2405 1866 2559 1918 Ἐστι
2588 1867 2828 1936 Σογούτη
2875 1863 3032 1935 παρὰ
3072 1864 3286 1918 Μυσίαν
3333 1862 3497 1932 κώμη
3522 1861 3665 1915 οὕτω
3703 1863 3906 1915 καλου.

2333 1957 2474 2024 μένη
2514 1957 2812 2026 εὐδαίμων,
2862 1958 2960 2010 καὶ
3011 1956 3256 2022 ποταμὸς
3306 1958 3435 2024 παρ’
3462 1955 3600 2024 αὐτῇ
3631 1953 3775 2008 οὓτω
3799 1971 3904 2007 κα-

2330 2049 2612 2116 λούμενος.
2644 2051 2823 2117 Διέχει
2857 2049 2915 2101 δὲ
2944 2049 3054 2102 ἀπὸ
3087 2047 3362 2118 θαλάττης
3391 2046 3492 2114 τῆς
3519 2046 3615 2099 τοῦ
3646 2044 3901 2108 Εὐξείνου

2333 2145 2530 2196 πόντου
2567 2143 2817 2205 σταδίους
2861 2142 2995 2194 ὡσεὶ
3041 2141 3388 2209 πεντήκοντα
3433 2141 3528 2192 καὶ
3570 2140 3900 2202 διακοσίους·

2333 2240 2550 2292 καλοῖτο
2590 2238 2638 2291 δ’
2686 2239 2752 2291 ἂν
2792 2237 2940 2308 αὕτη
2999 2237 3199 2299 ἰταίας
3240 2235 3423 2306 κώμη.
3479 2237 3562 2299 Ἐς
3595 2235 3803 2306 ταύτην
3845 2236 3904 2288 δὲ

2331 2334 2430 2400 τὴν
2469 2331 2658 2403 χώραν
2683 2332 3053 2402 ἀφικομένους
3089 2330 3216 2393 τοὺς
3262 2329 3574 2397 Ὀγουζίους
3625 2330 3904 2398 ἐνοικῆσαι

2331 2425 2425 2478 ἐπί
2452 2442 2575 2478 τινα
2612 2425 2826 2495 χρόνον.
2889 2423 3224 2494 Ὀτουμὰνου
3266 2423 3324 2474 δὲ
3368 2422 3460 2475 τὸν
3492 2421 3906 2492 Ὀρθογρούλεω

2333 2518 2520 2580 παῖδα,
2565 2517 2628 2570 οὐ
2678 2517 2819 2571 πάνυ
2859 2532 2940 2569 τοι
2984 2515 3045 2568 εὖ
3083 2515 3396 2584 πράττοντα
3442 2514 3540 2586 τὴν
3593 2515 3769 2585 ἀρχὴν
3814 2531 3908 2582 γε-

2333 2609 2521 2663 νέσθαι
2549 2611 2649 2679 τήν
2683 2625 2743 2660 τε
2787 2606 2974 2678 ψυχὴν
3010 2605 3497 2677 ἐλευθερώτατον,
3532 2608 3625 2660 καὶ
3669 2605 3796 2669 τοὺς
3845 2606 3907 2657 ὲν

2331 2703 2398 2770 τῇ
2424 2699 2586 2770 κώμῃ
2612 2696 3110 2768 φιλοφρονούμενον
3130 2699 3194 2752 ὲκ
3215 2699 3326 2751 τῶν
3349 2700 3667 2767 προσόντων
3693 2697 3770 2756 ὡς
3791 2692 3907 2751 οἷόν

2331 2792 2380 2843 τ’
2407 2787 2476 2863 ἦν
2513 2791 2754 2860 μάλιστα
2801 2789 2952 2860 αὐτῷ
2994 2790 3122 2854 τούς
3149 2807 3210 2844 τε
3252 2792 3310 2844 ὲν
3356 2794 3422 2861 τῇ
3471 2790 3636 2862 κώμῃ
3665 2791 3907 2859 ἀνακτή-

2335 2878 2552 2932 σασθαι.
2591 2879 2749 2930 Ὥστε
2795 2879 3064 2947 διαφορᾶς
3094 2879 3248 2949 σφίσι
3297 2879 3434 2950 πρὸς
3469 2881 3596 2941 τοὺς
3633 2881 3910 2951 Ἐλλήνων

2333 2971 2512 3024 αὐτῶν
2535 2969 2854 3040 περιοίκους
2884 2971 3205 3041 γενομένης,
3230 2971 3486 3042 ἡγεῖσθαι
3515 2972 3757 3025 κελεύειν
3779 2974 3910 3037 τοὺς

2332 3062 2391 3113 ὲν
2418 3062 2485 3130 τῇ
2508 3060 2661 3114 πόλει
2700 3061 3036 3131 Ὀτουμάνον
3076 3063 3168 3116 τὸν
3200 3062 3632 3134 Ὀρθογρούλεω⁸
3670 3064 3764 3117 καὶ
3802 3082 3909 3133 μα-

2335 3153 2660 3223 χεσάμενον,
2695 3153 3008 3222 τρέψασθαι
3039 3171 3100 3206 τε
3134 3155 3260 3216 τοὺς
3298 3157 3471 3227 ταύτῃ
3505 3155 3796 3222 Ἕλληνας.

668 3259 758 3304 aut
805 3248 1119 3316 cecidisset,
1157 3257 1252 3306 aut
1302 3249 1564 3319 fugasset.
1647 3250 1785 3306 llinc
1839 3266 2096 3322 prospere
2154 3249 2583 3306 succedentibus
2651 3249 2833 3316 rebus,
2907 3251 3170 3307 victorias
3227 3253 3493 3323 plurimas
3548 3254 3754 3310 Gratcis
3798 3270 3898 3310 ex-

671 3343 858 3398 torsit.

741 3438 878 3493 Cum
910 3447 1091 3495 autem
1126 3441 1264 3494 fama
1295 3442 1535 3497 nominis
1569 3442 1652 3495 sui
1690 3441 1939 3510 regiones
1965 3441 2230 3511 plurimas
2258 3446 2302 3505 c

2404 3436 2518 3490 Καὶ
2549 3436 2657 3489 ἀπὸ
2687 3437 2876 3490 τούτου
2911 3439 3267 3508 ὁρμωμένους
3306 3441 3557 3507 ἐπιπολὺ,
3589 3443 3904 3508 ἐπεξελθεῖν

674 3531 1030 3602 implevisset,
1060 3533 1222 3588 etiam
1283 3533 1425 3601 apud
1467 3533 1751 3589 Aladinam
1789 3535 2027 3589 maxima
2065 3534 2236 3602 gloria

672 3625 867 3694 viguit,
896 3636 1112 3682 creatus
1141 3627 1208 3680 ah
1235 3627 1355 3697 ipso
1385 3626 1518 3691 dux,
1550 3643 1673 3681 cum
1704 3627 1947 3696 undique
1967 3626 2239 3695 praeclaris

673 3715 836 3772 editis
871 3714 1210 3770 facinoribus
1259 3732 1347 3772 res
1385 3716 1597 3774 fortiter
1637 3718 1916 3788 gessisset.
1975 3715 2239 3771 Defuncto

675 3825 804 3880 rege
869 3811 1122 3874 Aladina,
1190 3811 1466 3868 discordia
1540 3813 1682 3868 inter
1741 3814 1891 3883 regni
1949 3813 2238 3881 optimates

675 3915 861 3959 exorta
912 3912 1016 3964 est.
1072 3902 1408 3975 Orthogulus
1463 3906 1739 3960 adhibitus
1776 3906 1828 3959 in
1879 3905 2238 3973 colloquium,

682 4011 805 4049 cum
845 3995 1071 4049 multum
1122 3996 1382 4065 temporis
1438 3994 1786 4051 deliberando
1821 4004 1969 4053 esset
2019 3996 2242 4051 absum-

680 4097 858 4162 ptum,
911 4087 1126 4144 tandem
1177 4087 1288 4143 icto
1345 4087 1549 4146 foedere
1598 4089 1867 4158 promisit,
1920 4105 1979 4145 se
2023 4089 2159 4159 ipsis
2188 4095 2242 4142 et

680 4181 891 4243 socium
944 4179 1258 4236 auxiliarem
1305 4180 1442 4246 fore,
1499 4182 1834 4253 quocunque’
1879 4183 1935 4238 in
1992 4183 2240 4238 militiam

680 4273 1142 4343 proficiscantur:
1185 4273 1287 4327 hac
1341 4270 1519 4327 tamen
1560 4275 1897 4339 conditione,
1957 4284 2018 4332 ut
2077 4292 2244 4345 quas-

677 4381 897 4435 cunque
927 4365 1197 4436 regiones,
1254 4365 1565 4435 conjunctis
1616 4367 1813 4436 copiis,
1869 4382 1969 4422 suo
2016 4369 2243 4438 imperio

680 4456 1052 4527 adjttnxerint,
1121 4471 1215 4512 eas
1272 4457 1414 4515 inter
1471 4472 1594 4512 sese
1649 4457 1840 4525 partiri
1861 4457 2051 4514 velint.
2103 4457 2241 4512 Cum

683 4551 869 4619 igitur,
922 4558 983 4601 ut
1026 4547 1226 4602 fmdere
1286 4548 1593 4613 tenebatur,
1654 4548 1932 4604 communi
1967 4563 2242 4602 consensu

683 4643 1001 4710 viribusque
1032 4640 1418 4695 communibus
1449 4640 1589 4695 bella
1613 4641 2062 4710 aggrederentur,
2093 4650 2243 4697 tanta

684 4732 858 4801 ipsius
894 4731 1036 4788 inter
1073 4742 1264 4783 omnes
1295 4728 1474 4782 virtus
1503 4727 1748 4792 emicuit,
1808 4733 1869 4780 ut
1894 4727 2044 4782 brevi
2072 4725 2245 4796 pluri-

685 4837 803 4875 mas
827 4835 958 4888 opes
987 4817 1319 4890 acquireret,
1345 4833 1684 4888 regnumque
1707 4817 1810 4874 sibi
1844 4825 2058 4887 pararet
2093 4816 2239 4875 haud
2272 4801 2317 4858 ί)

685 4910 1111 4983 aspernandum.
1143 4909 1208 4964 Hi
1234 4918 1414 4964 autem
1436 4925 1572 4968 .cum
1603 4909 1777 4964 forent
1826 4909 1993 4963 duces
2022 4922 2247 4964 numero

686 5018 916 5078 septem,
965 5006 1123 5062 initio
1155 5007 1453 5077 regionem,
1489 5020 1653 5072 quam
1695 5014 1810 5058 tum
1846 5004 2016 5064 armis
2065 5004 2248 5075 subje-

689 5107 902 5161 cerant,
942 5097 1085 5154 inter
1117 5110 1238 5152 sese
1269 5095 1569 5149 diviserunt
1605 5113 1618 5149 :
1671 5102 1858 5163 postea
1898 5094 2244 5164 partitionem

687 5191 820 5244 sorti
859 5189 1286 5252 committentes,
1321 5185 1626 5242 Caramano
1659 5185 1927 5254 obtigisse
1981 5186 2246 5245 mediter-

682 5297 905 5339 raneam
929 5281 1195 5352 Phrygia,
1223 5277 1471 5333 Ciliciam
1498 5292 1692 5348 usque.
1718 5285 1772 5332 et
1795 5269 2242 5346 Philadelphiam.

687 5373 952 5434 Sarchani
984 5387 1103 5427 sors
1136 5372 1340 5426 addixit
1375 5372 1704 5426 maritimam
1754 5369 1919 5426 Ioniae
1949 5371 2246 5440 regionem,

688 5483 796 5538 qua
827 5465 1115 5536 Smyrnam
1150 5480 1320 5534 usque
1347 5471 1514 5534 patet.
1543 5462 1710 5534 Lydia
1734 5476 1904 5531 usque
1926 5461 1994 5515 ad
2019 5459 2249 5531 Mysiam

685 5559 908 5620 obvenit
933 5557 1163 5623 Calami,
1194 5565 1249 5613 et
1272 5557 1380 5612 ﬁlio
1414 5571 1515 5611 suo
1543 5554 1754 5613 Carasi.
1807 5553 2114 5624 Bithyniam
2148 5567 2250 5607 au-

2340 3546 2398 3582 τε
2430 3529 2557 3590 τοὺς
2606 3527 2895 3598 Ἕλληνας,
2948 3530 3041 3582 καὶ
3090 3532 3241 3601 παρετ
3276 3531 3524 3604 ’Δλαδίνῃ
3553 3529 3614 3587 εὖ
3645 3536 3789 3604 μάλα
3815 3538 3908 3591 εὐ-

2341 3619 2694 3690 φημούμενον
2728 3621 2871 3688 μέγα
2918 3622 3304 3691 εὐδοκιμῆσαι,
3342 3626 3435 3678 ἐπὶ
3482 3629 3814 3698 στρατηγίας
3842 3647 3906 3684 τε

2341 3712 2759 3782 καθιστάμενον,
2789 3716 2884 3768 καὶ
2918 3714 3052 3784 ἔργα
3076 3716 3537 3786 ἀποεεικνύμενον
3563 3720 3696 3785 ἄξια
3720 3721 3906 3790 λόγου.

2341 3805 2777 3876 Τελευτήσαντος
2829 3807 2884 3858 δὲ
2946 3808 3236 3863 ῗΑλαδίνεω
3299 3811 3582 3880 βασιλέως,
3638 3817 3735 3867 καὶ
3799 3817 3914 3871 τῶν

2341 3899 2579 3968 ἀρίστων
2607 3898 2772 3952 αὐτοῦ
2821 3903 2877 3963 ἐς
2928 3901 3193 3972 διαφορὰν
3245 3904 3430 3973 σφίσιν
3463 3906 3908 3978 ἀφικνουμένων,

2341 3990 2558 4056 λέγεται
2602 3991 2894 4058 ἀφικέσθαι
2939 3993 2996 4054 ἐς
3037 3995 3230 4060 λόγους
3275 3998 3481 4062 αὑτοίς,
3532 4000 3627 4052 καὶ
3675 3995 3910 4067 ἐκείνοις

2339 4082 2612 4151 ἀλλήλοις,
2678 4083 2994 4152 ξυμμαχίαν
3049 4101 3108 4137 τε
3161 4087 3259 4140 καὶ
3304 4089 3606 4158 ὁμαιχμίαν
3668 4093 3910 4158 ικεενοις

2343 4174 2691 4244 συνθέμενον,
2744 4175 3016 4246 ξυμϐῆναι
3067 4177 3254 4242 αὐτοῖς
3301 4181 3461 4250 ὅρκια
3505 4182 3910 4253 ποιησάμενον,

2343 4267 2428 4334 ἐφ’
2462 4260 2506 4335 ᾧ
2533 4268 2668 4324 ὁμοῦ
2695 4268 2900 4332 πάντας
2930 4272 3082 4339 κοινῇ
3129 4272 3508 4342 συνδιαφίρειν
3527 4276 3618 4328 τὸν
3647 4278 3913 4348 πόλεμον,

2344 4360 2438 4411 καὶ
2468 4361 2940 4430 καταστρέφεσθαι
2960 4362 3058 4432 τὴν
3079 4363 3284 4432 χώραν,
3308 4366 3442 4436 ὅσην
3465 4367 3511 4420 δ’
3528 4367 3596 4422 ἂν
3617 4370 3909 4436 δύνωνται,

2342 4451 2472 4520 ὅσην
2500 4451 2546 4504 δ’
2590 4451 2658 4504 ἂν
2717 4451 3060 4520 ὑπάγωνται,
3110 4455 3443 4522 ἐπιελέσθαι,
3483 4460 3634 4527 σφίσι
3664 4465 3805 4516 κατὰ
3840 4467 3912 4520 τὰ

2344 4545 2498 4610 κοινῆ
2527 4546 2710 4613 σφίσιν
2742 4547 2927 4611 αὐτοῖς
2976 4548 3309 4620 δεδογμένα’
3344 4555 3439 4606 καὶ
3481 4555 3627 4608 οὕτω
3677 4558 3743 4625 δὴ
3792 4558 3913 4626 ἅμα

2343 4634 2574 4697 ἐκείνοις
2614 4636 2910 4690 ἐλαύνοντα
2937 4642 3417 4710 καταστρέψασθαι
3461 4644 3647 4714 χώραν
3679 4648 3779 4701 οὐκ
3801 4649 3914 4701 ὀλί-

2345 4741 2470 4795 γην,
2495 4726 2592 4778 καὶ
2613 4725 2751 4797 ἔργα
2780 4728 3244 4800 ἀποδεικνύμενον
3267 4735 3500 4802 μεγάλα.
3531 4738 3626 4791 καὶ
3650 4740 3914 4811 χρήματα

2350 4816 2521 4885 συχνὰ
2553 4817 2960 4889 ἐπικτώμενονο
2995 4821 3136 4875 ὥστε
3172 4825 3230 4876 ὲν
3260 4825 3455 4895 βραχεῖ
3478 4831 3571 4882 ἐπὶ
3600 4831 3778 4902 ἀρχὴν
3808 4851 3918 4886 πα-

2353 4909 2706 4978 ρεληλυθέναι
2736 4913 2797 4965 οὐ
2832 4914 3063 4984 φαύλην.
3096 4917 3333 4978 Τούτους
3361 4919 3419 4972 δὲ
3466 4923 3743 4992 ἡγεμόνας
3770 4925 3920 4981 ἑπτὰ

2348 5003 2696 5072 γενομένους,
2732 5006 2863 5075 ὅσην
2899 5007 3249 5078 ὑπηγάγοντο
3274 5012 3449 5083 ἀρχὴν
3493 5015 3922 5088 διανενεμῆσθαε

2353 5093 2492 5162 μετὰ
2528 5094 2705 5151 ταῦτα
2743 5097 2929 5167 σφίσιν
2973 5101 3159 5165 αὐτοῖς
3183 5119 3198 5136 ο
3255 5104 3442 5174 λαχεῖν
3483 5107 3547 5176 δὴ
3578 5109 3925 5180 Καραμάνον

2347 5182 2446 5252 τὴν
2480 5186 2780 5256 μεσόγαιαν
2809 5190 2908 5258 τῆς
2937 5191 3176 5260 Φρυγίας
3209 5194 3339 5262 ἄχρι
3394 5197 3650 5262 Κιλικίας
3701 5201 3796 5254 καὶ
3823 5203 3928 5254 Qt-

2349 5274 2639 5346 λαδελφίας
2663 5295 2677 5309 ·
2713 5280 3004 5352 Σαρχανην
3029 5283 3087 5336 δὲ
3119 5285 3365 5338 ἐντεῦθεν
3383 5289 3482 5358 τὴν
3515 5291 3784 5360 παράλιον
3813 5295 3922 5364 τῆς

2361 5368 2570 5430 Ἰωνίας
2614 5371 2817 5443 χώραν,
2886 5374 3008 5427 ἐστε
3051 5377 3144 5429 ἐπὶ
3189 5377 3443 5449 Σμύρνην
3487 5382 3663 5435 ἐλθεῖν
3683 5401 3701 5419 ο-
3734 5387 3800 5439 τὰ
3853 5390 3924 5446 δι

2351 5459 2550 5524 Λυδίας
2579 5461 2704 5523 ἔστε
2744 5466 2835 5521 ἐπὶ
2857 5467 3073 5522 Μυσίαν
3098 5470 3367 5542 Καλάμην
3401 5476 3500 5529 σὺν
3535 5477 3614 5548 τῷ
3638 5481 3791 5536 παιδὶ
3819 5487 3930 5536 αὐ-

2352 5552 2448 5608 τοῦ
2485 5555 2742 5630 Καρασῇ.
2789 5559 2832 5615 Τ
2836 5558 2870 5612 ὰ
2904 5560 3041 5629 πρὸς
3078 5563 3359 5635 Ὄλυμπόν
3387 5583 3448 5620 τε
3491 5569 3585 5626 καὶ
3635 5568 3899 5627 Βιθυνίαν

1939 5695 2187 5759 Νοιιιὶεο
2230 5698 2630 5777 marginales.

757 5823 836 5894 (9)
865 5823 1092 5879 Circiler
1123 5839 1244 5878 ann.
1291 5824 1436 5879 1500.
