4202 6430
287 396 362 457 25
1392 395 1488 453 DE
1533 392 1781 452 REllUS
1819 391 1864 448 Τ

1967 388 2183 449 lClCIS
2220 388 2369 449 LIB.
2404 388 2452 449 Ι.
3456 378 3536 448 25

301 504 630 580 Ὀτουμάνον
677 511 860 579 λαχεῖν
914 508 1051 576 μετὰ
1102 508 1348 561 Τεκίεω⁶
1381 508 1448 561 τά
1488 508 1544 559 δὲ
1592 505 1729 572 πρὸς
1763 504 1852 554 τὸν

1967 509 2065 552 lem
2101 516 2222 554 cum
2268 501 2351 553 his
2374 498 2692 568 regionibus
2728 513 2847 566 qua:
2880 497 3169 567 Olympum
3211 495 3536 564 respiciunt,

290 606 544 670 Εὓξεινον
608 605 805 655 πόντον
848 605 952 665 ,καὶ
1029 601 1415 669 Παφλαγονίαν
1473 601 1660 667 λαχεῖν
1727 598 1857 659 τοὺς

301 699 586 767 Ἀμούρξω
633 698 853 757 παῖδας.
889 697 995 747 Τὸν
1027 696 1442 778 δῖχΚερμιανὺν
1486 694 1547 747 οὐ
1578 693 1687 745 τῶν
1720 691 1860 743 ἑπτὰ

288 791 498 843 τούτων
551 792 835 857 γεγονέναι
894 792 1093 858 φασίν·
1148 789 1284 841 ἀλλὰ
1346 786 1571 857 βασιλέα
1621 784 1859 854 πρόσθεν

287 883 585 947 γενόμενον
636 883 846 933 κωνίου
908 883 1007 950 τῆς
1066 881 1289 950 Καρίας
1341 880 1569 940 πόλεως,
1616 880 1672 931 ἐν
1729 872 1861 948 ᾗτά

292 974 546 1041 βασίλεια
608 975 697 1025 ἐπὶ
750 975 944 1042 συχνόν
992 992 1115 1027 τινα
1164 974 1355 1042 χρόνον
1399 973 1687 1039 διεγένετο.
1729 969 1863 1022 Τού-

286 1083 406 1129 τοις
474 1067 886 1135 ἀπεληλαμένον
954 1067 1202 1119 ἐντεῦθεν
1267 1067 1358 1118 ἐπὶ
1431 1064 1637 1117 Ἰωνίαν
1714 1065 1859 1125 end-

294 1174 413 1221 ρας,
460 1160 620 1209 xiter
672 1156 1011 1209 ίδιωτεύοντα
1071 1158 1299 1226 ἡσυχίαν
1354 1156 1528 1222 ἄγειν.
1579 1156 1639 1207 Εἰ
1678 1155 1862 1223 μέντοι

289 1250 433 1301 ἑπτὰ
483 1250 779 1319 ἐτύγχανον
828 1251 979 1312 ὄντες
1026 1253 1074 1303 οἱ
1131 1250 1425 1318 σύμπασαν
1490 1249 1649 1317 τήνδε
1704 1252 1856 1318 κοινῇ

290 1342 623 1407 ὑπαγόμενοι
673 1344 820 1405 σφίσι
862 1345 959 1420 τὴν
989 1343 1197 1411 χώραν,
1232 1343 1269 1413 ἢ
1296 1344 1466 1410 χωρὶς
1494 1341 1569 1401 ὡς
1602 1342 1857 1405 ἕκαστος,

290 1428 447 1506 καὶῇ
481 1434 622 1504 ἄλλῳ
655 1436 791 1505 ἄλλῃ
847 1437 1164 1500 ξυνέϐαινεν
1214 1436 1308 1487 ἐπὶ
1338 1436 1437 1503 τὴν
1473 1434 1636 1487 αὑτοῦ
1687 1435 1863 1504 ἀρχὴν

290 1528 639 1595 παρεγένετο
672 1528 928 1590 ἕκαστος,
957 1528 1057 1580 οὐκ
1094 1528 1159 1581 ἂν
1198 1528 1262 1596 δὴ
1290 1527 1433 1579 οὕτω
1465 1530 1523 1579 ἐν
1549 1528 1724 1581 δέοντι
1768 1544 1862 1580 πο-

291 1619 765 1688 λυπραγμονοίην.
798 1612 1073 1689 Σογούτην
1106 1620 1289 1689 μέντοι
1316 1621 1619 1689 ἐπίσταμαι
1643 1618 1859 1689 κώμην,

289 1711 367 1772 ὡς
392 1714 441 1763 οἱ
478 1712 572 1765 ἀπ’
600 1714 818 1783 ἐκείνης
851 1715 1131 1782 γενόμενοι
1173 1714 1579 1781 Ὀτουμανίδων
1623 1713 1863 1781 βασιλεῖς

292 1801 501 1870 ἐτίμων
528 1818 587 1852 τε
653 1802 747 1854 ἐπὶ
802 1802 1054 1853 πλεῖστον
1103 1802 1505 1869 ἐπιφοιτῶντες
1557 1800 1727 1874 ταύτῃ
1792 1802 1859 1870 τῇ

1963 604 2157 647 nactus
2210 603 2292 647 est
2341 591 2641 646 Otomanus
2695 606 2818 643 cum
2872 590 3049 642 Tecic.
3110 586 3537 656 Paphlagoniam

1963 704 2084 739 cum
2119 689 2200 741 his
2235 686 2548 756 regionibus
2586 702 2706 753 quae
2743 693 2973 753 vergunt
3005 683 3069 733 ad
3103 682 3373 734 Euxinum
3404 694 3539 748 pon-

1965 788 2102 839 tum,
2141 786 2472 848 acceperunt
2498 780 2713 831 lmurtc
2747 777 2862 840 ﬁlii,
2894 777 2975 830 sic
3012 773 3160 828 sorte
3189 771 3535 840 partitionem

1966 882 2209 939 regente.
2238 870 2584 923 Cerntiantttn
2620 868 2812 921 dicunt
2850 885 2952 919 non
2998 866 3167 918 fuisse
3213 863 3279 916 de
3310 866 3540 917 nurnero

1963 972 2166 1031 septem
2202 962 2657 1023 illorumducmu,
2691 975 2874 1012 verum
2912 958 3211 1025 imperasse
3241 954 3539 1025 CouioUO)

1964 1058 2137 1111 Caria:
2179 1057 2319 1116 urbi,
2347 1057 2399 1108 in
2439 1072 2543 1121 qua
2584 1054 2732 1123 regia
2764 1062 2918 1105 erat:
2955 1051 3172 1104 tandem
3218 1066 3319 1103 suo
3346 1050 3539 1102 detur-

1966 1149 2148 1201 batum
2199 1163 2388 1214 regno,
2426 1148 2625 1199 abiisse
2680 1146 2732 1197 in
2786 1144 3025 1205 Ioniam,
3059 1151 3412 1208 sectatusque
3467 1140 3539 1193 ibi

1968 1242 2130 1294 vitam
2160 1241 2449 1309 privatam,
2490 1241 2731 1307 quietem
2768 1238 3055 1305 amplexus
3084 1245 3189 1289 est.
3225 1237 3299 1287 An
3331 1243 3539 1302 septem

1966 1336 2039 1387 illi
2069 1335 2236 1388 duces
2267 1333 2536 1400 adiunctis
2558 1331 2758 1399 copiis,
2782 1340 2874 1381 aut
2904 1330 3102 1399 singuli
3131 1346 3225 1398 per
3256 1343 3335 1392 se,
3366 1327 3544 1394 regio-

1965 1444 2063 1481 nes
2088 1426 2221 1480 istas
2254 1426 2587 1494 subiecerint
2617 1441 2632 1477 :
2669 1434 2925 1492 praeterea
2961 1432 3017 1475 ut
3047 1424 3185 1477 alius
3218 1424 3273 1475 in
3310 1422 3541 1476 alterius

1965 1520 2297 1573 successerit
2338 1533 2470 1586 Opes
2500 1528 2553 1569 et
2602 1534 2848 1585 regnum,
2908 1533 3014 1570 non
3062 1518 3264 1570 referre
3302 1516 3543 1569 arbitror

1965 1613 2239 1667 curiosius
2270 1612 2605 1666 describere.
2642 1611 2775 1662 Illud
2808 1621 2989 1664 autent
3015 1618 3225 1664 certum
3254 1617 3359 1672 est,
3387 1623 3543 1679 reges

1964 1705 2415 1760 Otomanidarum
2437 1704 2735 1773 Sogutham
2758 1704 2935 1755 vicum
2962 1703 3190 1755 multum
3215 1702 3541 1764 honerasse.

1966 1816 2086 1853 cum
2116 1816 2180 1853 eo
2214 1800 2529 1868 frequenter
2568 1799 2907 1859 accederent,
2934 1798 3224 1853 reddentes
3256 1798 3357 1852 vici
3389 1797 3545 1852 inco-

291 1869 478 1962 κώμῃ,
506 1895 598 1945 καὶ
628 1897 739 1956 τοῖς
772 1893 1070 1945 ἐνοικοῦσιν
1093 1893 1261 1962 αὐτὴν
1284 1894 1602 1945 ἀποδιδόασι
1626 1869 1773 1961 γέρα
1795 1869 1861 1945 τά

1967 1894 2032 1946 Iis
2063 1893 2323 1947 solemnia
2379 1907 2627 1945 munera.
2672 1891 2867 1959 Accepi
2906 1893 2962 1961 8
2998 1901 3279 1960 praterea,
3319 1891 3544 1945 01011111-

290 1986 649 2053 νομιζόμενα.
695 1986 825 2037 Ἀπλ)
858 1985 1062 2055 ταύτης
1096 1985 1152 2037 δὲ
1184 1985 1486 2052 ἐπίσταμαι
1521 1986 1659 2054 ἀκοῇ
1711 1986 1862 2052 γενέ-

295 2076 777 2146 σθαιὊτουμάνον
801 2079 892 2129 τδν
925 2077 1331 2147 Ὀρθογρούλεω
1358 2079 1520 2129 παῖδα
1552 2081 1768 2145 πρῶτον
1798 2078 1863 2146 δὴ

288 2170 386 2223 τοῦ
417 2173 607 2236 γένους
638 2171 852 2236 τούτου,
886 2172 1050 2233 ἄλλας
1083 2172 1140 2224 τέ
1184 2173 1231 2223 oi
1277 2172 1463 2233 πόλεις
1513 2172 1863 2238 ὐπαγόμενον

291 2268 349 2317 ἐν
381 2267 445 2335 τῇ
490 2267 666 2335 Ἀσίᾳ,
704 2268 759 2317 ἐν
793 2267 849 2318 δὲ
882 2266 944 2336 δὴ
976 2267 1071 2319 καὶ
1125 2266 1376 2337 Προῦσαν
1433 2266 1530 2336 τὴν
1586 2267 1642 2316 ἐν
1675 2265 1864 2335 Μυσίᾳ

293 2359 471 2421 πόλιν,
519 2361 613 2411 καὶ
646 2360 767 2412 τότε
835 2362 1126 2428 εὐδαίμονα
1183 2359 1700 2429 παραστησάμενον,
1758 2360 1866 2412 ὑπὸ

289 2452 450 2521 λιμοῦ
481 2453 910 2522 ἐκπολιορκῆσαι
950 2453 1139 2506 ἑλόντα
1170 2453 1271 2522 τὴν
1300 2453 1479 2513 πόλιν,
1510 2453 1607 2506 καὶ
1646 2454 1702 2505 ἐν
1725 2453 1860 2522 αἰτῇ

289 2546 360 2597 τὰ
395 2545 645 2614 βασίλεια
673 2547 1068 2615 ποιησάμενον,
1112 2546 1209 2598 καὶ
1238 2546 1345 2599 ἀπὸ
1380 2544 1585 2615 ταύτης
1609 2543 1864 2613 ὁρμώμε-

290 2656 383 2691 νον
433 2638 571 2708 Εργει
624 2639 834 2706 μεγάλα
863 2656 922 2690 τε
968 2639 1059 2690 καὶ
1092 2638 1371 2708 περιφανῆ
1417 2637 1863 2706 ἀποδειξάμενον.

291 2730 491 2790 παῖδάς
529 2747 586 2781 τε
623 2729 718 2781 καὶ
762 2729 938 2797 ἀρχὴν
972 2729 1033 2781 οὺ
1076 2729 1290 2797 φαύλην
1344 2728 1738 2792 καταλιπόντα,
1778 2746 1865 2780 τε-

293 2816 554 2885 λευτῆσαι
615 2818 670 2868 ἐν
705 2818 946 2890 Προύσῃ.
994 2817 1197 2871 Τοῦτον
1248 2819 1304 2871 δὲ
1361 2819 1519 2887 ίσμεν
1555 2821 1717 2888 ἡμεῖς
1768 2818 1864 2872 τοῦ

290 2910 488 2977 γένους
524 2908 677 2961 τοῦδε
726 2912 792 2963 τά
824 2928 883 2963 τε
934 2911 1071 2965 ἄλλα
1109 2912 1186 2969 ὠς
1242 2908 1352 2964 οἷόν
1378 2931 1435 2964 τε
1462 2913 1659 2982 ἄριστα
1710 2912 1865 2965 καθι-

293 3002 524 3060 στάντα,
562 3003 653 3053 καὶ
701 3004 801 3073 τὴν
830 3004 1008 3072 ἀρχὴν
1049 3005 1105 3066 ἐς
1133 3003 1191 3056 τὸ
1237 3003 1679 3075 ἐπιτηδειότατον
1714 3002 1864 3071 αὺτῷ

291 3092 820 3161 καταστησάμενον,
885 3092 1039 3157 τάξιν
1084 3108 1143 3144 τε
1195 3093 1425 3162 ἀρίστην
1476 3090 1861 3153 ἀποδείξασθαι

1968 2001 2093 2038 1111111
2148 1984 2465 2055 Orthogulis
2499 1986 2664 2037 ﬁlium
2726 1984 2959 2053 primum
3015 1987 3230 2050 generis
3285 1984 3445 2053 hujus
3476 2000 3543 2039 ex

1964 2080 2071 2133 isto
2104 2079 2223 2132 vico
2248 2080 2541 2133 oriundum
2576 2078 2899 2133 exstitisse:
2940 2078 3033 2147 qui
3071 2078 3194 2131 inde
3240 2076 3543 2146 profectus.

1965 2174 2128 2225 urbes
2162 2173 2303 2225 Asize
2335 2172 2477 2241 cepit
2511 2190 2524 2224 :
2558 2180 2611 2225 et
2641 2172 2870 2225 Prusam
2905 2170 3090 2241 Mysia:
3121 2170 3313 2223 urbem
3344 2169 3544 2238 opibus

1965 2263 2267 2326 ﬂorentem,
2316 2265 2456 2319 fame
2489 2276 2875 2335 expugnatam,
2930 2263 3081 2331 regni
3123 2262 3305 2317 sedem
3338 2263 3547 2317 consti-

1967 2356 2092 2408 tuit.
2126 2354 2407 2409 Postremo
2438 2357 2699 2423 operibus
2725 2356 2911 2408 multis
2932 2354 3148 2408 fortiter
3177 2364 3230 2407 et
3256 2353 3543 2421 Splendide

1966 2448 2227 2517 peractis,
2288 2449 2603 2517 relinquens
2646 2448 2850 2502 liberos
2912 2456 2966 2501 et
3024 2462 3249 2517 regnum
3304 2445 3541 2510 illustre,

1968 2550 2175 2595 natura:
2222 2542 2463 2595 debitum
2494 2541 2730 2596 exsolvit
2752 2539 2963 2594 Prusae.
3006 2538 3105 2592 Hic.
3138 2539 3351 2607 primus
3382 2537 3545 2591 istius

1965 2636 2179 2703 generis
2232 2636 2437 2702 optime
2484 2650 2604 2703 qua:
2657 2633 2722 2686 ad
2780 2632 2932 2701 regni
2990 2633 3220 2687 salutem
3270 2632 3542 2695 attinent,

1966 2724 2263 2793 disposuit.
2295 2722 2359 2776 Et
2382 2732 2439 2777 ut
2472 2740 2698 2793 regnum
2725 2724 2829 2778 sibi
2866 2722 3074 2777 faceret
3111 2738 3271 2792 quam
3307 2724 3545 2776 maxime

1968 2819 2183 2871 firmum
2244 2828 2297 2871 et
2348 2828 2742 2888 opportunum,
2806 2817 3073 2873 satellites
3132 2816 3353 2885 aliegit.
3405 2832 3547 2885 quos

1966 2912 2113 2979 regis
2145 2911 2256 2981 (fi)
2289 2910 2499 2965 Januas
2536 2913 2651 2964 sive
2689 2920 2875 2979 portas
2906 2910 3266 2980 nuncupavit.
3320 2909 3390 2962 Et
3419 2923 3543 2962 cum

1961 3000 2074 3070 jam
2114 3003 2369 3056 omnibus
2419 3016 2641 3071 prepter
2697 3005 2859 3058 istam
2922 3002 3221 3071 potentiam
3261 3000 3547 3054 formidini

1966 3103 2132 3155 esset,
2190 3094 2443 3170 subditos
2489 3094 2646 3147 facile
2697 3095 2750 3147 in
2804 3093 3037 3162 imperio
3084 3092 3377 3151 continuit,
3421 3106 3544 3144 cum

290 3182 434 3252 ἀμφ’
464 3183 649 3247 αὑτὸν,
681 3186 747 3255 ἣν
772 3183 955 3254 Θύρας
986 3184 1249 3253 βασιλέως
1273 3184 1519 3245 καλοῦσι,
1564 3183 1656 3235 καὶ
1688 3182 1862 3250 ταύτῃ

1970 3204 2162 3241 omnes
2196 3188 2263 3240 ad
2303 3196 2519 3249 nutum,
2562 3188 2783 3256 quando
2815 3196 3170 3248 vocarentur,
3230 3194 3429 3253 praesto
3456 3199 3548 3237 es-

290 3295 357 3343 γε
388 3280 455 3347 τῇ
488 3277 716 3345 δυνάμει
767 3277 827 3328 τὸ
878 3278 984 3329 ἀπὸ
1034 3276 1191 3329 τοῦδε
1232 3276 1602 3345 δεδιττόμενον
1654 3276 1761 3328 δέει
1789 3274 1866 3344 τῷ

290 3371 434 3439 ἀμφ’
489 3371 677 3432 αὐτὸν,
730 3370 987 3438 κατέχειν
1019 3370 1146 3435 τοὺς
1181 3370 1287 3422 ὑπὸ
1338 3368 1438 3439 τὴν
1483 3370 1660 3439 ἀρχὴν
1702 3368 1866 3421 αὑτοῦ

292 3463 621 3532 ξύμπαντας
646 3464 706 3515 ἐν
750 3462 908 3533 τάχει
939 3463 1442 3531 παραγενομένους,
1475 3462 1581 3532 ὂπη
1615 3462 1681 3514 ἂν
1717 3461 1867 3529 αὑτῷ

290 3556 505 3625 δοκοίη,
540 3557 637 3609 καὶ
676 3556 1057 3617 ἐπιτελοῦντας
1096 3557 1180 3609 ἆτ’
1215 3556 1280 3609 ἂν
1328 3557 1605 3609 ἐπιτάττοι
1649 3558 1677 3609 ὀ
1718 3555 1867 3625 βασι-

291 3649 443 3709 λεὺς,
472 3649 565 3700 καὶ
594 3648 687 3701 ἐπὶ
712 3648 781 3700 τὰ
811 3648 1305 3725 παραγγελλόμενα
1333 3648 1435 3701 ὑπὸ
1466 3648 1575 3699 τῶν
1599 3648 1868 3718 βασιλέως

294 3740 480 3807 θυρῶν
532 3740 675 3791 κατὰ
722 3739 884 3809 τάχος
942 3742 1141 3804 ἰόντας.
1192 3740 1399 3794 Τοῦτον
1434 3741 1498 3811 δὴ
1546 3740 1641 3793 οὖν
1673 3740 1870 3793 ἐπυθό-

295 3835 440 3903 μεθα
464 3833 849 3901 γενναιότατόν
879 3849 940 3885 τε
964 3834 1021 3896 ἐς
1048 3834 1116 3887 τά
1147 3835 1323 3887 πάντα
1352 3835 1667 3903 γενόμενον,
1695 3834 1870 3905 ταύτῃ

292 3944 355 3978 τε
400 3925 475 3987 ὡς
522 3925 613 3978 ἐπὶ
658 3925 915 3977 πλεῖστον
960 3926 1286 3997 νομισθῆναι
1321 3926 1599 3994 δαιμόνιον
1646 3926 1871 3978 καταλι-

295 4022 419 4071 πεῖν
447 4035 507 4070 τε
537 4019 645 4071 άπὸ
670 4017 865 4070 τούτου
904 4019 1003 4088 τὴν
1028 4019 1349 4088 ἐπωνυμίαν
1384 4023 1499 4082 τοῖς
1527 4019 1622 4071 ἀπ’
1655 4018 1867 4073 ἐκείνου

299 4112 640 4179 γενομένοις,
686 4109 1023 4180 Ὀτουμάνου
1066 4110 1268 4174 παῖδας
1312 4109 1394 4163 ἔτι
1447 4111 1541 4163 καὶ
1564 4112 1660 4164 νῦν
1690 4110 1869 4162 καλεῖ·-

297 4204 447 4256 σθαι.
489 4203 614 4256 Ἐπὶ
639 4202 829 4255 τούτου
871 4202 1251 4272 βασιλεύοντος
1283 4203 1677 4273 ὀκτακισχίλιοι
1703 4201 1871 4272 Τούρ-

298 4314 408 4349 κων
438 4297 499 4359 ἐς
527 4296 627 4366 τὴν
655 4295 931 4367 Εὐρώπην
959 4296 1244 4358 διαϐάντες
1276 4296 1406 4367 περὶ
1451 4295 1866 4363 Ἑλλήσποντον,

297 4391 394 4442 καὶ
448 4390 506 4442 ἐν
546 4389 881 4459 Χερρονήσῳ
925 4390 1295 4459 κατασχόντες
1344 4387 1603 4459 φρούριον
1633 4388 1871 4457 Ἐλληνι-

298 4482 413 4547 κδν,
451 4482 549 4535 καλ⁵
577 4482 685 4534 άπὸ
711 4481 904 4535 τούτου
941 4483 1277 4552 ὁρμώμενοι,
1314 4482 1417 4551 τήν
1446 4498 1503 4533 τε
1546 4481 1770 4551 Θρᾴκην
1813 4482 1869 4543 ἐς

1971 3290 2092 3333 sent
2127 3300 2141 3335 :
2186 3290 2239 3335 et
2269 3282 2499 3350 impigre
2520 3296 2581 3333 ea
2613 3296 2734 3349 quae
2782 3279 2972 3333 Ianua:
3015 3280 3154 3347 regis
3188 3278 3544 3346 imperarent,

1969 3375 2205 3427 obirent.
2248 3373 2711 3437 Coutmemorant,
2755 3372 3108 3441 Ot'tlmgulem
3165 3372 3328 3425 isutm
3368 3371 3540 3423 virum

1971 3482 2065 3532 per
2128 3466 2310 3519 omnia
2373 3465 2655 3519 exstitisse
2714 3464 3249 3534 generosissimum:
3306 3470 3355 3516 et
3417 3475 3543 3513 cum

1971 3568 2193 3626 propter
2223 3572 2307 3610 res
2334 3573 2464 3610 suas
2521 3557 2779 3625 prarclare
2810 3556 3224 3609 administratas
3262 3554 3548 3624 augustior

1970 3650 2210 3712 homine,
2257 3659 2312 3703 et
2369 3650 2524 3718 quasi
2577 3651 2799 3703 divinus
2861 3655 3231 3716 reputaretur,
3315 3646 3548 3715 posteris

1970 3742 2192 3810 reliquit
2227 3742 2441 3811 insigne
2473 3750 2918 3809 cognomentum,
2973 3752 3029 3790 ut
3060 3739 3402 3791 Otomauidaa
3432 3740 3547 3790 sive

1970 3836 2346 3892 Otomaniﬂlii
2405 3844 2691 3889 vocentur.
2760 3831 2871 3888 Hoc
2930 3845 3192 3900 regnante
3238 3832 3545 3884 Turcorum

1970 3938 2094 3983 octo
2120 3928 2285 3982 millia
2327 3928 2663 3996 trajecerunt
2693 3926 2743 3979 in
2778 3926 3055 3994 Europam
3092 3940 3184 3993 per
3226 3925 3549 3991 Hellespon-

1974 4030 2126 4081 tum,
2184 4032 2453 4088 captoque
2510 4019 2826 4072 Grecorum
2890 4016 3141 4085 pt-msidio
3200 4018 3547 4070 Chersoneso

1972 4111 2248 4180 imposito,
2283 4120 2647 4180 perrexerunt
2679 4109 2730 4162 in
2770 4108 3082 4169 Thraciam.
3110 4114 3165 4160 et
3192 4106 3258 4160 ad
3294 4107 3489 4160 lstrum
3530 4124 3545 4159 :

1972 4204 2501 4273 incursionibusque
2537 4202 2790 4271 plurimis
2823 4201 3005 4265 factis,
3062 4200 3336 4269 regionem
3387 4198 3546 4252 istam

1973 4305 2274 4359 vastarunt,
2315 4302 2369 4349 et
2404 4295 2696 4348 maximam
2726 4294 2853 4347 hinc
2879 4298 3231 4362 reportarunt
3284 4284 3559 4359 pradam.‘

1971 4387 2258 4457 Mancipia,
2312 4402 2436 4457 qua:
2480 4397 2636 4440 erant
2690 4384 2949 4457 plurima,
3002 4383 3127 4452 iure
3188 4383 3317 4437 belli
3367 4392 3546 4451 capta,

1975 4480 2396 4534 transmiserunt
2420 4479 2471 4532 in
2496 4480 2699 4532 Asiam.
2725 4478 3039 4531 Graecorum
3071 4475 3550 4544 Triballorumque

301 4578 518 4644 Ἵστρον
552 4573 888 4640 ἐλαύνοντες,
925 4563 1224 4637 ’ἐληΐζοντο
1277 4574 1377 4643 τὴν
1410 4573 1597 4642 χώραν
1641 4574 1866 4642 ἐπιδρα-

1978 4573 2091 4643 (qui
2125 4589 2271 4625 nunc
2308 4572 2524 4641 Bulgari
2550 4572 2829 4639 dicuntur)
2857 4587 2944 4625 res
2979 4572 3279 4637 agebantur
3304 4568 3554 4622 fereban-

301 4669 515 4734 μόντες,
557 4667 623 4719 τά
654 4684 713 4720 τε
746 4667 916 4719 πολλά
943 4666 1270 4737 διήρπαζον,
1317 4667 1412 4718 καὶ
1443 4666 1751 4736 ἀνδράποδα
1800 4665 1875 4728 ὼς

299 4762 529 4812 πλεῖστα
580 4759 851 4828 ἑλόμενοι,
887 4760 945 4822 ἐς
984 4758 1085 4829 τὴν
1122 4757 1309 4810 Ἀσίαν
1355 4757 1692 4821 διεϐίϐαζον,
1745 4755 1873 4819 τούς

298 4870 353 4905 τε
385 4852 659 4920 Ἕλληνας
688 4853 784 4904 καὶ
847 4850 1183 4921 Τριϐαλλοὺς
1231 4845 1366 4919 ἦγον
1399 4849 1492 4903 καὶ⁵
1534 4849 1750 4919 ἔφερον.
1785 4848 1875 4902 Ἐν

298 4942 474 5013 τούτῳ
502 4942 570 5010 δὴ
602 4941 822 4994 Σκυθῶν
851 4943 1015 5010 μοῖρα
1062 4942 1162 4994 οὐκ
1192 4941 1372 5011 ὀλίγη,
1408 4942 1521 4993 ἀπὸ
1553 4941 1873 5011 Σαρματίας

300 5035 388 5086 ἐπὶ
416 5034 512 5086 τὸν
536 5031 750 5104 Ἰστρον
798 5033 1113 5096 ἐλάσαντες,
1148 5034 1243 5087 καὶ
1278 5034 1368 5085 τόν
1399 5050 1463 5097 γε
1494 5034 1709 5104 Ἴστρον
1751 5033 1861 5085 δια·

302 5126 515 5187 ϐάντες,
554 5125 681 5186 τούς
712 5142 772 5177 τε
800 5124 1081 5194 Τούρκους
1112 5126 1170 5177 ἐν
1222 5127 1288 5195 τῇ
1319 5123 1513 5195 Θράκῃ
1542 5122 1870 5187 κατέλαϐον,

305 5216 392 5267 καὶ
441 5214 812 5281 μαχεσάμενοι
850 5213 1178 5284 ἐτρέψαντο,
1236 5214 1332 5266 καὶ
1378 5213 1521 5281 πλὴν
1566 5213 1764 5277 ὀλίγων
1789 5231 1873 5265 τι-

306 5304 429 5367 νῶν,
458 5306 821 5381 διεχρήσαντο
852 5307 1174 5377 σύμπαντας
1207 5305 1587 5374 ἀφειδέστατα.
1623 5305 1780 5358 Ὅσοι
1814 5307 1871 5360 δὲ

309 5398 402 5449 οὐκ
443 5398 783 5469 ἐφθάρησαν,
832 5400 1193 5464 διασωθέντες
1255 5400 1313 5463 ἐς
1369 5398 1468 5470 τὴν
1499 5398 1873 5470 Χερρόνησον,
1910 5404 1967 5464 ἐς
1998 5404 2101 5475 τὴν
2150 5407 2337 5459 Ἀσίαν
2384 5404 2540 5470 αὖθις

312 5508 481 5546 κοντο.

377 5589 508 5641 Τότε
565 5588 659 5641 οὖν
711 5590 779 5642 τὰ
817 5588 1087 5659 Ἑλλήνων
1131 5590 1435 5661 πράγματα
1484 5592 1876 5646 ἐταλαντεύετο

313 5682 394 5733 ἐπ’
441 5682 755 5752 ἀμφότερα,
786 5682 1199 5754 διαφερομένων
1250 5684 1404 5751 σφίσι
1433 5685 1572 5739 κατὰ
1628 5685 1727 5754 τὴν
1773 5686 1878 5737 Βυ-

1981 4674 2197 4735 Iurque.
2236 4665 2309 4717 Ea
2336 4673 2661 4733 tempestate
2697 4662 2911 4734 Seytha‘.
2958 4679 3122 4733 parva
3151 4678 3310 4715 manu
3352 4678 3381 4715 a
3417 4660 3550 4714 Sar-

1980 4758 2145 4811 matia
2208 4755 2980 4827 prodeuntes.7feStinalu1t
3036 4756 3103 4810 ad
3154 4753 3369 4808 Istrum.
3430 4754 3552 4818 Quo

1979 4852 2331 4913 transmisso,
2364 4826 2613 4911 Turcos,‘
2637 4865 2776 4917 quos
2816 4865 2882 4902 eo
2916 4848 3022 4903 loci
3054 4846 3549 4916 depyehenderant,

1978 4944 2148 4997 atroci
2186 4945 2381 5013 prtelio
2408 4946 2545 5000 inito
2585 4945 2843 4999 fuderunt
2876 4960 2888 4995 :
2918 4953 2971 4996 et
3016 4941 3406 5011 propemodum
3436 4955 3553 4993 om-

1979 5051 2100 5101 nes,
2135 5038 2368 5105 demptis
2402 5037 2612 5105 pancis,
2641 5045 2991 5091 necaverunt.
3021 5034 3124 5100 Qui
3149 5044 3329 5087 autem
3355 5032 3551 5101 integri

1977 5142 2043 5181 ex
2064 5142 2131 5179 eo
2164 5128 2358 5195 prmlio
2392 5128 2637 5181 abierant
2670 5127 2822 5197 fuga,
2858 5128 2913 5180 iu
2932 5126 3332 5179 Chersonesum
3364 5123 3553 5189 delati.

1978 5227 2029 5271 et
2058 5219 2186 5272 hinc
2213 5220 2267 5273 in
2289 5218 2470 5273 Asiam
2499 5218 2819 5284 transvecti,
2847 5216 3065 5270 tandem
3092 5215 3162 5269 ab
3182 5214 3399 5283 Europa
3424 5214 3553 5268 abs-

1983 5310 2285 5365 tinuerunt.

2621 5406 2930 5471 διαϐάντες,
2977 5404 3160 5458 οὐκέτι
3229 5403 3393 5457 πάλιν
3430 5399 3555 5470 ἀφί-

2056 5591 2257 5646 Eodem
2301 5601 2545 5658 tempore
2582 5588 2896 5643 Crzecorum
2923 5604 3009 5643 res
3040 5587 3262 5657 ancipiti
3302 5586 3555 5640 frueban-

1985 5694 2072 5738 tur
2131 5684 2370 5747 fortuna,
2424 5698 2547 5737 cum
2603 5681 2874 5737 intestinis
2922 5680 3180 5736 discordii
3224 5680 3557 5748 agitarentur

1574 5779 1817 5842 Nolulee
1860 5778 2263 5856 marginales.

382 5873 483 5947 (l0)
510 5877 755 5931 Iconium
784 5878 931 5944 olim,
963 5897 1096 5935 nunc
1130 5882 1409 5950 Cangium.

2057 5883 2101 5950 (Ι
2124 5882 2165 5950 1)
2202 5880 2361 5949 ltegis
2388 5880 2597 5945 ianua,
2631 5876 2889 5933 custodes
2916 5876 3186 5946 corporis,
3228 5872 3483 5929 ianizari.
