4202 6430
257 397 317 462 29
1324 406 1421 465 DE
1464 405 1712 467 ΗΕΒυὸ
1742 407 2104 469 TURCICIS
2146 413 2301 473 LIB.
2343 415 2393 473 Ι.

3417 419 3488 481 30

315 518 372 568 Οἱ
424 516 607 582 μέντοι
652 518 759 570 ἀπὸ
792 520 1062 589 Ἐσπὲρας
1096 538 1151 573 τε
1184 522 1280 573 καὶ
1316 522 1542 586 Ἰταλίας
1590 524 1804 592 ἄνδρες,

1981 530 2096 584 Itali
2119 542 2172 584 et
2198 531 2424 599 Hispani
2447 530 2582 601 (I6),
2619 530 2849 586 lustrata
2876 531 3197 587 Macedonia
3228 539 3292 612 et,
3313 529 3487 587 Thes-

258 609 336 662 διὰ
367 610 707 674 Μακεδονίας
738 614 922 675 τε,κιὶ
973 615 1267 676 Θετταλίας
1304 617 1358 677 ἐς
1392 616 1657 669 Βοιωτίαν
1687 619 1813 683 ἀφι-

258 703 485 769 κόμενοι,
519 703 786 773 κατέσχον
816 706 1011 773 αὐτὴν,
1047 707 1144 760 καὶ
1186 706 1282 769 τὰς
1311 707 1494 773 Θήὁας
1544 708 1815 777 ἠνδραπο-

256 795 459 848 δίσαντο
482 798 763 868 ἀφροσύνῃ
810 799 905 850 τοῦ
962 801 1256 869 ἡγεμόνος,
1290 801 1349 863 ὃς
1382 802 1572 865 δεδιώς
1603 821 1662 853 τε
1714 804 1813 854 αὐ-

255 892 388 951 τοὺς.
425 891 518 942 καὶ
541 891 1021 962 ὑπολογιζόμενος,
1056 895 1211 966 ἐπῄει
1238 896 1312 957 ὡς
1332 896 1810 964 ἀναρπασόμενος.

255 976 403 1035 Οὐτοι
442 985 542 1053 μὲν
595 984 689 1038 οὗ)
723 987 1135 1057 ταφρεύσαντες
1170 990 1232 1041 τὸ
1276 990 1498 1060 χωρίον,
1532 993 1627 1043 καὶ
1667 990 1813 1059 ὕδωρ

255 1076 305 1137 ἐς
332 1077 459 1129 αὐτὸ
494 1078 845 1145 ἐμβαλόντες,
884 1082 977 1135 ἐπὶ
999 1081 1134 1135 πολὺ
1170 1083 1374 1135 ἄϐατον
1408 1087 1521 1145 τοῖς
1552 1084 1812 1137 ἱππεῦσιν

256 1168 579 1236 ἐποιήσαντο
611 1171 671 1223 rb
724 1174 945 1239 χωρίον.
980 1177 1042 1228 υἱ
1107 1176 1205 1249 μὲν
1237 1176 1328 1229 οὖν
1365 1178 1551 1241 ἱππεῖς
1591 1180 1639 1229 οἱ
1676 1179 1816 1247 μετὰ

209 1300 217 1306 .
256 1260 342 1313 τοῦ
392 1264 657 1331 ἡγεμόνος
688 1264 837 1317 ἔθεον
860 1266 1045 1336 δρόμῳ
1072 1269 1162 1319 ἐπὶ
1202 1271 1329 1332 τούς
1368 1270 1691 1339 Ἐσπερὶους
1738 1274 1814 1337 ὡς

255 1354 731 1422 ἀναρπασόμενοι·
773 1357 1042 1430 ἑμσᾲντες
1094 1360 1149 1412 δὲ
1200 1362 1255 1423 ἐς
1302 1362 1368 1414 τὸ
1395 1364 1619 1432 χωρίον,
1654 1365 1815 1434 χαλε-

256 1446 364 1509 πῶς
421 1448 726 1515 ἐχρήσαντο
786 1452 970 1515 σφισιν
1002 1453 1221 1516 αὐτοῖς·
1268 1457 1315 1506 οἱ
1364 1444 1420 1507 δὲ
1485 1456 1814 1526 Ταρακῶνες

255 1539 618 1603 καταπέλταις
649 1559 708 1595 τε
738 1546 830 1596 καὶ
860 1545 1035 1607 τόξοις
1064 1546 1350 1615 βάλλοντες
1384 1549 1475 1601 καὶ
1520 1551 1813 1615 ἀκοντίοις,

252 1630 373 1694 τοὺς
421 1633 652 1696 mnos;
689 1637 797 1689 τῶν
851 1638 1102 1692 Βοιωτῶν
1152 1641 1318 1694 αὐτοῦ
1366 1644 1541 1713 ταύτῃ
1596 1644 1815 1713 διεχρή-

253 1740 428 1776 σαντο.
469 1726 734 1798 ’Υστερον
788 1729 844 1783 δὲ
902 1732 995 1784 ἐπὶ
1026 1733 1124 1799 τὴν
1160 1734 1316 1792 πόλιν
1362 1736 1610 1799 ἐλθόντες
1656 1738 1816 1790 αὐτο-

253 1816 360 1867 ἦοεί
388 1834 446 1869 τε
479 1819 579 1889 τὴν
614 1821 771 1873 πόλιν
804 1817 973 1887 εἷλον,
1006 1827 1102 1879 καὶ
1147 1827 1623 1896 ἠνδραποδίσαντο.
1659 1822 1816 1881 Οὗτοι

254 1908 349 1973 μὲν
373 1906 468 1962 οὖν
497 1910 727 1981 ὕστερον
750 1915 808 1979 ἐς
846 1916 1073 1971 Ἰταλίαν
1098 1920 1507 1988 περαιούμενοι,
1541 1920 1627 1975 ἐπ’
1666 1921 1815 1973 οἴκου

249 2003 547 2070 ἐτράποντο
596 2008 854 2072 ἕκαστος·
894 2012 1156 2079 Ἕλληνες
1189 2014 1244 2065 δὲ
1301 2015 1439 2082 μετά
1474 2016 1814 2086 Ἀνδρονίκου

248 2093 339 2146 τοῦ
396 2096 680 2163 βασιλέως,
723 2104 817 2155 καὶ
872 2108 985 2167 τοῖς
1027 2105 1136 2158 ἀπὸ
1166 2106 1430 2174 Τούρκων
1464 2109 1813 2175 αὐτομόλοις,

246 2189 338 2239 καὶ
368 2194 481 2251 τοῖς
514 2194 621 2244 ἀπὸ
656 2195 886 2259 Ἰταλίας
922 2198 1107 2260 κακῶς
1148 2202 1512 2269 χρησάμενοι,
1535 2202 1816 2269 οὐχὸπως

245 2280 394 2333 οὐδὲν
419 2280 650 2349 εὕραντο
686 2287 1016 2356 ἐπιτήδειον,
1053 2290 1190 2344 ἀλλά
1235 2294 1327 2344 καὶ
1366 2292 1658 2363 πολεμίους
1687 2294 1815 2361 σφί-

246 2390 329 2426 σιν
360 2376 577 2444 ἔχοντες
613 2379 863 2444 τούτους,
891 2384 983 2436 ἐπὶ
1016 2383 1077 2435 τὸ
1106 2384 1233 2448 τοὺς
1263 2387 1413 2452 σφῶν
1455 2386 1699 2454 εὐγενεῖς
1723 2389 1813 2440 θε-

245 2470 507 2537 ραπεύειν
541 2474 703 2541 μόνον
734 2478 1096 2546 τραπόμενοι,
1129 2481 1230 2547 τῆς
1260 2495 1321 2533 τε
1352 2481 1531 2549 ἀρχῆς
1574 2481 1812 2544 εἰσόδους

243 2566 668 2635 κατανηλισκον,
698 2570 793 2620 καὶ
822 2568 946 2622 οὔτε
980 2572 1297 2641 στράτευμα
1340 2574 1652 2641 συνέλεγον,
1689 2576 1812 2629 οὔτε

243 2655 425 2720 ξένους
456 2660 886 2730 μισθωσάμενοι,
922 2667 1018 2717 καὶ
1046 2667 1174 2729 τοὺς
1210 2667 1507 2736 πολεμίους
1555 2668 1809 2731 ἑπιόντας

244 2752 393 2813 σφίσι
438 2756 707 2821 τιμωρεῖν
741 2754 1053 2823 ἠϐούλοντο.
1096 2758 1388 2829 Ἐπάνειμι
1413 2758 1470 2812 δὲ
1512 2759 1599 2812 ἐπ’
1631 2762 1811 2813 ἐκεῖνο

241 2840 335 2892 τοῦ
365 2842 550 2908 λόγου,
581 2844 704 2899 ὅθεν
738 2862 827 2916 μοι
867 2845 1104 2909 ἐξέλιπε.

244 2942 511 2997 militibus
546 2945 858 3012 conductis,
890 2964 1014 3003 cum
1051 2950 1217 3006 etiam
1251 2950 1590 3022 negligercnt
1625 2949 1813 3005 hostes

249 3049 512 3093 revertor.

323 3135 655 3202 Ὀτουμάνος
702 3137 802 3205 μὲν
830 3133 925 3192 οὖν
965 3136 1398 3209 Ὀρθογρούλεω,
1429 3138 1498 3192 τά
1522 3137 1675 3192 πλέω
1706 3138 1807 3208 τῆς

239 3230 338 3296 τὴν
391 3230 581 3282 Ἀσίαν
616 3229 887 3300 Ἐλλήνων
930 3233 1115 3304 χώρας
1145 3233 1693 3302 καταστρεψάμενος.
1754 3236 1812 3297 ἐς

1916 622 2072 686 salia,
2109 639 2233 676 eum
2267 623 2502 693 ingressi
2548 632 2738 678 essent
2772 623 3182 687 ﬂnes-Bmotim,
3239 638 3361 679 eam
3396 639 3490 678 re-

1916 715 2129 784 gionem
2162 725 2527 785 occuparunt.
2573 716 2791 771 Thebas
2832 731 3053 786 quoque
3109 716 3486 785 diripuerunt,

1915 806 2074 869 cujus
2120 808 2449 877 direptionis
2481 824 2645 863 causa
2702 809 2914 864 exstitit
2952 809 3111 864 ducis
3160 809 3488 878 impruden-

1916 900 2016 958 tia.
2066 900 2158 968 qui
2206 917 2331 956 cum
2391 902 2619 956 timidos
2648 910 2703 955 et
2765 901 3013 957 imbelles
3066 902 3309 956 crederet
3364 902 3493 967 hos,

1915 992 2077 1060 quasi
2108 1007 2297 1046 omnes
2347 994 2401 1047 in
2437 1008 2594 1048 suam
2637 1002 2969 1063 potestatem
3011 995 3362 1057 redacturus,
3412 994 3498 1049 fe-

1916 1100 2012 1138 τοι
2042 1100 2139 1139 eos
2185 1086 2556 1140 adoriebatur.
2615 1087 2685 1138 At
2729 1085 2846 1140 Itali
2878 1096 2932 1140 et
2980 1084 3255 1155 Hesperii,
3307 1086 3488 1140 locum

1917 1178 2071 1231 illum
2108 1178 2400 1242 fodientes,
2456 1188 2511 1232 et
2560 1192 2759 1247 aquam
2802 1177 3032 1231 multam
3079 1179 3133 1231 in
3182 1179 3360 1234 fossas
3389 1177 3489 1231 ad-

1918 1270 2219 1329 mittentes.
2250 1271 2550 1325 eII‘ecerunt
2590 1278 2647 1324 ut
2682 1272 2837 1325 locus
2866 1270 2955 1325 ille
3001 1272 3243 1340 equestri
3291 1286 3486 1340 pugna

1919 1368 2099 1417 minus
2126 1366 2231 1433 ιο
2251 1374 2396 1418 esset
2415 1372 2784 1433 opportunus.
2818 1363 2934 1416 Dux
2966 1365 3157 1433 igitur,
3188 1380 3387 1434 magnu
3429 1380 3491 1418 e-

1918 1454 2133 1521 quitatu
2167 1458 2219 1509 in
2272 1453 2399 1507 illos
2432 1452 2767 1522 irrumpens,
2834 1457 2993 1523 quasi
3051 1456 3229 1521 primo
3282 1458 3486 1523 impetu

1919 1546 2108 1599 hostes
2159 1543 2501 1609 devicturus,
2543 1545 2599 1598 in
2636 1546 2936 1598 tnaximum
3000 1546 3303 1612 periculum
3363 1561 3488 1599 eum

1918 1640 2031 1695 suis
2076 1638 2447 1707 prmcipitatus
2475 1646 2581 1700 est,
2633 1652 2759 1691 cum
2787 1639 2913 1707 equi
2970 1640 3089 1693 solo
3150 1641 3499 1694 coluererent

1920 1731 2183 1790 instabili.
2244 1730 2664 1785 Taraconenses
2721 1733 2838 1786 sive
2899 1732 3122 1801 Hispani
3184 1734 3500 1803 ingerentes

1920 1827 2162 1896 tragulas
2194 1834 2249 1879 et
2287 1826 2539 1894 sagittas,
2591 1833 3026 1895 torquentesque
3055 1828 3307 1891 missilia,
3366 1829 3489 1897 plu-

1920 1919 2092 1972 rimos
2127 1919 2444 1972 Bmotorum
2476 1934 2542 1972 eo
2570 1918 2674 1970 loci
2712 1919 2827 1971 neci
2867 1919 3133 1972 dederunt
3179 1938 3192 1972 :
3228 1922 3354 1973 hinc
3400 1921 3495 1973 ad—

1919 2028 2110 2071 versus
2166 2012 2358 2066 urbem
2413 2011 2662 2079 profecti,
2716 2021 2931 2081 captam
2980 2011 3278 2081 deprzedati
3314 2024 3489 2068 sunt:

1919 2106 2010 2176 qui
2038 2104 2254 2160 tandem
2280 2104 2568 2159 redeuntes
2588 2104 2640 2157 in
2667 2104 2902 2170 Italiam,
2929 2108 3122 2159 domos
3156 2116 3487 2159 remearunt.

1916 2198 2090 2252 Graeci
2118 2206 2239 2251 cum
2284 2212 2410 2265 rege
2433 2211 2534 2250 suo
2566 2197 2903 2259 Andronico,
2943 2213 3067 2251 cum
3119 2212 3309 2266 parum
3374 2197 3501 2249 1ex-

1917 2302 1998 2347 tre
2058 2291 2272 2346 Tttrcos
2309 2290 2643 2361 transfugas,
2682 2306 2782 2344 nec
2816 2308 2924 2344 non
2958 2306 3055 2345 eos
3109 2291 3202 2359 qui
3237 2294 3305 2343 ab
3340 2291 3490 2343 Italia

1917 2383 2127 2437 ferendi
2174 2382 2365 2435 auxilii
2398 2382 2570 2451 gratia
2604 2382 2968 2441 advenerant,
3018 2380 3309 2445 fovissent,
3359 2396 3497 2449 prae-

1917 2486 2000 2529 ter
2030 2474 2343 2544 opinionem
2380 2473 2547 2527 etiam
2598 2473 2699 2526 ItOS
2735 2472 2842 2525 sibi
2878 2472 3130 2527 inimicos
3174 2490 3241 2527 ex
3298 2475 3509 2528 amicis

1917 2578 1973 2624 et
2014 2566 2380 2623 auxiliaribus
2431 2566 2632 2621 fecere.
2672 2564 2988 2619 Graecorum
3038 2576 3223 2621 autem
3279 2566 3491 2621 nobiles

1917 2677 2041 2717 cum
2087 2660 2496 2731 profusioribus
2548 2659 2940 2727 largitionibus
2975 2660 3027 2712 in
3085 2675 3143 2714 se
3202 2668 3492 2713 converte-

1920 2762 2043 2809 rent
2084 2752 2279 2820 rcguli,
2317 2750 2473 2821 regni
2520 2750 2733 2804 reditus
2767 2750 3061 2805 universos
3092 2752 3490 2814 exhauserunt,

1920 2848 2075 2903 nullo
2111 2844 2332 2899 interim
2387 2844 2634 2898 exercitu
2684 2854 3026 2912 comparatu,
3063 2860 3159 2897 nec
3192 2844 3493 2912 peregrinis

1888 2944 2007 3002 suis
2065 2942 2268 2998 ﬁnibus
2322 2955 2535 2995 arcere.
2587 2939 2747 2993 Nune
2818 2941 2961 2994 unde
3012 2940 3293 3010 digressus
3343 2956 3492 3010 sum,

1987 3130 2334 3192 Ottomanus,
2373 3124 2691 3195 Ortbogulis
2715 3123 2887 3187 filius,
2922 3123 3148 3177 subacta
3174 3122 3489 3181 Graecorum

1920 3222 2102 3277 Asiam
2138 3218 2490 3272 incolentium
2538 3216 2761 3285 regione
2796 3230 2935 3285 pene
2997 3216 3276 3280 universa,
3331 3219 3495 3273 irruit

240 3321 485 3374 Νίκαιαν
520 3340 578 3374 τε
613 3323 856 3386 ἐσέϐαλε,
888 3326 981 3377 καὶ
1006 3327 1063 3385 ἐς
1093 3324 1501 3393 Φιλαδέλφειαν.
1525 3326 1812 3394 Οὐ”μέντοι

1920 3317 1976 3369 in
2016 3314 2248 3367 Nicaeam
2281 3320 2334 3364 et
2381 3308 2841 3376 Philadelphiam,
2898 3323 3065 3377 quam
3116 3309 3257 3362 haud
3312 3318 3491 3364 tamen

242 3431 305 3480 τε
332 3408 446 3465 εἷλε
479 3414 538 3463 τὸ
568 3415 727 3468 ἄστυ.
759 3416 867 3467 Καὶ
916 3416 1053 3484 πρὸς
1093 3416 1371 3485 Τούρκους
1403 3418 1531 3479 τοὺς
1566 3419 1703 3485 μετὰ
1735 3419 1818 3471 Ὀ-

245 3507 467 3573 μούρεω
492 3507 786 3577 διενεχθεὶς
814 3508 1394 3577 ἐπολέμησεν.”Αρξας
1418 3510 1474 3563 δὲ
1494 3513 1550 3563 ὲν
1572 3512 1815 3585 Προύσῃ,

242 3602 299 3650 ὲν
397 3601 465 3653 τὶ
519 3600 767 3669 βασίλεια
802 3601 1092 3667 ἐπεποίητό
1125 3601 1201 3663 οε,
1260 3602 1606 3672 ἐτελεύτησε,
1650 3621 1818 3657 κατα-

242 3690 423 3742 λιπὼν
450 3691 650 3753 παῖδας
673 3689 768 3741 καὶ
795 3691 980 3759 χώραν
1004 3691 1067 3743 οὐ
1088 3691 1323 3762 φαύλην,
1347 3694 1442 3745 καὶ
1469 3696 1697 3765 στρατὸν
1717 3696 1817 3748 οὐκ

241 3785 472 3851 ἀγεννῆ.

314 3878 761 3948 Τελευτήσαντος
807 3878 864 3931 δὲ
929 3878 1261 3948 Ὀτουμάνου
1305 3881 1333 3933 ό
1389 3881 1655 3952 νεώτερος
1709 3881 1818 3934 τῶν

239 3970 457 4024 παίδων
487 3968 654 4023 αὐτοῦ
698 3971 1011 4040 γενόμενος,
1063 3973 1192 4035 τοὺς
1240 3974 1323 4025 ὅτι
1355 3972 1633 4041 ἐγγύτατα
1663 3975 1815 4046 παρὰ

236 4061 316 4131 τῷ
349 4062 523 4130 πατρὶ
572 4063 982 4128 διαιτωμένους,
1032 4067 1108 4127 ὡς
1156 4060 1267 4118 οἶόν
1302 4064 1351 4118 τ’
1383 4062 1452 4136 ἦν
1501 4066 1652 4136 αὐτῷ
1684 4068 1819 4120 ἀνα-

237 4156 548 4225 κτώμενος,
580 4157 922 4223 ἐπιτηδείους
952 4173 1009 4209 τε
1036 4156 1184 4226 αὐτῷ
1220 4152 1353 4227 εἶχε,
1390 4158 1482 4211 καὶ
1515 4159 1572 4220 ἐς
1603 4158 1669 4211 τὰ
1710 4161 1817 4228 μά-

234 4250 403 4301 λιστα
462 4250 735 4318 συνήθεις.
780 4251 912 4303 Ἀπὸ
936 4250 1144 4303 τούτων
1200 4252 1288 4321 δὴ,
1321 4252 1442 4304 ἐπεί
1477 4268 1535 4304 τε
1584 4252 1816 4323 τάχιστα

234 4341 478 4395 ἐπύθετο
520 4340 839 4409 τελευτῆσαι
878 4341 1205 4410 Ὀτουμάνον
1245 4344 1373 4396 ὄντα
1422 4345 1524 4416 ἤδη
1652 4363 1817 4414 φασιν

234 4435 331 4485 ἐπὶ
369 4433 584 4502 γήραος
624 4433 784 4503 οὐδῷ,
826 4435 1134 4503 ἀποφυγεῖν
1164 4436 1266 4505 μὲν
1298 4438 1498 4491 αὐτίκα
1527 4440 1652 4502 τοὺς
1670 4441 1817 4492 ἀδελ-

234 4528 375 4589 φοὺς
412 4525 658 4577 ἐκποδὼν
685 4526 982 4596 γενόμενον
1011 4528 1104 4580 ἐπὶ
1141 4528 1428 4598 Ὄλυμπον
1458 4530 1559 4598 τῆς
1598 4531 1815 4595 Μυσίας

231 4617 365 4688 ὅρος
390 4634 405 4647 ⁸
434 4618 895 4689 διαπορευόμενον
927 4620 984 4673 δὲ
1017 4621 1157 4673 κατά
1190 4621 1295 4691 τὴν
1331 4620 1470 4684 ὁδὸν,
1500 4624 1812 4692 περιτυχεῖν

1921 3422 2033 3461 sua:
2061 3404 2252 3458 ditinni
2298 3403 2561 3455 admovit.
2595 3400 2809 3454 Turcos
2863 3416 3081 3469 quoque
3141 3401 3234 3468 qui
3292 3400 3496 3455 Homu-

1923 3516 2016 3553 ren
2046 3498 2438 3567 sequebantur,
2469 3494 2776 3549 inimicitiis
2810 3504 3094 3564 permotus
3131 3495 3275 3548 bello
3309 3497 3490 3564 petiit.

1921 3593 2177 3657 Regnans
2215 3598 2398 3643 autem
2433 3587 2640 3649 Prusae,
2671 3603 2793 3656 qua
2840 3589 2996 3654 regni
3027 3587 3184 3643 sedes
3214 3599 3356 3652 erat,
3398 3605 3495 3642 ex-

1920 3686 2167 3755 spiravit,
2210 3684 2416 3737 reliCtis
2466 3682 2678 3749 liberis,
2710 3690 2765 3736 et
2808 3682 3033 3750 regione
3072 3682 3409 3752 amplissima
3441 3692 3496 3738 et

1919 3776 2157 3833 exercitu
2189 3776 2332 3830 forti.

1994 3869 2255 3924 Defuncto
2296 3867 2586 3922 Ottomano
2642 3868 2779 3940 (I7),
2807 3868 2950 3921 Iilitts
2985 3867 3103 3935 eius
3149 3878 3279 3922 natu
3329 3868 3496 3921 mini-

1921 3979 2044 4017 mus
2082 3979 2143 4015 ex
2202 3963 2400 4023 tribus,
2460 3959 2743 4014 Orcbanes
2803 3961 3046 4025 nomine,
3090 3964 3487 4030 praeoccupatis

1920 4056 2119 4111 animis
2166 4070 2355 4109 eorum
2387 4054 2478 4123 qui
2514 4054 2567 4107 in
2603 4053 2968 4107 arctissimam
3015 4054 3189 4122 patris
3239 4053 3493 4107 admitte-

1921 4152 2121 4205 bantur
2148 4148 2471 4209 amicitiam,
2498 4162 2591 4200 eos
2621 4147 2726 4199 sibi
2759 4146 3065 4200 familiares
3090 4154 3143 4199 et
3175 4162 3337 4214 quam
3372 4162 3490 4198 nia--

1918 4244 2061 4298 xime
2107 4252 2443 4311 opportunos
2480 4240 2679 4292 tenuit.
2736 4239 2811 4293 Ex
2845 4240 3044 4308 quibus
3081 4240 3488 4308 quamprimum

1918 4336 2148 4406 accepit,
2187 4332 2538 4389 Ottomanum
2576 4334 2688 4402 jam
2734 4332 2815 4403 (ut
2855 4332 3056 4401 ferunt)
3093 4332 3146 4386 in
3185 4334 3491 4387 senectutis

1920 4429 2518 4489 Iimineconstitutum,
2566 4427 2774 4479 obiisse
2805 4434 3060 4485 mortem,
3097 4427 3294 4480 fratres
3342 4426 3489 4478 illico

1920 4526 2153 4596 fugiens,
2191 4524 2459 4592 proripuit
2490 4536 2549 4575 se
2575 4520 2641 4572 ad
2677 4520 2963 4589 Olympum
3008 4520 3192 4589 Mysiae
3224 4528 3489 4573 montem.

1916 4618 2053 4672 Cum
2102 4618 2205 4670 iter
2266 4616 2492 4674 faceret,
2540 4610 2737 4665 incidit
2788 4611 2840 4663 in
2896 4610 3068 4664 multa
3098 4626 3362 4679 equorum
3404 4625 3495 4663 ar-

232 4712 427 4762 ἵππων
462 4712 641 4782 φορϐῇ
675 4714 846 4785 ταύτῃ
896 4729 1001 4764 που
1028 4713 1131 4782 τῆς
1179 4714 1365 4783 χώρας
1412 4716 1811 4785 ἐπινεμομένη,

1920 4722 2126 4773 menta,
2162 4725 2283 4780 qua:
2318 4708 2560 4779 partitur
2591 4706 2643 4758 in
2682 4705 2857 4768 viros,
2891 4705 2984 4773 qui
3020 4704 3087 4758 ad
3136 4720 3195 4758 se
3247 4705 3302 4759 in
3337 4720 3496 4757 mon-

229 4805 327 4855 καὶ
376 4803 654 4873 διανεῖμαι
681 4806 888 4874 ταύτην
930 4804 1160 4874 ἀνδράσι
1198 4809 1313 4869 τοῖς
1361 4806 1470 4857 ἀπὸ
1517 4805 1613 4858 τοῦ
1650 4806 1813 4876 ὅρους

228 4896 320 4947 ἐπ’
351 4896 525 4949 αὐτὸν
554 4896 987 4965 συλλεγομένοις,
1021 4897 1117 4950 καὶ
1136 4897 1635 4953 ἑπικαταδαίνοντα
1671 4902 1727 4961 ἐς
1752 4900 1814 4951 τὸ

231 4990 450 5049 πεδίον,
506 4989 823 5058 ἐπιτρέπειν
871 4990 1057 5052 αὐτοῖς
1094 4990 1423 5061 διαρπάζειν
1475 4992 1577 5045 ὅσα
1632 4991 1685 5059 γ’
1743 4992 1812 5044 ἂν

227 5082 450 5142 τούτοις
478 5083 827 5151 προσχωροίη
863 5096 880 5116 ο
903 5082 1223 5153 ὁρμώμενον
1264 5084 1322 5137 δὲ
1351 5086 1525 5155 ταύτῃ
1560 5086 1669 5137 ἀπὸ
1716 5085 1813 5138 τοῦ

228 5175 423 5244 ὅρους,
460 5175 615 5243 ἄγειν
645 5176 738 5227 καὶ
774 5175 962 5245 φέρειν
992 5177 1090 5245 τὴν
1120 5176 1299 5231 πόλιν.
1335 5177 1459 5230 Τῶν
1484 5177 1541 5229 δὲ
1568 5175 1818 5244 ἀδελφῶν

228 5267 409 5320 αὐτοῦ
432 5267 621 5335 σφίσιν
651 5267 902 5335 ἀλλήλοις
925 5267 1404 5338 διαπολεμούντων
1434 5287 1514 5331 τε,
1552 5270 1643 5323 καὶ
1674 5270 1820 5337 ἀμφὶ

227 5360 360 5422 τοὺς
394 5360 630 5420 οεκεὶους
649 5358 883 5429 ἑχόντων
912 5360 1206 5429 πολέμους,
1242 5364 1299 5423 ὲς
1318 5360 1347 5412 δ
1380 5360 1445 5431 δὴ
1475 5362 1568 5414 καὶ
1589 5361 1688 5414 οὐκ
1712 5362 1821 5413 ὀλί-

228 5466 346 5517 γων
382 5451 496 5503 τῶν
513 5452 625 5505 ἀπὸ
654 5452 750 5519 τῆς
770 5451 1002 5515 πόλεως,
1032 5454 1125 5505 καὶ
1140 5455 1344 5523 ἀμφοῖν
1366 5452 1444 5505 τὼ
1464 5452 1676 5523 ἀδελφὼ
1706 5454 1825 5505 ἐπιδ

227 5545 522 5613 γενομένω
553 5544 726 5612 αὐτῷ,
757 5544 1169 5615 δπικαταὸῆναί
1202 5564 1261 5600 τε
1309 5548 1367 5609 ἐς
1393 5546 1455 5600 τὸ
1490 5547 1691 5611 πεδίον,
1726 5547 1821 5599 καὶ

228 5636 289 5699 ἐς
321 5637 565 5706 πόλεμον
599 5637 1022 5707 καθιστάμενον,
1079 5642 1193 5702 τοῖς
1241 5639 1493 5710 ἀδελφοῖς
1528 5639 1649 5692 οὖσι
1694 5640 1811 5709 διῃ-

1924 4815 2030 4859 tem
2070 4808 2488 4858 concurrerant.
2541 4799 2949 4854 Descendentes
2980 4806 3159 4852 autem
3194 4798 3263 4851 de
3314 4806 3498 4851 monte

1922 4897 1977 4951 in
2012 4897 2130 4950 loca
2173 4895 2446 4964 subjecta,
2499 4900 2827 4961 potestatem
2864 4890 3000 4959 ipsis
3055 4890 3298 4961 rapiendi
3353 4891 3499 4943 dedit

1920 5002 2263 5059 quaecunque
2291 4988 2444 5040 nacti
2479 4984 2734 5039 fuissent.
2778 4981 2961 5035 Etiam
2998 4982 3208 5046 urbem,
3247 4998 3370 5035 cum
3405 4982 3500 5035 ad-

1924 5085 2031 5137 huc
2058 5089 2377 5135 versaretur
2417 5082 2471 5134 in
2514 5077 2768 5148 Olympo,
2824 5083 3189 5146 expugnatam
3246 5075 3495 5144 diripuit.

1922 5174 2209 5230 Fratribus
2248 5184 2430 5229 autem
2485 5171 2601 5227 suis
2648 5171 2913 5224 intestino
2961 5169 3105 5223 bello
3154 5167 3495 5229 ardentibus,

1922 5277 1976 5325 et
2033 5279 2329 5337 utrumque
2382 5266 2621 5318 maxima
2674 5273 2830 5334 parte
2889 5262 3175 5315 hominum
3234 5258 3498 5327 frequen-

1923 5370 2098 5425 tante,
2156 5376 2281 5413 cum
2331 5358 2635 5427 accepisset
2674 5371 2772 5410 eos
2803 5357 2965 5424 longo
3018 5353 3308 5407 intervallo
3355 5367 3386 5405 a
3438 5366 3498 5406 se

1920 5449 2126 5503 divisos
2163 5457 2347 5502 castra
2394 5445 2674 5515 posuisse,
2721 5459 2843 5497 cum
2898 5442 3014 5495 suis
3047 5442 3114 5496 de
3166 5449 3350 5494 monte
3381 5440 3497 5493 dis-

1919 5541 2145 5604 cedens,
2210 5538 2457 5607 singulos
2523 5537 2753 5591 seorsim
2816 5533 3157 5603 aggreditur,
3232 5532 3493 5586 interem-

1924 5633 2143 5703 ptisque
2161 5630 2430 5697 victisque
2448 5627 2715 5683 ambobus
2748 5625 3013 5681 fratribus
3044 5624 3183 5691 suis,
3217 5623 3397 5694 ipsius
3425 5622 3493 5677 ad

1518 5780 1761 5841 Notulze
1815 5776 2218 5854 marginales.

306 5901 427 5971 (16)
452 5900 566 5957 Itali
594 5901 862 5962 Catalani,
893 5902 1049 5959 I502.

2000 5903 2105 5975 (ιτ)
2142 5900 2470 5958 Αιιιιοιδδο.
