4202 6430
654 412 726 474 35
1792 393 2108 458 LAONICI
2149 384 2812 450 CHALCOCONDYLIE
3847 367 3919 436 35

657 533 760 603 13
816 530 1093 598 Europam
1150 522 1563 580 contenderunt
1612 517 1682 572 ad
1741 514 2138 574 Sulaimanem,
2185 516 2236 562 et

2342 504 2537 568 ταῦτα,
2579 503 2779 556 αὐτίκα
2811 501 2870 562 ἐς
2903 497 3002 570 τὴν
3044 495 3316 567 Εὐρώπην
3355 493 3509 562 παρά
3536 489 3920 560 Σουλαιμάνην

653 623 890 676 maxima
917 618 1069 674 brevi
1096 615 1380 669 hominum
1406 609 1707 666 multitudo
1757 607 1812 660 in
1849 604 2239 660 Chersoneson

650 715 716 768 ad
756 714 936 782 ipsum
967 708 1287 765 conﬂuebat
1325 705 1576 772 untdique
1621 717 1694 757 es
1752 699 1882 754 Asia
1915 714 1932 752 :
1962 702 2017 748 et
2045 709 2110 748 eo
2140 691 2242 746 loci

2337 599 2631 660 διέϐαινον,
2666 595 2763 647 καλ.
2788 591 3148 660 συνελέγοντο
3181 592 3266 655 είς
3296 589 3402 660 τὴν
3429 587 3786 658 Χερρόνησον
3813 583 3918 638 οὐκ

2341 691 2542 760 ὀλίγοι.

651 804 1003 876 agriculturae
1034 816 1256 871 operam
1289 795 1688 865 dabant,agris
1713 793 1830 849 suis
1859 791 1913 844 in
1951 789 2081 845 Asia
2113 795 2429 856 parcentes.

723 894 928 950 Deinde
971 910 1061 947 rex
1087 893 1433 955 Graecorum,
1472 889 1670 960 legatis
1707 887 1914 950 missis,
1949 899 2076 939 cum
2122 880 2231 937 Su-

651 991 887 1044 laimane
921 987 1194 1041 Orchanis
1225 984 1338 1040 ﬁlio
1375 998 1568 1056 pacem
1601 983 1752 1046 fecit,
1808 978 2126 1047 amicosque
2183 983 2238 1029 et

652 1084 894 1152 hospites
923 1081 974 1134 in
1005 1080 1251 1133 futurum
1293 1093 1353 1132 se
1381 1087 1575 1131 mutuo
1626 1073 1745 1128 I'ore
1796 1069 1983 1128 testati
2044 1077 2180 1124 sunt
2216 1086 2232 1123 :

649 1185 705 1232 et
735 1176 1052 1245 conjunctis
1110 1173 1285 1243 copiis
1334 1171 1537 1225 bellum
1589 1169 1644 1222 in
1681 1167 1956 1221 Triballos
2021 1164 2136 1234 (qui
2183 1170 2239 1217 et

652 1268 893 1341 Bnlgari)
934 1267 1360 1322 transtulerunt.
1383 1262 1621 1330 Quidam
1681 1260 1996 1332 perhibent,
2062 1259 2239 1313 adhuc

654 1363 952 1432 superstite
993 1360 1277 1423 Orchane,
1311 1357 1687 1412 Sulaimanem
1750 1354 1918 1408 lilium
1971 1354 2239 1408 transisse

656 1455 708 1508 in
735 1451 1035 1523 Europam,
1067 1451 1395 1506 accersitum
1419 1447 1975 1504 adversus'l'riballos
2007 1448 2074 1500 ab
2088 1445 2241 1499 Grae-

653 1559 847 1600 corum
881 1560 1028 1614 rege.
1074 1542 1302 1598 Triballi
1364 1549 1547 1596 autem
1598 1556 1667 1595 eo
1730 1555 1893 1610 quem
1959 1539 2240 1594 trademus

655 1633 837 1699 modo,
868 1635 934 1688 ad
956 1634 1187 1703 Europae
1212 1631 1495 1701 imperium
1532 1629 1898 1684 devenerunt.
1928 1628 2240 1697 Stephanus

655 1729 836 1793 (quem
893 1723 1191 1790 Stepanum
1254 1721 1372 1791 alii)
1407 1719 1776 1774 Triballorum
1811 1733 1906 1773 rex
1960 1717 2239 1788 prolectus

653 1815 722 1869 ab
761 1829 825 1868 ea
858 1814 1081 1883 regione
1120 1828 1243 1883 qua:
1271 1827 1468 1867 versus
1492 1810 1706 1866 Ionium
1769 1819 1940 1880 patet,
1983 1811 2110 1881 igne
2152 1811 2238 1864 in-

653 1906 979 1975 cendiisque
1010 1906 1264 1976 plurimis
1298 1905 1582 1977 Epidamni
1620 1905 1895 1974 regionem
1921 1906 2237 1968 devastans.

652 1999 822 2055 etiam
853 1999 1219 2068 Epidamnum
1252 1998 1420 2070 (quod
1449 2005 1504 2051 et
1535 1996 1956 2068 Dyrrhachium)
1985 1998 2237 2069 subegit:

655 2105 707 2148 et
724 2093 851 2147 hinc
894 2093 948 2146 in
972 2089 1347 2146 Macedoniam
1377 2092 1655 2147 exercitus
1674 2092 1855 2154 duxit,
1885 2091 2243 2161 Scepiorum-

656 2203 766 2257 que
789 2188 978 2243 urbem
1017 2187 1170 2254 regni
1203 2184 1386 2239 sedem
1420 2184 1743 2239 declaravit.
1770 2184 2018 2239 Fuerunt
2057 2193 2241 2239 autem

658 2281 774 2347 isti,
803 2287 1075 2350 quantum
1109 2280 1387 2347 conjicere
1417 2275 1544 2332 licet
1570 2293 1637 2331 ex
1681 2277 2024 2346 profectione
2047 2293 2240 2333 eorum

657 2391 764 2448 qua
808 2374 975 2429 delati
999 2382 1130 2428 sunt
1158 2372 1224 2426 ad
1260 2372 1491 2442 Europae
1523 2373 1839 2442 imperium,
1885 2388 2059 2442 genus
2118 2373 2244 2444 Illy-

659 2471 892 2535 riorum,
916 2469 1008 2536 qui
1033 2465 1313 2536 progressi
1348 2465 1416 2518 ab
1443 2464 1784 2518 Occidentali
1809 2479 2002 2519 versus
2028 2463 2241 2519 Ionium

659 2562 901 2631 regione.
953 2569 1225 2613 venerunt
1283 2560 1351 2612 ad
1411 2556 1735 2626 Scepiorum
1782 2557 1996 2621 urbem,
2054 2558 2240 2626 lingua

661 2656 963 2708 etiamnum
1004 2665 1112 2704 non
1146 2649 1403 2705 dissimili
1436 2658 1677 2704 utentes.
1714 2649 1860 2703 Istud
1897 2649 2239 2719 Illyricorum

658 2761 853 2815 genus,
881 2759 1006 2799 cum
1026 2744 1186 2813 longe
1208 2745 1420 2811 lateque
1439 2753 1646 2797 teneret
1666 2758 1812 2807 mare
1830 2741 2060 2805 Ionium,
2077 2743 2240 2796 etiam

660 2838 902 2893 Venetos
929 2838 1130 2908 attigit.
1161 2835 1377 2906 Reliqui
1416 2838 1487 2888 ab
1524 2834 1594 2888 iis
1650 2837 1944 2905 segregati,
2008 2851 2107 2903 per
2134 2833 2242 2887 Ett-

662 2947 849 2999 ropam
884 2930 1120 3001 dispersi
1153 2937 1307 2992 sunt,
1343 2927 1505 2982 etiam
1535 2927 1700 2983 hodie
1734 2943 1842 2980 non
1869 2928 2100 2980 niultuin
2136 2927 2242 2980 lin-

659 3040 762 3093 gua
779 3024 1136 3092 moribusque
1166 3032 1218 3077 et
1238 3022 1414 3075 victus
1443 3021 1656 3075 ratione
1691 3020 2072 3074 abhorrentes.
2091 3018 2242 3073 Con-

662 3125 772 3172 stat
797 3121 980 3186 itaque
997 3130 1188 3170 eorum
1210 3115 1536 3169 sententiam
1562 3114 1706 3166 haud
1737 3113 1987 3178 veritate,
2006 3113 2127 3178 niti,
2145 3112 2240 3181 qui

665 3210 1026 3279 pronuntiant
1054 3205 1269 3277 Illyrios
1291 3221 1413 3261 esse
1437 3220 1534 3260 eos
1558 3221 1697 3275 quos
1723 3205 1964 3259 Albanos
1987 3205 2242 3259 nomina-

2413 880 2585 934 Ἔνθα
2614 879 2679 948 δὴ
2707 881 2802 933 καὶ
2852 878 2946 931 ἐπὶ
2994 873 3271 946 γεωργίαν
3311 873 3421 926 τῶν
3451 869 3562 926 άπό
3589 870 3688 940 τῆς
3731 866 3920 930 Ἀσίας

2342 969 2517 1037 φειδοῖ
2541 969 2642 1038 τῆς
2663 969 2874 1022 ἑαυτῶν
2909 967 3096 1039 χώρας
3127 965 3454 1037 ἐτράποντο.
3493 963 3764 1032 ’Υστερον
3794 960 3922 1030 μέν-

2340 1081 2424 1118 τοι
2454 1066 2483 1118 ό
2519 1065 2791 1136 Ἐλλήνων
2832 1061 3091 1132 βασιλεὺς
3120 1055 3724 1132 διαπρεσϐευσάμενος,
3754 1070 3920 1107 σπονο

2343 1159 2439 1221 δάς
2465 1175 2526 1210 τε
2553 1158 2851 1226 ἐποιήσατο
2890 1155 3028 1226 πρὸς
3071 1153 3452 1220 Σουλαιμάνην
3495 1148 3588 1201 τον
3621 1146 3919 1218 ὀρχάνεω,

2343 1251 2442 1303 καὶ
2471 1250 2668 1319 ἐνῆγεν
2705 1249 2797 1302 επὶ
2850 1248 2976 1311 τοὺς
3008 1243 3377 1316 Τριϐαλλοὺς,
3423 1241 3509 1311 ἐφ’
3537 1233 3582 1308 ᾧ
3628 1255 3689 1292 τε
3723 1237 3922 1300 αὐτοὺς

2347 1343 2531 1408 ξένους
2558 1359 2617 1395 τε
2667 1342 2762 1394 καὶ
2805 1340 2992 1409 φίλους
3021 1335 3161 1393 εἶναι
3188 1337 3441 1407 ἀλλήλοις
3462 1376 3476 1398 ,
3526 1339 3624 1387 καὶ
3657 1331 3752 1385 τὸν
3784 1328 3923 1400 πρὸς

2346 1438 2473 1498 τοὺς
2516 1433 2854 1505 Τριϐαλλοὺς
2888 1433 3125 1502 πόλεμον
3181 1427 3562 1498 συνδιαφέρων
3593 1427 3711 1496 ἅμα
3743 1425 3924 1494 ἀμφο-

2345 1527 2555 1596 τέρους.
2593 1526 2767 1580 Ἔνιοι
2796 1526 2895 1595 μὲν
2919 1521 3015 1578 οὖν
3051 1524 3215 1593 φασὶν
3238 1520 3314 1585 ώς
3355 1520 3440 1575 ἔτι
3469 1517 3754 1588 περιόντος
3795 1514 3920 1586 Ὀρ-

2345 1623 2526 1690 χάνεω
2561 1620 2621 1672 έν
2646 1621 2716 1691 τῇ
2772 1618 2932 1687 Ἀσίᾳ
2976 1617 3068 1671 τὸν
3108 1615 3273 1670 παὶδα
3322 1611 3488 1668 αὐτοῦ
3535 1607 3920 1680 Σουλαιμάνην

2345 1714 2447 1782 τὴν
2478 1711 2750 1784 Εὐρώπην
2799 1711 3056 1782 διαϐῆναι
3119 1705 3619 1779 μεταπεμπομένου
3672 1705 3766 1756 ἐπὶ
3794 1702 3921 1762 τοὺς

2348 1805 2683 1878 Τριϐαλλοὺς
2705 1803 2800 1859 τοῦ
2831 1804 2940 1859 τῶν
2981 1803 3255 1874 Ἐλλήνων
3290 1799 3574 1872 βασιλέως.
3617 1797 3758 1859 Τοὺς
3791 1796 3920 1865 μέν-

2347 1916 2428 1953 τοι
2455 1898 2775 1970 Τριϐαλλῶν
2827 1896 3104 1967 ἡγεμόνας
3136 1890 3241 1949 ὧδε
3264 1893 3439 1948 ἐλθεῖν
3473 1891 3568 1944 ἰπὶ
3593 1891 3662 1944 τά
3686 1889 3789 1959 τῆς
3820 1887 3924 1940 Εὐ-

2275 1958 2315 2013 B
2347 1958 2541 2062 ptim'q';
2565 1958 2887 2061 πράγματα.⁷
2918 1958 3251 2058 ἐπυθόμεθα.
3283 1987 3554 2049 Στέπανος
3586 1958 3802 2052 εγενετο
3827 1979 3924 2051 βα-

2346 2082 2528 2146 σιλεὺς
2560 2082 2901 2152 Τριϐαλλῶν,
2931 2081 2990 2146 ὃς
3022 2079 3344 2152 ὁρμώμενος
3387 2074 3457 2150 ἦν
3486 2077 3594 2131 ἀπὸ
3623 2075 3721 2142 τῆς
3743 2075 3802 2137 ἐς
3829 2073 3922 2127 τὸν

2355 2175 2538 2229 Ἰόνιον
2573 2176 2778 2246 χώρας,
2810 2176 2873 2228 τὸ
2905 2175 3040 2244 πυρὶ
3081 2173 3410 2240 Ἐπίδαμνον
3459 2166 3921 2240 καταστρεψάμε-

2343 2288 2452 2337 νος.
2486 2274 2582 2328 καὶ
2607 2279 2664 2338 ἐς
2690 2274 2791 2343 τὴν
2819 2272 3160 2326 Μακεδονίαν
3197 2271 3453 2331 ὲλάσατο.
3477 2270 3575 2323 καὶ
3595 2270 3652 2329 ἐς
3684 2266 3784 2337 τὴν
3803 2263 3918 2318 τῶν

2343 2368 2593 2422 Σκοπίων
2617 2369 2688 2422 τὰ
2713 2367 2960 2439 βασίλεια
2981 2369 3299 2436 εποιήσατο.
3332 2360 3458 2419 Εἶεν
3490 2364 3534 2416 δ’
3563 2363 3630 2416 ἂν
3650 2353 3796 2415 οὗτοι
3819 2361 3921 2412 ὅσα

2343 2479 2406 2530 γε
2430 2462 2609 2527 ἔξεστι
2641 2462 3036 2533 τεκμαίρεσθαι
3059 2462 3181 2515 ὅθεν
3206 2460 3548 2530 προαγαγεῖν
3573 2458 3614 2489 ¹¹
3645 2455 3920 2527 Εὐρώπης

2343 2557 2644 2626 ἠγεμονίαν
2686 2557 2946 2625 ἀφίκοντο
2991 2553 3270 2626 Ἰλλυριῶν
3341 2555 3532 2621 γένους
3565 2552 3628 2616 ⁸⁸,
3665 2550 3773 2603 άπὸ
3816 2547 3920 2616 τῆς

2345 2628 2484 2718 πρὸς
2512 2650 2752 2719 ἑσπέραν
2780 2648 2879 2718 τῆς
2904 2651 2959 2710 ἐς
2989 2648 3086 2701 τόν
3117 2647 3299 2702 Ἰόνιον
3328 2646 3537 2717 χώρας,
3563 2642 3918 2715 προελθόντες

2343 2743 2439 2795 ἐπὶ
2469 2744 2568 2810 τὴν
2595 2745 2703 2795 τῶν
2741 2743 2994 2797 Σκοπίων
3023 2743 3200 2806 πόλιν,
3235 2741 3305 2811 τῇ
3335 2757 3394 2793 τε
3435 2739 3587 2808 φωνῇ
3628 2735 3924 2805 παραπλη-

2344 2836 2438 2905 σία
2469 2835 2768 2904 χρωμένων
2795 2835 3048 2898 ἐκείνοις,
3077 2837 3174 2888 καὶ
3195 2835 3351 2903 γένος
3386 2834 3444 2886 δὲ
3471 2835 3645 2886 έκεῖνο
3666 2832 3774 2885 τῶν
3815 2829 3920 2883 Ἰλ-

2342 2926 2570 2997 λυριῶν,
2614 2926 2756 2995 μέγα
2789 2944 2849 2979 τε
2907 2929 3000 2980 καὶ
3048 2928 3140 2981 ἐπὶ
3171 2927 3429 2979 πλεῖστον
3463 2925 3650 2993 διῆκον
3685 2922 3782 2976 τοῦ
3823 2923 3922 2976 Ἰο-

2343 3019 2458 3071 νίου
2492 3018 2785 3088 πελάγους,
2830 3019 2962 3074 ιστε
3019 3022 3113 3075 ἐπὶ
3151 3019 3400 3084 Ἐνετοὺς
3438 3020 3514 3083 ὡς
3561 3019 3629 3073 ἂν
3658 3018 3823 3088 ἔχειν,
3858 3017 3920 3069 οὐ

2343 3111 2593 3180 χαλεπῶς
2641 3113 3059 3184 τεκμαίρεσθαι.
3122 3113 3245 3168 Ἀπ’
3275 3116 3503 3168 ἐκείνων
3541 3113 3598 3165 δὲ
3653 3114 3781 3166 τότε
3818 3113 3921 3165 ἀνά

2341 3205 2440 3276 τὴν
2471 3205 2748 3278 Εὐρώπην
2788 3206 3188 3269 σκεδασθέντας
3216 3207 3469 3277 ἀχθῆναι.
3525 3208 3679 3277 Φωνῇ
3722 3223 3780 3258 τε
3811 3206 3922 3274 γὰρ

664 3319 808 3358 mus.
841 3302 950 3356 Nec
993 3316 1122 3355 vero
1152 3301 1484 3370 principium
1521 3300 1637 3368 ejus
1671 3300 1953 3353 sermonis
1989 3299 2238 3363 admitto,

2348 3299 2653 3369 ἀμφότεροι
2681 3303 2749 3370 τῇ
2797 3299 2936 3370 αὐτῇ
2968 3300 3202 3371 χρῶνται
3230 3302 3312 3352 ἔτι
3339 3302 3434 3354 καὶ
3477 3302 3594 3368 νῦν,
3622 3301 3719 3353 παλ⁸
3763 3299 3922 3371 ῆθεσι

665 3395 757 3462 qui
793 3403 1039 3447 astruere
1067 3400 1317 3455 conatur,
1332 3391 1574 3444 Albanos
1597 3405 1724 3445 esse
1758 3389 1959 3458 Illyrici
1999 3390 2238 3457 generis.

665 3487 821 3553 Quod
862 3496 1040 3540 autem
1072 3493 1126 3540 et
1156 3484 1356 3538 Albani
1405 3484 1472 3538 ab
1510 3484 1820 3551 Epidamno
1883 3485 2238 3554 prodeuntes,

668 3582 723 3634 in
777 3581 1004 3648 Europa:
1062 3578 1338 3647 regionem
1400 3577 1753 3640 maritimam,
1805 3592 1928 3645 qua:
1973 3577 2238 3630 orientem

671 3673 918 3742 respicit,
945 3669 1194 3724 venerint
1225 3688 1239 3723 :
1274 3667 1590 3738 Etoliaque
1621 3671 1956 3733 Acarnania,
1981 3686 2082 3726 nec
2132 3689 2240 3727 non

670 3780 860 3834 magna
887 3763 1245 3816 Macedonum
1266 3764 1506 3830 regionis
1534 3771 1692 3831 parte
1719 3771 1784 3817 su
1797 3765 1972 3828 hacta,
2031 3765 2103 3818 ibi
2137 3764 2232 3819 hac

669 3856 915 3918 bitarint,
935 3855 1097 3909 etiam
1129 3855 1246 3922 ipse
1279 3855 1428 3918 novi,
1471 3855 1656 3910 multis
1699 3856 2033 3924 conjecturis
2047 3871 2113 3911 eo
2141 3857 2240 3912 de-

669 3951 897 4012 ductus,
935 3949 1232 4016 multisque
1279 3963 1448 4017 super
1498 3963 1560 4002 ea
1592 3963 1652 4002 re
1689 3950 1910 4002 auditis.
1970 3953 2051 4002 An
2113 3965 2243 4006 vero

672 4045 742 4097 ab
773 4042 988 4114 Iapygia
1013 4043 1392 4097 lterfacientes
1421 4043 1503 4114 (ut
1532 4043 1752 4112 quidam
1773 4045 2021 4116 censent)
2049 4047 2100 4099 in
2122 4046 2245 4117 Epi-

670 4141 933 4190 damnum
992 4134 1334 4198 transierint,
1388 4143 1444 4188 et
1488 4137 1616 4190 hinc
1670 4137 1724 4188 in
1774 4151 1894 4191 eam
1943 4139 2255 4208 regionem,

671 4245 837 4300 quam
887 4228 1107 4282 tandem
1164 4228 1467 4297 subjecere,
1533 4231 1900 4297 pervenerint,
1957 4231 2075 4285 sive
2121 4247 2246 4285 cum

674 4329 860 4377 essent
883 4320 1349 4392 Iinitimilllyricis
1388 4319 1752 4388 Epidamnum
1793 4322 2119 4390 colentibus,
2156 4341 2247 4380 ac-

675 4415 934 4470 cedentes
996 4415 1262 4486 paulatim
1315 4415 1600 4482 regionem
1668 4413 1982 4484 Epidamni,
2033 4432 2137 4486 qua
2189 4420 2245 4472 in

674 4508 944 4560 orientem
998 4515 1166 4574 patet,
1196 4505 1613 4575 occupaverint,
1664 4506 1853 4560 nescio
1899 4523 2006 4576 qua
2038 4512 2247 4566 ratione

675 4612 842 4666 quam
871 4598 1156 4656 verissime
1180 4611 1468 4665 assequar.
1503 4598 1573 4648 At
1620 4613 1722 4651 nos
1751 4599 2163 4667 explanavimus
2188 4613 2246 4657 ut

2353 3395 2463 3456 τοῖς
2500 3393 2686 3456 αὐτοῖς
2717 3394 2813 3447 καὶ
2840 3394 3044 3467 διαίτῃ,
3075 3393 3220 3446 ὥστε
3243 3394 3343 3447 οὐκ
3382 3394 3558 3464 ὀρθῶς
3608 3393 3676 3447 ἂν
3710 3393 3926 3460 λέγοιεν

2349 3486 2400 3538 οί
2434 3487 2660 3556 γνώμην
2689 3485 3142 3556 ἀποδεικνύμενοι
3175 3489 3304 3558 περὶ
3347 3486 3650 3557 Ἰλλυριῶν,
3681 3487 3756 3546 ὡς
3811 3484 3927 3555 εἴη·

2351 3593 2453 3631 σαν
2478 3579 2530 3630 οἱ
2559 3577 2657 3630 νῦν
2700 3578 2974 3633 ’Δλόανοί.
3017 3579 3222 3650 ’Δρχὴν
3242 3581 3300 3633 δὲ
3329 3580 3443 3648 ἐγὼ
3471 3579 3592 3634 οὐδέ
3622 3577 3924 3650 προσίεμαι

2349 3669 2442 3723 τὸν
2468 3671 2648 3739 λόγον,
2701 3671 2780 3734 ὼς
2817 3671 3012 3742 εἴησαν
3058 3672 3335 3741 Ἰλλυριῶν
3362 3675 3518 3741 γένος
3551 3673 3601 3725 οί
3647 3673 3919 3730 ’Δλσανοί.

2365 3762 2454 3826 ’ος
2493 3765 2592 3833 μὲν
2619 3759 2712 3817 οὖν
2738 3763 2834 3817 ἀπ’
2885 3764 3216 3830 Ἐπιδάμνου
3247 3767 3341 3818 καὶ
3377 3763 3524 3818 οὗτοι
3559 3764 3836 3835 ὥρμηντο,
3868 3770 3922 3826 ὲς

2351 3859 2451 3926 τὴν
2486 3859 2624 3929 πρὸς
2644 3857 2723 3912 ῑω
2743 3858 2927 3929 χώραν
2957 3859 3054 3927 τῆς
3080 3859 3378 3928 Εὐρώπης,
3411 3862 3506 3912 ἐπὶ
3535 3858 3834 3913 Θετταλίαν
3863 3876 3924 3911 τε
3968 3899 3978 3911 ,

2352 3953 2700 4020 ἀφικόμενοι,
2737 3953 2830 4005 καὶ⁸
2857 3953 2950 4005 ἐπὶ
2979 3952 3266 4014 Αἰτωλίαν.
3293 3952 3389 4006 καὶ
3427 3952 3810 4022 Ἀκαρνανίαν,
3826 3952 3925 4004 οὐκ

2351 4043 2508 4112 ὀλίγα
2525 4043 2661 4097 ἄττα
2685 4044 2784 4114 τῆς
2804 4044 3140 4107 Μακεδονίας
3167 4044 3352 4114 χώρας
3378 4043 3469 4112 ὐφ’
3485 4044 3668 4106 αὐτοῖς
3695 4059 3928 4111 πεποιηο

2356 4136 2534 4206 μένοι,
2555 4136 2756 4206 ᾤκουν,
2779 4132 2898 4190 οἶδά
2917 4155 2975 4188 τε
3008 4137 3171 4197 αὐτὸς
3195 4136 3556 4205 ἐπιστάμενος
3581 4136 3687 4188 άπὸ
3717 4135 3926 4187 πολλῶν

2353 4230 2826 4300 τεκμαιρόμενος,
2863 4229 2961 4282 καὶ
2993 4229 3206 4283 πολλῶν
3258 4227 3326 4295 δὴ
3378 4229 3616 4297 ἀκήκοα.
3659 4227 3780 4280 Εῐτε
3825 4226 3926 4296 μὲν

2354 4324 2447 4376 οὖν
2473 4325 2581 4376 ἀπὸ
2636 4323 2937 4391 Ἰαπυγίας,
2967 4322 3044 4385 ὡς
3092 4321 3224 4374 ἔνιοί
3257 4338 3439 4391 φασιν,
3479 4323 3538 4382 ές
3588 4318 3928 4388 Ἐπίδαμνον

2353 4416 2661 4480 διαϐάντες,
2690 4417 2786 4468 Et).
2841 4417 2941 4485 τὴν
2990 4413 3174 4483 χώραν
3223 4414 3292 4483 ἢν
3338 4412 3690 4482 ὑπηγάγοντο
3741 4409 3926 4480 σφίσιν

2355 4509 2511 4572 ἄλλος
2546 4508 2680 4579 ἄλλῃ
2715 4509 2996 4576 ἀφίκοντο,
3041 4507 3152 4558 εῐτε
3184 4503 3352 4560 αὐτοῦ
3413 4506 3541 4573 περὶ
3600 4503 3927 4571 Ἐπίδαμνον

2359 4603 2459 4672 τὴν
2515 4601 2689 4673 ἀρχὴν
2731 4601 3006 4671 Ἰλλυριῶν
3032 4601 3224 4669 ὅμοροι
3279 4598 3563 4670 προϊόντες
3609 4596 3928 4666 καταδραχὺ

683 4702 922 4758 utraque
965 4689 1082 4742 haec
1119 4690 1398 4743 hominum
1434 4704 1657 4758 genera,
1695 4688 1923 4744 Trihalli
1948 4702 1998 4746 et
2029 4693 2241 4762 Albani,

2360 4693 2622 4763 κατέσχον
2654 4693 2755 4762 τὴν
2784 4692 2922 4760 πρὸς
2950 4693 3025 4744 έω
3051 4693 3147 4760 τῆς
3200 4691 3530 4760 Ἐπιδάμνου
3571 4689 3778 4760 χώραν,
3826 4688 3930 4742 οὐκ

681 4780 892 4849 egressi
924 4782 992 4833 ab
1010 4794 1075 4833 ea
1107 4781 1329 4849 regione
1368 4795 1491 4849 quae
1517 4790 1732 4849 spectat
1761 4779 1996 4846 Ionium,
2022 4787 2254 4840 transie-

685 4873 796 4926 rint
833 4888 929 4942 per
975 4873 1252 4935 regionem
1292 4870 1523 4942 Europae
1551 4887 1670 4942 quae
1725 4873 1778 4926 in
1821 4875 2090 4931 orientem
2133 4894 2256 4933 ver-

685 4968 782 5036 git,
812 4967 996 5036 ibique
1022 4966 1409 5030 habitaverint,
1454 4981 1554 5020 nec
1607 4968 1850 5022 modicas
1880 4971 2132 5038 regiones
2156 4987 2257 5027 suo

687 5057 792 5128 14
825 5057 1055 5127 imperio
1087 5057 1406 5125 adjecerint,
1447 5072 1640 5112 versus
1655 5059 1995 5113 occidentem
2029 5061 2130 5116 iter
2176 5065 2259 5116 in-

681 5154 970 5206 stituentes
1003 5165 1018 5202 :
1070 5164 1196 5202 cum
1251 5150 1412 5202 etiam
1463 5151 1856 5220 propemodum
1888 5152 1954 5205 ad
1985 5153 2256 5211 Euxinum

690 5260 837 5297 mare
868 5241 1224 5305 accesserint,
1258 5241 1456 5296 Istrum
1502 5254 1558 5297 et
1620 5241 1962 5299 Thessaliam
1999 5246 2254 5302 adierint.

681 5337 814 5402 Qua:
855 5334 1041 5389 omnia
1079 5336 1133 5389 in
1185 5333 1332 5388 hunc
1374 5335 1590 5390 modum
1653 5348 1972 5392 evenerunt.

756 5516 870 5572 Res
903 5517 1102 5572 horum
1122 5517 1439 5586 digrediens
1476 5519 1544 5572 ab
1583 5519 1714 5574 urbe
1761 5519 2251 5590 Scopiorum,mu-

687 5611 837 5668 nitus
871 5611 1004 5667 viris
1032 5612 1111 5667 rei
1138 5611 1396 5666 militaris
1430 5613 1803 5683 peritissimis,
1835 5624 1888 5668 et
1914 5616 2252 5673 validissimo

2355 4787 2463 4855 ἔχω
2495 4787 2605 4855 ὅπη
2642 4784 3012 4854 συμσάλωμαι
3058 4783 3343 4852 ἀσφαλῶς.
3388 4783 3454 4834 ὀ
3498 4781 3599 4852 μὲν
3634 4783 3804 4851 ἄμφω
3850 4780 3930 4834 τὼ

2357 4879 2511 4945 γένεε
2529 4877 2726 4944 τούτω,
2760 4876 3052 4948 Τρισαλλοί
3084 4893 3144 4928 τε
3175 4875 3270 4927 καὶ
3310 4873 3579 4940 Ἆλδανοὶ,
3600 4873 3710 4926 άπὸ
3739 4873 3840 4942 τῆς
3870 4874 3929 4936 ις

2356 4971 2417 5024 τὸ
2467 4972 2649 5023 Ἰόνιον
2694 4969 2874 5040 χώρας
2924 4970 3262 5043 ώρμημένω,
3318 4967 3380 5020 τὸ
3414 4966 3514 5037 μὲν
3566 4966 3699 5033 πρὸς
3721 4965 3799 5018 ιω
3827 4966 3930 5034 τῆς

2362 5063 2635 5133 Εὐρώπης
2675 5063 2865 5129 ἰόντες,
2895 5060 2995 5129 τὴν
3023 5061 3196 5131 ταύτῃ
3225 5060 3410 5131 χώραν
3429 5059 3673 5130 ᾤκησαν,
3710 5061 3804 5112 καὶ
3827 5059 3932 5112 οὐκ

2363 5157 2520 5225 ὀλίγα
2550 5156 2735 5224 σφίσιν
2764 5157 2820 5218 ις
2846 5155 2945 5226 τὴν
2973 5154 3146 5224 ἀρχὴν
3189 5153 3570 5222 ὑπηγάγοντοο
3607 5151 3667 5204 τδ
3696 5151 3753 5204 δὲ
3793 5151 3931 5220 πρὸς

2363 5249 2598 5318 ἑσπέραν
2628 5248 2961 5318 ὡρμημένον
3011 5247 3198 5316 σχεδὸν
3247 5245 3304 5308 ις
3332 5260 3392 5297 τε
3435 5243 3687 5308 Εὔξεινον
3735 5243 3933 5296 πόντον

2363 5340 2643 5408 ἀφίκοντο,
2679 5341 2772 5392 καὶ
2804 5342 2897 5392 ἐπὶ
2925 5337 3157 5409 Ἴστρον,
3188 5337 3316 5408 ἄχρι
3350 5337 3650 5400 Θετταλίας
3698 5337 3932 5390 ἐλάσαν-

2361 5448 2474 5494 τες,
2495 5426 2599 5484 ὧδέ
2632 5447 2724 5498 μοι
2753 5431 3055 5500 εἰρήσεται.

2445 5522 2506 5578 ὀ
2534 5509 2808 5594 βασιλεὺς.
2841 5523 2949 5574 ἀπὸ
2978 5523 3076 5591 τῆς
3103 5521 3211 5576 τῶν
3235 5520 3482 5575 Σκοπίων
3509 5518 3714 5582 πόλεως
3741 5517 3936 5588 ώρμη-

2363 5621 2520 5691 μένος
2554 5621 2692 5688 ἔχων
2740 5617 2860 5688 μεθ’
2888 5617 3083 5670 ἑαυτοῦ
3138 5617 3338 5688 ἄνδρας
3397 5633 3457 5669 τε
3487 5615 3555 5668 τά
3584 5615 3640 5678 ὲς
3693 5611 3935 5680 πόλεμον

1953 5754 2200 5818 Νοιιιιιθ
2235 5759 2628 5837 marginales.

785 5878 825 5910 ¹⁶
861 5881 952 5931 ἐπὶ
982 5881 1190 5949 τὴ-ιτῆς
1272 5881 1311 5908 ⁸⁸
1346 5877 1420 5930 ul.
1452 5894 1591 5929 mnu.
1625 5877 1797 5943 γένος,
1829 5888 1873 5929 ει
1909 5876 1970 5929 II.
