4202 6430
679 343 750 405 39
1806 347 2111 407 LAONICI
2152 351 2600 416 ClIAl.COCON
2612 357 2822 418 DYL/E
3837 372 3910 437 ιο

677 456 889 510 feroces
930 463 986 510 et
1029 455 1292 511 bellicosi.
1328 454 1433 522 Qui
1475 457 1562 510 ubi
1595 458 1934 514 resciverunt
1989 459 2219 514 Sulaima

2326 515 2330 524 ,
2361 467 2551 533 μόνας.
2591 469 2641 520 οἳ
2672 471 2736 539 δὴ
2761 473 2874 535 τοῖς
2906 472 3085 542 -”Ελλη
3099 470 3177 526 σίν
3223 477 3549 538 ἐπετίθεντο.
3584 495 3673 538 καὶ
3699 491 3928 554 χαλεποὶ

678 564 801 601 nem
835 550 1168 616 processisse
1197 548 1251 602 in
1285 547 1581 618 Europam.
1619 550 1894 619 regionem
1926 552 2166 620 ipsorum
2194 556 2248 607 in

673 640 879 694 Graecia
904 642 1060 695 sitam
1094 650 1331 706 vastare,
1358 643 1678 712 prtedasque
1702 643 1906 699 nemini
1934 655 2246 714 parcentem

673 732 962 788 confertim
1004 748 1183 802 agere,
1212 735 1395 801 copias
1423 745 1476 787 et
1507 734 1611 805 ipsi
1633 751 1764 791 suas
1787 736 2054 791 adversus
2103 738 2244 793 Tur-

671 836 766 878 cos
795 825 1100 881 duxerunt:
1132 828 1512 896 consortisque
1543 829 1813 892 manibus,
1840 830 2075 886 victores
2103 846 2248 901 pra:-

664 913 740 968 lio
762 914 1035 980 abierunt,
1102 919 1348 986 plurimis
1397 921 1569 989 prima
1624 924 1863 978 coitione
1918 925 2243 982 interfectis.

663 1007 871 1062 Deinde
894 1010 1159 1064 certiores
1203 1013 1419 1078 redditi,
1452 1013 1756 1070 Turcorum
1793 1033 1882 1071 res
1917 1033 2091 1088 usque
2146 1035 2246 1074 au-

659 1103 798 1169 geri,
828 1102 1045 1172 sibique
1073 1104 1290 1158 tandem
1340 1106 1714 1163 intolerabiles
1737 1109 1872 1173 fore,
1919 1127 2043 1165 eum
2075 1113 2244 1181 pluri-

661 1191 922 1246 miTurci
972 1208 1148 1262 usque
1197 1211 1259 1248 ex
1292 1197 1419 1249 Asia
1473 1197 1540 1251 ad
1575 1197 1948 1256 Sulaimanem
2008 1218 2243 1257 concur-

657 1290 802 1344 rant,
834 1280 1236 1352 Europeasque
1281 1287 1444 1340 urbes
1501 1287 1786 1344 obsidione
1841 1302 2088 1359 urgeant,
2155 1294 2241 1349 his

653 1374 842 1438 exciti,
872 1379 1100 1445 utet-quc
1138 1377 1190 1430 in
1227 1380 1626 1436 mediterranea
1656 1381 1905 1438 Thracia:
1933 1388 2128 1456 pergit,
2183 1397 2240 1443 et

652 1469 844 1536 copias
871 1481 1045 1537 parat.
1077 1468 1338 1538 Ungleses
1357 1488 1385 1524 a
1413 1472 1695 1540 Pberrbis,
1723 1478 1816 1531 ubi
1845 1480 1987 1549 regia
2017 1493 2153 1544 erat,
2183 1483 2235 1536 in

652 1555 862 1615 Turcos
892 1561 1262 1630 progreditur.
1307 1563 1492 1620 Crules
1518 1575 1723 1631 autem,
1764 1572 2009 1637 praedicti
2049 1574 2233 1638 frater,

649 1651 825 1718 copiis
853 1653 1102 1721 plurimis
1124 1658 1449 1723 cautnactis,
1480 1659 1544 1713 ad
1573 1659 1797 1715 fratrem
1856 1679 1952 1731 per
1981 1667 2236 1721 mediter-

647 1757 814 1796 ranea
840 1743 1086 1800 Thraciae
1129 1757 1420 1810 commeat,
1456 1751 1736 1803 communi
1787 1753 2022 1805 consilio
2067 1753 2232 1822 junc-

645 1835 826 1903 tisque
852 1837 1061 1893 viribus
1087 1838 1284 1892 bellum
1311 1837 1505 1893 Turcis
1533 1841 1761 1899 illaturi.
1792 1841 1908 1896 Sub
1935 1843 2076 1898 idem
2102 1855 2232 1909 tem-

648 1942 752 1998 pus
785 1927 1130 1985 Sulaimanes
1155 1931 1416 2000 oppidum
1470 1935 1821 2003 oppugnabat
1851 1937 1918 1991 ad
1948 1937 2233 1992 Tantarum

643 2021 867 2076 fluvium
908 2025 1094 2091 situm,
1124 2024 1335 2081 distans
1363 2044 1392 2081 a
1421 2027 1670 2099 Gallipoli
1701 2029 1816 2101 (18)
1845 2031 2039 2088 stadiis
2070 2034 2236 2087 circi-

643 2127 729 2170 ter
767 2119 1131 2187 septuaginta,
1169 2120 1419 2188 plurimis
1447 2121 1724 2187 tentoriis,
1762 2140 1884 2192 qum
1907 2141 1972 2176 eo
2003 2125 2231 2179 advexe-

639 2219 748 2271 rat,
775 2225 871 2279 per
901 2210 1191 2265 circuitum
1243 2212 1387 2276 ﬁxis,
1435 2214 1489 2268 in
1519 2215 1720 2283 quibus
1784 2215 2002 2287 Scytbze
2032 2217 2228 2272 Turri-

638 2318 768 2372 que,
807 2311 1077 2371 quotquot
1101 2306 1430 2372 pastoralem
1467 2305 1634 2359 vitam
1692 2319 2022 2376 Sequuntur,
2062 2325 2225 2377 quam

638 2396 966 2450 suavissime
998 2396 1201 2466 degunt
1233 2413 1247 2451 :
1285 2398 1642 2467 nssidensqtte
1675 2400 1820 2464 urbi,
1858 2401 2098 2455 intentus
2126 2419 2226 2465 op-

645 2489 967 2558 pugnationi
1001 2489 1289 2544 insistebat
1319 2507 1332 2544 :
1365 2500 1419 2545 et
1449 2491 1632 2545 studio
1669 2495 2042 2560 expugnandae
2073 2498 2225 2550 urbis

640 2584 926 2646 astrictus,
954 2583 1156 2653 accipit
1196 2583 1434 2638 hostium
1462 2584 1778 2640 adventum.
1838 2585 2036 2656 Deligit
2060 2588 2225 2658 igitur

636 2692 703 2730 ex
744 2677 859 2731 suis
891 2678 1261 2744 octingentos,
1307 2677 1706 2748 nocturnisque
1762 2679 2051 2735 itincribus
2109 2684 2219 2748 pri-

638 2785 726 2822 ma
769 2784 967 2822 aurora
1000 2769 1064 2822 ad
1095 2769 1333 2822 hostium
1367 2779 1549 2824 castra
1584 2769 1850 2838 pervenit.
1883 2770 1990 2826 Eos
2022 2771 2216 2842 depre-

635 2861 826 2915 llendit
858 2877 957 2914 nec
989 2861 1180 2914 solitas
1229 2861 1439 2930 vigilias
1471 2863 1758 2926 obeuntes,
1789 2863 2095 2934 laxatisque
2123 2883 2219 2918 eu-

635 2953 834 3007 stodiis
866 2955 1070 3007 aﬂ'usos
1101 2953 1331 3008 Tmnaro
1366 2954 1529 3008 fluvio
1559 2956 1820 3023 prmbeuti
1853 2972 2048 3026 aquam
2083 2970 2211 3028 potu

634 3044 855 3114 quidem
873 3049 1133 3114 optimam
1182 3047 1424 3100 eamdem
1451 3058 1503 3102 et
1525 3050 1962 3107 saluberrimam.
1982 3054 2212 3112 {Estatis

633 3147 850 3204 tempus
880 3153 1017 3198 erat.
1062 3154 1172 3206 quo
1195 3154 1290 3191 nec
1315 3156 1464 3193 arma
1485 3157 1584 3195 nec
1605 3158 1780 3213 equos
1797 3149 2024 3214 perinde
2044 3168 2207 3206 cura-

2326 3168 2402 3217 ιον
2437 3167 2702 3239 ἀρίστων,
2737 3173 2833 3225 καὶ

632 3231 783 3294 bant,
822 3239 1077 3299 putantes
1097 3246 1155 3283 se
1199 3231 1514 3300 planissime
1531 3237 1598 3288 ab
1617 3236 1854 3292 hostium
1874 3241 2212 3297 incursioni-

633 3325 739 3380 bus
753 3340 977 3379 securos
995 3335 1047 3378 et
1069 3337 1234 3379 tutos.
1254 3328 1366 3382 llos
1386 3342 1483 3380 uec
1503 3330 1813 3398 opinantes,
1831 3344 1882 3387 et
1902 3335 1955 3387 in
1971 3336 2210 3391 Cermia-

630 3420 687 3473 ni
719 3420 939 3488 regione
967 3419 1020 3472 in
1055 3419 1324 3473 luxuriam
1353 3420 1579 3484 eiiusos,
1607 3426 1826 3494 altaque
1849 3431 2033 3496 quiete
2065 3434 2211 3501 sopi—

627 3524 736 3577 tos,
773 3513 1122 3566 Sulaimaues
1156 3515 1390 3582 stipatus
1433 3517 1762 3587 octingentis
1819 3522 2087 3578 militibus
2118 3527 2210 3582 de-

631 3605 791 3660 lectis
815 3607 1100 3659 adoritur:
1129 3609 1441 3677 ett-demque
1473 3612 1790 3674 maximam.
1844 3615 2074 3685 impigre
2112 3619 2208 3672 ob-

625 3698 745 3751 vios
768 3706 1083 3758 mactaudo.
1122 3699 1356 3752 hostium
1397 3699 1544 3754 fecit.
1586 3703 1737 3758 Multi
1763 3708 1815 3759 itt
1847 3707 2047 3764 flumen
2083 3711 2205 3780 fuga

626 3806 972 3859 prtepropera
1035 3791 1239 3854 delati,
1294 3793 1442 3846 dubii
1495 3811 1730 3864 quonam
1796 3815 1856 3853 se
1911 3815 2204 3868 verterent,

625 3881 700 3936 ibi
732 3881 878 3934 inter
945 3884 1236 3936 cunctandi
1305 3899 1486 3940 moras
1546 3889 1946 3945 occubuerunt.
1990 3893 2046 3946 lu
2101 3894 2205 3949 lme

623 3974 819 4045 prtnlio
845 3974 1188 4026 desideratus
1225 3984 1304 4030 est
1341 3974 1629 4044 ngleses:
1665 3981 1830 4035 etiam
1881 3983 2067 4039 Grales
2108 4004 2201 4037 ov—

622 4067 776 4121 cisus
794 4075 898 4120 est.
921 4065 988 4120 Ut
1005 4079 1182 4120 autem
1205 4068 1297 4122 hic
1312 4069 1598 4137 interierit,
1614 4072 2032 4147 ignoratur.16
2049 4078 2203 4135 Hunc

623 4157 744 4225 ejus
781 4159 1067 4227 propinqiti
1101 4163 1190 4227 qui
1229 4177 1349 4212 eum
1382 4165 1647 4231 sanguine
1669 4169 2080 4238 contingebant,
2105 4173 2202 4225 ali-

623 4253 870 4321 quandiu
903 4261 1026 4321 post
1057 4255 1307 4322 praelium
1347 4255 1490 4310 istud
1526 4259 1728 4314 vixisse
1774 4264 2073 4319 credidere.
2099 4268 2200 4318 Su-

630 4342 915 4407 laimaues,
950 4343 1174 4397 victoria
1220 4347 1307 4398 illa
1347 4349 1545 4418 insigni
1584 4353 1855 4408 etillustri
1889 4357 2090 4422 clarus,
2123 4359 2200 4411 fa-

619 4435 725 4487 cile
757 4438 972 4489 tandem
1011 4438 1171 4490 ctiaut
1206 4439 1547 4505 oppidulum,
1579 4447 1723 4511 quod
1754 4449 2064 4511 obsederat,
2098 4467 2200 4504 suo

619 4525 851 4591 imperio
878 4527 1087 4591 adjicit.
1119 4527 1404 4582 Exercitus
1427 4547 1645 4600 quoque
1674 4534 1973 4603 Orestiatli,
2034 4557 2196 4610 quam
2233 4537 2274 4590 ι)

621 4614 1073 4684 Hadrianopolim
1109 4621 1400 4688 appellant,
1441 4626 1702 4681 admovit.
1746 4629 2114 4686 Circumsedit
2146 4648 2203 4690 et

618 4708 985 4763 Peridtnetum
1013 4712 1227 4765 infestis
1267 4717 1623 4782 exercitibus,
1646 4733 2045 4791 aggressusque
2074 4745 2196 4782 mu-

613 4817 760 4861 rum,
795 4805 989 4871 emptis
1026 4820 1130 4857 nou
1174 4807 1526 4862 succedebat.
1551 4810 1883 4867 Cumautem
1918 4816 1988 4870 ibi
2025 4820 2198 4876 Interc-

612 4905 697 4949 ret
736 4898 982 4950 intentus
1037 4899 1316 4952 obsidioni
1384 4901 1537 4955 urbis
1591 4904 1959 4972 Sulaimanes,
2013 4910 2195 4966 ferunt

613 4989 1018 5042 adolescentem
1046 4979 1335 5057 qut-nudam
1390 4995 1528 5058 clam
1584 4996 1804 5050 solitum
1842 5002 2024 5068 egredi
2060 5005 2191 5056 urbe

611 5096 707 5149 per
734 5082 925 5134 rimam
958 5084 1248 5150 quamdam
1275 5086 1437 5152 muri,
1462 5086 1527 5140 ad
1550 5086 1930 5146 demetendum
1952 5094 2191 5150 frumcn-

611 5182 748 5234 tttm,
782 5174 977 5227 deinde
1012 5174 1287 5228 frumento
1311 5189 1557 5246 onustus,
1595 5197 1690 5250 per
1724 5186 1976 5239 eumdem
2007 5189 2183 5244 locum

612 5265 665 5316 in
701 5265 886 5317 urbem
916 5269 1211 5321 remeabat.
1258 5267 1507 5337 Cumque
1542 5274 1644 5328 ltoc
1681 5274 1991 5347 frequenter
2047 5283 2188 5338 face-

609 5367 714 5418 ret.
748 5358 964 5410 tandem
1004 5359 1151 5414 visus
1179 5373 1260 5415 est
1293 5378 1320 5415 a
1365 5365 1536 5419 milite
1597 5370 1832 5436 quodam
1868 5373 2068 5438 Tttrco,
2107 5378 2182 5433 ibi

608 5450 876 5520 stipendia
916 5451 1166 5506 faciente.
1222 5453 1436 5510 Tui-cus
1499 5469 1679 5515 autem
1717 5465 2180 5537 animadvertens,

2351 553 2516 627 ἦσαν,
2549 560 2637 613 διὰ
2669 564 2730 615 τὸ
2766 566 3032 636 μηδέποτε
3057 568 3290 638 ἡσυχίαν
3323 571 3498 638 ἄγειν.
3550 578 3666 631 ἀλλ’
3710 582 3796 635 ἀεὶ
3824 601 3926 637 κα-

2351 652 2463 712 κῶς
2501 659 2667 709 ποιεῖν
2706 659 3083 727 πολεμοῦντας
3130 666 3240 727 τοῖς
3292 667 3572 738 Ἕλλησιν.
3604 666 3765 728 Οὗτοι
3825 679 3928 746 μὲν

2349 743 2443 798 οὖν
2465 746 2541 810 ὡς
2564 747 2831 804 ἐπύθοντο
2857 751 3202 826 Σουλαιμάνη
3258 757 3554 814 διαδάνταν
3594 765 3650 826 ἐς
3677 766 3778 836 τὴν
3822 743 3926 822 Εὐ-

2351 838 2562 911 ρώπην,
2617 841 2779 915 δῃοῦν
2831 862 2892 897 τε
2951 847 3046 900 ἐπὶ
3101 852 3166 919 τῇ
3217 850 3503 924 Ἑλληνικῇ
3562 858 3662 923 τὴν
3728 863 3924 931 σφετέ-

2348 951 2449 1000 ραν
2476 935 2656 989 αὑτῶν
2682 937 2886 1008 χώραν,
2921 941 3016 994 καὶ
3048 941 3373 1014 διαρπάζειν
3407 949 3636 1019 μηδενὸς
3667 956 3924 1025 φειδόμε-

2344 1042 2457 1092 νον,
2481 1028 2872 1095 ἐστρατεύοντο
2895 1033 2988 1087 ἰπὶ
3020 1036 3144 1100 τοὺς
3170 1038 3468 1108 Τούρκους.
3493 1047 3590 1097 καὶ
3621 1047 3926 1116 συμϐαλόν-

2343 1135 2434 1183 τες
2471 1120 2619 1192 μάχῃ
2650 1142 2710 1178 τε
2745 1127 3083 1196 ἐκράτησαν,
3113 1135 3208 1186 καὶ
3235 1134 3546 1206 διέφθειρον
3583 1141 3682 1194 οὐκ
3706 1142 3922 1210 ὀλίγους

2345 1213 2405 1264 ὲν
2443 1216 2509 1286 τῇ
2543 1216 2834 1292 ἐπιδρομῇ.
2871 1222 3029 1277 Μετά
3053 1224 3110 1277 δὲ
3141 1227 3311 1282 ταῦτα
3341 1231 3418 1293 ὡς
3459 1231 3686 1303 ᾔσθοντο
3713 1236 3816 1306 ἦδη
3853 1240 3922 1292 τὰ

2341 1307 2605 1378 Τούρκων
2637 1314 2946 1383 πράγματα
2983 1319 3123 1388 ταχὺ
3179 1321 3272 1374 ἐπὶ
3322 1325 3468 1392 μέγα
3527 1330 3921 1400 προχωροῦντα

2341 1401 2664 1470 δυνάμεως,
2743 1407 2838 1460 καὶ
2885 1409 3014 1473 τοὺς
3070 1412 3178 1466 ἀπὸ
3243 1414 3432 1479 ’Δσίας
3483 1419 3762 1492 Τούρκους
3833 1427 3922 1479 ἀεὶ

2338 1492 2717 1560 διαϐαίνοντας
2749 1503 3147 1570 προσγίνεσθαι
3195 1507 3364 1579 αὐτῷ,
3401 1511 3543 1565 ὥστε
3589 1516 3684 1569 καὶ
3732 1518 3790 1580 ις
3820 1537 3918 1570 πο-

2338 1582 2588 1655 λιορκίαν
2613 1587 2724 1640 τῶν
2773 1590 2916 1644 κατὰ
2945 1593 3045 1662 τὴν
3079 1595 3350 1668 Εὐρώπην
3394 1600 3602 1654 πόλεων
3652 1605 3918 1658 καθίστα-

2339 1677 2483 1743 σθαι,
2510 1680 2607 1732 καὶ
2637 1682 2922 1752 προϊόντας
2946 1685 3038 1738 ἐπὶ
3065 1686 3167 1758 τὴν
3222 1692 3519 1761 μεσόγαιον
3543 1693 3645 1763 τῆς
3672 1693 3914 1765 θρᾴκης.

2339 1768 2686 1836 συνελέγοντό
2708 1788 2766 1823 τε
2791 1773 3103 1845 στράτευμα
3129 1778 3450 1850 ἀμφότεροι.
3471 1783 3793 1857 Οὖγγλεσης
3815 1788 3918 1856 μὲν

2338 1853 2432 1912 οὖν
2453 1858 2683 1930 ὥρμητο
2706 1864 2814 1917 ἀπὸ
2839 1866 3065 1937 Φερρὦ
3092 1870 3184 1922 ἐπὶ
3209 1871 3337 1936 τοὺς
3379 1873 3681 1945 Τούρκους,
3714 1853 3773 1930 ἐν
3819 1853 3912 1939 αἷς

2335 1950 2405 2004 τὰ
2432 1950 2681 2021 βασίλεια
2710 1950 2778 2027 ἦν
2806 1957 2994 2029 αὖτῷτ
3022 1961 3249 2034 Κράλης
3276 1981 3337 2017 τε
3377 1967 3496 2036 ἅμα
3524 1969 3675 2038 αὐτῷ
3701 1973 3728 2023 ὀ
3760 1972 3918 2025 ἀδελ-

2335 2042 2435 2110 φδς
2468 2045 2784 2118 στράτευμα
2815 2048 2953 2120 ἔχων
2973 2053 3084 2107 ἀπὸ
3108 2056 3209 2126 τῆς
3231 2059 3528 2128 μεσογαίου
3562 2062 3666 2134 τῆς
3688 2065 3915 2136 Θρᾴκης

2335 2137 2527 2209 συνῄει
2573 2140 2654 2210 τῷ
2713 2141 2931 2216 ἀδελφῷ
2981 2147 3058 2210 ὡς
3109 2155 3566 2224 στρατευσόμενοι
3619 2156 3736 2228 ἅμα
3783 2162 3913 2223 τοὺς

2334 2231 2638 2301 Τούρκους.
2681 2235 2750 2289 Ὀ
2785 2239 2888 2305 μὲν
2939 2235 3035 2293 οὖν
3069 2243 3445 2318 Σουλαιμάνης
3491 2250 3650 2320 ἔτυχε
3685 2252 3912 2324 πολιορ-

2331 2324 2464 2376 κῶν·
2489 2327 2729 2398 πόλισμα
2761 2330 2824 2383 τὺ
2849 2333 3001 2403 παρά
3028 2335 3270 2406 Ταίαρον
3301 2343 3572 2412 ποταμὸν,
3600 2345 3778 2416 διέχον
3796 2350 3907 2400 ἀπὸ

2341 2417 2842 2489 ’Δδριανουπόλεως
2886 2428 3139 2493 σταδίους
3176 2431 3311 2487 ὡσεὶ
3368 2435 3777 2510 ἑϐδομήκονταο
3812 2446 3910 2497 καὶ

2329 2513 2534 2580 σκηνὰς
2573 2514 2674 2583 μὲν
2705 2517 2873 2571 αὑτοῦ
2924 2520 3024 2575 οὐκ
3067 2522 3260 2593 ὀλίγας
3294 2529 3406 2581 ἀπὸ
3452 2531 3624 2585 πίλων
3649 2535 3801 2603 ἄγων
3839 2538 3905 2603 ιτ,

2326 2605 2586 2674 ἐπήξατο,
2619 2609 2678 2662 ὲν
2706 2604 2792 2674 αἷς
2839 2613 2902 2685 δὴ
2936 2616 2987 2669 οί
3018 2621 3161 2673 κατά
3189 2622 3291 2692 τὴν
3324 2623 3509 2678 Ἀσίαν
3536 2629 3743 2684 Σκύθαι
3767 2651 3826 2686 τε
3855 2637 3906 2689 oi

2326 2695 2576 2766 Νομάδες
2593 2703 2687 2754 καὶ
2698 2702 2960 2772 Τούρκων
2983 2708 3034 2759 οί
3057 2711 3194 2780 πρὸς
3214 2712 3366 2766 τόνδε
3403 2716 3497 2770 τὸν
3520 2719 3636 2788 βίον
3661 2739 3903 2794 τετραμ-

2331 2789 2485 2858 μένοι
2515 2792 2678 2864 δῃοῦν
2711 2795 2937 2852 εἰώθασι
2961 2817 2977 2831 ο
3007 2803 3105 2855 καὶ
3134 2805 3448 2876 ἐπολιόρκει
3501 2811 3562 2864 τὸ
3589 2789 3787 2886 χωρίον
3819 2789 3906 2869 ἑνν-

2324 2885 2642 2954 τεταμένως
2668 2904 2682 2917 ο
2711 2888 3057 2960 διατρίϐοντα
3084 2896 3141 2950 δὲ
3168 2899 3330 2954 αὐτὸν
3369 2903 3610 2973 λέγεται,
3640 2885 3718 2973 ὥς
3741 2911 3902 2982 τάχιο

2324 2994 2425 3033 στα
2451 2981 2684 3036 ἐπύθετο
2711 2985 2965 3053 ἐπιόντας
2995 2994 3042 3044 οί
3089 2994 3219 3058 τοὺς
3253 2997 3574 3070 πολεμίους,
3611 3003 3797 3061 λαϐεῖν
3840 3027 3901 3061 τε

2321 3072 2945 3150 ἐπιλεξάμενον-ἀνδρας
2980 3083 3038 3146 ὲς
3071 3085 3430 3155 ὀκτακοσίους
3462 3094 3566 3146 τῶν
3617 3098 3756 3166 ἀμφ’
3803 3102 3905 3154 αἰν-

2855 3177 3046 3240 νυκτὸς
3069 3181 3410 3236 ὲπελάσαντα
3434 3187 3490 3249 ἐς
3522 3189 3583 3240 τὸ
3619 3192 3899 3260 πολεμίων

2321 3260 2686 3327 στρατόπεδον
2714 3267 3255 3339 καταδῃούμενον,ὡς
3277 3276 3377 3346 ἤδη
3398 3279 3430 3341 ή
3461 3278 3575 3348 ἠὼς
3602 3282 3895 3352 ὑπέφαινε,

2317 3351 2412 3402 καὶ
2437 3350 2562 3405 οὔτε
2594 3355 2842 3421 φυλακὰς
2870 3359 3093 3430 ἔχοντας
3127 3365 3255 3429 τοὺς
3287 3369 3582 3440 πολεμίους
3615 3350 3764 3446 ἑώρα
3790 3350 3891 3431 ab?

2316 3443 2444 3508 τούς
2469 3463 2526 3499 τε
2558 3448 2625 3500 τὲ
2653 3449 2823 3504 πολλὰ
2852 3456 3003 3524 παρά
3026 3458 3299 3530 Ταίναρον
3336 3466 3582 3534 ποταμὸν
3603 3507 3618 3530 ,
3659 3443 3718 3528 δέ
3746 3469 3891 3543 ὕδωρ

2317 3538 2604 3592 κάλλιστόν
2639 3559 2700 3596 τε
2760 3549 3062 3617 παρέχεται
3118 3558 3283 3619 πιεῖν,
3339 3560 3430 3610 καὶ
3495 3538 3887 3628 ὑγιεινότατον.

2315 3627 2509 3701 θέρους
2545 3635 2602 3686 δὲ
2641 3631 2712 3708 ἦν
2746 3637 2884 3708 ὥρα,
2913 3641 3194 3715 ὀλιγώρως
3233 3666 3294 3701 τε
3319 3650 3428 3704 τῶν
3473 3627 3653 3708 ὃπλων
3705 3659 3892 3725 σφίσιν

2313 3724 2503 3786 αὐτοῖς
2528 3727 2761 3780 καὶτῶν
2796 3729 2978 3784 ῖππων
3005 3734 3250 3804 ἔχοντας.
3289 3734 3379 3794 οἶα
3418 3742 3542 3806 τοὺς
3587 3745 3888 3815 πολεμίους

2313 3815 2372 3866 ὲν
2401 3817 2576 3872 οὐδενὶ
2619 3820 2766 3890 λόγῳ
2795 3826 3176 3894 ποιουμένους,
3208 3831 3302 3885 ἐπὶ
3334 3834 3620 3906 ῥᾳστώνην
3646 3856 3888 3909 τετραμ-

2315 3907 2528 3975 μένους,
2555 3912 2694 3964 κατά
2724 3914 3033 3984 Κερμιανὺν
3056 3919 3234 3989 χῶρον
3257 3926 3608 3981 ἐπεισπεσεῖν
3638 3947 3696 3983 τε
3730 3935 3886 4000 ἄφνω

2313 4000 2412 4051 σὺν
2449 4003 2561 4064 τοῖς
2591 4003 2955 4073 ὀκτακοσίοις,
2993 4013 3082 4063 καὶ
3124 4013 3434 4086 διαφθεῖραι
3472 4022 3764 4089 σύμπαντα
3789 4028 3883 4079 τὸν

2313 4095 2544 4161 στρατὸν
2577 4097 2885 4160 κτείνοντας
2916 4102 3314 4170 ἀφειδέστατα⁶
3359 4110 3499 4164 ὥστε
3534 4116 3658 4178 τοὺς
3694 4118 3881 4171 πλείο-

2310 4201 2407 4246 νας
2433 4185 2615 4239 αὐτῶν
2645 4193 2830 4244 πεσεῖν
2871 4195 2926 4257 ἐς
2952 4196 3042 4248 τὸν
3069 4201 3335 4270 ποταμὸν,
3372 4203 3464 4256 καὶ
3487 4207 3545 4258 ἐν
3571 4209 3774 4280 ἀπορίᾳ
3805 4210 3881 4265 εἴ·

2310 4294 2402 4344 χον
2428 4279 2552 4332 ὅποι
2607 4282 2916 4351 τρέπωνται
2948 4291 3254 4360 γενόμενοι,
3286 4297 3381 4348 καὶ
3436 4299 3610 4371 ταύτῃ
3643 4303 3877 4372 διαφθαο

2310 4368 2472 4437 ρῆναι
2497 4387 2511 4401 ο
2550 4373 2677 4426 ἔνθα
2705 4376 2734 4427 ὅ
2786 4395 2844 4428 τε
2879 4379 3197 4453 Οὕγγλεσης
3229 4387 3500 4454 ἀπώλετο,
3548 4368 3640 4447 καὶ
3675 4399 3702 4447 ὀ
3728 4368 3879 4466 Κρά-

2308 4457 2426 4528 λης,
2461 4464 2489 4513 ὀ
2512 4464 2737 4533 ἀδελφξις
2761 4470 2926 4523 αὑτοῦ
2971 4475 3029 4526 ὲν
3056 4478 3227 4550 ταύτῃ
3257 4483 3322 4551 τῇ
3365 4485 3537 4557 μάχῃ.
3563 4488 3708 4557 Ὅτῳ
3737 4457 3793 4541 δ’·
3813 4489 3880 4543 ἂν

2303 4551 2491 4622 τρόπῳ
2519 4554 2810 4630 διεφθάρη,
2843 4565 2941 4617 οὐκ
2973 4567 3091 4636 ῇδει
3124 4569 3320 4634 οὐδεὶς,
3352 4551 3729 4632 ὥστε-ὀἴεσθαι
3750 4582 3878 4645 τοὺς

2305 4647 2688 4713 προσήκοντας
2742 4654 2887 4722 αὐτῷ
2940 4664 3212 4728 περιεῖναι
3260 4664 3340 4718 ἐτι
3374 4668 3540 4721 αὐτὸν
3588 4671 3680 4724 ἐπὶ
3707 4674 3877 4727 πολύν

2302 4752 2426 4788 τινα
2459 4739 2673 4806 χρόνον.
2719 4744 2810 4808 Ὠς
2839 4743 2932 4801 οὖν
2984 4752 3189 4821 ταύτην
3228 4758 3330 4826 τὴν
3369 4761 3526 4832 νίκην
3549 4763 3742 4834 εὐκλεῆ
3785 4770 3878 4820 καὶ

2300 4837 2577 4903 περιφανῆ
2630 4837 2873 4894 ἀνείλετο
2902 4843 3306 4920 Σουλαιμάνης,
3367 4857 3426 4907 τό
3457 4875 3514 4910 τε
3577 4861 3820 4932 σπόλισμα
3850 4868 3878 4918 ὃ

2299 4922 2610 4994 ἐπολιόρκει
2662 4933 2929 5001 πρότερον
2975 4944 3380 5012 παρεστήσατο,
3423 4951 3515 5002 καὶ
3553 4922 3875 5022 Ὀρεστιάδα

2299 5013 2398 5079 τὴν
2433 5017 2872 5088 Ἀδριανοὺπολιν
2901 5029 3242 5103 καλουμένην
3274 5038 3515 5094 ἐλαύνων
3541 5013 3872 5116 ἐπολιόρκει.

2301 5107 2500 5179 Ἔτυχε
2529 5112 2584 5164 δὲ
2622 5116 2721 5184 τήν
2755 5137 2811 5170 τε
2844 5121 2942 5191 τὴν
2971 5125 3128 5178 πόλιν
3160 5129 3501 5202 Περιδμητόν
3541 5107 3872 5208 πολιορκῶν,

2295 5200 2388 5251 καὶ
2430 5205 2751 5271 προϐάλλων
2785 5214 2862 5278 τῷ
2891 5216 3060 5286 τείχει
3086 5221 3232 5289 θαμά
3258 5226 3358 5276 οὐκ
3388 5200 3550 5284 ἀνίει.
3591 5230 3679 5284 Ἐν
3697 5200 3872 5306 τούτω

2292 5292 2347 5343 δὲ
2371 5294 2524 5359 ὄντος
2562 5301 2971 5372 Σουλαιμάνεω,
3008 5317 3192 5382 τυχεῖν
3224 5320 3446 5372 νεανίαν
3489 5322 3707 5390 λέγουσι
3762 5330 3870 5380 τῶν

2292 5386 2350 5436 ἐν
2375 5391 2441 5457 τῇ
2471 5392 2644 5457 πόλει,
2681 5399 2822 5451 κατά
2857 5401 3000 5472 ὀπήν
3035 5423 3151 5459 τινα
3178 5409 3288 5462 ἀπὸ
3311 5413 3406 5482 τῆς
3435 5386 3641 5480 πόλεως
3669 5421 3868 5489 φέρου-

2294 5495 2396 5532 σαν
2423 5481 2547 5548 ἔξω,
2575 5486 2745 5559 λάθρα
2779 5511 2834 5547 τε
2865 5496 3074 5562 ἐξιόντα
3131 5504 3324 5569 νυκτὸς
3365 5508 3593 5580 ἀμῶνται
3635 5514 3843 5583 πυροὺς

1903 5584 2148 5645 Nolulte
2183 5593 2586 5668 marginales.

680 5669 793 5740 (18)
823 5668 904 5721 Al.
936 5667 1340 5738 llatlt'iaztopalt'.

709 5826 748 5854 ”
785 5825 970 5880 πένων.
1005 5827 1137 5879 utea
1170 5831 1327 5880 πιλίον
1361 5831 1531 5895 αἰγῶν
1560 5831 1626 5887 Ii.
