4202 6430
236 386 301 451 1.1
1344 382 1444 440 DE
1490 378 1741 439 REBUS
1781 376 2146 438 TUliClClS
2188 376 2336 435 LIB.
2384 376 2429 435 Ι.
3427 372 3498 436 62

237 505 383 558 κατὰ
420 503 517 573 τὴν
546 504 683 574 ὀπτὴν
713 505 919 573 ταύτην
965 502 1244 570 διαφορεῖν
1286 502 1341 561 ἐς
1382 497 1483 568 τήν
1510 497 1688 561 πόλιν,
1719 496 1803 548 καὶ

1916 508 2022 563 qua
2058 493 2201 546 tnuri
2245 502 2398 559 parte
2452 491 2657 544 intrare
2704 490 2901 544 solitus
2923 497 3062 549 erat,
3109 504 3134 541 a
3176 500 3327 561 tergo
3376 505 3500 545 eum

236 597 399 649 τοῦτο
424 598 661 665 συνεχῶς
695 598 953 648 ποιοῦντα
1006 596 1236 663 ὀφθῆναι
1289 592 1394 644 ὑπό
1433 608 1577 653 τινος
1607 591 1716 642 τῶν
1751 591 1809 640 ἐν

234 692 314 760 τῷ
342 692 709 759 στρατοπέδῳ.
763 691 959 743 ’ἰδόντα
989 690 1045 741 δὲ
1078 690 1167 740 τὸν
1197 686 1467 755 Τοῦρκον,
1577 682 1751 753 εἰσῄει
1782 683 1811 735 ό

236 786 477 846 νεανίας.
535 786 873 851 ἐφεπόμενον
921 785 1151 834 κατόπιν
1198 778 1476 847 γενέσθαι,
1517 776 1661 830 κατὰ
1710 775 1812 842 τὴν

231 877 374 947 ὀπὴν
407 877 737 947 πειραθῆναί
760 893 819 929 τε
868 876 1061 945 αὐτῆς,
1102 874 1197 928 καὶ
1225 872 1461 926 εἰσιόντα
1489 871 1547 930 ἐς
1584 870 1684 937 τὴν
1713 868 1811 920 πόρ’

235 972 341 1032 λιν,
377 964 532 1029 αὖθις
555 969 611 1029 ἐς
643 968 702 1020 τὸ
734 968 1098 1037 στρατόπεδον
1149 963 1403 1033 γενέσθαι
1431 979 1447 995 ο
1484 962 1580 1014 καὶ
1619 962 1809 1030 ἀφικό-

236 1076 400 1127 μενον
424 1061 577 1128 παρὰ
604 1058 971 1127 Σουλαιμὰνη,
1004 1057 1239 1120 ἐξειπεῖν
1263 1072 1319 1107 τε
1347 1054 1447 1124 τὴν
1475 1051 1812 1115 εἷσοδον,καὶ

234 1154 402 1206 αὑτὸν
432 1154 631 1205 αὐτίκα
657 1151 991 1220 ἐξηγεῖσθαι.
1028 1150 1365 1219 Πειραθέντα
1388 1147 1445 1201 δέ
1470 1148 1569 1217 τῆς
1603 1146 1810 1199 εἰσόδου

205 1246 327 1298 ’τὸν
352 1246 617 1315 ἡγεμόνα,
651 1244 986 1296 καταλαϐεῖν
1030 1252 1091 1296 τε
1128 1244 1230 1313 τὴν
1281 1242 1436 1295 πόλιν
1466 1241 1661 1311 ταύτῃ,
1717 1238 1813 1291 καὶ

233 1341 324 1409 ὑφ’
346 1340 494 1409 αὖτῷ
528 1339 877 1409 ποιήσασθαι.
906 1338 1062 1393 Μετὰ
1083 1339 1138 1389 δὲ
1169 1336 1339 1388 ταῦτα
1371 1336 1448 1397 εἰς
1478 1332 1811 1387 Φ.λιππόττο-

232 1436 314 1487 λιν
347 1435 668 1498 ἐλαύνοντα,
721 1433 864 1485 ἑλεῖν
917 1449 976 1484 τε
1026 1432 1121 1484 καὶ
1151 1430 1360 1497 ταύτην
1383 1428 1484 1497 τὴν
1511 1426 1685 1489 πόλιν,
1716 1424 1811 1476 καὶ

228 1528 696 1597 παραστήσασθαι
724 1526 1006 1595 ὁμολογίᾳ.
1056 1524 1289 1591 Λέγεται
1317 1521 1375 1574 δὲ
1407 1519 1663 1587 γενέσθαι
1688 1516 1810 1569 τού-

227 1640 305 1689 τῳ
335 1622 412 1689 τῷ
451 1620 659 1689 βασιλεί
690 1619 858 1687 ἄνδρα
890 1619 984 1670 ἐπὶ
1014 1616 1355 1687 στρατηγίας
1401 1609 1811 1679 ἐπισημότατόν

224 1732 284 1765 τε
318 1715 413 1765 καὶ
458 1711 775 1779 ἐξηγεῖσθαι
806 1710 1113 1763 δεινότατον
1156 1709 1250 1760 ἐπὶ
1306 1704 1547 1769 πόλεμόν
1593 1721 1656 1757 τε
1715 1704 1810 1755 καὶ

228 1805 555 1874 ἐπιδρομάς.
585 1803 763 1856 Κα“ι·οἱ
795 1802 894 1870 μὲν
918 1801 1169 1869 λέγουσιν
1200 1798 1362 1852 αὐτὸν
1381 1798 1448 1850 τὰ
1480 1796 1652 1848 πλείω
1679 1795 1809 1847 ἁπο-

1921 592 2145 641 secuttts
2175 595 2282 652 est,
2309 592 2619 640 tentaturus
2654 586 2698 638 si
2726 600 2821 653 per
2841 593 2960 638 eam
2986 584 3177 637 rimam
3226 586 3280 638 itt
3311 587 3497 640 ttrbem

1919 677 2020 732 sibi
2041 687 2247 748 pateret
2268 678 2469 733 aditus.
2499 676 2698 732 Urbem
2728 679 2913 747 itaque
2936 677 3222 749 ingressus
3250 688 3355 732 est.
3380 678 3501 742 Quo

1918 770 2532 837 faelo,rediitincastra
2555 773 2621 825 ad
2672 772 3067 834 Sulaimanem,
3097 782 3327 839 actaque
3367 769 3473 826 edo

1918 871 2026 920 eet.
2060 865 2408 920 Sulaimanes
2441 864 2608 934 igitur
2635 866 2847 921 eductis
2878 866 2931 919 in
2965 867 3135 920 aciem
3178 866 3372 933 copiis,
3429 866 3495 919 ad

1916 959 2106 1012 urbem
2158 959 2409 1013 accessit.
2458 959 2517 1010 ln
2575 971 2741 1027 quam
2782 973 2905 1012 eum
2960 955 3316 1027 irrepsisset,
3359 956 3497 1009 duce

1914 1049 2114 1115 Turco,
2149 1050 2239 1119 qtti
2270 1050 2465 1103 rimam
2498 1050 2785 1103 invenerat
2810 1049 2975 1112 muri,
3004 1049 3151 1102 illico
3179 1048 3300 1115 ejus
3321 1047 3502 1101 donti-

1915 1142 2064 1195 nium
2102 1153 2295 1197 nactus
2326 1153 2429 1197 est.
2469 1141 2660 1197 Postea
2700 1143 2969 1212 promotis
2998 1141 3196 1197 castris
3216 1139 3500 1209 Philippo-

1923 1233 2091 1303 polim
2120 1233 2370 1287 obsidet:
2400 1248 2520 1303 quae
2550 1234 2767 1289 tandem
2802 1233 3154 1302 pactionibus
3195 1231 3249 1286 in
3279 1229 3401 1299 ejus
3440 1232 3500 1284 li-

1916 1328 2039 1382 dem
2068 1329 2325 1381 traditur.
2350 1325 2577 1392 Ferunt,
2611 1330 2756 1383 hunc
2785 1344 2963 1397 regem
2998 1326 3259 1381 habuisse
3322 1327 3495 1378 virum

1915 1421 1993 1473 rei
2023 1421 2273 1474 militaris
2303 1435 2564 1491 perquam
2593 1436 2972 1491 gnarum,quo
3008 1420 3194 1475 nullus
3220 1419 3385 1472 fuerit
3409 1434 3502 1471 su-

1914 1512 2095 1580 perior
2130 1512 2536 1568 incursionibus
2572 1513 2836 1567 faciendis
2902 1512 3166 1580 bellisque
3221 1511 3495 1579 gerendis.

1917 1604 2184 1660 Praeterea
2241 1608 2393 1660 aiunt
2423 1607 2491 1659 ad
2526 1616 2736 1659 tantam
2785 1606 3083 1675 potentiam
3121 1619 3247 1658 cum
3295 1604 3397 1657 hac
3434 1617 3498 1656 ex

1916 1716 2082 1756 causa
2106 1703 2345 1763 venisse.
2380 1700 2523 1770 quod
2558 1715 2772 1756 summa
2805 1700 3085 1755 celeritate
3126 1700 3179 1752 in
3209 1699 3374 1753 rebus
3405 1713 3501 1766 ge-

1916 1794 2101 1849 rendis
2137 1803 2403 1848 uteretur.
2438 1794 2783 1849 Sulaimanes
2819 1793 3356 1857 morbo'implicattts
3392 1800 3499 1847 est.

226 1897 582 1965 δεικνύμενον
612 1893 874 1962 πάμπολυ
922 1893 1056 1962 ταχύ
1092 1908 1151 1945 τε
1190 1891 1283 1944 καὶ
1309 1888 1656 1960 παραχρῆμα
1689 1889 1803 1940 ἐπι-

1916 1886 2054 1941 Hinc
2086 1887 2386 1943 festinabat
2418 1890 2471 1942 in
2505 1890 2713 1945 Asiam.
2748 1888 2935 1943 Morbo
2969 1889 3183 1943 tandem
3220 1888 3503 1957 ingraves-

227 1992 545 2043 δεδωκέναι.
601 1989 952 2056 Νοσήσαντος
1007 1987 1063 2039 δὲ
1098 1984 1509 2053 Σουλαιμάνεω,
1550 1983 1645 2035 καὶ
1716 1982 1809 2033 ἐπὶ

238 2079 426 2131 ’Λαίαν
456 2062 839 2143 ἐπειγομένου,
864 2074 962 2143 τὴν
988 2074 1143 2126 νόσον
1162 2074 1211 2126 οἱ
1242 2072 1631 2142 χαλεπωτέραν
1656 2086 1807 2139 γενο-

226 2174 422 2241 μένην,
455 2172 757 2237 ἁπενέγκαι
788 2170 851 2220 ἐκ
877 2166 970 2220 τοῦ
997 2166 1114 2237 βίου
1148 2167 1331 2220 αὐτόν.
1366 2164 1718 2218 Τελευτῶν-ια
1748 2163 1806 2215 δὲ

220 2266 496 2319 ἐπιτεῖλαι
528 2268 640 2327 τοῖς
674 2265 810 2333 ἀμφ’
838 2263 1025 2328 αὑτὸν,
1059 2260 1228 2331 θάψαι
1261 2278 1318 2313 τε
1346 2261 1407 2313 τὸ
1447 2259 1606 2329 σῶμα
1638 2257 1806 2312 αὐτοῦ

220 2364 420 2433 ταύτῃ,
453 2361 592 2415 κατᾶ
624 2361 715 2414 τὸν
759 2360 863 2429 τῆς
888 2360 1235 2430 Χερρονήσου
1272 2356 1481 2426 ἰσθμόν.
1515 2352 1591 2427 ’ᾟ
1626 2355 1681 2409 δὲ
1711 2356 1805 2408 καὶ

221 2457 429 2524 συνέϐη
459 2456 724 2525 πρότερον
752 2453 1157 2521 τελευτήσαντα
1183 2449 1274 2503 τὸν
1310 2450 1473 2502 παῖδα
1495 2448 1687 2513 αὐτοῦ,
1713 2448 1810 2501 θά-

1915 1991 2093 2044 eente,
2116 1984 2372 2037 moritur.
2394 1981 2632 2038 Moriens
2659 1983 2915 2055 praecepit
2940 1983 3056 2039 suis
3088 1993 3147 2037 ut
3172 1998 3376 2052 corpus
3405 1998 3497 2037 se-

1917 2073 2150 2143 pelirent
2183 2075 2237 2129 in
2269 2076 2595 2133 Chersonesi
2627 2077 2853 2143 istltmo,
2888 2078 2978 2133 ttbi
3009 2087 3167 2133 antea
3192 2078 3501 2149 contigerat

1917 2166 2086 2221 filium
2120 2183 2281 2222 suum
2338 2169 2450 2225 fato
2508 2169 2696 2241 fungi:
2733 2179 2786 2225 et
2842 2172 3146 2241 magniﬁcm
3200 2172 3497 2241 sepultura:

1915 2262 2055 2317 tradi
2089 2262 2387 2329 ordinavit,
2413 2272 2467 2318 et
2492 2263 2701 2319 reditus
2754 2266 3133 2321 sacerdotibus
3162 2266 3254 2332 qui
3294 2280 3360 2320 eo
3392 2267 3493 2321 loci

1912 2366 2090 2416 erant,
2117 2365 2174 2409 ut
2199 2357 2539 2412 celebrarent
2568 2370 2869 2414 nocturnos
2894 2359 3053 2416 ludos
3075 2360 3140 2414 ad
3159 2360 3498 2429 sepulcrum.

1909 2464 2078 2520 seque
2110 2449 2201 2503 lilii
2233 2451 2524 2519 sepultura:
2552 2451 2706 2522 jungi
2738 2454 2932 2507 voluit.

215 2552 317 2619 ψει
350 2569 408 2602 τε
444 2547 902 2619 μεγαλοπρεπῶς,
930 2547 1025 2600 καὶ
1053 2545 1311 2617 ἐξήνεγκε
1332 2560 1345 2575 ⁸
1374 2546 1469 2596 καὶ
1496 2543 1574 2613 τῷ
1604 2544 1807 2613 σήματι
1845 2542 2144 2614 ταξάμενος
2185 2546 2406 2615 φόρους,
2441 2546 2582 2599 ὥστε
2631 2547 2907 2617 παννυχίσι
2930 2547 3171 2618 χρῖσὸαι
3235 2550 3361 2613 τοὺς
3426 2551 3501 2608 is.

219 2649 337 2717 ρεῖς
380 2645 557 2699 αὐτῶν
580 2646 673 2697 ἐπὶ
702 2643 778 2713 τῷ
805 2642 1071 2712 μνήματι,
1107 2641 1268 2695 αὐτόν
1297 2659 1356 2694 τε
1384 2640 1669 2695 ἐκέλευσεν
1701 2640 1866 2693 αὑτοῦ
1902 2642 2069 2711 θάψαι
2100 2641 2215 2712 ἅμα
2243 2643 2322 2713 τῷ
2348 2643 2499 2697 παιδὶ
2528 2645 2715 2700 αὐτοῦ.

297 2746 534 2795 Ἔπειτα
560 2742 615 2793 δὲ
643 2739 807 2793 αὐτοῦ
859 2739 1217 2808 ἐτελεύτησεν
1256 2738 1601 2808 Ἀμουρὰτης
1634 2741 1660 2791 6
1689 2739 1816 2808 Ὀρ-

218 2839 403 2909 χὰνεω
432 2837 583 2897 παῖς,
613 2833 1004 2900 Σουλαιμάνεω
1034 2831 1090 2884 δὲ
1112 2831 1362 2898 ἀδελφὸς,
1387 2831 1462 2895 ὡς
1491 2831 1721 2883 ἐπύθετό
1761 2832 1812 2883 οἱ

216 2931 387 2982 αὐτὸν
411 2928 835 2995 τελευτήσαντα,
865 2925 990 2987 τούς
1010 2941 1069 2977 τε
1108 2924 1149 2956 ⁸⁸
1182 2924 1467 2994 νεήλυδας,
1494 2922 1591 2976 καὶ
1618 2924 1810 2987 ἄλλους

215 3026 350 3084 τοὺς
382 3024 494 3074 τῶν
540 3020 719 3087 Ουριῖιν
750 3020 911 3080 ὄντας
967 3017 1169 3083 λαϐὼν,
1205 3019 1296 3070 καὶ
1321 3018 1377 3080 ἐς
1400 3016 1499 3086 τὴν
1536 3016 1807 3086 Εὐρώπην

215 3118 437 3177 διαϐὰς,
466 3113 746 3185 παρέλαϐε
785 3115 847 3164 τὸ
905 3114 1224 3181 στράτευμα
1273 3111 1441 3165 αὑτοῦ
1484 3112 1655 3175 ἅπαν,
1704 3111 1800 3163 καὶ

212 3214 307 3262 ἐπὶ
356 3207 797 3279 Ἀδριανούπολιν
854 3207 1073 3271 ἐλάσας,
1126 3208 1197 3259 τα
1254 3205 1506 3275 βασίλειά
1549 3208 1597 3259 οἱ
1632 3207 1797 3259 αὑτοῦ

210 3305 537 3372 ἐποιήσατο.
570 3301 678 3353 Καὶ
719 3298 968 3352 ἐντεῦθεν
1008 3298 1355 3369 ὁρμώμενος,
1418 3300 1665 3369 ὲληῖζετο
1697 3301 1797 3370 τὴν

208 3399 311 3468 τῆς
369 3396 711 3458 Μακεδονίας
762 3395 1047 3463 μεσόγαιον
1095 3394 1300 3465 χώραν,
1346 3396 1443 3448 καὶ
1487 3395 1800 3465 ἀνδράποδα

213 3494 389 3561 συχνὰ
422 3491 708 3559 ἀγόμενος,
736 3489 1023 3553 ἐπλούτιζε
1071 3490 1198 3551 τοὺς
1237 3489 1357 3559 μεθ’
1385 3490 1583 3543 ἑαυτοῦ
1633 3508 1799 3560 στρα-

206 3586 434 3648 τιώτας,
466 3588 562 3638 καὶ
600 3583 861 3651 Τούρκων
909 3583 1025 3635 ὅσοι
1054 3582 1142 3635 ἐπ’
1171 3581 1345 3634 ἐλπίδι
1378 3581 1473 3635 τοῦ
1532 3583 1797 3651 κερδᾶναι

206 3678 395 3731 ὁτιοῦν
429 3677 647 3727 εἵποντο
684 3674 854 3745 αὐτῷ,
896 3674 1151 3743 ἐδωρεῖτο
1198 3674 1558 3744 ἀνδραπόδοις
1588 3692 1647 3727 τε
1702 3678 1798 3729 καὶ

209 3770 556 3836 ὑποζυγίοις,
590 3768 624 3822 ἃ
659 3768 912 3837 ἡλίσκετο
933 3766 1040 3819 ἀπὸ
1065 3768 1271 3820 Μυσῶν
1291 3784 1349 3819 τε
1383 3769 1474 3820 καὶ
1505 3768 1794 3838 Ἑλλήνων.

208 3866 447 3930 Λέγεται
468 3862 648 3929 μέντοι
680 3860 943 3925 xuii-.656,
963 3861 1038 3922 ὼς
1064 3860 1434 3933 Σουλαιμάνης
1454 3863 1575 3914 ἐπεὶ
1604 3862 1799 3933 ᾔσθετο

208 3957 309 4022 τῆς
327 3955 645 4023 Τριϐαλλῶν
664 3956 756 4006 καὶ
776 3953 975 4006 Μυσῶν
994 3952 1274 4021 δυνάμεως
1300 3953 1387 4007 ἐπ’
1421 3954 1584 4007 αὐτὸν
1611 3955 1797 4023 ἀθροι-

209 4048 470 4116 ζομένης,
506 4046 599 4097 καλ¹
632 4045 899 4114 ἔπραττεν
929 4043 1069 4096 ὥστε
1096 4043 1317 4114 δοθῆναί
1369 4047 1416 4097 οἱ
1450 4045 1636 4109 ἑξάκις
1690 4065 1795 4117 μυ-

211 4141 335 4210 ρίας
360 4138 631 4207 δραχμὰς,
661 4137 801 4189 ὥστε
828 4136 1118 4190 ἀποδοῦναι
1141 4136 1321 4201 αὐτοῖς
1384 4139 1479 4190 ὅσα
1537 4139 1645 4191 τῶν
1701 4157 1797 4193 πο-

208 4235 494 4301 λισμάτων
520 4231 899 4301 προσηγάγετο
921 4232 992 4296 oi,
1025 4232 1118 4283 καὶ
1145 4232 1306 4284 αὑτὸν
1334 4232 1580 4301 οἴχεσθαι
1616 4235 1796 4287 ἁπαλ-

209 4322 542 4392 λαττόμενον
573 4323 649 4384 είς
679 4324 776 4386 τήν
819 4321 1004 4374 Ἀσίαν
1049 4324 1457 4392 ἀποχωρήσειν,
1494 4326 1795 4395 τηνικαῦτα

212 4413 611 4482 πολιορκοῦντα
632 4414 699 4465 τὰ
749 4415 805 4465 ἐν
824 4417 891 4483 τῇ
926 4414 1115 4485 Θρᾴκη
1161 4416 1469 4483 πολίσματα
1507 4417 1793 4488 Ἑλλήνων.

222 4508 308 4567 Ὡς
339 4506 439 4559 οὖν
470 4507 759 4572 πυθόμενοι
790 4508 839 4558 οἱ
866 4506 1129 4575 Ἕλληνες
1182 4508 1503 4577 ἁπεδέχοντό
1562 4527 1643 4572 τε,
1703 4513 1794 4565 καὶ

208 4600 418 4667 ἓτοιμοι
441 4593 582 4667 ἦσαν
615 4599 706 4651 ἐπὶ
734 4599 942 4661 τούτοις
989 4601 1335 4664 σπένδεσθαι,
1400 4603 1791 4674 ξυνηνεχθῆναι
1827 4627 1871 4682 ι)

213 4690 437 4758 σεισμόν
471 4705 530 4740 τε
571 4691 761 4759 μέγαν,
787 4690 881 4741 καὶ
909 4692 989 4743 τὰ.
1026 4692 1179 4760 τείχη
1225 4694 1335 4745 τῶν
1382 4695 1589 4747 πόλεων
1644 4696 1795 4767 διαρο

212 4780 651 4850 ραγῐψαμῶστε
696 4781 894 4844 αὐτοὺς
946 4781 1086 4833 ἑλεῖν
1125 4783 1234 4835 ἀπὺ
1280 4784 1469 4837 τούτου
1524 4788 1590 4839 τὰ
1651 4788 1797 4840 πλέω

209 4870 284 4937 οἷς
340 4874 655 4939 ἐπήλαυνον
713 4873 1150 4940 πολιορκοῦντες.
1215 4875 1325 4926 Καὶ
1381 4876 1596 4939 ἑλόντας
1647 4878 1797 4947 παρὰ

209 4967 313 5017 τῶν
373 4965 645 5034 Ἑλλήνων
705 4965 772 5017 τὰ
832 4966 1159 5035 πολίσματα,
1215 4967 1436 5036 ἔχεσθαι
1475 4970 1570 5020 τοῦ
1610 4970 1796 5022 λοιποῦ

212 5060 305 5124 τῆς
341 5059 636 5127 Εὐρώπης,
668 5058 836 5127 μηδέν
874 5076 927 5110 τι
949 5059 1189 5112 τοιοῦτον
1234 5061 1316 5112 ἐτι
1375 5063 1793 5131 προσιεμένους.

211 5152 360 5202 Μετὰ
386 5152 443 5202 δὲ
475 5149 645 5202 ταῦτα
677 5150 907 5219 ἤλαυνεν
938 5151 1030 5203 ἐπὶ
1085 5153 1303 5214 Μυσοὺς
1365 5155 1458 5206 καὶ
1516 5156 1608 5206 ἐπὶ
1663 5156 1793 5223 Τρι-

213 5242 457 5302 Called;
494 5242 569 5293 Τὸ
588 5242 643 5293 δὲ
667 5242 818 5309 γένος
837 5242 997 5294 τοῦτο
1022 5245 1380 5301 παλαιότατόν
1433 5262 1492 5297 τε
1546 5248 1639 5298 καὶ
1695 5248 1793 5315 μέ-

214 5350 395 5397 γιστον
429 5333 539 5385 τῶν
575 5335 716 5386 κατὰ
746 5336 843 5403 τὴν
888 5335 1213 5404 οἰκουμένην
1249 5336 1421 5389 ἐθνῶν
1449 5353 1461 5365 '
1512 5338 1621 5390 εἴτε
1681 5338 1789 5390 ἀπὸ

215 5423 479 5494 Ἱλλυριῶν
515 5426 709 5493 μοίρας
756 5427 1158 5495 ἀπεσχισμένον
1197 5429 1403 5495 ταύτην
1458 5428 1639 5499 ᾤκησε
1691 5431 1787 5499 τὴν

216 5518 410 5587 χώραν,
437 5519 572 5580 εἶτε,
601 5518 674 5580 ὡς
705 5518 854 5580 ἔνιοι,
884 5522 992 5571 ἀπὸ
1041 5520 1136 5588 τῆς
1200 5522 1378 5589 πέραν
1435 5523 1529 5573 τοῦ
1568 5524 1783 5591 Ἴστρου

1826 3248 1873 3307 C

1985 2736 2121 2791 Cum
2144 2738 2257 2807 jam
2295 2740 2534 2794 animam
2564 2740 2825 2803 eﬂlasset.
2850 2740 3123 2795 Orcltauis
3156 2742 3299 2798 filius
3332 2745 3498 2796 Amu-

1913 2840 2029 2886 rata
2060 2831 2197 2902 (l9),
2226 2833 2559 2889 Sttlaitnanis
2592 2834 2779 2899 frater,
2824 2850 2880 2888 re
2916 2836 3155 2905 cognita,
3181 2836 3497 2907 peregrinos

1910 2932 1963 2979 et
1997 2926 2240 2995 reliquos
2264 2925 2565 2981 Januarttm
2598 2928 2795 2983 milites
2814 2943 3102 2984 assumens
3136 2931 3188 2982 itt
3217 2930 3488 2997 Europam

1908 3018 2160 3087 trajecit:
2189 3019 2575 3089 exercitusque
2607 3035 2798 3074 omnes
2830 3021 2923 3089 qui
2960 3020 3034 3072 ibi
3098 3029 3276 3083 erant,
3328 3036 3492 3074 acce-

1907 3112 2009 3180 pit.
2041 3110 2177 3166 Hine
2225 3113 2562 3168 contendens
2618 3113 3053 3183 Adrianopolitn,
3110 3129 3227 3167 eam
3259 3113 3359 3168 sibi
3413 3128 3498 3168 re-

1907 3203 1997 3272 gni
2027 3204 2213 3258 sedem
2247 3206 2573 3275 designavit.
2604 3206 2786 3261 Rebus
2812 3205 2884 3259 ita
2923 3206 3268 3276 compositis,
3311 3209 3501 3260 incur-

1904 3296 2115 3351 sionem
2176 3298 2231 3351 in
2297 3298 2627 3354 Macedonia:
2706 3300 3163 3355 mediterraneam
3215 3302 3491 3369 regionem

1905 3386 2066 3443 fecit:
2098 3388 2357 3460 brevique
2424 3390 2597 3461 captis
2645 3391 2933 3460 mancipiis
2974 3392 3227 3461 plurimis
3286 3401 3345 3451 e‘.
3384 3394 3490 3446 alia

1905 3486 2107 3548 praeda,
2142 3482 2346 3539 milites
2401 3498 2532 3537 suos
2568 3483 2859 3537 admodum
2889 3486 3181 3556 opulentos
3229 3486 3491 3541 reddidit.

1904 3573 2138 3635 Tureos,
2155 3576 2242 3643 qui
2264 3591 2386 3629 eum
2408 3576 2652 3630 lucrandi
2677 3576 2861 3631 animo
2884 3578 3310 3642 comitabantur,
3338 3596 3493 3633 man-

1902 3666 2059 3736 cipiis
2089 3674 2143 3720 et
2170 3668 2433 3736 jumentis
2471 3668 2787 3724 Grmcorum
2817 3670 3205 3743 etMysiorum,
3234 3690 3354 3739 qua:
3381 3676 3493 3728 bel-

1903 3759 1939 3812 li
1994 3759 2117 3828 jure
2177 3762 2535 3828 obvenerant,
2587 3764 2971 3824 liberalissime
3026 3769 3209 3822 donat.
3286 3768 3495 3822 Ferunt

1905 3852 2007 3922 17
2045 3852 2442 3918 Sulaitnanetn,
2480 3866 2771 3924 postquam
2834 3859 3151 3911 nuntiatum
3190 3870 3310 3913 erat
3364 3860 3497 3914 Tri-

1904 3944 2174 3999 ballorum
2200 3954 2254 3999 et
2276 3946 2573 4015 Mysiorum
2603 3949 2793 4017 copias
2820 3949 3109 4004 adversum
3149 3967 3207 4005 se
3236 3967 3485 4021 pergere,

1902 4037 2230 4092 collocutum
2270 4055 2396 4095 cunt
2423 4039 2651 4105 Graecis,
2686 4041 2732 4095 si
2768 4052 3201 4097 numerarentur
3256 4046 3365 4099 sibi
3405 4062 3493 4100 se-

1902 4131 2120 4200 xaginta
2175 4131 2345 4185 millia
2432 4132 2851 4201 drachmarum,
2905 4135 3044 4189 velle
3068 4153 3129 4193 se
3196 4139 3490 4193 restituere

1901 4222 2105 4279 Graecis
2136 4240 2471 4295 quaecunque
2497 4225 2549 4279 in
2580 4227 2809 4282 Thracia
2836 4228 3078 4298 ipsorum
3113 4231 3353 4300 cepisset
3386 4251 3486 4301 op-

1903 4315 2030 4384 pida
2089 4324 2144 4370 et
2216 4317 2406 4372 relicta
2477 4318 2693 4389 Europa
2753 4320 3125 4376 discessurum
3165 4325 3217 4377 in
3278 4326 3487 4382 Asiam.

1902 4408 2061 4463 llunc
2095 4425 2218 4463 cum
2257 4410 2430 4466 Grreei
2482 4414 2767 4469 audissent
2819 4431 2949 4470 suas
2985 4416 3038 4469 in
3076 4417 3307 4471 Thracia
3337 4421 3491 4474 obsi-

1902 4502 2033 4558 dere
2059 4503 2241 4569 urbes,
2275 4506 2707 4573 promptissimis
2758 4508 2981 4576 quidem
3037 4510 3238 4565 animis
3292 4514 3488 4580 przedi-

1901 4605 2043 4649 ctam
2098 4595 2469 4650 conditionem
2522 4598 2887 4667 accepissent:
2913 4607 2969 4653 at
3027 4617 3150 4655 cum
3209 4604 3485 4657 maximus

1901 4694 2246 4739 terrannotus
2274 4688 2608 4753 accidisset,
2666 4690 3119 4761 oppidorumque
3156 4694 3297 4747 mttri
3356 4710 3487 4763 pro-

1900 4780 2185 4843 cidissent,
2220 4779 2383 4835 Τυτοὶ
2422 4782 2752 4837 accedentes
2814 4784 3032 4848 annali,
3100 4786 3263 4839 urbes
3313 4788 3489 4855 pluri-

1902 4889 2044 4935 mas,
2064 4874 2229 4927 etiam
2260 4874 2601 4941 Graecorum,
2628 4877 2681 4930 in
2712 4877 2977 4931 ditionem
3009 4893 3167 4932 suam
3204 4880 3482 4951 redegerc:

1903 4983 2001 5021 nec
2043 4968 2276 5036 amplius
2302 4971 2439 5024 tales
2467 4970 2715 5024 obtulere
2740 4971 3089 5026 Conditiones
3130 4975 3359 5039 (irmcis,
3392 4991 3489 5028 ve-

1903 5076 2023 5114 rum
2063 5059 2334 5129 Europam
2372 5064 2753 5118 obtinuerunt.
2784 5063 2916 5119 Post
2954 5066 3069 5119 lucc
3103 5066 3304 5119 bellum
3328 5083 3491 5119 aver-

1902 5154 1964 5205 tit
1996 5154 2047 5205 itt
2077 5152 2278 5222 Mysios
2312 5162 2366 5207 et
2401 5154 2690 5209 Triballos.
2730 5155 3008 5210 Triballos
3054 5168 3237 5210 autem
3268 5170 3486 5227 gentem

1898 5259 2021 5297 esse
2045 5245 2213 5298 totius
2242 5246 2394 5301 orbis
2420 5247 2862 5316 antiquissimam
2896 5249 3285 5313 etmaxituatn,
3337 5266 3490 5303 com-

1898 5351 2112 5410 pertum
2143 5342 2335 5397 habeo.
2368 5344 2709 5412 Appttlerunt
2738 5345 2792 5398 itt
2820 5345 2961 5398 hanc
2987 5347 3269 5415 regionem
3294 5387 3309 5409 ,
3369 5346 3485 5399 sive

1897 5433 2297 5500 (variantenim
2337 5439 2617 5503 auctores)
2652 5436 2812 5491 divisi
2857 5437 2925 5490 ab
2964 5439 3185 5507 lllyriis,
3245 5438 3379 5500 sive,
3422 5450 3481 5489 ιιι

1894 5529 2259 5594 qucrumdam
2287 5532 2557 5586 sententia
2587 5537 2690 5600 est,
2720 5531 2787 5584 ab
2823 5548 2884 5586 ea
2925 5531 3143 5601 regione
3168 5546 3290 5599 quat
3336 5531 3480 5584 ultra

1512 5616 1759 5677 Notulw
1798 5620 2202 5698 marginales.

283 5713 386 5781 (19)
424 5716 715 5768 Amurates
738 5715 778 5779 l,
806 5727 1035 5783 quartus
1058 5733 1174 5780 rex,
1209 5735 1352 5773 anno
1392 5721 1544 5773 lZ-St'O.

289 5876 326 5905 ’⁸
358 5874 417 5927 In
473 5892 557 5928 ira
602 5879 1021 5947 ’ίαννιτζάρους.

423 5971 689 6029 ἰ⁵ιτιιι›ι..
726 5979 842 6035 (in.
876 5977 1071 6037 (ἶΗῖ.
