4202 6430
650 382 715 447 Si
1782 381 2097 446 LAONICI
2129 381 2810 446 CHALCOCONDYUE
3838 387 3910 453 52

650 509 940 557 torrentem
980 501 1291 572 quemdam,
1336 515 1448 571 quo
1480 501 1636 571 quasi
1665 500 1809 556 vallo
1838 498 2215 563 muniebatur,

2329 516 2378 553 τε
2413 500 2685 573 Ἕλληνας
2723 504 2840 572 ἆμρ
2877 504 2964 558 {cui
3016 504 3144 567 τοὺς
3193 505 3451 577 ἀρίστους
3499 505 3603 583 ἀπξ
3636 505 3911 579 Εὐρώπης

644 604 827 647 castra
863 594 1059 648 locavit
1086 593 1291 649 Sauzes
1326 595 1606 649 Amuratis
1630 592 1795 660 illius,
1819 594 1993 663 patris
2010 590 2221 647 adven-

647 694 763 738 tum
823 695 1265 755 exspectaturus.
1322 689 1617 741 Anturates
1675 700 1803 739 cum
1872 684 2219 755 exploratum

651 777 892 843 haberet,
918 778 1088 833 lilium
1113 794 1299 841 suum,
1329 778 1533 834 additis
1574 777 1804 839 Graecis,
1862 778 1913 831 iu
1959 776 2223 847 praedicto

646 872 768 925 loco
790 885 968 927 castra
1020 877 1291 945 posuisse,
1357 876 1671 944 composito
1722 874 1941 942 agmine
1982 873 2221 935 accedit,

649 969 990 1035 praliatorus
1020 985 1144 1024 cum
1176 970 1351 1026 hoste.
1389 970 1526 1025 Cum
1568 979 1748 1025 autem
1780 969 2029 1039 prmlium
2095 982 2223 1038 pro-

647 1059 862 1116 hiberet
893 1072 1129 1128 torrens,
1159 1064 1323 1119 etiam
1355 1064 1462 1133 22
1496 1063 1612 1134 ipse
1638 1062 1870 1117 torrenti
1914 1070 2093 1115 castra
2123 1063 2226 1112 lm-

645 1153 848 1223 posuit.
872 1151 1034 1207 Fama
1066 1160 1171 1216 est,
1201 1153 1515 1208 Graecorum
1560 1158 1827 1222 quosdam
1892 1164 2223 1221 congressos

655 1260 783 1297 eum
819 1245 1104 1301 Amuratis
1135 1246 1425 1312 militibus,
1465 1262 1560 1301 eos
1586 1245 1811 1301 fudisse.
1845 1242 2051 1299 Deinde
2098 1258 2222 1297 cum

644 1340 995 1409 cegnmisset
1029 1341 1204 1395 locum
1256 1340 1421 1396 istum
1453 1340 1520 1393 ad
1572 1339 1818 1411 praelium
1876 1338 2222 1393 eommitteu.

644 1434 773 1489 dum
805 1436 985 1491 minus
1030 1453 1151 1492 esse
1184 1446 1578 1507 opportunum,
1640 1445 1805 1492 noctu
1854 1435 2135 1507 profectus
2192 1449 2224 1490 e

646 1529 871 1596 regione
898 1538 1206 1583 castrorqu
1242 1531 1554 1593 hostilium,
1608 1528 1677 1582 ad
1740 1544 1892 1584 oram
1956 1528 2221 1581 torrentis

643 1635 805 1686 quam
835 1623 1080 1688 proxime
1134 1623 1199 1677 ad
1261 1623 1493 1677 hostium
1545 1632 1726 1677 castra
1788 1620 2019 1677 accedit.
2084 1620 2223 1675 Iiinc

643 1729 768 1768 cum
805 1715 962 1770 facile
989 1718 1236 1772 examliri
1267 1726 1475 1787 posset,
1514 1717 1730 1771 sublata
1791 1730 1926 1771 voce
1972 1714 2221 1784 singulos

644 1807 971 1863 nominatim
1006 1810 1358 1867 inclamavit:
1393 1825 1628 1881 quorum
1658 1811 1875 1881 egregia
1901 1808 2041 1864 facta
2082 1807 2220 1863 locis

2332 593 2695 664 συλλέγεσθαί
2721 598 2769 650 οἱ
2809 597 2887 658 ὡς
2930 597 3165 667 μάλιστα
3220 597 3552 668 ἐλογίζοντο.
3626 600 3904 655 Ἐνταῦοα

2327 688 2392 758 δὴ
2432 689 2526 741 ἐπὶ
2564 690 2814 762 χαράδρᾳ
2844 690 2953 744 τινὶ
2978 691 3053 752 ὡς
3086 691 3181 744 ἐπὶ
3215 693 3422 762 χάρακι
3470 693 3907 763 ἐστρατοπεδεύ-

2328 802 2423 837 ετο
2452 784 2697 853 Σαουζῆς
2741 785 2796 837 ’Λ
2809 784 3097 855 μουράτεω
3122 788 3271 848 παῖς,
3292 786 3385 839 τὸν
3416 786 3631 855 πατέρα
3681 787 3907 841 ἐπιόντα

2331 875 2380 927 oi
2416 875 2823 945 ἐπιδεχόμενος.
2863 875 3214 947 Ἀμουράτης
3241 876 3299 930 δέ
3347 876 3424 940 ὥς
3458 875 3690 930 ἐνταῦθα
3743 874 3904 929 κατέ-

2326 968 2462 1023 λαϐε
2494 970 2587 1023 τὸν
2616 970 2783 1023 παῖδα
2815 970 3004 1036 αὐτοῦ,
3040 973 3137 1026 mi.
3179 971 3305 1035 τοὺς
3343 971 3618 1041 Ἕλληνας
3680 988 3908 1041 στρατο-

2328 1064 2745 1135 πεδευομένους,
2812 1065 3221 1132 συνταξάμενος
3266 1065 3423 1138 ἐπῄει
3491 1066 3569 1130 ὼς
3614 1066 3907 1136 συμμίξων

2330 1158 2529 1213 αὐτίκα
2563 1160 2675 1222 τοῖς
2707 1158 2994 1222 ἐναντίοις.
3062 1159 3150 1223 Ὠς
3197 1158 3255 1213 δέ
3320 1159 3425 1212 ὑπὸ
3473 1161 3572 1229 τῆς
3626 1158 3910 1229 χαράδρας

2328 1249 2674 1315 διεκωλύετο,
2700 1251 3244 1321 ἐστρατοπεδεύσατο
3275 1254 3371 1305 καὶ
3400 1249 3587 1314 αὐτός.
3639 1249 3908 1303 Συνέῦαλ-

2328 1343 2418 1397 λον
2508 1342 2789 1412 ἐνεχώρει,
2835 1342 3109 1412 Ἑλλήνων
3156 1344 3301 1407 τινὲς
3331 1344 3444 1406 τοῖς
3494 1340 3587 1396 τοῦ
3636 1340 3910 1411 Ἀμουρά-

2327 1454 2435 1490 τεω
2468 1436 2852 1505 στρατιώταις,
2885 1437 2979 1489 καὶ
3011 1436 3311 1507 ἐτρέψαντο
3342 1435 3565 1498 τούτους
3621 1433 3696 1497 ὡς
3752 1432 3905 1500 λέγε-

2325 1547 2440 1587 ται.
2502 1532 2571 1595 Ως
2600 1530 2656 1583 δέ
2683 1530 2936 1599 ἐφαίνετο
2974 1531 3227 1601 χαλεπῶς
3264 1531 3414 1601 ἔχειν
3442 1531 3534 1584 τὸν
3548 1529 3726 1601 χῶρον
3756 1530 3906 1582 ἐκεῖο

2327 1642 2417 1678 νον
2484 1624 2629 1696 μάχῃ
2680 1624 2920 1694 συνάψαι
2968 1626 3080 1687 τοῖς
3111 1626 3413 1696 πολεμίοις,
3468 1625 3664 1686 νυκτὸς
3707 1624 3909 1683 ἐλάσας

2327 1715 2571 1769 ἐναντίον
2592 1714 2685 1769 τοῦ
2712 1715 3105 1785 στρατοπέδου.
3130 1716 3224 1770 ἐπὶ
3261 1717 3321 1771 τὸ
3371 1710 3547 1787 χεῖλος
3568 1718 3671 1785 τῆς
3728 1716 3907 1788 χαρά-

2327 1812 2481 1883 δρας,
2521 1809 2594 1873 ὡς
2627 1811 2916 1878 ἐγγυτάτω
2953 1809 3247 1879 γενόμενος
3276 1809 3371 1863 τοῦ
3403 1810 3771 1880 στρατοπέδου
3795 1810 3908 1862 τῶν

647 1902 1099 1973 temporibusque
1129 1912 1341 1967 notata,
1364 1904 1615 1959 oratione
1642 1903 1887 1959 secunda
1906 1901 2223 1958 extollebat.

2331 1902 2608 1974 πολεμίων
2659 1905 2736 1968 ὡς
2764 1904 2939 1975 ῥᾷστα
2986 1901 3333 1969 ἐπακούοιτο,
3385 1905 3537 1976 φωνῇ
3588 1905 3663 1956 τε⁹
3692 1902 3908 1974 μεγάλῃ

647 1991 848 2048 Deinde
923 2010 1046 2049 cum
1104 1996 1355 2066 singulos
1410 1997 1545 2052 satis
1629 1996 2025 2060 coliaudasset,
2083 2008 2225 2065 equo

644 2085 863 2139 transiit
921 2095 1245 2155 torrentem,
1298 2100 1353 2145 et
1407 2093 1569 2146 talem
1598 2092 1904 2146 orationem
1965 2088 2224 2145 habuisse

646 2176 817 2231 fertur
854 2196 869 2232 :
906 2176 1017 2233 Viri
1051 2178 1271 2247 heroes,
1301 2197 1411 2252 quo
1458 2183 1670 2252 fugitis,
1710 2183 1903 2238 relicto
1934 2198 2041 2246 me,
2069 2189 2223 2253 patre

645 2281 827 2326 vestro
848 2271 874 2325 ἲ
898 2271 1076 2339 Quare
1103 2276 1461 2347 praeceptoris
1492 2276 1666 2333 vestri
1732 2275 2084 2346 disciplinam
2115 2274 2221 2330 ab-

638 2363 917 2429 jicientes,
937 2366 1002 2422 ad
1025 2367 1194 2421 lilium
1224 2384 1402 2423 meum
1427 2369 1814 2426 convertimini
1833 2371 2172 2426 desertorem
2196 2367 2222 2421 τ

642 2454 743 2519 Qui
777 2456 865 2511 ubi
900 2458 1134 2529 primum
1182 2469 1377 2531 captus
1418 2464 1470 2518 in
1541 2478 1690 2520 meas
1750 2465 1961 2519 venerit
2000 2479 2218 2529 manus.

642 2552 796 2615 tergo
818 2562 918 2602 suo
950 2565 1141 2620 pinnas
1180 2554 1402 2623 pendet.
1439 2553 1571 2609 Nam
1601 2555 1836 2626 ﬂagellis
1858 2555 2117 2623 caadetur,
2174 2557 2218 2612 si

643 2640 804 2695 modo
829 2641 882 2697 id
938 2658 1035 2712 per
1078 2661 1176 2701 vos
1247 2647 1381 2702 mihi
1439 2646 1709 2704 ileuerit:
1765 2665 1867 2705 nec
1920 2650 2219 2722 quidquam

644 2735 769 2790 maii
807 2737 952 2792 ahud
996 2740 1363 2795 adolescentis
1388 2744 1728 2813 perpetietur
1760 2759 1979 2815 corpus.
2004 2745 2099 2800 Sin
2124 2760 2222 2799 au-

643 2838 751 2881 tem
782 2840 966 2901 spreta
997 2831 1100 2887 hac
1128 2834 1401 2889 Sententia
1439 2851 1651 2891 meemn
1693 2837 1977 2893 volueritis
2028 2838 2220 2892 decer-

644 2934 772 2973 nere
814 2920 980 2985 ferro,
1017 2938 1116 2993 pro
1141 2936 1291 2980 certo
1342 2926 1599 2983 habetote
1662 2944 1760 2984 vos
1818 2930 1885 2984 ad
1944 2945 2217 2987 summam

642 3011 889 3068 ahituros
928 3015 1228 3080 miseriam,
1266 3032 1369 3073 nec
1392 3034 1571 3074 meam
1615 3020 1917 3077 bonitatem
1972 3037 2217 3093 unquam

640 3116 986 3175 experturos.
1016 3107 1173 3180 Agite
1203 3124 1354 3180 ergo,
1390 3112 1455 3167 ad
1491 3127 1593 3169 nos
1627 3115 1858 3170 transite
1881 3158 1896 3178 ,
1923 3113 2059 3169 nihil
2091 3115 2218 3171 mali

2328 1997 2764 2065 ἐπικαλούμενος
2789 1997 3053 2067 ὀνομαστὶ
3082 1996 3254 2065 ἄνδρα
3281 1997 3534 2061 ἕκαστον,
3584 1996 3659 2059 ὠς
3692 1996 3909 2050 εὐκλεί-

2330 2090 2437 2156 ζων
2494 2089 2611 2161 ἅμα
2643 2089 2750 2144 τῶν
2780 2092 3189 2162 πεπραγμένων
3219 2091 3457 2164 ἑκάστῳ,
3494 2093 3551 2147 εῖ
3591 2110 3669 2164 τῳ
3700 2091 3911 2161 φιλότι-

2333 2202 2434 2253 μον
2468 2184 2691 2237 πώποτε
2723 2184 2755 2254 ἢ
2790 2185 2998 2252 ἀγαθὸν
3056 2183 3358 2255 ξυνηνέχθη
3408 2184 3690 2253 γενεσθαι.
3750 2185 3909 2239 Μετά

2325 2277 2381 2330 δὲ
2417 2276 2791 2347 εύφημίζοντα
2830 2278 3063 2333 ἕκαστον
3094 2278 3247 2345 παρά
3274 2278 3335 2331 τὸ
3373 2277 3549 2350 χεῖλος
3591 2278 3911 2332 διιππεύον-

2326 2386 2415 2435 τα,
2450 2369 2669 2439 λέγεται
2698 2372 2947 2425 ἐπειπεῖν
2968 2372 3147 2427 τοιάδε
3179 2388 3196 2405 ⁸
3235 2374 3464 2444 ’Ἄνδρες
3495 2374 3698 2444 ἥρωες,
3729 2374 3823 2425 ποῖ
3844 2370 3913 2442 δὴ

2325 2464 2563 2535 οἴχεσθε,
2594 2464 2957 2530 ἀπολιπόντες
2994 2468 3093 2537 ἐμὲ
3125 2467 3219 2521 τὸν
3272 2470 3486 2539 πατέρα
3548 2468 3740 2539 ύμῶνζ
3792 2464 3908 2521 Ποῦ

2325 2559 2791 2634 τοῦνδιδασκάλου
2845 2561 2948 2631 τῆς
2992 2562 3347 2628 διδασκαλίας
3396 2562 3551 2634 ὑμῶν
3614 2562 3910 2633 ἀφέμενοι,

2324 2633 2615 2711 ἐπὶίπαῖδα
2639 2658 2947 2729 ἐτράπεσθε
2989 2659 3070 2712 ἔτι
3094 2659 3533 2726 ἀπαλλάττοντα,
3565 2658 3625 2714 ὃν
3683 2658 3911 2713 ἐπειδὰν

2325 2748 2381 2811 ἐς
2410 2750 2570 2819 χεῖρα
2594 2748 2735 2820 ἐμὴν
2768 2751 3063 2820 ἀφίκηται,
3092 2750 3377 2806 συλλαϐὼν
3404 2751 3761 2823 μαστιγὼσω,
3816 2751 3912 2805 οὐ-

2322 2842 2414 2895 δέν
2467 2859 2550 2897 τοι
2607 2843 2738 2897 ἀλλο
2795 2843 3183 2915 λυμηνάμενος
3225 2847 3319 2899 τὸν
3362 2845 3602 2908 νεανίαν,
3634 2844 3700 2898 ἂν
3727 2841 3913 2913 μέντοι

2325 2936 2488 3006 μόνον
2552 2936 2682 3006 ύμῖν
2733 2936 3080 3007 βουλομένοις
3145 2939 3239 3009 ἐξῇ
3302 2938 3515 2992 ἐκείνου
3573 2937 3619 2970 ³³
3679 2934 3911 2989 τοιαῦτα

2323 3030 2550 3100 ποιῆσαι
2579 3047 2593 3061 ο
2625 3030 2690 3101 ἢν
2720 3029 2776 3084 δέ
2803 3029 2951 3085 ἄλλοι
2983 3031 3320 3103 πειρώμενοι
3359 3032 3457 3102 τῆς
3483 3031 3707 3102 γνώμης
3743 3029 3909 3101 ἐμοῦ,

2323 3123 2541 3193 ἐθέλητε
2608 3123 2696 3176 διὰ
2744 3124 2923 3194 μάχης
2973 3124 3129 3190 ἰέναι,
3187 3125 3300 3180 fere
3352 3124 3417 3196 δὴ
3456 3125 3530 3188 ὡς
3560 3124 3715 3196 ὑμῶν
3751 3124 3908 3179 οὐδὲν

640 3197 1003 3268 sitspicantcs.
1033 3198 1144 3256 Nec
1178 3202 1249 3257 ob
1302 3216 1501 3259 nostra:
1546 3206 1768 3263 virtutis
1824 3207 2215 3274 reverentiam,

2329 3216 2471 3285 ὕγιές
2502 3217 2677 3269 ἐσεῖτο
2704 3215 2750 3247 ⁸⁸
2778 3214 2871 3268 τοῦ
2900 3216 3108 3271 λοιποῦ.
3137 3216 3307 3287 Δεῦρο
3351 3216 3415 3287 δὴ
3447 3214 3541 3269 οὖν
3576 3216 3746 3277 εόντες
3775 3217 3912 3283 παρ’

644 3306 743 3345 nec
776 3291 940 3347 etiam
975 3304 1193 3364 propter
1223 3295 1316 3349 lilii
1350 3294 1803 3368 ﬂagellatiouem,
1836 3301 1904 3356 ad
1942 3317 2029 3356 me
2082 3316 2217 3357 con-

641 3382 811 3439 ﬂuere
839 3384 1192 3443 ertthucritis.
1222 3386 1356 3444 Juro
1384 3405 1640 3459 pureum,
1667 3391 1823 3461 cujus
1848 3409 1951 3464 ope
1983 3392 2051 3448 ad
2076 3393 2226 3450 istud

646 3478 861 3547 insigne
892 3480 1180 3549 imperium
1202 3484 1523 3551 conscendi,
1546 3499 1630 3538 me
1652 3484 1787 3539 nihil
1813 3485 1937 3541 mali
1966 3486 2224 3558 cuiquam

640 3578 884 3623 vestrum
921 3569 1229 3624 illaturum.
1267 3570 1431 3627 Fatua
1465 3582 1571 3639 est,
1620 3574 1814 3631 Sauzis
1878 3577 2083 3635 milites
2137 3580 2227 3635 his

644 3660 849 3715 auditis
889 3662 1140 3715 nonnihil
1166 3662 1432 3719 confusos
1456 3680 1589 3720 voce
1618 3669 1781 3737 regis,
1816 3683 1939 3738 quae
1966 3681 2087 3724 erat
2115 3670 2225 3725 cla-

643 3752 861 3807 rissima
898 3792 912 3814 .
950 3754 1167 3824 sibique
1207 3756 1461 3813 timuisse
1494 3758 1658 3823 male,
1701 3760 1962 3815 virtutem
1992 3763 2115 3832 ejus
2168 3769 2225 3818 et

649 3847 920 3900 fortunam
957 3849 1161 3917 eptime
1190 3849 1473 3906 callentes.
1509 3852 1768 3907 Attamen
1835 3856 2084 3923 persuasi
2127 3871 2228 3911 au-

644 3937 900 3995 ctoritate
936 3940 1354 4005 dicentis,cum
1419 3943 1559 3998 inter
1626 3959 1685 3999 se
1741 3946 1974 4001 multum
2040 3958 2228 4004 essent

648 4034 928 4096 collocuti,
967 4046 1131 4089 nocte
1157 4051 1218 4089 ea
1252 4051 1372 4106 qua:
1402 4038 1826 4106 insequebatur,
1890 4050 2073 4095 castra
2133 4042 2227 4096 de-

650 4136 840 4178 serunt
874 4141 888 4178 :
916 4132 1101 4195 etquo
1125 4127 1326 4195 cuique
1352 4138 1726 4196 opportunum
1791 4130 2102 4195 videbatur,
2161 4147 2228 4192 eo

646 4218 919 4290 dirigebat
944 4235 1211 4291 gressum.
1258 4219 1488 4275 l‘lurimi
1520 4236 1646 4275 eum
1698 4222 1981 4278 Amuratis
2041 4235 2227 4280 castra

647 4314 967 4377 intrassent,
1002 4313 1280 4383 deprecati
1302 4323 1433 4369 sunt
1459 4316 1706 4384 culpam,
1724 4314 1929 4371 factum
1955 4334 2228 4375 excusan-

648 4414 753 4470 tes,
780 4420 838 4460 se
871 4421 977 4460 non
1010 4419 1222 4476 sponte,
1253 4423 1439 4461 verum
1469 4407 1801 4464 necessitate
1829 4410 2224 4475 circumdatos,

648 4510 829 4553 castra
869 4496 1062 4553 Sauzis
1084 4516 1207 4555 esse
1235 4511 1479 4556 secutos.
1517 4499 1728 4556 Sauzcs
1794 4503 1884 4556 uhi
1953 4503 2228 4558 intellexit

2328 3309 2478 3381 ἡμᾶς
2508 3306 2791 3379 μηδοτιοῦν
2828 3307 3207 3376 ὑπολογίζεσθε
3238 3308 3377 3361 αἰδοῖ
3437 3308 3536 3377 τῆς
3560 3307 3833 3378 ἡμετέρας
3864 3306 3912 3340 ⁸⁸

2328 3402 2549 3474 ἀρετῆς,
2577 3403 2672 3455 καὶ
2695 3402 2799 3455 ὑπὸ
2826 3401 3013 3465 παιδὸς
3038 3400 3301 3472 μαστιγία
3341 3400 3661 3471 αἰσχύνεσθε
3685 3398 3927 3454 τοιαῦται

2332 3495 2737 3567 ἐπιτηδεύοντες
2767 3537 2782 3561 ,
2812 3498 2907 3551 καὶ
2936 3496 3214 3566 ἐπόμνυμι
3256 3494 3348 3548 τὸν
3402 3496 3502 3567 τὴν
3552 3493 3724 3565 ἀρχὴν
3752 3493 3915 3564 τήνδε

2330 3588 2453 3658 ἐμοὶ
2501 3587 2890 3659 ἐπιτρέψαντα,
2931 3590 3132 3659 μηδένα
3170 3588 3335 3659 μηδὲν
3380 3588 3459 3642 ἔτι
3517 3590 3814 3658 ἀνήκεστόν
3858 3604 3914 3642 τι

2330 3668 2907 3752 ἐργάσασθαι.’Ταῦτα
2954 3682 3292 3745 ἀκούσαντας
3321 3682 3415 3736 τοῦ
3446 3682 3695 3747 Σαούζεω
3749 3699 3915 3750 στρα-

2328 3774 2527 3839 τιώτας
2550 3774 2858 3845 αἱδεσθῆναί
2888 3792 2948 3828 τε
2973 3774 3193 3843 λέγεται
3226 3776 3326 3844 τὴν
3352 3772 3619 3844 βασιλέως
3681 3773 3868 3843 φωνήν
3898 3789 3912 3803 ο

2331 3871 2527 3938 φωνεῖν
2556 3886 2614 3923 τε
2651 3869 2761 3939 γάρ
2799 3869 3044 3940 διάτορον
3083 3868 3317 3938 μάλιστα
3350 3867 3414 3938 δὴ
3455 3865 3778 3935 ἀνθρώπων,
3818 3866 3916 3926 καὶ

2332 3963 2460 4034 περὶ
2492 3963 2641 4033 σφῶν
2668 3962 2846 4015 αὐτῶν
2871 3962 3098 4015 δεδιέναι
3131 3962 3230 4032 τὴν
3261 3960 3430 4029 τύχην
3468 3958 3632 4012 αὑτοῦ
3655 3958 3749 4011 καὶ
3774 3959 3909 4025 ἀρε-

2328 4054 2428 4124 τὴν
2455 4054 2935 4124 ἐξεπισταμένους,
2976 4053 3071 4106 καὶ
3102 4051 3246 4104 οὕτω
3294 4052 3638 4117 πεισθέντας,
3676 4050 3751 4113 ὡς
3808 4050 3916 4102 εδει

2330 4148 2489 4202 δοσαν
2517 4147 2700 4217 σφίσιν
2723 4147 2907 4211 αὐτοῖς
2930 4146 3089 4213 λόγον
3124 4147 3220 4201 ἐπὶ
3273 4144 3351 4215 τῷ
3395 4144 3662 4214 γεγονότι,
3722 4144 3915 4206 νυκτὸς

2332 4240 2549 4309 ἐκείνης
2576 4239 2985 4309 ἀπηλλάσσοντο
3009 4240 3071 4292 ἐκ
3116 4239 3210 4293 τοῦ
3242 4237 3629 4309 στρατοπέδου,
3662 4238 3923 4299 ἀπιόντες

2332 4324 2367 4406 ᾖ
2395 4331 2610 4403 ἑκάστῳ
2642 4331 2947 4400 προεχώρει
2977 4347 2992 4362 °
3026 4331 3151 4394 τοὺς
3177 4331 3235 4384 δέ
3272 4330 3491 4394 πλείους
3547 4331 3917 4400 ἀφικομένους

2334 4421 2486 4491 παρά
2512 4420 2559 4453 ⁸⁵
2597 4421 2691 4474 τοῦ
2730 4420 3085 4491 Ἀμουράτεω
3124 4420 3508 4491 στρατόπεδον,
3533 4419 3916 4485 παραιτεῖσθαι

2334 4515 2408 4578 ὼς
2450 4515 2661 4584 ἀνάγκη
2696 4516 3117 4585 προηνεγμένοι,
3160 4514 3523 4581 συνελέγησαν
3569 4516 3626 4577 ἐς
3657 4518 3716 4566 τὸ
3751 4514 3919 4566 Σαούο

648 4592 857 4648 milites
897 4607 1030 4648 suos
1060 4594 1306 4648 ecastris
1334 4593 1637 4664 aufugisse,
1665 4608 1765 4648 nec
1800 4610 1905 4649 non
1938 4596 2061 4650 lllos
2085 4612 2224 4665 quos

2341 4605 2447 4670 ζεω
2476 4606 2852 4676 στρατόπεδον.
2893 4605 3222 4674 Λίσοόμενος
3258 4605 3314 4658 δὲ
3350 4606 3377 4658 ὁ
3424 4604 3664 4677 Σαούζης
3724 4606 3917 4659 ἀποδι-

650 4682 752 4736 sihi
783 4683 1078 4739 ﬁdissimos
1103 4693 1157 4738 et
1200 4684 1577 4739 deditissimos
1626 4685 1935 4754 judicabat,
1994 4688 2223 4752 abiisse,

646 4777 923 4833 concessit
964 4777 1426 4851 Didimotychum.
1465 4780 1651 4835 Secuti
1688 4789 1820 4835 sunt
1844 4796 1968 4836 eum
2002 4781 2227 4837 (ἕτεροι)-

649 4887 769 4926 rum
812 4871 903 4925 lilii
946 4890 959 4926 :
1009 4887 1247 4942 quorum
1308 4872 1513 4928 auxilio
1564 4874 1862 4939 subnixus,
1924 4891 2011 4930 res
2065 4891 2228 4946 quam

649 4963 1059 5019 animosissime
1118 4964 1360 5034 gerebat.
1444 4966 1737 5021 Auturates
1790 4978 2076 5037 comperto
2138 4968 2231 5022 lilii

649 5054 921 5117 discessu,
955 5069 985 5108 e
1018 5054 1251 5124 vestigio
1283 5057 1564 5111 insecutus
1581 5067 1691 5127 est,
1745 5060 2050 5130 urbemque
2083 5062 2236 5116 obsi-

651 5149 817 5203 dione
841 5148 1233 5203 circumdedit.
1280 5149 1361 5203 illi
1391 5151 1482 5220 qui
1514 5162 1819 5208 erantcum
1855 5151 2059 5219 Sauze,
2089 5154 2234 5211 faiiie

651 5240 978 5309 oppugnati,
1007 5255 1131 5294 cum
1164 5250 1322 5295 antea
1348 5242 1556 5295 nullum
1592 5242 1928 5298 frumentum
1966 5247 2019 5300 in
2050 5263 2232 5302 arcem

650 5333 1088 5399 congessissent,
1126 5342 1300 5388 semet
1334 5334 1457 5389 lidei
1503 5336 1786 5392 Amuratis
1820 5340 1937 5393 sive
1960 5341 2229 5409 pactioni-

654 5429 757 5483 hus
791 5426 1085 5481 tradidere.
1119 5428 1410 5485 Amurates
1471 5430 1652 5499 itaque
1682 5445 1804 5484 cum
1845 5432 2032 5485 urbem
2091 5433 2233 5489 fame

652 5531 902 5575 enectam
937 5521 1266 5591 accepisset,
1292 5522 1455 5587 etiam
1506 5522 1737 5577 Sauzem
1795 5525 1966 5577 tilium
2036 5528 2229 5595 Cepit:

654 5630 817 5683 quem
850 5614 1029 5670 oculis
1064 5615 1267 5685 privari
1297 5614 1481 5685 jussit.
1512 5615 1731 5671 (ἔντοσθε
1762 5626 1943 5673 autem
1977 5622 2228 5690 reliquos

2327 4700 2663 4769 ὁράσκοντας
2692 4699 2786 4753 τοῦ
2811 4700 3176 4768 στρατοπέδου
3212 4701 3337 4764 τοὺς
3379 4702 3712 4769 στρατιώτας
3745 4699 3914 4752 αὑτοῦ

2332 4793 2429 4844 σὺν
2493 4793 2607 4854 τοῖς
2655 4790 2926 4861 ἀρίστοις,
2984 4788 3065 4854 οἷς
3115 4790 3261 4861 ἐώρα
3315 4791 3686 4853 εὐνουστάτοις
3742 4791 3914 4861 αὐτῷ.

2332 4881 2506 4953 ᾤχετο
2537 4884 2627 4935 ἐπὶ
2647 4883 2706 4935 τὸ
2731 4883 3128 4954 Διδοιμότυχον,
3160 4885 3656 4953 συνεπισπωμένων
3685 4885 3775 4936 καὶ
3808 4884 3917 4936 τῶν

2337 4974 2565 5027 παίδων.
2602 4973 2754 5027 Ὅσοι
2784 4975 2838 5037 ἐς
2865 4974 3012 5026 τόνδε
3044 4974 3093 5027 οἱ
3128 4973 3635 5041 συνεπιλαϐομένων
3679 4973 3770 5026 τὸν
3819 4974 3919 5027 πό-

2341 5066 2398 5118 λε
2409 5083 2527 5135 μον,
2550 5065 2625 5129 ὡς
2652 5065 3031 5137 προθυμότατα
3059 5068 3150 5120 καὶ
3184 5066 3577 5138 συμπροθυμού
3586 5085 3745 5137 μενος
3800 5067 3914 5122 ἐδό-

2342 5176 2427 5211 κει
2459 5160 2664 5211 τούτων
2703 5160 3088 5213 ἀντιλαόἐσηαι
3220 5160 3392 5213 ἐδόκει
3444 5160 3937 5233 ἐρρωμενέστατα.-

2344 5251 2650 5315 Πυθόμενος
2681 5252 2737 5303 δὲ
2781 5254 3114 5323 ’Λμουράτης
3169 5252 3368 5319 ἤλαυνε
3419 5256 3559 5305 κατά
3604 5253 3787 5315 πέδας,
3825 5256 3926 5307 καὶ

2340 5343 2649 5411 ἐπολιόρκει
2702 5343 2799 5411 τὴν
2847 5342 3021 5396 πόλιν.
3074 5344 3137 5395 Οί
3195 5342 3250 5396 δὲ
3289 5344 3387 5394 σὺν
3425 5342 3500 5412 τῷ
3537 5342 3744 5414 Σαούζῃ
3774 5343 3925 5414 λιμῷ

2341 5435 2688 5502 πιεζόμενοι,
2741 5435 2832 5487 ’ἁτε
2894 5434 3042 5487 σίτου
3098 5435 3198 5486 οὐκ
3269 5433 3664 5504 εἰσενεχθέντος
3714 5437 3773 5495 ἐς
3817 5436 3924 5505 τὴν

2341 5527 2633 5595 ἀκρόπολιν
2686 5526 2968 5598 πρότερον,
3024 5527 3117 5578 καὶ
3165 5529 3221 5579 ἐν
3274 5525 3467 5597 βραχεῖ
3492 5527 3922 5592 ἐπιλελοιπὸτυς,

2342 5620 2700 5691 παρεδίδοσαν
2735 5621 2874 5690 σφᾶς
2904 5621 3096 5683 αὐτοὺς
3150 5620 3407 5690 χρῆσθαι,
3436 5619 3512 5685 ὡς
3562 5622 3628 5674 ἀν
3684 5620 3924 5689 μάλιστα

1945 5780 2194 5843 Notulm
2234 5777 2639 5857 marginales.

738 5930 776 5959 ³³
806 5936 1012 5986 ικιινυν
1050 5932 1109 5988 h‘.
1147 5934 1198 5987 ιιι*
1262 5943 1312 5985 ιιι
1346 5949 1392 5985 tu
1436 5942 1574 5988 cont.

1659 5932 1699 5963 ”
1730 5932 1932 5985 ἐσεῖταί
1969 5929 2028 5986 li.
2059 5941 2115 5987 tit
2147 5932 2193 5984 in
2231 5941 2367 5985 (cut.

2449 5933 2489 5963 ³³
2516 5931 2782 6003 ὑμετέρας
2814 5934 2905 5999 ὁρ.
2990 5931 3071 5986 Al.
3106 5941 3159 5985 ut
3204 5934 3252 5985 tu
3284 5946 3328 5986 r.
3399 5928 3442 5962 ³⁶
3476 5929 3589 5983 ἐπί.
3632 5924 3717 5981 εἰς
3751 5922 3815 5978 Ii.
