4202 6430
264 384 333 447 53
1318 449 1323 453 ,
1371 391 1465 450 DE
1504 390 1762 453 REBUS
1791 392 2157 454 TURCICIS
2186 396 2337 459 LIB.
2380 396 2431 456 I;
3460 400 3533 466 55.

262 497 411 567 αὑτῷ
444 498 647 568 δοκοίη.
693 499 1032 571 Ἀμουράτης
1059 502 1114 555 δὲ
1147 501 1245 571 τὴν
1296 501 1447 555 πόλιν
1496 503 1639 573 λιμῷ
1666 520 1842 573 παρα-

1957 519 2012 557 ex
2040 507 2174 559 urbe
2199 506 2439 571 vinctos,
2478 507 2579 578 23
2616 508 2922 577 prmeipitcs
2983 512 3034 565 in
3072 509 3272 566 ﬂumen
3345 517 3529 579 subje-

264 593 627 659 στησάμενος,
658 586 771 645 εἷλε
792 596 885 645 τὸν
915 594 1077 646 παῖδα
1108 594 1273 648 αὑτοῦ
1306 592 1573 664 Σαοῦζην,
1600 598 1696 648 καὶ
1743 596 1842 647 λσ-

262 683 377 734 6ὼν
402 683 623 753 ἐξέκοψε
664 684 742 737 τὼ
760 685 1021 755 ὀφθαλμὼ
1055 688 1242 741 αὑτοῦ.
1281 689 1418 749 Τοὺς
1457 688 1513 741 δὲ
1540 687 1731 750 ἄλλους
1757 706 1844 739 κε-

262 777 316 827 λε
329 776 453 829 ὗσαι
483 778 644 829 αὐτὸν
684 778 1024 848 δεδεμένους,
1050 782 1139 832 ἐπὶ
1171 781 1412 848 κεφαλὴν
1437 782 1578 834 κατὰ
1600 782 1843 852 κρημνὸν

265 868 653 938 κατενεχθῆναι
688 870 797 922 ἀπὸ
828 872 925 939 τῆς
956 871 1164 934 πόλεως
1179 874 1263 934 ι¹ὲς
1292 872 1382 924 τὸν
1424 872 1689 939 ποταμόν.
1741 873 1844 924 Τὸν

261 960 318 1011 δὲ
353 962 731 1031 ἐσκηνωμένον
787 964 937 1032 παρὰ
997 964 1086 1016 τὸν
1140 965 1385 1033 ποταμὸν
1428 965 1521 1017 καὶ
1571 963 1846 1033 θεώμενον

267 1054 698 1122 ἐπιφερομένους
728 1054 855 1116 τούς
882 1074 941 1108 τε
997 1056 1250 1124 ἀρίστους
1294 1058 1383 1109 ἐπὶ
1435 1058 1697 1126 κρημνὸν,
1750 1057 1845 1108 σὺν
1882 1090 1885 1094 ι

263 1145 360 1196 δύο
388 1162 448 1196 τε
506 1148 623 1215 ἃμα
675 1148 772 1199 καὶ
802 1148 900 1201 σὺν
954 1152 1102 1217 τρεῖς
1156 1150 1581 1219 ἀνακαγχάζειν,
1608 1147 1688 1212 οἷς
1728 1152 1847 1202 ἑπι-

242 1239 567 1291 -σπεύδοντα
598 1242 725 1292 κυσὶ
755 1240 907 1308 λαγὼ
936 1243 1305 1303 ἐπιδιώκουσι,
1342 1246 1537 1307 παῖδας
1571 1244 1678 1297 τῶν
1717 1244 1846 1313 παρ’

265 1332 445 1401 ἐαυτῷ
477 1334 732 1403 ἁρὲστων,
763 1338 861 1389 σὺν
891 1337 967 1406 τῷ
992 1339 1205 1408 Σαούζῃ
1264 1340 1543 1401 ἀπιόντας,
1597 1340 1846 1392 ἐκέλευσε

263 1427 393 1486 τοὺς
422 1428 663 1496 πατέρας
688 1429 870 1481 αὐτῶν
903 1431 1180 1500 αὐτοχειρὶ
1200 1432 1619 1501 διαχρήςασθαι.
1660 1432 1765 1485 Δύο
1791 1434 1846 1484 δὲ

263 1518 473 1569 τούτων
508 1521 727 1585 λέγεται
781 1522 1257 1592 μὴέθελήσαντας
1288 1528 1412 1585 τοὺς
1448 1526 1637 1585 παῖδας
1670 1525 1847 1579 αὐτῶν

264 1618 611 1678 ἀποκτεῖναι,
643 1618 840 1682 αὐτούς
869 1637 927 1673 τε
954 1621 1071 1688 ἅμα
1104 1622 1333 1681 ἀνελεῖν,
1366 1622 1458 1673 καὶ
1500 1622 1623 1683 τοὺς
1658 1620 1849 1681 παῖδας

264 1709 447 1759 αὐτῶν
481 1710 730 1764 κελεῦσαι
759 1712 989 1767 ἀνελεῖν,
1014 1713 1213 1785 Γνὼμῃ
1244 1714 1296 1766 δὲ
1325 1714 1529 1782 ἔφασκε
1578 1714 1685 1765 τῶν
1743 1732 1850 1765 πα-

264 1802 443 1869 τέρων
462 1803 765 1869 ἀφικέσθαι,
785 1806 912 1866 τοὺς
947 1807 1136 1868 παῖδας
1164 1807 1255 1858 ὲπί
1300 1807 1391 1857 τὸν
1442 1804 1703 1875 Σαοῦζην,
1757 1806 1849 1857 καὶ

266 1896 565 1962 ἀφικέσθαι
612 1899 1081 1964 ταλαντευομένων
1163 1901 1340 1952 αὐτῶν
1397 1900 1485 1952 ἐπ’
1539 1901 1846 1969 ἀμφότερα.

266 1987 457 2039 Ταῦτα
489 1987 546 2040 δὲ
576 1989 967 2057 ποιησάμενον,
992 1991 1263 2042 ἐπιτεῖλαι
1295 1991 1589 2059 πέμψαντα
1618 1990 1849 2057 ἄγγελον

264 2078 346 2147 τῷ
383 2065 649 2149 Ἑλλήνων
673 2081 901 2150 βασιλεῖ,
931 2086 1024 2135 τὸν
1051 2084 1213 2134 παῖδα
1238 2082 1306 2134 τὰ
1336 2085 1473 2136 αὐτὰ
1495 2080 1667 2149 τούτῳ
1696 2084 1850 2150 ποιῆ-

1948 604 2097 649 ctum
2135 597 2297 666 dejiei
2334 599 2655 667 imperavit.
2691 601 2903 655 Castris
2928 606 3291 673 autemjuxta
3326 605 3529 662 ﬂumen

1948 689 2097 748 lixis.
2122 691 2410 757 spectabat
2450 692 2748 760 Optimatcs
2814 694 3131 749 Guar-orum
3175 709 3234 751 ut
3286 701 3534 768 praecipi-

1953 790 2201 835 tarentur
2240 799 2306 836 ex
2341 784 2496 846 urbe,
2532 800 2677 838 nunc
2711 786 2850 850 bini,
2878 786 3076 841 deinde
3113 798 3166 843 et
3200 790 3363 843 terni.
3400 794 3534 843 Stu-

1951 873 2046 927 dio
2079 875 2280 929 deinde
2311 877 2597 943 spectandi
2627 878 2909 941 addictus,
2952 895 3077 933 eum
3150 882 3535 937 intervenisset

1947 983 2011 1020 ex
2055 967 2354 1036 improviso
2379 969 2532 1037 lepus
2562 984 2591 1022 a
2626 973 2861 1026 canibus
2915 975 3178 1041 agitatus,
3222 974 3398 1027 fertur
3447 991 3536 1029 cii-

1950 1061 2173 1115 cliinuui
2208 1063 2523 1117 sustulisse.
2565 1065 2819 1119 POSllliEC
2848 1068 3170 1130 parentibus
3222 1083 3413 1120 eorum
3440 1070 3534 1135 qui

1950 1156 2332 1223 sejunxerant
2360 1155 2521 1211 Sauzi
2565 1159 2892 1212 seditionem
2954 1160 3283 1223 concitanti,
3330 1176 3535 1229 praece-

1950 1250 2111 1318 pitut
2145 1250 2286 1306 lilios
2342 1264 2609 1306 necarent
2654 1255 2771 1307 suis
2843 1256 3117 1309 manibus.
3184 1256 3370 1308 Patres
3423 1257 3533 1308 duo

1950 1342 2126 1404 fuere,
2167 1346 2259 1412 qui
2289 1347 2516 1400 noluere
2547 1354 2658 1399 tam
2694 1346 2918 1401 crudele
2945 1349 3167 1417 exsequi
3210 1348 3531 1416 imperium.

1950 1436 2087 1489 liiuc
2121 1446 2175 1489 et
2206 1438 2309 1506 ipsi
2348 1438 2612 1491 trucidati
2653 1448 2782 1491 sunt
2818 1442 2981 1493 simul
3026 1456 3149 1493 cum
3214 1441 3361 1495 ﬁliis.
3399 1441 3535 1495 Nam

1950 1527 2140 1581 dicere
2164 1529 2398 1593 solebat,
2435 1546 2781 1599 nequaquam
2818 1532 2956 1586 istos
3014 1533 3150 1587 citra
3179 1536 3408 1587 consilia
3446 1553 3539 1603 pa-

1948 1628 2162 1672 rentum
2197 1622 2470 1675 defecisse
2498 1623 2562 1676 ad
2587 1624 2847 1678 Sauzcm.
2874 1623 3031 1679 Nunc
3054 1634 3232 1677 autem
3266 1643 3387 1679 cum
3422 1627 3539 1679 [ur-

1952 1721 2080 1764 tuna
2102 1722 2327 1767 utantur
2350 1715 2540 1781 dubia,
2566 1732 2662 1771 eos
2690 1728 2884 1771 nutare
2914 1718 2969 1771 in
2993 1728 3535 1788 utramquepartem.

1953 1804 2050 1859 llis
2083 1806 2160 1859 ita
2201 1807 2496 1875 expeditis,
2550 1809 2806 1862 nuntium
2873 1811 3039 1863 niiltit
3100 1814 3165 1863 ad
3221 1811 3537 1866 Cra-coruus

1954 1913 2159 1967 regem,
2195 1907 2256 1952 ut
2291 1898 2457 1953 [ilium
2490 1916 2650 1954 suum
2693 1903 2982 1970 plecteret,
3015 1903 3177 1957 sicuti
3209 1905 3368 1957 initio
3403 1922 3537 1959 con—

1948 1997 2171 2042 veuerat
2201 2007 2214 2040 :
2244 1991 2337 2058 qui
2373 1991 2866 2048 infundensoculis
2927 1993 3047 2063 ejus
3105 2005 3320 2050 acetum
3378 1997 3542 2051 ferri-

1947 2081 2099 2144 duui,
2132 2085 2311 2138 visum
2340 2085 2389 2139 ei
2427 2085 2653 2142 ademit.

266 2194 382 2242 σαι,
415 2172 723 2253 ᾗσυνέθετο
752 2180 1023 2251 αὐτῷτὴν
1056 2182 1251 2252 ἀρχήν.
1288 2182 1551 2234 Ιὶἀκεῖνον
1594 2182 1649 2234 δέ
1708 2197 1840 2242 φασι
1880 2178 2109 2233 λαϐόντα
2170 2184 2261 2234 τὸν
2308 2186 2471 2237 παῖδα
2514 2187 2678 2239 αὑτοῦ
2733 2187 2844 2252 ὄξει
2870 2187 3043 2253 ζέοντι
3119 2189 3162 2219 ³⁷
3212 2190 3539 2256 κατενέγκει

264 2274 347 2325 τὼ
384 2274 663 2343 ὀφθαλμώ.

342 2371 479 2422 Τότε
520 2372 617 2440 μὲν
669 2365 763 2422 οὖν
816 2372 992 2435 οὕτως
1040 2371 1294 2424 ἐτελεύτα
1354 2373 1500 2439 ἀμφὶ
1550 2370 1699 2423 τόνδε
1758 2370 1853 2423 τὸν

267 2456 530 2535 πόλεμον.
563 2468 717 2519 Μετὰ
747 2466 803 2518 δὲ
854 2465 1047 2528 ταῦτα,
1106 2466 1181 2528 ὡς
1216 2465 1631 2534 Ἔμμανουῆλος
1673 2466 1701 2516 ὁ
1757 2462 1850 2515 τοῦ

283 2560 557 2627 Ἐλλήνων
592 2557 853 2627 βασιλέως
896 2560 1047 2621 παῖς.
1082 2558 1327 2629 Θέρμην,
1364 2558 1461 2628 τὴν
1511 2561 1568 2608 ἐν
1603 2556 1852 2609 Μακεδο-

268 2654 362 2721 νία
392 2651 793 2720 Θεσσαλονίκην
833 2653 1299 2722 ἐπικαλουμένην,
1332 2653 1715 2721 ἐπιτροπεύων
1750 2650 1851 2702 διί-

270 2748 423 2799 θυνε.
458 2746 564 2797 Καί
601 2763 743 2807 τινος
768 2746 1065 2813 λαϐόμενος
1127 2746 1422 2798 ἐπιστάτου
1490 2747 1635 2813 ἀμφὶ
1692 2746 1853 2809 τήνδε

268 2841 374 2905 τὴν
415 2838 595 2907 χώραν
650 2841 717 2907 τῇ
771 2839 997 2907 (1³ερρὦ
1056 2838 1209 2889 πόλει
1265 2836 1632 2888 ἐπιϐουλῖὺων
1688 2835 1855 2899 ἑάλω,

271 2930 414 2999 πρὸς
448 2932 503 2984 δὲ
563 2933 658 2984 καὶ
699 2931 937 2999 νεώτερα
992 2932 1251 3001 πράττων
1302 2930 1437 2997 πρὸς
1482 2931 1853 2996 ’Λμουρὰτην,

254 3024 599 3093 ἐπιπέμψας
648 3025 818 3091 ἄνδρα
882 3022 1236 3095 [Χαρατὶνηνι
1302 3023 1401 3091 μὲν
1435 3022 1574 3089 μέγα
1621 3020 1856 3085 δυνάμε-

274 3139 391 3179 νον,
416 3119 503 3171 διὰ
527 3119 745 3171 σύνεσιν
778 3118 833 3170 δὲ
852 3120 918 3169 τὰ
950 3121 1005 3179 ἐς
1037 3118 1296 3184 πόλεμον,
1328 3114 1541 3173 οὐδενὸς
1576 3113 1687 3165 τῶν
1724 3110 1856 3182 παρ’

2028 2362 2214 2415 Taiem
2262 2363 2423 2417 linem
2483 2364 2574 2418 isti
2621 2365 2764 2419 bello
2825 2365 3111 2434 imposuit.
3170 2365 3361 2419 Postea
3412 2379 3537 2419 eum

1958 2459 2304 2522 Emmanuel,
2359 2460 2502 2529 regis
2576 2457 2896 2514 Graecorum
2949 2460 3114 2524 (ilius,
3209 2459 3542 2515 Macedoniae

1954 2552 2272 2617 Thermauf,
2311 2570 2474 2623 quam
2509 2552 2968 2607 Thessalonicam
2996 2553 3311 2619 nominant,
3341 2570 3540 2623 regens

1956 2657 2012 2701 ct
2040 2646 2305 2700 auxilium
2337 2655 2554 2707 nactus,
2587 2645 2970 2715 deprehensus
3007 2654 3155 2699 esset
3186 2644 3379 2700 Pheris
3416 2647 3542 2701 urbi

1961 2742 2194 2795 insidias
2230 2752 2465 2806 struere,
2500 2758 2701 2810 resque
2762 2757 2933 2795 novas
2970 2752 3165 2796 contra
3219 2743 3541 2796 Amuratem

1964 2836 2145 2888 moliri
2178 2854 2190 2890 :
2229 2836 2401 2889 misso
2436 2835 2733 2890 Cliaratiuc
2759 2835 3152 2903 potentissimo
3179 2837 3319 2897 viro,
3354 2843 3409 2891 et
3441 2836 3544 2889 mi-

1958 2930 2105 2983 litari
2153 2930 2383 2983 scientia
2436 2928 2570 2982 nulli
2626 2930 3029 2999 postponendo,
3082 2930 3130 2983 ei
3176 2931 3430 2997 praecepit
3483 2942 3543 2981 ut

1957 3017 2247 3072 Tliermam
2295 3026 2593 3087 occuparet
2648 3033 2795 3072 :nec
2844 3026 3234 3077 reverteretur,
3280 3020 3385 3073 nisi
3448 3021 3547 3071 ad-

1959 3110 2167 3165 ducens
2201 3110 2369 3163 lilium
2401 3109 2628 3165 Joannis
2652 3110 2798 3180 regis
2833 3111 3104 3164 vinrtum.
3164 3110 3261 3164 llis
3317 3110 3538 3179 quidem

277 3212 461 3280 ἑαυτῷ
486 3212 827 3282 λειπόμενον,
859 3210 1114 3262 ἐπέτελλε
1150 3210 1246 3279 τὴν
1285 3210 1508 3278 Θέρμην
1550 3207 1696 3274 αὐτῷ
1749 3224 1852 3258 πα-

1962 3204 2287 3258 Cliaratines
2317 3203 2614 3259 eﬂiciendis
2643 3205 2919 3273 praecipue
2944 3205 3191 3259 intentus
3237 3214 3378 3257 erat.
3414 3201 3541 3255 Em.

283 3306 701 3373 ραςτησὰμενον
722 3304 898 3372 ἥκειν,
927 3304 1128 3370 ἄγοντα
1156 3303 1244 3353 τὸν
1273 3299 1367 3353 τοῦ
1390 3299 1655 3368 βασιλέως
1677 3298 1855 3352 Ἰωάν-

277 3418 375 3451 νου
404 3399 589 3451 παῖδα.
642 3398 957 3467 Χαρατὶνης
994 3392 1092 3459 μὲν
1124 3393 1189 3464 δὴ
1224 3395 1282 3445 ἐν
1325 3393 1537 3453 τούτοις
1568 3388 1635 3461 ἧν
1657 3403 1674 3420 ⁹
1717 3390 1849 3457 Ἑμ-

283 3492 586 3559 μανουῆλος
620 3490 673 3541 δὲ
720 3487 1049 3557 αἱρήσεσθαι
1098 3486 1196 3554 τὴν
1242 3485 1397 3537 πόλιν
1428 3484 1672 3553 οἰόμενος
1713 3482 1853 3550 ταχὺ

280 3584 391 3634 ὑπδ
421 3583 757 3651 Χαρατίνεω,
790 3581 885 3634 ἅτε
928 3580 1037 3631 τῶν
1068 3577 1408 3648 πραγμάτων
1439 3577 1546 3629 τῶν
1577 3577 1634 3627 ἐν
1662 3578 1726 3644 τῇ
1758 3575 1853 3627 πό-

279 3677 361 3726 λει
400 3674 644 3743 πονηρῶς
677 3675 929 3742 ἐχόντων.
967 3672 1061 3723 καὶ
1091 3669 1178 3722 ἐπ’
1208 3670 1385 3721 οὐδενὶ
1418 3667 1605 3736 ἀγαθῷ
1638 3669 1686 3719 οἱ
1716 3668 1854 3719 ἀπο-

279 3769 620 3834 ϐεϐηκότων,
652 3767 1051 3835 αὑθαδέστερὸν
1088 3782 1145 3816 τε
1177 3764 1283 3833 γὰρ
1314 3762 1485 3832 αὐτῷ,
1537 3761 1853 3829 ἀχθόμενοι,

279 3861 523 3931 ἐχρῶντο
550 3862 596 3912 οἱ
631 3860 725 3927 τῆς
770 3859 996 3920 πόλεως,
1028 3858 1060 3924 ἢ
1091 3857 1166 3918 ὡς
1197 3858 1383 3925 ἐχρῆν,
1429 3854 1505 3916 ὡς
1534 3849 1669 3924 εἶχε.
1699 3854 1856 3922 τάχιο

281 3974 387 4008 στα
420 3953 788 4022 ἀπηλλάττετο
818 3949 907 4002 διὰ
958 3949 1237 4017 θαλάσσης
1277 3949 1368 4000 ἐπὶ
1394 3948 1484 3999 τὸν
1516 3950 1730 4015 πατέρα
1762 3947 1856 3998 αὐ-

277 4049 405 4109 τοῦ.
434 4049 490 4099 ἐν
514 4045 589 4115 νῷ
620 4045 757 4114 ἔχων
786 4044 1026 4097 ἀπιέναι.
1071 4042 1159 4104 Ὠς
1180 4040 1238 4093 δὲ
1274 4041 1606 4109 ἐπιπέμπων
1654 4038 1803 4107 αὐτῷ
1828 4040 1855 4092 ὁ

280 4138 468 4207 πατὴρ
498 4136 866 4205 προηγόρευεν
887 4134 1020 4202 ἄλλη
1050 4132 1132 4200 mf
1147 4132 1380 4185 ἀπιόντα
1395 4130 1855 4195 ἀπαλλάττεσθαι,

276 4234 359 4293 ὡς
396 4232 495 4283 οὐκ
522 4229 602 4282 ἑτι
639 4228 786 4297 αὐτῷ
816 4229 933 4281 ἐνὸν
962 4227 1214 4294 δέχεσθαι
1249 4225 1336 4277 διὰ
1369 4224 1484 4287 δέος
1521 4224 1616 4276 τοῦ
1654 4223 1854 4293 Ἀμου-

282 4326 488 4394 ράτεω,
520 4324 659 4390 ἔγνω
691 4321 800 4373 δεῖν
832 4322 888 4381 ἐς
928 4320 1086 4370 αὑτὸν
1128 4316 1304 4368 ἵεσθαι
1359 4316 1422 4384 δὴ
1454 4317 1546 4368 τὸν
1576 4317 1631 4368 Ἀ
1647 4316 1853 4385 μουρά-

277 4434 383 4485 την
413 4412 903 4482 παραιτησόμενοι),
935 4411 1055 4463 εἴτι
1088 4409 1163 4479 μὴ
1186 4411 1243 4460 ἐν
1273 4408 1446 4461 δέοντι
1477 4409 1855 4477 διαπραξαμέ-

278 4528 360 4575 νῳ
386 4504 542 4564 αὖθις
575 4503 724 4573 αὐτῷ
757 4502 1145 4571 μεμελέτηκεν.
1188 4500 1530 4569 Ἀμουρὰτης
1581 4501 1656 4559 δὲ,
1716 4519 1853 4552 πυν-

281 4600 583 4668 θανόμενος
626 4600 718 4649 τὸν
751 4595 1019 4663 βασιλέως
1060 4594 1224 4645 παῖδα
1279 4592 1367 4643 ἐπ’
1416 4593 1579 4645 αὑτὸν
1611 4593 1857 4659 ἀφικνεῖ-

280 4693 434 4752 σθαι,
465 4689 679 4760 ἠγάσθη
728 4705 786 4739 τε
839 4686 1000 4739 αὐτὸν
1042 4686 1140 4753 τῆς
1191 4686 1569 4753 γενναιότητος
1628 4686 1709 4749 as,
1766 4689 1859 4738 καὶ

277 4786 604 4852 ἀπαντήσας
719 4781 983 4849 πρότερον
1014 4777 1199 4830 εἰώθει
1233 4780 1407 4828 ποιεῖν
1453 4778 1602 4845 αὐτῷ
1624 4779 1858 4831 ἐπελαύ-

280 4892 449 4935 νοντι,
487 4874 679 4925 ἔπειτα
710 4874 999 4941 προσεῖπε,
1040 4870 1134 4923 καὶ
1165 4871 1445 4938 ἐπισχόντι
1492 4870 1665 4939 βραχὺ
1717 4869 1860 4922 οὕτω

277 4963 605 5035 διηλέγχθη.
640 4964 793 5017 Μετὰ
818 4962 873 5013 δὲ
904 4968 1076 5014 ταῦτα
1102 4960 1481 5030 προσγελάσας
1508 4960 1676 5028 αὐτῷ,
1705 4960 1858 5029 ἔλεγε

278 5059 462 5111 τοιάδε
485 5074 496 5086 ·
530 5052 600 5107 Ὠ
636 5059 736 5109 παῖ
776 5055 1061 5123 βασιλέως,
1092 5054 1164 5114 ὡς
1209 5057 1306 5121 μὲν
1365 5056 1461 5104 σὺν
1490 5053 1612 5122 δίκῃ
1644 5056 1710 5123 τῇ
1744 5056 1851 5121 ἐμῇ

280 5151 441 5222 χώρᾳ
468 5150 582 5214 νῦν,
636 5149 898 5217 πρότερον
930 5148 986 5199 δὲ
1020 5148 1267 5216 ἡμετέρᾳ
1302 5144 1437 5216 οὔσῃ
1486 5145 1855 5199 ἐπιϐουλεύων

282 5247 483 5306 ἑάλως,
514 5245 605 5295 καὶ
634 5240 803 5292 ταῦτα
831 5240 931 5292 ὅσα
953 5239 1246 5304 διεπράξω,
1278 5239 1373 5290 σὺν
1400 5237 1521 5306 (SE/.1]
1547 5238 1855 5306 διαπεπρα-

281 5339 487 5407 γμένος
519 5336 658 5403 εἴης,
690 5333 1036 5401 ἐπισταμένῳ
1070 5349 1158 5400 μοι
1192 5331 1363 5383 ταῦτά
1414 5332 1550 5395 ἐστι,
1610 5334 1703 5383 καὶ
1754 5332 1853 5400 ἤδη

284 5431 585 5498 συγνώμην
622 5421 703 5480 σοι
734 5428 1102 5497 παρεχόμενος
1139 5430 1196 5478 ἐν
1225 5425 1303 5491 τῷ
1338 5424 1588 5493 παρόντι,
1642 5426 1745 5493 δρα
1783 5426 1855 5492 μὴ

282 5525 530 5586 εἰσαῦθις
558 5524 723 5591 ἁλῴς,
756 5522 994 5574 τοιοῦτον
1027 5525 1082 5580 ἐς
1131 5520 1228 5584 ἐμὲ
1258 5520 1350 5570 καὶ
1379 5522 1479 5586 τὴν
1508 5519 1647 5587 ἐμὴν
1687 5518 1860 5587 ἀρχὴν

280 5617 745 5685 δκιπραιτῖόμενοι
776 5615 914 5682 εἴης.
956 5614 1083 5681 Ἐμέ
1108 5629 1165 5664 τε
1199 5615 1421 5678 γὰρκαὶ
1452 5614 1584 5664 Θεὸν
1620 5613 1735 5681 ἅμα
1768 5617 1860 5664 τὸν

1965 3297 2322 3351 manuelcum
2353 3297 2702 3367 praesentiret
2737 3298 2933 3351 urbem
2971 3313 3080 3350 non
3153 3311 3312 3366 posse
3360 3297 3543 3351 susti—

1963 3404 2096 3443 nere
2129 3389 2444 3451 Cliaratinis
2472 3390 2641 3452 vires,
2670 3405 2792 3443 cum
2815 3389 3015 3457 alioqui
3056 3389 3211 3443 urbis
3250 3404 3338 3443 res
3355 3401 3545 3442 essent

1964 3480 2341 3545 comminutae,
2370 3496 2468 3535 nec
2499 3480 2798 3549 quidquam
2839 3480 2967 3534 boni
3040 3495 3153 3549 pm
3200 3496 3259 3535 se
3330 3482 3543 3534 ferrent

1966 3572 2111 3641 (nam
2132 3573 2587 3627 contumeliosius
2620 3572 2774 3625 illum
2829 3572 3161 3635 tractabant,
3190 3587 3354 3641 quam
3419 3571 3541 3626 ﬁeri

1964 3680 2064 3735 par
2094 3674 2232 3726 erat.
2264 3666 2380 3720 viro
2407 3666 2645 3719 maxime
2694 3663 2943 3728 infensi),
2988 3673 3325 3734 quapropter
3359 3665 3543 3719 ιιιιίιιιι)

1964 3757 2204 3824 agitabat
2226 3772 2387 3824 quam
2414 3756 2669 3810 ocissime
2693 3756 2827 3808 mari
2855 3756 3188 3810 contendere
3217 3756 3282 3809 ad
3309 3765 3538 3824 patrem.

1965 3848 2125 3904 Pater
2149 3858 2330 3903 autem
2366 3848 2539 3903 misso
2571 3849 2765 3901 nuntio
2825 3863 2951 3901 cum
2987 3848 3253 3903 edixisset
3305 3844 3367 3900 ut
3434 3848 3542 3901 alio

1964 3958 2128 4013 quam
2156 3942 2223 3997 ad
2256 3958 2313 3997 se
2341 3942 2657 4007 diverteret,
2691 3944 2847 4012 quasi
2897 3958 3021 3997 eum
3059 3958 3167 3995 non
3188 3944 3421 4012 amplius
3450 3958 3544 3997 ex-

1964 4039 2148 4106 cipere
2181 4036 2470 4091 audereret
2509 4036 2789 4089 Amuratis
2821 4046 2964 4089 metu
3004 4054 3018 4091 :
3080 4036 3275 4090 statuit
3338 4037 3419 4089 ire
3473 4040 3541 4092 ad

1963 4127 2588 4190 Amuratem,liincque
2624 4129 2913 4196 suppliciis
2975 4126 3228 4198 fatigare,
3304 4137 3364 4182 ut
3431 4128 3537 4182 sibi

1966 4220 2332 4274 admissorum
2425 4220 2813 4289 impunitatem
2862 4222 3151 4275 concedat.
3242 4222 3542 4273 Auiuratcs

1964 4312 2183 4380 cognito
2204 4310 2370 4364 lilium
2415 4314 2558 4381 regis
2610 4313 2676 4365 ad
2717 4328 2774 4365 se
2810 4314 3019 4375 venire,
3080 4315 3199 4383 ejus
3245 4313 3540 4367 admodum

1963 4405 2185 4473 gavisus
2213 4413 2296 4459 est
2322 4421 2588 4473 generosa
2634 4408 2839 4461 indole.
2913 4408 3011 4462 Cui
3048 4424 3171 4464 eum
3246 4410 3544 4477 processis—

1964 4504 2066 4561 set,
2106 4504 2164 4547 ut
2222 4507 2381 4550 antea
2434 4508 2824 4561 consueverat,
2883 4500 3125 4565 obviam,
3184 4502 3361 4569 primo
3414 4516 3539 4554 eum

1962 4586 2233 4641 allocutus
2265 4597 2367 4641 est.
2400 4588 2602 4643 Deinde
2648 4590 2924 4658 paulisper
2948 4592 3230 4646 silentium
3258 4602 3539 4646 tenentem

1960 4694 2083 4731 cum
2118 4695 2242 4733 eum
2274 4682 2740 4749 reprehendisset,
2771 4684 3043 4739 renidenti
3072 4701 3165 4737 ore
3184 4686 3262 4739 sic
3297 4687 3537 4737 locutum

1959 4782 2083 4822 esse
2119 4770 2438 4838 accepimus
2470 4789 2484 4824 :
2514 4769 2557 4825 Ο
2591 4773 2665 4825 [ἱΙί
2702 4774 2867 4843 regis,
2903 4775 3028 4841 jure
3057 4774 3279 4843 quidem
3309 4776 3538 4827 convin-

1959 4861 2125 4923 ceris,
2162 4863 2306 4929 quod
2342 4863 2550 4931 regioni
2578 4875 2798 4928 nostrai,
2830 4875 2988 4919 antea
3046 4876 3263 4929 νοείτω,
3301 4866 3539 4920 insidia-

1959 4962 2049 5009 tus
2101 4956 2220 5010 sis:
2254 4966 2309 5010 et
2356 4973 2698 5026 quiscunque
2759 4958 2985 5023 feceris,
3038 4961 3188 5027 juSIe
3242 4972 3292 5014 lc
3341 4961 3538 5014 fecisse

1967 5060 2308 5118 compertum
2350 5051 2545 5106 habeo.
2577 5051 2733 5107 Nunc
2763 5064 2945 5107 autem
2976 5070 3099 5107 cum
3162 5054 3257 5107 tibi
3291 5060 3541 5121 praeteri-

1966 5152 2146 5197 torum
2172 5146 2383 5199 veniam
2416 5146 2720 5217 impertiar,
2760 5164 2892 5202 cave
2947 5148 3213 5217 deinceps
3258 5149 3391 5201 talia
3442 5149 3540 5201 ad-

1966 5255 2161 5294 versus
2192 5239 2300 5311 24
2324 5256 2408 5295 me
2453 5257 2745 5312 meumque
2813 5260 3034 5313 regnum
3098 5244 3343 5297 coneris.
3406 5242 3540 5296 Mihi

1966 5332 2111 5384 enim
2156 5346 2207 5385 et
2236 5332 2402 5402 hujus
2428 5336 2502 5387 rei
2531 5337 2773 5389 curatori
2811 5337 2920 5388 [leo
2946 5336 3085 5390 satis
3139 5335 3457 5394 declarasti,
3487 5346 3540 5389 te

1966 5427 2267 5492 pessimum
2310 5442 2433 5482 esse
2458 5427 2688 5481 factum.
2745 5428 2935 5498 Itaque
2984 5430 3071 5483 ubi
3139 5430 3332 5482 melior
3390 5447 3538 5485 nunc

1968 5519 2149 5573 factus
2184 5521 2371 5585 fueris.
2404 5522 2687 5578 etiam.rcs
2730 5522 2962 5593 Europze
2994 5525 3096 5581 sub
3128 5526 3282 5578 vobis
3340 5525 3537 5580 melius

1967 5623 2095 5666 sunt
2128 5615 2515 5671 habituranAt
2547 5632 2667 5688 ego,
2729 5619 2909 5689 inquit
2970 5619 3077 5683 ille,
3135 5620 3315 5673 sciens
3368 5619 3535 5670 Deum

1567 5756 1816 5816 Notulu)
1846 5759 2256 5834 marginales.

361 5890 403 5920 ³⁷
446 5890 563 5951 ζέον
615 5885 680 5940 Π.
727 5898 778 5939 ut
826 5905 873 5941 ιη
918 5899 1051 5947 (cur.

1152 5889 1192 5920 ⁸³
1230 5889 1470 5958 vsdtqtc,
1498 5886 1560 5939 Ii.
1602 5898 1653 5941 ul
1698 5906 1746 5941 ιιι
1785 5900 1924 5943 (om.
