4202 6430
160 381 228 449 69
1195 380 1293 442 DE
1332 381 1580 443 REBUS
1610 377 1973 440 TURCICIS
2008 383 2157 442 LIB.
2196 381 2275 444 Π.
3328 383 3399 445 ’70

162 503 347 555 σιλείαν
372 500 635 571 ἡμῶν,ἢν
668 502 789 570 ἐμοὶ
838 500 1021 571 πείθῃ,
1050 499 1193 565 ἕξεις
1225 499 1320 553 τοῦ
1359 501 1550 553 λοιποῦ
1579 499 1708 570 χρῆ-

1819 502 2243 568 quentissimum
2271 501 2347 563 ,si
2408 510 2496 555 tua
2540 514 2644 570 ope
2689 500 2913 570 adjutus
2954 498 3004 551 id
3037 513 3313 568 recepero.
3341 499 3395 555 Id

159 597 270 649 σθαι
298 597 441 657 ὅπως
469 594 537 648 ἄν
586 612 669 647 σοι
703 594 911 663 δοκοίη.
942 593 1009 665 ἢν
1052 595 1175 663 ἐμοὶ
1204 592 1407 661 ταύτην
1438 591 1715 648 ἀποδεδω-

158 691 256 749 κὼς
321 690 457 758 ἐση-
522 687 590 756 ῆν
643 687 846 747 ἱππέας
920 686 1396 756 τετρακισχιλίους
1476 687 1715 756 μάλιστα

160 782 543 850 περιεχόμενος.
594 781 823 835 ἕπεσθαί
863 798 955 851 μοι
991 781 1086 834 ἐπὶ
1128 781 1304 851 μῆνας
1336 781 1429 834 δύο
1461 781 1711 852 κελεύῃς.

160 873 267 923 Εἰσὶ
291 871 346 923 δὲ
377 872 508 939 παρ’
540 873 672 939 ἡμῖν
701 872 891 940 σχεδὸν
915 875 966 925 οί
994 872 1088 924 τοῦ
1117 872 1331 936 ἄστεος,
1357 874 1506 940 γένει
1532 891 1590 924 τε
1620 872 1715 926 καὶ

158 965 365 1032 πλούτῳ
398 965 787 1033 προφέροντες.
814 966 923 1018 Καὶ
944 965 1151 1019 τούτων
1178 967 1277 1019 οὐκ
1300 966 1473 1035 ὀλίγοι
1500 967 1716 1020 εἵποντο

159 1062 217 1108 ἀν
256 1076 342 1125 μοι
382 1059 615 1120 ἐνθένδε,
645 1061 693 1111 εί
730 1059 805 1130 μὴ
836 1061 1038 1130 εἰδείην
1070 1063 1125 1114 ὲν
1157 1060 1235 1131 τῷ
1264 1062 1416 1115 ἄστει
1440 1062 1563 1131 ἐμοὶ
1589 1080 1716 1130 τυγ-

154 1152 327 1217 χὰνειν
361 1151 557 1212 ὄντας·
620 1154 713 1205 καὶ
760 1153 884 1220 ἐμοὶ
931 1154 1314 1221 τιμωροῦντας
1360 1155 1447 1221 ἐφ’
1494 1154 1522 1205 ὅ
1552 1172 1605 1206 τι
1651 1156 1717 1207 ἂν

144 1243 331 1307 ,γνοίην
380 1243 509 1308 ἡμῖν
568 1242 876 1311 ἐπιτήδειον
928 1243 1169 1299 ἔσεσθαι.
1207 1246 1377 1312 Φόρον
1422 1244 1477 1297 δὲ
1522 1245 1602 1313 τῷ
1638 1244 1715 1312 σῷ

155 1336 281 1403 οἴκῳ
310 1335 714 1387 πολλαπλάσιον
746 1336 1118 1406 ὑπισχνοῦμαι
1148 1337 1387 1405 ἁπάγειν
1410 1337 1565 1400 ἔτους
1591 1339 1716 1391 ἐκά-

156 1446 295 1486 στου,
325 1430 415 1480 καὶ
446 1428 729 1498 ἁρμοστὴν
758 1413 905 1499 ἔχειν
943 1430 1001 1484 ὲν
1031 1432 1099 1501 τῇ
1141 1430 1316 1485 πόλει.
1364 1431 1628 1492 Βασιλεὺς
1661 1430 1717 1483 δὲ

154 1522 405 1589 ἀμείϐετο
436 1523 611 1576 τοῖσδε
690 1524 843 1592 Ἐμοί
890 1542 950 1577 τε
1002 1520 1099 1577 οὖν
1152 1524 1272 1577 ἐπεί
1307 1542 1368 1576 τε
1405 1525 1714 1594 ἐπυθόμην.

154 1613 221 1675 ὡς
255 1617 383 1684 ὁρᾷν
416 1616 517 1683 ἥδη
569 1633 652 1669 σοι
700 1612 1150 1679 καταλέλειπται,
1186 1618 1435 1689 ἡδομένῳ
1467 1620 1528 1672 τὲ
1572 1637 1659 1687 μοι
1690 1621 1718 1671 ό

154 1708 301 1773 λόγος
352 1710 597 1775 ἐγένετο,
624 1712 719 1762 καὶ
758 1710 920 1780 χάριν
958 1706 1077 1763 οἴδα
1124 1710 1203 1780 τῷ
1257 1711 1471 1778 θνητῶν
1521 1730 1582 1764 τε
1622 1715 1721 1765 καλ¹

155 1803 428 1855 ἀθανάτων
457 1803 803 1874 δημιουργῷ,
830 1805 987 1873 τήνδε
1006 1821 1107 1857 εσοι
1138 1805 1236 1875 τὴν
1287 1806 1449 1877 χάριν
1478 1808 1716 1860 καταθε-

156 1898 320 1966 μὲνῳ.
352 1898 547 1960 Ἥκεις
602 1898 659 1951 δὲ
713 1900 807 1951 ἐπὶ
861 1899 1060 1969 ἄνδρας
1101 1901 1183 1953 σοὶ
1228 1900 1575 1971 προσφιλεῖς.
1625 1905 1718 1955 καὶ

154 1990 490 2056 ἀμυνοῦντας
524 1993 605 2043 σοὶ
639 1992 719 2054 εἰς
754 1993 878 2045 ὅσον
918 1995 985 2046 ἂν
1031 1994 1123 2064 ἐξῇ
1171 1995 1597 2064 διαπράξασθαι,
1634 1997 1720 2065 ἐφ’

152 2086 177 2135 ὅ
207 2101 255 2135 τι
292 2101 397 2147 περ
421 2079 558 2153 ἦσθα
584 2085 1009 2157 ἀγωνιζόμενος.
1034 2088 1270 2158 Τίσομαι
1295 2090 1350 2140 δὲ
1376 2090 1600 2159 βασιλέα
1628 2091 1719 2142 τὸν

154 2182 241 2229 σὸν
277 2179 495 2247 πατέρα
525 2177 721 2240 οὕτως.
750 2181 893 2235 ὥστε
930 2183 1199 2253 μηδέποτε
1246 2185 1469 2246 ἐσαῦθις
1500 2185 1721 2251 βουλεύ-

152 2272 302 2324 εσθαι
332 2274 460 2341 περὶ
493 2274 593 2343 ἐμὲ
634 2274 873 2344 νεώτερα
908 2276 1235 2345 πράγματα.
1268 2277 1373 2332 ’1οι
1402 2281 1457 2333 δὲ
1492 2279 1715 2344 τούτους

148 2365 321 2418 λαϐὼν
342 2364 433 2429 οὓς
458 2367 520 2419 σὺ
552 2368 765 2438 ἔφησθα
794 2386 809 2401 ⁸
835 2371 1003 2442 χώρει
1031 2372 1087 2425 δὲ
1109 2373 1201 2425 ἐπὶ
1228 2373 1329 2442 τὴν
1359 2374 1514 2427 πόλιν
1541 2377 1716 2445 πράσ-

148 2474 250 2510 σων
275 2459 422 2521 ὅπως
456 2460 530 2522 ὡς
582 2459 838 2530 βέλτιστα
878 2463 1054 2517 ἐσοιτό
1103 2484 1188 2519 σοι
1230 2469 1594 2537 καταγομένῳ
1623 2471 1717 2523 ἐπὶ

144 2552 240 2619 τὴν
275 2553 535 2621 πατρίδα.
580 2555 640 2606 Ὀ
675 2555 774 2623 μὲν
821 2556 998 2609 ταῦτα
1033 2559 1207 2611 εἰπὼν
1245 2562 1494 2627 ἑτοίμους
1524 2563 1715 2631 παρεί-

144 2661 267 2710 χετο
314 2645 439 2708 τοὺς
471 2646 711 2710 ἱππέας·
759 2648 1102 2720 Ἀνδρόνικος
1141 2653 1197 2706 δὲ
1232 2654 1458 2716 τούτους
1509 2655 1711 2721 λαϐὼν,

142 2741 373 2807 ⁸ἤλαυνεν
402 2741 492 2792 ἐπὶ
518 2739 832 2803 Βυζάντιον.
872 2743 1129 2814 Ἰωάννης
1152 2746 1207 2797 δὲ
1237 2749 1331 2800 καὶ
1369 2747 1717 2819 Ἐμμανουῆ-

144 2832 231 2895 Eo;
256 2834 285 2883 ὁ
320 2836 451 2895 πσίς
484 2835 675 2901 αὐτοῦ,
701 2836 776 2899 ὡς
810 2836 1073 2891 ὲπύοοντο
1103 2840 1335 2908 τάχιστα
1370 2842 1713 2910 Ἀνδρόνικον

146 2928 241 2977 σὺν
265 2926 346 2994 τῷ
373 2928 526 2979 παιδὶ
558 2927 725 2980 αὑτοῦ
756 2928 1046 2983 ἐλαύνοντα
1081 2932 1169 2983 ἐπὶ
1205 2934 1368 3000 σ’ρᾶς.
1402 2934 1628 3001 ὲσῆλοόν
1656 2953 1712 2988 τε

139 3021 193 3079 ἐς
222 3019 327 3087 τὴν
378 3020 477 3087 τῆς
532 3021 789 3090 Χρυσέας
818 3021 962 3076 οὕτω
996 3025 1343 3094 καλουμένην
1390 3028 1710 3095 ἀκρόπολιν,

140 3115 229 3165 καὶ
271 3114 755 3181 παρεσκευάζοντο
790 3117 865 3177 ὼς
918 3118 1434 3188 πολιορκησόμενοι.
1500 3121 1713 3193 Ἀνδρό-

1815 594 2053 657 eveniet,
2086 596 2130 648 tsi
2171 595 2302 648 mibi
2343 592 2564 648 dederis
2596 594 2813 663 equites
2841 601 3036 663 quater
3075 592 3245 654 mille,
3279 608 3400 647 eos-

1814 703 1921 754 que
1939 703 2022 740 me
2047 689 2447 755 sequijusseris
2474 688 2753 741 mensibus
2778 686 3019 741 duobus.
3041 684 3200 741 Stant
3216 697 3398 739 autem

1818 782 2115 850 apartibus
2138 784 2342 839 nostris
2375 783 2411 836 ii
2438 784 2528 852 qui
2564 784 2617 836 in
2652 783 2785 836 urbe
2817 798 3020 850 genere
3078 791 3135 836 et
3190 781 3401 836 divitiis

1822 886 2103 946 praestant.
2122 876 2322 931 llorum
2361 892 2472 931 non
2508 878 2668 947 pauci
2716 893 2803 931 nte
2832 877 3252 935 comitarentur.
3292 878 3399 929 nisi

1823 972 2020 1024 scirent
2056 987 2151 1025 eos
2194 972 2247 1025 in
2276 972 2410 1025 urbe
2444 987 2559 1025 mea
2594 970 2814 1039 negotia
2841 985 3163 1039 procerare,
3202 987 3402 1036 meque

1821 1067 2044 1118 tandem
2080 1065 2396 1133 adjuturos,
2445 1064 2501 1117 in
2556 1078 2890 1133 quacunque
2914 1079 2989 1116 .re
3031 1063 3275 1131 ipsorum
3306 1079 3402 1115 au-

1821 1157 1950 1210 xilio
1978 1174 2115 1224 opus
2149 1159 2407 1211 habuero.
2457 1157 2730 1209 Promitto
2779 1159 2942 1210 etiam
2995 1172 3080 1210 me
3135 1157 3228 1209 tibi
3267 1171 3402 1223 quo-

1822 1252 2003 1307 tannis
2032 1254 2287 1306 daturum
2323 1252 2591 1305 tributum
2638 1251 2976 1315 maximum;
3029 1250 3239 1303 habebo
3271 1266 3403 1317 prm-

1822 1354 1966 1397 terea
2017 1343 2070 1397 in
2109 1344 2245 1396 urbe
2281 1336 2519 1413 judicent
2577 1344 2695 1397 sive
2771 1342 3093 1408 przefecutm
3136 1340 3401 1395 Turcutn.

1822 1435 1960 1500 Rex,
1995 1435 2081 1490 his
2109 1435 2339 1499 auditis,
2389 1436 2673 1503 respondit
2702 1453 2714 1487 :
2740 1434 2870 1487 Mihi
2903 1434 3149 1503 quidem.
3203 1442 3262 1487 ut
3312 1450 3400 1488 ac-

1822 1529 1939 1596 cepi
1999 1527 2093 1579 tibi
2144 1527 2326 1581 adhuc
2374 1526 2484 1579 vim
2547 1526 2776 1581 \isivam
2842 1541 3158 1595 superesse,
3213 1541 3399 1581 Sermo

1824 1631 1949 1675 tuus
1989 1619 2091 1674 fuit
2135 1620 2307 1673 multo
2341 1620 2713 1688 gratissimus.
2761 1619 3093 1688 Gratiasque
3126 1634 3229 1688 agn
3256 1636 3398 1673 mor-

1823 1716 2016 1768 talium
2080 1721 2131 1768 et
2191 1714 2585 1767 immortaiium
2641 1714 2937 1778 conditori,
2973 1713 3067 1783 qui
3113 1713 3257 1767 iatud
3298 1713 3397 1765 tibi

1825 1806 2153 1863 beneficium
2210 1807 2490 1874 prresiitit.
2541 1804 2750 1859 Venisti
2786 1815 2968 1859 autem
3018 1806 3085 1859 ad
3117 1806 3261 1862 viros
3303 1806 3397 1859 tibi

1826 1898 2037 1952 amicos
2075 1905 2129 1951 et
2167 1897 2491 1959 auxiliares,
2528 1898 2619 1967 qui
2655 1912 2711 1950 se
2741 1897 2837 1950 tibi
2869 1897 3079 1951 dabunt
3106 1900 3401 1967 promptis-

1825 1994 1981 2053 sime,
2022 1992 2395 2060 quodcunque
2440 1992 2724 2061 occeperis
2776 1990 3003 2046 bellum.
3042 1990 3290 2047 Ulciscar
3326 2004 3402 2044 ta-

1824 2101 1946 2138 men
1991 2101 2170 2155 regem
2228 2095 2436 2152 patrem
2490 2094 2644 2138 tuum
2682 2094 2741 2137 ut
2794 2084 3058 2154 deinceps
3113 2101 3397 2153 nunquam

1825 2186 2016 2232 contra
2044 2194 2129 2230 me
2165 2192 2261 2231 res
2301 2191 2472 2230 novas
2512 2177 2791 2230 moliatur.
2830 2176 2909 2230 Tu
2949 2177 3117 2246 igitur
3144 2176 3231 2231 bis
3262 2193 3401 2247 quos

1821 2271 2054 2341 petiisti,
2116 2271 2442 2342 assumptis,
2482 2271 2639 2325 flecte
2682 2274 2783 2326 iter
2812 2272 2876 2325 ad
2940 2274 3168 2337 urbem;
3226 2286 3401 2343 eaque

1821 2368 1988 2436 agito,
2011 2382 2133 2435 qua:
2156 2366 2494 2437 judieavcris
2528 2368 2621 2420 tibi
2650 2367 2732 2420 vel
2763 2368 2813 2419 in
2846 2368 3042 2436 primis
3071 2368 3227 2422 utilia
3262 2367 3400 2432 fore,

1821 2470 1878 2515 ut
1907 2460 1959 2514 in
1993 2459 2232 2528 patriam
2262 2460 2576 2514 reducaris.
2616 2461 2750 2525 Rex,
2781 2459 2869 2517 his
2903 2460 3065 2515 dictis
3086 2461 3398 2525 confestim,

1821 2569 1962 2620 quos
1993 2553 2357 2623 ﬂagitaverat,
2388 2555 2607 2624 equites
2640 2554 2945 2610 instructos
2983 2556 3164 2619 dedit;
3200 2555 3400 2624 quibus

1823 2649 2082 2714 acceptis,
2116 2648 2466 2701 Andronicus
2506 2663 2565 2701 se
2599 2648 2830 2702 contulit
2863 2648 3210 2719 Byzantium.
3233 2647 3402 2702 Joan-

1821 2757 1920 2795 nes
1955 2749 2009 2795 et
2044 2740 2187 2794 ﬁlius
2216 2739 2558 2805 Emmanuel,
2589 2757 2711 2794 cum
2740 2751 2888 2796 esset
2911 2742 3250 2806 nuntiatum,
3289 2741 3398 2794 An-

1819 2836 2111 2889 dronicum
2142 2851 2266 2889 cum
2306 2836 2417 2889 filio
2469 2852 2573 2890 suo
2619 2851 2813 2905 magna
2846 2851 3015 2890 manu
3077 2835 3398 2897 adventare,

1818 2930 2053 2997 ingrcssi
2090 2939 2218 2983 sunt
2267 2929 2462 2983 Aurea:
2497 2929 2601 2998 (sic
2650 2926 3008 2998 appellatam)
3060 2942 3269 2989 arcem,
3298 2927 3397 2981 ibi-

1819 3036 1927 3089 que
1951 3018 2292 3074 obsidionem
2317 3020 2556 3073 tnlerare
2588 3020 2879 3087 parabant.
2910 3018 3266 3073 Andronicus
3304 3019 3399 3071 ad-

1819 3114 2071 3177 veniens.
2124 3114 2315 3166 urbem
2361 3112 2652 3167 obsidione
2694 3112 3025 3167 circumdat.
3061 3111 3258 3167 Postea
3301 3129 3396 3164 ar—

137 3224 279 3269 ννειος
326 3209 425 3275 μὲν
457 3207 549 3261 οὖν
606 3209 807 3271 ὲλάσας
851 3211 1209 3278 ἐπολιόρκει·
1252 3212 1391 3281 μετὰ
1435 3216 1490 3268 δὲ
1518 3216 1708 3281 ταῦτα,

1821 3221 1941 3259 cem
1967 3204 2316 3272 pactionibus
2344 3204 2397 3257 in
2436 3203 2775 3258 deditionem
2813 3204 3060 3273 accepit;
3089 3206 3393 3271 ambosque

137 3302 397 3373 Ξμολογία
452 3305 821 3371 χρησάμενος,
873 3299 987 3357 εἷλε
1046 3307 1144 3376 τὴν
1200 3309 1520 3377 ἀκρόπολιν,
1552 3312 1629 3372 είς
1658 3330 1711 3363 τι

136 3396 369 3448 κλωϐίον
424 3396 831 3467 ἐμϐαλλόμενον
885 3400 1157 3470 μετέωρον
1218 3401 1289 3463 δ’,
1341 3404 1436 3455 καὶ
1496 3405 1710 3477 καθεῖρ-

135 3489 221 3551 ξεν
284 3489 458 3559 ἄμφω
521 3494 579 3554 ὲς
640 3494 853 3563 πύργον
908 3486 968 3548 τε
1017 3500 1110 3549 καὶ
1161 3498 1387 3569 εἱρκτὴν
1450 3501 1711 3572 βραχεῖαν

132 3582 438 3646 συνελάσας
492 3584 710 3653 ξυλίνην
772 3589 1153 3658 πεποιημένην
1213 3591 1364 3654 ἐντὸς
1422 3593 1515 3645 τοῦ
1570 3594 1711 3663 πύρ-

133 3690 253 3737 γου,
290 3679 389 3729 καὶ
446 3678 544 3745 τήν
580 3697 633 3731 τε
671 3681 952 3749 βασιλείαν
992 3684 1250 3754 κατέσχε,
1281 3686 1373 3738 τόν
1403 3705 1461 3741 τε
1498 3690 1711 3759 πατέρα

132 3774 216 3822 καὶ
249 3771 482 3839 ἀδελφὸν
508 3774 644 3841 ἔχων
665 3775 722 3826 ὲν
750 3776 985 3847 φυλακῇ.
1012 3777 1341 3843 Βασιλεύσας
1373 3783 1427 3835 δὲ
1462 3784 1707 3849 ἀπέδειξε

131 3865 221 3915 καὶ
247 3865 347 3916 τὸν
374 3865 538 3917 παῖδα
574 3866 738 3919 αὐτοῦ
781 3869 1032 3939 Ἰωάννην
1069 3871 1291 3940 βασιλέα
1320 3877 1431 3935 τοῖς
1460 3876 1707 3945 Ἕλλησι.

129 3957 367 4026 Κατεῖχε
407 3956 505 4024 μὲν
530 3957 623 4011 οὖν
651 3962 742 4013 ἐπὶ
780 3960 871 4030 ἔτη
908 3964 1037 4031 τρία
1086 3967 1141 4027 ἐς
1174 3965 1272 4035 τὴν
1328 3969 1548 4037 εἱρκτὴν
1580 3971 1707 4038 τήν-

124 4049 197 4109 δε,
234 4049 337 4100 καὶ
362 4050 572 4101 ἀνελεῖν
601 4052 699 4104 οὐκ
724 4051 880 4122 ἡθελε
914 4056 1299 4125 παροινοῦντος
1331 4061 1387 4122 ἐς
1428 4061 1584 4114 τοῦτο
1615 4064 1711 4114 αὐ-

125 4139 195 4207 τῷ
229 4139 481 4208 συνεχῶς
538 4142 878 4212 [Ιαιαζήτεω.
909 4146 998 4214 Τῷ
1043 4147 1097 4198 δὲ
1136 4149 1381 4218 τετάρτῳ
1412 4151 1521 4203 ἔτει
1582 4154 1710 4205 ἀνα-

126 4232 421 4292 πείσαντες
453 4231 751 4302 ὑπηρέτην,
782 4234 839 4295 ὂς
873 4237 1055 4300 αὐτοῖς
1089 4256 1146 4290 τε
1195 4243 1442 4312 προσῄει,
1502 4246 1594 4297 καὶ
1643 4247 1711 4299 τὰ

124 4325 266 4391 ἀμφὶ
299 4325 401 4393 τὴν
460 4326 663 4395 τροφὴν
692 4328 949 4395 ἐκόμιζεν
1004 4332 1060 4394 ἐς
1088 4333 1186 4401 τὴν
1215 4335 1459 4408 είρκτὴν,
1503 4339 1711 4391 ἐπιδοῦ-

126 4434 211 4467 ναι
248 4416 410 4484 σφίσι
437 4418 649 4487 σίδηρον
674 4434 688 4447 ·
721 4421 812 4473 καὶ
848 4424 1167 4495 καταϐραχὺ
1200 4429 1500 4482 καταλῦσαί
1524 4448 1580 4483 τε
1617 4435 1712 4486 αύ-

122 4510 246 4570 τοὺς
280 4509 503 4576 λέγεται
541 4512 637 4578 τὴν
667 4513 905 4583 εἱρκτὴν,
939 4518 1031 4568 καὶ
1052 4519 1389 4589 ἀποδράντας
1420 4526 1708 4590 ἀφικέσθαι

1822 3299 2049 3352 inclusit
2080 3298 2134 3351 in
2166 3313 2390 3352 carcere
2424 3298 2603 3365 ligneo
2648 3307 2702 3351 et
2757 3307 3014 3367 angusto,
3048 3313 3209 3367 quem
3251 3298 3394 3351 intra

1824 3392 2018 3446 turrim
2069 3391 2407 3456 mdilicarat;
2452 3407 2791 3461 regnumque
2835 3392 3146 3460 occupavit,
3190 3392 3400 3447 babens

1821 3482 2140 3553 patrem33
2168 3491 2222 3536 et
2259 3482 2485 3537 fratrem
2533 3484 2586 3536 in
2628 3498 2872 3538 cat-cere.
2909 3482 3045 3537 Cum
3094 3492 3275 3537 autem
3307 3481 3401 3537 ad-

1822 3576 2166 3629 ministraret
2201 3590 2453 3644 rcgnum,
2496 3575 2665 3629 filium
2698 3591 2859 3630 suum
2891 3573 3157 3629 Joannem
3183 3574 3399 3645 Graecis

1821 3683 2003 3737 regem
2037 3668 2359 3723 destinavit.
2403 3668 2531 3723 Illos
2589 3683 2721 3723 vero
2754 3670 2913 3722 annis
2959 3669 3136 3722 tribus
3183 3668 3235 3721 in
3281 3683 3401 3721 car-

1820 3777 1946 3817 cere
1973 3761 2171 3824 tenuit,
2216 3776 2314 3814 nec
2342 3770 2525 3814 tamen
2552 3762 2886 3816 obtruncare
2920 3761 3114 3825 voluit,
3147 3762 3400 3831 quamvis

1820 3856 1886 3908 ad
1950 3854 1999 3907 id
2050 3854 2375 3906 inritaretur
2406 3867 2434 3903 a
2471 3850 2736 3920 Pajazite.
2764 3854 2926 3906 Auno
2969 3862 3151 3907 autem
3202 3864 3401 3922 quarto

1820 3954 2213 4017 persuaserunt
2242 3945 2483 3998 carceris
2527 3945 2810 4014 praefecto,
2845 3945 2937 4014 qui
2975 3944 3234 3998 alimenta
3267 3945 3400 4011 ipsis

1829 4040 2197 4100 ministrabat,
2232 4048 2290 4090 ut
2321 4036 2619 4107 subjicerct
2664 4040 2892 4092 ferrum.
2938 4036 3055 4104 Quo
3092 4037 3261 4102 facto,
3290 4038 3399 4091 dis-

1820 4133 2103 4190 solverunt
2144 4148 2445 4192 carcerem,
2496 4142 2550 4185 et
2586 4132 2933 4198 aufugientes
2971 4131 3300 4186 festinarunt
3330 4132 3397 4185 ad

1819 4244 2000 4297 regem
2061 4225 2381 4292 Pajazitem,
2429 4230 2816 4291 promittentes
2858 4240 2917 4279 se
2967 4224 3244 4279 tributum
3285 4240 3399 4277 ma-

1818 4321 2027 4374 ximum
2055 4334 2341 4387 pensuros,
2379 4318 2714 4386 daturosque
2748 4318 2958 4373 milites
2989 4326 3259 4387 quotquot
3290 4316 3395 4370 ittt~

1820 4422 2089 4482 perasset.
2149 4410 2314 4465 Misso
2396 4411 2594 4465 nuntio
2659 4411 2982 4481 Byzantium
3074 4410 3399 4479 explorabat

1822 4506 2205 4578 Byzantiorum
2240 4505 2475 4571 animos,
2503 4520 2796 4574 quemnam
2853 4505 2957 4558 sibi
3016 4519 3194 4573 regem
3254 4503 3394 4565 dari,

124 4602 276 4668 παρὰ
312 4600 540 4670 βασιλέα
574 4604 912 4674 Παιαζήτην.
974 4608 1471 4682 Ὑπισχνουμένους
1512 4618 1566 4669 δὲ
1617 4622 1708 4686 τρὸ.

1819 4596 2305 4651 Emmanueletnan
2326 4594 2875 4663 Pajazitem,vel|ent.
2902 4594 3015 4648 Hac
3038 4595 3254 4647 ratione
3278 4597 3397 4664 pul-

126 4711 212 4758 ρον
243 4694 511 4759 ἁπάγειν,
543 4698 635 4748 καὶ
666 4704 921 4763 στρατιὰν
963 4702 1092 4772 ὅσην
1139 4704 1205 4755 ἂν
1233 4707 1567 4763 ὲπιτὰττοιτο
1616 4713 1711 4764 αὖ-

120 4788 252 4848 τοῖς,
285 4787 610 4855 ἐπιπέμψας
646 4789 874 4857 ἄγγελον
910 4794 965 4854 ἐς
993 4795 1054 4845 τὸ
1101 4797 1413 4864 Βυζάντιον,
1475 4804 1709 4872 ἐπήρετο

118 4879 241 4939 τοὺς
272 4876 629 4941 Βυζαντίους,
668 4882 760 4932 καὶ
782 4882 877 4950 τὴν
905 4884 1131 4952 γνώμην
1173 4888 1352 4939 αὐτῶν
1404 4891 1523 4942 τίνα
1582 4894 1706 4961 βού-

120 4968 295 5020 ὶοιντο
348 4969 533 5037 σφίσιν
595 4971 821 5039 βασιλέα
880 4977 1150 5040 γενέσῦαι,
1213 4978 1704 5056 Ἑμμανουῆ)ον,ἢ

120 5060 350 5125 βασιλέα
384 5062 727 5133 ιΙαιαςήτην.
769 5068 1093 5135 Διεπειρᾱτο
1121 5072 1228 5139 γὰρ
1257 5072 1430 5147 ταύτῃ
1464 5082 1705 5150 καὶπερὶ

116 5152 316 5204 ἑαυτοῦ
352 5153 451 5222 τῆς
474 5156 697 5223 γνώμης
736 5158 843 5209 τῶν
878 5158 1205 5222 Βυζαντίων.
1271 5166 1335 5216 Οἱ
1394 5168 1449 5219 δὲ
1501 5170 1708 5233 Βυζάν-

115 5247 509 5315 τιοιαίροῦντο
533 5248 577 5278 ⁵ο
617 5249 1040 5319 Ἐμμανουῆλον,
1096 5256 1187 5307 ατε
1259 5259 1544 5327 ἀχθόμενοι
1602 5265 1702 5336 ἤδη

112 5340 173 5404 τῇ
215 5340 569 5409 Ἀνδρονίκου
600 5343 763 5413 ἀρχῇ.
827 5345 1091 5398 Ἑνταῦυα
1128 5349 1364 5416 ἐρίζοντε
1400 5353 1568 5421 ἄμερω
1608 5358 1706 5411 ιῶν

121 5424 406 5499 Ἑλλήνων
459 5432 670 5501 βασιλέε
712 5439 835 5508 περὶ
888 5439 982 5507 τῆς
1046 5441 1337 5504 Βυζαντίου
1398 5446 1698 5513 βασιλείας,

1816 4694 1947 4745 cltre
1964 4691 2369 4759 expiscabatur,
2393 4699 2449 4741 ut
2470 4687 2712 4759 Byzantii
2738 4692 2901 4742 etiam
2918 4703 3046 4758 erga
3083 4705 3142 4740 se
3168 4690 3395 4743 animati

1816 4784 2015 4838 forent.
2037 4783 2361 4853 Atliyzantii
2381 4784 2663 4853 elegerunt
2688 4781 3094 4835 Etntnautteletn
3120 4781 3257 4850 (29),
3279 4782 3393 4850 jam

1816 4877 2163 4931 fastidientes
2194 4876 2499 4931 Andronici
2533 4876 2846 4945 imperium.
2882 4875 3083 4944 Exorta
3106 4886 3188 4928 est
3221 4875 3387 4943 igitur

1816 4971 2100 5025 contentio
2135 4972 2280 5024 inter
2315 4971 2509 5024 ambos
2536 4986 2692 5039 reges
2729 4984 2894 5038 super
2929 4967 3174 5038 Byzantii
3207 4983 3393 5036 regno.

1816 5063 2136 5115 Emmanuel
2159 5064 2512 5132 promittebat
2542 5062 2890 5115 setributum
2912 5062 3059 5129 quod
3088 5062 3396 5116 contineret

1818 5167 1932 5213 tres
1969 5158 2245 5227 myriades
2271 5172 2589 5217 aureorum,
2618 5166 3042 5210 numeraturum
3068 5157 3393 5224 quotannis:

1816 5254 2195 5321 addebatque,
2233 5268 2292 5306 se
2326 5252 2700 5322 profecturum
2742 5267 2868 5304 cum
2918 5251 3012 5304 illo
3056 5252 3104 5303 in
3141 5251 3391 5302 militiam

1814 5361 2147 5415 quocunque
2180 5346 2460 5400 exercitus
2503 5346 2775 5399 duxisset.
2822 5343 2917 5398 His
2960 5344 3393 5409 conditionibus,

1813 5454 1953 5508 quas
1987 5439 2147 5493 modo
2192 5440 2780 5503 commemoravimus,
2824 5438 3066 5507 Byzmtii
3100 5454 3327 5507 regnum
3366 5454 3396 5491 a

1431 5586 1677 5651 Notulze
1712 5600 2121 5673 marginaies.

182 5703 301 5771 (29)
332 5704 651 5759 Emmanuel
684 5707 898 5777 itnper.,
933 5726 1061 5766 ann.
1094 5714 1249 5767 138?}.

177 5868 222 5901 "
258 5870 667 5943 ἐμϐαλλομένου
692 5878 987 5949 μετεώρου.

1070 5879 1114 5911 ⁸⁸⁸
1150 5881 1402 5950 ᾑροῦντο,
1426 5881 1488 5938 R.
1521 5898 1571 5935 ut
1606 5887 1656 5938 in
1691 5903 1738 5941 ι’.
