4202 6430
208 327 311 391 113

1303 335 1397 393 DE
1441 335 1693 394 REBUS
1730 336 2091 396 TURCIClS
2129 339 2276 401 LIB.
2310 339 2385 403 Il.

3349 345 3448 410 114

211 450 458 514 μωθέντα
485 451 760 520 μεγάλως,
794 455 1101 505 ἐπιστεῖλαι
1157 452 1352 520 ἐκείνῳ
1391 454 1457 505 τὰ
1508 456 1637 521 περὶ
1671 454 1769 521 τὴν
1808 459 1849 514 Α

1808 459 1849 514 Α
1883 454 2104 509 obtulit.
2142 457 2413 527 Pajazites
2439 459 2524 514 bis
2548 460 2786 531 graviter
2811 476 3103 527 accensus,
3152 464 3315 533 jussit
3341 467 3447 521 Te-

209 546 469 607 γυναῖκα.
506 545 767 614 Τεμήρης
812 547 999 614 μέντοι
1043 545 1271 616 ὥρμητο
1301 546 1395 596 ἐπὶ
1433 544 1773 611 Παιαζήτηνν

208 636 283 695 ὡς
319 638 419 705 τήν
448 656 504 690 τε
546 638 731 709 χώραν
766 642 931 693 αὑτοῦ
977 643 1031 692 ὲν
1082 644 1145 707 τῇ
1206 638 1362 709 Ἀσίᾳ
1402 637 1778 706 καταστρεψό-

212 743 395 792 μενος,
422 733 515 782 καὶ
546 733 602 792 ές
652 734 754 800 τήν
787 731 1061 802 Εὐρώπην
1088 731 1508 798 διαῆησόμενος,
1558 730 1632 799 μὴ
1658 732 1777 782 ὲπι-

213 824 361 888 σχεῖν
388 824 653 894 πρότερον
678 825 1092 895 ἀναχωροῦντα,
1132 826 1299 896 πρινὴ
1352 828 1443 878 ἐπὶ
1487 827 1601 887 τοῖς
1649 822 1777 892 τέρ-

216 932 385 981 μασιν
418 919 586 987 αὺτῆς
614 919 864 987 γένηται,
904 919 1024 971 ἔστε
1053 920 1138 970 ἐπ’
1177 919 1419 972 ὠκεανὸν
1462 918 1776 977 ἐλαύνοντα,

208 1006 304 1057 τὸν
334 1009 463 1075 περὶ
490 1011 590 1071 τὰς
656 1010 1017 1080 Ἡρακλείους
1080 1010 1304 1079 στήλας,
1353 1008 1481 1061 ἔνθα
1545 1006 1779 1061 ιπὺθετο

210 1099 480 1167 πορθμὸν,
513 1100 588 1162 ὡς
617 1100 974 1169 βραχύτατον,
1007 1101 1269 1170 διείργειν
1307 1102 1407 1169 τήν
1430 1116 1487 1151 τε
1508 1097 1781 1167 Εὐρώπην

210 1190 309 1241 καὶ
366 1191 596 1259 Λιϐύην.
636 1191 801 1245 Ὅθεν
856 1193 934 1255 είς
978 1191 1077 1264 τὴν
1127 1191 1335 1259 Λιϐύην
1374 1190 1779 1261 περαιουμένη),

212 1287 308 1337 καὶ
342 1286 547 1355 ταύτην
568 1290 667 1355 τῆς
700 1288 1029 1357 οἰκουμένης
1065 1286 1249 1356 χώραν
1280 1286 1326 1317 ⁸³
1350 1288 1399 1338 ot
1426 1285 1781 1353 ὑπαγομένῳ,

211 1383 303 1432 ἐπ’
341 1381 494 1434 οἴκου
541 1381 794 1434 ἐντεῦθεν
848 1377 1195 1451 διομίζεσθαι.
1241 1379 1425 1432 Ταῦτα
1463 1380 1645 1447 μέντοι
1676 1380 1780 1431 Τε-

216 1475 401 1542 μήρης
442 1475 653 1526 ἐπενόει
679 1491 737 1525 τε
772 1473 1010 1542 μεγάλα,
1042 1475 1135 1527 καὶ
1168 1476 1224 1535 ὲς
1255 1472 1426 1541 τύχην
1456 1472 1655 1540 μᾶλλόν
1695 1489 1782 1523 τοι

214 1569 322 1619 ὑπὸ
372 1567 507 1619 Θεοῦ
536 1567 828 1637 δεδομένην
880 1566 1193 1635 ἀφορῶντα.
1238 1566 1550 1636 Παιαζήτης
1580 1563 1634 1615 δὲ
1676 1565 1783 1632 ἄρα

213 1660 495 1727 ἐλογίζετο
530 1661 756 1713 ἐπιόντα
794 1650 1124 1729 ἀμύνεσθαι,
1160 1660 1271 1713 ἀπό
1291 1676 1349 1711 τε
1404 1659 1513 1711 τῶν
1538 1658 1784 1711 παλαιῶν

217 1750 691 1818 συμϐαλλόμενος.
740 1750 815 1812 ὡς
845 1750 1104 1803 οὐδέποτε
1138 1751 1239 1818 τῆς
1278 1768 1342 1818 γε
1403 1750 1675 1820 Εὐρώπης
1732 1751 1782 1803 nl

1881 546 2005 598 miri
2029 562 2145 614 quae
2168 559 2327 604 antea
2369 551 2435 604 de
2477 567 2644 605 uxore
2675 553 2794 621 ejus
2829 556 3231 617 recensuimus.
3264 559 3442 624 expli-

1880 638 2015 691 cari.
2048 637 2293 696 Temires
2323 642 2526 711 itaque,
2552 648 2786 715 arreptis
2817 648 2985 701 armis
3021 660 3214 702 contra
3245 648 3452 719 Pajazi-

1882 733 2217 794 tem,animo
2249 736 2491 805 agitabat
2525 740 2643 807 ejus
2695 742 2970 809 regionem
3056 745 3107 797 in
3172 745 3300 798 Asia
3360 746 3446 797 sui

1878 826 2018 894 juris
2048 824 2245 893 facere,
2284 841 2339 883 et
2369 830 2566 886 exinde
2603 834 2655 887 in
2682 833 2950 904 Europam
2980 838 3307 905 transgredi.
3343 837 3450 891 Nec

1884 919 2034 987 prius
2064 922 2324 976 redeundi
2386 932 2504 977 erat
2560 926 2798 988 animus,
2857 944 3018 995 quam
3076 930 3274 982 limites
3331 931 3451 997 ejus

1884 1013 2175 1081 attigisset.
2208 1018 2605 1085 progredientlo
2634 1035 2805 1088 usque
2827 1022 2889 1072 ad
2917 1022 3218 1085 Oceanum,
3250 1021 3340 1089 qui
3370 1032 3453 1075 est

1885 1122 2050 1175 prope
2083 1106 2329 1165 Herculis
2350 1111 2654 1167 columnas.
2698 1112 2773 1167 lbi
2794 1118 2939 1167 enim
2985 1130 3107 1169 esse
3165 1115 3449 1183 trajectum

1886 1201 2054 1253 maris
2081 1203 2531 1269 angustissimum
2553 1215 2860 1273 acceperat,
2893 1205 3318 1276 distinguentem
3348 1206 3453 1260 Eu-

1885 1310 2073 1364 ropam
2106 1310 2133 1346 a
2169 1296 2355 1365 Libya.
2385 1296 2520 1350 Hinc
2551 1298 2717 1367 igitur
2741 1300 2794 1352 in
2815 1299 3055 1352 Africam
3079 1300 3453 1353 transmittere

1883 1389 2223 1444 decreverat.
2243 1390 2358 1456 Qua
2391 1391 2443 1443 in
2475 1392 2735 1445 ditionem
2776 1402 3011 1462 recepta,
3064 1394 3285 1447 domum
3338 1403 3451 1446 tum

1884 1482 2101 1535 demum
2138 1496 2382 1536 remeare
2418 1491 2705 1537 statuerat.
2738 1484 2862 1539 Haec
2909 1485 3130 1553 quidem
3205 1485 3453 1539 Temires

1886 1574 2070 1627 animo
2096 1574 2346 1628 volvebat
2374 1593 2389 1628 :
2418 1591 2604 1631 verum
2628 1577 2976 1646 postulabant
2999 1577 3258 1646 majorem
3279 1579 3455 1631 fortu-

1888 1682 2036 1731 nam,
2068 1682 2230 1735 quam
2258 1666 2464 1721 Temiri
2499 1683 2526 1721 a
2557 1667 2667 1723 Deo
2702 1684 2962 1723 concessa
2997 1667 3156 1723 foret.
3189 1669 3455 1735 Pajazites

1887 1773 2018 1813 vero
2046 1760 2101 1812 in
2120 1775 2269 1829 spem
2291 1770 2510 1816 erectus
2545 1769 2683 1824 erat,
2709 1777 2767 1815 se
2794 1760 2951 1817 facile
2979 1763 3249 1815 victurum
3270 1760 3454 1814 Temi-

217 1845 317 1910 τῆς
363 1842 550 1903 Ἀσίας
580 1842 820 1910 βασιλεῖς
851 1844 907 1894 ἐν
965 1843 1077 1903 τοῖς
1122 1841 1357 1909 πρόσθεν
1382 1842 1597 1910 χρόνοις
1623 1858 1783 1909 περι-
1818 1829 1856 1883 Β

1818 1829 1856 1883 Β
1888 1869 2023 1920 rem,
2055 1855 2242 1909 hostili
2280 1856 2461 1911 animo
2480 1857 2852 1911 accedentem.
2897 1856 3059 1927 Spem
3096 1857 3253 1911 istam
3287 1856 3454 1909 facie-

217 1935 464 2001 γᾶνοιντο
520 1934 761 1996 πώποτε,
817 1934 952 1985 ἀλλὰ
993 1936 1085 1986 καὶ
1140 1933 1506 2004 ὡρμημένους
1546 1934 1636 1984 ἐπὶ
1688 1932 1787 2002 τὴν

230 2031 440 2091 Ἀσίαν,
474 2028 551 2097 τῷ
574 2045 632 2079 τε
666 2026 875 2097 βασιλεῖ
906 2028 1224 2097 ἀφῃρῆσθαι
1271 2028 1397 2088 τοὺς
1439 2026 1539 2093 τῆς
1602 2025 1787 2090 Ἀσίας

219 2120 582 2188 ⁴ἡγουμένους.
605 2119 794 2172 Ταῦτα
823 2118 1311 2187 διασκοπούμενος,
1353 2118 1495 2184 μέγα
1525 2135 1581 2170 τε
1628 2118 1791 2186 ἐφρό-

219 2231 323 2276 νει,
346 2212 590 2283 καὶῴετο
626 2215 683 2265 ὲν
710 2212 904 2284 βραχεῖ
934 2212 1154 2282 πολέμῳ
1171 2210 1287 2280 ἅμα
1315 2212 1671 2280 καθαιρήσειν
1692 2209 1791 2283 τὴν

219 2307 490 2377 Τεμήρεω
521 2306 827 2376 βασιλείαν.

309 2598 578 2652 Ἐνταῦθα
599 2598 653 2651 δὲ
679 2598 958 2667 γενομένῳ
993 2614 1106 2665 μοι,
1131 2596 1231 2649 καὶ
1259 2596 1360 2666 τὴν
1393 2596 1485 2648 ἐπὶ
1546 2593 1793 2663 Παιαζή-

221 2712 327 2761 την
352 2692 574 2761 πρώτην
600 2710 659 2745 τε
698 2692 793 2745 καὶ
824 2691 1087 2760 δευτέραν
1126 2690 1311 2743 ἔλασιν
1341 2690 1608 2758 Τεμήρεω
1636 2689 1796 2757 βασι-

222 2787 387 2844 λέως.
422 2784 565 2835 κατὰ
594 2781 786 2835 τοῦτον
823 2781 915 2834 τὸν
969 2782 1163 2851 χρόνον
1216 2781 1539 2847 γενομένην,
1577 2779 1796 2831 διασκο-

226 2876 511 2941 πουμένῳ,
541 2873 697 2943 ἐπῄει
726 2873 1061 2940 λογίζεσθαι,
1086 2871 1161 2933 ὡς
1202 2872 1296 2923 ἐπὶ
1346 2870 1491 2939 μέγα
1544 2872 1797 2933 ἀφίκοιτο

220 2968 513 3031 δυνάμεως
564 2968 629 3019 τὰ
661 2964 772 3016 τῶν
813 2965 1075 3033 Τούρκων
1130 2964 1452 3032 πράγματα,
1515 2964 1795 3033 παρέχοιτ’

223 3058 291 3109 ἄν
318 3060 401 3119 εἰς
426 3057 524 3126 τὴν
546 3058 786 3124 ἑσπέραν
816 3055 1275 3125 ἀναστρέφεσθαι,
1313 3056 1387 3126 μὴ
1428 3055 1573 3108 οὕτω
1622 3072 1796 3126 παρα-

1888 1945 1981 2000 bat
2010 1947 2343 2016 conjectura,
2378 1964 2540 2016 quam
2560 1949 2629 2004 ab
2652 1951 2894 2018 antiquis
2934 1949 3163 2004 ducebat
3198 1953 3458 2017 tempori-

1891 2040 2015 2103 bus,
2049 2055 2169 2109 quae
2185 2039 2565 2105 conﬁrmabat,
2589 2040 2824 2093 Asianos
2852 2056 3005 2110 reges
3033 2056 3309 2110 nunquam
3337 2039 3459 2108 qui-

1891 2132 2033 2187 visse
2064 2134 2345 2188 devincere
2370 2134 2642 2203 Europam
2686 2152 2700 2188 :
2738 2149 2922 2187 verum
2954 2134 3182 2202 Europre
3214 2132 3460 2186 homines

1890 2224 1943 2278 in
1978 2226 2156 2280 Asiam
2200 2240 2543 2295 progressos,
2571 2240 2747 2293 regem
2773 2224 2885 2280 suis
2919 2223 3317 2294 principatibus
3339 2238 3459 2290 spo-

1892 2320 2080 2375 liasse.
2108 2317 2232 2373 Haec
2265 2320 2449 2373 animo
2482 2332 2670 2373 secum
2700 2332 2943 2384 versans,
2996 2318 3245 2385 ingentes
3273 2317 3461 2370 conci-

1892 2414 2073 2483 piebat
2113 2411 2360 2481 spiritus.
2414 2421 2670 2480 tanquam
2724 2410 3046 2465 brevissimo
3098 2409 3240 2463 bello
3291 2410 3459 2464 etiam

1894 2507 2127 2562 Tenziris
2165 2522 2387 2577 regnum
2407 2504 2767 2575 disjecturus.

1968 2624 2101 2679 Cum
2130 2625 2235 2678 huc
2260 2638 2431 2693 usque
2455 2624 2726 2676 sermonis
2757 2621 2901 2676 serie
2928 2620 3030 2674 sim
3055 2625 3287 2683 tractus,
3317 2617 3463 2684 cogi-

1900 2718 2365 2788 temqueprimam
2403 2727 2457 2769 et
2513 2715 2807 2769 secundam
2859 2714 2964 2785 57
3022 2713 3258 2767 Temiris
3318 2711 3464 2779 regis

1896 2813 2319 2884 expeditionem,
2349 2826 2450 2863 nec
2480 2826 2585 2861 non
2616 2810 2754 2861 mala
2783 2824 2903 2877 qua:
2949 2810 3068 2863 istis
3114 2806 3457 2874 temporibus

1898 2909 2196 2975 contigere,
2224 2904 2483 2973 cogitatio
2512 2903 2681 2966 subit,
2738 2902 3042 2955 Turcorum
3093 2916 3181 2955 res
3233 2898 3465 2953 incredi-

1901 3006 2007 3057 bile
2032 3003 2430 3056 incrementum
2460 3012 2742 3051 assumere
2780 2996 3042 3064 potuisse,
3070 2994 3114 3047 si
3145 3006 3334 3047 versus
3362 2992 3465 3044 Oc-

1900 3099 2170 3154 cidentem
2196 3095 2274 3149 ire
2300 3094 2602 3162 cupientes,
2637 3105 2743 3143 non
2776 3088 2992 3142 inltibiti
3028 3086 3303 3140 fuissenta
3336 3099 3464 3153 rege

222 3150 421 3218 χρῆμα
457 3150 805 3213 ἐπιδιδόντος,
833 3150 1164 3202 ἀνεκόπτετο
1197 3149 1299 3201 ὑπὸ
1332 3149 1601 3220 Τεμήρεω
1643 3150 1794 3217 βασι-
1822 3181 1866 3242 c

1822 3181 1866 3242 C
1900 3193 2139 3247 Temire.
2179 3187 2285 3242 Nec
2310 3186 2480 3259 enim,
2514 3185 2558 3239 si
2595 3183 2865 3238 seditione
2921 3195 3146 3249 regnum
3186 3177 3466 3232 Otomani-

223 3244 389 3300 ὶέως.
425 3241 562 3295 Οὔτε
588 3243 696 3310 γὰρ
731 3241 799 3294 ἂν
859 3241 980 3310 δίχα
1015 3241 1315 3312 γενομένης
1370 3243 1468 3309 τῆς
1519 3241 1794 3310 βασιλείας

236 3335 660 3400 Ὀτουμανίδων,
692 3334 785 3385 καὶ
812 3334 904 3383 ἐπὶ
973 3332 1241 3401 διαφορὰν
1276 3333 1428 3400 σφίσι
1462 3335 1795 3402 καθισταμέ·

226 3447 361 3490 νων,
406 3428 692 3498 ἐφθείρετο
728 3426 819 3479 ὑπ’
855 3428 1103 3495 ἀλλήλων
1148 3427 1215 3480 τὰ
1244 3428 1543 3497 πράγματα
1591 3429 1795 3491 αὐτῶν,

220 3523 454 3591 ὄλεθρον
504 3523 758 3588 μέγιστον
820 3520 883 3589 δὴ
933 3520 1040 3571 τῶν
1073 3521 1260 3591 μνήμῃ
1322 3521 1539 3571 πώποτε
1573 3523 1795 3588 ἐπενεγ-

224 3619 421 3675 κόντα,
448 3616 520 3676 ὡς
552 3614 691 3675 μετὰ
716 3613 815 3682 τὴν
848 3611 1113 3681 τελευτὴν
1144 3611 1237 3663 τοῦ
1295 3611 1640 3677 Παιαζήτεω,
1673 3630 1796 3663 συν-

224 3707 438 3777 ηνέχθη
466 3706 716 3773 γενέσθαι
753 3709 808 3767 ἐς
831 3706 953 3766 τοὺς,
987 3704 1205 3765 παῖδας,
1252 3703 1504 3772 ἀλλήλοις
1554 3703 1800 3770 διαφερο-

230 3802 458 3867 μένους,
514 3801 608 3852 καὶ
665 3801 760 3868 τὴν
818 3799 998 3867 χώραν
1048 3797 1140 3849 ὑπ’
1190 3798 1435 3866 ἀλλήλων
1472 3798 1795 3867 δῃουμένην,

225 3894 522 3960 ξυμφορὰν
571 3892 647 3959 τῷ
676 3891 820 3958 γένει
860 3890 1215 3959 ἐπινεμεῦσαι
1256 3890 1324 3953 ⁸⁸,
1356 3892 1487 3959 ὅσην
1521 3892 1586 3960 δὴ
1632 3891 1797 3961 βαρυ-

226 3989 406 4053 τάτην
437 3988 528 4038 καὶ
561 3986 975 4055 χαλεπωτάτην.
1009 3984 1124 4037 Νῦν
1154 3985 1213 4038 δὲ
1262 3987 1318 4043 ἐς
1354 3986 1610 4056 ὑπερφυᾶ
1641 3985 1797 4037 δύνα-

229 4099 329 4149 μιν
356 4079 688 4146 ἀφικόμενος
720 4078 822 4130 ὑπὸ
885 4077 979 4129 τοῦ
1027 4076 1186 4141 Θεοῦ,
1235 4078 1457 4144 ἐγένετο
1509 4078 1799 4149 Παιαζήτῃ

226 4172 700 4241 σωφρονισθῆναι,
765 4171 906 4224 ὥστε
952 4171 1045 4224 ἐπὶ
1100 4172 1201 4238 τὴν
1253 4170 1531 4239 βασιλείαν
1584 4172 1797 4241 μεγάλα.

226 4271 479 4338 φρονεῖν.
513 4266 677 4318 ὈΟεν
705 4264 959 4333 βασιλεὺς
994 4261 1256 4333 Τεμήρης
1309 4264 1656 4332 ὁρμώμενος,
1706 4267 1799 4317 ἐπὶ

224 4362 300 4410 τὰ
336 4360 435 4424 τῆς
471 4358 659 4418 Ἀσίας
688 4356 920 4424 ἀφίκετο
953 4358 1281 4427 πράγματα,
1317 4356 1411 4406 καὶ
1442 4354 1533 4406 ἐπὶ
1572 4354 1669 4423 τὴν
1702 4355 1799 4417 τῆς

227 4450 625 4520 Σεμαρχὰνδης
660 4448 937 4517 βασιλείαν
970 4450 1230 4514 κατέστη,
1260 4447 1385 4517 τῇδε
1439 4446 1504 4499 ἄν
1562 4464 1650 4516 μοι
1683 4447 1797 4512 διεξ

228 4546 375 4596 ιόντι
417 4541 645 4609 ἐπίδηλα
676 4530 909 4607 γένοιτο.
939 4540 1168 4607 Λέγεται
1222 4538 1321 4607 μὲν
1351 4537 1591 4606 πολλαχῆ
1614 4537 1801 4590 τοῦτον
1834 4530 1876 4583 ι)

226 4636 331 4688 ἀπ’
373 4634 658 4703 ἐλαχίστου
689 4632 1012 4702 ὁρμώμενον
1044 4632 1180 4683 κατὰ
1200 4630 1300 4700 τὴν
1317 4629 1638 4696 ’Δσίαν,ὲπ“ι
1661 4630 1802 4699 μέγα

228 4728 486 4799 χωρῆσαι
509 4726 813 4795 δυνάμεως.

1899 3287 2090 3340 darem
2123 3283 2373 3344 arsisset,
2400 3286 2453 3333 et
2482 3278 2694 3330 mutuis
2746 3272 3033 3328 discordiis
3096 3271 3198 3341 ipsi
3242 3270 3385 3323 inter
3405 3283 3466 3323 se

1898 3384 2329 3435 concertassent,
2358 3375 2411 3427 in
2448 3372 2582 3426 adeo
2618 3386 2779 3441 grave
2826 3368 3055 3423 exitium
3098 3381 3183 3419 res
3240 3378 3467 3433 vergere

1899 3473 2225 3544 potuissent,
2260 3477 2318 3521 ut
2341 3465 2641 3535 contigisse
2670 3472 2888 3517 constat
2913 3460 3173 3513 dcl'ttncto
3196 3456 3466 3522 Pajazite,

1899 3583 2023 3621 cum
2041 3566 2160 3633 ejus
2194 3562 2442 3617 ﬁliilmde
2467 3561 2609 3613 inter
2636 3573 2695 3613 se
2722 3554 3139 3613 contenderent,
3164 3552 3467 3619 regionem-

1899 3676 2004 3729 que
2038 3660 2267 3713 invicem
2294 3663 2570 3709 vastarent
2597 3670 2611 3705 :
2641 3650 2781 3704 unde
2801 3646 3095 3701 maximam
3127 3652 3181 3697 et
3200 3643 3465 3713 gravissi-

1902 3769 2043 3807 mam
2080 3751 2382 3805 Turcorum
2416 3746 2560 3809 genti
2596 3743 2957 3798 calamitatem
2991 3737 3266 3791 invexere.
3304 3733 3464 3788 Nunc

1902 3856 2080 3899 autem
2104 3860 2226 3897 cum
2260 3842 2325 3895 ad
2382 3837 2827 3907 augustissimam
2885 3832 3199 3900 dignitatem
3262 3842 3291 3879 a
3353 3826 3463 3878 Deo

1904 3940 2179 4007 Pajazites
2214 3935 2377 3989 fuerit
2414 3942 2657 3994 evectus,
2711 3926 2941 3994 contigit
2973 3932 3033 3977 ut
3064 3917 3465 3989 aliquantulum

1903 4032 2279 4087 molestiarum
2314 4025 2680 4095 experiretur,
2716 4035 2826 4089 quo
2859 4016 3034 4086 magis
3098 4012 3319 4066 tandem
3350 4024 3467 4061 mo.

1902 4130 2089 4184 destite
2114 4140 2320 4181 memor
2344 4128 2507 4176 esset.
2524 4118 2817 4186 l’rOpterea
2836 4112 2979 4166 enim
3000 4111 3065 4163 ad
3082 4106 3220 4159 Asia:
3239 4116 3464 4172 regnum

1904 4220 2123 4276 emersit
2156 4232 2246 4271 rex
2267 4212 2610 4273 Temires,et
2629 4201 3046 4261 Semarcltandaa
3074 4211 3239 4267 regno
3269 4193 3468 4264 potitus

1902 4322 2006 4369 est.
2037 4312 2168 4377 Quae
2199 4307 2408 4375 singula
2437 4313 2495 4357 ut
2536 4305 2852 4359 evenerunt,
2879 4308 2965 4347 me
3005 4292 3469 4344 commemorante

1906 4405 2209 4474 accipietis.
2244 4399 2407 4454 Fama
2430 4406 2535 4461 est,
2596 4394 2741 4447 hunc
2787 4391 2964 4442 virum
3020 4384 3088 4437 ab
3146 4378 3388 4435 minimis
3416 4388 3468 4428 et

1905 4472 2253 4571 perobscuris
2281 4492 2565 4563 principiis
2590 4486 2915 4556 profectum,
2961 4490 3213 4550 magnam
3240 4472 3344 4529 sibi
3374 4488 3469 4541 po-

1906 4594 2133 4651 tentiam
2176 4591 2231 4645 in
2277 4587 2404 4643 Asia
2446 4580 2739 4654 peperisse.

1503 4838 1745 4899 Notulze
1776 4836 2179 4915 marginales.

306 4970 355 5002 ⁸³
391 4972 607 5041 μοῖραν.
680 4971 727 5001 ⁸⁸
760 4969 1072 5025 ἐπινεῦσαι.
1108 4967 1171 5024 R.
1208 4978 1261 5021 ut
1290 4969 1339 5022 in
1368 4985 1414 5021 ι.
