4202 6430
182 375 274 441 121

1272 383 1373 442 DE
1411 383 1665 444 REBUS
1699 385 2061 446 TURCICIS
2092 388 2243 456 LIB.
2296 390 2411 451 IlI.

3304 371 3401 454 ιεέ

180 488 511 556 παρασχόντι
547 489 624 559 τῷ
654 490 883 560 βασιλεῖ,
917 492 1102 564 ἰδιώτῃ
1122 494 1239 546 τότε
1271 495 1408 557 ὄντι,
1431 498 1507 566 μὴ
1548 516 1729 567 παρα·
1756 552 1761 562 η

1869 503 1989 556 ubdi
2044 504 2206 572 jussit
2237 504 2501 567 Temires;
2553 503 2606 557 in
2666 502 2985 557 memoriam
3042 503 3299 571 redigens
3344 520 3401 558 se

179 578 337 647 δῆναι
398 582 497 651 τὴν
561 584 855 655 συνθήκην.
912 586 1104 653 Ἔλεγε
1156 588 1210 639 δὲ
1272 593 1408 658 πρὸς
1476 590 1726 659 Μυρξίην

179 670 390 723 τοιάδε·
454 673 675 726 Οῖεσθαι
734 670 907 745 οἶμαι,
960 671 1004 730 ὧ
1063 678 1300 747 Μυρξίη,
1354 680 1446 733 δύο
1497 698 1577 742 τε,
1631 685 1728 735 καὶ

181 762 490 831 σύμπαντες
537 767 586 817 οι
628 767 799 832 ἄλλοι,
831 770 955 822 ὅσον
986 771 1077 823 ἐπὶ
1116 771 1272 839 τήνδε
1312 773 1412 841 τὴν
1454 774 1628 841 ἀρχὴν
1662 772 1731 826 τὰ

181 855 473 923 πράγματα
526 861 932 928 προηγάγομεν.
975 863 1079 914 Δύο
1137 863 1315 915 τούτω
1361 864 1436 925 ὡς
1497 866 1730 931 μάλιστα

180 948 306 1013 ἡμῖν
336 947 880 1018 ὲπιῦεὗαιωσάμενοι,
921 954 1012 1003 ἐπὶ
1047 952 1145 1020 τὴν
1188 953 1466 1023 βασιλείαν
1500 955 1733 1023 παρείη-

183 1056 298 1104 μεν,
344 1042 581 1109 σπουδήν
612 1059 670 1094 τε
718 1042 853 1111 ἅμα.
904 1044 977 1107 ὡς
1020 1041 1132 1097 οἷόν
1177 1063 1260 1109 τε,
1285 1046 1730 1112 μεταδιώκοντες,

182 1133 271 1183 καὶ
306 1133 668 1199 ἐμπεδοῦντες
716 1138 867 1205 ἡμῖν,
897 1137 925 1188 ὅ
971 1156 1020 1190 τι
1054 1140 1120 1189 ἂν
1171 1139 1490 1204 συνθέμενοι
1535 1144 1645 1201 τοῖς
1675 1156 1733 1190 τε

180 1225 521 1292 ἐπιτηδείοις.
557 1229 650 1279 καὶ
681 1230 964 1289 ἐναντίοις.
1001 1230 1098 1300 οὐχ
1129 1231 1276 1293 ὅπως
1311 1231 1372 1301 δὴ
1406 1232 1576 1301 ὅρκῳ,
1600 1232 1735 1285 ἀλλὰ

180 1319 269 1369 καὶ
318 1318 462 1385 λόγῳ
505 1321 867 1389 ἐψηφισμένοι
925 1318 1075 1390 ὦμεν
1127 1324 1333 1389 αὐτοῖς,
1363 1324 1437 1386 ὡς
1472 1324 1624 1378 οὐδὲν
1656 1325 1735 1377 ἔτι

180 1412 417 1479 οὐδαμοῦ
468 1412 525 1463 ὃν
567 1415 993 1486 ἀσφαλέστερον,
1030 1418 1149 1471 οὐδὲ
1203 1419 1566 1488 ἐχυρώτερον,
1620 1423 1738 1488 ἒρυ-

181 1506 363 1570 μὰτων
394 1521 453 1555 τε
503 1506 596 1558 καὶ
638 1508 837 1569 ὃπλων,
868 1512 925 1571 ἐς
970 1512 1061 1563 τὸν
1109 1511 1225 1579 βίον
1266 1513 1437 1574 τόνδε,
1469 1512 1739 1581 ἀνθρώπῳ

180 1593 449 1663 συμφώνῳ
472 1612 530 1646 τι
556 1591 694 1648 εἶναι
725 1599 779 1660 ἐς
808 1600 877 1653 τὰ
904 1600 1101 1661 πάντα,
1141 1603 1235 1655 καὶ
1271 1602 1343 1672 μὴ
1375 1603 1737 1670 διαφωνοῦντι

181 1688 391 1753 φρονεῖν
452 1687 643 1740 ἄλλοτε
695 1689 906 1767 dum;-
966 1692 1153 1761 ἐπειδὴ
1209 1694 1475 1754 πολλάκις
1533 1694 1742 1762 ἔφαμεν

178 1779 347 1849 τούτῳ
377 1780 521 1849 μόνῳ
575 1782 745 1852 ίσχειν
778 1785 1069 1854 ὁμοιότητα
1100 1785 1177 1854 τῷ
1209 1786 1349 1855 Θεῷ.
1386 1787 1551 1839 Ὅτου
1597 1786 1640 1839 δ’
1678 1790 1741 1839 ἂν

178 1873 281 1923 τῶν
330 1874 632 1942 ἀνθρώπων
682 1878 847 1947 μηδὲν
904 1879 1050 1945 ὑγιὲς
1112 1876 1253 1932 εἶναι
1297 1880 1569 1949 λέγοντος,
1627 1886 1742 1945 πῶς

179 1965 240 2017 ἂν
287 1967 351 2035 δὴ
406 1969 734 2033 πράττοντος
790 1966 849 2024 εῦ
899 1972 1101 2037 γένοιτ’
1152 1972 1219 2025 ἂν
1277 1974 1497 2026 πώποτε
1554 1975 1739 2041 αὐτῷ;

178 2061 438 2129 Μέμνησο
455 2063 518 2117 ,δὲ
553 2063 623 2123 ὡς
656 2063 789 2133 ἐμοῦ
830 2065 927 2134 τῆς
966 2066 1145 2132 δεξιᾶς
1178 2066 1501 2137 λαϐόμενος,
1528 2069 1742 2139 ἔφησθα

176 2154 429 2206 τεθνάναι
472 2154 690 2223 ἕτοιμος
732 2154 893 2219 εἶναι,
931 2159 980 2210 εί
1017 2159 1108 2211 ἐπὶ
1151 2160 1219 2211 τὰ
1270 2159 1516 2226 βασίλεια
1546 2160 1743 2230 πάρει-

184 2262 301 2313 μεν.
344 2248 453 2298 Καὶ
511 2248 601 2300 ἐπὶ
667 2250 961 2318 μαρτύρων
1009 2251 1065 2304 δὲ
1124 2250 1283 2304 τοῦτό
1330 2269 1411 2305 σοι
1455 2253 1743 2321 εἰρημένον

180 2340 489 2394 συνθέσθαι.
527 2342 667 2411 Ὦρα
698 2338 789 2395 οῦν
827 2360 909 2395 σοι
936 2345 1001 2397 τά
1029 2360 1087 2397 τε
1118 2344 1378 2416 λεχθέντα
1406 2345 1740 2408 ἐπιτελέσαι,

180 2435 272 2484 καὶ
333 2434 433 2501 τὴν
485 2436 663 2497 δεξιὰν
718 2438 816 2505 τὴν
868 2438 1145 2505 ἡμετέραν
1206 2438 1589 2491 ἀπολύσασθαι
1642 2438 1744 2506 τῆς

179 2526 473 2594 συνθήκης.
506 2529 757 2598 Μυρξίης
795 2530 850 2581 δὲ
881 2531 1140 2598 ἀμείϐετο
1166 2531 1342 2584 τοῖσδε
1366 2547 1380 2560 ·
1426 2531 1568 2584 Ἀλλ’
1598 2532 1744 2594 ὅπως

181 2617 300 2683 μὲν,
354 2612 398 2670 ὦ
444 2618 685 2687 βασιλεῦ,
728 2620 819 2672 ἐπὶ
873 2619 1025 2689 τήνδε
1080 2622 1182 2688 τὴν
1229 2623 1428 2689 ἀρχὴν,
1468 2622 1615 2682 ὅπως
1662 2638 1744 2672 σοι

177 2708 410 2771 γένοιτο,
450 2710 543 2761 καὶ
597 2715 661 2761 συ
708 2707 889 2771 οἶσθα,
925 2710 1019 2762 καὶ
1067 2712 1271 2774 πάντες
1320 2707 1466 2764 οὗτοι
1516 2713 1566 2763 οί
1608 2730 1743 2780 συμ-

178 2803 452 2869 παρόντες
517 2804 829 2872 συνήσουσι,
886 2804 981 2857 καὶ
1032 2803 1354 2868 ὡς’πάντα
1412 2806 1479 2857 τὰ
1536 2804 1741 2876 ἔσχατα

174 2896 568 2963 ὑποδυόμενος,
624 2896 763 2948 ὥστε
823 2899 907 2950 σοὶ
972 2899 1031 2951 εὖ
1090 2896 1347 2967 γενέσθαι
1400 2900 1599 2963 ὁτιοῦν,
1655 2901 1747 2953 καὶ

174 2988 488 3055 τραύματα·
514 2991 570 3040 δὲ
617 2991 763 3043 ἐστιν
803 2991 932 3044 ίδεῖν
984 2993 1085 3045 ὅσα
1122 2993 1325 3052 λαὸὼν,
1358 2994 1479 3046 οὐδὲ
1528 2992 1746 3045 πώποτε

174 3082 591 3152 ὐπελογιζόμην
643 3084 817 3135 δεινὸν
874 3086 977 3153 πρὸ
1037 3084 1130 3139 τοῦ
1192 3086 1550 3156 χαρίζεσθαι·
1595 3089 1642 3140 εἰ
1689 3086 1745 3138 δέ

1830 604 2050 647 nactum
2077 611 2199 649 esse
2230 593 2653 649 Semarcbandae
2686 608 2936 663 regnum,
2960 592 3247 661 ipsumque
3296 592 3400 645 fal-

1830 703 1950 741 sum
1978 704 2097 743 esse
2122 690 2325 753 animo,
2359 688 2590 757 proinde
2620 687 2817 742 mortis
2864 702 3016 740 reum
3064 687 3256 741 teneri.
3291 686 3400 739 Du-

1832 779 2042 834 bitabat
2074 790 2254 833 autem
2303 795 2413 848 quo
2465 790 2626 849 pacto
2668 794 2790 832 eum
2841 778 2981 831 mori
3033 788 3272 846 cogeret,
3301 784 3392 845 qut

1831 873 1957 929 olim
1990 874 2100 942 regi
2130 874 2343 942 privato
2385 872 2562 925 adhuc
2612 871 2858 925 dextram
2905 870 3186 924 societatis
3215 871 3398 922 dedis-

1836 974 1937 1028 set,
1974 981 2041 1018 ne
2088 965 2263 1033 pactis
2302 964 2687 1016 contravenire
2738 963 3037 1015 videretur.
3079 960 3397 1015 Orationem

1836 1060 1999 1127 igitur
2033 1057 2297 1125 ejusmodi
2330 1073 2451 1109 cum
2478 1055 2682 1126 Myrxie
2718 1055 2907 1109 habuit
2958 1055 3145 1109 :Haud
3174 1054 3407 1107 arbitror

1838 1152 2003 1206 latere
2031 1167 2148 1214 eos,
2178 1166 2210 1202 o
2246 1150 2501 1220 Myrxies,
2535 1165 2740 1217 vosque
2773 1149 2901 1212 duo,
2962 1158 3015 1202 et
3066 1147 3255 1215 reliqui
3286 1161 3405 1198 om-

1838 1258 1959 1301 nes.
2027 1241 2227 1303 quibus
2286 1240 2496 1294 artibus
2557 1238 2843 1308 imperium
2893 1237 3231 1291 auxerimns.
3290 1236 3405 1289 Duo

1838 1332 1926 1386 illa
1954 1346 2169 1400 semper
2202 1347 2417 1385 summa
2446 1331 2729 1399 diligentia
2776 1331 2973 1386 sectati
3021 1345 3233 1392 sumus,
3271 1329 3399 1381 dum

1838 1423 2000 1477 nobis
2058 1438 2285 1491 regnum
2343 1423 2739 1491 amplissimum
2797 1438 3139 1490 pararemus,
3210 1434 3405 1487 nempe

1841 1518 2082 1572 studium
2112 1518 2408 1571 vehemens
2455 1518 2506 1569 in
2552 1516 2717 1570 rebus
2771 1517 3044 1585 gerendis,
3093 1523 3231 1568 etut
3264 1512 3404 1565 bona

1844 1609 1948 1663 ﬁde
1973 1608 2278 1663 coleremus
2325 1618 2505 1677 pacta,
2559 1602 2681 1675 qua:
2726 1620 2849 1657 cum
2902 1603 3093 1658 amicis
3125 1601 3403 1656 hostibus-

1843 1720 1950 1773 que
1999 1702 2346 1757 fecissemus.
2383 1698 2493 1752 Nee
2533 1700 2709 1753 solum
2749 1698 3082 1766 juramento,
3143 1710 3330 1747 verum
3356 1702 3411 1746 et

1846 1811 2094 1851 sermone
2152 1793 2567 1853 declaravimus.
2626 1806 2724 1845 nos
2779 1790 3125 1844 concordiam
3170 1804 3297 1843 cum
3339 1788 3407 1841 iis

1850 1890 2076 1960 agitare,
2109 1889 2263 1958 quasi
2311 1887 2445 1940 nihil
2482 1886 2682 1954 ubique
2718 1895 2984 1939 terrarum
3021 1892 3075 1938 et
3107 1883 3275 1938 tutius
3317 1898 3406 1934 ar-

1850 1982 2057 2050 misque
2110 1978 2366 2034 omnibus
2411 1978 2623 2031 firmius
2665 1978 2720 2029 in
2761 1976 2868 2028 vita
2903 1976 3143 2028 humana
3170 1974 3406 2028 inveniri

1846 2076 2037 2142 possit,
2074 2088 2236 2142 quam
2279 2070 2627 2125 concordiam
2682 2068 2960 2136 amplecti,
2990 2082 3087 2120 nec
3118 2068 3188 2117 ab
3214 2065 3409 2118 amicis

1842 2165 2152 2228 dissentire,
2187 2179 2333 2218 nunc
2382 2162 2511 2220 hoc.
2543 2176 2689 2215 nunc
2732 2160 2878 2213 aliud
2919 2158 3074 2228 sequi
3118 2157 3408 2212 consilium

1843 2268 2243 2332 proponentes;
2300 2254 2572 2324 siquidem
2626 2268 2768 2321 saepe
2827 2248 3407 2309 commemoravimus,

1845 2370 1946 2409 nos
1989 2354 2082 2406 illo
2132 2351 2249 2406 solo
2298 2348 2391 2402 Dei
2442 2347 2735 2415 imaginem
2769 2352 3192 2412 repraesentare.
3230 2340 3285 2392 Si
3314 2356 3410 2391 au-

1848 2443 1953 2500 tem
1984 2445 2107 2512 quiis
2152 2442 2465 2497 mortalium
2530 2439 2662 2493 nihil
2720 2437 2837 2491 sani
2896 2449 3135 2500 unquam
3183 2432 3407 2493 dixerit,

1846 2534 2122 2605 quomodo
2145 2534 2251 2603 62
2302 2532 2344 2585 si
2394 2530 2521 2599 quid
2566 2530 2747 2583 facere
2779 2526 3143 2597 aggrediatur,
3180 2524 3228 2577 ei
3262 2523 3411 2576 bona

1845 2627 2179 2683 obvenient?
2219 2624 2603 2684 Meministine,
2661 2635 2835 2673 meam
2884 2634 3005 2670 cum
3040 2616 3412 2685 prehenderes

1847 2736 2089 2783 manum,
2125 2728 2176 2772 te
2207 2718 2389 2771 dicere
2422 2735 2435 2769 :
2473 2713 2528 2769 Si
2586 2710 3007 2766 Semarchandae
3051 2708 3413 2763 nanciscerer

1847 2826 2093 2882 regnum,
2127 2820 2376 2879 paratum
2422 2818 2473 2860 te
2509 2821 2632 2861 esse
2684 2815 2943 2872 Oppetere
2983 2797 3413 2855 mortemHla‘c

1849 2906 2038 2974 igitur,
2089 2916 2213 2956 cum
2264 2900 2367 2955 sub
2413 2898 2606 2953 multis
2654 2896 2886 2949 testibus
2916 2908 2981 2949 ea
3008 2889 3411 2961 pronuntiaris,

1848 3008 2064 3068 tempus
2095 3006 2177 3051 est
2225 3003 2284 3049 ut
2313 2992 2591 3054 conﬁcias,
2640 3000 2997 3056 nostramque
3030 2985 3276 3038 dextram
3309 2981 3416 3033 isto

1848 3101 2007 3164 pacto
2058 3091 2279 3145 liberes.
2347 3086 2605 3157 Myrxies,
2663 3093 2722 3136 ut
2774 3080 2993 3135 dicendi
3065 3079 3227 3132 tinem
3287 3076 3414 3130 fecit

173 3174 337 3265 εστιν
358 3173 531 3225 ὁτιοῦν
575 3176 708 3243 ήςιίν
750 3176 1041 3245 εἰρημένον
1066 3178 1165 3230 οὐκ
1201 3177 1376 3247 ἀγαθῇ
1426 3177 1587 3247 τύχῃ,
1637 3178 1745 3229 δέοι

1869 3200 1964 3250 ἐι,
2005 3182 2167 3234 talem
2211 3183 2442 3233 exorsus
2470 3185 2554 3231 est
2600 3174 2905 3228 orationem
2948 3191 2961 3226 :
2998 3168 3200 3224 Verum
3232 3167 3410 3221 enim-

171 3262 241 3312 ἂν
276 3264 358 3332 μὴ
386 3265 703 3343 χαρίζεσθαι
747 3271 861 3328 τοῖς
903 3267 1255 3336 ἐπιτηδείοις,
1288 3267 1377 3334 ὑφ’
1411 3260 1485 3322 ὧν
1535 3267 1748 3338 μεγάλα

171 3358 232 3411 εὖ
286 3357 584 3420 πεπονθὼς
633 3360 772 3427 εἴης.
822 3360 1028 3412 Ἐκεῖνο
1074 3360 1159 3429 δὴ,
1217 3361 1459 3430 βασιλεῦ,
1494 3362 1752 3431 ίδιωτέρῲ

174 3450 281 3515 μὲν
330 3447 449 3499 δντι
499 3447 803 3517 τάνθρώπῳ
846 3451 903 3501 ού
965 3451 1105 3504 πάνυ
1156 3466 1240 3503 τοι
1286 3452 1619 3522 ἐμπεδοῦντα
1660 3455 1753 3507 καὶ

170 3540 381 3594 ἑαυτοῦ
446 3541 583 3610 βίον.
621 3542 871 3595 Ἐπειδὰν
928 3544 985 3596 δέ
1042 3560 1126 3596 σοι
1180 3545 1242 3597 τὸ
1298 3546 1490 3615 ἄρχειν
1551 3548 1753 3616 ἑτέρως

170 3637 477 3703 ἀφίκηται,
513 3635 634 3687 τότε
681 3636 745 3705 δὴ
800 3638 859 3688 οὐ
905 3636 1126 3704 θεμιτὸν
1263 3639 1573 3708 παραϐῆναι
1627 3642 1677 3693 εί
1702 3658 1754 3693 τι

173 3728 467 3781 συνέθετο.
504 3729 611 3780 Καὶ
660 3730 790 3799 ἡμῖν
820 3730 846 3780 ὁ
881 3730 1011 3794 Θεὸς
1062 3731 1235 3784 πολλὰ
1284 3732 1465 3799 ἀγαθὰ
1517 3733 1755 3802 παρέχε-

169 3841 286 3884 ται,
325 3824 416 3873 διὰ
464 3822 526 3873 τὸ
557 3822 882 3889 συγγνώμην
936 3823 1110 3892 [σχειν
1134 3825 1245 3886 τοῖς
1289 3823 1758 3894 ἐξαμαρτάνουσιν

171 3918 231 3978 ἐς
269 3918 427 3985 ἡμᾶς
474 3916 672 3968 ὁτιοῦν.
710 3916 813 3968 Ἢν
843 3916 871 3967 δ
912 3917 1034 3985 ἐμοὶ
1082 3918 1177 3971 καὶ
1226 3916 1432 3987 ταύτην
1460 3936 1759 3989 παραιτου-

174 4009 337 4078 μένῳ
391 4012 651 4078 χαρίσαιο
701 4010 799 4076 τὴν
854 4010 1148 4079 ἁμαρτίαν,
1194 4012 1293 4063 καὶ
1336 4012 1510 4065 πλείω
1553 4014 1759 4065 τούτων

170 4122 257 4156 σοι
294 4104 518 4171 γένοιτο
565 4103 763 4169 ἀγαθά.
800 4103 981 4155 Ταῦτα
1030 4103 1228 4169 λέγων,
1276 4104 1375 4156 οὐκ
1416 4104 1624 4169 ἔπειθε,
1656 4107 1758 4172 φά-

173 4215 398 4248 σκοπα
446 4194 555 4246 δεῖν
593 4194 921 4263 συγγνώμην
958 4195 1147 4264 ἴσχειν,
1184 4192 1261 4258 οἷς
1314 4196 1378 4248 ἂν
1431 4197 1506 4266 μὴ
1538 4197 1759 4248 ἑκούσια

168 4284 202 4358 ᾖ
267 4288 345 4338 τὰ
415 4287 813 4353 ἁμαρτήματα.
859 4284 980 4345 Πῶς
1037 4286 1083 4336 δ’
1133 4288 1199 4338 ἂν
1256 4285 1482 4349 σώζοιτο
1522 4286 1673 4355 αὐτῷ
1723 4287 1755 4356 ἠ

166 4381 345 4448 τύχη,
395 4380 473 4445 μὴ
503 4379 594 4427 τὸν
624 4377 918 4428 ἀντίπαλον
951 4377 1262 4447 διωσαμένη
1292 4397 1304 4442 ;
1339 4380 1525 4430 Ταῦτα
1565 4378 1758 4441 εἰπὼν,

164 4476 265 4525 τύν
297 4489 365 4522 τε
402 4469 654 4539 Μυρξίην
700 4469 1050 4538 διεχρήσατο,
1088 4470 1181 4521 καὶ
1226 4471 1438 4522 ἐπένθει
1474 4470 1636 4524 αὐτὸν
1671 4472 1762 4539 ὁη-

1855 3290 2006 3338 vero,
2034 3288 2066 3327 ο
2096 3287 2212 3335 rex,
2252 3268 2319 3323 ad
2352 3269 2457 3323 hoc
2502 3266 2793 3335 imperium
2837 3273 2895 3317 ut
2924 3259 3240 3321 deveneris,
3272 3267 3327 3311 et
3362 3268 3418 3309 tu

1856 3366 2023 3428 nosti,
2056 3375 2110 3418 et
2139 3378 2326 3417 omnes
2372 3368 2641 3428 quotquot
2677 3366 2879 3426 prasto
2914 3363 3064 3407 sunt.
3115 3351 3223 3404 Nec
3254 3351 3419 3404 etiam

1857 3460 2049 3516 horrui
2080 3472 2296 3512 summa
2327 3454 2451 3507 vitae
2490 3453 2644 3506 adire
2673 3449 3015 3512 discrimina,
3053 3455 3111 3500 ut
3135 3446 3291 3498 istam
3320 3440 3423 3496 tibi

1858 3565 2083 3621 parares
2134 3547 2477 3602 felicitatem.
2513 3541 2747 3597 Vulnera
2802 3540 2994 3593 videre
3044 3547 3149 3598 est,
3190 3550 3308 3603 qua:
3334 3550 3426 3587 ae-

1858 3646 1977 3713 cepi
2021 3642 2149 3697 dum
2203 3639 2303 3693 tibi
2342 3637 2613 3693 inservire
2682 3645 2736 3688 et
2791 3630 3089 3703 gratiﬁcari
3132 3627 3316 3698 cupio.
3354 3628 3425 3679 At

1858 3735 2003 3790 enim
2057 3731 2102 3784 si
2154 3729 2282 3799 quid
2328 3738 2533 3783 temere
2570 3726 2827 3785 diximus,
2859 3739 2927 3777 an
2968 3738 3078 3775 non
3116 3720 3168 3773 id
3202 3732 3421 3787 aequum

1858 3833 1943 3882 est
1968 3822 2098 3877 mihi
2130 3823 2357 3875 adversa
2400 3820 2615 3873 fortuna
2672 3815 2869 3879 utenti,
2917 3812 3204 3871 etauiicis,
3237 3827 3266 3863 a
3301 3810 3426 3877 qui-

1859 3918 1961 3973 bus
1991 3914 2267 3969 heneliciis
2293 3913 2523 3965 atl'ectus
2557 3910 2749 3973 fueris,
2787 3904 3139 3961 condonare?
3166 3903 3297 3958 Illud
3334 3918 3430 3953 au-

1860 4020 1993 4072 tem,
2021 4024 2054 4060 ο
2087 4023 2204 4069 rex,
2244 4004 2457 4074 privato
2509 4001 2716 4055 homini
2762 4016 2868 4052 non
2919 3997 3215 4051 admodum
3255 3996 3429 4060 impe-

1860 4103 2103 4155 dimento
2152 4098 2335 4152 fuerit.
2400 4095 2497 4150 Ubi
2526 4104 2707 4147 autem
2775 4092 2879 4145 alia
2939 4089 3091 4159 regni
3164 4085 3431 4141 affulserit

1862 4196 2057 4257 forma,
2088 4201 2198 4245 tum
2230 4206 2340 4244 non
2368 4190 2445 4243 fas
2485 4198 2588 4248 est,
2619 4186 2660 4239 si
2688 4185 2815 4253 quid
2857 4193 3050 4250 pactus
3085 4181 3271 4244 fueris,
3308 4179 3433 4233 irri-

1863 4293 1975 4339 tum
2010 4286 2186 4338 facere
2210 4291 2263 4336 et
2298 4279 2626 4350 transi-,redi.
2681 4278 2857 4330 Etiam
2894 4275 3037 4329 Deus
3066 4274 3295 4342 plurima
3332 4288 3432 4325 no-

1864 4379 1949 4432 bis
1986 4378 2125 4431 bona
2156 4376 2402 4441 largitur,
2440 4374 2484 4425 si
2520 4373 2575 4425 in
2603 4386 2702 4423 nos
2732 4369 3180 4437 delinquentibus
3215 4365 3432 4419 veniam

1865 4471 2197 4525 dederimus.
2254 4466 2309 4521 Si
2365 4466 2528 4535 igitur
2583 4463 2715 4517 mihi
2784 4462 2995 4532 peccati
3051 4460 3431 4528 impunitatem

169 4565 358 4631 μοσίᾳ
412 4564 506 4613 ἐπὶ
542 4562 736 4629 συχνόν
781 4579 902 4613 τινα
948 4562 1161 4631 χρόνον,
1214 4562 1391 4630 θάψας
1440 4562 1758 4630 βασιλικῶς.

1872 4562 2236 4621 concesseris,
2271 4560 2471 4628 majora
2518 4573 2548 4611 a
2600 4558 2710 4611 Deo
2768 4555 2859 4609 tibi
2892 4554 3185 4608 obvenient
3212 4552 3432 4604 tandem

165 4658 339 4709 Μετὰ
404 4654 465 4705 δὲ
513 4655 683 4704 ταῦτα
735 4654 827 4704 ἐπὶ
887 4654 1187 4722 Ὑρκανοὺς
1236 4655 1613 4718 ἐστρατεύετο,
1673 4654 1769 4706 καὶ

165 4751 276 4819 τὴν
330 4747 550 4814 ταύτης
585 4746 881 4805 θάλασσαν,
914 4748 1008 4798 καὶ
1042 4747 1166 4817 Ξθνη
1226 4764 1283 4799 τε
1342 4749 1445 4799 οὐκ
1496 4748 1654 4814 ὀλίγα
1712 4750 1769 4810 ἐς

164 4844 274 4910 τὴν
300 4840 618 4891 θάλασσαν.
653 4839 762 4905 Τὴν
813 4839 869 4891 δὲ
921 4839 1215 4908 Ὑρκανίαν
1262 4840 1576 4893 ἐνοικοῦντα
1633 4857 1770 4909 παρ-

166 4935 304 4985 άλια
347 4933 782 4996 κατεστρέφετο.
812 4930 1043 4996 Λέγεται
1074 4931 1129 4983 δὲ
1164 4930 1302 4999 αῦτη
1353 4933 1448 4984 καὶ
1522 4934 1767 4994 Κασπία,

161 5029 225 5087 ἐς
286 5023 404 5091 τὴν
452 5019 545 5071 τοῦ
595 5019 783 5081 ἔθνους
835 5019 1027 5072 τούτου
1087 5023 1440 5090 ἐπωνυμίαν
1483 5024 1659 5091 διήιιει
1712 5024 1769 5075 δὲ

160 5115 322 5167 κατὰ
412 5111 790 5179 μεσημϐρίαν,
837 5112 1021 5173 Σάκας
1068 5113 1125 5165 δὲ
1178 5112 1315 5183 ἔχων
1374 5114 1469 5164 καὶ
1526 5114 1765 5165 Καδδου-

160 5208 360 5265 σίους,
430 5202 526 5253 ἐπὶ
574 5204 824 5266 σταδίους
862 5204 1239 5272 τρισμυρίους,
1274 5204 1410 5273 πρὸς
1456 5203 1531 5254 ’ἐω
1565 5203 1619 5254 δὲ
1672 5204 1769 5255 καὶ

162 5298 430 5369 βορῤᾶν,
498 5296 868 5360 Μασαγέτας,
925 5296 1079 5360 γένος
1143 5293 1378 5363 ἄλκιμον
1430 5312 1489 5346 τε
1550 5296 1643 5347 καὶ
1710 5297 1769 5346 ἐν

157 5394 467 5459 πολέμοις
496 5385 837 5451 εὐδοκιμοῦν,
868 5387 958 5438 ἐπὶ
1009 5387 1257 5450 σταδίους
1300 5388 1625 5455 δισμυρίους
1663 5388 1769 5454 μά-

157 5489 372 5539 λιστα.
407 5480 587 5532 Τοῦτο
630 5480 686 5530 δὲ
730 5480 791 5532 τὸ
823 5480 978 5546 γένος
1006 5481 1246 5533 ἐλαύνων
1282 5482 1378 5532 ἐπὶ
1408 5483 1507 5550 τὴν
1544 5481 1768 5551 Περσῶν

156 5581 400 5648 χώραν,
444 5572 664 5639 λέγεται
697 5571 1213 5641 καταστρεψάμενον
1260 5574 1568 5640 πολίσματα
1604 5589 1769 5623 κατα-

162 5672 362 5739 σχεῖν.
412 5664 610 5716 Ἔστιν
667 5662 702 5716 ἃ.
757 5664 850 5715 καὶ
916 5665 1177 5735 Τεμήρην
1208 5666 1300 5717 τοῦ
1352 5665 1543 5732 γένους
1576 5666 1766 5716 τούτου

160 5763 499 5829 γενόμενον
545 5758 643 5808 σὺν
679 5760 786 5817 τοῖς
828 5759 1195 5823 Μασαγέταις,
1228 5759 1502 5828 ὁρμᾶσθαι
1548 5761 1633 5809 ἐπὶ
1670 5760 1767 5827 τὴν

160 5850 594 5925 Σεμαρχάνόης
629 5851 821 5920 ἀρχὴν,
858 5853 951 5905 καὶ
988 5852 1290 5921 ’Λσσνρέων
1327 5853 1423 5923 τὴν
1453 5853 1633 5923 χώραν
1672 5870 1763 5906 κα-

1870 4656 2033 4708 bona.
2072 4650 2165 4703 His
2191 4649 2376 4711 dictis,
2415 4663 2524 4701 non
2579 4646 2854 4716 persuasit
2908 4642 3135 4702 Tcmiri,
3200 4641 3291 4708 qui
3350 4654 3437 4691 re-

1868 4745 2172 4815 spondebat
2209 4759 2221 4795 :
2252 4742 2419 4794 Venia
2465 4739 2644 4793 danda
2683 4747 2769 4793 est
2802 4736 3084 4790 erroribus
3118 4749 3307 4787 eorum
3343 4731 3438 4799 qui

1868 4837 1998 4906 quid
2027 4844 2221 4906 praeter
2253 4832 2583 4886 voluntatem
2613 4828 2953 4884 admiserint.
2990 4826 3109 4891 Quo
3152 4836 3311 4894 pacto
3338 4841 3438 4877 au-

1870 4939 1979 4983 tem
2039 4927 2313 4980 fortunam
2364 4925 2603 4978 retinere
2651 4930 2845 4991 potero
2900 4920 3214 4987 propitiam.
3258 4918 3300 4969 si
3344 4920 3427 4969 ho-

1870 5032 2009 5074 stem
2050 5034 2230 5072 meum
2270 5032 2377 5069 non
2426 5014 2729 5068 necavero?
2758 5013 2879 5065 llaec
2941 5011 3031 5063 ubi
3080 5012 3298 5063 locutus
3335 5019 3440 5071 est,

1870 5111 2130 5182 Myrxiem
2173 5106 2427 5177 peremit.
2456 5104 2805 5171 Pereniptum
2859 5100 3116 5170 regaliter
3164 5099 3441 5167 sepelivit,

1870 5202 2141 5270 longoque
2183 5210 2431 5267 tempore
2456 5198 2611 5248 luxit.
2668 5192 2914 5247 Posthrc
2954 5193 3151 5245 bellum
3208 5189 3441 5256 sumpsit

1868 5295 2131 5345 adversus
2204 5288 2482 5359 Hyrcanos
2537 5299 2589 5340 et
2646 5296 2831 5339 contra
2875 5293 3060 5354 gentes
3122 5296 3243 5350 qua:
3293 5295 3443 5332 mare

1872 5383 2179 5454 Hyrcanum
2222 5382 2473 5433 accolunt
2506 5392 2518 5428 :
2553 5392 2687 5443 quas
2720 5390 2910 5429 omnes
2935 5372 3260 5441 perdomuit.
3297 5368 3440 5422 Idem

1871 5492 2021 5530 mare
2056 5486 2109 5529 et
2149 5473 2403 5541 Caspium
2434 5471 2653 5531 dicitur,
2693 5482 2885 5520 versus
2925 5463 3208 5517 meridiem
3241 5461 3442 5516 Saccas

1873 5570 2076 5623 habens
2119 5568 2334 5621 accolas
2383 5572 2438 5617 et
2496 5560 2801 5615 Caddusios
2858 5576 2870 5610 :
2927 5559 3147 5626 triginta
3206 5554 3445 5607 millibus

1871 5661 2170 5716 stadiorum
2198 5672 2392 5710 versus
2428 5656 2687 5708 orientem
2706 5662 2758 5705 et
2779 5654 3205 5721 septentrionem
3227 5649 3446 5702 aet-olas

1872 5758 2077 5809 habens
2136 5754 2489 5819 Massagetas,
2542 5764 2710 5817 genus
2766 5748 3044 5799 hominum
3102 5744 3441 5797 bellicosum.

1873 5850 2114 5918 Longum
2140 5856 2218 5901 est
2256 5845 2439 5914 viginti
2488 5841 2729 5895 millibus
2763 5839 3084 5893 stadiorum.
3126 5836 3446 5903 Massageia’
