4202 6430
184 381 287 447 125

1262 385 1356 443 DE
1402 385 1655 444 REBUS
1694 386 2049 445 'l‘UliClClS
2094 386 2239 445 LIB.
2282 385 2397 443 Ill.

3324 382 3419 448 126

180 493 426 562 γίνεσθαι
475 492 571 560 τῆς
635 491 836 549 Ἀσίας.
876 494 1031 546 Ἐστι
1076 494 1131 545 δὲ
1182 496 1212 561 ἡ
1261 497 1411 565 χώρα
1450 495 1587 564 αὕτη
1628 496 1744 548 ἐπί-

1851 506 2058 561 partem
2095 496 2304 550 scimus
2342 496 2394 547 in
2426 492 2750 547 Chersonesi
2784 491 3013 545 formam
3048 492 3242 559 redigi,
3284 496 3419 546 Ara-

180 603 365 654 φορος,
399 586 490 636 καὶ
515 584 746 653 δένδρων
776 603 833 636 τε
888 589 982 639 καὶ
1011 588 1273 654 φοινίκων
1302 588 1736 656 πεπληρωμένη,

178 679 275 730 καὶ
305 682 358 729 ἐν
392 679 540 749 μέσῳ
588 679 731 730 δυοῖν
762 674 1027 747 ποταμοῖν
1072 681 1400 750 περίρρυτος
1447 680 1741 747 γενομένη.

180 771 445 840 Καρποῦς
499 788 558 822 τε
610 772 828 838 ἐκφέρει
893 772 1192 841 ὑπερφυεῖς
1239 770 1317 840 τῷ
1375 769 1596 840 μεγέθει
1648 770 1743 823 καί

180 865 637 925 πολλαπλασίους,
668 866 805 917 ὥστε
864 865 1165 930 Εὐδαίμονα
1208 864 1312 915 ὑπὸ
1358 863 1466 915 τῶν
1518 863 1742 915 παλαιοο

176 956 351 1025 τέρων
406 958 705 1024 κεκλῆσθαι
757 956 987 1025 ἀνδρῶν.
1021 960 1120 1011 Διὰ
1154 957 1325 1009 ταῦτα
1391 958 1482 1008 ἐπὶ
1534 957 1742 1027 ταύτην

177 1049 273 1118 τὴν
314 1050 591 1118 Ἀραϐίαν,
625 1051 705 1102 ὅτι
736 1051 1108 1113 Καδδουσίοις,
1152 1050 1243 1103 ὑπ’
1274 1047 1438 1102 αὑτοῦ
1474 1048 1740 1114 πολεμου-

180 1142 383 1210 μένοις,
422 1143 738 1212 συνεμάχει,
776 1143 1188 1208 αἰτιασάμενος,
1217 1141 1599 1211 ἐστρατεύετο.
1631 1141 1742 1194 Καὶ

175 1236 255 1297 δὶς
293 1238 390 1301 μὲν
428 1238 741 1305 ἐμαχέσατο
780 1237 858 1305 τῷ
902 1236 1150 1308 Ἀράϐων
1202 1235 1597 1306 στρατεύματι.
1635 1234 1743 1287 Καὶ

176 1328 249 1380 ὅδ’
275 1329 350 1388 ὡς
377 1330 614 1399 ἠδυνήθη
664 1330 988 1399 τρέψασθαι,
1022 1329 1159 1399 μετά
1210 1330 1264 1381 δὲ
1308 1327 1743 1397 διαπρεσϐευσα-

180 1441 361 1491 μενος,
393 1424 534 1476 ὣστε
589 1426 870 1495 στρατιὰν
903 1424 1110 1488 δοῦναι,
1144 1426 1240 1478 καὶ⁵
1292 1423 1460 1494 φόρον
1509 1422 1744 1491 ἀπάγειν

176 1516 270 1569 τοῦ
332 1517 501 1582 ἔτους,
539 1519 662 1570 ὅσον
712 1518 778 1571 ἂν
832 1519 1015 1585 σφίσιν
1070 1517 1369 1581 ἐπιτάττοι,
1406 1516 1636 1575 σπονδάς
1686 1532 1743 1569 τε

177 1612 473 1679 ἐποιήσατο
506 1611 571 1675 ",
603 1611 696 1663 καὶ
727 1610 788 1662 τὸ
835 1609 923 1661 ἐπ’
974 1609 1136 1663 αὐτὸν
1180 1609 1429 1680 ’Δρὰσων
1462 1608 1740 1679 πρέσϐεις,

178 1706 222 1758 δῖ
278 1705 372 1757 καὶ
431 1705 778 1774 ἀφικόμενοι,
816 1705 1136 1773 προΐσχοντό
1163 1721 1221 1756 τε
1274 1704 1370 1773 τὴν
1420 1704 1602 1773 χώραν
1646 1704 1742 1755 τοῦ

178 1799 354 1867 ἥρωος
389 1798 464 1867 μὴ
498 1798 800 1864 λεηλατεῖν⁹
851 1800 942 1851 καὶ
992 1798 1200 1851 ἐδέοντο
1251 1799 1413 1866 σφᾶς,
1443 1797 1539 1850 ἅτε
1586 1796 1741 1864 γένος

1846 586 2097 655 biamquc
2123 596 2277 640 extra
2329 585 2517 640 Asiam
2550 584 2804 653 relinqui.
2838 584 2931 638 Est
2984 592 3165 637 autem
3223 585 3419 638 Arabia

1842 680 2094 747 plurimis
2144 678 2460 738 arboribus.
2495 677 2801 746 palmisque
2832 678 3072 740 censita,
3112 686 3166 730 et
3223 675 3277 729 in
3307 694 3420 728 me-

1842 774 1931 827 dio
1987 776 2219 827 duorum
2280 774 2565 827 fluminum
2601 771 2728 836 sita,
2787 773 3143 837 abuitroque
3185 770 3423 837 undique

1842 868 2086 921 alluitur.
2110 865 2345 919 Fructus
2371 866 2576 931 profert
2601 880 2765 933 supra
2784 864 3004 915 modum
3033 872 3146 915 tum
3174 878 3418 932 magnos,

1842 966 1956 1012 tum
1997 958 2505 1029 multiplices.Hiuc
2552 968 2766 1012 veteres
2809 956 3156 1009 occasionem
3202 970 3417 1009 sumen-

1844 1061 1945 1117 tes,
1967 1068 2083 1106 eam
2112 1052 2354 1107 Felicem
2376 1052 2741 1121 appellavere.
2771 1050 2921 1104 Hanc
2950 1049 3227 1119 regionem
3256 1049 3421 1100 armis

1845 1143 2059 1199 infestis
2088 1159 2374 1214 aggressus
2407 1154 2490 1197 est
2515 1144 2786 1206 Temires,
2808 1141 3005 1195 incolis
3037 1140 3257 1194 crimini
3283 1140 3421 1192 dans

1847 1252 2068 1306 operam
2101 1247 2332 1291 strenue
2362 1244 2619 1288 navatam
2652 1234 2761 1304 64,
2788 1233 3104 1294 Caddusiis,
3162 1247 3287 1284 cum
3323 1246 3420 1283 eos

1846 1328 1995 1381 bello
2026 1328 2316 1382 statuisset
2345 1327 2594 1381 domare.
2632 1324 2722 1378 Bis
2750 1325 2991 1377 conﬂixit
3019 1338 3145 1377 cum
3176 1324 3419 1375 Arabum

1845 1418 2111 1472 exercitu.
2141 1419 2387 1487 Cumque
2413 1435 2510 1474 eos
2534 1419 2709 1472 victos
2738 1417 2869 1471 dare
2892 1434 3000 1471 non
3037 1425 3244 1486 posset,
3272 1415 3418 1484 lega-

1846 1520 1931 1567 tos
1962 1512 2207 1573 mittens.
2256 1512 2525 1567 militibus
2562 1513 2904 1581 tributaque,
2936 1510 3081 1579 quod
3117 1510 3419 1580 quotannis

1846 1604 2169 1675 penderent,
2201 1605 2508 1673 imperatis,
2537 1620 2725 1670 pacem
2754 1620 2878 1658 cum
2898 1603 2981 1658 eis
3004 1602 3152 1658 fecit.
3186 1602 3257 1655 lia
3283 1611 3420 1654 tem-

1846 1706 2079 1768 pestate,
2115 1700 2437 1766 priusquam
2471 1698 2525 1750 in
2561 1696 2739 1751 foedus
2768 1698 3035 1760 coiretur,
3065 1696 3310 1751 Arabum
3346 1696 3423 1749 Ie-

1849 1790 1959 1858 gati
1985 1789 2051 1843 ad
2070 1788 2349 1843 Temirem
2393 1803 2701 1853 accessere,
2738 1798 3026 1858 poscentes
3051 1804 3120 1843 ne
3142 1787 3418 1857 regionem

179 1908 229 1942 τε
258 1891 420 1953 ὄντας
452 1891 548 1945 τοῦ
599 1893 913 1961 νομοθέτου.
947 1893 1045 1945 καὶ
1091 1894 1337 1963 πατέρας
1372 1887 1511 1945 εἶναι
1543 1891 1652 1943 τῶν
1685 1893 1742 1953 ἔς

1851 1882 2054 1945 herois,
2080 1881 2174 1951 qui
2193 1889 2245 1933 et
2267 1881 2367 1950 ipsi
2386 1881 2452 1934 de
2477 1896 2675 1951 genere
2703 1881 3039 1951 legislatoris
3068 1887 3278 1947 essent,
3330 1896 3423 1931 va-

181 1984 333 2053 τήνδε
366 1984 459 2036 τοῦ
508 1985 685 2056 ἥρωος
734 1986 1033 2040 τελούντων
1088 1986 1407 2057 θρησκείαν.
1442 1985 1742 2052 Νομίζεται

178 2078 230 2129 δὲ
271 2078 433 2132 τοῦτο
470 2080 540 2132 τὸ
592 2081 747 2148 γένος
800 2082 995 2151 εὐαγές
1054 2100 1113 2135 τε
1160 2084 1251 2136 καὶ
1307 2080 1484 2146 ἆγιον,
1539 2078 1620 2133 δτι
1681 2095 1741 2132 τε

178 2173 448 2241 προῆλθεν
494 2175 558 2227 ὲκ
600 2176 697 2242 τῆς
731 2175 916 2244 χώρας
966 2175 1149 2229 αὐτῶν
1183 2176 1481 2244 Μεχμέτης
1520 2177 1548 2227 ὁ
1576 2192 1741 2243 νομο-

177 2264 361 2330 θέτης,
391 2264 488 2316 καὶ
546 2266 644 2317 σὺν
695 2265 772 2333 τῷ
806 2266 1045 2338 Ὀμούρῃ
1094 2267 1191 2337 τὴν
1242 2264 1565 2335 νομοθεσίαν
1592 2266 1744 2331 δεξα-

177 2359 351 2425 μένῳ,
387 2361 478 2410 ἐπὶ
522 2361 621 2428 τὴν
674 2361 773 2429 τῆς
807 2360 995 2421 Ἀσίας
1040 2360 1213 2429 ἀρχὴν
1275 2356 1741 2429 προεληλύθεσαν,

177 2456 393 2523 μεγάλα
449 2455 864 2520 ἀποδειξάμενοι
903 2456 1065 2525 ἔργα.
1111 2456 1170 2507 ὐ
1212 2455 1397 2523 μέντοι
1444 2456 1745 2524 νομοθέτης

178 2549 381 2601 τούτων
415 2551 443 2601 ὁ
476 2541 768 2618 Μεχμέτὴς
819 2552 949 2610 παῖς
992 2549 1209 2616 λέγεται
1254 2549 1507 2615 γενέσθαι
1550 2548 1746 2602 Ἀλίεω

178 2643 285 2696 απὸ
338 2642 594 2709 Ἀραΰίας
632 2645 729 2711 τῆς
774 2643 1126 2711 Εὐδαίμονος.
1173 2642 1502 2713 Ἐκθέμενον
1546 2643 1603 2695 δὲ
1647 2641 1744 2712 τὴν

179 2736 505 2803 νομοθεσίαν
540 2737 727 2802 αὑτοῦ,
758 2738 935 2808 ἀρχὴν
968 2738 1067 2804 μέν
1111 2755 1193 2790 τοι
1238 2738 1405 2807 μηδὲν
1439 2736 1743 2807 βιάζεσθαι,

177 2829 549 2882 ἀναπείθοντα
588 2847 646 2880 τε
698 2833 824 2893 τοὺς
877 2832 1144 2900 Ἀμαδας,
1190 2832 1283 2884 καὶ
1337 2831 1543 2900 Σύρους
1608 2831 1749 2901 μετὰ

178 2921 385 2975 ταῦτα·
428 2924 566 2992 μετά
606 2925 662 2976 δὲ
696 2924 865 2977 ταῦτα
914 2924 1359 2993 προσλαϐόμενον
1409 2923 1504 2976 τοῦ
1553 2924 1748 2977 Ἀλίεω

177 3013 448 3067 δυνάστου
480 3034 539 3067 τε
583 3020 680 3084 τῆς
726 3014 933 3085 χώρας,
962 3016 1056 3068 καὶ
1102 3015 1415 3071 ἐπιτηδείου
1472 3014 1645 3085 αὐτῷ,
1675 3015 1751 3077 ὡς

185 3108 426 3174 μάλιστα
485 3110 727 3173 ἐπιόντα,
760 3108 1130 3179 προσάγεσθαι
1164 3109 1312 3177 αύτῷ
1356 3112 1413 3172 ὲς
1455 3109 1555 3179 τὴν
1593 3126 1749 3177 νομο-

1853 1982 2002 2028 stare
2034 1984 2346 2043 pergerent.
2370 1972 2511 2029 Huic
2527 1975 2765 2029 orationi
2786 1973 3140 2043 adjiciebant,
3168 1984 3229 2028 ut
3253 1972 3422 2027 velint

1845 2083 1969 2124 esse
1994 2078 2174 2136 patres
2206 2084 2397 2124 eorum
2427 2070 2518 2140 qui
2554 2070 2737 2123 herois
2767 2069 3090 2139 religionem
3113 2077 3419 2123 sectentur.

1846 2160 1991 2217 Gens
2026 2162 2116 2215 illa
2140 2178 2244 2216 uou
2272 2161 2526 2231 profana,
2568 2176 2759 2215 verum
2796 2177 2951 2216 sacra
2970 2171 3275 2229 sanctaque
3298 2178 3421 2215 cre-

1847 2257 2010 2320 ditur,
2044 2254 2171 2325 quia
2202 2257 2373 2311 edidit
2405 2256 2762 2312 Mechmetem
2802 2256 3196 2325 legislatorem.
3231 2255 3424 2319 Aiunt,

1847 2350 2210 2422 legislatorem
2245 2349 2606 2407 Mechmetem
2637 2351 2809 2406 fuisse
2838 2351 3008 2404 tilium
3052 2350 3248 2414 Haliis,
3289 2350 3427 2403 Ara-

1847 2444 1995 2497 biam
2043 2441 2281 2498 Felicem
2334 2446 2653 2499 incolcntis.
2701 2444 2865 2499 Initio
2918 2443 3277 2512 legislatiouis
3312 2458 3425 2497 sui:

1848 2537 1983 2593 nihil
2018 2538 2066 2591 vi
2099 2538 2226 2606 egit,
2247 2537 2341 2592 sed
2368 2538 2729 2607 persuasione
2755 2539 2988 2605 primum
3013 2538 3243 2599 Arabes,
3269 2535 3427 2590 dein-

1849 2632 1918 2688 de
1974 2631 2139 2704 Syros
2178 2633 2340 2701 cepit.
2390 2630 2583 2687 Postea
2616 2632 2668 2686 in
2726 2648 2879 2685 suam
2941 2632 3273 2686 sententiam
3313 2640 3425 2683 tra-

1849 2726 2005 2781 duxit
2050 2725 2259 2780 Haliem
2294 2725 2535 2795 regionis
2568 2724 3105 2786 administratorem,
3147 2723 3238 2791 qui
3294 2739 3420 2776 cum

1850 2819 1953 2889 ipsi
1986 2820 2126 2873 foret
2174 2818 2361 2873 intima
2419 2817 2793 2873 familiaritate
2849 2817 3205 2887 coniunctus.
3262 2817 3426 2870 facile

1851 2927 2042 2967 omnes
2069 2922 2225 2967 terra:
2251 2926 2363 2966 suae
2419 2911 2629 2964 incolas
2682 2908 3001 2963 Mechmetis
3061 2909 3206 2977 leges
3248 2910 3427 2963 susci-

1854 3021 1982 3075 pere
2016 3006 2212 3075 coegit.
2268 3004 2441 3074 Leges
2500 3004 2643 3057 enim
2695 3003 2815 3056 istae
2869 3001 3003 3055 nihil
3060 3002 3206 3055 aliud
3261 3016 3425 3070 quam

1855 3099 2117 3169 quietem,
2134 3111 2185 3153 et
2204 3097 2455 3152 Numinis
2476 3095 2769 3168 quemdam
2794 3094 3056 3157 furorem,
3082 3102 3429 3163 perpetuam-

180 3204 396 3263 Οεσέαν,
426 3203 548 3253 ὅποι
601 3204 665 3255 ἂν
722 3204 848 3271 ἐπίῃ
906 3205 1032 3263 τοὺς
1077 3204 1177 3273 τὴν
1220 3204 1405 3273 χώραν
1443 3203 1748 3266 οἰκοῦντας,

1858 3210 1965 3262 que
1998 3180 2808 3247 meditationemcontinebant.
2858 3188 2992 3242 Nam
3042 3189 3186 3243 inter
3227 3198 3425 3242 caetera

182 3292 327 3343 ἀνίει
361 3310 418 3343 τε
472 3294 570 3358 τὴν
621 3293 961 3361 νομοθεσίαν,
997 3293 1050 3355 ἐς
1101 3312 1160 3347 τε
1210 3296 1309 3364 τὴν
1342 3294 1628 3366 ῥᾳστώνην
1657 3295 1752 3347 καὶ

183 3382 286 3443 τὴν
319 3382 414 3433 τοῦ
448 3382 607 3435 Θείου
656 3384 913 3455 βακχείαν
966 3388 1170 3457 μέντοι,
1202 3392 1395 3457 συνεχῆ
1426 3389 1482 3439 δὲ
1530 3390 1604 3451 ὡς
1655 3389 1756 3457 μά-

182 3477 346 3527 λιίτα
384 3476 637 3546 μελέτην.
671 3478 972 3545 Νομίζεται
1006 3484 1113 3550 γὰρ
1149 3481 1300 3551 αύτῷ
1350 3484 1611 3552 τετράκις
1653 3486 1755 3555 τῆς

179 3569 405 3638 ἡμέρας
451 3571 847 3639 προσεύχεσθαι
892 3574 969 3641 τῷ
1005 3575 1145 3643 Θεῷ,
1182 3575 1274 3628 ὑπ’
1296 3576 1513 3637 οὐδενὸς
1544 3576 1753 3629 κωλυό-

186 3679 357 3725 μενον
396 3663 476 3724 εἰς
501 3662 679 3726 τοῦτο,
706 3665 843 3718 ὥστε
874 3668 947 3736 μὴ
989 3669 1420 3737 προσεύξασθαι.
1459 3670 1538 3739 Τῇ
1572 3672 1627 3722 δὲ
1655 3670 1754 3737 τῆς

196 3753 526 3823 Ἀσροδίτης
565 3756 748 3825 ἡμέρα
788 3760 941 3827 κοινῇ
968 3775 1026 3809 τε
1061 3758 1305 3821 ἅπαντας
1335 3761 1387 3821 ἐς
1418 3760 1545 3820 τοὺς
1597 3759 1756 3820 ναοὺς

187 3846 374 3906 ἰίντας
430 3847 854 3916 προσεύχεσθαι.
914 3850 1217 3918 Νομίζεται
1262 3851 1573 3921 μηδοτιοῦν,
1617 3854 1756 3921 μήτε

183 3936 435 4004 ἄγαλμα,
480 3940 616 4008 μήτε
652 3942 779 3993 ἄλλο
814 3960 867 3994 τι
901 3942 1009 3994 τῶν
1052 3946 1479 4013 γεγραμμένων,
1514 3945 1756 4013 προσλα-

186 4032 426 4100 ϐόμενον
485 4033 666 4099 σφίσιν
710 4038 765 4096 ἐς
809 4036 907 4103 τὴν
970 4036 1276 4105 προσευχὴν
1319 4038 1376 4090 ἐν
1426 4041 1537 4097 τοῖς
1587 4041 1756 4099 ναοῖς.

204 4126 400 4192 ἰερεῖς
432 4143 490 4176 τε
529 4128 709 4191 σφίσιν
736 4128 1124 4190 καθιστῶντες,
1156 4129 1295 4180 ὥστε
1328 4130 1431 4197 πρὸ
1465 4130 1559 4183 τοῦ
1603 4132 1758 4193 ναοῦ,

189 4220 245 4278 ἐς
283 4220 577 4285 περιωπήν
602 4236 724 4271 τινα
752 4220 960 4290 πύργον
986 4224 1355 4290 πεποιημένον
1379 4224 1759 4288 ἀναϐαίνοντα,

190 4309 599 4377 προσεύχεσθαι
639 4310 713 4379 τῷ
746 4311 866 4382 Θεῷ
918 4314 1130 4383 μεγάλῃ
1166 4317 1340 4383 φωνῇ,
1383 4317 1477 4368 καὶ
1522 4317 1613 4368 ἀεὶ
1662 4317 1761 4379 τὰς

190 4402 562 4469 νομιζομένας
602 4404 769 4473 εὐχὰς
821 4408 1090 4459 ποιεῖσθαι
1152 4409 1461 4477 κεκραγότα
1523 4412 1765 4476 γεγωνό-

189 4512 375 4562 τερον.
424 4496 509 4556 Ἐς
542 4497 639 4565 μὲν
683 4494 774 4551 οὖν
806 4498 903 4567 τὴν
935 4501 1244 4571 προσευχὴν
1292 4502 1477 4568 αὐτοῦ’
1520 4503 1674 4570 γένος
1707 4502 1762 4554 δὲ

191 4588 353 4637 τοῦτο
391 4586 553 4655 ἴσμεν
583 4591 637 4651 ἐς
666 4590 732 4641 τὰ
764 4586 1001 4656 μάλιστα
1047 4594 1421 4662 ἐντεταμένον,
1473 4596 1763 4663 μηδοτιοῦν

187 4678 404 4728 ἀνιέναι
448 4680 945 4749 προσδεχομένους·
982 4684 1038 4745 ὲς
1081 4682 1135 4735 δὲ
1178 4684 1245 4737 τὰ
1275 4684 1431 4750 ἄλλα,
1480 4688 1549 4739 τά
1600 4705 1657 4739 τε
1707 4690 1764 4748 ἐς

188 4771 427 4835 δίαιταν,
461 4774 551 4823 καὶ
593 4775 649 4836 ἐς
688 4776 779 4827 τὸν
812 4776 926 4844 βίον
970 4777 1177 4839 αὐτοῖς.
1220 4777 1343 4831 οὔτε
1385 4782 1762 4847 κεκολασμένα

192 4864 516 4931 κομίζεται·
545 4865 686 4918 ὥστε
737 4869 811 4937 μὴ
839 4872 894 4930 ἐς
941 4870 1002 4921 τὸ
1034 4870 1128 4923 τοῦ
1160 4872 1277 4941 βὲου
1324 4873 1421 4941 ἡδὺ
1481 4874 1762 4925 πολιτεύε-

194 4956 345 5019 σθαι,
382 4955 523 5009 οὕτω
571 4960 669 5030 τὴν
704 4961 865 5027 φύσιν
905 4964 1129 5033 μηδαμῆ
1177 4962 1443 5033 βιάζεται.
1491 4966 1759 5027 Γυναῖκας

197 5049 296 5114 μὲν
332 5050 442 5118 γὰρ
475 5050 722 5116 ἄγεσθαι,
754 5055 1090 5117 παλλακίδας
1116 5058 1296 5124 μέντοι
1337 5059 1443 5111 ἀπὸ
1486 5059 1763 5125 ἀνδραπό-

194 5140 324 5203 δων,
346 5144 479 5201 ὅσας
502 5142 567 5195 ἂν
597 5145 823 5209 ἕκαστος
855 5147 965 5209 οἷός
989 5166 1050 5200 τε
1081 5150 1166 5217 εἴη
1194 5152 1400 5219 τροφὴν
1429 5150 1765 5220 παρέχεσθαι

202 5234 257 5292 ἐς
290 5236 383 5282 τῖν
414 5234 526 5297 βίον
551 5251 565 5264 ·
615 5243 882 5302 γυναῖκας
914 5242 969 5292 δὲ
1006 5242 1283 5310 κουριδίας
1312 5242 1543 5309 ἄγεσθαι
1583 5244 1640 5301 ἐς
1666 5241 1768 5303 τὰς

206 5326 389 5376 πέντε.
427 5330 533 5379 Καὶ
586 5331 709 5393 τούς
738 5349 793 5382 τε
837 5333 945 5383 ἀπὸ
984 5333 1332 5402 ἀνδραπόδων
1381 5335 1577 5396 παῖδας
1621 5334 1770 5401 νομί-

199 5418 393 5481 ζεσθαι
448 5422 633 5488 σφίσιν
675 5424 733 5477 οὐ
773 5425 978 5488 νόθους.
1028 5428 1123 5479 Ἀν
1162 5426 1218 5479 δὲ
1266 5426 1374 5479 ἀπὸ
1429 5426 1772 5478 παλλακίδων

200 5512 505 5580 ἐλευθέρων
556 5516 819 5580 γένωνται
863 5520 1016 5585 σφίσι
1060 5520 1267 5583 παῖδες,
1301 5519 1442 5571 νόθοι
1486 5536 1543 5569 τε
1591 5519 1771 5578 αὐτοῖς

199 5606 541 5673 νομίζονται,
578 5611 667 5660 καὶ
693 5612 790 5663 οὒκ
818 5614 895 5674 εἰς
923 5614 1022 5680 τὴν
1076 5612 1336 5683 πατρῴαν
1369 5613 1557 5665 οὐσίαν
1593 5612 1775 5679 εἰσέρ-

1860 3287 1942 3340 lex
1972 3294 2055 3339 est
2086 3296 2143 3338 ut
2170 3297 2365 3355 quater
2420 3284 2619 3337 diurno
2674 3293 2922 3351 tempore
2950 3284 3121 3336 Deum
3169 3283 3422 3346 adorent,

1861 3393 1961 3430 nec
1999 3378 2182 3431 sinaut
2214 3416 2230 3440 .
2268 3392 2611 3445 quzecunquc
2645 3387 2823 3430 tamen
2861 3376 3182 3439 inciderint,
3220 3375 3290 3429 ab
3320 3375 3427 3428 ieta

1859 3471 1975 3539 lege
2005 3487 2063 3525 se
2102 3470 2341 3524 avocari.
2383 3466 2609 3523 Veneris
2634 3468 2721 3522 die
2763 3484 2957 3523 omnes
2987 3483 3093 3523 uno
3153 3482 3427 3521 consensu

1860 3566 2168 3631 frequentes
2188 3562 2240 3614 in
2262 3564 2460 3630 templa
2482 3563 3149 3624 commeant,orationibus
3202 3576 3426 3630 operam

1861 3659 2072 3710 dantes.
2110 3656 2307 3723 Legem
2338 3656 2558 3717 habent,
2592 3671 2712 3724 qua:
2744 3657 2930 3718 edicit,
2965 3665 3024 3708 ut
3047 3656 3251 3708 nullam
3298 3656 3429 3707 ima-

1860 3751 2064 3816 ginem,
2100 3765 2279 3817 neque
2308 3750 2465 3802 aliam
2501 3748 2845 3817 picturamin
2880 3748 3083 3816 templa
3114 3746 3427 3809 admittant,

1864 3846 2231 3914 precationem
2273 3847 2338 3898 ad
2373 3845 2541 3897 Deum
2566 3846 3031 3897 transniittcntes.
3072 3843 3290 3909 Eliguut
3343 3857 3428 3893 sa-

1861 3939 2136 4003 cerdotes,
2165 3944 2231 3993 de
2260 3954 2492 4007 quorum
2528 3952 2691 4005 grege
2721 3954 2867 3990 unus
2894 3946 3049 3990 extra
3084 3938 3338 4003 templum
3376 3941 3427 3987 in

1864 4032 2027 4083 turris
2052 4031 2400 4098 pinuaculum
2421 4029 2488 4082 ad
2514 4029 2562 4081 id
2588 4038 2963 4096 comparatum
2988 4029 3260 4091 ascendit,
3285 4042 3430 4095 mag-

1862 4139 2040 4191 naque
2075 4138 2203 4175 voce
2237 4121 2404 4175 Demn
2440 4122 2653 4192 adorat.
2685 4119 2882 4175 Preces
2913 4120 3187 4173 solemnes
3218 4135 3432 4187 semper

1864 4214 2067 4282 majore
2100 4229 2229 4267 voce
2248 4229 2504 4283 peragere
2528 4215 2731 4267 solt-nt.
2754 4215 2867 4267 Hoc
2888 4214 3046 4267 modo
3062 4212 3224 4265 Turci
3246 4228 3433 4278 preces

1864 4324 1992 4360 suas
2022 4307 2433 4371 concelebrant,
2495 4317 2659 4370 atque
2692 4316 2840 4359 tanta
2872 4314 3103 4359 utuntur
3154 4304 3435 4374 diligentia

1866 4400 1920 4452 iu
1954 4399 2021 4451 iis
2054 4397 2421 4464 perficiendis,
2456 4406 2515 4449 ut
2540 4397 2759 4450 interim
2803 4397 2943 4450 nihil
2979 4396 3063 4448 vel
3097 4395 3318 4458 laboris,
3352 4397 3437 4449 vel

1868 4492 2093 4545 alterius
2126 4492 2201 4545 rei
2258 4491 2584 4558 suscipiant,
2631 4507 2741 4558 quo
2767 4494 2949 4545 minus
2978 4492 3111 4560 ipsa:
3144 4493 3441 4544 interrum-

1868 4583 2380 4654 pantur.Quantum
2417 4584 2483 4636 ad
2503 4593 2723 4644 caetera,
2758 4584 3007 4638 videlicet
3046 4584 3111 4638 ad
3149 4584 3326 4637 victus
3356 4600 3441 4636 ra-

1865 4680 2067 4731 tionem
2131 4686 2185 4730 et
2215 4678 2281 4728 ad
2316 4676 2583 4743 reliquum
2610 4677 2733 4728 vitae
2787 4677 3006 4728 modum
3056 4676 3276 4739 attinet,
3308 4690 3443 4729 con-

1860 4778 1971 4824 stat
2014 4784 2110 4822 eos
2138 4768 2303 4822 nullis
2334 4768 2568 4821 inhiberi
2605 4769 2781 4835 poenis
2814 4786 2828 4821 :
2864 4769 3002 4821 adeo
3029 4769 3301 4832 feruntur,
3335 4785 3444 4838 quo

1862 4864 2046 4916 minus
2071 4861 2434 4929 voluptariam
2454 4871 2739 4915 sectentur
2767 4861 2952 4924 vitam,
2980 4861 3281 4916 affectibus
3306 4877 3445 4913 nun-

1858 4972 2021 5023 quam
2043 4970 2148 5007 non
2170 4954 2637 5020 obtemperantes.
2682 4953 2888 5007 Uxores
2914 4937 3304 5012 enim'duCunt,
3331 4955 3447 5021 pel'

1868 5049 2107 5117 licesque
2124 5062 2187 5099 ex
2211 5047 2611 5111 mancipiorum
2636 5060 2798 5113 grege
2825 5061 3052 5098 numero
3083 5054 3162 5098 tot
3185 5045 3442 5113 diligunt,

1870 5139 2379 5210 quotquotquilibet
2408 5139 2552 5192 alere
2586 5147 2796 5204 potest:
2832 5154 3030 5191 utores
3072 5148 3254 5191 autem
3284 5139 3446 5203 virgi-

1876 5252 1973 5288 nes
1996 5235 2272 5302 accipiunt
2320 5232 2537 5285 nemine
2584 5233 2930 5300 prohibente,
2967 5232 3143 5284 donec
3202 5232 3446 5300 quinque

1872 5329 1969 5380 sibi
1995 5328 2394 5395 copulaverint.
2441 5326 2667 5378 Liberos
2704 5341 2771 5377 ex
2828 5325 3155 5377 mulieribus
3214 5324 3448 5391 captivis

1880 5430 2036 5474 natos
2104 5436 2212 5473 non
2305 5418 2615 5487 spuriorum
2722 5432 2951 5469 llllliiCl'O
3045 5417 3266 5470 habent.
3348 5415 3443 5467 Sin

1880 5524 2154 5568 antemex
2243 5514 2527 5582 pollicibus
2585 5514 2788 5565 liberos
2848 5511 3049 5571 ferant.
3102 5526 3198 5564 eos
3228 5509 3446 5577 spurius

1878 5606 1986 5677 65
2024 5617 2288 5671 censent,
2324 5620 2422 5660 nec
2484 5615 2722 5674 paterna:
2772 5602 3104 5657 liu'rcditatis
3161 5600 3450 5669 participes

1479 5747 1723 5808 Nolttlu.‘
1759 5745 2169 5821 marginales.

272 5862 313 5892 "
340 5861 579 5917 Lacuna.
