4202 6430
204 415 299 477 137

1280 412 1380 474 DE
1411 410 1669 474 REBUS
1698 413 2063 476 TURCICIS
2096 416 2243 479 LIB.
2290 416 2408 478 III.

3355 401 3458 468 138

194 548 284 583 ται
322 529 539 596 Βοέμοι,
587 530 649 596 τῇ
682 544 741 580 τε
781 526 1065 597 Σαμωτῶν
1098 524 1224 597 δόξῃ
1256 525 1553 595 τιθέμενοι,
1589 524 1683 577 καὶ
1716 525 1779 593 τῇ

1883 527 1921 579 si
1957 525 2153 579 vetusti
2198 533 2466 586 tenuere;
2524 517 2745 575 eosdem
2778 527 2831 573 et
2871 515 3115 572 moribus
3146 531 3454 587 repraesen-

194 625 304 675 τῶν
348 620 651 690 Τερμανῶν
698 621 852 673 οίι⁶ὲν
884 621 949 689 τῇ
1006 616 1161 689 χώρα
1192 616 1369 687 ταύτῃ
1413 615 1773 679 ἐνοικοῦντες,

194 720 363 787 σκευῇ
403 719 467 787 τῇ
514 717 622 769 τῶν
663 716 912 769 Παιόνων
945 713 1307 784 παραπλησία
1354 713 1774 782 ἐσκευασμένοι.

197 813 421 864 Ἐνεστι
470 810 526 863 δὲ
559 809 746 873 αὐτοῖς
798 807 1157 879 μητρόπολις,
1198 807 1357 866 πόλις
1406 805 1682 873 εὐδαίμων
1720 823 1775 857 τε

194 908 288 958 καὶ
321 904 749 972 πολυάνθρωπος
783 901 995 972 Βράγα,
1046 901 1246 953 οὑτωσὶ
1291 899 1625 968 καλουμένη.
1672 899 1779 950 Καὶ

193 997 382 1049 πολλοὶ
427 996 525 1064 τῆς
573 994 779 1057 πόλεως
832 992 1054 1062 ταύτης,
1091 992 1150 1045 οὗ
1211 990 1377 1053 πολὺς
1407 992 1618 1058 χρόνος,
1656 989 1780 1040 ἐπεὶ

190 1088 505 1141 ἐπαύσαντο
527 1086 605 1156 τῷ
632 1088 769 1156 πυρὶ
794 1088 896 1139 ικαὶ
923 1086 1001 1155 τῷ
1028 1086 1167 1155 ἡλίῳ
1199 1084 1551 1154 Ορησκεύειν.
1599 1082 1778 1137 Μόνον

188 1183 246 1235 δὲ
296 1181 450 1243 ἔθνος
479 1180 638 1233 τοῦτο
668 1179 777 1232 τῶν
809 1181 867 1231 ὲν
892 1182 959 1249 τῇ
996 1177 1239 1250 Εὐρώπῃ
1273 1178 1431 1239 ἐκτὸς
1482 1179 1779 1246 γενόμενον

188 1274 313 1333 ταῖς
339 1270 716 1340 ὲγνωσμέναις
754 1270 888 1337 ἡμῖν
932 1271 989 1322 ὲν
1039 1266 1115 1337 τῷ
1150 1267 1380 1337 παρόντι
1432 1266 1774 1336 θρησκείαις,

168 1357 291 1434 ’τῆς
320 1381 379 1417 τε
407 1364 499 1417 τοῦ
543 1361 718 1434 Ἰησοῦ
749 1380 917 1431 φημι,
956 1362 1051 1414 καὶ
1075 1361 1174 1430 τῆς
1203 1360 1298 1413 τοῦ
1326 1360 1650 1429 Μεχμὲτεω,
1684 1360 1778 1412 καὶ

189 1460 457 1519 Μωσέως.
488 1457 707 1518 Ταύτας
740 1456 849 1525 γάρ
873 1473 972 1508 οτοι
1004 1455 1191 1525 σχεδόν
1227 1473 1279 1507 τι
1327 1455 1487 1522 ἴσμεν
1522 1455 1774 1507 διακατέ-

188 1569 309 1622 χειν
343 1552 443 1620 τήν
473 1568 533 1603 τε
579 1550 980 1620 ἀγνωμοσύνην
1013 1549 1088 1611 ὡς
1121 1549 1188 1603 τὰ
1220 1548 1393 1601 πολλὰ
1438 1550 1572 1617 ἡμῖν
1600 1550 1775 1601 οἰκου-

192 1644 385 1711 μένην.
424 1643 581 1695 Ἔστι
609 1643 801 1712 μέντοι
901 1641 1268 1710 πυνθάνομαι,
1296 1641 1390 1694 καὶ
1415 1643 1479 1693 τὰ
1514 1640 1656 1711 ὑπὲρ
1678 1641 1776 1710 τὴν

190 1735 450 1787 Κασπίαν
481 1734 781 1797 Θάλασσαν,
832 1735 1079 1796 καὶτοὺς
1112 1733 1445 1801 Μασαγέτας
1477 1734 1628 1795 ἔθνος
1676 1736 1775 1786 Ἰν-

1873 619 2011 665 tant.
2075 605 2444 677 Supellectilis
2505 610 2770 672 apparatu
2832 604 3112 656 imitantur
3171 599 3448 656 Prussios.

1873 695 1945 748 lis
1979 694 2222 747 contines
2257 702 2382 745 sunt
2417 688 2629 754 Boeini,
2668 695 2961 757 sequentes
3006 686 3451 757 superstitionem

1874 779 2311 847 Samogetarum,
2362 789 2572 826 necnon
2630 771 3050 837 Germanorum,
3090 771 3181 839 qui
3230 769 3309 825 ibi
3364 782 3459 822 co-

1877 864 2014 915 lunt.
2060 860 2352 929 Snpellecti
2378 858 2427 910 is
2473 867 2730 925 apparatu
2766 854 2899 909 nihil
2944 857 3202 910 dill‘crtmt
3232 871 3265 909 a
3312 852 3455 908 Pan-

1879 947 2078 1000 noniis.
2134 944 2468 1012 Metropolim
2520 959 2581 995 t-a
2634 957 2765 1011 gens
2820 941 2981 994 habet
3037 943 3350 1009 opulentam
3407 949 3462 994 et

1880 1032 2219 1101 pOpulosant,
2263 1045 2425 1099 quam
2465 1027 2693 1093 Pragam
2736 1030 3026 1095 appellant.
3075 1026 3186 1078 Nec
3228 1025 3457 1076 multum

1884 1119 2143 1187 temporis
2176 1116 2512 1178 intercessit,
2542 1130 2607 1167 ex
2640 1128 2746 1181 quo
2773 1128 2837 1166 ea
2877 1113 3006 1166 urbs
3038 1110 3275 1166 cessavit
3308 1110 3458 1163 cole-

1884 1215 1942 1254 re
1970 1201 2148 1265 ignem
2174 1208 2228 1252 et
2256 1202 2444 1253 solem.
2479 1196 2604 1252 Sola
2636 1196 2752 1250 haec
2776 1212 2908 1263 gens
2934 1210 3124 1249 earum
3158 1208 3282 1264 qua:
3316 1194 3458 1246 intra

1884 1294 2150 1352 extraque
2216 1280 2485 1353 Europam
2541 1292 2689 1348 sunt,
2751 1294 2888 1349 quas
2952 1281 3224 1343 novimus,
3280 1278 3463 1333 adlue-

1880 1362 2227 1426 rescitJesu,
2289 1362 2453 1419 Mosis
2514 1364 2947 1437 Mechmetisque
2998 1368 3269 1436 religioni.
3327 1369 3464 1424 Nam

1878 1467 2071 1509 omnes
2095 1454 2191 1510 has
2219 1456 2922 1529 religionestﬁ'l).quamﬂs
2945 1476 3046 1514 nos
3066 1461 3119 1515 in
3143 1460 3468 1527 ignorantiae

1881 1547 2121 1601 tenebris
2146 1548 2468 1618 plerumque
2494 1566 2799 1619 versemur,
2829 1562 3048 1622 gentem
3082 1554 3242 1607 istam
3281 1563 3468 1607 tenere

1888 1652 2229 1710 compertum
2263 1643 3233 1715 est.Estquidem,quemadmodum
3270 1648 3467 1709 audin,

1882 1737 2022 1792 ultra
2042 1737 2301 1807 Caspium
2330 1741 2549 1806 mare;et
2572 1738 3082 1811 Massagetas,gens
3110 1740 3362 1811 quadam
3385 1740 3470 1796 ln-

186 1830 358 1891 δικόν,
394 1830 453 1892 ὲς
492 1828 698 1897 ταύτην
754 1827 1138 1898 τετραμμένον
1180 1828 1280 1896 τὴν
1312 1828 1612 1899 θρησκείαν
1681 1826 1774 1879 τοῦ

1883 1828 2027 1894 dica,
2058 1828 2363 1897 7ldedita
2391 1830 2660 1898 Apollinis
2691 1832 2892 1886 cultui.
2925 1832 3068 1887 Colit
3084 1842 3140 1887 et
3160 1833 3297 1888 alios
3335 1834 3469 1887 deos

200 1922 562 1985 ’Δπόλλωνος.
588 1920 816 1993 Νομίζει
847 1922 902 1976 δὲ
933 1923 1113 1975 ἐκεῖνο
1136 1923 1198 1974 τὸ
1250 1923 1407 1990 γένος
1469 1924 1563 1976 καὶ
1617 1921 1775 1983 θεοὺς

1884 1936 2016 1990 gens
2044 1922 2257 1986 cadent,
2294 1923 2549 1979 videlicet
2577 1922 2765 1979 Jovem
2805 1935 2859 1980 et
2885 1925 3184 1989 lunonem.
3222 1936 3283 1981 ut
3324 1925 3469 1980 inl'ra

186 2018 267 2069 ἔτι
297 2015 518 2081 ἄλλους,
548 2017 646 2069 Δία
678 2033 737 2069 τε
772 2017 867 2070 καὶ
898 2016 1101 2085 Ἥραν,
1139 2017 1214 2078 ὼς
1271 2015 1516 2086 προῖόντι
1588 2014 1776 2084 πρόσω

1886 2015 2063 2070 fusius
2090 2014 2323 2079 dicetur.
2357 2018 2482 2073 ll.cc
2514 2018 2735 2088 quidem
2763 2020 3055 2077 hactenus.
3096 2020 3286 2077 Puloni
3332 2036 3470 2076 con-

185 2110 280 2162 τοῦ
317 2109 482 2177 λόγου,
508 2108 907 2179 δηλωθήσεται.
937 2109 1043 2161 Καὶ
1071 2110 1201 2178 περ),
1237 2109 1337 2179 μὲν
1377 2107 1584 2160 τούτων
1643 2108 1774 2159 ταύ-

185 2220 252 2272 τῃ
279 2204 372 2255 ἐπὶ
404 2202 659 2255 τοσοῦτον
686 2202 949 2272 εἰρήσθω.
987 2202 1216 2255 Πολάνοι
1273 2202 1331 2253 δὲ
1380 2202 1596 2271 ἔχονται
1642 2201 1779 2269 Σαρ-

190 2298 405 2366 μάτων,
433 2298 530 2350 καὶ
560 2299 627 2367 τῇ
661 2299 813 2365 φωνῇ
846 2295 1051 2349 τούτων
1111 2294 1423 2365 νομίζουσι,
1479 2295 1573 2347 καὶ
1617 2292 1778 2364 ἧθεσι

184 2389 241 2439 δὲ
268 2386 364 2439 καὶ
394 2386 577 2456 διαίτῃ
600 2389 666 2457 τῇ
715 2386 1009 2456 Ῥωμαίων
1060 2386 1448 2457 παραπλησίᾳ.
1519 2384 1780 2438 Πολὰνων

184 2478 242 2530 δὲ
285 2478 503 2547 ἔχονται
534 2478 844 2540 Λιτουάνοι,
877 2478 970 2530 ἐπὶ
1011 2477 1269 2541 Εῠξεινον
1305 2478 1523 2542 πόντον,
1558 2478 1653 2531 καὶ
1688 2477 1781 2529 ἐπὶ

186 2570 508 2639 Σαρματίαν
536 2569 902 2638 καθήκοντες.
931 2570 1041 2623 Καὶ
1104 2562 1251 2623 οὗτοι
1310 2572 1412 2640 μὲν
1466 2572 1497 2639 ὴ
1552 2571 1780 2640 μέλαινα

187 2663 493 2730 Πογδανία,
530 2664 564 2732 ὴ
593 2665 649 2716 ὲν
676 2666 740 2733 τῇ
776 2663 1196 2735 Λευκοπολίχνῃ
1226 2663 1540 2736 καλουμένῃ
1570 2664 1636 2717 τὰ
1688 2665 1779 2734 βα-

185 2758 371 2809 σίλεια
402 2756 622 2825 ἔχουσα,
656 2756 765 2809 ἀπὸ
791 2756 985 2811 Δακῶν
1018 2756 1129 2810 τῶν
1182 2758 1332 2824 παρὰ
1390 2758 1482 2811 τὸν
1542 2759 1779 2828 Ἴστρον,

194 2853 296 2903 ἐπὶ
331 2851 641 2904 Λιτουάνων
668 2852 759 2903 καὶ
790 2850 1085 2921 Σαρμάταις
1114 2851 1313 2921 διήκει.
1361 2852 1521 2914 Γένος
1555 2852 1613 2905 δέ
1664 2854 1780 2905 ἐστι

182 2941 350 2995 τοῦτο
379 2943 624 3012 δόκιμον,
656 2937 690 3016 ᾖ
728 2944 794 2997 ἄν
819 2960 902 3006 τις
932 2942 1313 3013 τεκμαίροιτο,
1368 2944 1469 3014 τήν
1504 2960 1562 2996 τε
1591 2944 1780 3015 φωνὴν

182 3037 287 3106 τὴν
310 3034 878 3105 αὖτὴνίέμενον,καὶ
936 3034 1046 3087 ἀπὸ
1105 3034 1337 3088 παλαιοῦ
1399 3037 1780 3106 διεσχισμὲνον

183 3128 312 3198 διχῆ
345 3128 406 3181 τὸ
435 3128 611 3194 γένος,
634 3129 689 3190 ἐς
724 3127 1046 3197 τυραννίδας
1083 3129 1174 3180 κα)⁵
1208 3128 1509 3198 ἡγεμονίας
1536 3127 1629 3181 δύο
1649 3145 1781 3182 κατ-

182 3221 343 3291 έστη.
368 3219 696 3281 Λιτουὰνους
733 3220 791 3272 δὲ
816 3218 943 3272 οὔτε
991 3220 1311 3290 Σαρμάταις
1341 3221 1477 3273 είσὶν
1501 3220 1779 3291 ὁμόγλωτ-

180 3330 291 3375 τοι,
315 3311 442 3365 οὔτε
472 3311 718 3375 Παίοσιν,
752 3310 876 3365 οὕτε
914 3310 1019 3382 μὴν
1053 3313 1378 3383 Γερμανοῖς,
1410 3313 1471 3365 οὐ
1521 3313 1627 3383 μὴν
1653 3312 1777 3367 οὐδὲ
1806 3292 1847 3349 c

180 3406 374 3472 Δαεὶν.
414 3404 542 3474 Ἰδίᾳ
563 3404 619 3458 δὲ
653 3403 714 3456 τὸ
742 3404 1010 3472 παράπαν
1060 3404 1339 3475 νομίζουσι
1388 3407 1566 3475 φωνῇ.
1618 3406 1776 3459 Ἔστι

180 3499 243 3552 δὲ
270 3498 459 3559 αὐτοῖς
486 3496 731 3567 βασίλεια
760 3495 916 3559 πόλις
969 3497 1184 3565 μεγάλη
1207 3514 1267 3550 τε
1303 3499 1395 3550 καὶ
1425 3498 1779 3569 πολυάνθρω-

184 3608 291 3653 πος
324 3590 424 3642 καὶ
455 3589 749 3661 εὐδαίμων.
789 3590 902 3644 Καὶ
932 3589 1086 3644 δοκεῖ
1117 3588 1276 3643 τοῦτο
1304 3591 1364 3643 τὸ
1418 3592 1577 3658 γένος
1638 3590 1776 3645 εἷναί

184 3701 247 3736 τε
281 3683 429 3753 μέγα
452 3682 563 3736 τῶν
587 3684 729 3752 ἀμφὶ
751 3683 912 3751 τήνδε
951 3682 1049 3755 τὴν
1079 3682 1265 3754 χώραν
1315 3684 1485 3738 ἐθνῶν
1538 3686 1631 3739 καὶ
1687 3686 1780 3739 ἀν·

183 3777 507 3847 δρειότατον
536 3788 551 3804 ⁸
587 3774 685 3828 καὶ
719 3775 856 3844 πρός
887 3791 947 3827 τε
982 3775 1109 3838 τοὺς
1142 3776 1467 3845 Προυςίους,
1502 3779 1595 3829 καὶ
1645 3777 1684 3829 Γ
1688 3794 1779 3847 ερ-

188 3867 545 3937 μανοὺς,καὶ
575 3865 854 3927 Πολάνους
902 3865 1291 3935 διαπολεμοῦν,
1351 3867 1479 3935 περί
1532 3884 1589 3919 τε
1636 3868 1778 3936 ὅρων

182 3958 300 4011 τῶν
330 3959 387 4018 ἐς
440 3957 538 4027 τὴν
568 3959 773 4027 χώραν.
825 3957 985 4011 Ἔστι
1041 3958 1097 4010 δὲ
1155 3958 1248 4010 καὶ
1308 3958 1464 4010 τοῦτο
1510 3959 1571 4010 τὸ
1625 3958 1778 4026 γένος

186 4050 335 4117 πρὸς
358 4048 426 4101 τὰ
453 4048 561 4101 τῶν
597 4046 885 4119 Ῥωμαίων
925 4048 1022 4117 ἔθη
1063 4050 1157 4102 καὶ
1188 4048 1398 4101 δίαιταν
1461 4053 1777 4120 τετραμμέ-

184 4160 300 4195 νον.
332 4144 509 4210 Σκευῇ
539 4142 594 4194 δὲ
623 4144 687 4211 τῇ
715 4142 1020 4212 Σαρμὰτων
1052 4143 1410 4212 παραπλησία
1436 4147 1777 4213 χρωμένους,

184 4240 285 4290 καὶ
318 4238 386 4305 τῇ
422 4235 652 4303 μελαίνῃ
689 4235 963 4305 Πογδανίᾳ
1016 4236 1217 4305 ὅμορος
1274 4237 1344 4288 τὰ
1402 4236 1572 4288 πολλὰ
1622 4233 1777 4303 οὖσα,

184 4331 329 4399 πρὸς
359 4328 582 4389 τούτους
616 4329 969 4394 ἀγωνίζεται.
1001 4328 1289 4395 Σαρμάται
1344 4329 1400 4380 δὲ
1452 4332 1601 4400 φωνῇ
1657 4332 1779 4382 δια-

184 4421 429 4491 χρῶνται
455 4420 812 4489 παραπλησίᾳ
831 4422 897 4488 τῇ
940 4418 1236 4488 Ἰλλυριῶν,
1263 4418 1371 4472 τῶν
1389 4422 1447 4482 ις
1471 4421 1560 4472 τὸν
1596 4421 1780 4472 Ἰόνιον

184 4511 609 4584 παροικούντων
636 4512 691 4573 ἐς
727 4514 853 4572 τοὺς
886 4510 1161 4574 Ἐνετούς.
1206 4510 1497 4581 Ὀπότεροι
1524 4514 1622 4580 μὲν
1656 4514 1777 4565 τοὺ-

180 4625 295 4660 των
322 4604 700 4674 παλαιότεροι,
726 4603 949 4673 καὶετὴν
998 4604 1202 4672 ἑτέρων
1259 4604 1511 4673 ὁπότεροι
1572 4605 1779 4658 τούτων
1813 4633 1854 4689 D

181 4702 377 4769 χώραν
416 4696 849 4765 ὲπινέμονται,ἢ
894 4696 1168 4763 Ἰλλυριοὶ,
1220 4697 1483 4749 ἐπέκεινα
1526 4698 1624 4765 τῆς
1671 4698 1773 4751 Εὑ-

185 4792 384 4863 ρώπης
413 4789 719 4851 διαϐάντες,
753 4789 1023 4842 Πολανίαν
1045 4805 1106 4841 τε
1141 4791 1233 4843 καὶ
1264 4790 1586 4860 Σαρματίαν
1618 4790 1772 4860 ᾠκη-

183 4901 305 4948 σαν,
337 4884 371 4948 ἢ
398 4880 685 4951 Σαρμάται
706 4880 771 4950 δὴ
810 4881 903 4932 ἐπὶ
923 4880 1051 4933 τάδε
1085 4881 1178 4933 τοῦ
1218 4881 1434 4951 Ἴστρου
1467 4882 1770 4950 γενόμενοι,

181 4978 286 5046 τήν
315 4992 377 5027 τε
401 4973 643 5037 Μυσίαν,
677 4974 773 5025 καὶ
800 4970 1123 5042 Τριόαλλῶν
1167 4970 1371 5041 χώραν,
1416 4977 1511 5026 καὶ
1559 4974 1622 5044 δὴ
1678 4976 1772 5027 καὶ

196 5069 505 5139 Ἰλλυριῶν,
544 5068 654 5121 τῶν
683 5066 817 5135 πρὸς
876 5066 967 5117 τὸν
1032 5064 1218 5118 Ἰόνιον
1264 5064 1393 5133 ἄχρι
1436 5065 1501 5134 δὴ
1549 5067 1779 5118 Ἐνετῶν

185 5164 436 5233 ᾤκησαν,
459 5158 583 5212 οὔτε
607 5159 768 5213 ἄλλου
799 5159 943 5220 τινὸς
970 5157 1256 5226 ἐπυθόμην
1278 5158 1385 5208 τῶν
1401 5159 1777 5227 παλαιοτέρων

185 5256 505 5319 διεξιόντος,
543 5252 658 5304 οὔτ’
683 5254 750 5305 ἂν
786 5252 989 5322 ἔχοιμι,
1026 5254 1204 5320 πάντη
1240 5252 1315 5313 ὠς
1349 5251 1526 5320 ἁληῢῆ
1581 5251 1773 5321 διαση-

190 5346 495 5417 μήνασθαι.
528 5344 907 5415 Ἐπάνειμιηδὲ
948 5346 1037 5397 ἐπὶ
1068 5343 1280 5405 Σκύθας
1313 5346 1438 5406 τοὺς
1491 5344 1718 5412 Νομάδα
1734 5364 1770 5409 ὰ,

187 5442 215 5493 ὃ
240 5441 308 5510 δὴ
330 5442 486 5506 γένος
520 5440 779 5507 μέγιστόν
800 5455 860 5491 τε
894 5439 987 5491 καὶ
1021 5440 1240 5508 ίσχυρὸν
1306 5440 1399 5490 καὶ
1460 5440 1772 5504 γενναιὸτα-

1884 2108 2100 2160 termini
2130 2118 2262 2161 sunt
2298 2107 2588 2175 Sarmatis,
2614 2124 2849 2179 quorum
2885 2123 2938 2165 ct
2968 2112 3212 2181 linguam
3264 2114 3317 2168 in
3363 2128 3468 2168 usu

1883 2200 2107 2254 habent.
2143 2198 2335 2255 Victus
2364 2201 2575 2256 ratione
2610 2203 2970 2275 moribusque
2992 2205 3127 2259 nihil
3155 2206 3471 2276 discrepant

1885 2294 1953 2348 ab
1979 2294 2270 2350 Romanis.
2296 2294 2523 2353 Polonis
2556 2298 2755 2352 annexi
2792 2307 2920 2353 sunt
2978 2299 3219 2361 Lituani,
3266 2302 3359 2369 qui
3412 2312 3468 2357 et

1884 2384 1986 2455 ipsi
2018 2400 2193 2456 usque
2221 2387 2289 2441 ad
2320 2387 2593 2444 Euxinum
2635 2401 2859 2460 pontum
2880 2391 3327 2464 Sarmatiamque
3345 2410 3468 2465 per-

1885 2477 2126 2549 tingunt.
2158 2479 2222 2533 Et
2252 2482 2470 2550 quidem
2507 2482 2780 2553 Pogdania
2800 2485 2918 2554 (68)
2955 2486 3130 2554 nigra,
3161 2505 3283 2558 quae
3313 2490 3467 2552 regni

1885 2570 2066 2622 sedem
2096 2568 2261 2625 habet
2301 2570 2794 2641 Leucopolichnam
2824 2575 2967 2646 (69),
2996 2591 3025 2630 a
3056 2577 3217 2635 Dacis
3269 2579 3465 2634 Istrum

1886 2663 2274 2731 incolentihus,
2302 2665 2369 2719 ad
2402 2664 2665 2722 Lituanos
2700 2678 2755 2723 et
2783 2667 3063 2725 Sarmatas
3122 2686 3182 2728 se
3224 2673 3466 2741 projicit.

1884 2758 2112 2814 Gentem
2145 2768 2327 2813 autem
2365 2759 2522 2814 istam
2548 2760 2683 2815 satis
2714 2775 2839 2817 esse
2868 2763 3176 2833 probatam,
3210 2765 3294 2819 vel
3341 2766 3471 2821 hinc

1885 2852 2011 2921 quis
2043 2850 2323 2921 conjiciat,
2367 2851 2511 2922 quod
2544 2852 2783 2922 linguam
2822 2871 2976 2910 etiam
3020 2858 3319 2913 retinuere.
3346 2858 3466 2915 Jam

1886 2948 2012 3001 olim
2044 2962 2108 3003 ea
2137 2963 2294 3017 gens,
2315 2948 2369 3001 in
2402 2948 2541 3003 duas
2570 2957 2757 3018 partes
2785 2947 2983 3011 divisa.
3016 2951 3212 3020 partim
3246 2952 3466 3023 quidem

1888 3055 1917 3093 a
1954 3039 2319 3110 principibus,
2355 3040 2552 3110 partim
2587 3055 2719 3095 vero
2747 3055 2775 3094 a
2807 3040 3044 3098 ducibus
3095 3045 3321 3114 regitur.
3374 3045 3469 3099 Li-

1891 3133 2095 3196 tuanis,
2128 3141 2393 3202 quantum
2415 3133 2482 3187 ad
2516 3133 2757 3203 linguam
2784 3135 3001 3200 attinet,
3029 3138 3165 3190 nihil
3211 3140 3471 3193 convenit

1886 3239 2011 3279 cum
2045 3224 2343 3301 Sarmatis,
2374 3240 2497 3279 cum
2534 3223 2836 3289 Pannonis,
2870 3243 2997 3282 cum
3029 3229 3344 3299 Germanis,
3366 3248 3471 3289 nec

1886 3318 2045 3373 etiam
2089 3333 2211 3372 cum
2266 3318 2452 3374 Dacis.
2492 3316 2630 3374 Nam
2674 3321 2832 3390 quasi
2891 3324 3221 3390 peculiarem
3271 3328 3470 3400 lingua:

1885 3426 2042 3463 usum
2077 3420 2280 3466 tenent.
2330 3409 2470 3466 Urbs
2502 3428 2667 3481 quam
2696 3415 2848 3482 regni
2908 3416 3095 3472 sedem
3162 3422 3469 3477 constitue-

1883 3510 2034 3565 runt,
2067 3517 2260 3571 magna
2308 3511 2362 3558 et
2395 3504 2654 3574 opulenta
2691 3506 3068 3578 populosaque
3122 3521 3229 3567 est.
3285 3515 3471 3585 Appa-

1885 3603 1969 3646 ret
1995 3591 2174 3657 facile,
2212 3593 2374 3648 istam
2408 3606 2627 3664 gentem
2675 3611 2801 3652 esse
2862 3601 3159 3657 maximam
3218 3608 3467 3663 omnium

1884 3698 2007 3752 quae
2046 3684 2101 3737 in
2156 3684 2260 3738 hac
2314 3687 2531 3754 regione
2583 3699 2892 3745 versantur.
2944 3690 3287 3753 Fortitudine
3332 3702 3466 3756 nulli

1889 3778 2266 3845 postponcnda
2296 3778 2560 3843 creditur,
2610 3791 2835 3837 strenue
2896 3786 3152 3854 prmlians
3205 3790 3470 3849 adversus

1890 3864 2163 3928 Prussios,
2194 3865 2502 3922 Germanos
2530 3882 2584 3924 et
2619 3870 2881 3937 Pulonos,
2928 3888 3122 3945 gentes
3182 3880 3468 3947 ﬁnitimas.

1886 3967 1945 4014 ut
1982 3975 2114 4015 suos
2150 3964 2531 4020 tutetnrlines.
2573 3965 2838 4038 Sequitur
2874 3988 3054 4028 mores
3079 3986 3130 4030 et
3163 3978 3338 4035 victus
3384 3998 3470 4035 ra-

1887 4054 2093 4109 tionem
2156 4056 2530 4113 llonnanorum
2566 4078 2581 4116 :
2622 4065 2982 4133 supellectilis
3007 4082 3277 4141 apparatur
3330 4077 3469 4131 nihil

1885 4163 1914 4202 a
1960 4151 2227 4207 Sarmatis
2258 4152 2540 4210 dilTerunt.
2575 4157 2712 4211 Cum
2746 4171 2930 4215 autem
2971 4164 3085 4220 fere
3123 4168 3365 4238 undique
3388 4172 3471 4223 ni-

1885 4242 2395 4312 gramPogdaniam
2446 4249 2743 4317 attingant,
2805 4254 3133 4327 plerumque
3202 4244 3469 4316 adversus

1886 4333 2003 4401 ejus
2034 4336 2271 4404 regionis
2306 4337 2513 4395 incolas
2544 4357 2758 4411 pugnas
2790 4347 2937 4401 ciere
2989 4350 3191 4404 solent.
3245 4352 3469 4409 Sarma-

1886 4434 2065 4478 tarum
2102 4428 2288 4497 lingua
2330 4428 2531 4485 similis
2561 4443 2644 4486 est
2665 4434 3000 4503 Illyriorum,
3025 4440 3244 4496 Ionium
3275 4445 3343 4497 ad
3370 4448 3467 4499 Ve-

1886 4528 2042 4569 netos
2076 4532 2251 4586 usque
2288 4521 2673 4578 accolentium.
2708 4525 2823 4580 Utri
2858 4541 3039 4585 autem
3083 4535 3278 4589 horum
3317 4548 3468 4591 vetu-

1885 4609 2043 4662 statis
2073 4612 2434 4680 pratrogativa
2465 4615 2763 4683 gaudeant,
2787 4630 2839 4672 et
2873 4624 2979 4675 utri
3038 4626 3345 4681 alterorum
3382 4646 3469 4685 re-

1884 4701 2097 4767 gionem
2121 4711 2363 4769 teneant,
2394 4720 2461 4757 an
2489 4707 2741 4763 videlicet
2772 4711 2935 4782 Illyrii
2962 4716 3015 4768 in
3049 4717 3211 4771 istam
3238 4720 3469 4791 Europa:

1884 4802 2090 4862 partem
2119 4803 2454 4861 recedentes,
2479 4798 2762 4856 Poloniam
2791 4816 2844 4856 et
2864 4804 3195 4864 Sarmatiam
3221 4813 3468 4871 incolue-

1882 4886 2013 4950 rint,
2039 4896 2132 4941 aut
2172 4904 2240 4943 an
2273 4890 2562 4959 Sarmatae,
2596 4896 2660 4949 ad
2692 4896 2804 4952 haec
2844 4900 2967 4954 Istri
3003 4901 3121 4958 loca
3176 4910 3466 4971 adeuntes,

1882 4977 2111 5049 Mysiam
2154 4989 2207 5036 et
2258 4980 2633 5042 Triltallorum
2694 4989 3115 5065 Illyriorumque
3158 4999 3466 5069 regionem,

1884 5087 1992 5139 qua
2025 5088 2213 5132 versus
2244 5074 2466 5131 .lonium
2498 5090 2644 5148 patet
2671 5098 2843 5151 usque
2872 5085 2939 5140 ad
2994 5088 3251 5156 Venetos,
3310 5094 3467 5149 inha-

1885 5349 2109 5417 plicare.
2139 5352 2323 5407 Redeo
2368 5371 2515 5409 nunc
2572 5359 2639 5411 ad
2707 5359 2939 5432 Scythas
2992 5364 3269 5423 Nomades
3302 5387 3464 5436 :quae

1884 5458 2017 5512 gens
2052 5459 2305 5511 numero,
2335 5446 2680 5516 fortitudine,
2718 5468 2931 5510 necnon
2969 5461 3366 5527 generositate.
3416 5466 3463 5519 si

1467 5603 1713 5664 Notulea
1742 5602 2154 5681 marginales.

261 5732 376 5803 (67)
402 5730 531 5785 Jesu
567 5729 878 5795 religionem
913 5747 1010 5803 pro
1032 5730 1312 5786 l’ontiticis
1347 5731 1541 5785 ritibus
1572 5733 1722 5800 ponit
1751 5750 1763 5786 :

193 5802 360 5856 Musis
394 5818 544 5863 vero,
574 5804 720 5869 quod
759 5804 911 5853 multi
959 5802 1129 5854 Judzci
1173 5804 1313 5870 apud
1338 5818 1431 5857 eos
1482 5805 1766 5857 habitant:

195 5876 339 5945 quod
387 5886 571 5925 autem
624 5874 895 5925 lucreseos
931 5874 1325 5928 insimulautur
1368 5885 1587 5943 ιιι-σξηει-
1627 5876 1759 5929 llus-

518 5969 786 6031 I‘Amoc.
827 5972 942 6031 Gn.
991 5972 1191 6031 CLIX.

1880 5732 2431 5819 sita‘sz‘bla'chumetis
2471 5740 2642 5795 etiam
2676 5740 2931 5815 religioni
2985 5744 3203 5805 deditos
3258 5749 3456 5819 inquit.

1955 5804 2066 5871 (68)
2134 5802 2384 5862 Podolia.

1953 5873 2066 5945 (69)
2136 5874 2413 5947 Lcolmlim
2426 5918 2439 5933 .

3062 5986 3097 6043 5
