4202 6430
245 357 347 422 153

1296 356 1410 416 DE"
1433 356 1683 416 llEBUS
1717 353 2075 415 TURCICIS
2133 355 2276 415 LIB.
2311 355 2423 416 lIIL

3407 367 3508 433 155

238 469 534 522 Ξυνέὗαινε
562 469 618 521 δέ
645 468 737 521 καὶ
773 470 832 520 τὸ
865 469 1057 538 μηδενὶ
1082 471 1404 538 ἐπιτρέπειν
1439 469 1535 521 τοῦ
1573 469 1810 538 στρατοῐ

1929 471 2235 523 necessitas
2269 479 2540 536 moueret,
2575 470 2922 527 abuteretur.
2963 471 3241 527 Praeterea
3273 478 3508 544 contigit

239 563 334 616 ἐπὶ
374 562 584 629 πυροὺς
621 562 720 612 καὶ
745 560 942 630 κριθὰς
970 560 1362 629 ἐπὶΙΙρούσης,
1389 561 1506 630 ὥρα
1541 557 1607 628 ἦν
1641 578 1822 629 παρα-

240 652 459 704 ϐάλλειν
517 653 610 703 τὸν
660 651 852 714 ἵππον,
879 649 1242 719 χαλεπαίνειν
1271 667 1330 701 τε
1369 649 1434 701 τὰ
1478 644 1626 716 αύτῷ
1659 667 1824 718 στρα-

239 745 513 813 τεύματα,
562 745 655 796 καὶ
706 742 1102 813 ἀπαγορεύειν.
1141 743 1461 811 Ἀπείρηται
1490 743 1598 810 γὰρ
1633 741 1825 812 μηδενὶ

239 837 445 901 ἐξεῖναι
491 838 572 899 είς
627 837 832 906 πυροὺς
894 836 1150 889 εἰσιέναι.
1180 836 1410 890 ὐντινα
1481 835 1527 886 δ’
1560 836 1625 888 ἂν
1665 834 1822 888 λάϐοι

240 930 582 995 εἰσελθόντα,
619 932 972 1001 ἐτιμωρεῖτο.
1023 931 1264 998 Λέγεται
1324 930 1382 982 δέ
1425 929 1578 999 αὐτῷ
1622 931 1820 999 ἐστρα-

233 1023 619 1092 τοπεδευμένῳ
644 1023 775 1092 περὶ
820 1023 1220 1076 Καππαδοκίαν
1245 1022 1465 1092 πνεῦμα
1511 1021 1823 1092 βιαιότατον

235 1115 582 1170 ἐπιπνεῦσαν
620 1117 660 1148 ⁸⁸
687 1115 766 1184 τῷ
796 1116 1174 1185 στρατεύματι
1223 1112 1412 1179 αὐτοῦ,
1451 1115 1550 1176 τάς
1597 1131 1658 1166 τε
1690 1130 1823 1183 σκη-

217 1209 331 1267 .νάς
363 1208 839 1276 ἀπενεγκάμενον,
869 1208 964 1259 ἐπὶ
989 1207 1123 1259 πολὺ
1156 1207 1539 1269 ἀποσπᾶσθαι,
1562 1207 1654 1258 καὶ
1684 1223 1821 1275 μετ-

233 1299 443 1367 εώρους
498 1299 873 1368 ποιησάμενον
922 1299 1255 1352 καταϐαλεῖν
1283 1315 1298 1330 ⁶
1342 1299 1437 1351 καὶ
1504 1298 1666 1351 τοῦτο
1696 1298 1820 1352 κατ’

235 1389 408 1442 αὐτοῦ
436 1389 690 1457 γενέσθαι
749 1382 941 1444 οίωνὺν
993 1393 1073 1454 είς
1121 1389 1190 1442 τὰ
1225 1391 1633 1461 στρατεύματα.
1667 1390 1822 1442 Μετὰ

235 1478 296 1531 δέ
332 1479 507 1532 ταῦτα
533 1479 608 1544 ὡς
647 1480 1006 1534 ἐπελαύνοντι
1036 1480 1080 1511 ⁸⁸
1111 1481 1207 1534 ἐπὶ
1246 1482 1348 1548 τὴν
1375 1481 1621 1550 Φρυγίαν
1653 1483 1822 1552 ἐσκή-

237 1589 400 1634 νωτο,
426 1574 529 1642 τήν
559 1590 619 1626 τε
651 1573 859 1642 σκηνὴν
883 1574 1049 1627 αὐτοῦ
1085 1575 1142 1638 ές
1176 1577 1327 1643 τρεῖς
1369 1575 1820 1644 συστησαμένους

231 1663 362 1727 τοὺς
392 1665 528 1733 ἀμφ’
560 1665 728 1718 αὐτὸν
755 1665 979 1729 παῖδας,
1018 1664 1335 1734 αὐτόματον
1377 1663 1674 1727 πεσοῦσαν,
1707 1665 1817 1716 εἴτε

231 1758 338 1824 τῆς
376 1758 479 1825 γῆς
524 1758 599 1828 μὴ
649 1757 958 1828 δυναμένης
1007 1758 1260 1826 κατέχειν
1316 1758 1385 1809 τὶ
1450 1757 1666 1826 σχοινία
1718 1757 1817 1825 τῆς

233 1851 466 1919 σκηνῆς,
517 1852 626 1903 εἴτε
679 1853 774 1904 καὶ
818 1851 953 1921 άλλη
1004 1869 1080 1920 πη
1134 1852 1331 1920 ξυνέϐη
1369 1851 1561 1902 τοῦτο·
1613 1853 1715 1918 τῆς
1757 1866 1815 1902 τε

229 1943 339 2010 γῆς
372 1943 714 2015 ἀπειρῆσθαι
750 1945 926 2014 αὐτῷ,
963 1945 1036 2012 μὴ
1071 1943 1385 1996 ἐπιϐαίνειν
1415 1945 1512 2011 τῆς
1552 1943 1812 2010 Φρυγίας.

237 2036 528 2107 Ἑλλήνων·
563 2037 622 2090 τέ
663 2054 809 2101 τινες
865 2036 1034 2090 αὑτοῦ
1089 2036 1553 2104 παραγενόμενοι,
1597 2036 1629 2104 ἢ
1684 2036 1816 2106 Τρι-

227 2130 448 2183 ϐαλλῶν
496 2129 830 2195 οἰωνίζοντο.
889 2129 1126 2197 Λέγεται
1190 2128 1289 2197 μὲν
1345 2127 1440 2179 οὗν
1492 2131 1585 2181 καὶ
1648 2130 1814 2198 πρινή

227 2223 326 2273 ἐπὶ
388 2221 488 2292 τὴν
552 2221 736 2275 Ἀσίαν
791 2220 1089 2288 διαϐῆναι,
1132 2219 1318 2285 Ἀλίην
1366 2218 1457 2270 τὸν
1492 2219 1814 2286 Χαρατίνεω

230 2317 426 2380 παῖδα,
461 2314 630 2384 ἄνδρα
669 2315 734 2386 δὴ
765 2316 873 2368 τῶν
908 2315 1038 2384 παρ’
1066 2313 1247 2383 ἐαυτῷ
1279 2312 1347 2365 τὰ
1377 2317 1431 2375 ἐς
1471 2313 1690 2364 σύνεσιν
1720 2312 1812 2364 ού-

231 2407 384 2469 δενὸς
434 2407 794 2477 λειπόμενον,
848 2409 1215 2477 ἴχρηματίσαι
1300 2405 1448 2474 αύτῷ
1515 2409 1588 2474 μὴ
1653 2423 1813 2475 στραο

231 2501 491 2554 τεύετθαι
513 2502 605 2553 ἐπὶ
632 2502 916 2570 Τεμήρην’
955 2502 1148 2570 τρόπῳ
1174 2501 1229 2553 δὲ
1256 2501 1364 2570 ὅτῳ
1396 2501 1613 2552 δύναιτο
1647 2501 1813 2568 ἀσφα-

231 2595 506 2668 λεστάτῳ,
537 2597 854 2651 διαλύεσθαι
886 2596 1035 2667 αὐτῷ
1069 2599 1168 2666 τὴν
1224 2597 1361 2665 πρὸς
1395 2596 1657 2664 Ἰέμήρην
1697 2596 1814 2650 δια-

232 2689 434 2758 φοράν.
482 2689 737 2742 Ἐκέλευε
769 2689 826 2742 δὲ
869 2689 1034 2741 αὑτὸν
1075 2689 1340 2758 πέμπειν,
1382 2689 1476 2740 καὶ
1502 2689 1813 2756 ὑπισχνεῖτο

230 2781 518 2844 διαλλάξαι
552 2799 611 2833 τε
649 2781 798 2850 αύτῷ
832 2780 1061 2851 βασιλέα
1097 2779 1379 2850 Τεμήρην,
1525 2779 1590 2831 ἂν
1649 2779 1812 2841 αὐτὸς

231 2873 501 2943 βούλοιτο.
531 2874 636 2928 Τὸν
664 2875 720 2928 δὲ
753 2874 1102 2926 ὑπολαϐόντα
1129 2873 1316 2941 φάναι,
1347 2871 1423 2935 ὡς
1463 2874 1524 2924 οὐ
1569 2876 1634 2941 τῇ
1670 2871 1813 2924 ἐκεί-

224 2984 321 3019 νου
372 2967 586 3020 συνέσει
661 2966 959 3030 πιστεύων,
1007 2967 1262 3033 άιρίκοιτο
1308 2964 1402 3016 ἐπὶ
1447 2964 1590 3033 μέγα
1627 2964 1812 3015 εὐδαι-

228 3058 466 3127 μονίας,
525 3059 804 3128 ἡγεμόνας
874 3059 1167 3120 τοσούτους
1242 3055 1807 3127 καταστρεψάμενον,

1929 567 1991 611 ut
2039 561 2316 614 exercitus
2347 560 2685 628 aﬂligeretur
2737 563 2974 616 maxima
3013 564 3271 619 frumenti
3297 574 3350 619 et
3381 566 3509 619 bor—

1928 650 2014 704 dei
2059 651 2270 720 inopia,
2330 662 2553 723 propter
2586 655 2839 708 Prusam.
2882 656 3021 711 Hinc
3051 660 3332 726 equitatus
3384 675 3509 728 gra-

1927 742 2069 794 viter
2104 742 2544 809 periclitabatur.
2598 743 2891 798 Exercitus
2940 762 3054 800 rem
3105 749 3270 802 istam
3314 749 3508 818 iniquo

1929 833 2113 886 animo
2147 833 2379 898 ferebat,
2432 844 2486 888 et
2517 837 2628 904 jam
2658 837 3006 891 detrectabat
3061 840 3337 894 militiam.
3407 841 3508 895 Se-

1928 925 2130 979 veriter
2161 927 2305 980 enim
2359 927 2712 983 interdictum
2751 938 2892 996 erat,
2933 947 2998 984 uc
3035 933 3168 1002 quis
3189 948 3386 985 manus
3412 939 3508 984 ad-

1926 1017 2216 1071 molirctur
2284 1017 2561 1073 frumento
2585 1060 2598 1084 ,
2634 1021 2844 1075 addens
2872 1062 2886 1084 ,
2920 1038 2976 1076 se
3014 1022 3275 1076 acerbius
3325 1024 3508 1076 vindi-

1925 1116 2178 1161 caturum
2211 1123 2360 1173 eum,
2400 1111 2491 1180 qui
2534 1111 2784 1166 fraudem
2812 1113 2940 1167 buic
2987 1129 3089 1168 suo
3123 1114 3305 1168 edicto
3330 1115 3502 1168 feris-

1928 1208 2032 1252 st-t.
2092 1199 2255 1255 Fama
2285 1212 2393 1268 est,
2461 1219 2584 1258 cum
2621 1215 3048 1260 castrametatus
3083 1218 3226 1261 esset
3258 1208 3308 1259 in
3367 1208 3517 1272 Cap--

1925 1293 2335 1360 padoeia,venti
2363 1295 2640 1350 turbinem
2671 1297 3128 1352 violentissimqu
3187 1297 3507 1351 incubuisse

1924 1384 2216 1446 exercitui.
2274 1386 2411 1441 adeo
2471 1395 2531 1440 ut
2591 1388 2823 1442 tentoria
2868 1388 3094 1457 disiecta
3132 1397 3186 1442 et
3245 1387 3298 1441 in
3333 1387 3506 1441 subli-

1923 1491 2011 1529 me
2060 1485 2237 1531 tracta
2312 1479 2622 1535 destrueret
2680 1482 3006 1548 planissime
3038 1499 3052 1536 :
3083 1481 3230 1550 quod
3277 1481 3499 1549 quidem

1886 1545 2198 1622 “exercitus
2250 1584 2349 1638 pro
2380 1571 2564 1624 omine
2594 1587 2787 1639 parum
2819 1572 3001 1627 fausto
3039 1572 3274 1640 accepit.
3306 1570 3508 1625 Postea?

1921 1675 2048 1713 cum
2103 1661 2156 1715 in
2203 1661 2499 1733 Phrygiam
2538 1680 2765 1719 movens
2796 1673 2976 1720 castra
3020 1665 3499 1724 conununivisset.

1924 1753 2221 1807 tentorium
2278 1771 2437 1809 suum
2492 1757 2545 1810 in
2581 1765 2694 1812 tres
2729 1773 2956 1827 pueros,
2995 1758 3086 1827 qui
3123 1757 3193 1809 ibi
3248 1756 3504 1815 aderant,

1922 1859 2017 1897 sua
2055 1854 2254 1914 sponte
2286 1848 2565 1902 ceciderat
2599 1867 2612 1903 :
2642 1851 2758 1905 sive
2799 1851 2945 1919 quod
2997 1859 3140 1906 terra
3192 1850 3504 1920 nequiverit

1920 1939 2204 1994 sustinere
2251 1942 2578 2006 retinacula,
2619 1942 2735 1997 sive
2797 1944 2905 1997 alia
2937 1953 3214 1999 estcausa
3253 1943 3308 1997 in
3333 1959 3500 2013 quam

1918 2043 2084 2085 casus
2143 2029 2233 2086 ille
2289 2032 2473 2087 reduci
2515 2035 2734 2103 poterit.
2793 2033 3025 2100 Quidam
3072 2033 3244 2089 (ἔπεα)ρί
3275 2044 3326 2089 et
3381 2034 3500 2088 Tri-

1920 2123 2045 2177 balli
2107 2125 2200 2195 qui
2268 2134 2468 2196 prarsto
2506 2138 2682 2192 erant,
2748 2142 2908 2182 omen
2954 2129 3006 2184 id
3055 2144 3177 2185 esse
3220 2129 3502 2192 dicebant,

1918 2230 1985 2268 ne
2042 2217 2367 2273 ascenderet
2403 2220 2456 2274 in
2515 2219 2832 2290 Phrygiam.
2857 2220 3062 2277 Feruut
3102 2230 3281 2276 tamen
3316 2221 3500 2289 prius-

1917 2323 2082 2378 quam
2117 2311 2383 2366 transiret
2417 2312 2470 2364 in
2495 2312 2709 2373 Asiam,
2741 2313 2917 2366 Aliem
2954 2312 3271 2367 Cbaratinis
3300 2312 3495 2373 ﬁlium.

1916 2401 2093 2454 virum
2123 2417 2314 2455 eorum
2364 2401 2618 2466 quicum
2668 2401 2910 2472 Pajazite
2967 2413 3146 2468 erant,
3204 2403 3495 2473 prudentia

1917 2493 2240 2560 primarium
2280 2493 2650 2559 consuluisse,
2681 2510 2750 2550 ne
2813 2496 3117 2551 exercitum
3144 2503 3338 2550 contra
3387 2495 3494 2550 Te—

1917 2586 2111 2638 mirem
2171 2587 2418 2650 duceret,
2446 2602 2635 2640 verum
2708 2587 3057 2644 adniteretur
3107 2596 3168 2642 ut
3212 2589 3315 2642 ista
3364 2604 3499 2643 con-

1918 2680 2182 2734 troversia
2241 2695 2406 2750 quam
2448 2681 2743 2737 tutissimis
2807 2683 3118 2739 rationibus
3161 2683 3494 2738 dissolvere-

1916 2783 2004 2827 tur
2064 2780 2119 2828 et
2147 2786 2594 2843 componeretur.
2649 2772 2720 2828 Se
2753 2775 2993 2844 legatum
3021 2775 3137 2831 fore
3190 2776 3244 2830 in
3282 2776 3382 2830 bac
3437 2790 3496 2830 re

1917 2866 2300 2934 promittebat,
2355 2874 2410 2919 et
2488 2867 2640 2934 juxta
2696 2866 2864 2921 animi
2920 2867 3093 2936 ipsius
3165 2867 3493 2923 sententiam

1917 2953 2188 3008 Temirem
2266 2957 2771 3010 reconciliaturum.
2829 2956 3102 3025 Pajazitcs
3160 2958 3491 3026 respondit:

1911 3045 2209 3116 Nunquam
2265 3053 2480 3101 tantum
2523 3047 2814 3103 felicitatis
2850 3050 3304 3105 conscendissem
3340 3049 3497 3103 fasti-

223 3149 367 3202 ἀλλὰ
405 3151 473 3220 τῇ
507 3149 707 3203 ἐαυτοῦ
741 3151 889 3220 όρμῇ
923 3167 984 3201 τε
1035 3149 1131 3202 καὶ
1171 3147 1543 3216 γενναιότητι,
1580 3147 1719 3218 τύχῃ
1749 3147 1805 3200 δέ

1916 3142 2087 3214 gium,
2146 3159 2248 3198 nec
2300 3143 2468 3198 etiam
2509 3154 2589 3199 tet
2644 3146 2811 3201 duces
2871 3147 3163 3216 imperium
3243 3147 3495 3216 accipere

224 3242 431 3302 εἰπεῖν,
466 3241 563 3293 καὶ
613 3240 793 3310 τόλμῃ
851 3238 1330 3307 ἐπιτραπομένους
1381 3238 1492 3288 τῶν
1545 3235 1810 3304 βασιλέων

229 3335 488 3399 πολλοὺς,
521 3335 618 3386 καὶ
645 3333 771 3402 δίχα
818 3331 1090 3394 συνέσεως
1128 3330 1393 3399 μεγάλης,
1431 3329 1810 3393 ἐπιδείξασθαι

225 3428 407 3496 ἔργα·
445 3427 660 3479 συνέσει
705 3427 763 3479 δὲ
818 3428 881 3479 τὸ
927 3427 1038 3478 πᾶν
1088 3425 1519 3494 ἐπιτρέψαντας,
1553 3423 1811 3492 αἴσχιστα

226 3520 551 3572 ἀπολέσθαι.
595 3521 752 3573 Μετὰ
801 3520 860 3573 δέ
909 3518 1105 3582 ταῦτα,
1161 3517 1234 3581 ὡς
1292 3519 1350 3570 ἐν
1391 3520 1456 3586 τῇ
1502 3517 1808 3587 Ἀρμενίων

229 3615 473 3680 ἐγένετο,
507 3614 599 3665 ἐπὶ
622 3614 844 3684 Τεμέρῃ
875 3612 1338 3682 στρατευόμενος,
1371 3610 1708 3672 ἐϐουλεύετο,
1731 3610 1808 3675 ὡς

225 3707 292 3777 δὴ
328 3708 601 3777 κράτιστα
652 3708 753 3776 τὴν
796 3706 976 3778 μάχην
1007 3707 1320 3773 ποιήσαιτο.
1353 3705 1809 3774 Μεταπεμψάμε-

225 3813 318 3858 νος
367 3797 424 3848 δὲ
479 3799 607 3858 τοὺς
662 3797 919 3866 ἀρίστους
945 3835 960 3859 ,
1002 3799 1058 3857 ἐς
1096 3796 1292 3866 βουλὴν
1336 3795 1656 3849 καθίστατο.
1698 3795 1809 3848 Καί

223 3907 393 3944 τινων
425 3891 736 3958 γενομένων
783 3892 868 3942 ἐπ’
901 3890 1190 3960 ἀμφότερα
1231 3891 1352 3951 ταῖς
1405 3888 1678 3958 γνώμαις,
1719 3890 1808 3941 λέ-

229 3998 391 4048 γεται
427 3982 686 4050 Πραῒμην
724 3980 817 4032 τὸν
861 3978 1074 4042 Ἀλίεω,
1132 3977 1390 4048 μέγιστον
1425 3976 1490 4048 δὴ
1530 3977 1682 4046 παρὰ
1729 3976 1807 4047 τῷ

226 4073 520 4141 Παιαζήτῃ
549 4071 872 4138 δυνάμενον,
923 4069 1249 4137 βουλεύοντα
1303 4068 1452 4132 λέξαι
1507 4068 1704 4121 τοιάδε”
1736 4063 1806 4118 Ὦ

224 4163 454 4234 βασιλεῦ
489 4202 505 4224 ,
553 4161 644 4214 ἐπ’
693 4161 894 4230 ἄνδρας
959 4159 1361 4230 παρασκευάζῃ
1411 4157 1804 4229 στρατεύεσθαι

221 4258 294 4310 τά
327 4273 386 4308 τε
423 4257 661 4321 πολέμια
695 4254 1025 4322 λεγομένους
1057 4249 1198 4307 εἷναι
1240 4254 1482 4320 ἀγαθοὺς
1523 4253 1630 4305 ὑπὸ
1670 4253 1807 4306 πάν-

219 4367 355 4414 των,
385 4349 501 4400 ὅσοι
537 4348 578 4379 ¹⁸
609 4347 674 4417 δὴ
709 4347 811 4413 τῆς
845 4363 902 4398 τε
938 4346 1168 4416 γνώμης
1236 4347 1418 4400 αὐτῶν
1457 4347 1552 4398 καὶ
1598 4346 1804 4416 ἀρετῆς

220 4442 616 4511 ἐπειράσαντο.
647 4440 872 4502 Τούτοις
901 4439 1014 4507 ἐγὼ
1051 4441 1131 4504 είς
1169 4440 1385 4509 λόγους,
1419 4441 1494 4502 ὡς
1524 4441 1592 4493 τά
1631 4439 1802 4493 πολλὰ

219 4534 529 4604 ἀφικόμην,
584 4534 872 4604 ἐπυθόμην
920 4534 1021 4602 τήν
1067 4550 1130 4585 τε
1191 4532 1396 4602 ἀρετὴν
1427 4528 1569 4584 εἶναι
1600 4531 1802 4593 παντὸς

221 4630 386 4696 λόγου
425 4627 607 4692 ἀξίαν.
643 4628 751 4679 Καὶ
781 4626 984 4695 πλῆθος
1012 4626 1077 4694 δὴ
1107 4625 1508 4679 πολλαπλάσιον
1533 4625 1628 4678 τοῦ
1665 4628 1694 4688 ἠ
1705 4644 1801 4691 με-

218 4720 384 4787 τέρου
424 4719 840 4789 στρατεύματος
876 4719 1203 4785 ἀγγέλλεται
1241 4719 1375 4788 ἡμῖν
1405 4715 1550 4770 εἶναι
1599 4720 1659 4770 τὸ
1699 4717 1800 4771 Τε-

222 4814 418 4880 μήρεω
463 4811 809 4878 στράτευμα.
864 4809 1029 4861 Ὥστε
1104 4808 1226 4862 κατ’
1278 4810 1445 4878 ἄμφω
1506 4808 1570 4878 δὴ
1622 4810 1798 4879 τούτῳ

215 4905 296 4956 ὅτ’
327 4906 368 4933 ¹⁶
395 4904 460 4957 ᾶν
487 4901 966 4972 συμϐουλεύσαιμι
989 4902 1228 4974 θαρροὖν
1253 4901 1329 4971 τῷ
1359 4901 1615 4971 ἡμετέρῳ
1640 4920 1799 4972 στρα-

214 4993 295 5062 τῷ
343 4994 484 5046 ἰέναι
517 4994 681 5060 ὁμόσε
731 4995 786 5054 ἐς
829 4993 888 5045 τὺ
916 4993 1188 5062 Τεμήρεω
1220 4992 1611 5060 στρατόπεδον.
1659 4992 1797 5046 Ἀλλ’

212 5085 330 5137 οὐδ’
367 5086 433 5137 ἂν
459 5090 507 5136 εἰ
545 5086 919 5154 μαχεσάμενοι
965 5084 1416 5154 περιγενοίμεθα,
1445 5087 1532 5154 εἴη
1566 5086 1632 5137 ἂν
1666 5087 1796 5155 ἡμῖν

213 5178 416 5244 ὄφελος
445 5178 651 5246 ὁτῳοῦν
724 5178 785 5229 Εἰ
825 5178 924 5244 μὲν
959 5178 1068 5246 γάρ
1122 5179 1178 5239 ἐς
1211 5185 1311 5244 την
1345 5176 1572 5227 ἐκείνων
1601 5178 1798 5227 ἐσϐάλ-

215 5269 408 5329 λοντες
449 5268 796 5338 ἐμαχόμεθα,
828 5263 894 5339 ἦν
956 5269 1022 5320 ἂν
1077 5265 1217 5336 όμοῦ
1268 5267 1559 5335 ξύμπαντα
1591 5267 1795 5333 ἁγαοὰ,

217 5359 352 5427 περί
395 5374 451 5408 τε
494 5360 593 5426 τῆς
643 5359 814 5427 αρχὴς
849 5357 1055 5410 ἐκείνου
1091 5354 1496 5422 ἀγωνίζεσθαι,
1541 5356 1632 5408 καὶ
1672 5359 1802 5426 περὶ

1915 3236 2246 3306 coegissem,
2299 3237 2345 3292 si
2404 3248 2511 3293 tuae
2571 3240 2881 3308 prudentia:
2937 3255 3021 3294 me
3068 3240 3491 3296 commisissem.

1914 3327 2126 3398 lmpetu
2167 3328 2499 3392 vehementi,
2563 3346 2795 3400 meaque
2851 3332 3226 3401 generositate
3266 3333 3492 3395 ductus,

1915 3427 2066 3475 tanta
2125 3436 2290 3492 opera
2345 3421 2654 3492 designavi.
2721 3421 2993 3479 Praeterea
3043 3425 3264 3494 quidam
3337 3441 3493 3491 reges

1915 3513 2193 3569 fortunam
2223 3523 2278 3568 et
2313 3515 2601 3569 audaciam
2641 3517 2838 3578 secuti,
2871 3517 3112 3584 neglecta
3177 3518 3490 3586 prudentia,

1911 3608 2022 3678 80
2081 3608 2284 3662 eximia
2337 3609 2516 3663 iecere
2567 3623 2732 3677 opera
2773 3627 2784 3661 :
2821 3625 2945 3662 rum
3008 3611 3204 3679 reliqui
3248 3612 3489 3675 interim,

1912 3702 2006 3771 qui
2075 3702 2130 3755 in
2164 3701 2425 3756 omnibus
2461 3702 2821 3771 praetulerunt
2869 3702 3244 3771 prudentiam,
3286 3704 3490 3773 turpis—

1912 3794 2052 3848 sime
2105 3795 2392 3862 perierint.
2455 3796 2588 3848 Cum
2640 3798 2693 3849 in
2751 3795 3013 3851 Armenia
3051 3797 3212 3862 foret,
3269 3799 3488 3852 auimus

1912 3887 2372 3950 erat,universis
2431 3890 2609 3958 copiis
2669 3891 2722 3943 in
2771 3891 2943 3944 aciem
2981 3891 3214 3955 eductis,
3275 3907 3488 3946 summa

1910 3977 1962 4031 vi
2007 3985 2224 4034 certare
2268 3993 2393 4032 eum
2433 3979 2611 4034 boste.
2659 3981 2940 4036 Adbibitis
2977 3981 3144 4051 igitur
3207 3983 3263 4036 in
3302 3988 3490 4038 cousi-

1912 4066 2045 4120 lium
2109 4068 2472 4135 optimatibus
2530 4080 2587 4123 ut
2631 4070 2878 4138 praelium
2940 4070 3255 4126 iaciendum
3317 4087 3487 4139 esset,

1908 4156 2266 4213 deliberabat.
2285 4158 2418 4213 Cum
2448 4169 2882 4230 essentquorum
2903 4163 3254 4218 sententiain
3277 4173 3490 4217 utram-

1908 4265 2016 4320 que
2038 4259 2250 4319 partem
2270 4249 2623 4315 inclinarent,
2650 4252 2791 4308 fama
2823 4263 2910 4309 est
2931 4253 3185 4308 Praimen
3208 4255 3485 4326 Aleis(76)

1908 4339 2106 4402 tilium,
2151 4339 2246 4409 qui
2305 4339 2604 4410 plurimum
2669 4341 2909 4410 pollebat
2967 4343 3114 4412 apud
3163 4342 3482 4412 Pajazitem.

1911 4434 1992 4489 sic
2045 4434 2296 4487 locutum
2337 4449 2462 4489 esse
2496 4452 2513 4488 :
2549 4432 2593 4489 Ο
2631 4451 2749 4501 rex,
2799 4450 2993 4491 contra
3049 4439 3199 4494 viros
3248 4441 3488 4493 adornas

1909 4527 2182 4598 praelium,
2243 4528 2334 4598 qui
2385 4529 2581 4599 peritia
2619 4545 2804 4586 rerum
2857 4532 3182 4588 bellicarum
3233 4533 3489 4590 feruntur

1910 4635 2035 4675 esse
2084 4621 2246 4690 primi
2302 4622 2371 4674 ab
2401 4622 2469 4677 iis
2513 4622 2605 4691 qui
2664 4637 2857 4679 eorum
2892 4625 3108 4680 animos
3150 4636 3208 4680 et
3229 4626 3483 4682 virtutem

1911 4725 2042 4770 sunt
2075 4717 2312 4784 experti.
2345 4714 2482 4768 Cum
2521 4716 2605 4770 his
2636 4731 2737 4786 ego
2752 4732 2976 4787 quoque
3004 4719 3205 4788 saepius
3229 4719 3282 4772 in
3316 4720 3488 4775 collo-

1908 4811 2099 4880 quium
2131 4810 2275 4873 veni,
2327 4808 2627 4877 audivique
2673 4811 2934 4865 virtutem
2962 4826 3156 4865 eorum
3189 4811 3347 4868 miris
3371 4829 3473 4866 mo-

1907 4906 1991 4959 dis
2048 4901 2342 4957 celebrari.
2428 4900 2696 4956 Praeterea
2789 4904 3174 4968 annuntiatur,
3249 4904 3487 4959 Temtris

1907 4997 2097 5066 copias
2142 4995 2332 5049 multis
2393 4994 2570 5048 modis
2632 5008 2867 5049 numero
2916 5009 3183 5065 superare
3240 5006 3483 5051 nostras.

1909 5091 2092 5158 Itaque
2139 5097 2196 5142 ut
2247 5089 2408 5141 modo
2441 5095 2805 5156 utrorumque
2863 5086 3110 5142 intellexi
3153 5090 3483 5153 sententias,

1909 5179 1953 5233 si
2007 5189 2063 5233 et
2109 5193 2285 5232 meum
2327 5177 2569 5231 dandum
2640 5185 2724 5232 est
2766 5178 3084 5244 consilium,
3124 5178 3483 5243 consuluero,

1909 5278 2100 5322 nostro
2144 5268 2410 5322 exercitui
2439 5268 2635 5333 ﬁdens,
2674 5268 2888 5323 irruere
2929 5271 2981 5323 in
3011 5280 3192 5323 castra
3226 5269 3483 5325 Teutiris.

1913 5359 2299 5414 Verumtamen
2353 5361 2456 5414 etsi
2506 5344 2682 5429 praelii
2733 5361 2910 5417 aleam
2971 5361 3294 5431 jcccrimus,
3343 5378 3481 5433 pra:—

1509 5500 1753 5560 Notulte
1796 5505 2203 5580 marginales.

295 5605 410 5673 (7G)
444 5606 818 5660 Charambeus
851 5603 1032 5661 llalies
1063 5605 1124 5659 [ε’.
1168 5606 1253 5659 Al.
1292 5605 1430 5659 llali.

297 5749 338 5779 ”
373 5751 718 5807 ἐπιπνεύσειε.
763 5752 824 5808 Il.
868 5764 918 5806 ut
952 5757 1003 5806 in
1036 5763 1174 5807 cum.

223 5827 261 5856 ί*
297 5823 367 5871 al.
413 5822 547 5875 ιύι’.

1259 5753 1295 5784 ¹”·
1326 5753 1695 5810 ἀπελαύιοντι,
1741 5756 1798 5808 Ii.
1841 5766 1889 5808 ut
1926 5757 1972 5807 in
2011 5764 2148 5808 tum.

2233 5750 2434 5819 “839v,
2462 5749 2611 5805 aliud
2639 5764 2875 5804 utantur.
2908 5749 3022 5801 ὅσα.
3064 5749 3121 5800 Il.
3159 5758 3208 5800 ut
3240 5750 3290 5801 iu
3335 5757 3478 5805 (aut.
