4202 6430
169 371 255 433 157

1221 363 1318 424 DE
1350 359 1608 420 REBUS
1639 353 2000 416 TURCICIS
2041 350 2191 409 LlB.
2237 345 2349 405 lli.

3316 334 3415 397 158

167 503 340 549 σαντο,
373 482 488 536 ἀλλ’
527 482 559 551 ἦ
590 481 729 550 τόξῳ
763 481 910 551 μόνῳ
958 478 1051 530 καὶ
1093 479 1294 539 οἰστοῖς
1325 477 1633 548 βάλλοντες,
1670 473 1727 533 ἐς

1855 476 2046 534 gerunt,
2080 464 2173 518 sed
2202 462 2430 530 sagittas
2455 467 2506 512 et
2551 456 2732 526 jat-ula
2757 453 3095 513 emittentes,
3130 465 3414 517 nunquam

167 579 340 647 ιεῖοπς
393 574 529 626 ξέναι
562 573 623 625 οὐ
654 573 800 625 πάνυ
840 588 923 626 τοι
957 570 1225 623 ἐθέλουσι.
1253 568 1438 622 Ταῦτα
1476 568 1727 628 εἰπόντος

164 669 252 723 τοῦ
281 668 566 737 βασιλέως,
594 667 816 734 λέγεται
845 665 937 718 τὸν
966 665 1119 717 Είενὲ
1145 664 1386 734 ἄρχοντα
1411 663 1455 693 ¹¹
1482 661 1731 714 ἐπειπεῖν

163 763 332 815 τοιάδε
360 778 376 794 ο
418 762 574 816 Ἑπεὶ
599 762 783 813 τοίνυν
807 759 954 811 δοκεῖ
993 775 1101 822 σοι,
1128 750 1173 810 ὦ
1200 755 1575 828 βασιλεῢ,.ἐπὶ
1607 754 1733 814 τοὺς

162 853 454 921 πολεμίως
507 854 654 921 ἡμᾶς
726 850 891 920 ὁμόσε
957 850 1116 911 ἰέναι,
1152 849 1226 903 ῐΘι
1287 849 1351 915 δὴ
1410 849 1735 917 πειθόμενος

162 948 301 1014 ἐμοὶ,
336 946 467 1010 τούς
494 964 552 999 τε
602 944 909 1014 θησαυροὺς
937 941 1218 1013 άνεφγὼς,
1249 939 1394 994 δίδου
1445 940 1523 1009 τῷ
1572 958 1737 1011 στρα-

161 1039 392 1108 τεύματι
445 1040 746 1106 πονήσαντι
784 1037 878 1089 καὶ
931 1036 1265 1105 κεκμηκότι.
1291 1035 1366 1096 ὡς
1399 1034 1483 1102 ἐφ’
1511 1034 1540 1086 ὅ
1581 1049 1632 1086 τι
1669 1033 1737 1086 ἂν

164 1131 371 1191 γένοιτο
420 1130 487 1183 τὰ
539 1131 839 1201 πράγματα
897 1129 1064 1183 ίόντα.
1115 1128 1333 1182 Τούτων
1375 1127 1431 1180 δὲ
1478 1127 1586 1180 τῶν
1629 1125 1738 1179 σῶν

165 1225 456 1294 θησαυρῶν
524 1225 670 1277 οὕτω
725 1223 1022 1293 διδομένων
1078 1226 1191 1285 τοῖς
1244 1206 1626 1289 armatiita/1;,
1682 1221 1738 1272 ἐν

163 1319 341 1386 κέρδει
371 1318 646 1386 ἐσομένων
679 1319 838 1386 ἡμῖν,
873 1317 968 1369 καὶ
998 1317 1099 1368 οὐκ
1137 1315 1552 1386 ἀπολουμένων,
1582 1314 1648 1384 ἦν
1675 1330 1735 1366 τε

163 1411 246 1478 ἐφ’
284 1413 418 1481 ἡμῖν
466 1410 716 1478 γένηται.
752 1409 1128 1462 πολλαπλάσια
1170 1408 1368 1478 ἕξομεν
1415 1405 1740 1476 κερδανοῦν-

161 1524 250 1566 τις
279 1523 292 1535 ·
325 1507 391 1575 ἧν
438 1524 499 1560 τε
563 1506 652 1558 ἐπὶ
709 1505 786 1574 τῷ
849 1506 1056 1576 Πέρσῃ,
1093 1506 1315 1574 ἄμεινον
1368 1505 1426 1556 ἐν
1476 1503 1521 1533 "
1567 1502 1740 1573 ταύτῃ

163 1602 480 1668 γενόμενον.
528 1598 716 1653 Ταῦτα
755 1600 951 1668 λέγων,
1001 1599 1102 1653 οὐκ
1156 1599 1342 1652 ἔπειθε
1391 1598 1738 1666 Παιαζήτην.

167 1696 335 1749 Ἔνθα
407 1696 636 1765 γνώμην
693 1697 1143 1764 ἀποφηνάμενος.
1199 1695 1276 1758 ὡς
1337 1697 1404 1762 τῇ
1468 1695 1741 1763 Τεμήρεω

165 1789 422 1857 σφραγῖδι
456 1790 819 1858 ἐσφράγισται
854 1792 959 1858 ἄρα
993 1790 1060 1842 τὰ
1098 1786 1428 1857 Παιαζὴτεω
1453 1789 1736 1858 χρήματα,

162 1883 256 1936 καὶ
288 1883 375 1935 διὰ
409 1883 582 1935 ταῦτα
611 1883 670 1936 ού
703 1883 924 1953 τολμῴη
955 1883 1095 1936 αὐτὰ
1127 1882 1406 1952 διανεῖμαι
1430 1884 1542 1942 τοῖς
1571 1899 1739 1949 στρα-

160 1977 410 2040 τιώταις.
456 1978 643 2031 Ταῦτα
698 1978 798 2044 μὲν
845 1977 938 2030 οὖν
988 1979 1046 2040 ἐς
1100 1977 1358 2030 τοσοῦτον
1422 1974 1740 2028 ἐδουλεύετο

163 2072 472 2144 Παιαζήτῃ.
492 2073 647 2126 Μετὰ
674 2072 730 2126 δέ
757 2072 950 2135 ταῦτα,
991 2074 1068 2134 ὡς
1104 2072 1350 2124 ἐλαύνων
1380 2071 1488 2123 οὐκ,
1510 2070 1634 2139 ἀνίη
1669 2068 1735 2135 ³³,

161 2169 392 2236 ἀφίκετο
435 2168 526 2221 ἐπὶ
567 2167 825 2236 Οὕγκραν
851 2166 951 2235 τῆς
981 2166 1227 2234 Φρυγίας
1259 2165 1439 2221 πάλιν.
1479 2165 1646 2218 Ἔνθα
1675 2163 1738 2232 δὴ

161 2263 258 2315 καὶ
301 2263 564 2333 Τεμήρης
613 2260 1107 2332 ἐστρατοπεδεύετο
1147 2262 1239 2314 ἐπὶ
1283 2258 1524 2322 Μυσίαν,
1569 2260 1626 2310 ἐν
1663 2257 1741 2328 νῷ

161 2356 304 2425 ἔχων
357 2357 452 2408 καὶ
485 2356 580 2409 ἐπὶ
625 2354 899 2424 Προύσαν,
947 2357 1016 2408 τὰ
1073 2355 1328 2425 βασίλεια
1387 2351 1738 2422 Παιαξήτεω,

163 2448 590 2519 στρατεύεσθαι.
627 2449 716 2511 Ὠς
768 2447 826 2501 δέ
880 2446 1050 2517 αγχοῦ
1094 2446 1311 2515 ἐγένετο
1339 2447 1434 2500 τοῦ
1470 2447 1742 2517 Τεμήρεω

163 2541 601 2612 στρατεύματος,
633 2540 1130 2612 ἐστρατοπεδεύετο
1161 2540 1257 2592 καὶ
1287 2539 1448 2601 αὐτὸς
1492 2539 1586 2590 ἐπὶ
1616 2555 1742 2593 στα-

161 2638 312 2699 δίους
348 2638 762 2700 πεντεκαίδεκα,
797 2638 901 2688 ἀπὸ
933 2635 1027 2689 τοῦ
1057 2636 1327 2706 Τεμὴρεω
1355 2633 1740 2703 στρατοπέδου.

167 2731 342 2784 Ἔνθα
381 2731 447 2802 δὴ
486 2731 706 2800 λέγεται
731 2730 810 2801 τῷ
843 2731 1098 2800 Τεμὴρῃ,
1129 2729 1204 2792 ὡς
1251 2729 1474 2780 ἐπιόντα
1517 2743 1744 2795 στρατο-

164 2825 494 2878 πεδεύεσθαι
548 2824 798 2889 ἐπύθετο,
832 2823 1116 2891 θαυμάσαι
1161 2839 1220 2874 τε
1253 2820 1352 2890 τὴν
1402 2820 1610 2888 τόλμαν
1641 2819 1744 2871 αύ-

162 2918 280 2977 τοῦ,
322 2917 418 2971 καὶ
465 2918 540 2980 ὡς
589 2919 698 2970 άπὸ
743 2917 1046 2987 ’Δρμενίων
1090 2914 1226 2984 ταχὺ
1273 2914 1610 2982 παρεγένετο
1657 2911 1742 2964 ἐπ’

163 3007 355 3069 αὐτὸν,
389 3007 486 3060 καὶ
535 3007 610 3070 ὡς
658 3007 804 3060 οὓτω
853 3009 915 3060 ἐκ
972 3005 1066 3059 τοῦ
1108 3005 1386 3073 ἐμφανοῦς
1444 3003 1745 3056 καθίστατο

162 3102 321 3170 αὐτῷ
376 3103 432 3164 ἐς
480 3102 681 3170 μάχην,
712 3099 856 3153 οὕτω
912 3099 975 3165 δὴ
1030 3100 1087 3151 ἐν
1118 3099 1268 3167 τάχει
1319 3097 1416 3149 σὺν
1453 3095 1530 3165 τῷ
1583 3113 1747 3160 στρα-

161 3193 406 3263 τεύματι
457 3193 720 3245 ἐλαύνων.
754 3192 863 3244 Καὶ
914 3192 998 3257 ἐφ’
1054 3157 1223 3242 ἵππου
1274 3191 1337 3255 δὴ
1369 3157 1587 3255 λέγεται
1618 3157 1750 3240 άνα-
1778 3178 1823 3238 C
1855 3157 2046 3224 €033“-

164 3285 367 3350 ὁὰντα,
402 3285 593 3338 ἐλάσαι
639 3301 700 3337 τε
746 3285 827 3337 ὅτι
885 3282 1175 3352 ἐγγυτάτω
1232 3280 1327 3334 τοῦ
1383 3280 1746 3351 στρατοπέδου

164 3378 527 3447 Παιαζήτεω,
563 3378 658 3430 καὶ
707 3375 808 3439 τάς
849 3375 1097 3443 φυλακάς
1151 3374 1508 3440 θεασάμενον,
1550 3373 1643 3424 καὶ
1689 3373 1751 3424 th

167 3470 570 3538 στρατόπεδον,
615 3470 690 3532 ὡς
743 3469 1045 3536 ἐσκήνωτο,
1105 3465 1488 3535 ἀνακαγχάσαι
1540 3483 1600 3516 τε
1658 3464 1752 3516 καὶ

166 3567 351 3617 εἰπεῖν
379 3581 394 3596 ·
440 3563 628 3626 Ἄξιος
677 3563 808 3632 ἡμῖν
847 3554 1002 3625 οὗτος
1031 3560 1261 3612 λαίλαπι
1297 3557 1752 3628 παραϐάλλεσθαι

166 3659 272 3727 τῆς
304 3658 509 3727 τόλμης
539 3655 723 3709 αὐτοῦ.
755 3654 828 3707 O'J
869 3655 1051 3723 μέντοι
1081 3670 1146 3718 γε
1192 3651 1396 3722 ἀρετῆς
1429 3650 1592 3704 ἕνεκα
1623 3649 1748 3719 χαί-

167 3771 285 3823 ρων
334 3768 399 3819 γε
442 3749 839 3814 ἀπαλλάξεται.
874 3749 1093 3799 Ἔοικεν
1158 3745 1260 3798 ὑπὸ
1308 3744 1564 3812 δαίμονος
1595 3742 1755 3795 πολε-

169 3847 302 3914 μίου
357 3843 680 3896 ἐλαύνεσθαι
709 3839 855 3892 οὕτω
904 3841 1050 3893 πάνυ
1081 3854 1095 3869 '
1145 3838 1457 3907 μελαγχολᾷ
1495 3838 1604 3906 γὰρ
1637 3836 1702 3906 δὴ
1729 3837 1756 3888 ὁ

165 3938 550 4006 κακοδαίμων,
581 3936 674 3988 καὶ
707 3934 890 3987 οὐκέτι
932 3934 1225 4002 σωφρονεῖ.
1261 3931 1449 3982 Ταῦτα
1501 3930 1754 3991 εἰπόντα.

165 4034 370 4087 ἐλάσαι
431 4048 490 4082 τε
552 4029 642 4080 ἐπὶ
698 4027 758 4078 τὺ
807 4023 1004 4078 ἑαυτοῦ
1068 4024 1470 4093 στρατόπεδον,
1532 4025 1626 4075 καὶ
1688 4026 1755 4092 τῇ

166 4123 449 4194 ὑστεραία
501 4119 686 4184 αὑτὸν,
737 4118 833 4171 σὺν
883 4120 997 4180 τοῖς
1054 4119 1297 4186 ἀρίστοις
1348 4115 1514 4167 αὑτοῦ
1565 4114 1758 4184 ἔχοντα

166 4220 323 4290 ἀμφὶ
365 4220 433 4287 τῇ
468 4217 512 4247 ⁸⁸
548 4213 860 4283 ἐπιπέμψαι
888 4210 1202 4280 Σαχροῦχον
1239 4211 1284 4240 ’⁵
1318 4208 1408 4261 τὸν
1444 4208 1612 4261 παῖδα
1666 4210 1758 4260 αὕη

167 4310 267 4364 τοῦ
319 4309 416 4361 ἐπὶ
461 4304 773 4374 Παιαζήτῃ.
818 4301 1088 4355 Ἐνταῦθα
1138 4300 1213 4361 ὡς
1256 4299 1457 4370 ᾔσθετο
1495 4297 1668 4352 ἐπιὼν
1703 4300 1761 4352 τὸ

167 4406 456 4474 Τεμήρεω
509 4401 838 4470 στράτευμα,
873 4397 990 4449 κατ’
1040 4396 1204 4448 αὐτοῦ
1258 4392 1608 4465 παρετάξατο
1664 4394 1761 4446 καὶ

167 4501 346 4560 αὐτὸς
411 4497 504 4550 ἐπὶ
559 4494 724 4560 λόφου
780 4491 946 4554 τιν’)ς.
997 4489 1074 4552 ὼς
1127 4489 1494 4559 μαχούμενος.
1547 4488 1655 4540 Καὶ
1701 4487 1761 4539 τὸ
1795 4517 1839 4573 D

169 4593 467 4662 εὐώνυμον
497 4587 664 4641 αὐτοῦ
706 4584 873 4656 μέρος
923 4583 1018 4636 τοῦ
1056 4581 1290 4649 κέρατος
1325 4577 1471 4650 εἶχεν
1499 4583 1526 4633 ὁ
1555 4579 1656 4649 τῆς
1687 4580 1760 4631 ἕω

171 4685 520 4757 στρατηγός.
572 4681 647 4735 Τὸ
713 4681 771 4734 δὲ
827 4679 999 4743 δεξιὴν
1050 4673 1194 4748 εἶχεν
1251 4678 1279 4728 ὁ
1336 4678 1435 4744 τῆς
1493 4675 1765 4746 Εὐρώπης

170 4780 449 4850 ἡγεμών·
486 4778 543 4829 ἐν
578 4774 729 4844 μέσῳ
753 4772 810 4826 δὲ
841 4773 934 4823 ἐπὶ
964 4769 1057 4823 τοῦ
1095 4770 1261 4837 λόφου
1296 4767 1480 4837 ἵδρυτο
1521 4769 1548 4820 ὀ
1592 4767 1765 4818 Παιαο

171 4875 357 4944 ζὴτης
402 4870 501 4923 σὺν
555 4870 667 4929 τοῖς
719 4867 939 4936 νεήλυσι
974 4865 1065 4916 καὶ
1114 4863 1227 4924 τοῖς
1274 4859 1411 4931 ἁμιρ¹
1447 4859 1630 4912 αὐτόν.
1665 4859 1764 4910 Σα-

171 4966 420 5037 χροῦχος
484 4963 542 5016 δὲ
601 4961 744 5031 ἔχων
799 4961 926 5022 τοὺς
979 4957 1356 5027 ἰ’ζαχατάῖδας
1409 4955 1476 5018 ’⁸,
1510 4955 1601 5006 καὶ
1655 4951 1765 5004 τῶν

172 5057 419 5130 Περσῶν
485 5057 611 5117 τοὺς
665 5054 946 5122 άρίστιυς,
996 5051 1155 5120 ἐπῄει
1213 5047 1629 5115 συντεταγμένῳ
1685 5045 1765 5114 τῷ

178 5149 566 5222 στρατεύματι
596 5147 689 5200 ἐπὶ
718 5145 1054 5215 Παιαζήτην.
1090 5144 1163 5195 Οὐ
1197 5145 1380 5212 μέντοι
1409 5159 1472 5209 γε
1500 5138 1763 5193 ἐκυκλοῦ-

174 5263 260 5302 το.
303 5241 447 5295 ἀλλὰ
495 5239 667 5292 ἐδίδου
723 5236 909 5308 χώραν
957 5235 1198 5297 ἀπιέναι,
1254 5235 1301 5285 εἰ
1359 5231 1656 5302 βούλοιντο,
1693 5230 1768 5293 ὡς

1840 558 2028 612 libenti
2072 557 2254 610 animo
2299 556 2364 607 ad
2400 566 2637 622 pugnam
2671 548 2966 603 accedunt.
2996 543 3304 600 ‘Jtdicendt
3352 543 3416 593 li-

1838 668 1960 707 nem
1995 651 2122 705 fecit
2155 665 2271 710 rex,
2304 663 2449 703 unus
2484 646 2551 700 de
2575 659 2810 697 numero
2843 657 3034 695 nuvem
3079 639 3278 692 ducum
3310 637 3418 688 liu-

1833 744 2074 816 jusmodi
2107 756 2416 798 sermonem
2444 739 2632 794 habuit
2659 755 2673 793 :
2700 737 2969 801 Quoniam
2996 733 3186 803 igitur,
3224 746 3257 784 o
3295 747 3414 793 rex,

1839 847 2046 893 certum
2086 845 2188 902 est,
2227 845 2282 891 et
2309 836 2492 888 animo
2526 842 2620 887 tuo
2644 831 2756 898 jam
2793 829 2988 890 lixum,
3024 835 3082 880 ut
3112 827 3166 880 in
3201 826 3414 877 hostem

1841 947 2153 1003 pergamus,
2184 945 2282 999 age
2311 930 2604 982 thesauros
2652 935 2776 978 tuos
2815 920 3060 980 reclude.
3121 929 3174 972 et
3200 918 3421 984 dispar-

1843 1025 1944 1082 tire
1969 1041 2063 1080 eos
2097 1041 2191 1094 per
2208 1022 2513 1078 exercitum
2547 1020 2914 1074 laborantem.
2965 1014 3263 1080 Utcunque
3295 1011 3423 1062 inde

1842 1117 1970 1173 belli
1999 1116 2260 1173 ceciderit
2287 1114 2425 1180 alea,
2449 1112 2493 1168 si
2527 1111 2581 1165 in
2605 1126 2728 1166 eum
2762 1109 2980 1163 modum
3005 1106 3297 1160 thesaurus
3319 1101 3424 1154 mi-

1841 1211 2030 1265 litibus
2054 1207 2429 1269 distribueris,
2470 1204 2631 1259 nobis
2664 1204 2716 1256 hi
2752 1203 2906 1256 lucro
2935 1208 3124 1254 erunt.
3159 1198 3214 1251 Si
3252 1197 3426 1250 victo-

1842 1304 1936 1357 riae
1962 1317 2147 1356 casum
2193 1299 2593 1361 invenerimus,
2623 1296 2892 1350 immensa
2937 1293 3211 1347 bonorum
3245 1289 3428 1343 aderit

1843 1393 2022 1463 copia.
2058 1393 2117 1448 Si
2143 1392 2308 1446 Persa
2341 1391 2554 1453 vicerit,
2586 1405 2695 1443 non
2725 1385 3036 1458 paenitebit.
3066 1382 3426 1452 quemadmo-

1844 1486 1972 1540 dum
1996 1484 2258 1549 consulo,
2285 1498 2408 1537 cum
2440 1481 2719 1538 thesauris
2745 1480 2946 1548 egisse.
2976 1475 3205 1546 Pajaziti
3238 1485 3427 1528 tamen

1845 1578 2184 1649 persuadere
2246 1575 2521 1646 nequivit.
2584 1575 2728 1626 Hinc
2793 1573 2971 1626 fertur
3008 1571 3117 1623 dux
3167 1568 3424 1621 dixisse:

1847 1672 1992 1742 Ergo
2055 1669 2288 1725 Temiris
2342 1669 2557 1738 signum
2611 1663 2875 1734 Pajazitis
2922 1663 3197 1716 numisma
3255 1670 3426 1713 tenet.

1849 1763 2030 1830 Quare
2062 1770 2368 1831 permotus,
2402 1775 2509 1813 non
2543 1759 2710 1811 audet
2741 1755 2794 1809 id
2827 1753 3168 1807 distribuere
3195 1766 3290 1819 per
3329 1751 3431 1802 mi-

1851 1857 1992 1911 lites.
2025 1855 2152 1910 Haec
2171 1853 2395 1924 quidem
2444 1852 2712 1906 hactenus
2754 1845 3098 1902 deliberabat
3132 1843 3428 1912 Pajuzites.

1850 1948 2046 2004 Postea
2114 1945 2490 2016 proﬁciscens,
2525 1956 2650 1995 cum
2703 1939 2845 1994 nihil
2878 1937 3189 2005 perliceret,
3240 1948 3432 2003 pervc-

1848 2041 1930 2095 nit
1957 2040 2194 2096 Uncram
2235 2036 2347 2106 (77)
2382 2032 2628 2105 Phrygiae
2666 2031 2885 2085 urbem.
2919 2028 2996 2083 lbi
3025 2042 3151 2081 cum
3179 2026 3430 2080 exercitu

1848 2141 1986 2189 erat.
2014 2141 2068 2187 et
2089 2132 2334 2186 Temires
2355 2127 2556 2182 bellum
2577 2137 2906 2195 promovons
2926 2131 3122 2176 contra
3172 2117 3428 2188 Mysiam,

1850 2228 2035 2283 animo
2058 2227 2273 2296 agitans
2300 2222 2443 2278 bello
2481 2229 2666 2291 petere
2691 2219 2944 2278 Prusam.
2978 2215 3186 2284 regiam
3217 2213 3433 2280 Pajazi-

1850 2324 1921 2378 tis
1962 2320 2171 2378 sedem.
2213 2319 2349 2374 Cum
2406 2327 2588 2371 autem
2637 2311 3142 2384 appropinquasset
3194 2305 3432 2360 Tetniris

1850 2415 2145 2477 exercitui,
2203 2415 2368 2467 etiam
2432 2411 2550 2480 ipse
2597 2414 2783 2462 castra
2827 2405 3037 2475 posuit,
3072 2400 3251 2470 spatio
3291 2399 3434 2451 inter

1853 2519 2216 2577 utrorumque
2262 2514 2447 2559 castra
2505 2502 2699 2556 relicto
2746 2497 3057 2553 stadiorum
3090 2491 3431 2563 quindecim.

1852 2605 2019 2659 Fama
2050 2610 2156 2665 est,
2191 2599 2491 2662 Temirem,
2529 2605 2590 2652 ut
2627 2593 2839 2662 accepit
2878 2593 2932 2644 in
2965 2589 3279 2659 propinquo
3309 2597 3434 2638 esse

1854 2713 1978 2751 cum
2012 2692 2259 2749 exercitu
2296 2689 2621 2758 Pajazitem,
2660 2685 2765 2738 viri
2793 2681 3084 2738 audaciam
3137 2674 3433 2730 admodum

1853 2786 1976 2844 esse
2017 2787 2303 2846 miratum,
2353 2781 2613 2835 videlicet
2653 2775 2800 2848 quod
2840 2783 2992 2829 tanta
3048 2772 3336 2827 celeritate
3369 2783 3436 2820 ex

1854 2880 2115 2936 Armenia
2149 2878 2258 2948 82
2305 2875 2572 2935 venisset,
2613 2878 2667 2925 et
2715 2869 2826 2936 jam
2883 2882 2949 2921 ex
3005 2870 3197 2932 aperto
3249 2874 3435 2913 secum

1855 2976 2058 3032 bellum
2095 2979 2331 3042 gereret.
2368 2967 2690 3022 Conscenso
2729 2961 2899 3031 igitur
2929 2973 3098 3027 equo.
3158 2953 3440 3025 profectus

1855 3079 1962 3134 est,
2000 3079 2053 3125 et
2079 3083 2242 3138 quam
2274 3064 2522 3134 proxime
2547 3059 2722 3128 potuit
2747 3057 2813 3110 ad
2838 3053 3100 3121 Pajazitis
3131 3057 3315 3103 castra
3350 3063 3441 3098 ac-

2084 3164 2161 3220 Ut
2184 3171 2364 3217 autem
2393 3157 2672 3214 custodias
2695 3164 2751 3210 et
2771 3151 3007 3221 vigilias,
3035 3161 3246 3200 necnon
3272 3143 3437 3197 si'um

1859 3272 2165 3317 castrorum
2199 3264 2285 3310 est
2312 3253 2652 3324 speculatus,
2678 3262 2800 3302 cum
2827 3245 2943 3298 risu
2973 3241 3150 3295 fertur
3183 3236 3390 3292 dixisse
3425 3251 3439 3287 :

1856 3357 2064 3423 Dignus
2112 3349 2361 3420 profecto
2396 3345 2474 3398 vir
2510 3343 2600 3396 ille
2634 3349 2743 3403 est,
2808 3347 2868 3391 ut
2922 3331 3134 3387 turbini
3185 3327 3444 3382 confera-

1858 3458 1946 3501 tur
1968 3445 2106 3515 (78),
2134 3457 2243 3496 non
2275 3448 2500 3509 propter
2529 3449 2684 3490 suam
2717 3434 3002 3491 virtutem,
3031 3437 3219 3479 verum
3266 3418 3442 3486 magis

1856 3546 2083 3610 propter
2123 3533 2393 3602 insignem
2421 3525 2731 3582 audaciam.
2771 3523 3023 3574 Attamen
3054 3515 3322 3585 praeclare
3359 3528 3446 3564 se-

1857 3646 1985 3686 cum
2021 3637 2205 3683 actum
2241 3640 2364 3678 esse
2388 3621 2621 3692 putabit,
2661 3616 2705 3671 si
2747 3614 2948 3684 poterit
2981 3606 3275 3664 incolumis
3303 3604 3441 3658 cB'n-

1858 3740 2009 3796 gcre.
2052 3722 2227 3777 Genio
2284 3734 2382 3771 suo
2436 3728 2628 3784 parum
2694 3710 2890 3764 dextro
2954 3704 3269 3769 inSIigatnr,
3312 3698 3448 3750 adeo

1859 3816 2184 3889 planissime
2235 3809 2437 3864 insanit
2468 3807 2550 3859 vir
2609 3804 2721 3866 ille,
2754 3814 2858 3853 nec
2918 3795 3155 3850 rationis
3201 3791 3445 3858 amplius

1861 3884 2088 3978 compos
2115 3903 2432 3960 estinlelix.
2456 3899 2551 3954 llis
2575 3897 2740 3952 dictis
2773 3903 2831 3948 ut
2868 3894 3027 3947 linem
3062 3887 3277 3943 statuit.
3299 3884 3450 3937 cele-

1864 4007 1998 4060 riter
2041 4004 2092 4054 in
2119 4009 2299 4054 castra
2332 4011 2430 4052 sua
2488 4007 2745 4047 reversus
2784 3997 2891 4043 est.
2930 3986 3158 4038 Postero
3201 3980 3290 4034 die
3321 3994 3446 4031 cum

1863 4097 2074 4152 delecta
2109 4108 2271 4147 manu
2326 4089 2556 4142 militum
2601 4098 2832 4138 numero
2864 4079 3089 4133 circiter
3141 4073 3252 4142 (79)
3304 4069 3452 4123 misit

1866 4187 2254 4247 Sachruchum
2292 4185 2460 4237 ﬁlium
2495 4187 2690 4232 contra
2740 4172 3064 4241 Pajazitent.
3106 4167 3233 4234 Qui,
3273 4173 3331 4218 ut
3360 4178 3452 4216 ac-

1867 4285 2012 4354 cepit
2045 4281 2336 4335 adversnm
2365 4290 2424 4329 se
2452 4283 2746 4342 properare
2767 4266 3006 4325 hostem,
3029 4261 3198 4316 aciem
3225 4257 3455 4312 instruit

1868 4353 2098 4431 inrcolle
2139 4371 2403 4442 quodam,
2445 4379 2601 4434 quast
2647 4374 2847 4430 pugnae
2906 4355 3118 4422 copiam
3178 4353 3453 4406 tacturus.

1870 4468 2168 4523 Sinistrum
2202 4476 2371 4517 cornu
2400 4458 2621 4512 tenebat
2661 4453 2772 4505 dux
2808 4451 2876 4503 ab
2902 4449 3153 4508 Oriente,
3195 4445 3452 4497 dextrum

1873 4562 2100 4630 regebat
2131 4557 2238 4611 dux
2267 4555 2496 4619 EurOpa:
2527 4567 2540 4598 :
2568 4549 2622 4602 in
2659 4543 2840 4599 medio
2878 4551 3064 4594 autem
3097 4536 3332 4590 curabat
3354 4532 3456 4584 Pa-

1869 4627 2065 4728 jazites
2097 4666 2218 4705 cum
2246 4643 2551 4718 peregrinis
2582 4650 2637 4695 et
2665 4635 3002 4693 satellitibus
3039 4633 3179 4684 suis.
3216 4627 3457 4682 Sacbru-

1872 4721 2010 4806 chus
2043 4746 2251 4799 habens
2275 4734 2679 4793 Tzachataidas
2713 4739 2764 4785 et
2788 4729 3082 4784 Persarum
3129 4721 3454 4790 nptimates,

1874 4841 2134 4916 pergebat
2157 4835 2372 4905 agmine
2400 4825 2709 4896 composito
2743 4828 2937 4874 contra
2967 4814 3262 4885 Pajazitrm
3303 4825 3318 4862 :
3355 4822 3457 4860 nec

1875 4901 2057 4991 tamen
2100 4944 2195 4984 eos
2253 4918 2654 4980 circumvenire
2695 4911 2993 4971 statuebat,
3031 4903 3344 4959 eunt-edens
3377 4901 3456 4966 ip-

1875 5029 1951 5083 sis
1994 5019 2252 5084 abeundi,
2285 5017 2328 5070 si
2366 5013 2583 5073 vellent,
2612 5009 2797 5062 locum
2832 5018 2844 5051 ε
2887 5017 2955 5056 ne
2975 4999 3187 5053 scilicet
3217 4995 3458 5046 circum-

1876 5119 2025 5175 venti
2078 5117 2148 5170 ab
2200 5112 2348 5166 omni
2386 5114 2540 5177 parte
2580 5119 2647 5158 ex
2702 5095 3108 5168 desperatione,
3157 5088 3312 5157 quasi
3369 5087 3457 5138 in-

1875 5210 2038 5271 clusi,
2067 5204 2279 5259 animos
2306 5175 2614 5257 sumerent,
2651 5199 2706 5244 et
2729 5188 2912 5243 acrius
2941 5199 3038 5254 pro
3065 5181 3242 5235 salute
3261 5175 3460 5231 deinde

1489 5348 1737 5410 Notulte
1783 5343 2191 5422 marginales.

259 5464 379 5529 (77)
414 5460 555 5515 Olim
585 5462 819 5528 Ancyra.
863 5473 1009 5510 nunc
1059 5454 1283 5529 Angori.

259 5524 380 5600 (78)
426 5534 608 5586 Dictus
651 5524 794 5580 enim
827 5535 912 5581 est
944 5528 1211 5594 l‘ajazitus
1239 5524 1462 5600 Laelapa:

265 5593 383 5677 (79')
423 5604 690 5656 Numerus
727 5608 944 5652 nonest
977 5593 1031 5650 in
1074 5597 1372 5664 exemplari
1427 5595 1632 5648 Cranen.
1679 5593 1781 5649 Setl

263 5756 306 5784 ²¹
347 5749 467 5804 lit-at
497 5750 550 5800 ἀ.
666 5746 709 5775 ³³
738 5742 816 5794 ὃν.
957 5741 1000 5771 ’³
1025 5741 1179 5794 aviti.
1217 5739 1274 5794 ίῖ.
1298 5751 1353 5792 ut
1392 5741 1442 5792 in
1466 5755 1511 5791 ι’.

189 5825 380 5886 mide;
418 5831 462 5872 ct
488 5819 649 5887 infra.
692 5816 774 5868 ΑΙ.
805 5813 927 5867 utin
953 5828 997 5864 ς.

1627 5738 1670 5768 ²⁴⁶
1734 5735 1880 5804 ἀμφὶ
1920 5733 2005 5799 τῇ.
2039 5769 2085 5779 ..

1889 5448 2062 5503 Sclt'lt
2104 5445 2326 5508 Pcrger,
2357 5438 2450 5506 qui
2493 5433 2764 5494 interluit,
2795 5422 3217 5508 ponitnsedecics
3243 5429 3462 5471 rentum

1885 5519 2054 5572 millia
2090 5495 2443 5570 virorntnxet
2479 5507 2624 5557 tnillu
2654 5495 2914 5572 camelos.
2948 5495 3204 5572 Pajnsitm
3235 5508 3363 5542 veru
3387 5500 3465 5539 at»

2117 5567 2498 5655 quaterdecies
2534 5582 2750 5630 centum
2782 5570 2947 5622 millia
2981 5567 3244 5617 \‘iruz'ttm.

3165 5703 3202 5731 Τ
3318 5714 3368 5750 ια
3377 5714 3467 5765 χε)-

2163 5730 2250 5780 ὲπ,
2323 5725 2487 5790 Σαχρ.
2608 5718 2647 5744 ³⁵
2701 5707 3029 5779 Σαιχριιῦχον
