4202 6430
750 381 853 447 159

1842 384 2155 444 LAONICI
2210 384 2879 444 CHALCOCONDYLEE

3911 386 4005 451 160

750 501 1029 548 certantes
1059 492 1350 547 victoriam
1380 492 1718 560 invenirent,
1743 493 1923 563 primo
1962 507 2221 562 agressus
2246 502 2330 548 est

2437 497 2502 547 ἂν
2538 498 2613 564 μὴ
2652 496 3038 564 κυκλούμενοι,
3067 500 3218 566 σφῶν
3266 500 3552 569 ἀμείνονες
3589 499 3850 568 γένοιντο,
3882 506 4006 572 περὶ

755 584 986 654 Europa:
1027 587 1353 640 exercitum.
1400 584 1470 640 Ut
1510 595 1692 640 autem
1730 601 1912 656 pugna
1969 586 2037 640 ad
2088 587 2326 640 multum

754 680 864 733 diei
894 687 977 731 est
1015 688 1291 741 extracta,
1326 694 1504 748 neque
1552 680 1794 748 quietem
1830 695 1855 731 a
1895 678 2189 749 pugnando
2229 677 2333 732 Pa-

752 772 936 838 jazitis
972 771 1177 825 Ini!itrs
1207 772 1496 834 baberent,
1535 772 1608 824 ibi
1649 770 1875 825 Triballi
1929 771 2179 841 pristina:
2219 784 2336 826 suae

754 859 973 916 virtutis
999 863 1558 932 memores,pr:elium
1589 864 1810 917 ciebant
1835 877 2029 931 magna
2063 878 2190 915 cum
2225 863 2334 918 lor-

755 954 991 1007 titmline
1026 962 1079 1008 et
1112 955 1281 1022 gloria
1321 972 1334 1009 :
1376 955 1751 1024 impetumque
1778 954 1972 1008 dantes
2000 954 2053 1009 in
2086 954 2334 1010 'l'zacba-

758 1046 960 1106 taiilas,
996 1047 1185 1101 hastas
1230 1047 1603 1115 inlregcrunt,
1649 1061 1846 1115 magna
1884 1062 2007 1100 cum
2042 1048 2335 1102 vehemen-

760 1138 833 1191 tia
860 1140 1047 1206 praslio
1101 1140 1508 1193 incumbentes.
1555 1138 1827 1207 Pajazites
1878 1148 1938 1193 ut
1984 1140 2338 1209 conspicatus

759 1240 843 1285 est
874 1230 1198 1301 Europaaum
1233 1231 1535 1285 exercitum
1568 1230 1789 1299 longius
1819 1247 1848 1284 a
1880 1246 1939 1285 se
1973 1242 2221 1286 evectum
2242 1247 2340 1286 cu—

763 1324 948 1391 pidine
978 1339 1194 1393 pugnae.
1232 1324 1384 1378 illico
1414 1323 1611 1378 ducem
1645 1324 1897 1393 Europaai
1945 1327 2225 1379 exercitus
2256 1339 2339 1379 rc-

761 1424 944 1478 vocat,
985 1416 1203 1479 timens,
1242 1430 1307 1469 ne
1330 1416 1375 1470 si
1407 1415 1527 1485 ejus
1558 1416 1836 1469 exercitus
1866 1422 2014 1469 esset
2060 1415 2279 1484 longius
2307 1428 2336 1466 a

761 1514 946 1560 monte
969 1506 1279 1569 submotus,
1315 1506 1433 1576 ipse
1463 1506 1531 1559 ab
1581 1505 1836 1560 hostibus
1888 1505 2339 1560 circumducere-

760 1604 950 1659 ωτι-,οι
983 1597 1034 1648 in
1078 1596 1386 1665 periculmn
1438 1597 1564 1651 vita:
1615 1599 1844 1651 veniret.
1897 1594 2127 1652 Jubebat
2171 1597 2339 1663 igitur

761 1706 883 1743 eum
909 1690 1119 1759 regredi
1156 1707 1208 1744 ιιι
1241 1706 1365 1745 cum
1390 1691 1594 1753 locum,
1618 1690 1710 1743 ubi
1753 1689 2001 1743 abinitio
2033 1688 2339 1743 collocatus

760 1790 901 1834 erat.
940 1781 1007 1833 At
1056 1780 1164 1834 dux
1204 1781 1381 1849 primo
1410 1794 1755 1849 nequaquam
1779 1781 1927 1834 dicto
1960 1780 2190 1835 audiens
2212 1780 2337 1843 fuit,

2431 588 2607 657 ψυχῆς
2638 589 3053 658 ἀγωνιζόμενοι,
3095 591 3355 644 συνέΰαλέ
3402 610 3459 646 τε
3494 594 3637 646 κατὰ
3670 595 3731 647 τὸ
3762 593 3863 661 τῆς
3909 597 4008 648 Εὐ-

2436 682 2627 750 ρώπης
2666 681 3005 750 στράτευμα,
3042 682 3135 734 καὶ
3183 685 3455 753 ἐμάχετοο
3486 685 3563 746 ὼς
3609 684 3699 737 ἐπὶ
3744 684 3881 738 πολὺ
3913 685 4009 755 μὲν

2434 776 2535 843 τῆς
2563 772 2779 842 ἡμέρας
2812 775 3099 846 ἐμάχοντο,
3128 776 3268 829 ὥστε
3302 778 3425 845 μηδ’
3448 776 3825 830 ἀναπαύεσθαι
3871 778 4011 845 ἔχειν

2435 866 2495 919 τδ
2551 866 2867 938 Παιαξήτου
2918 869 3258 938 στράτευμα.
3316 869 3616 938 Τριϐαλλοὶ
3660 870 3715 922 δὲ
3775 871 4011 923 ἐνταῦθα

2437 958 2632 1025 ἄνδρες
2682 960 2967 1029 γενόμενοι
3015 961 3235 1026 ἀγαθοὶ,
3294 963 3563 1032 ἐμάχοντο
3616 961 3782 1025 ἀξίως
3826 961 4013 1026 λόγου,

2438 1051 2533 1104 καὶ
2555 1052 2883 1120 ἐμϐαλόντες
2914 1056 2971 1115 ἐς
2994 1053 3121 1116 τοὺς
3155 1054 3555 1123 Τζαχατάῖδας,
3610 1054 3679 1106 τά
3724 1071 3781 1107 τε
3814 1054 4016 1120 δόρατα

2439 1142 2735 1208 κατέαξαν,
2768 1147 2862 1197 καὶ
2909 1143 3300 1212 διηγωνίζοντο
3350 1146 3727 1211 ἐντεταμένως
3764 1145 4014 1213 ἐχόμενοι

2438 1236 2533 1289 τοῦ
2563 1234 2749 1303 ἔργον.
2784 1236 3103 1306 Ιῐαιαζήτης
3130 1236 3207 1299 δέ,
3229 1235 3302 1297 ὡς
3336 1236 3480 1306 ἐώρα
3510 1234 3573 1287 τδ
3612 1235 3709 1304 τῆς
3742 1235 4014 1303 Εὐρώπης

2439 1326 2592 1396 αύτῷ
2623 1329 2939 1397 στράτευμα
2963 1328 3187 1396 κινηθέν
3212 1329 3271 1390 ἐς
3304 1333 3514 1397 πρόσω,
3548 1328 3641 1380 καὶ
3678 1328 4015 1396 μαχόμενον.

2439 1419 2757 1472 ἀνεκαλεῖτο
2790 1420 2891 1488 μὲν
2912 1420 2969 1472 ἐν
2994 1421 3061 1489 τῇ
3108 1421 3259 1489 ἀκμῇ
3285 1419 3384 1487 τῆς
3414 1417 3684 1487 Εὐρώπης
3716 1420 3807 1471 τείν
3854 1435 4010 1486 στρα-

2439 1510 2644 1578 τηγὸν,
2692 1509 2950 1582 ὀρρωδῶν
3003 1510 3081 1580 μὴ
3129 1510 3471 1580 παρασυρεὶς
3523 1509 3830 1577 κυκλωθείη
3856 1547 3871 1572 ,
3923 1508 4014 1558 καὶ

2442 1600 2763 1669 κινδυνεύσῃ
2796 1600 3185 1669 διαφθαρῆναι,
3234 1598 3624 1671 μετεπέμπετο
3672 1600 3729 1662 ὲς
3773 1597 3867 1649 τὸν
3908 1597 4013 1663 χῶ·

2444 1706 2555 1760 ρον,
2588 1691 2645 1753 ἐς
2683 1690 2741 1744 δν
2775 1691 2959 1760 ἵδρυτο
3002 1690 3103 1760 τὴν
3143 1692 3341 1760 ἀρχήν.
3378 1691 3487 1744 Kai
3526 1690 3718 1760 πρῶτα
3772 1689 3874 1758 μὲν
3918 1689 4015 1757 οὐχ

2443 1785 2742 1853 ὑπήκουσε,
2773 1782 2964 1847 δεδιὼς
3001 1783 3063 1837 τὸ
3097 1785 3367 1853 πρᾶγμα·
3423 1783 3566 1851 μετά
3617 1784 3674 1836 δὲ
3720 1782 3796 1845 ὡς
3826 1784 4015 1849 ἐπιφε-

762 1872 970 1927 veritus
987 1888 1098 1927 rem
1132 1888 1252 1942 qua:
1276 1874 1594 1941 parabatur.
1621 1872 1825 1927 Deinde
1860 1888 1986 1927 cum
2015 1889 2104 1927 rex
2133 1873 2338 1927 violen-

2444 1877 2675 1948 ρομένου
2729 1875 2879 1945 αύτῷ
2916 1874 3012 1928 τοῦ
3064 1875 3358 1945 βασιλέως,
3400 1875 3495 1929 καὶ
3536 1874 4014 1946 βλασφημοῦντος,

762 1966 873 2020 tius
895 1967 1126 2027 saeviret,
1150 1980 1251 2021 nec
1280 1966 1543 2021 conviciis
1572 1965 1895 2029 abstineret,
1924 1966 2125 2033 paruit,
2160 1967 2338 2020 acies-

760 2073 869 2127 que
921 2066 1175 2112 revocata
1227 2066 1333 2113 est.
1391 2058 1468 2111 lbi
1526 2066 1641 2111 tum
1679 2055 2083 2110 Tzachatatdes
2140 2059 2341 2112 acriter

762 2151 1054 2213 instantes,
1081 2150 1409 2205 occidebant
1427 2150 1636 2205 Turcos
1657 2151 1942 2218 plurimos.
1974 2151 2154 2203 donec
2180 2162 2336 2220 terga

760 2243 980 2300 darent.
1007 2244 1108 2310 Qui
1133 2259 1255 2297 cum
1285 2244 1536 2313 fugerent
1567 2244 2027 2313 persequentibus
2060 2243 2337 2307 hostibus,

761 2338 930 2389 etiam
963 2336 1240 2390 exercitus
1269 2336 1510 2390 Asianus
1545 2336 1689 2391 haud
1722 2336 1893 2401 stetit,
1928 2351 2119 2389 verum
2158 2337 2341 2391 conti-

764 2445 872 2483 nuo
904 2428 1084 2499 fugam
1126 2428 1363 2498 arripuit
1404 2428 1541 2499 (80).
1584 2428 1873 2497 Pajazites,
1911 2429 2103 2483 videns
2141 2429 2195 2482 in
2229 2444 2339 2497 quo

762 2532 903 2576 statu
943 2538 1032 2575 res
1067 2537 1178 2575 sua:
1208 2530 1418 2583 essent,
1449 2520 1774 2575 conscendit
1830 2536 2050 2589 equam,
2096 2523 2338 2589 totisque

764 2616 971 2670 viribus
1002 2616 1158 2678 fugit.
1196 2613 1467 2678 Temires,
1502 2629 1626 2669 cum
1675 2614 1830 2683 prius
1881 2615 2219 2682 praeconium
2253 2613 2338 2667 di-

764 2708 1007 2762 misiSset
1035 2705 1143 2776 83
1166 2720 1260 2774 per
1283 2714 1487 2769 castra,
1512 2720 1578 2759 ne
1602 2719 1764 2773 quem
1791 2704 1859 2758 de
1897 2704 2151 2768 Pajazitis
2183 2720 2339 2757 exer-

762 2800 875 2854 citu
927 2806 1208 2867 caperent.
1267 2804 1324 2849 et
1361 2796 1426 2850 ad
1492 2797 1891 2864 mancipiorum
1960 2796 2336 2849 conditionem

763 2892 1019 2947 miseram
1078 2889 1439 2951 deducerent,
1476 2889 1773 2943 curavitut
1816 2888 2071 2956 spoliatis
2103 2888 2338 2942 abii-eli-

764 2996 931 3037 reret.
962 2983 1081 3037 Non
1122 2981 1267 3035 enim
1304 2979 1385 3034 las
1415 2995 1537 3034 esse
1567 2979 1823 3041 ducebat,
1866 2991 1922 3033 ut
1943 2979 2172 3047 gentiles
2207 2993 2338 3034 suos

762 3074 830 3129 ad
871 3073 1270 3142 mancipiorum
1317 3070 1546 3124 formam
1593 3071 1933 3140 redigerent.
1969 3070 2036 3123 At
2069 3069 2338 3136 Pajazites

763 3166 1128 3228 contrarium,
1157 3172 1451 3232 antequam
1477 3161 1720 3230 praelium
1746 3163 2004 3226 iniretur,
2028 3176 2126 3231 per
2159 3172 2335 3216 castra
2362 3204 2405 3232 ,η

771 3273 900 3314 voce
933 3258 1204 3327 prmcnuis
1234 3255 1475 3310 nuntiari
1522 3256 1783 3322 jusserat,
1826 3269 2023 3324 nempe
2056 3262 2115 3308 ut
2149 3269 2338 3322 quem-

764 3365 981 3419 cunque
1011 3348 1080 3403 de
1108 3347 1339 3403 I‘cmiris
1375 3346 1645 3399 militibus
1680 3345 1882 3399 fuerint
1911 3346 2083 3407 nacti,
2122 3361 2249 3400 eum
2274 3346 2337 3399 il-

764 3445 872 3499 lico
900 3443 1319 3497 obtruncarent.
1378 3438 1733 3493 Sacbruchus
1767 3438 1935 3508 igitur
1962 3445 2022 3492 ut
2060 3438 2114 3491 in
2155 3436 2337 3507 fugam

764 3542 1004 3589 verterat
1031 3533 1265 3593 hostem,
1288 3530 1402 3599 jam
1433 3531 1669 3584 Temiris
1697 3530 1889 3597 c0piaa,
1908 3546 2029 3598 qua:
2048 3530 2103 3583 in
2140 3530 2340 3587 castris

764 3634 1171 3695 exspectaram,
1198 3624 1405 3692 junctae
1431 3622 1802 3691 pugnantibus
1851 3621 2054 3691 impetu
2088 3619 2339 3674 fereban-

764 3729 874 3778 tur.
918 3717 1161 3769 volentes
1198 3721 1528 3783 praevertere
1553 3711 1813 3780 Pajazitis
1838 3712 2164 3767 exercitum.
2193 3712 2339 3767 Con-

765 3810 909 3864 versi
936 3810 1121 3875 itaque
1152 3805 1222 3859 ad
1261 3803 1665 3874 populationes,
1699 3804 1994 3857 maximam
2027 3804 2339 3858 vastitatem

767 3902 947 3954 fecere
981 3899 1034 3952 in
1062 3896 1221 3951 lonia
1260 3905 1315 3950 et
1347 3894 1721 3965 Hellesponto.
1750 3892 1869 3949 Vici
1922 3897 2175 3964 occupati
2210 3903 2340 3949 sunt

767 3992 983 4060 plurimi
1025 4009 1039 4045 :
1074 3989 1336 4059 oppidula
1371 3988 1425 4041 in
1467 3986 1865 4041 desolationem
1892 3987 2199 4055 migrarunt
2222 3986 2339 4055 plu-

766 4086 926 4146 rima,
950 4082 1151 4150 ubique
1180 4078 1463 4149 equitibus
1482 4077 1717 4134 Temiris
1743 4077 1797 4132 in
1829 4077 2091 4148 Pajazitis
2117 4078 2340 4147 regione

763 4175 1163 4246 grassantibus.
1187 4172 1413 4226 Interim
1442 4183 1625 4225 autem
1674 4170 1788 4225 haec
1823 4170 2075 4224 accidere
2111 4168 2338 4239 Pajaziti

764 4268 1011 4339 fugienti.
1037 4266 1172 4318 Cum
1215 4265 1426 4336 fugeret
1457 4262 1843 4333 pernicissimo
1895 4276 2087 4326 cursu,
2123 4261 2341 4333 fugien-

761 4374 871 4417 tem
910 4358 1347 4426 insequebantur
1380 4354 1805 4418 Tzachataides,
1842 4353 2162 4408 aﬂectantes
2210 4368 2336 4407 eum

760 4466 975 4519 capere.
1002 4447 1120 4503 Jam
1161 4447 1397 4502 multum
1438 4445 1652 4500 itineris
1700 4442 1961 4515 fugiendo
1999 4445 2335 4511 confecerat,

2441 1967 2758 2023 ἀνεκαλεῖτο
2792 1966 2891 2036 τὴν
2942 1966 3216 2030 σύνταξιν.
3259 1966 3525 2020 Ἐνταῦθα
3554 1966 3605 2018 οί
3639 1964 4015 2035 Τζαχατάἶδες

2441 2061 2859 2123 ἐπεισπεσόντες
2907 2061 3022 2121 τοῖς
3067 2060 3353 2130 Τούρκοις,
3389 2059 3679 2113 ἐπέκειντο
3728 2058 3871 2112 πάνυ
3918 2075 4017 2123 φο-

2441 2153 2709 2217 νεύοντες,
2737 2157 2793 2217 ἐς
2852 2154 2882 2207 δ
2938 2153 3002 2223 δὴ
3061 2154 3117 2214 ἐς
3166 2155 3346 2225 φυγὴν
3410 2153 3758 2223 κατέστησαν
3812 2152 4017 2214 αὐτοὺς

2437 2246 2737 2315 τραπῆναι.
2782 2245 3052 2301 Ἐνταῦθα
3082 2245 3159 2310 ὡς
3185 2246 3446 2317 ὥρμηντο
3477 2246 3535 2309 ἐς
3566 2249 3767 2315 φυγὴν,
3801 2247 4018 2300 ἐπικει-

2442 2338 2620 2407 μένων
2645 2338 2753 2391 τῶν
2788 2336 3092 2407 πολεμίων,
3126 2338 3219 2390 καὶ
3251 2337 3313 2390 τδ
3347 2336 3458 2390 ἀπὸ
3491 2337 3590 2405 τῆς
3632 2336 3816 2399 Ἀσίας
3847 2336 4018 2402 στρα-

2437 2447 2617 2500 τευμα
2680 2431 2879 2486 αὐτίκα
2931 2432 2991 2494 ἐς
3051 2429 3233 2501 φυγὴν
3286 2430 3539 2501 ὥρμητο.
3573 2430 3683 2484 Καὶ
3735 2427 3935 2483 αὐτίκα
3987 2428 4019 2479 δ

2441 2523 2759 2591 Παιαζήτης
2801 2523 2926 2576 ίδὼν
2956 2522 3152 2589 ταῦτα,
3200 2523 3385 2575 οὐκέτι
3418 2521 3720 2586 ἐνέμεινεν,
3760 2520 3873 2573 ἀλλ’
3921 2521 4018 2572 ὲπῑ.

2440 2615 2608 2670 ἵππον
2656 2614 2878 2682 θήλειαν
2928 2613 3157 2677 ἀναϐὰς,
3187 2613 3392 2680 ἔφευγε
3440 2611 3581 2665 κατά
3627 2611 3849 2679 κράτος.
3894 2607 4019 2663 Ἐν-

2438 2708 2611 2761 ταῦθα
2640 2707 2715 2769 ὡς
2747 2706 3009 2775 πρότερον
3036 2708 3299 2776 κήρυγμα
3334 2703 3709 2773 πεποιημένου
3738 2702 4017 2771 Τεμὴρεω

2441 2799 2728 2871 βασιλέως,
2772 2799 2973 2868 μηδένα
3000 2797 3357 2852 καταϐαίνειν
3396 2798 3442 2828 ’⁷
3472 2797 3585 2849 τῶν
3634 2794 3727 2849 τοῦ
3768 2794 4019 2861 Παιαζή-

2439 2908 2554 2955 του,
2610 2890 2771 2959 μόνον
2822 2889 2879 2942 δὲ
2925 2889 3324 2958 ἀπεκδυόμενοι
3367 2886 3615 2949 τούτους,
3653 2884 3908 2953 ἠφίεσαν.
3941 2883 4020 2935 Oti

2439 2983 2550 3054 γάρ
2581 2982 2710 3048 ἐξῆν
2736 2983 3043 3051 ὁμοφύλους
3088 2981 3247 3044 ὄντας
3283 2977 3799 3049 ἀνδραποδίζεσθαι.
3845 2977 4021 3028 Παια-

2440 3075 2611 3145 ζήτης
2653 3073 2710 3128 δὲ
2749 3074 3010 3129 τάναντία
3052 3076 3259 3127 τούτων
3306 3072 3549 3142 κηρύξας
3584 3075 3641 3135 ἐς
3683 3072 3745 3125 τὸ
3793 3070 4021 3141 στρατό-

2440 3165 2622 3231 πεδον,
2680 3167 2756 3227 ὡς
2811 3165 2871 3218 δν
2922 3163 2990 3218 ἂν
3047 3163 3268 3219 λάϐοιεν
3309 3164 3400 3218 τοῦ
3450 3164 3720 3233 Τεμήρεω
3754 3159 4022 3232 στρατοῦ,

2440 3252 2648 3313 πάντας
2674 3253 3069 3305 κατακτείνειν.
3107 3253 3417 3323 Σαχροῦχος
3471 3251 3574 3321 μὲν
3608 3251 3721 3317 οὖν,
3750 3250 3825 3313 ὡς
3857 3252 4022 3319 ἐτρέ-

2438 3343 2579 3414 ψατο
2619 3345 2961 3414 Ῑιαιαζήτην,
2994 3345 3093 3416 ἤδη
3155 3346 3224 3399 τὰ
3282 3343 3670 3413 στρατεύματα
3719 3342 4022 3411 Τεμήρεω,

2440 3438 2534 3491 καὶ
2570 3438 2673 3491 δσα
2727 3437 3013 3506 ἐμάχοντο,
3052 3437 3149 3489 καὶ
3200 3436 3303 3488 ὅσα
3354 3435 3449 3488 ἐπὶ
3505 3433 3600 3487 τοῦ
3648 3433 4019 3502 στρατοπέδου

2440 3530 2740 3599 ἐτύγχανεν
2769 3529 2921 3587 ὄντα.
2966 3527 3195 3599 ὥρμητο
3238 3528 3330 3580 ἐπὶ
3366 3527 3457 3578 τὸν
3492 3524 3820 3595 Παιαζήτεω
3847 3541 4021 3594 στρα-

2439 3623 2531 3677 τὸν
2572 3622 2776 3691 φθῆναι
2827 3620 3171 3691 βουλόμενος,
3208 3619 3305 3673 καὶ
3342 3620 3436 3670 ἐπὶ
3488 3618 3589 3688 τὴν
3635 3616 3821 3687 χώραν
3852 3617 4021 3684 ἐτρά-

2441 3728 2603 3765 ποντο
2632 3714 2727 3764 ἐπὶ
2758 3711 3093 3782 διαρπαγὴν,
3136 3711 3406 3780 ἐπιδρομῇ
3442 3710 3804 3780 χρησάμενοι,
3843 3708 3900 3770 ἔς
3952 3724 4015 3760 τε

2440 3807 2539 3876 τὴν
2582 3805 2811 3867 Ἰωνίαν,
2862 3806 2960 3859 καὶ
3011 3806 3068 3869 ἐς
3122 3805 3213 3857 τὸν
3272 3805 3693 3874 Ἑλλήσποντον⁸
3749 3802 3883 3855 ἔνθα
3916 3799 4017 3868 ’δὴ

2441 3898 2637 3952 πολλαὶ
2684 3900 2782 3968 μὲν
2813 3897 2998 3966 κῶμαι
3031 3896 3348 3966 ἐλήφθησαν
3372 3912 3385 3924 ·
3423 3895 3738 3964 πολίσματα
3771 3894 3830 3945 δὲ
3874 3896 4018 3963 ἡρη-

2443 3989 2600 4060 μώθη
2650 3990 2733 4042 ὅτι
2784 3989 3037 4050 πλεῖστα,
3065 3987 3174 4038 τῶν
3210 3985 3567 4054 ίπποδρόμων
3611 3984 3705 4036 τοῦ
3740 3984 4018 4052 Τεμήρεω

2440 4082 2543 4137 ἀνὰ
2595 4082 2695 4150 τὴν
2727 4080 2912 4151 χώραν
2961 4077 3056 4131 τοῦ
3110 4077 3439 4147 Παιαζήτεω
3481 4076 3807 4128 διαθεόντων
3840 4076 4014 4128 ἁπαν·

2439 4174 2605 4245 ταχῆ.
2653 4174 2787 4244 Περὶ
2832 4172 2892 4225 δὲ
2942 4170 3036 4223 τὸν
3081 4165 3397 4237 Παιαζήτην
3445 4168 3647 4220 τοιόνδε
3709 4166 4015 4237 ξυνηνέχθη

2439 4263 2713 4332 γενέσθαι.
2754 4261 2845 4323 Ὣς
2896 4260 3007 4330 γὰρ
3062 4257 3177 4311 ἔθει
3226 4259 3330 4312 ἀνὰ
3378 4258 3579 4326 κράτος
3632 4250 3826 4320 οὗτος,
3888 4259 4015 4309 ἐπέ-

2439 4354 2622 4409 κειντό
2665 4370 2726 4406 τε
2768 4353 2863 4407 καὶ
2910 4350 3218 4405 ἀπεδίωκον
3271 4352 3319 4403 oi
3353 4349 3742 4419 Τζαχατάῐδες,
3777 4350 4015 4418 ἁμιλλώ-

2442 4464 2594 4518 μενοι
2643 4445 2785 4498 ἑλεῖν
2821 4443 3006 4498 αὐτόν.
3034 4442 3142 4494 Καὶ
3190 4440 3328 4494 πολὺ
3369 4442 3468 4511 μὲν
3512 4442 3882 4510 προήλαυνεν,
3917 4443 4014 4493 ἅτε

761 4552 821 4596 ιιι
863 4543 956 4613 qui
1005 4540 1359 4597 velocissima
1406 4537 1705 4594 veheretur
1747 4550 1910 4606 equa.
1958 4534 2155 4592 Postea
2207 4552 2332 4592 cum

2438 4536 2530 4589 ἐπὶ
2560 4535 2713 4603 ἵππῳ
2734 4531 3024 4602 ταχυτάτω
3052 4530 3451 4599 ἐπιφερόμενος
3472 4547 3488 4563 ο
3528 4531 3667 4599 μετά
3709 4530 3764 4582 δὲ
3813 4530 3889 4591 ὡς
3920 4531 4016 4582 ἐπὶ
4060 4577 4065 4580 .

761 4638 903 4691 forte
929 4637 1167 4690 venisset
1199 4634 1265 4689 ad
1296 4632 1521 4697 llumen,
1557 4646 1698 4700 equa
1726 4631 2071 4686 intoleranda
2094 4629 2183 4685 siti
2219 4630 2322 4686 sti-

758 4727 965 4780 mulata
995 4724 1188 4779 bibere
1227 4724 1509 4792 cupiebat.
1544 4720 1819 4790 Pajazites
1857 4734 2040 4775 autem
2081 4722 2333 4791 chiragra

757 4824 813 4870 ct
841 4814 1081 4883 podagra
1124 4812 1446 4882 gravissime
1479 4810 1782 4865 laborabat.
1818 4808 2052 4863 Proinde
2074 4824 2267 4878 equam
2302 4824 2330 4862 a

760 4905 983 4976 potandi
1006 4904 1267 4974 cupidine
1289 4904 1539 4958 inhibere
1564 4902 1705 4956 haud
1732 4910 1960 4971 poterat.
1986 4900 2138 4971 Equa
2165 4903 2335 4973 igitur

760 5007 820 5050 ut
852 4996 1011 5062 bibit,
1046 5010 1237 5065 parum
1273 4996 1564 5062 dissoluta,
1594 4995 1847 5050 nonnihil
1885 4993 1951 5048 de
1982 5008 2179 5049 cursus
2202 5008 2329 5063 per-

759 5087 984 5141 nicitate
1027 5086 1263 5150 remisit,
1318 5086 1457 5140 adeo
1495 5094 1554 5141 ut
1592 5087 1794 5140 milites
1825 5084 2061 5139 Temiris
2092 5084 2331 5154 Pajazite

764 5181 1093 5247 potirentur,
1124 5190 1453 5249 captumque
1484 5180 1550 5234 ad
1597 5194 1758 5233 suum
1803 5194 1987 5246 regem
2024 5180 2330 5232 traherent.

762 5270 819 5324 In
852 5271 954 5326 hoc
996 5252 1182 5341 praelia
1221 5280 1517 5339 captusest
1546 5271 1761 5324 Moses:
1797 5270 1943 5338 capti
1979 5278 2109 5323 sunt
2137 5268 2330 5338 reliqui

761 5379 897 5430 pone
917 5380 1109 5417 omnes
1141 5362 1400 5433 Pajazitis
1434 5362 1623 5416 duces.
1659 5359 1769 5413 Nec
1799 5370 1982 5414 tamen
2031 5360 2331 5430 quidquam

761 5454 989 5526 periculi
1016 5456 1160 5523 paSsi
1187 5465 1335 5520 sunt,
1368 5454 1470 5508 nisi
1498 5455 1640 5522 quod
1666 5453 1910 5507 vestibus
1936 5462 2065 5507 sunt
2082 5451 2321 5520 spoliati.

762 5549 979 5603 litenim
1028 5546 1207 5601 Moses
1256 5546 1544 5600 videbatur
1580 5545 1803 5614 reliquis
1857 5545 2205 5613 prazstantior
2242 5558 2326 5594 ro-

2431 4628 2524 4682 τὸν
2548 4626 2797 4695 ποταμὸν
2828 4624 3079 4692 ἀφίκετο,
3107 4622 3208 4692 τὴν
3236 4621 3408 4674 ἵππον
3438 4622 3660 4688 λέγουσι
3692 4620 4015 4691 διψήσασαν

2431 4718 2739 4791 καρτερῶς,
2770 4716 3023 4787 ἐθελῆσαι
3069 4713 3167 4768 τοῦ
3243 4714 3458 4776 ὓδατος.
3518 4712 3839 4781 Παιαζήτης
3903 4714 4016 4780 γὰρ

2433 4814 2605 4867 ἐνόσει
2648 4809 2727 4863 τὼ
2767 4810 2916 4879 χεῖρε
2945 4830 2950 4849 α
2975 4808 3072 4861 καὶ
3125 4804 3206 4859 τὼ
3238 4804 3369 4859 πόδε
3416 4803 3519 4857 ὑπὸ
3578 4804 3883 4874 ποδάγρας,
3918 4807 4017 4857 καὶ

2435 4905 2728 4973 κατασχεῖν
2775 4902 2876 4972 οὐχ
2929 4896 3042 4962 οἷός
3073 4916 3129 4951 τε
3172 4897 3411 4967 ἐγένετο.
3459 4896 3727 4950 Ἐνταῦθα
3762 4896 3828 4967 δὴ
3880 4898 4015 4948 ὑπο-

2436 4995 2669 5065 χαλάσαι
2700 4992 2799 5062 τὴν
2839 4992 3001 5044 ἵππον
3052 4989 3157 5044 ὑπὸ
3205 4988 3299 5042 τοῦ
3347 4988 3561 5050 ὕδατος,
3594 4990 3690 5040 καὶ
3721 4987 4013 5055 λειφθῆναι

2433 5084 2527 5137 τοῦ
2554 5082 2780 5152 δρόμου,
2812 5080 2952 5134 ὥστε
3004 5080 3129 5141 τοὺς
3162 5075 3499 5148 στρατιώτας
3535 5077 3763 5146 Τεμήρη
3817 5076 4015 5129 συλλα-

2435 5176 2550 5227 ϐεῖν
2600 5191 2660 5225 τε
2718 5172 3055 5242 Παιαζήτην,
3117 5170 3212 5222 καὶ
3273 5169 3505 5236 ἀγαγεῖν
3566 5170 3717 5237 παρά
3780 5166 4013 5236 βασιλέα

2436 5269 2717 5336 Τεμήρην.
2763 5265 3041 5317 Ἐάλωααν
3070 5264 3168 5330 μὲν
3193 5259 3285 5313 οὖν
3320 5262 3376 5313 ὲν
3408 5262 3584 5329 ταύτῃ
3636 5260 3700 5329 τῇ
3735 5260 3890 5330 μάχῃ
3919 5260 4015 5310 καὶ

2442 5358 2667 5425 Μωσῆς,
2705 5358 2800 5409 καὶ
2857 5355 3057 5415 πάντες
3090 5353 3279 5421 σχεδὸν
3331 5352 3380 5402 oi
3430 5349 3525 5403 τοῦ
3560 5352 3886 5416 ΙΙαιαςήτεω
3915 5350 4013 5417 ἄρ-

2434 5466 2641 5521 χοντες.
2695 5449 2769 5501 Οὐ
2823 5448 2931 5518 μὴν
2980 5444 3219 5515 χαλεπὸν
3251 5444 3450 5495 ἔπαθον
3479 5443 3677 5508 ὁτιοῦν,
3714 5443 3853 5511 πλὴν
3905 5442 4013 5494 τῶν

2440 5541 2690 5609 ἱματίων.
2750 5541 2857 5592 Καὶ.
2915 5538 3023 5606 γὰρ
3075 5536 3278 5602 Μωσῆς
3328 5534 3502 5587 ἐδόκει
3555 5551 3614 5585 τε
3674 5533 3783 5586 τῶν
3835 5533 4012 5588 ἄλλων

2038 5656 2288 5718 Νοιυιω
2322 5655 2726 5732 marg'nales.

832 5759 1277 5830 (8‘))1‘autcrlani
1302 5762 1522 5813 victoria
1544 5758 1687 5813 circa
1722 5775 1921 5812 annum
1948 5759 2151 5813 Christi
2178 5758 2327 5812 1597.

867 5877 908 5908 ”
936 5876 996 5931 In
1030 5893 1129 5929 an.»
1160 5890 1451 5943 omni)th
1483 5890 1588 5939 um,
1636 5876 2021 5941 ›.ατα›;ιείιιιν,
2047 5883 2100 5927 ut
2136 5890 2267 5925 mm.
