4202 6430
172 323 262 382 161

165 435 447 505 κράτιστος
479 438 763 502 γεγονέναι
789 452 800 466 ·

164 533 218 580 ἐν
249 531 318 597 τῷ
345 532 716 600 στρατοπέδῳ,
756 533 849 585 καὶ
873 532 1083 585 δίαιταν
1117 534 1514 603 παρεχόμενος.
1557 533 1733 586 Ἑάλω

162 623 214 672 δὲ
247 623 336 672 καὶ
373 625 405 689 ἡ
446 625 583 693 γυνὴ
617 626 708 676 τοῦ
747 624 1074 694 Παιαζήτεω
1103 628 1160 679 ἒν
1209 628 1452 697 Προύσῃ.
1501 627 1587 688 Ὠς
1623 628 1734 694 γὰρ

161 715 257 782 τήν
290 733 346 766 τε
383 716 633 784 Προῦσαν
670 718 1000 787 ἐπέδραμον,
1029 719 1125 771 καὶ
1159 720 1258 782 τὰς
1285 719 1736 786 γυναικωνίτιδας

161 805 462 870 ἀφείλοντο.
499 807 636 876 Πρὸς
684 809 740 860 δὲ
781 809 874 860 καὶ
913 813 1010 877 τὴν
1057 809 1386 880 Ἐλεαζάρου
1431 810 1734 880 θυγατέρα,

163 900 490 968 Παιαζήςεω
537 901 593 952 δὲ
647 905 904 969 γυναῖκα,
962 904 1182 966 ἁλόντες
1238 904 1532 973 ἀπήγαγον
1586 905 1736 972 παρὰ

165 991 409 1057 βασιλέα.
441 993 874 1064 Μουσουλμανης
924 996 1022 1062 μὲν
1077 991 1190 1059 οὖν,
1227 994 1323 1047 καὶ
1388 994 1614 1062 Ἰησοῦς,
1646 995 1740 1045 καὶ

163 1083 481 1151 Μεχμέτης,
523 1086 615 1136 καὶ
673 1085 720 1136 οί
775 1086 952 1138 λοιποὶ
1002 1087 1109 1139 τῶν
1142 1087 1471 1158 Παιαζήτεῳ
1536 1085 1740 1138 παίδων

165 1175 606 1243 κατελήφθησαν.
643 1176 754 1227 Καὶ
785 1178 834 1228 οἱ
870 1179 967 1246 μὲν
998 1180 1056 1229 ἐν
1081 1180 1144 1247 τῇ
1186 1177 1444 1246 Εὐρώπῃ.
1485 1177 1533 1228 οί
1578 1178 1634 1230 δὲ
1682 1180 1740 1230 ἐν

162 1270 225 1334 τῇ
263 1267 420 1337 Ἀσία
446 1268 956 1332 δντες,διεσ(ἱ›ζοντο
987 1271 1110 1321 ὅποι
1145 1271 1361 1339 ἑκάστῳ
1399 1269 1737 1339 προύχώρει.

163 1358 250 1425 Τῷ
279 1361 466 1427 μέντοι
519 1361 940 1432 Παιαξήτῃ,·ὠς
982 1361 1124 1431 ἤχθη
1172 1361 1412 1414 ἐναντίον
1451 1362 1738 1428 βασιλέως,

161 1455 384 1522 λέγεται
436 1457 614 1508 εἰπεῖν
668 1456 816 1526 αὑτῷ
868 1455 1080 1509 τοιάδε·
1118 1450 1184 1507 Ὠ
1226 1454 1581 1522 κακόδαιμον,
1610 1453 1743 1505 τίδὲ

161 1548 306 1600 οὕτω
339 1548 479 1601 πάνυ
516 1549 606 1602 τὸν
648 1547 846 1600 σαυτοῦ
892 1549 1124 1617 δαίμονα
1176 1548 1401 1610 ἐϐιάσω,
1438 1545 1744 1616 προκαλού-

165 1658 328 1710 μενος
383 1642 532 1710 ἠμᾶς
586 1641 677 1694 ἐπὶ
737 1641 966 1712 μάχηνς
1008 1643 1079 1694 Ἢ
1136 1643 1234 1694 οὐκ
1283 1641 1507 1707 ἐπύθου,
1544 1641 1618 1702 ὡς
1665 1639 1744 1708 τῷ

1232 325 1328 385 DE
1375 325 1628 385 REBliS
1670 322 2027 383 TURCICIS
2070 324 2214 387 LIB.
2267 325 2374 384 Ili.

839 440 933 490 ttat
962 437 1050 490 διὰ
1085 437 1244 491 τοῦτο
1289 441 1557 509 περιῆγεν
1590 439 1726 507 ἔχων

1853 450 1965 489 rore
1999 453 2010 487 :
2051 439 2281 505 proinde
2303 452 2427 491 eum
2453 436 2892 492 circumductum
2917 453 3102 492 secum
3130 439 3181 492 in
3221 443 3422 496 castris

3306 328 3408 392 16?.

1841 526 2053 588 habuit,
2087 531 2291 581 victum
2332 529 2683 584 ministrans.
2736 529 2997 598 Pajazitis
3042 548 3178 585 uxor
3212 533 3264 586 iu
3322 535 3424 586 ho-

1841 618 2007 671 stium
2045 635 2239 673 manus
2274 621 2418 675 venit
2456 622 2663 676 Prusae.
2690 620 2824 675 Nam
2855 625 3227 678 incursionem
3254 628 3421 680 etiam

1842 713 1894 765 itt
1939 711 2165 766 Prusam
2207 713 2472 776 fecerunt,
2507 725 2898 785 etgynreceum
2929 717 3056 771 inde
3095 733 3417 786 rapuerunt.

1843 805 2086 858 Eleazari
2145 805 2334 870 tiliam,
2375 807 2632 876 Pajazitis
2675 811 3222 880 uxorem,rapientes
3254 813 3426 866 abdu-

1842 897 2128 949 xerttntad
2164 913 2364 966 regem.
2397 899 2793 962 Musuhuanes,
2859 899 3039 966 Jesus,
3064 901 3423 966 Mcchmetcs.

1847 997 1898 1041 et
1932 990 2128 1054 reliqui
2157 969 2416 1057 Pajaziiis
2452 992 2567 1054 lilii,
2606 992 2659 1045 in
2696 992 2938 1045 hostium
2975 1004 3301 1061 potestatem
3337 1013 3428 1048 ve.-

1845 1094 1992 1132 nere.
2031 1080 2130 1145 Qui
2159 1079 2210 1133 in
2245 1081 2461 1149 Europa
2493 1084 2688 1137 etAsia
2724 1092 2903 1145 erant,
2940 1092 3000 1136 ιιι
3029 1095 3281 1152 poterant
3309 1087 3425 1140 sal-

1846 1170 2138 1223 vabantur.
2198 1170 2516 1236 Paiaz‘tem,
2553 1189 2676 1226 cum
2711 1177 2980 1229 adductus
3011 1191 3154 1232 esset
3191 1179 3244 1231 in
3299 1194 3429 1232 cou-

1846 1272 2094 1329 Spet-tum
2148 1265 2313 1331 regis,
2349 1266 2430 1318 sic
2456 1264 2704 1321 Teutires
2745 1270 3019 1322 allocutus
3055 1279 3138 1323 est
3166 1287 3179 1322 :
3213 1269 3257 1323 0
3288 1271 3427 1325 infe-

1849 1355 1943 1416 lix,
1978 1355 2105 1421 quid
2133 1355 2268 1408 adeo
2297 1358 2501 1408 malum
2529 1365 2678 1408 tuum
2713 1359 2942 1425 coegisti
2964 1359 3208 1428 genium,
3237 1369 3293 1413 ut
3326 1377 3428 1415 nos

1849 1449 1994 1503 bello
2024 1449 2366 1504 lacesseres?
2395 1451 2474 1501 An
2500 1466 2605 1502 nou
2637 1452 2917 1514 audivisti,
2950 1452 3094 1520 quod
3134 1469 3254 1507 meo
3277 1471 3430 1506 exer-

1849 1542 1984 1597 citui
2001 1543 2329 1595 miserorum
2353 1542 2450 1595 lilii
2470 1543 2762 1597 resisutnt?
2783 1543 3049 1611 l’aiazites
3065 1547 3430 1615 reSpondens,

1847 1638 2031 1706 inquit
2065 1654 2077 1690 :
2108 1635 2466 1704 Nequaquam
2500 1636 2566 1690 ad
2589 1644 2797 1689 tantam
2831 1637 3212 1694 infelicitatem
3245 1642 3431 1696 venis-

163 1732 280 1801 ἐμῷ
315 1732 452 1800 τῷδε
489 1733 863 1801 στρατεύματι
911 1733 1193 1804 δυστήνων
1240 1734 1434 1796 παῖδες
1484 1734 1745 1802 ἀντέστη-

1853 1746 1988 1790 sem.
2023 1731 2074 1783 ni
2109 1740 2163 1783 ιιι
2226 1730 2358 1783 mihi
2418 1732 2634 1799 negotia
2686 1729 2938 1794 fecisses,
2974 1741 3169 1786 caetera
3204 1749 3430 1801 quoque

168 1840 262 1877 ταν
289 1841 304 1890 ;
338 1825 656 1894 Παιαξήτης
681 1824 736 1877 δὲ
768 1824 1078 1890 ὑπολαϐὼν,
1107 1823 1389 1894 ἠμείϐετο,
1425 1818 1458 1896 ᾖ
1491 1825 1556 1893 δὴ
1590 1823 1746 1890 λέγε-

162 1936 270 1978 ται.
309 1917 387 1981 ὡς
445 1919 560 1971 Οὐκ
613 1918 678 1971 ἂν
711 1919 775 1988 δὴ
809 1920 864 1982 ές
916 1921 1073 1972 τοῦτο
1107 1918 1277 1988 τύχης
1327 1918 1650 1988 ἀφικοίμην,
1683 1920 1749 1972 ἂν

166 2013 239 2081 μὴ
275 2011 754 2083 αὐτῷπαρείχετο
799 2014 1110 2082 πράγματα
1155 2016 1383 2076 ἐκεῖνος,
1419 2015 1487 2067 τά
1521 2032 1576 2067 τε
1610 2014 1748 2068 ἄλλα

163 2106 257 2156 καὶ
321 2103 431 2156 ἀπὸ
485 2103 656 2158 ἐθνῶν
709 2104 786 2174 τῷ
845 2106 1105 2177 Μεχμέτῃ
1167 2105 1245 2176 τῷ
1301 2107 1444 2176 ἥρωϊ
1499 2105 1747 2175 πολεμίῳ

164 2193 315 2261 θαμὰ
360 2195 826 2265 ἀνακαλούμενος.
879 2194 1019 2247 Ἀλλ’
1066 2195 1131 2262 ἢν
1175 2195 1248 2265 μὴ
1281 2195 1610 2262 ὲτετύφωσο,
1643 2196 1745 2264 ἔφη

164 2287 452 2356 Τεμήρης,
485 2287 627 2339 οὕτω
686 2285 830 2356 μέγα
888 2287 1033 2340 πάνυ
1074 2287 1311 2356 φρονῶν,
1339 2287 1439 2340 οὐκ
1485 2287 1550 2339 ἃν
1598 2287 1660 2356 δὴ
1695 2291 1748 2351 ἐς

162 2376 324 2428 τοῦτο
355 2379 666 2448 συμφορᾶς,
695 2373 873 2447 οἶμαι,
907 2379 1129 2447 ἀφίκου.
1158 2378 1314 2430 Οὕτω
1355 2379 1463 2449 γὰρ
1502 2380 1658 2431 είωθε
1689 2381 1749 2432 τδ

163 2470 322 2522 Θεῖον
373 2471 440 2522 τὰ
498 2475 637 2523 πάνυ
696 2473 838 2540 μέγα
885 2471 1190 2539 φρονοῦντα
1228 2473 1322 2522 καὶ
1359 2472 1746 2540 πεφυσημένα.

167 2561 360 2632 μειοῦν
393 2564 468 2626 ὠς
503 2564 570 2616 τὰ
614 2563 788 2616 πολλὰ
842 2565 934 2618 καὶ
989 2567 1334 2633 σμικρύνειν.
1385 2565 1654 2618 Ἐνταῦθα
1687 2565 1750 2634 δὴ

163 2655 587 2724 ἐπιπέμψασθαι
655 2656 704 2686 "
749 2657 897 2725 αὐτῷ
938 2658 1156 2724 λέγεται
1196 2657 1421 2727 βασιλέα
1470 2658 1746 2726 Τεμήρην,

160 2749 264 2818 τὴν
299 2750 392 2800 ἐπὶ
427 2752 553 2812 τοὺς
601 2749 770 2812 κύνας
800 2768 858 2802 τε
898 2751 992 2803 καὶ
1027 2752 1254 2820 ἱέρακας
1306 2750 1639 2818 φιλοτιμίαν,
1674 2749 1748 2810 ὡς

158 2843 323 2911 ἀνδρὶ
384 2843 611 2912 κυνηγῷ
647 2843 810 2912 ἐῴκει
844 2844 940 2911 τὴν
994 2843 1216 2912 τέχνην,
1250 2848 1347 2894 καὶ
1394 2843 1492 2893 οὐκ
1526 2842 1748 2910 ἄρχοντι

157 2936 356 3001 ἄγοντι
417 2936 474 2995 ές
527 2936 819 3003 πολέμους.
869 2935 1102 3002 Λέγεται
1157 2935 1266 3003 γὰρ
1314 2933 1635 3002 Παιαζήτης
1692 2936 1748 2996 ἐς

156 3030 290 3089 τοὺς
345 3027 802 3096 ἑπτακισχιλίους
850 3027 1162 3091 κτήσασθαι
1196 3028 1619 3096 ίερακοφόρους,
1653 3027 1748 3077 καὶ

154 3120 337 3179 κύνας
383 3119 532 3185 ἀμφὶ
565 3119 689 3180 τοὺς
736 3117 1160 3185 ἑξακισχιλίους.
1226 3116 1494 3169 Ἐνταῦθα
1541 3117 1632 3169 τόν
1685 3133 1744 3168 τε
1776 3137 1818 3196 C

156 3211 514 3280 Παιαζήτην,
545 3212 734 3280 φάναι,
771 3211 1115 3263 ὑπολαϐόντα
1138 3227 1151 3241 ⁸
1204 3210 1364 3263 Ἀλλὰ
1422 3211 1504 3262 σοὶ
1541 3211 1642 3279 μὲν
1671 3211 1748 3278 τῷ

153 3307 376 3375 Σκύθῃ,
403 3306 573 3375 λῃστῇ
629 3306 707 3357 ἔτι
766 3305 902 3368 ὄντι,
957 3305 1052 3357 καὶ
1113 3305 1319 3372 ταύτην
1377 3303 1752 3372 ἐπιτηδεύοντι

151 3401 257 3470 τὴν
289 3401 514 3470 τέχνην,
546 3399 606 3450 ού
663 3399 804 3452 πάνυ
853 3415 935 3450 τοι
965 3398 1031 3449 ἂν
1076 3401 1340 3467 προσήκει
1389 3397 1566 3462 ἄγρας
1631 3397 1751 3448 οὐδὲ

149 3495 538 3562 κυνηγεσίων.
583 3491 739 3559 Ἐμοὶ
778 3489 836 3543 δὲ
884 3491 939 3552 ἐς
975 3489 1132 3541 τοῦτο
1174 3507 1233 3540 τε
1288 3488 1605 3556 γεννηθέντι
1658 3488 1754 3539 καὶ⁸

148 3586 456 3652 τραφέντι,
506 3585 601 3637 καὶ
645 3582 1016 3652 τεθραμμένῳ
1069 3581 1145 3651 τῷ
1217 3579 1592 3650 Ἀμουράτεω,
1655 3580 1752 3631 τοῦ

159 3680 458 3751 Ὄρχάνεω
519 3676 788 3746 βασιλέων
836 3675 1012 3734 παιδὶ.
1065 3674 1232 3744 μετῆν
1280 3675 1374 3726 καὶ
1426 3674 1608 3726 κυνῶν
1658 3674 1753 3725 καὶ

149 3774 408 3840 ἱεράκων
448 3769 780 3838 φιλοτιμίας.
827 3767 1094 3820 Ἐνταῦθα
1150 3769 1215 3837 δὴ
1264 3767 1601 3834 ἀχθεσθέντα
1657 3767 1751 3818 τὸν

146 3863 424 3931 βασιλέα,
459 3859 826 3929 περιαχθῆναι
857 3861 912 3921 ἐς
961 3859 1019 3911 τὸ
1068 3859 1433 3922 στρατόπεδον
1462 3858 1749 3909 ἐκέλευσεν

142 3955 241 4004 ἐπὶ
284 3953 548 4022 ἡμιόνου,
587 3954 681 4003 καὶ
716 3950 1106 4020 συριττόμενον
1155 3951 1261 4002 ὑπο
1308 3949 1401 4000 τοῦ
1451 3952 1755 4018 στρατοπέ-

139 4040 264 4101 δου,
306 4041 686 4106 περιαγαγεῖν
734 4039 798 4091 ”.
860 4040 947 4099 Ὠς
993 4039 1050 4091 δὲ
1104 4038 1468 4107 περιαχθέντα
1520 4041 1749 4109 ἡγαγον,

139 4134 394 4201 ἔρεσθαι
434 4133 597 4186 αὑτὸν
631 4133 873 4200 λέγεται.
910 4135 958 4185 εἰ
988 4133 1083 4185 τοῦ
1117 4133 1308 4199 γένους
1333 4133 1518 4184 ἐκεῖνα
1548 4132 1755 4200 τυγχά-

136 4246 222 4280 νει
259 4225 718 4295 ἐπιτηδεύματα,
757 4224 832 4287 ὠς
878 4227 946 4277 τὰ
992 4225 1101 4275 τῶν
1136 4225 1373 4293 ἱεράκων
1410 4241 1468 4276 τε
1520 4226 1614 4277 καὶ
1661 4243 1754 4277 κυ-

137 4323 280 4377 νῶν.
317 4321 489 4374 Μετᾶ
518 4319 572 4371 δὲ
605 4318 778 4371 ταῦτα
810 4319 870 4370 ἐν
902 4317 1116 4387 φυλακῇ
1147 4319 1463 4388 ἐποιήσατο,
1489 4320 1582 4370 καὶ
1614 4319 1751 4389 ἄρας

137 4419 244 4470 σὺν
277 4416 370 4485 τῷ
405 4413 800 4482 στρατεύματι,
830 4412 1062 4481 ἧλαυνεν
1109 4412 1204 4464 ἐπὶ
1261 4411 1469 4464 Ἰωνίαν
1514 4413 1611 4465 καὶΙ
1657 4413 1754 4481 τὴν

132 4509 328 4577 ταύτῃ
367 4505 619 4573 πάραλον
651 4503 857 4574 χώραν,
879 4506 936 4555 ἐν
976 4504 1051 4572 νῷ
1080 4503 1217 4572 ἔχων
1252 4502 1418 4555 αὑτοῦ
1462 4521 1518 4556 τε
1554 4503 1755 4572 διαχει-

135 4601 362 4668 μάσαι,
425 4599 520 4649 καὶ
558 4590 694 4664 ἦρος
742 4595 1166 4662 ἐπιφαινομένου
1218 4595 1273 4654 ἐς
1327 4596 1425 4664 τὴν
1484 4594 1754 4664 Εὐρώπην

129 4691 447 4759 διαϐῆναι.
491 4687 739 4738 Ἐπενόει
771 4686 901 4752 γὰρ,
932 4686 1006 4747 ὡς
1040 4687 1132 4736 καὶ
1163 4686 1432 4753 πρότερόν
1484 4703 1573 4755 μοι
1605 4688 1755 4756 δεδή-

128 4782 353 4844 λωται,
394 4781 455 4840 ἐς
495 4777 593 4846 τὴν
625 4777 898 4845 Εὐρώπην
923 4777 1133 4838 διαϐὰς.
1163 4777 1348 4829 πᾶσαν
1382 4795 1439 4830 τε
1483 4779 1574 4844 ὑφ’
1604 4780 1753 4848 αὗτῷ

128 4869 536 4940 ποιήσασθαι,
572 4871 628 4930 ἐς
661 4869 688 4921 ὃ
716 4869 779 4936 δὴ
815 4868 906 4921 ἐπὶ
956 4869 1055 4931 τὰς
1097 4868 1455 4938 Ἡρακλείους
1483 4871 1752 4939 ἀφίκηται

129 4967 396 5036 στήλας.
452 4962 704 5015 ἐντεῦθεν
748 4963 804 5015 δὲ
853 4961 1007 5025 αὖθις
1062 4965 1117 5025 ές
1187 4962 1396 5030 Λιϐύην
1465 4963 1754 5032 διαϐῆναι,

127 5060 234 5110 καὶ
266 5057 372 5107 διὰ
404 5054 506 5122 τῆς
532 5053 738 5119 Λιϐύης
779 5053 1061 5105 ἐπανιέναι
1090 5055 1144 5115 ἐς
1179 5054 1276 5122 τὴν
1303 5054 1497 5104 ἑαυτοῦ
1544 5052 1752 5122 χώραν,

126 5151 472 5218 ξύμπασαν
547 5146 892 5214 ὑπαγόμενος
949 5147 1047 5214 τὴν
1116 5145 1285 5215 ταύτῃ
1371 5146 1597 5214 ἤπειρον
1655 5145 1757 5214 τῆς

123 5241 527 5308 οἰκουμένης.
587 5238 986 5306 Ἐπρεσϐεὑετο
1031 5237 1130 5306 μὲν
1181 5236 1274 5289 οὖν
1325 5237 1420 5290 καὶ
1475 5238 1616 5305 πρὸς
1665 5239 1755 5289 τὸν

125 5332 476 5399 Βυζαντίου
514 5329 765 5398 βασιλέα,
806 5330 908 5398 τήν
933 5345 992 5381 τε
1023 5328 1276 5381 διάϐασιν
1307 5327 1626 5398 αἰτούμενος
1657 5331 1754 5381 ati-

122 5432 253 5492 τιν,
313 5424 502 5478 πλοῖά
533 5440 589 5474 τε
643 5423 738 5475 καὶ
776 5423 1045 5493 τριήρεις.
1095 5422 1328 5490 Λέγεται
1397 5421 1452 5474 δὲ
1508 5424 1606 5475 καὶ
1632 5421 1752 5476 τόδε

125 5520 434 5594 βασιλεὺς
471 5517 732 5586 Τεμήρης
787 5515 846 5578 ἐς
894 5514 1182 5585 Παιαζήτη
1220 5515 1288 5569 ³⁸.
1331 5514 1419 5578 Ὠς
1472 5515 1581 5585 γὰρ
1611 5516 1756 5582 ἀπή..

1789 4474 1830 4526 D

1852 1832 2184 1892 provocatus
2254 1837 2282 1874 a
2338 1825 2593 1889 gentibus
2636 1823 2798 1878 Heroi
2835 1837 3026 1880 nostro
3058 1826 3292 1880 infestis.
3327 1826 3433 1882 Ve-

1852 1929 1998 1968 rum.
2037 1915 2114 1967 ait
2142 1912 2413 1978 Tetnires,
2441 1914 2488 1968 si
2531 1931 2638 1968 non
2674 1916 2814 1970 adeo
2871 1916 3076 1971 sublati
3104 1919 3210 1972 tibi
3244 1930 3434 1974 essent

1852 2000 2046 2063 animi,
2098 2017 2380 2071 nunquam
2412 2002 2524 2074 84
2553 2003 2619 2056 ad
2663 2004 2822 2058 istam
2875 2007 3247 2075 praecipitatus
3281 2025 3433 2065 esses

1855 2093 2162 2149 miseriam.
2202 2093 2292 2149 Sic
2321 2110 2558 2164 namque
2608 2097 2745 2150 solet
2770 2096 2983 2151 Numen
3007 2100 3326 2168 plerumque
3357 2100 3435 2155 fa-

1853 2193 2078 2240 stuosos
2137 2185 2449 2254 deprimere
2474 2195 2530 2240 et
2558 2187 2627 2240 ad
2673 2187 2933 2242 humilem
2983 2189 3258 2244 fortunam
3295 2192 3434 2259 deji-

1851 2294 1998 2333 cere.
2038 2280 2242 2334 Deiude
2282 2281 2431 2335 misit
2479 2280 2729 2336 Temires
2783 2283 3008 2350 Pajaziti
3047 2285 3338 2353 accipitres
3379 2295 3434 2340 et

1852 2389 2040 2432 canes.
2079 2383 2132 2425 et
2175 2374 2448 2442 reliquum
2484 2375 2810 2441 huiusmodi
2854 2387 3203 2444 apparatum,
3246 2387 3305 2431 ιιι
3342 2381 3432 2447 qui

1853 2465 2101 2518 venatori
2158 2467 2360 2534 potius.
2413 2483 2578 2535 quam
2634 2469 2958 2534 imperatori
3013 2472 3066 2524 in
3109 2471 3300 2524 hostes
3335 2475 3436 2527 du-

1851 2559 1996 2610 centi
2028 2561 2432 2625 comparandus
2455 2569 2623 2616 esset.
2649 2563 2819 2615 Aiunt
2849 2565 3145 2628 Pajazitem
3178 2568 3437 2622 habuisse

1853 2661 2058 2718 septem
2120 2652 2295 2706 millia
2329 2654 2600 2717 virorum,
2642 2655 2730 2723 qui
2794 2657 3087 2724 accipitres
3117 2669 3380 2713 curarent
3420 2680 3433 2715 :

1854 2749 2117 2808 pra'terea
2158 2743 2364 2795 aluisse
2417 2758 2585 2799 canes
2621 2747 2805 2799 sexies
2859 2747 3032 2802 mille.
3079 2747 3439 2817 Respondens

1853 2833 2033 2902 itaque
2069 2832 2271 2888 Temiri
2307 2834 2598 2903 Pajazites.
2629 2837 2809 2907 inquit
2846 2856 2860 2892 :
2917 2841 3198 2904 Verum,o
3248 2841 3436 2897 Temi-

1851 2941 1964 2989 res,
2000 2926 2092 2995 qui
2126 2942 2185 2981 es
2219 2927 2422 2997 Scytha
2455 2941 2508 2983 et
2549 2930 2712 2993 latro,
2749 2933 3228 3003 latrocinandique
3263 2947 3437 2992 artem

1852 3033 2029 3085 usque
2050 3034 2295 3082 exerces,
2323 3022 2455 3074 satis
2482 3021 2597 3074 seio
2634 3037 2824 3089 parum
2860 3024 2954 3078 tibi
2986 3030 3282 3079 convenire
3310 3045 3436 3082 eum

1852 3126 2047 3164 cauum
2086 3112 2528 3182 accipitrumque
2559 3115 2766 3168 studio.
2804 3116 2934 3168 Mihi
2971 3135 3127 3183 vero,
3181 3122 3272 3189 qui
3310 3138 3432 3176 sum

1856 3213 2022 3259 natus
2057 3214 2111 3258 et
2150 3204 2419 3260 educatus
2457 3207 2523 3261 ab
2558 3207 2820 3262 Amutate
2854 3209 3125 3265 Orchanis
3178 3213 3312 3278 tilio,
3338 3215 3432 3283 qui

1857 3297 2018 3350 ambo
2050 3312 2203 3365 reges
2266 3299 2555 3362 exstitere,
2590 3303 2843 3370 congruit
2885 3318 3085 3356 canum
3145 3315 3198 3359 et
3233 3308 3439 3376 accipi-

1856 3396 2002 3442 trum
2049 3389 2316 3443 studium.
2354 3392 2462 3444 Rex
2508 3391 2759 3445 Temires
2808 3394 2910 3449 hoc
2938 3411 3202 3461 responso
3258 3400 3441 3466 gravi-

1858 3491 1940 3535 ter
1973 3481 2218 3537 oﬂensus
2250 3485 2567 3553 impositum
2628 3486 2779 3538 mulo
2820 3503 2912 3555 per
2936 3497 3118 3542 castra
3152 3491 3235 3559 agi
3258 3491 3437 3558 jubet,

1857 3579 2163 3647 propinans
2199 3595 2324 3632 eum
2374 3580 2650 3634 militibus
2682 3581 3069 3637 deridendum.
3137 3583 3204 3639 Ut
3254 3595 3437 3640 autem

1853 3671 1965 3740 jam
1996 3671 2251 3726 omnibus
2280 3673 2416 3725 satis
2452 3672 2689 3727 ridiculo
2757 3672 2880 3738 fuit,
2930 3675 3216 3729 reductum
3277 3677 3342 3732 ad
3381 3694 3441 3734 se

1858 3762 2241 3829 interrogavit,
2271 3777 2336 3814 an
2365 3763 2526 3814 etiam
2556 3763 2638 3815 sui
2671 3765 2888 3830 generis
2915 3774 2968 3817 et
2997 3765 3099 3817 ista
3119 3767 3301 3820 studia
3331 3768 3442 3822 siut

1859 3853 2318 3920 quemadmodum
2357 3855 2679 3921 accipitrum
2728 3867 2782 3909 et
2818 3871 3019 3909 canum
3047 3858 3067 3910 ἲ
3097 3857 3301 3913 Deinde
3331 3859 3440 3913 Pa-

1853 3943 2075 4012 jazitem
2108 3945 2162 3996 in
2225 3945 2445 3997 vincula
2472 3945 2736 4013 coniecit.
2767 3947 2926 4001 Motis
2968 3957 3159 4018 postea
3218 3951 3437 4014 castris,

1861 4037 1964 4091 iter
1997 4041 2052 4089 in
2076 4035 2296 4089 Jouiam
2326 4046 2381 4090 et
2405 4035 2688 4090 finitimam
2723 4040 2845 4106 ejus
2874 4041 3150 4108 regionem
3183 4041 3440 4107 intendit,

1860 4129 1912 4182 in
1943 4129 2129 4183 animo
2173 4129 2379 4183 habens
2419 4129 2490 4182 ibi
2531 4130 2848 4188 hibernare.
2891 4133 3026 4188 Vere
3063 4145 3352 4203 appetente
3388 4136 3440 4189 in

1861 4222 2134 4291 Europam
2198 4221 2596 4290 profectionem
2653 4225 2902 4293 parabat,
2973 4227 3436 4294 quemadmodum

1859 4331 2022 4382 supra
2061 4318 2247 4379 docui,
2285 4325 2341 4368 ut
2368 4316 2421 4368 itt
2459 4332 2577 4370 eam
2633 4325 3006 4380 transvectus,
3040 4321 3353 4374 universztm
3385 4322 3442 4374 in

1860 4408 2122 4460 ditionem
2161 4407 2456 4476 acciperet,
2512 4424 2689 4477 usque
2738 4409 2804 4462 ad
2844 4408 3100 4464 Herculis
3153 4412 3441 4465 columnas

1861 4500 2237 4569 progrediens.
2300 4499 2428 4553 Inde
2465 4501 2516 4553 itt
2554 4499 2776 4569 Libyam
2821 4503 2928 4556 iter
2963 4513 3232 4569 avertere,
3282 4515 3336 4559 et
3377 4522 3442 4560 ex

1855 4592 2025 4662 Libya
2069 4593 2122 4645 in
2149 4608 2303 4646 suam
2351 4595 2631 4661 regionem
2667 4592 2848 4649 redire
2895 4597 2947 4648 in
2991 4597 3238 4650 animum
3276 4598 3440 4652 indu-

1856 4688 2040 4748 cebat,
2077 4688 2331 4739 universa
2380 4686 2483 4738 ista
2520 4687 2674 4741 orbis
2708 4673 3031 4744 continente
3066 4690 3298 4758 imperio
3335 4708 3439 4746 suo

1849 4777 2066 4846 juncta.
2107 4775 2252 4829 Misit
2289 4777 2497 4845 legatos
2524 4776 2587 4830 ad
2622 4776 2869 4847 Byzantii
2922 4794 3106 4848 regem
3139 4789 3330 4851 petens
3372 4780 3440 4833 li-

1855 4875 2048 4928 berum
2086 4873 2405 4935 transitum,
2429 4881 2480 4925 et
2515 4887 2683 4924 nares
2718 4873 3106 4941 triremesque.
3131 4875 3326 4942 quibus
3350 4890 3440 4927 co-

1864 4967 1981 5034 pias
2019 4980 2146 5018 suas
2192 4963 2569 5016 transmittere
2620 4970 2828 5031 posset.
2875 4965 3051 5018 Etiam
3093 4968 3253 5019 istam
3300 4966 3441 5033 inju-

1863 5060 1998 5111 riam
2024 5056 2277 5108 'l‘emires
2309 5054 2539 5123 Pajaziti
2571 5054 2720 5109 fecit.
2751 5055 2826 5110 Ut
2848 5057 2997 5110 enim
3027 5057 3270 5110 Eleazari
3305 5057 3438 5121 tilia,

1862 5148 2126 5218 Pajazitis
2190 5163 2350 5209 uxor,
2411 5162 2572 5215 quam
2616 5163 2727 5214 prae
2784 5149 2998 5203 caeteris
3049 5148 3440 5201 ardentissimo

1863 5258 2051 5297 amore
2087 5240 2573 5310 complectebatur,
2611 5249 2665 5292 et
2706 5256 2892 5295 secum
2919 5243 2970 5294 in
2993 5245 3191 5295 castris
3224 5257 3440 5311 semper

1861 5334 2120 5397 habebat,
2145 5335 2358 5398 captiva
2384 5332 2624 5387 abducta
2649 5341 2732 5386 est
2758 5335 2823 5386 ad
2860 5333 3158 5392 Temirem.
3181 5335 3331 5403 jussa
3354 5342 3440 5386 est

1858 5427 1912 5482 iu
1946 5435 2242 5495 conspecm
2267 5423 2450 5478 mariti
2484 5425 2565 5478 sui
2602 5428 2787 5479 vinum
2817 5426 3133 5482 infundere.
3165 5427 3298 5480 lliur.
3336 5427 3435 5477 l'a-

1851 5521 2049 5592 jazitcs
2073 5519 2154 5572 ira
2183 5531 2472 5581 accensus,
2501 5517 2556 5570 in
2589 5517 2705 5573 hac
2728 5518 2893 5573 verba
2931 5520 3181 5588 prorupit
3215 5537 3225 5569 :
3254 5519 3435 5586 Neque

1457 5631 1704 5692 Notulte
1740 5628 2152 5707 marginales.

202 5746 254 5776 "
308 5741 416 5795 Sic
447 5736 641 5788 habent
676 5737 780 5789 tria
828 5751 1096 5789 manuscr.
1125 5732 1259 5786 Puto
1309 5734 1583 5803 legendum
1640 5735 1750 5801 ἐπιι

1855 5732 2080 5803 ψασθαι.
2105 5729 2170 5782 1η
2202 5745 2304 5782 uno
2332 5732 2760 5799 suprascriptum
2787 5733 2968 5802 ἐπιμ.,
2993 5734 3045 5786 in
3072 5734 3145 5786 al.
3177 5732 3274 5802 leg.
3299 5741 3353 5783 ut
3386 5731 3438 5783 in

127 5826 286 5872 cont.
387 5811 444 5842 "
471 5809 604 5878 Περὶ
638 5809 797 5862 αὑτὸν
819 5807 1064 5876 ἀγαγεῖν.
1104 5805 1193 5860 Sic
1217 5805 1376 5859 etiam
1417 5803 1479 5857 Β.

1558 5804 1603 5837 ³ο
1637 5805 1969 5875 Παιαζήτην.
2011 5801 2072 5855 R.
2105 5813 2157 5855 ut
2193 5803 2243 5854 in
2274 5811 2415 5854 cont.
