4190 6434
208 373 293 435 169
1258 379 1355 436 DE
1400 375 1649 435 ΗΕΒυὸ
1693 374 1764 432 TI

1866 372 2058 432 ClClS
2093 372 2235 435 LIB.
2290 373 2401 432 111.

3356 371 3453 433 110

203 485 352 549 hoc»;
381 484 594 554 διέφερε
616 527 630 550 ,
662 490 752 539 καὶ
790 490 1300 557 στρατευσάμενος,
1338 488 1487 557 μάχῃ
1517 503 1574 536 τε
1608 484 1764 551 ἐκρά-

1879 482 2107 538 Τιοιίίθε
2144 484 2419 537 adducens
2458 482 2714 550 Sejthas,
2750 484 3216 553 Assyriorumque
3246 484 3454 554 regioni

201 590 341 643 τησε.
382 576 478 628 καὶ
525 577 919 649 Σεμαρχάνδην
962 579 1367 649 παρεστήσατο.
1413 577 1486 628 Οὐ
1535 576 1665 627 πολὺ
1709 574 1763 625 δὲ

201 669 452 734 ὕστερον,
491 669 598 720 τῶν
632 671 787 722 ἐννέα
822 670 1036 740 βασιλεί
1072 672 1345 740 συμμάχῳ
1382 669 1762 739 χρησάμενος,

202 758 285 809 καὶ
321 759 377 810 ἐν
412 759 490 828 τῷ
527 760 781 831 Ταϐρέζῃ
819 762 972 814 πόλει
1010 761 1289 830 εὐδαίμονι
1326 761 1660 828 Ἀσσυρίων,
1696 759 1763 809 τὰ

202 851 437 918 βασίλεια
471 854 864 922 ποιησάμενος,
900 854 1036 923 πρός
1065 870 1125 904 τε
1153 854 1242 905 τὸν
1271 852 1577 921 Λευκαρίας
1612 849 1763 900 πολεο

202 946 311 1013 μῶν
333 946 587 1010 διετέλει,
612 948 703 998 καὶ
732 947 1016 1016 Σαμαχίην
1044 948 1197 999 πόλιν
1227 945 1556 1015 ἐπολιόρκει,
1581 944 1647 996 τὰ
1672 942 1764 994 τοῦ

201 1038 585 1104 Καραῖλούκεω
622 1040 895 1106 βασίλεια.
928 1039 1181 1108 Ταϐρὲζη
1215 1039 1271 1091 δὲ
1306 1038 1458 1099 πόλις
1492 1034 1630 1088 εἶναι
1668 1052 1764 1104 με·

200 1129 327 1198 γάλη
356 1146 413 1180 τε
444 1130 540 1180 καὶ
559 1129 866 1199 Ἐύδαίμων,
895 1132 988 1182 καὶ
1016 1129 1123 1182 τῶν
1150 1132 1206 1181 ἐν
1232 1134 1296 1198 τῇ
1328 1129 1502 1198 Ἀσίᾳ,
1535 1129 1674 1196 μετὰ
1703 1142 1763 1193 γε

198 1222 581 1291 Σεμαρχάνδην
603 1265 617 1287 ,
652 1227 951 1292 χρημάτων
982 1240 1040 1274 τε
1076 1222 1326 1293 προσόδῳ
1350 1263 1363 1286 ,
1400 1224 1495 1274 καὶ
1530 1224 1595 1291 τῇ
1629 1221 1767 1291 ἄλλῃ

172 1312 505 1385 ἐὐδαιμονίᾳ
555 1318 906 1385 προέχουσαο
957 1317 1129 1387 σῆράς
1180 1333 1237 1368 τε
1289 1318 1479 1385 τρέφει
1529 1318 1562 1384 ἠ
1614 1312 1767 1383 χώρα

196 1408 327 1475 αὕτη
366 1409 605 1476 μέταξάν
633 1426 691 1460 τε
727 1408 1022 1477 καλλίστην
1052 1410 1377 1478 ποιουμένη,
1409 1409 1501 1460 καὶ
1532 1408 1632 1475 τὴν
1662 1407 1765 1458 Σα-

200 1502 391 1569 μαχίης
430 1502 663 1568 ἀμείνω.
699 1501 859 1571 Φέρει
896 1501 953 1554 δὲ
990 1503 1084 1555 καὶ
1119 1502 1382 1571 Κριμίζιν
1418 1499 1593 1571 σηρὰν
1624 1498 1765 1552 οὕτω

196 1592 523 1660 καλούμενον
560 1594 890 1662 πορφυρᾶν,
928 1595 1056 1663 περὶ
1094 1594 1156 1644 τὰ
1197 1593 1426 1662 ἱμάτια,
1462 1595 1531 1645 τά
1564 1608 1622 1643 τε
1659 1591 1765 1643 ἀπὸ

194 1685 351 1752 ἐρίων
384 1685 477 1734 καὶ
512 1685 695 1754 σηρῶν
720 1724 734 1747 ,
772 1685 950 1755 βαφὴν
980 1684 1367 1751 ἐνδεικνύμενα
1395 1684 1549 1749 ἀξίαν
1580 1683 1761 1750 λόγου.

197 1778 346 1828 Ἐστι
374 1776 429 1828 δὲ
467 1776 598 1827 πλέα
625 1779 694 1828 τὰ
724 1780 781 1830 ἐν
806 1780 931 1846 τῇδε
957 1780 1025 1847 τῇ
1056 1778 1231 1848 χώρᾳ,
1263 1777 1487 1848 Περσῶν
1511 1778 1617 1829 τῶν
1649 1778 1764 1829 'At-

193 1867 404 1935 ζαμίων
436 1866 817 1936 καλουμένων.
846 1834 1231 1938 ϊυσοιηγῖὰρ⁸
1255 1834 1357 1937 τὴν
1389 1869 1697 1937 ’Λτζαμίων
1719 1870 1761 1898 ⁸⁵
1796 1834 1841 1892 Β

190 1958 370 2029 φωνὴν
405 1961 688 2028 προΐενται
714 2000 727 2025 ,
761 1962 969 2032 Πέρσαι
1002 1979 1061 2014 τε
1096 1958 1244 2015 οὗτοι
1280 1964 1599 2030 σύμπαντες
1621 2001 1633 2023 ,
1670 1962 1765 2012 καὶ

189 2054 251 2120 τῇ
298 2052 523 2120 Περσῶν
558 2056 708 2124 φωνῇ
753 2054 1122 2120 διαλέγονται.
1158 2051 1385 2109 Οἰκοῦσί
1418 2071 1477 2105 τε
1512 2051 1762 2123 Ταϐρέζη

190 2161 245 2194 τε
292 2145 387 2196 καὶ
434 2147 703 2213 Καγινὸν,
748 2148 844 2200 καὶ
889 2145 1172 2216 Νιγετίην,
1215 2148 1401 2211 πόλεις
1445 2148 1767 2216 εὐδαίμονας

188 2238 286 2304 τῆς
319 2236 516 2305 Μήδων
564 2238 661 2291 καὶ
695 2238 996 2307 Ἀσσυρίων
1025 2237 1231 2307 χώρας.
1259 2240 1510 2309 Σαμαχίη
1542 2239 1598 2292 δὲ
1631 2238 1767 2306 πρὸς

191 2330 253 2397 τῇ
298 2328 599 2397 Ἀρμενίων
648 2330 803 2401 χώρᾳ
850 2331 1135 2402 ᾠκημένη,
1189 2330 1340 2395 πόλις
1388 2332 1660 2401 εὐδαίμων
1707 2348 1765 2383 τε

192 2423 283 2473 καὶ
317 2422 770 2492 πολυάνθρωπος,
793 2425 899 2475 ἀπὸ
920 2424 975 2475 δὲ
1006 2425 1103 2493 τῆς
1136 2424 1405 2493 θυγατρὸς
1431 2408 1674 2486 Τζοκίεω
1697 2423 1765 2489 ⁸ο,

195 2515 598 2584 Καραῖσούφεω
627 2516 682 2566 δέ
713 2517 995 2582 γυναικὸς,
1027 2517 1242 2583 ἐγένετο
1269 2516 1538 2579 Τζανισᾶς
1560 2516 1600 2547 ⁵³
1642 2519 1767 2578 παῖς

193 2608 626 2676 Καραῖαούςιεω,
651 2609 903 2671 Τζοκίεω
936 2610 991 2662 δέ
1031 2610 1318 2677 ἀπόγονος.
1356 2602 1524 2671 Οὗτός
1558 2626 1615 2661 τε
1653 2611 1768 2663 Πα-

189 2700 415 2769 γδατίης
446 2700 545 2768 τῆς
580 2700 896 2762 Βαϐυλῶνος
927 2701 1133 2770 ἐπῆρξε
1158 2744 1171 2765 ,
1208 2702 1301 2754 καὶ
1337 2701 1639 2771 Ἀσσυρίων
1669 2702 1765 2771 τὴν

191 2793 378 2860 χώραν
412 2791 948 2859 καταστρεψάμενος,
980 2792 1235 2862 Ἰάϐρέζη
1266 2810 1320 2844 τε
1353 2794 1527 2862 ἐαυτῴ
1559 2794 1768 2862 ὑπηγά-

193 2900 343 2949 γετο,
375 2882 466 2934 καὶ
500 2884 634 2948 πρὸς
661 2884 751 2935 τὸν
780 2883 1205 2952 Μπαῖμπούρεω
1240 2885 1403 2937 παῖδα
1433 2884 1762 2953 διεπολέμει.

205 2972 509 3035 Ἐπελάσας
541 2974 596 3026 δὲ
621 2974 756 3042 πρὸς
791 2974 1141 3042 ’Δτζιγγαύιν
1164 2975 1209 3005 ⁸⁸
1241 2976 1550 3044 ἐπολιόρκει
1583 2992 1766 3045 παρα-

192 3065 570 3134 στησάμενος,
625 3066 718 3118 καὶ
767 3066 868 3135 τὴν
907 3066 1213 3135 Ἀρμενίων
1265 3068 1417 3129 ἐντὸς
1479 3068 1765 3139 Εὐφράτου

1874 575 2170 643 imperans,
2206 586 2397 627 contra
2434 574 2655 629 fratrem
2694 574 3056 643 Pajangnrcm
3107 576 3308 629 bellum
3344 591 3454 629 meo

1870 668 1964 718 vit.
1987 666 2044 719 In
2078 668 2175 719 hoc
2200 667 2340 725 bello
2365 666 2537 719 victor
2561 666 2791 728 exstitit,
2819 676 2872 719 et
2903 665 3370 721 Sentarchandam
3402 669 3452 721 in

1870 758 2130 812 ditionem
2162 758 2393 828 accepit.
2425 758 2534 812 Nec
2556 758 2724 811 multo
2750 770 2873 827 post
2907 758 2957 811 in
2987 757 3112 813 belli
3136 759 3453 814 societatem

1871 853 2115 905 adhibito
2137 868 2241 906 uno
2274 855 2337 907 de
2358 868 2585 907 numero
2618 866 2810 905 novem
2841 869 3052 922 regum,
3079 862 3129 906 et
3163 853 3306 921 regia
3330 855 3455 907 sede

1871 946 1923 997 in
1954 942 2195 998 Tahreze
2246 944 2592 1015 Assyriorum
2649 948 2779 999 urbe
2823 946 3079 1014 Opulenta
3129 945 3448 1008 constituta,

1871 1036 2011 1089 bello
2038 1038 2337 1090 lacessebat
2364 1038 2639 1092 Leucame
2664 1038 2852 1091 dueem
2879 1055 2892 1093 :
2916 1040 3078 1092 etiam
3105 1039 3452 1093 Samachiam

1872 1133 2080 1193 urbem.
2103 1133 2406 1187 Carailncis
2438 1134 2659 1203 regiam,
2691 1131 3064 1204 Oppugnabat.
3097 1134 3339 1189 Tabreze
3363 1152 3457 1188 au-

1870 1233 1973 1277 tem
2005 1222 2175 1277 fertur
2200 1228 2330 1279 urbs
2359 1240 2481 1278 esse
2510 1240 2703 1294 magna
2734 1234 2785 1279 et
2808 1226 3001 1295 opibus
3022 1226 3409 1282 ﬂorentissima
3436 1243 3449 1278 :

1867 1316 2031 1369 etiam
2088 1330 2283 1369 omnes
2337 1316 2480 1369 Asia:
2524 1318 2705 1379 urbes,
2767 1329 2920 1370 extra
2965 1317 3452 1380 Semarchaudam,

1867 1421 2030 1473 cpum
2061 1422 2285 1461 accessu
2348 1418 2401 1462 et
2461 1410 2671 1479 reliqua
2712 1410 2967 1464 felicitate
3000 1412 3325 1465 antecedere.
3358 1426 3452 1463 no-

1868 1498 2060 1551 scitur.
2083 1496 2427 1553 Vermiculos
2461 1502 2557 1553 alit
2593 1518 2653 1553 ea
2686 1502 2835 1570 regio
2882 1518 2947 1555 ex
2976 1503 3179 1570 quibus
3211 1506 3448 1557 sericum

1867 1590 2185 1661 producitur
2212 1592 2667 1661 pulcherrimum,
2695 1593 2840 1661 quod
2867 1595 3024 1663 longe
3048 1602 3263 1662 praestat
3290 1595 3338 1647 ei
3365 1610 3453 1647 se-

1868 1687 1983 1739 rico
2001 1686 2143 1754 quod
2165 1684 2455 1739 Samachia
2476 1688 2809 1756 suppeditat.
2831 1685 2958 1742 Fert
2976 1703 3192 1758 quoque
3209 1688 3447 1742 Crinizin

1870 1777 1981 1847 (81)
2015 1781 2119 1833 isto
2148 1780 2368 1833 nomine
2406 1781 2783 1845 vermiculum,
2817 1782 2909 1850 qui
2949 1797 3284 1851 purpureum
3304 1784 3450 1837 colo-

1869 1884 1981 1922 rcm
2013 1869 2377 1924 admiratione
2411 1871 2634 1939 dignum
2672 1872 2864 1925 tribuit
2910 1874 3152 1925 vestibus
3186 1888 3251 1926 cx
3287 1874 3390 1928 filis
3420 1894 3449 1927 c

1867 1958 2044 2012 serico
2076 1960 2371 2013 contextis.
2406 1960 2662 2013 Abundat
2696 1970 2876 2013 autem
2916 1962 3063 2031 regio
3092 1960 3275 2017 Persis
3309 1980 3446 2031 quos

1868 2048 2143 2102 Atzamias
2164 2058 2376 2102 verant.
2400 2048 2678 2119 Quotquot
2700 2051 2841 2105 enim
2861 2052 3229 2106 Alzamiorum
3254 2051 3419 2107 Persa
3437 2084 3450 2093 -

1868 2154 1987 2193 rum
2014 2140 2197 2209 lingua
2221 2150 2469 2207 utuntur,
2498 2158 2687 2197 omnes
2715 2144 2765 2196 bi
2795 2144 2974 2199 Persa:
2998 2132 3145 2209 sunt,
3179 2158 3227 2200 et
3257 2147 3447 2200 Persa-

1870 2247 1989 2285 rum
2025 2233 2265 2302 linguam
2290 2237 2339 2286 in
2366 2250 2467 2288 usu
2499 2236 2721 2290 habent.
2750 2238 2997 2292 Incolunt
3018 2239 3321 2305 Tabrezen,
3341 2242 3445 2295 Ca-

1869 2325 2084 2393 grinum
2104 2336 2157 2379 et
2196 2325 2487 2395 Nigetiam,
2511 2330 2671 2382 urbes
2693 2330 3001 2397 opulentas,
3024 2332 3075 2385 in
3093 2335 3225 2403 Assy
3240 2335 3441 2387 riornm

1870 2429 1918 2471 et
1947 2417 2225 2471 Medorum
2265 2421 2482 2489 regione
2547 2422 2702 2475 sitas.
2736 2424 3021 2478 Samaehia
3053 2435 3258 2490 autem,
3285 2428 3444 2497 cujus

1870 2510 2010 2562 situs
2039 2515 2121 2561 est
2144 2524 2333 2563 versus
2362 2510 2701 2573 Armeniam,
2732 2514 2861 2566 nubs
2880 2516 3192 2582 perhibetur
3214 2518 3445 2587 opulen-

1871 2611 1922 2653 ta
1960 2610 2012 2652 et
2041 2600 2324 2668 p0pulosa.
2386 2599 2461 2654 Ex
2496 2603 2604 2655 filia
2648 2603 2898 2669 ’l‘zoLiis,
2939 2622 3057 2675 qua'
3094 2612 3445 2664 matrimonio

1865 2691 2051 2760 juncta
2070 2693 2575 2762 fuitGharaisuphi,
2629 2707 2789 2749 natus
2808 2698 3182 2753 esthanisas
3225 2700 3445 2755 Tlekiis

1868 2798 2061 2852 nepos,
2082 2796 2134 2838 et
2152 2785 2507 2854 Caraisuphis
2534 2787 2694 2841 filius.
2713 2786 2760 2842 ls
2780 2788 3089 2859 Pagdatiam
3113 2792 3441 2863 Babylonem

1870 2879 2034 2942 rexit,
2060 2888 2113 2932 et
2139 2880 2495 2949 Assyriorum
2526 2882 2801 2951 regionem
2830 2884 2954 2952 jure
2980 2886 3105 2938 belli
3129 2888 3443 2954 possidens,

1870 2968 2148 3024 Tabrezen
2178 2987 2279 3024 suo
2324 2973 2555 3042 imperio
2592 2976 2827 3030 addidit.
2877 2980 3040 3031 Arma
3083 2979 3225 3033 idem
3262 2980 3443 3033 l‘aim.

1870 3062 2023 3130 puris
2086 3064 2195 3117 lilio
2237 3065 2441 3130 intulit,
2509 3069 2791 3136 profectus
2825 3079 3017 3124 c0ntra
3066 3074 3441 3143 Artzinganini

188 3157 378 3228 χώραν
423 3160 716 3227 ἐτύγχανεν
756 3155 952 3223 οὖσαν,
998 3160 1332 3228 ὑπηγάγετο.
1376 3161 1527 3213 Μετὰ
1565 3160 1622 3213 δὲ
1666 3160 1758 3213 τοῦ

1868 3155 2080 3219 urbem,
2116 3171 2233 3209 eam
2276 3161 2683 3226 Oppugnalione
2732 3162 2875 3230 cepit
2907 3179 2918 3213 :
2952 3164 3288 3229 Armeniam,
3324 3184 3443 3235 qua:

187 3251 437 3313 Τςοκίεω
471 3253 656 3315 παιδὸς
688 3251 1024 3321 ὡρμημένου
1061 3253 1167 3305 ἀπὸ
1204 3254 1627 3323 Σεμαρχάνδης,
1661 3255 1759 3324 τὴν

184 3360 242 3395 τε
300 3344 595 3396 Βαϐυλῶνα
644 3344 973 3413 ἐπολιόρκει.
1031 3345 1141 3398 Καὶ
1190 3346 1352 3397 αὑτὸν
1401 3347 1623 3399 ἐπιόντα
1673 3348 1757 3413 οἱ,

186 3436 344 3504 μάχῃ
393 3436 761 3505 ἐπεκράτησε.
817 3437 921 3489 Καὶ
966 3438 1063 3506 τὴν
1117 3437 1414 3491 Βαϐυλῶνα
1462 3438 1618 3505 ἐλὼν,
1668 3440 1761 3490 ἐπὶ

182 3531 447 3600 Ταϐρέςη
489 3530 732 3583 ἐλαύνων
758 3568 773 3593 ,
810 3531 869 3593 ἐς
904 3531 1053 3583 τόνδε
1095 3531 1445 3601 συνδιαφέρει
1483 3532 1572 3583 τὸν
1609 3531 1763 3584 πόλε-

184 3640 311 3689 μον.
357 3623 614 3691 Χασάνης
658 3622 839 3691 μέντοι
884 3624 911 3674 ὁ
960 3624 1169 3691 μακρὸς
1213 3624 1519 3692 Σκενδέρεω
1564 3623 1659 3676 τοῦ
1702 3625 1761 3676 τὸ

192 3716 591 3785 Ἀρτζιγγαύιν
624 3715 1035 3785 διακατέχοντος
1077 3716 1343 3783 ἀπόγονος
1385 3716 1493 3779 ὢν,
1534 3718 1628 3768 καὶ
1663 3720 1759 3785 τῆς

179 3808 581 3877 Καραῖ).ούκεω
636 3808 870 3877 μοίρας,
920 3809 1010 3861 ἐπὶ
1057 3808 1156 3875 τὴν
1203 3808 1379 3877 ἀρχὴν
1429 3810 1761 3876 παρεγένετο

175 3901 280 3970 τὴν
318 3899 645 3968 Ἀρμενίων,
681 3899 1157 3969 συνελαυνομένων
1184 3899 1333 3968 αὐτῷ
1356 3900 1398 3929 ⁸³
1428 3902 1533 3951 τῶν
1563 3916 1620 3951 τε
1655 3900 1762 3950 Κα-

181 3993 501 4060 ραῑλούκεω
539 3990 765 4044 παίδων.
801 3990 959 4043 Οὗτοι
994 3991 1099 4060 γὰρ
1132 3989 1205 4052 ὡς
1238 3990 1342 4041 ὑπὸ
1372 3991 1465 4041 τοῦ
1499 3991 1760 4059 βασιλέως

174 4082 432 4144 Τζανισᾶ
468 4081 864 4149 Καραῖςούφεω
901 4081 1119 4142 παιδὸς,
1155 4081 1212 4131 ἐν
1246 4080 1499 4151 Σαμαχίῃ
1539 4082 1758 4150 πολιορ-

175 4176 469 4243 κούμενοι,
491 4176 547 4225 ἐν
572 4175 764 4242 ἀπόρῳ
787 4174 1014 4242 εἴχοντο,
1066 4174 1426 4241 προσεδέοντο
1460 4174 1551 4225 τοῦ
1576 4174 1762 4227 Μπαῖ-

176 4265 457 4334 μπούρεω
501 4264 750 4317 ἐσϐαλεῖν
779 4266 833 4325 ἐς
874 4264 972 4331 τὴν
999 4262 1270 4332 Μηδικήν.
1305 4265 1399 4325 Ὃς
1430 4265 1673 4326 πεισθείς
1701 4281 1759 4316 τε

171 4356 437 4409 ἐσέϐαλε.
483 4357 593 4407 Καὶ
637 4356 917 4424 ἀπανέστη
962 4372 1021 4406 τε
1067 4356 1095 4406 ὁ
1140 4356 1411 4418 Τζανισᾶς
1456 4355 1759 4426 ἀποχωρῶν

170 4453 319 4519 πρὸς
359 4450 451 4500 τὸν
488 4449 933 4518 Μπαῖμπούρην,
973 4449 1038 4500 τὰ
1076 4451 1174 4519 μὲν
1212 4449 1566 4517 συμϐάλλων,
1605 4452 1669 4501 τὰ
1705 4449 1760 4502 δέ

1860 3248 2000 3318 jacet
2030 3250 2170 3301 intra
2234 3250 2589 3319 Euphratem,
2628 3254 2679 3305 in
2714 3271 2868 3309 suam
2910 3257 3172 3313 ditionem
3213 3261 3438 3329 redegit.

1864 3342 2003 3395 111ηο
2044 3341 2259 3398 Tzokiis
2301 3345 2412 3397 lilio
2456 3344 2702 3414 profecto
2732 3362 2761 3399 a
2813 3346 3222 3405 Semarchanda
3273 3353 3443 3424 Buhy~

1864 3431 2041 3487 lonem
2090 3436 2456 3505 oppugnabat.
2506 3437 2686 3503 Ipsum
2743 3439 3032 3496 adeuntem
3079 3445 3265 3512 prmlio
3290 3449 3439 3500 vicit.

1865 3524 2069 3579 Exinde
2085 3524 2411 3595 Babylonem
2433 3531 2679 3597 capiens.
2698 3542 2749 3586 et
2764 3542 2951 3589 contra
2973 3533 3269 3591 Tabrezem
3286 3522 3442 3592 εχει-ξ

1864 3621 2031 3672 citum
2056 3621 2287 3688 ducens,
2318 3638 2443 3678 cum
2470 3626 2561 3679 111υ
2580 3627 2778 3681 bellum
2806 3632 2997 3699 gessit.
3023 3632 3300 3689 Chasanes
3322 3638 3442 3704 qui-

1864 3710 1985 3764 dem
2009 3711 2227 3783 Longus
2247 3714 2559 3785 Scenderis,
2580 3721 2670 3786 qui
2690 3720 3063 3792 Artzinganim
3085 3726 3319 3792 tenebat,
3344 3744 3438 3783 ne-

1867 3818 1965 3873 pos
1986 3810 2280 3871 exsistens,
2314 3819 2365 3861 et
2396 3826 2460 3863 ex
2498 3810 2700 3865 familia
2728 3814 3051 3882 Carailucis,
3086 3832 3309 3888 regnum
3340 3821 3441 3873 Ar-

1864 3899 2058 3949 meniae
2092 3900 2322 3968 adeptus
2381 3910 2520 3966 erat,
2556 3903 2775 3973 adjutus
2816 3906 2883 3959 ab
2923 3907 3230 3964 Carailucis
3289 3913 3435 3970 filiis.

1864 3990 1955 4058 qui
1990 4005 2095 4044 una
2129 4007 2252 4045 cum
2286 3993 2377 4046 illo
2409 4010 2471 4048 eo
2503 3996 2731 4065 profecti
2764 4009 2941 4054 erant.
2992 4002 3052 4055 lli
3095 4019 3217 4055 cum
3256 4019 3285 4056 a
3316 4020 3439 4072 rege

1863 4079 2093 4135 Tzanisa
2170 4082 2522 4152 Caraisuphis
2584 4088 2695 4141 ﬁlio
2755 4089 3059 4146 Samacbiae
3114 4096 3435 4162 graviSsimu

1862 4176 2151 4231 obsidione
2198 4189 2597 4245 premerentur,
2660 4198 2853 4252 resque
2896 4199 3086 4238 eorum
3145 4188 3474 4242 admodum~

1865 4266 2092 4320 lubrica!
2122 4278 2331 4334 essent,
2369 4272 2625 4337 precibus
2659 4275 2897 4341 aggressi
2928 4284 3056 4329 sunt
3088 4274 3435 4347 Paimpnrem

1865 4370 1923 4410 ut
1961 4362 2199 4414 irrueret
2247 4362 2303 4415 in
2334 4362 2519 4416 Media:
2579 4366 2875 4434 regionem.
2937 4368 3038 4432 Qui
3095 4370 3258 4425 facile
3291 4374 3437 4441 quod

1865 4454 2106 4518 petivere
2160 4453 2569 4521 impetrarunt:
2606 4472 2733 4510 nam
2805 4459 2859 4513 in
2916 4459 3150 4515 Mediam
3216 4465 3434 4533 irrupit.

167 4514 507 4612 ληϊζόμενος
542 4514 1117 4611 τὴν-χῶραννέκείνου.
1153 4543 1215 4594 Ol
1252 4514 1429 4603 μέντοι
1461 4544 1757 4612 ἡγεμόνες,

1866 4541 1967 4606 Qui
2004 4558 2188 4597 rumor
2218 4554 2276 4597 ut
2305 4548 2551 4613 perlatus
2579 4558 2661 4603 est
2702 4552 2767 4603 ad
2804 4550 3117 4618 Tzanisam,
3150 4514 3439 4612 obsidibue

168 4638 199 4687 ὃ
234 4653 298 4687 τε
339 4633 665 4697 Μενδεσίας,
699 4633 943 4701 Αἰδίνης,
978 4635 1073 4686 καὶ
1105 4635 1410 4705 Σαρχάνης,
1450 4636 1691 4697 ’Δλὸντες
1717 4637 1762 4667 ⁵⁸

168 4728 540 4796 Παιαζήτεω,
571 4728 669 4792 τὴν
697 4741 754 4776 τε
787 4725 969 4795 χώραν
999 4727 1322 4793 κατέλαϐον,
1354 4729 1762 4790 ἐπικελεύοντος

167 4821 481 4888 Τεμήρεω,
520 4818 615 4869 καὶ
646 4819 702 4877 ἐς
734 4817 830 4887 τὴν
862 4818 1057 4868 ἑαυτοῦ
1090 4819 1273 4887 χώραν
1304 4819 1602 4871 καθίστατο
1632 4820 1762 4872 ἐκα-

167 4929 336 4974 στος.
368 4911 542 4978 Ὁρῶν
568 4910 625 4961 δέ
658 4908 910 4977 Χασάνης
944 4909 1398 4980 συμϐαλλομένην
1425 4912 1575 4982 αὑτῷ
1604 4913 1761 4965 δύνα-

170 5022 275 5071 μιν
308 5002 633 5068 ἀξιόχρεων,
664 5002 759 5069 τήν
786 5016 844 5051 τε
877 5000 1178 5070 Ἀρμενίων
1204 5008 1391 5077 χώραν
1420 5005 1754 5074 ὑπηγάγετο,

178 5096 286 5147 καὶ
352 5092 482 5151 τοὺς
518 5091 819 5153 Κιαπνίδας
844 5092 913 5156 ⁵⁸,
971 5092 1063 5143 καὶ
1120 5094 1257 5161 πρὸς
1315 5096 1441 5157 τοὺς
1498 5097 1756 5164 Κολχίδος

167 5184 440 5253 βασιλεῖς
478 5180 783 5250 ἐπιγαμίαν
846 5186 1251 5253 ποιησάμενος,
1309 5188 1531 5257 εἰρήνην
1566 5190 1756 5257 ἐποιή-

169 5297 349 5333 σατο.

1865 4636 2053 4689 urbem
2092 4637 2390 4692 abscedens
2424 4642 2607 4704 solvit,
2650 4644 2858 4712 iterque
2892 4646 3005 4717 89
3064 4647 3213 4702 flexit
3245 4650 3439 4703 adver-

1861 4745 1954 4784 sus
1984 4729 2354 4799 Paimpurem,
2383 4735 2580 4801 partim
2613 4736 2833 4804 quidem
2882 4740 3160 4807 regionem
3213 4742 3333 4809 ejus
3384 4745 3437 4795 in

1860 4822 2122 4878 ditionem
2152 4825 2452 4894 accipiens,
2488 4830 2684 4895 partim
2715 4847 2843 4886 vero
2872 4844 3112 4888 vastans.
3146 4835 3435 4901 Mendesis,

1861 4913 2112 4979 Edines,
2143 4914 2469 4983 Sarcbanes,
2493 4930 2545 4973 et
2570 4924 2843 4988 Allontes,
2872 4924 3127 4995 Pajaz'uis
3159 4930 3433 4998 regionem

1863 5018 2199 5076 occuparunt
2226 5010 2381 5079 jussu
2430 5012 2686 5077 Temiris,
2708 5024 2759 5069 et
2800 5017 2851 5070 in
2877 5032 3031 5071 suam
3064 5022 3262 5090 singuli
3298 5024 3442 5075 redi-

1864 5102 1995 5154 bant
2015 5100 2314 5169 regionem.
2336 5102 2615 5161 Chasanes
2634 5123 2864 5163 cernens
2884 5112 2986 5164 sibi
3008 5114 3302 5179 potentiam
3323 5130 3439 5168 esse

1866 5194 2177 5257 maximam,
2202 5195 2513 5249 Armeniam
2546 5208 2599 5251 et
2632 5199 2942 5269 Tzapnidas
2970 5206 3203 5273 subegit,
3260 5218 3307 5261 et
3343 5225 3437 5276 pa—

1864 5298 1980 5337 rem
2016 5286 2385 5341 intercedente.
2409 5290 2667 5345 affinitate.
2698 5309 2819 5346 cum
2846 5295 3125 5353 Colchidis
3145 5315 3269 5368 rege
3290 5299 3438 5354 fecit.

1442 5373 1690 5434 Notulze
1722 5378 2129 5455 marginales.

248 5479 377 5544 (8|)
414 5474 596 5529 Nostri
628 5472 1044 5528 Chermesiuum
1074 5475 1187 5529 sive
1213 5490 1439 5530 coccum
1471 5490 1689 5534 vocant.

246 5579 298 5607 δ’
336 5573 679 5657 ags-aiam.
711 5572 1017 5653 ἀγκιαμίων
1043 5574 1169 5657 καλἒ
1189 5576 1317 5657 ιόσοι
1356 5574 1461 5654 γάρ
1491 5576 1545 5637 ἐς
1572 5577 1669 5657 τὴν
1693 5579 1764 5657 άγ

1868 5580 2025 5657 μίων.
2059 5581 2112 5634 in
2151 5582 2465 5657 al_._utiinwc.
2514 5585 2575 5657 _'°
2604 5587 2855 5651 Κιοκίεω,
2885 5601 2929 5641 et
2973 5591 3071 5657 inf.
3109 5593 3217 5651 AL,
3241 5602 3293 5643 ιιι
3318 5594 3369 5643 iu
3394 5610 3440 5645 r.

161 5653 211 5680 ⁸¹
252 5646 554 5705 Κιανισᾱς,
598 5641 671 5692 al.
717 5652 771 5693 ut
833 5644 884 5694 in
918 5659 964 5696 c.

161 5723 215 5751 ⁸⁸
266 5721 354 5770 αι.
393 5716 588 5776 τξαπν.

524 5874 794 5931 Ρηειυι..
840 5872 953 5932 Gn.
987 5867 1187 5929 CLlX.

1074 5645 1118 5673 "
1157 5643 1524 5714 Ἀρκιγγανιν,
1561 5656 1608 5699 et
1645 5643 1751 5715 inf.
1775 5643 1936 5704 affui
1969 5653 2019 5703 in
2049 5668 2094 5705 c.

2204 5654 2250 5683 "
2283 5656 2478 5707 αὐτῶν.
2505 5654 2566 5709 Il.
2596 5668 2648 5708 ut
2680 5659 2730 5709 in
2760 5675 2806 5712 ε.
2917 5661 2962 5690 ⁸⁸
2996 5654 3234 5714 ἁλόντος.
3283 5656 3326 5714 ἐι
3377 5664 3438 5712 R.

2917 5661 2962 5690 "
2996 5664 3234 5723 ἁλόντος.

3080 5887 3117 5949 6
