4190 6434
197 379 293 440 1Ἰό

1231 383 1325 441 DE
1370 380 1625 441 REBUS
1659 379 2019 439 TURCICIS
2063 378 2209 438 LIB.
2264 377 2355 435 ιν.

3360 377 3458 437 17(

199 492 289 543 τοῦ
321 492 589 544 Σινωπίου
621 493 889 562 ἡγεμόνες
919 492 1091 563 αὐτῷ,
1124 497 1214 545 καὶ
1250 495 1298 545 οἱ
1329 494 1427 563 τῆς
1456 493 1774 562 συμμαχίας

1882 503 2157 558 nopenses
2175 488 2450 556 principes
2474 487 2885 542 auxiliabantur
2909 489 2980 551 ei,
3011 498 3065 542 et
3095 489 3287 558 reliqui
3311 490 3462 558 prius

193 584 369 636 λοιποὶ
395 583 506 635 τῶν
536 584 843 654 τυράννων.
874 584 1175 653 Συμϐαλὼν
1200 586 1255 637 δὲ
1288 584 1455 638 αὑτοῦ
1488 586 1663 657 ταύτῃ
1693 584 1768 652 τῷ

192 677 427 747 ἀδελφῷ,
456 677 547 730 καὶ
572 678 930 746 τρεψάμενος.
959 676 1130 731 πολλά
1154 695 1212 729 τε
1234 678 1329 729 τοῦ
1361 676 1768 747 στρατεύματος

193 767 360 821 αὑτοῦ
412 770 470 820 ὲν
519 771 585 838 τῇ
622 771 771 838 μάχῃ
820 768 1121 837 διέφθειρε,
1155 770 1250 822 καὶ
1296 766 1361 837 δὴ
1405 766 1612 835 Ἰησοῦν
1663 766 1770 830 ζω-

194 861 432 929 γρήσας,
487 861 845 930 διεχρήσατο,
882 859 1285 930 βασιλεύσαντα
1343 859 1439 928 ἔτη
1501 859 1767 928 τέσσαρα.

192 946 366 1016 Οὗτος
396 954 495 1022 μὲν
528 953 592 1022 δὴ
618 953 758 1006 οὕτω
791 953 1147 1021 καθαιρεθεὶς
1176 952 1281 1006 ὑπὸ
1312 951 1768 1023 Μουσουλμάνεω,

192 1046 701 1117 ἐτελεύτησεν(ος
752 1047 810 1099 δὲ
859 1046 1320 1115 Μουσουλμὰνης,
1357 1048 1413 1109 ἐς
1465 1045 1563 1115 τὴν
1617 1044 1771 1115 βασι·

190 1140 340 1191 λείαν
391 1140 649 1209 κατέστη,
700 1141 796 1194 καὶ
853 1141 1161 1207 ὲδασίλευε,
1195 1140 1399 1208 Μωσῆς
1452 1138 1774 1208 μεμαθυμέ-

192 1248 279 1293 νος
309 1230 376 1294 ⁸⁸,
410 1232 505 1283 καὶ
547 1230 772 1299 ἀφεθεὶς
816 1231 921 1283 ὑπὸ
966 1231 1236 1301 Τεμήρεω
1272 1229 1555 1300 βασιλέως,
1589 1227 1776 1299 ἐκομί-

193 1324 316 1386 ζετο
374 1324 465 1375 ἐπὶ
512 1323 611 1394 τὴν
662 1324 928 1393 πατρῴαν
964 1323 1173 1393 χώραν,
1204 1325 1298 1377 καὶ
1340 1325 1432 1376 ἐπὶ
1475 1323 1770 1389 θαλάττης.

204 1416 565 1484 Ἀφικόμενος
608 1416 665 1467 δὲ
718 1416 811 1468 ἐπὶ
870 1404 998 1477 τοὺς
1051 1413 1338 1485 Ὀμούρεω
1386 1415 1607 1476 παῖδας,
1648 1414 1775 1474 τοὺς

190 1508 635 1575 Μουσουλμὰνεω
667 1506 990 1573 πολεμίους,
1022 1505 1111 1558 διὰ
1130 1504 1229 1575 τὴν
1264 1505 1400 1575 πρὸς
1430 1504 1521 1555 τὶν
1564 1503 1774 1572 Ἰησοῦν

188 1600 372 1653 αὑτῶν
400 1600 742 1669 συμμαχίαν,
774 1601 871 1653 ἐπὶ
895 1597 1145 1667 Σινώπην
1176 1615 1234 1649 τε
1275 1599 1368 1650 καὶ
1407 1598 1769 1667 Καστάμονα,

190 1693 284 1743 καὶ
332 1693 585 1745 ἐντεῦθεν
637 1692 728 1744 ἐπὶ
774 1691 1003 1756 Δακίαν,
1030 1691 1221 1754 διαϐὰς
1249 1691 1338 1743 διὰ
1382 1691 1476 1743 τοῦ
1515 1690 1772 1755 Εὐξείνου

189 1786 415 1847 πόντου,
440 1784 534 1836 καὶ
574 1784 665 1836 ἐπὶ
698 1784 925 1851 Μύρξαν
969 1784 1063 1836 τὸν
1096 1782 1301 1845 Δακίας
1326 1785 1594 1852 ἡγεμόνα,
1628 1780 1775 1851 αὐτῷ

188 1894 247 1928 τε
303 1876 553 1945 διελέχθη
586 1877 656 1929 τά
696 1893 755 1927 τε
804 1875 962 1941 ἄλλα,
1000 1878 1094 1929 καὶ
1136 1876 1209 1939 ώς
1255 1876 1322 1946 ῆν
1357 1876 1453 1929 ἐπὶ
1486 1876 1584 1945 τὴν
1618 1875 1773 1943 βασι-

189 1968 343 2019 λείαν
386 1968 835 2036 συνεπιλάὸηται,
869 1967 1052 2022 δοῦναι
1112 1969 1260 2038 αὐτῷ
1298 1969 1562 2039 πρόσοδον
1613 1970 1670 2021 ὲν
1706 1971 1771 2039 τῇ

190 2060 454 2132 Εὖρώπῃ,
482 2061 578 2114 καὶ
608 2060 796 2130 χώραν
840 2063 940 2114 οὐκ
989 2062 1201 2130 ὀλίγην.
1239 2064 1380 2132 Πρός
1414 2081 1473 2115 τε
1503 2063 1609 2132 γὰρ
1646 2062 1773 2115 Ἔλ-

188 2157 363 2223 ληνας
424 2154 659 2224 πολέμια
721 2137 789 2225 ἦτ’)
844 2156 1012 2223 αὐτῷ.
1054 2156 1147 2207 ἐπί
1191 2172 1250 2208 τε
1308 2156 1544 2224 Μύρξεω
1608 2156 1774 2208 παῖδα

191 2249 359 2300 αὑτοῦ
396 2248 453 2298 ὲν
495 2246 784 2316 Βυζαντίῳ
828 2246 1178 2310 ὑπεδέξαντο,
1213 2247 1306 2299 καὶ
1355 2246 1620 2316 ὑπέχοντο
1674 2247 1774 2315 τὴν

188 2337 369 2407 ἀρχὴν
424 2335 575 2405 αὑτῷ
644 2334 785 2405 μετὰ
844 2334 1288 2404 Μουσουλμάνεω
1359 2337 1405 2367 ⁵⁷
1462 2335 1773 2403 ἐπιτηδείου

191 2426 766 2496 συγκατεργάσεσθαι.
798 2419 964 2488 Οὗτος
1018 2427 1118 2495 μὲν
1151 2420 1247 2479 οὖν
1291 2426 1382 2478 τόν
1430 2444 1487 2478 τε
1538 2426 1774 2495 Μωῡσῆν

192 2517 492 2584 ύπεῖέξατο
558 2521 820 2586 ἄσμενος,
866 2522 962 2573 καὶ
1013 2520 1164 2589 αὐτῷ
1218 2521 1513 2589 παρείχετο
1567 2521 1663 2590 τήν
1715 2537 1773 2572 τε

188 2612 407 2664 δίαιταν
437 2614 532 2665 καὶ
563 2612 629 2664 τὰ
661 2611 944 2681 ἐπιτήδεια
966 2628 979 2641 ·
1022 2614 1117 2665 καὶ
1144 2613 1235 2665 τὸν
1260 2613 1490 2681 στρατὸν
1532 2612 1585 2663 δὲ
1619 2612 1769 2680 αὐτῷ

191 2704 388 2758 ἐδίδου.
438 2702 725 2756 Ἐντεῦθεν
771 2702 829 2755 δὲ
876 2703 949 2766 ὡς
1009 2704 1064 2766 ἐς
1109 2705 1206 2775 τὴν
1255 2704 1442 2756 Ἀσίαν
1489 2704 1760 2757 Μουσοδλ-

194 2795 376 2865 μάνης
409 2796 577 2861 ἀπῆν,
610 2795 973 2865 ἐπιρρεόντων
1022 2795 1171 2865 αὐτῷ
1221 2796 1329 2848 τῶν
1375 2795 1483 2849 ἀπὸ
1528 2796 1627 2858 τῆς
1675 2798 1776 2848 Εὑ-

195 2888 410 2955 ρώπης,
458 2888 573 2940 ὅσοι
623 2886 855 2955 ἤχθοντο
896 2887 1325 2958 Μουσουλμάνη,
1360 2888 1460 2939 οὐκ
1505 2886 1566 2939 εὖ
1615 2889 1777 2957 φερό-

195 2996 350 3047 μενοι
386 2980 515 3045 παρ’
539 2978 709 3047 αὐτῷ,
733 2980 828 3032 καὶ
858 2978 1209 3048 ὁρμώμενος,
1236 2979 1417 3033 λαϐών
1442 2997 1500 3032 τε
1524 2978 1771 3042 τούτους,

194 3071 288 3121 καὶ
320 3069 429 3121 ἀπὸ
458 3070 653 3121 Δακῶν
702 3070 936 3137 στρατὸν
974 3071 1182 3134 ἱκανὸν,
1217 3072 1593 3141 ὲπισπομένου
1625 3070 1773 3139 αὐτῷ

193 3162 287 3213 καὶ
318 3162 495 3214 Τάνου
524 3160 569 3190 ⁸⁸
602 3161 694 3213 τοῦ
731 3160 923 3213 Δακῶν
956 3161 1249 3231 ἡγεμόνος,
1282 3164 1382 3233 τήν
1411 3181 1470 3216 τε
1502 3161 1775 3234 Εὐρώπην

193 3252 485 3320 κατέσχεν,
513 3251 609 3304 καὶ
659 3253 749 3304 ἐπὶ
801 3253 871 3306 τὰ
926 3252 1178 3322 βασίλεια
1209 3255 1308 3324 τῆς
1367 3256 1646 3324 Ἀδριανοῦ
1683 3257 1780 3308 πό-

194 3343 332 3405 λεως
375 3341 591 3411 παριὼν
624 3344 983 3413 καθειστήκει
1030 3363 1090 3399 τε
1132 3345 1410 3413 βασιλεὺς,
1436 3348 1531 3399 καί
1560 3350 1650 3399 ἐπὶ
1689 3348 1777 3401 τὸν

194 3430 427 3499 ἀδελφὸν
477 3436 535 3493 ἐς
569 3433 666 3502 τὴν
730 3434 918 3489 Ἀσίαν
976 3438 1427 3507 παρεσκευάζετο
1486 3440 1782 3510 στρατεύε-

197 3523 344 3576 σθαι.
382 3524 826 3594 Μουσουλμάνης
864 3526 921 3578 δὲ
951 3528 1196 3597 ὑπήγετο
1229 3530 1324 3582 καὶ
1353 3530 1515 3595 αὐτὸς
1553 3532 1775 3599 φθῆναι,

197 3616 469 3684 πρότερος
534 3617 592 3679 ἐς
644 3618 757 3687 τὴν
789 3620 973 3673 Ἀσίαν
1028 3620 1246 3685 διαϐάς.
1280 3622 1492 3691 Διὲγνω
1538 3627 1645 3696 γὰρ
1689 3629 1782 3679 καὶ

194 3709 405 3776 ἀμφοῖν
435 3707 679 3775 ἄμεινον,
710 3712 804 3763 καὶ
838 3711 974 3779 πρὸς
1016 3713 1111 3765 τοῦ
1144 3714 1332 3783 ἑτέρου
1370 3711 1537 3779 εἶναι,
1593 3718 1782 3769 ὁπότε-

195 3818 290 3868 ρος
322 3800 387 3853 ἂν
414 3802 507 3853 ἔπι
528 3800 625 3871 τὴν
660 3804 751 3855 τοῦ
792 3804 979 3873 ἐτέρου
1012 3805 1187 3875 ἀρχὴν
1219 3806 1436 3874 διαϐὰς,
1469 3808 1568 3878 τὴν
1602 3810 1781 3879 μάχην

198 3898 497 3964 ποιήσαιτο
549 3898 737 3962 αὑτοῦ,
796 3901 890 3953 καὶ
943 3902 1018 3970 μὴ
1074 3904 1337 3975 ἐπιμείνῃ
1404 3904 1499 3957 τὸν
1549 3905 1780 3971 ἀδελφὸν

195 3988 451 4040 ἐπιόντα.
477 3990 680 4049 Διαϐὰς
732 4007 790 4041 τε
840 3992 936 4044 ἐπὶ
991 3993 1053 4044 τὸ
1102 3993 1418 4059 Βυζάντιον,
1444 3994 1586 4049 ὥστε
1632 3997 1782 4065 αὑτῷ

199 4079 358 4146 φιλία
389 4076 529 4135 εἶναι
562 4083 698 4153 πρὸς
729 4083 821 4136 τὸν
847 4085 1145 4149 Βυζαντίου
1178 4087 1424 4155 βασιλέα,
1455 4087 1649 4156 ἄγεται
1682 4089 1782 4159 τὴν

198 4170 467 4239 βασιλέως
517 4172 718 4227 υἱιδοῦν
757 4175 996 4229 Ἰαννύου
1053 4180 1096 4209 δ’
1132 4177 1432 4248 Τουντόρια
1482 4180 1781 4251 θυγατέρα,

197 4264 404 4317 υἱιδοῦν
450 4265 508 4317 δὲ
547 4264 641 4318 τοῦ
679 4266 953 4334 ’βασιλέως
995 4268 1292 4339 Ἑλλήνων,
1324 4272 1598 4342 ἀγόμενος
1637 4273 1786 4325 Μου-

198 4356 516 4427 σουλμάνης
557 4360 586 4411 ὁ
640 4357 961 4428 Παιαζήτεω
1015 4364 1170 4423 παῖς.
1212 4363 1325 4415 Καὶ
1374 4363 1432 4425 ἐς
1486 4363 1783 4427 Βυζάντιον

196 4448 413 4513 διαόἁς,
447 4449 805 4517 ἐστρατεύετο
837 4453 931 4505 ἐπὶ
961 4452 1052 4506 τὸν
1085 4452 1335 4522 ἀδελφόν.
1369 4454 1578 4525 Μωσῆς
1606 4456 1686 4521 δὲ,
1708 4456 1783 4518 ώς

1873 582 2054 648 cipum
2124 580 2258 634 socii
2316 579 2565 633 subsidio
2620 580 2930 633 veniebant.
2996 579 3223 632 Collatia
3282 588 3459 633 autem

1872 689 1939 729 co
1976 675 2075 728 loci
2105 673 2300 743 signis,
2335 687 2582 743 pugnans
2609 674 2939 736 cumfratre,
2962 684 3011 727 et
3040 689 3164 727 eum
3194 674 3245 725 in
3275 672 3459 743 fugam

1873 766 2196 837 conjiciens,
2240 770 2535 820 maximam
2578 766 2855 819 exercitus
2893 775 3101 835 partem
3162 767 3213 819 in
3272 755 3462 835 piaelio

1876 859 2093 915 statuit.
2127 857 2287 913 Jcsus
2320 873 2452 911 vero
2487 858 2717 912 vivusin
2776 873 2970 911 manus
3026 859 3199 911 venit.
3260 859 3460 923 Quem,

1875 969 1999 1008 enm
2022 968 2187 1021 regno
2220 952 2527 1022 pra-fuisset
2551 955 2709 1006 annis
2735 960 2987 1021 quatuor,
3010 953 3302 1006 trucidavit
3322 952 3457 1019 (85).

1876 1044 1927 1099 Is
1957 1046 2122 1115 igitur
2145 1061 2173 1099 a
2208 1046 2556 1101 MuISumane
2592 1056 2931 1116 peremptus,
2969 1046 3022 1098 in
3054 1045 3200 1100 hunc
3238 1044 3458 1097 modum

1878 1146 2107 1190 tnortem
2131 1137 2288 1190 obiit.
2318 1136 2389 1192 Ut
2423 1138 2656 1206 primum
2692 1138 3062 1193 Mulsumanes
3088 1137 3203 1207 (84)
3233 1151 3459 1206 regnare

1876 1230 2063 1296 cmpit,
2089 1232 2273 1284 Moses
2292 1230 2382 1298 qui
2415 1230 2679 1285 dimissus
2706 1242 2825 1285 erat
2855 1246 2884 1283 a
2915 1245 3041 1298 rege
3060 1229 3296 1292 Temire,
3322 1228 3459 1282 mari

1877 1322 2246 1377 advehebatur
2277 1323 2344 1376 aal
2395 1324 2630 1392 patriam
2666 1324 2964 1393 regionem.
3020 1322 3331 1376 Adveniens
3361 1338 3460 1374 au—

1879 1425 1990 1469 tem
2022 1416 2088 1469 ad
2132 1413 2372 1469 Homiris
2434 1415 2595 1480 ﬁlios,
2655 1415 3016 1469 Mulsumanis
3064 1415 3271 1479 hostes,
3330 1414 3457 1483 quia

1878 1508 2026 1563 socia
2054 1522 2205 1561 arma
2239 1509 2727 1563 contulerantcum
2756 1506 2909 1572 Jesn,
2945 1509 3213 1562 accedens
3243 1523 3460 1575 quoque

1879 1599 2118 1671 Sinopen
2158 1610 2210 1654 et
2245 1601 2651 1666 Castatnonem,
2684 1612 2736 1654 et
2770 1602 2895 1657 hinc
2923 1603 2976 1656 in
3025 1602 3244 1655 Daciam
3278 1608 3461 1655 trans-

1880 1692 2049 1747 misso
2103 1692 2319 1747 Euxino
2372 1700 2536 1760 ponto
2592 1694 2936 1761 perveniens,
3002 1693 3068 1746 ad
3127 1694 3459 1761 colloquium

1882 1798 2006 1838 cum
2041 1784 2227 1854 Myrxa
2259 1784 2369 1847 (85)
2401 1784 2580 1839 Daciae
2606 1789 2750 1853 (quae
2811 1796 2866 1840 et
2922 1785 3133 1852 Servia)
3197 1784 3459 1853 praefecto

1883 1876 2051 1929 venit.
2091 1876 2239 1930 Inter
2274 1886 2467 1931 caetera
2507 1892 2636 1931 vero
2670 1878 2792 1932 talis
2828 1878 3131 1933 eratMosis
3157 1880 3349 1946 petitio
3379 1898 3389 1927 τ
3415 1882 3460 1931 si

1878 1966 1999 2034 ejus
2039 1967 2241 2021 auxilio
2264 1967 2485 2037 adjutus
2520 1984 2611 2021 rex
2644 1977 2946 2033 crearetur,
3011 1985 3070 2023 se
3099 1969 3355 2023 daturum
3409 1972 3458 2023 ei

1878 2056 2084 2113 reditus
2104 2074 2329 2127 magnos
2349 2058 2402 2112 in
2424 2059 2659 2128 Europa.
2676 2068 2729 2113 et
2749 2062 3152 2129 assignaturum
3183 2062 3457 2129 regionem

1877 2162 1984 2201 non
2003 2149 2290 2201 modicam.
2315 2148 2443 2203 Erat
2476 2150 2616 2203 enim
2641 2149 3163 2205 Graccorumhostis.
3195 2150 3460 2208 Praeterea

1880 2239 2124 2309 Byzantii
2155 2239 2325 2294 filium
2346 2241 2545 2310 Myrxa:
2578 2253 2961 2312 susceperunt,
2985 2245 3462 2314 promiseruntque

1878 2346 1935 2385 se
1958 2331 2082 2384 huic
2099 2342 2152 2385 et
2174 2331 2500 2387 Musulmani
2521 2350 2746 2403 regnum
2767 2336 3091 2389 tradituros.
3116 2336 3326 2406 Myrzas
3346 2339 3463 2406 qui.

1877 2422 1996 2477 dem
2035 2423 2220 2478 Mosen
2263 2424 2494 2494 benigne
2544 2427 2839 2495 Iibentiqne
2899 2430 3082 2481 animo
3129 2429 3459 2498 excipiebat,

1876 2515 2033 2583 eique
2052 2516 2252 2569 victum
2268 2526 2320 2570 et
2337 2518 2642 2572 necessaria
2662 2520 3061 2587 promptissime
3078 2521 3465 2590 suppeditabat

1877 2605 2053 2658 eidem
2071 2621 2293 2675 quoque.
2311 2610 2614 2661 exercitum
2629 2609 2804 2662 dedit.
2826 2608 2962 2663 Cum
2988 2621 3171 2665 autent
3224 2615 3464 2682 undique

1880 2696 2113 2752 adhunc
2160 2698 2497 2754 conﬂuerent
2548 2715 2613 2755 ex
2662 2699 2876 2769 Europa
2933 2711 3204 2771 quotquot
3260 2703 3460 2759 infensi

1878 2801 2034 2845 erant
2067 2789 2395 2845 Mnlsumani
2424 2793 2799 2861 (aberatenim
2823 2794 2875 2847 in
2895 2794 3025 2849 Asia
3068 2795 3281 2865 agens),
3333 2797 3463 2865 quia

1878 2896 1984 2934 non
2004 2880 2139 2934 satis
2157 2880 2320 2949 digne
2360 2886 2429 2934 ab
2475 2882 2591 2951 ipso
2638 2891 3027 2951 tractarentur,
3062 2886 3461 2953 expeditionem

1879 2974 2319 3044 sumpsitcontra
2345 2973 2593 3037 fratrem,
2612 2978 2913 3047 assumptis
2945 2987 3217 3049 quotquot
3264 2994 3464 3034 conve-

1880 3074 2093 3120 nerant.
2116 3064 2386 3121 Habuitet
2409 3067 2677 3123 Dacorum
2721 3072 3019 3125 exercitum
3043 3088 3301 3143 magnum
3338 3089 3461 3128 cum

1801 3198 1847 3259 ρ
1881 3157 2031 3227 prius
2053 3158 2165 3228 (86)
2184 3159 2416 3215 Tainum
2439 3177 2628 3216 eorum
2648 3162 2841 3217 ducem
2859 3165 2961 3219 sibi
2981 3167 3349 3221 conciliasset.
3370 3168 3464 3222 [iis

1882 3250 2055 3319 copiis
2084 3251 2409 3320 instructus,
2442 3254 2712 3324 EurOpam
2736 3257 2948 3326 subegit
2985 3273 2999 3311 :
3034 3268 3087 3313 et
3119 3261 3462 3329 Adrianopo-

1884 3342 1999 3406 lim,
2027 3357 2148 3411 quae
2200 3345 2346 3413 regni
2383 3344 2540 3398 sedes
2570 3354 2674 3411 est,
2709 3346 3008 3415 profectus.
3057 3350 3132 3403 ibi
3160 3367 3251 3405 rex
3283 3352 3466 3406 deela-

1886 3444 2037 3488 ratus
2054 3444 2157 3487 est.
2191 3435 2326 3489 Huic
2350 3436 2568 3491 animus
2599 3449 2716 3490 erat
2739 3440 2903 3493 etiam
2937 3451 3129 3495 contra
3163 3442 3382 3496 fratrem
3411 3447 3462 3496 in

1880 3525 2067 3579 Asiam
2097 3528 2370 3583 exercitus
2401 3545 2639 3584 movere.
2664 3531 3035 3587 Mulsumanes
3070 3535 3211 3588 haud
3244 3536 3460 3590 interim

1884 3619 2151 3674 socordiae
2183 3621 2456 3676 obnoxius
2487 3630 2628 3685 erat,
2656 3638 2847 3678 verum
2893 3626 3189 3681 festinabat
3211 3637 3266 3682 et
3328 3629 3463 3696 ipse,

1887 3721 1945 3765 ut
1976 3711 2196 3767 fratrem
2227 3715 2570 3781 praeveniret,
2629 3717 2955 3786 trajiciendo
3011 3718 3120 3788 92
3161 3722 3348 3788 copias
3407 3724 3463 3779 iu

1883 3806 2069 3862 Asiam
2098 3805 2235 3877 (87).
2271 3806 2382 3862 Hoc
2409 3824 2575 3863 unum
2608 3810 2898 3865 videbatur
2928 3814 3147 3882 utrique
3165 3816 3466 3873 consultis-

1887 3901 2109 3966 simum,
2144 3901 2301 3971 quasi
2346 3902 2575 3957 alterius
2604 3913 2751 3958 esset
2802 3905 2998 3970 victor,
3044 3908 3136 3975 qui
3194 3910 3345 3976 prior
3410 3913 3463 3965 in

1886 3992 2114 4048 alterius
2156 3995 2433 4064 regionem
2464 3996 2729 4057 venisset,
2763 4004 2818 4050 et
2850 3998 3097 4061 praelium
3153 4003 3466 4055 commisis-

1887 4096 1988 4149 set,
2028 4100 2129 4140 nec
2151 4095 2502 4154 exspectaret
2533 4086 2709 4141 donec
2726 4087 2897 4143 frater
2955 4091 3262 4147 accederet.
3291 4092 3467 4163 Traji—

1887 4178 2038 4233 ciens
2058 4178 2243 4246 itaque
2275 4179 2596 4248 Byzantium
2639 4180 2808 4233 venit.
2844 4178 2977 4235 Cum
3014 4190 3195 4237 autent
3220 4184 3269 4238 ei
3307 4183 3467 4239 fami-

1888 4270 2683 4325 Iiaritasintercessisseteum
2730 4287 2856 4342 rege
2895 4274 2985 4343 qui
3021 4288 3083 4327 ea
3138 4283 3464 4344 tempestate

1888 4361 2205 4433 Byzantium
2236 4363 2475 4429 tenebat,
2498 4378 2722 4418 uxorem
2746 4363 2894 4418 ducit
2918 4365 3063 4434 regis
3086 4376 3300 4435 neptem
3325 4369 3461 4437 (88),

1887 4452 2067 4506 Jannii
2102 4448 2380 4505 Tuntoriai
2415 4451 2604 4515 filiam,
2654 4467 2777 4505 cum
2837 4463 2995 4508 antca
3052 4456 3463 4511 matrimonium

198 4543 437 4610 τάχιστα
479 4541 715 4595 ἐπύθετο
762 4544 915 4613 παρὰ
971 4544 1239 4613 βασιλέως
1300 4546 1567 4617 Ἑλλήνων
1609 4563 1775 4601 κατα-

1886 4545 2254 4598 contraxisset
2289 4558 2411 4596 cum
2445 4554 2605 4611 nepte
2633 4545 2779 4614 regis
2811 4545 3127 4600 Graecorum
3166 4548 3466 4603 Musulma—

198 4633 347 4684 λύειν
399 4634 455 4684 ὲν
490 4633 793 4703 Βυζαντίῳ,
833 4635 1031 4688 αὐτίκα
1083 4637 1377 4707 ἐπήλαυνε.
1427 4639 1539 4693 Καὶ
1572 4640 1780 4693 ἀπολα-

202 4723 313 4775 6ὼν
356 4724 414 4776 ὲν
456 4723 758 4795 Βυζαντίῳ,
793 4726 894 4778 οὐκ
947 4728 1034 4780 εῐα
1063 4728 1120 4789 ἐς
1172 4728 1273 4797 τὴν
1317 4730 1592 4800 Εὐρώπην
1638 4730 1783 4796 εξελ-

203 4815 367 4867 θόντα
431 4816 893 4884 ἀναστρέφεσθαι.
962 4817 1409 4889 Μουσουλμὰνης
1492 4821 1594 4886 μὲν
1664 4817 1779 4886 οὖν,

205 4906 440 4972 στρατὸν
490 4905 565 4966 ὡς
618 4906 848 4976 ἠδύνατο
911 4909 1207 4978 μέγιστον,
1263 4912 1373 4964 ἀπὸ
1431 4911 1529 4981 τῆς
1595 4912 1782 4975 Ἀσίας

200 4995 673 5065 διαπορθμεύσας,
714 4999 808 5054 ἐπὶ
858 5000 957 5070 τὴν
1017 5002 1316 5067 Βυζαντίου
1372 5003 1562 5073 χώραν
1615 5005 1781 5058 αὐτοῦ

1890 4650 1989 4690 nes
2016 4632 2269 4702 Pajasitis
2291 4636 2434 4691 lilius
2454 4636 2593 4705 (89).
2621 4636 3019 4706 Transgressus
3048 4649 3227 4693 autem
3253 4640 3463 4713 Byzan-

1892 4729 2056 4794 tium,
2087 4727 2285 4780 bellum
2313 4727 2468 4781 fratri
2501 4726 2788 4782 inferebat.
2819 4730 2887 4784 At
2918 4730 3095 4787 Moses
3124 4734 3215 4789 ubi
3254 4737 3467 4803 accepit

1894 4836 1925 4875 a
1958 4837 2082 4892 rege
2108 4819 2445 4885 Graecorum,
2468 4821 2863 4878 Musulmanem
2924 4826 3243 4897 Byzantium
3300 4829 3467 4883 adve-

1895 4913 2066 4974 nisse,
2100 4911 2361 4965 continuo
2395 4914 2629 4967 arcessit
2666 4929 2868 4983 :quetn
2904 4926 2962 4968 ttt
2986 4917 3465 4987 ibi'tleprehendit,

1893 5006 2042 5058 exire
2089 5002 2348 5072 Byzanto,
2386 5014 2440 5057 et
2483 5005 2535 5056 in
2560 5006 2773 5076 Europa
2819 5010 3021 5063 versari
3058 5026 3163 5064 non
3197 5014 3466 5081 permisit.

1479 5148 1731 5209 Notulm
1764 5147 2185 5225 marginales.

270 5286 394 5355 (83)
427 5289 583 5341 Anno
604 5289 760 5344 M02.

276 5357 393 5426 (84)
434 5356 711 5426 Septimus
738 5358 1038 5415 Turcorum
1076 5379 1190 5418 rex.

278 5425 395 5496 (85)
433 5425 669 5506 Byrxias
702 5432 816 5485 sive
848 5431 1060 5486 Marcus
1101 5433 1304 5490 Serviat
1354 5436 1631 5506 despotcs.
1679 5434 1789 5488 Da-

195 5512 395 5549 Cttrutn
425 5498 553 5550 dux.

276 5564 389 5635 (86)
421 5568 509 5620 alii
546 5570 709 5624 etiam
744 5570 953 5626 Danum
985 5586 1198 5642 vocant,
1225 5586 1275 5631 et
1336 5576 1530 5640 Daam,
1564 5576 1785 5632 Valaehi

275 5757 325 5788 "
359 5754 751 5824 μεμεθυμένος.

199 5829 280 5880 υΙ.
323 5825 569 5878 Ἰαννιίου
608 5826 669 5879 Τ.

830 5760 874 5789 ⁵⁷
909 5758 975 5813 In
1007 5776 1109 5813 uno
1142 5776 1366 5829 semper,
1400 5761 1861 5830 Μουλσευμάνεω.

1895 5300 2225 5367 principem.

1967 5370 2078 5437 (87)
2115 5371 2197 5422 Al.
2230 5368 2515 5436 Europam.

1966 5439 2337 5508 (88)Joannis,
2372 5439 2640 5492 Theodori
2702 5438 2887 5492 filiam.

1972 5512 2082 5581 (89)
2123 5509 2450 5563 Mnlsutuani
2486 5520 2636 5577 pater
2672 5508 2939 5579 Pujazites
2970 5529 3081 5565 rex.

1973 5759 2017 5788 ⁸⁸
2054 5758 2306 5817 ’Υτάνον,
2344 5753 2405 5806 If.
2451 5766 2501 5807 tu
2529 5758 2577 5808 in
2608 5774 2652 5809 ε.
2770 5760 2812 5789 ε’
2849 5758 3083 5811 ’ἱαλνύου
3146 5760 3209 5813 δι’
3248 5762 3467 5835 αὑρίου,
