4190 6434
732 393 830 455 175

1824 398 2135 458 LAUNICI
2176 400 2837 463 CHALCOCONDYLJﬁ

3863 409 3961 474 170

724 510 815 562 sit.
880 506 1251 563 Mulsumanes
1300 510 1480 578 itaque
1533 511 1717 577 copias
1767 528 1926 579 quam
1994 514 2164 581 potuit
2190 528 2291 565 ma-

2406 519 2921 587 ἐστρατοπεδεύετο,
2958 522 3050 572 καὶ
3081 522 3170 575 τόν
3202 539 3262 591 γε
3306 523 3532 593 ἀδελφὸν
3578 527 3800 581 ἐπιόντα
3834 529 3961 582 ἑπέ-

724 599 903 652 ximos
933 599 1169 652 traduxit
1200 615 1262 652 ex
1292 599 1419 653 Asia
1455 600 1505 651 in
1544 599 1929 669 Byzantiorum
1963 605 2235 672 regionem
2273 620 2287 657 :

723 691 1028 759 castrisque
1055 689 1268 759 positis,
1303 688 1529 743 fratrem
1552 692 1898 746 accedentem
1931 694 2287 762 exspectavit.

722 780 927 834 Deinde
954 796 1077 834 cum
1136 781 1284 834 acies
1342 781 1596 851 utrinque
1650 782 1930 837 instructae
1991 784 2288 850 stetissent,

722 871 967 938 praelium
1027 879 1187 924 atrox
1238 872 1504 926 exoritur.
1566 872 1743 929 Moses
1803 875 2036 930 habebat
2088 874 2287 941 Dacos,

721 962 993 1017 Triballos
1034 972 1088 1015 et
1130 964 1464 1032 Stephanum
1528 964 1769 1019 Eleazari
1825 966 2019 1020 filium.
2075 965 2171 1021 His
2234 968 2287 1021 in

724 1055 1229 1125 acicjungebantur
1248 1054 1435 1120 Turci,
1457 1057 1548 1125 qui
1566 1072 1628 1111 ex
1656 1056 1871 1126 Europa
1896 1068 2173 1112 venerant.
2194 1058 2290 1113 Le-

719 1145 988 1214 gationem
1024 1157 1202 1198 autem
1226 1144 1370 1197 misit
1398 1147 1461 1197 ad
1487 1146 1822 1214 Stephanum
1854 1145 2149 1217 Byzantius
2171 1164 2287 1215 rex,

718 1235 956 1291 suadens
992 1245 1049 1290 ut
1085 1236 1347 1289 instructa
1382 1237 1499 1291 acie
1539 1249 1628 1290 eat
1668 1238 1733 1290 ad
1788 1254 1967 1305 regem
2006 1240 2285 1295 meliorem

717 1337 771 1381 et
800 1328 1093 1396 :equiorem
1130 1326 1298 1383 Mose.
1334 1328 1510 1382 Moses
1540 1329 1686 1383 enim
1719 1341 1915 1385 caetera
1943 1333 2207 1387 molestus
2232 1344 2285 1388 ct

718 1418 1098 1474 intolerandus
1130 1418 1317 1483 sociis,
1344 1429 1398 1473 ct
1432 1421 1484 1474 in
1527 1422 1662 1474 iram
1689 1436 1930 1491 prameps
1987 1433 2126 1477 erat.
2158 1422 2284 1477 Ste-

718 1516 937 1582 phanus
966 1512 1210 1566 exercitu
1242 1510 1294 1563 in
1350 1511 1573 1565 ordines
1628 1512 1921 1580 etplieato,
1978 1522 2040 1567 ut
2091 1528 2284 1584 pactus

716 1612 833 1656 mal
868 1619 989 1655 cum
1027 1600 1338 1654 Graecorum
1375 1617 1496 1669 rege
1527 1612 1579 1653 et
1614 1599 1977 1664 Musultnane,
2050 1607 2285 1672 turpiter

715 1690 1004 1761 transfugit
1037 1691 1372 1761 Byzantium.
1395 1690 1571 1745 Moses
1599 1706 1721 1743 cunt
1746 1693 2016 1760 occiperet
2035 1695 2282 1762 prmlium

715 1784 978 1837 adversus
1013 1781 1263 1849 fratrem,
1317 1783 1585 1837 Asianum
1641 1787 1946 1838 exercitum
1998 1786 2053 1838 in
2098 1784 2282 1855 fugam

2408 625 2611 676 μεινεν.
2652 610 2937 674 Ἐνταῦθα,
2967 612 3041 676 ὡς
3071 614 3235 682 ἄμφω
3266 615 3322 678 ἐς
3359 618 3540 689 μάχην
3568 620 3961 691 παρετάξαντο.

2406 698 2700 752 συτέϐαλον
2735 703 2827 753 καὶ
2855 704 3142 771 ἐμάχοντο.
3174 705 3376 775 Μωσῆς
3418 709 3517 776 μὲν
3562 710 3688 772 τούς
3739 728 3797 764 τε
3856 713 3962 764 Δᾶ-

2406 804 2527 854 κας,
2577 792 2666 843 καὶ
2714 789 3050 862 Τριϐαλλοὺς
3099 796 3239 865 ἔχων
3303 799 3426 868 μεθ’
3457 801 3674 868 ἑαυτοῦ,
3707 805 3802 857 καὶ
3840 806 3961 857 Στέ-

2405 896 2576 933 πςινον
2624 882 2711 935 τὸν
2754 882 3083 956 Ἐλεαζάρου
3134 889 3321 956 παῖδα,
3353 892 3444 943 καὶ
3488 893 3546 946 τὸ
3575 895 3683 946 ἀπὸ
3728 896 3825 964 τῆς
3858 899 3963 950 Εὐ-

2400 973 2591 1043 ρώπης
2624 975 2938 1045 στράτευμα
2969 980 3229 1050 Τουρκων
3278 986 3671 1053 παρετάσσετο.
3701 988 3962 1050 Βασιλεὺς

2400 1063 2501 1133 μὲν
2528 1065 2592 1134 δὴ
2626 1070 2759 1135 πρὶς
2804 1068 2996 1122 τοῦτον
3026 1071 3219 1138 λόγους
3266 1074 3509 1143 πέμψας,
3544 1065 3962 1131 συνεϐουλεύετο

2397 1158 2568 1226 αὐτῷ,
2597 1161 2653 1211 ὲν
2700 1164 2766 1230 τῇ
2819 1163 3124 1232 παρατάξει
3159 1165 3468 1236 θαρροῦντα
3514 1169 3559 1199 ⁸⁸
3602 1170 3735 1223 ξέναι
3782 1172 3874 1225 ἐπὶ
3901 1171 3961 1223 τό

2397 1249 2691 1315 Βυζάντιον
2745 1255 2893 1323 παρὰ
2943 1256 3168 1324 βασιλέα
3210 1260 3431 1322 Μωσέα,
3464 1260 3597 1313 πολὺ
3629 1263 3853 1329 ἄμεινόν
3898 1281 3955 1315 τε

2397 1346 2490 1397 καὶ
2541 1346 2971 1418 ἐπιεικέστερον.
3007 1345 3112 1401 Ἦν
3136 1351 3243 1421 γάρ
3288 1351 3353 1420 δὴ
3384 1353 3585 1417 Μωσῆς
3614 1356 3681 1406 τά
3727 1374 3783 1406 τε
3823 1356 3957 1409 ἄλλα

2394 1437 2637 1509 ἐπαχθὴς
2684 1440 2743 1502 ἐς
2785 1441 2915 1504 τοὺς
2969 1444 3312 1513 συμμάχους,
3342 1445 3437 1496 καὶ
3483 1448 3537 1509 ὲς
3565 1446 3733 1517 ὀργὴν
3765 1449 3955 1517 ταχύς.

2395 1528 2670 1593 Στέπανος
2700 1530 2800 1600 μὲν
2832 1527 2925 1585 οὖν
2975 1534 3033 1586 ἂν
3077 1538 3139 1605 τῇ
3171 1537 3497 1606 παρατάξει,
3532 1538 3605 1596 ὡς
3648 1539 3725 1610 τῷ
3766 1539 3956 1610 Ἐλλή-

2393 1637 2499 1673 νων
2533 1623 2785 1675 συνὲθετο
2810 1624 3019 1692 βασιλεῖ
3053 1644 3111 1677 τε
3142 1630 3232 1677 καὶ
3261 1628 3687 1701 Μουσουλμάνῃ,
3722 1633 3957 1699 αὐτομο-

2391 1711 2689 1780 λήσαντες,
2721 1716 2977 1783 ἀφίκοντο
3035 1717 3127 1769 ἐπὶ
3186 1719 3480 1783 Βυζάντιον
3504 1739 3515 1750 ·
3554 1722 3755 1791 Μωσῆς
3799 1721 3855 1775 δὲ
3884 1721 3957 1785 ὡς

2394 1805 2651 1873 ἐμάχετο,
2703 1807 2978 1875 συμμίξας
3022 1807 3098 1875 τῷ
3136 1809 3371 1880 ἀδελφῷ,
3417 1813 3545 1875 τούς
3588 1830 3645 1865 τε
3694 1814 3805 1865 ἀπὸ
3858 1813 3957 1883 τῆς

715 1877 999 1946 cotnpulit,
1037 1875 1444 1946 fugientemque
1478 1884 1800 1944 persecutus
1836 1886 1941 1930 est.
1980 1876 2282 1932 Mulsuma-

2401 1895 2583 1957 Ἀσίας
2633 1897 2921 1966 ἐτρέψατο,
2958 1900 3052 1951 καὶ
3081 1875 3384 1963 ἐπεξελθὼν
3417 1902 3631 1955 ἐδίωκε.
3668 1875 3952 1956 Μουσουλ-

717 1982 814 2021 nes
842 1982 899 2021 se
941 1967 1141 2021 vietum
1178 1966 1465 2031 simulans,
1498 1976 1646 2020 retro
1682 1967 1889 2021 ferebat
1916 1967 2164 2038 gradum,
2191 1968 2293 2039 By-

716 2061 959 2113 zantium
986 2060 1278 2113 festinans.
1308 2059 1445 2114 Cum
1476 2070 1656 2114 autem
1699 2061 1943 2115 venisset
1974 2064 2038 2116 ad
2071 2062 2288 2126 urbem,

713 2152 1006 2206 consilium
1031 2151 1172 2220 cepit
1204 2152 1375 2204 multo
1396 2153 1899 2221 generosissimum.
1928 2152 2060 2207 Nam
2084 2154 2290 2209 habens

713 2259 902 2298 secum
950 2243 1099 2297 viros
1132 2242 1357 2296 circiter
1417 2243 1771 2314 quingentos,
1826 2245 2289 2302 concurrentibus

713 2339 880 2389 etiam
908 2334 1030 2389 aliis
1050 2333 1404 2404 quibusdam,
1442 2336 1592 2389 urbis
1627 2333 1832 2389 fossam
1866 2336 2147 2406 ingressus
2180 2348 2285 2391 est.

713 2426 903 2480 Fratre
933 2437 1113 2479 autem
1149 2434 1419 2495 occupato
1467 2428 1850 2495 persecutione
1875 2437 1931 2483 et
1991 2429 2138 2483 caede
2191 2430 2289 2482 ho-

714 2518 904 2581 stium,
940 2518 992 2570 in
1026 2518 1146 2586 ejus
1183 2527 1362 2571 castra
1395 2519 1607 2572 irruere
1635 2519 1845 2584 statuit,
1869 2520 2013 2589 quod
2041 2528 2094 2574 ct
2133 2518 2284 2585 fecit,

713 2609 1019 2677 castrisque
1041 2607 1248 2676 potitus
1266 2616 1369 2662 est.
1404 2608 1510 2662 Eos
1542 2610 1632 2677 qui
1664 2610 1849 2679 prmlio
1883 2626 1989 2664 non
2022 2611 2285 2666 interfue-

715 2710 859 2762 rant,
896 2708 988 2753 aut
1014 2699 1133 2767 fuga
1162 2701 1215 2753 in
1245 2708 1424 2753 castra
1451 2714 1509 2754 se
1533 2710 1876 2770 receperant,
1938 2704 2142 2757 occidit
2165 2718 2287 2759 om-

714 2807 833 2845 nes.
866 2788 1066 2843 Deinde
1100 2807 1223 2843 cum
1247 2804 1275 2842 a
1318 2792 1696 2859 persecutione
1750 2793 2100 2862 hostiumque
2137 2795 2285 2849 caede

713 2898 972 2937 reversus
1012 2882 1188 2936 Moses
1222 2882 1542 2950 procederet
1564 2883 1630 2935 ad
1672 2893 1879 2947 castra,
1932 2885 2189 2954 cognovit
2217 2899 2282 2938 ea

712 2987 864 3041 capta
894 2989 1035 3026 esse.
1076 2972 1227 3026 Illico
1262 2972 1429 3041 igitur
1457 2971 1581 3043 fuga
1613 2973 1717 3026 sibi
1764 2975 2068 3036 consuluit,
2122 2990 2281 3028 exer-

710 3066 993 3134 citumque
1023 3065 1289 3120 deseruit.
1327 3064 1481 3118 Alius
1511 3074 1690 3117 autem
1739 3065 1866 3128 alio,
1906 3065 1997 3118 ubi
2024 3080 2085 3120 se
2117 3067 2281 3121 tutis-

711 3158 912 3211 simum
948 3157 1061 3210 fore
1090 3157 1393 3225 judicabat,
1430 3158 1624 3211 sedulo
1666 3156 2001 3226 diffugiebat.
2045 3159 2277 3223 Quidam

709 3250 974 3301 continuo
1006 3247 1072 3303 ad
1101 3250 1274 3317 ipsum
1306 3248 2101 3317 properabantMusulmanem,
2128 3266 2283 3306 eum-

710 3354 820 3407 que
859 3347 918 3391 ut
950 3354 1130 3409 regem
1168 3338 1491 3405 adorabant,
1560 3350 1614 3395 et
1660 3355 1988 3413 quocunque
2004 3353 2273 3412 pergeret,

710 3431 1100 3502 sequebantur.

786 3613 841 3665 ln
880 3617 1025 3666 hunc
1063 3613 1286 3668 modum
1318 3629 1376 3668 se
1409 3630 1497 3670 res
1529 3612 1888 3672 Musulmanis
1919 3612 2191 3673 habebant
2222 3617 2277 3673 in

710 3708 1051 3767 continente,
1075 3720 1199 3758 cum
1227 3704 1525 3761 fortissime
1590 3709 1858 3772 omnium,
1914 3725 2053 3779 quos
2082 3711 2277 3775 sciam,

708 3796 971 3851 adversus
990 3796 1212 3850 fratrem
1232 3812 1392 3851 suum
1428 3797 1763 3855 dimicasset.
1822 3800 2108 3857 Profectus
2149 3804 2280 3857 hinc

710 3887 1119 3957 AdrianOpnlim
1139 3886 1246 3958 93
1263 3891 1413 3959 regni
1448 3892 1657 3958 sedem,
1707 3908 1927 3963 regnum
1958 3896 2278 3965 imperium-

708 3994 819 4046 que
857 3980 1149 4043 ordinavit,
1186 3997 1291 4051 qua
1334 3982 1662 4037 tutissimum
1697 3987 2142 4043 etfirmissimum
2175 3991 2278 4045 sibi

715 4072 831 4124 fore
866 4072 1205 4145 confidebat.
1230 4074 1408 4128 Moses
1445 4077 1587 4129 venit
1619 4078 1671 4129 in
1696 4078 1971 4145 regionem
2019 4081 2157 4136 Istro
2185 4084 2283 4138 ad-

702 4162 1005 4232 .jacentem,
1037 4172 1091 4217 et
1128 4175 1489 4221 conversatus
1513 4181 1636 4221 cum
1669 4168 1930 4239 Myrdano
1957 4172 2068 4243 (90)
2105 4176 2281 4232 Daciae

714 4260 948 4316 rectore,
987 4268 1110 4308 cum
1144 4270 1256 4323 quo
1281 4266 1441 4308 antea
1494 4260 1863 4316 intervenerat
1914 4263 2277 4333 familiaritas,

712 4355 957 4399 moratus
986 4353 1070 4399 est
1103 4344 1255 4415 juxta
1296 4345 1747 4413 lla;mum,alium
1785 4368 1853 4407 ex
1902 4355 2013 4409 alio
2046 4360 2281 4417 subinde

712 4438 888 4492 locum
925 4448 1165 4493 mutans.
1198 4440 1567 4496 Musulntanes
1597 4458 1655 4497 se
1700 4445 1929 4515 ignavia:
1946 4459 2000 4502 ct
2028 4452 2278 4507 ebrietati

709 4530 1168 4597 corrumpendum
1197 4530 1377 4583 dabat.
1433 4529 1665 4586 Proinde
1721 4549 1809 4588 res
1852 4536 2064 4592 fortiter
2115 4555 2282 4610 gesta:

714 4634 889 4688 usque
924 4622 1333 4675 minuebantur.
1372 4622 1549 4679 Duces
1579 4641 1798 4696 quoque
1826 4630 1877 4683 ei
1928 4631 2288 4702 indiguaban-
2321 4632 2363 4687 D

712 4718 826 4774 tur,
891 4721 949 4764 ut
1015 4713 1108 4781 qui
1168 4713 1304 4767 nihil
1364 4715 1480 4768 sani
1535 4732 1636 4770 nec
1678 4719 1783 4772 sibi
1841 4736 1943 4776 nec
1997 4725 2122 4778 aliis
2160 4742 2292 4782 con-

711 4803 937 4856 suleret.
992 4802 1104 4856 Nec
1161 4804 1454 4858 admodum
1501 4806 1550 4861 ei
1580 4822 1724 4861 cura:
1756 4819 1896 4878 erat,
1944 4827 2055 4882 quo
2085 4816 2289 4870 Turca-

714 4907 835 4944 rum
895 4894 1170 4947 exercitus
1217 4895 1477 4963 paulatim
1529 4897 1598 4950 ad
1648 4898 1871 4955 fratrem
1929 4904 2287 4963 dilaberetur.

715 4981 816 5036 Ubi
878 4985 1112 5052 primum
1176 4986 1325 5055 regni
1375 4988 1739 5055 gubernacula
1807 4996 2039 5063 accepit,
2080 4995 2286 5056 Graecis

712 5075 999 5129 Thermam
1035 5076 1168 5146 (91),
1208 5075 1456 5130 Zetumm
1511 5089 1565 5133 et
1596 5087 1909 5138 universam
1940 5087 2079 5140 Asia:
2111 5093 2280 5144 mari-

713 5170 902 5219 timam
935 5170 1216 5237 regionem
1250 5173 1514 5225 restituit.
1548 5173 1710 5241 Spem
1742 5176 1811 5231 de
1868 5194 1927 5232 se
1980 5183 2279 5249 praebebat,

716 5269 774 5311 ut
808 5260 901 5328 qui
932 5272 1158 5328 paratus
1186 5272 1333 5315 esset
1363 5263 1429 5317 iis
1459 5266 1665 5320 donare
1704 5284 2045 5342 quaecunque
2071 5276 2282 5329 Voluis-

714 5362 858 5417 seut,
896 5354 1055 5421 quasi
1087 5354 1139 5407 id
1177 5364 1440 5422 pt-atstare
1463 5356 1575 5426 jam
1611 5370 1821 5427 posset.
1854 5360 2041 5431 Legati
2061 5363 2279 5420 Greco-

2401 1985 2571 2053 υάνης
2616 1986 2795 2051 δὲ,ὼς
2828 1989 3105 2057 ἡττηθεὶς,
3163 1992 3436 2061 ἀνεχώρει
3497 1994 3588 2045 ἐπὶ
3640 1994 3954 2056 Βυζάντιον.

2406 2077 2493 2139 Ὠς
2541 2079 2759 2146 ἐγένετο
2808 2083 2960 2151 παρὰ
3008 2086 3073 2153 τῇ
3123 2084 3298 2148 πόλει,
3334 2086 3716 2157 ἐπιλεξάμενος
3761 2088 3959 2159 βουλὴν

2390 2172 2802 2239 γενναιοτάτην,
2836 2175 2930 2227 καὶ
2980 2173 3118 2243 ἔχων
3167 2176 3285 2245 μεθ’
3312 2177 3506 2231 ἑαυτοῦ
3530 2181 3661 2233 ὡσεὶ
3693 2197 3957 2233 πεντακο-

2393 2262 2541 2324 σίους
2577 2263 2799 2330 ἄνδρας,
2830 2266 3200 2337 ἐπιρρεόντων
3248 2270 3345 2323 καὶ
3392 2270 3567 2324 ἄλλων
3604 2274 3787 2335 τινῶν,
3824 2275 3959 2325 ὐπο-

2388 2353 2647 2420 δυόμενος
2700 2357 2801 2426 τήν
2854 2358 2954 2428 τῆς
3018 2360 3227 2423 πόλεως
3284 2363 3530 2432 τάφρον,
3588 2365 3801 2435 ἔχοντος
3859 2365 3957 2418 τοῦ

2388 2447 2617 2515 ἀδελφοῦ
2678 2449 2924 2513 Μωσέως
2977 2452 3121 2521 ἀμφὶ
3174 2455 3274 2523 τὴν
3320 2456 3527 2521 δίωξιν,
3571 2462 3665 2510 καὶ
3713 2458 3959 2526 διαφθεί-

2391 2556 2576 2608 ροντος
2608 2540 2706 2593 σὺν
2738 2544 2852 2603 τοῖς
2884 2542 3102 2607 ἑαυτοῦ,
3128 2543 3204 2609 ὡς
3241 2546 3595 2617 ὑπεξέρχοιτο
3626 2550 3749 2610 τοὺς
3792 2549 3958 2601 πολε-

2390 2631 2566 2702 μίους,
2597 2632 2684 2685 ἐπὶ
2716 2634 2774 2685 τὸ
2815 2634 3176 2705 στρατόπεδον
3205 2638 3373 2697 afuat":
3408 2639 3762 2709 ἀφικόμενος,
3792 2641 3853 2693 τό
3892 2659 3950 2694 τε

2390 2724 2752 2793 στρατόπεδον
2779 2729 3117 2799 κατελήφθη,
3135 2732 3227 2783 καὶ
3254 2732 3380 2794 τοὺς
3406 2734 3821 2803 ἐπιγινομένους
3846 2736 3945 2788 άπὲ

2386 2815 2486 2883 τῆς
2540 2818 2756 2886 μάχης,
2806 2819 2855 2871 οἶ
2906 2822 3306 2889 καταφεύγουσι
3366 2842 3424 2877 τε
3478 2828 3569 2877 καὶ
3620 2828 3951 2898 δπανῄεσαν,

2385 2905 2678 2976 διέφθειρε.
2721 2909 2830 2962 Καὶ
2859 2910 2933 2973 ὡς
2957 2911 3226 2982 ἐπανήκει
3262 2928 3323 2966 τε
3353 2914 3514 2978 αὐτὸς
3548 2917 3754 2986 Μωσῆς
3794 2917 3956 2968 ἐλαύ-

2386 3015 2493 3051 νων
2539 3001 2630 3051 tari
2660 2999 2720 3053 τὸ
2769 3004 3139 3069 στρατόπεδον
3184 3004 3292 3057 ἀπὸ
3322 3006 3418 3075 τῆς
3460 3008 3661 3077 μάχης,
3690 3011 3780 3060 καὶ
3811 3008 3954 3076 ἔγνω

2384 3090 2449 3160 δὴ
2482 3091 2919 3162 κατειλημμένον
2966 3095 3027 3146 τὸ
3070 3097 3458 3165 στρατόπεδον,
3491 3100 3689 3151 αὐτίκα
3736 3102 3792 3162 ὲς
3853 3118 3956 3169 φυ-

2384 3182 2490 3252 γήν
2524 3198 2581 3234 τε
2617 3183 2777 3246 αὐτὸς
2812 3185 3102 3253 ἐτράπετο,
3132 3189 3224 3239 καὶ
3264 3187 3359 3240 τοῦ
3388 3191 3798 3260 στρατεύματος
3842 3192 3958 3243 διέ-

2308 3278 2354 3339 c
2388 3289 2530 3341 φυγε
2558 3288 2570 3302 ·
2621 3274 2714 3326 καὶ
2760 3273 2897 3346 ἄλλῃ
2936 3276 3093 3339 ἄλλος
3224 3279 3442 3350 ἑκάστῳ
3487 3281 3850 3351 προσεχώρει.
3888 3284 3953 3336 Ol

2390 3365 2489 3434 μέν
2517 3380 2661 3428 τινες
2688 3368 2783 3419 καὶ
2811 3367 2900 3419 ἐπ’
2935 3368 3097 3422 αὐτὸν
3131 3370 3329 3423 αὐτίκα
3359 3372 3525 3435 ἰόντες
3552 3372 3643 3426 τὸν
3666 3373 3951 3427 Μουσουλο

2391 3460 2590 3527 μάνην,
2638 3458 2712 3521 ὡς
2759 3458 2984 3529 βασιλέα
3030 3461 3421 3528 προσεκύνουν,
3468 3464 3563 3515 καὶ
3608 3463 3950 3527 ἐξελαύνουσι

2388 3552 2694 3617 ἐφείποντο.

2470 3643 2907 3717 Μουσουλμάνης
2987 3645 3088 3717 μὲν
3165 3648 3229 3720 δὴ
3294 3647 3441 3705 οὕτω
3508 3649 3575 3705 τά
3650 3652 3955 3723 πράγματα

2389 3741 2549 3810 ἔσχεν
2597 3743 2740 3810 ἀμφὶ
2793 3744 2917 3795 ταῖν
2964 3743 3257 3812 ἠπείροιν,
3310 3747 3660 3813 γενναιότατα
3720 3748 3776 3799 δὲ
3825 3749 3957 3800 πάν-

2388 3849 2495 3884 των
2542 3824 2616 3885 ὧν
2668 3833 2831 3900 ἡμεῖς
2882 3834 3061 3901 ἴσμεν,
3108 3836 3243 3904 πρὸς
3289 3837 3380 3889 τὸν
3428 3837 3653 3904 ἀδελφὸν
3698 3838 3953 3905 διαγωνι-

2393 3924 2644 3992 σάμενος.
2690 3924 2992 3987 Ἐπελάσας
3038 3925 3139 3995 μιν
3186 3925 3277 3979 οὖν
3325 3929 3381 3989 ἐς
3424 3927 3522 3997 τὴν
3573 3929 3956 3995 Ἀδριανοὺπο-

2391 4013 2474 4066 λιν
2507 4014 2576 4065 τὰ
2608 4012 2879 4082 βασίλεια,
2914 4017 3015 4083 τήν
3060 4032 3117 4067 τε
3166 4015 3448 4084 βασιλείαν
3493 4020 3586 4069 καὶ¹
3634 4019 3734 4087 τὴν
3782 4018 3959 4090 ἀρχὴν

2392 4109 2623 4178 καθίστη
2656 4109 2826 4178 αὐτῷ,
2862 4104 2893 4183 ᾖ
2923 4110 3096 4163 ἐδόκει
3130 4112 3399 4179 κράτιστα
3428 4111 3593 4182 ἔχειν.
3621 4113 3826 4183 Μωσῆς
3855 4115 3957 4181 μὲν

2391 4198 2506 4265 οὖν,
2538 4202 2595 4265 ες
2617 4203 2716 4272 τὴν
2744 4204 3070 4271 παρίστριον
3098 4202 3284 4272 χώραν
3313 4204 3666 4272 ἀφικόμενος,
3696 4205 3790 4256 καὶ
3825 4221 3961 4271 συγ-

2391 4295 2682 4363 γενόμενος
2706 4293 2978 4362 Μυρδάνῳ
3006 4291 3083 4362 τῷ
3108 4293 3310 4355 Δακίας
3334 4294 3584 4363 ήγεμόνι,
3612 4297 3705 4347 καὶ
3753 4296 3959 4362 ειτρότε⁶

2392 4397 2483 4451 ρον
2507 4381 2620 4433 δντι
2645 4381 2862 4451 συνήθει
2897 4380 3065 4448 αὐτῷ,
3097 4380 3330 4453 διέτρισε
3360 4384 3511 4453 παρὰ
3532 4382 3608 4452 τῷ
3630 4384 3809 4453 Δῖμῳ,
3847 4400 3959 4436 παν

2392 4473 2673 4542 ραμείῦων
2720 4472 2889 4542 ἄλλην
2935 4473 2994 4538 ἐξ
3050 4473 3216 4542 ἄλλης
3275 4474 3480 4542 χώραν.
3526 4476 3959 4543 Μουσουλμάνου

2391 4564 2449 4617 δὲ
2477 4565 2846 4636 ρᾳθυμοῦντός
2873 4583 2930 4618 τε
2966 4568 3062 4619 καὶ
3096 4566 3223 4635 περὶ
3258 4567 3477 4635 ὁμιλίαν
3509 4566 3745 4636 ἔχοντος,
3793 4571 3863 4621 τά
3898 4587 3957 4621 τε

2395 4654 2699 4722 πράγματα
2729 4654 2976 4707 οίδίνετο·
3027 4656 3082 4709 οἱ
3134 4673 3192 4708 τε
3250 4657 3359 4724 γὰρ
3405 4657 3664 4725 ἄρχοντες
3692 4657 3840 4727 αὐτῷ
3900 4675 3965 4711 τε

2393 4742 2640 4811 ἦχθοντο,
2672 4742 2746 4803 ὡς
2791 4743 2943 4795 οὐδὲν
2979 4744 3126 4810 ὑγιὲς
3179 4742 3239 4797 ὃν
3281 4744 3431 4814 αὐτῷ
3487 4745 3581 4798 καὶ
3632 4745 3711 4815 τῷ
3738 4745 3965 4815 ἀδελφῷ

2391 4832 2581 4895 αὐτοῦ,
2617 4836 3070 4902 προσγενομένων
3122 4836 3263 4888 κατὰ
3310 4835 3486 4903 βραχὺ
3531 4834 3641 4888 τῶν
3670 4836 3966 4906 Τούρκων,

2389 4922 2581 4974 οὐδένα
2614 4922 2771 4991 λόγον
2802 4925 3055 4976 ἐποιεῖτο.
3098 4923 3187 4986 Ὦς
3247 4925 3348 4994 μὲν
3393 4921 3485 4977 οὖν
3535 4925 3629 4978 ἐπὶ
3658 4926 3757 4994 τήν
3800 4926 3967 4995 βασι-

2389 5012 2538 5065 λείαν
2569 5014 2819 5082 ἀφίκετο,
2847 5016 2948 5084 τήν
2977 5032 3039 5067 τε
3077 5016 3300 5085 Θέρμην
3348 5019 3464 5079 τοῖς
3516 5017 3774 5087 Ἕλλησιν
3821 5018 3967 5069 ἁπέ-

2388 5104 2552 5168 δωκε,
2589 5106 2683 5156 καὶ
2724 5104 3006 5174 Ζητοῦνιν,
3043 5107 3138 5158 καὶ
3181 5106 3280 5175 τὴν
3315 5107 3581 5176 παράλιον
3626 5108 3725 5175 τῆς
3770 5107 3970 5170 Ἀσίας

2389 5193 2595 5263 χώραν,
2632 5194 2725 5246 καὶ
2753 5196 3056 5263 ἐπιτήδειος
3085 5195 3179 5260 ὢν,
3206 5197 3502 5266 ἐχαρίσατο
3529 5198 3733 5261 αὐτοῖς,
3778 5198 3830 5249 ετ
3862 5214 3967 5249 του

2388 5286 2613 5349 δέοιντο,
2657 5285 2729 5347 ὡς
2777 5286 2997 5339 δυνατὸν
3045 5281 3113 5355 ἦν
3159 5286 3329 5356 αὐτῷ.
3395 5286 3825 5359 Ἐπρεσόιύοντο
3857 5288 3974 5357 μὲν

2389 5374 2479 5427 οὖν
2506 5375 2657 5445 αὐτῷ
2706 5377 2801 5429 καὶ
2832 5376 2876 5428 si
2916 5375 3202 5446 Ἕλληνες,
3244 5376 3644 5447 βουλευόμενοι,
3690 5376 3768 5448 μὴ
3812 5378 3977 5433 ἀνεῖ-

1972 5524 2221 5590 Notulze
2254 5533 2662 5611 marginales.

783 5667 893 5736 (90)
938 5666 1089 5719 Dano
1134 5668 1211 5721 vel
1244 5666 1449 5733 Danao,
1485 5668 1666 5737 Taino,
1691 5670 1889 5739 Myl-itis
1919 5674 2048 5727 lilio.

783 5816 802 5843 ⁵
852 5813 927 5866 al.
960 5809 1275 5882 θαρῤοὖντι,

2463 5683 2573 5755 (9|)
2603 5682 2858 5748 Therma,
2896 5699 3017 5753 quae
3043 5695 3095 5739 et
3126 5683 3532 5740 Thessalonica.
