4190 6434
238 389 336 413 ἐιη

237 418 328 458 1H

1283 399 1375 456 DE
1420 397 1669 455 HEBUS
1710 398 2073 457 TUiitliClS
2115 402 2258 460 LIB.
2307 404 2400 464 IV.

3368 412 3465 474 178

229 523 318 559 ναι
347 506 504 558 αὑτὸν
541 509 592 566 ἐς
622 506 714 575 τὴν
740 507 955 574 ὁμιλίαν
984 508 1126 560 οὕτω
1165 511 1325 570 πάνυ,
1357 511 1431 572 ὡς
1485 513 1778 578 ἐπισφαλές

1893 525 2015 564 rum
2053 511 2117 565 ad
2143 529 2264 567 eum
2306 514 2676 570 mittebantur.
2715 518 3081 576 consulentes.
3115 534 3179 572 ne
3209 535 3266 573 se
3291 529 3462 574 totum

225 615 284 652 τε
307 597 366 650 δν
399 599 566 666 αὐτῷ,
618 601 710 652 καὶ
751 601 961 666 οὐδαμῆ
994 600 1262 668 ἐμπεδοῦν
1309 602 1580 671 αὐτῷτὴν
1636 605 1795 672 βασι-

225 691 377 742 λείαν
413 695 544 757 πρὸς
597 698 686 745 τὴν
723 692 978 760 ἀδελφὸν,
1025 693 1231 746 τούτων
1271 695 1370 762 μὲν
1415 697 1606 749 οὐδένα
1638 699 1794 765 λόγον

225 785 574 851 ποιούμενος,
607 786 776 839 ἔωθεν
804 787 859 840 δὲ
900 788 991 838 καὶ
1043 789 1279 854 ἑσπέραν
1328 789 1456 857 περὶ
1487 790 1584 859 τὴν
1623 793 1792 860 ἀκρα-

224 877 486 928 τοποσίαν
515 877 739 930 διετέλει
792 880 1071 948 προπίνων
1125 883 1235 941 τοῖς
1285 880 1551 949 ἀρίστοις,
1598 885 1688 933 καὶ
1717 884 1794 946 ὡς

226 966 582 1031 ἀναπαύοιτο,
629 971 1049 1037 ἔπεγειρόμενος
1097 970 1252 1030 αὖθις
1302 973 1357 1032 ἐς
1391 971 1606 1038 ὁμιλίαν
1635 973 1789 1025 καθί-

223 1074 410 1112 στατο.
473 1060 703 1125 Λέγεται
767 1061 822 1112 δὲ
875 1061 948 1121 ὡς
1001 1063 1214 1128 ἔχοντος
1247 1064 1302 1113 ἐν
1354 1066 1475 1125 ταῖς
1508 1064 1666 1133 χερσὶ
1696 1066 1791 1133 τὴν

222 1150 447 1217 φιάλην,
486 1152 678 1218 ἔλαφος
710 1153 800 1204 ἐπὶ
855 1153 915 1204 τὸ
946 1155 1308 1220 στρατόπεδον
1361 1154 1590 1222 περιϊὼν
1629 1157 1788 1226 διῄει,

222 1243 318 1292 καὶ
374 1245 844 1311 ἐπιθορυϐούντων
899 1246 1072 1298 αὐτῶν
1105 1246 1212 1298 τῶν
1248 1249 1618 1314 στρατιωτῶν,
1651 1249 1725 1310 ὡς
1758 1249 1790 1316 ἡ

219 1333 418 1399 ἔλαφος
471 1338 748 1405 ὲπιπαοῇ,
806 1338 978 1406 ἀγχοῦ
1034 1339 1348 1407 γενόμενος,
1403 1340 1676 1408 ἐπειρᾶτο,
1742 1342 1790 1393 εἰ

221 1430 421 1495 φιάλην
458 1431 549 1481 ἐπὶ
583 1430 676 1481 τοῦ
695 1431 932 1495 ικέρατος
958 1433 1134 1500 φέροι,
1156 1433 1229 1494 ὡς
1255 1434 1459 1500 ταύτην
1487 1434 1530 1465 ⁸³
1561 1435 1789 1502 ἁνακτη·

221 1520 450 1585 σόμενος
489 1522 596 1573 ἀπὸ
621 1522 720 1588 τῆς
754 1524 990 1588 ὁμιλίας.
1026 1521 1134 1576 Ἶῐν
1165 1528 1342 1594 μέντοι
1378 1527 1552 1585 ἄλλως
1583 1527 1608 1575 ό
1640 1528 1789 1578 Μου-

217 1610 526 1678 euoluitur};
583 1613 850 1681 ἐπιεικὴς,
886 1616 977 1666 καὶ
1032 1615 1092 1665 τὸ
1154 1616 1311 1683 σῶμα
1347 1617 1626 1685 ῥωμαλέος
1651 1660 1663 1683 ,
1694 1621 1787 1672 καὶ

216 1700 398 1768 ὁρμὴν
430 1705 483 1762 ὲς
513 1705 572 1755 τί.
597 1707 869 1774 μάχεσθαι
889 1709 1198 1776 κράτιστος.
1240 1709 1446 1778 Μωσῆς
1474 1710 1529 1764 δὲ
1558 1712 1784 1764 τούναν-

211 1793 325 1843 τίον
356 1793 560 1862 Θυμυῦν
586 1797 628 1827 ⁸⁸
663 1815 719 1848 τε
765 1799 1166 1866 ἀκρατέστερος
1203 1799 1278 1861 ὡς
1305 1802 1532 1866 ἐπίπαν,
1567 1805 1660 1855 καὶ
1689 1821 1785 1856 τα·-

213 1888 314 1953 χὺς
342 1888 398 1940 δὲ
427 1890 664 1953 μάλιστα
702 1891 757 1950 ἐς
783 1891 973 1959 ὀργὴν,
1011 1895 1101 1942 καὶ
1151 1892 1379 1947 ἕπεσθαι
1420 1895 1497 1961 τῷ
1529 1895 1786 1963 δυσμενεϊ

214 1983 383 2047 punisti
408 1983 642 2035 ἀνιέντα.
665 1983 814 2035 Ἐπεί
836 2002 890 2035 τε
925 1981 1018 2036 οὖν
1054 1988 1455 2056 ἐπιγενομένων
1487 1989 1634 2057 αὐτῷ
1685 1993 1782 2044 οὐκ

210 2073 408 2138 ὀλίγων
440 2078 495 2137 ἐς
529 2076 587 2126 τὸ
624 2077 806 2129 πεδίον
839 2079 1066 2146 κατέϐη,
1103 2081 1194 2132 καὶ
1230 2081 1321 2132 ἐπὶ
1344 2083 1782 2153 Μουσουλμῷνην

211 2165 698 2235 ἧλαυνε,Χασάνης
756 2186 814 2222 τε
871 2173 897 2224 ό
930 2173 1037 2224 τῶν
1100 2174 1369 2242 νςηλύδων
1423 2177 1628 2246 ἄρχων,
1689 2179 1782 2232 καὶ

209 2253 478 2327 Βρενέζης
509 2257 647 2327 ἔχων
681 2261 1054 2330 ἱπποδρόμους
1089 2264 1188 2332 τῆς
1225 2264 1515 2335 Εὐρώπης,
1545 2268 1781 2336 ηὐτομό-

209 2348 385 2414 λησαν
424 2350 621 2402 αὐτίκα
650 2354 799 2421 παρὰ
833 2354 1059 2406 Μωσὲα.
1103 2355 1164 2407 '0
1200 2356 1253 2408 δὲ
1303 2357 1375 2417 ὡς
1420 2359 1614 2427 ᾔσθετο
1655 2361 1781 2423 τοὺς

211 2439 473 2507 νεήλυδας
502 2443 878 2510 ἀφεστηκότας
920 2447 1052 2498 ἰέναι
1084 2449 1170 2499 ἐπὶ
1200 2448 1291 2501 τὸν
1326 2451 1584 2517 ἀδελφὸν,
1622 2455 1780 2522 ἠλαυ-

209 2550 303 2583 νεν
333 2535 458 2587 εὐθὺ
487 2535 780 2598 Βυζαντίου
808 2541 900 2590 ἐπὶ
927 2543 1038 2603 τοῖς
1073 2542 1297 2611 Ἕλλησι
1332 2547 1424 2596 καὶ
1455 2545 1551 2615 τὴν
1576 2547 1778 2609 Βυζαν-

204 2627 326 2676 τέου
359 2626 658 2692 βασιλείαν,
694 2633 747 2682 ἐν
778 2631 851 2698 νῷ
887 2633 1023 2701 ἔχων
1071 2636 1361 2703 συμμίξαι,
1418 2637 1493 2700 ὡς
1524 2639 1776 2693 ἐντεῦθεν

205 2711 275 2768 αὗ
334 2720 425 2769 ἐπὶ
461 2718 558 2787 τὴν
627 2722 810 2775 Ἀσίαν
863 2723 1080 2787 διαϐὰς,
1143 2727 1417 2795 ἐπεχείρει
1472 2730 1537 2780 τὰ
1593 2733 1650 2783 ἐν
1711 2736 1776 2801 τῇ

216 2810 375 2878 Ἀσία
411 2813 733 2879 πράγματα.
773 2817 876 2867 Καὶ
912 2815 984 2877 ὣς
1017 2817 1177 2886 ἔχων,
1209 2823 1322 2881 τοῖς
1353 2820 1612 2890 Τούρκοις
1660 2823 1778 2874 ἐπί-

202 2901 363 2967 δηλος
398 2899 465 2970 ἦν
498 2908 635 2958 κατὰ
666 2908 762 2975 τὴν
789 2907 930 2971 ὁδὸν,
960 2910 1058 2976 τὴν
1091 2912 1144 2972 ἐς
1174 2910 1234 2962 τὸ
1258 2911 1557 2973 Βυζάντιον
1583 2917 1777 2984 φέρου-

209 3010 333 3047 σαν.
387 2994 650 3049 Ἐνταῦθα
679 2998 1032 3064 συλλεγέντες
1066 3004 1114 3054 oi
1144 3004 1302 3072 τήνδε
1330 3004 1427 3073 τὴν
1462 3005 1642 3075 χώραν
1696 3009 1776 3059 οξ-

205 3085 437 3149 κοῦντες
469 3088 722 3159 Τοῦρκοι,
746 3093 835 3145 τόν
870 3110 926 3144 τε
956 3095 1392 3166 Μουσουλμάνην
1424 3098 1768 3168 ἐζώγρησαν,

1898 603 2130 659 luxuriae
2169 613 2220 658 et
2255 607 2514 675 voluptati
2546 608 2727 666 dedat,
2784 611 2938 677 quasi
3005 609 3118 676 jam
3174 611 3247 666 sit
3306 611 3468 678 plane

1899 709 2147 760 securus,
2182 705 2234 749 et
2275 698 2325 750 in
2359 706 2515 766 portu
2548 700 2762 766 naviget
2795 717 2811 754 ι
2875 701 3031 769 quasi
3061 703 3191 756 nihil
3231 703 3464 772 periculi

1896 787 2150 852 amplius,
2184 799 2449 857 quantum
2484 791 2548 843 ad
2579 806 2802 858 regnum
2835 795 3052 855 attinet,
3099 809 3126 847 a
3158 793 3328 850 fratre
3390 797 3466 848 sit

1898 881 2267 935 metuendum.
2328 885 2393 936 At
2421 884 2588 937 surdo
2621 885 2917 938 narrabant
2943 885 3198 940 fabulam.
3248 885 3469 940 Matuti—

1897 986 2022 1023 num
2071 981 2126 1026 et
2181 975 2550 1043 vespertinum
2603 985 2820 1046 tempus
2891 977 3151 1046 iungebat
3203 978 3464 1045 potando,

1896 1063 2200 1131 praebibens
2232 1067 2584 1133 optimatibus
2614 1070 2748 1121 suis.
2777 1068 3074 1122 Revoluttis
3103 1070 3154 1122 in
3187 1083 3463 1132 somnum.

1897 1155 1987 1209 ubi
2024 1157 2258 1226 primum
2287 1168 2404 1212 erat
2435 1171 2804 1228 experrectus,
2830 1163 3043 1214 solitam
3076 1161 3297 1230 potandi
3327 1177 3461 1216 con-

1897 1248 2244 1302 suetudinem
2273 1249 2524 1306 iterabat.
2557 1251 2754 1306 Fertur
2795 1253 3030 1322 quodam
3070 1261 3310 1320 tempore
3341 1267 3464 1306 cum

1893 1341 2129 1409 phialam
2166 1342 2418 1396 manibus
2442 1353 2670 1404 teneret.
2709 1353 2762 1397 et
2790 1359 2983 1399 cervus
3014 1345 3067 1397 in
3099 1352 3278 1399 castra
3299 1359 3464 1414 pene-

1894 1439 2112 1492 trasset,
2159 1430 2211 1482 in
2240 1431 2410 1498 iisque
2439 1432 2837 1495 obambularet,
2871 1432 3327 1486 tumultuantibus
3361 1432 3465 1486 mi-

1891 1522 2079 1575 litibus
2109 1531 2328 1591 propter
2351 1523 2497 1576 cervi
2523 1523 2575 1576 in
2623 1535 2802 1577 castra
2855 1524 3172 1586 adventum,
3229 1523 3466 1577 interro-

1891 1617 2160 1685 gationem
2199 1617 2416 1680 fecisse,
2450 1633 2576 1669 num
2601 1617 2834 1685 phialam
2869 1618 2923 1670 in
2943 1617 3202 1671 cornibus
3236 1620 3408 1683 gestet
3446 1629 3459 1666 :

1889 1711 2031 1778 quod
2049 1710 2091 1764 si
2107 1719 2210 1773 est,
2234 1711 2336 1763 hac
2355 1707 2870 1773 redimam.Quando
2891 1708 3140 1762 ebrietati
3157 1706 3461 1772 etcrapular

1891 1819 1996 1856 non
2048 1818 2267 1871 operam
2305 1803 2468 1856 dabat
2495 1801 2887 1863 Musulmanes,
2921 1809 3038 1853 erat
3100 1798 3320 1865 quidem
3362 1797 3464 1850 be-

1891 1895 2090 1962 nignus
2117 1902 2171 1948 et
2201 1909 2409 1961 aequus,
2447 1909 2676 1962 corpore
2710 1893 2921 1955 ﬁrmus,
2955 1892 3344 1962 pugnandique
3404 1888 3458 1942 in

1890 1990 2075 2042 hostes
2105 1988 2305 2056 impetu
2340 1987 2470 2040 nulli
2504 1986 2933 2056 postponendus.
2991 1984 3167 2038 Moses
3195 1982 3312 2036 vice
3335 1995 3462 2035 ver.

1886 2095 1942 2135 sa
1982 2079 2076 2132 ira!
2107 2080 2376 2147 imperare
2405 2076 2667 2144 nequibat
2692 2117 2705 2136 ,
2759 2090 2943 2128 verum
2978 2088 3219 2143 praeceps
3255 2072 3306 2124 in
3338 2085 3458 2126 eam

1884 2173 2148 2241 agebatur
2177 2188 2190 2226 :
2217 2171 2476 2240 quidquid
2509 2185 2568 2224 ea
2602 2169 2885 2233 dictasset,
2919 2166 3100 2221 facere
3148 2181 3256 2218 non
3318 2178 3458 2218 cun-

1883 2275 2060 2319 etans.
2090 2264 2224 2318 Cum
2258 2264 2424 2331 igitur
2458 2270 2830 2330 comparasset
2871 2260 3056 2327 copias
3116 2255 3259 2310 haud
3320 2269 3458 2309 con--

1884 2356 2226 2418 temnendas,
2259 2354 2541 2409 descendit
2568 2353 2622 2406 in
2648 2366 2921 2420 eainpnm,
2947 2349 3133 2417 praelio
3163 2361 3453 2417 aggressu-

1881 2463 1975 2500 rus
2008 2445 2424 2499 Musulmanem.
2461 2443 2736 2498 Chasanes
2778 2442 3189 2510 peregrinorum
3238 2439 3369 2495 duit.
3403 2445 3458 2488 et

1879 2539 2151 2592 Brenezes
2183 2539 2273 2606 qui
2294 2546 2525 2604 praeerat
2567 2535 2847 2602 Europmis
2874 2529 3456 2602 equitibus,continuo

1879 2629 2227 2683 desciverunt
2269 2630 2330 2682 ad
2365 2629 2564 2683 Mosem
2599 2627 3049 2696 transfugientes.
3087 2623 3456 2679 Musnlmanes

1881 2732 1937 2775 ut
1967 2723 2227 2786 cognovit
2265 2723 2582 2790 peregrinos
2609 2719 2898 2777 defecisse.
2935 2726 2989 2771 et
3040 2714 3358 2784 confugisse
3390 2715 3455 2769 ad

1881 2813 2131 2867 hostilem
2166 2813 2486 2872 exercitum.
2517 2822 2665 2865 recta
2701 2810 3020 2880 Byzantium
3055 2808 3270 2876 fugiens
3319 2820 3458 2861 con-

1879 2906 2308 2962 tendit:animo
2369 2906 2600 2974 agitans,
2665 2902 2869 2957 Grzecis
2927 2899 3169 2971 Byzantii
3227 2914 3452 2967 regnum

1877 3003 2114 3062 tradere,
2149 3009 2204 3052 ut
2243 3000 2370 3052 hinc
2398 3001 2451 3052 in
2486 2999 2664 3051 Asiam
2701 3005 3101 3064 transgressus,
3156 2994 3302 3048 Asiae
3352 3007 3442 3047 res

1876 3093 2216 3149 commodius
2280 3091 2605 3143 adoriretur.
2670 3089 2802 3143 Cum
2868 3096 3046 3141 autem
3139 3085 3456 3155 huiusmodi

204 3178 300 3228 καὶ
333 3178 619 3246 ἀπήγαγον
651 3182 802 3249 παρᾶ
851 3185 1077 3250 Μωσέα,
1133 3185 1485 3256 χαριζόμενοι
1537 3189 1770 3258 βασιλεῖ.

1882 3189 2059 3242 animo
2084 3186 2323 3239 volveret
2350 3183 2706 3246 sententiam,
2739 3183 2989 3250 cognitus
3043 3190 3128 3234 est
3186 3195 3212 3233 a
3259 3180 3457 3233 Turcis

218 3270 280 3320 ὐ
319 3271 502 3337 μέντοι
553 3273 757 3342 Μωσῆς
812 3263 992 3327 τόντε
1026 3277 1252 3344 ἀδελφὸν
1305 3279 1652 3350 διεχρήσατο,
1685 3286 1778 3336 καὶ

202 3359 332 3422 τούς
385 3379 446 3427 γε
505 3364 782 3432 Τούρκους
843 3370 1066 3420 πανοικὶ
1128 3370 1176 3421 οἳ
1238 3371 1589 3435 συλλαϐόντες
1645 3369 1779 3443 ἧκον

201 3452 455 3516 ἄγοντες,
494 3456 626 3522 πυρὶ
671 3457 766 3508 σὺν
795 3458 1010 3522 γυναιξί
1038 3475 1096 3510 τε
1127 3460 1242 3527 ἅμα
1276 3461 1368 3512 καὶ
1413 3464 1623 3525 παισὶν,
1661 3464 1777 3515 ἐνέ-

205 3560 410 3610 πρησε,
449 3545 689 3611 φάμενος
733 3547 968 3615 ἀθέμιτα⁵
1031 3551 1465 3620 ἐργασαμένους,
1503 3557 1594 3606 καὶ
1624 3555 1776 3624 βασι-

200 3634 298 3685 λέα
354 3636 505 3701 σφῶν
558 3638 735 3689 αὐτῶν
790 3641 1170 3706 συλλαϐόντες,
1224 3644 1431 3713 ταύτην
1489 3647 1588 3716 τήν
1623 3648 1778 3716 δίκην

204 3725 487 3792 ὑπέχοιεν.
520 3728 686 3788 Αὐτὸς
724 3729 788 3797 δὴ
819 3730 1053 3783 ἐπέλαϐε
1107 3734 1207 3801 τὴν
1268 3734 1565 3801 βασιλείαν,
1601 3740 1694 3791 καὶ
1722 3740 1778 3800 ἐς

201 3817 305 3886 τὴν
351 3819 538 3870 Ἀσίαν
563 3820 776 3886 διαϐὰς,
813 3824 1188 3893 κατεστήσατο
1239 3827 1304 3876 τὰ
1339 3828 1551 3879 ἐκείνου
1604 3829 1778 3898 πράγο

204 3927 374 3976 ματα.
417 3913 509 3962 καὶ
560 3912 732 3963 ἐδόκει
801 3914 950 3982 αὐτῷ
1009 3917 1393 3981 ἀσφαλέστατα
1442 3919 1605 3983 ἕξειν.
1669 3922 1778 3973 Καὶ

199 4003 512 4071 ἐπήλαυνεν
539 4004 597 4055 ὲν
636 4003 711 4073 νῷ
741 4005 876 4074 ἔχων
906 4007 1294 4077 πολιορκήσειν
1338 4009 1650 4074 Βυζάντιον,
1684 4014 1777 4065 καὶ

203 4097 270 4164 τῇ
302 4112 361 4146 τε
397 4094 589 4166 Θέρμῃ
619 4097 854 4165 πόλεμον
882 4101 1174 4168 ἐπήνεγκε,
1204 4103 1296 4152 καὶ
1333 4101 1410 4171 τῷ
1459 4103 1775 4171 Τριϐαλλῶν

203 4185 436 4253 ήγεμόνι
465 4185 718 4251 πολεμῶν
749 4187 1020 4254 διεγένετο
1041 4227 1054 4249 ,
1087 4193 1186 4257 τήν
1212 4207 1269 4241 τε
1321 4191 1502 4260 χώραν
1532 4192 1694 4245 αὐτοῦ
1728 4194 1774 4245 ϐ’

201 4278 322 4345 ἃμα
345 4277 687 4346 ληϊζόμενος,
736 4280 830 4331 καὶ
861 4281 1236 4350 Σπενδερόϐην
1291 4283 1390 4351 τὴν
1440 4286 1775 4351 μητρόπολιν

202 4365 370 4418 αὑτοῦ
407 4366 732 4434 πολιορκῶν.
760 4368 1035 4431 Στέπανος
1071 4371 1170 4438 μὲν
1191 4370 1285 4423 οὖν
1315 4363 1471 4434 οὗτος
1520 4373 1776 4436 Ἐλεαζά-

205 4477 301 4527 ρου
352 4458 634 4512 Πλαδίκεω
682 4459 782 4528 τῆς
842 4463 1102 4526 γυναικὸς
1151 4462 1399 4530 ἀδελφὸς,
1443 4463 1676 4527 Βοῦλκος
1715 4465 1772 4518 δὲ

201 4549 438 4617 τοῦνομα
478 4548 634 4618 ἔχων,
681 4550 757 4610 ὡς
819 4550 1145 4621 Ἐλεάζαρος
1193 4553 1539 4623 ἐτελεύτησε,
1589 4557 1689 4624 τήν
1712 4573 1770 4608 τε

200 4647 503 4712 ἡγεμονίαν
532 4643 834 4712 παρέλαϐε,
872 4647 965 4696 καὶ
1010 4647 1353 4713 ἐτυράννευε,
1379 4647 1457 4716 τῷ
1507 4665 1566 4700 τε
1599 4649 1773 4701 Παια-

202 4736 343 4803 ζήτῃ
382 4736 879 4802 συστρατευόμενος
979 4735 1044 4788 ἂν
1077 4738 1433 4808 παραγγέλλῃ
1461 4776 1475 4790 .
1513 4739 1622 4791 Καὶ
1652 4741 1772 4793 τότε

200 4828 265 4894 δὴ
296 4829 352 4877 ἐν
376 4831 441 4892 τῇ
479 4828 612 4895 πρὸς
647 4828 1081 4898 Μονσουλμάνην
1127 4830 1394 4898 γενομένῃ
1455 4832 1599 4902 μάχῃ
1637 4834 1774 4901 πρὸς

199 4916 279 4983 τῷ
305 4916 605 4982 Βυζαντίῳ,
643 4915 873 4984 μετέστη
904 4932 962 4966 τε
996 4915 1101 4966 ἀπὸ
1119 4916 1364 4978 Μωσέως
1392 4918 1482 4970 ἐπὶ
1511 4919 1602 4970 τὸν
1630 4918 1780 4970 ἀδελ-

205 5007 330 5076 φὸν,
364 5008 459 5059 καὶ
503 5006 872 5075 ηὐτομόλησε.
903 5003 979 5056 Δι’
1031 5005 1066 5059 ἃ
1095 5007 1158 5075 δὴ
1207 5007 1441 5073 πόλεμον
1474 5009 1773 5076 ἐπιφέρων,

201 5101 305 5167 τήν
330 5115 389 5150 τε
417 5098 572 5149 πόλιν
603 5096 765 5150 αὑτοῦ
790 5096 1122 5164 ἐπολιόρκει,
1156 5097 1247 5148 καὶ
1269 5099 1365 5165 τὴν
1389 5097 1574 5167 χώραν
1595 5097 1773 5168 ἐδῄου.

211 5193 300 5252 Ὠς
331 5191 388 5242 δὲ
438 5188 752 5242 ἐπελαύνων
787 5189 1095 5258 ἐπολιόρκει
1134 5187 1446 5251 Βυζάντιον,
1484 5189 1773 5258 ὲξηρτύετό

199 5301 260 5334 τε
298 5285 437 5349 ἅμα,
489 5283 772 5350 ἐπιφέρων
820 5298 876 5331 τε
932 5282 1024 5332 καὶ
1059 5281 1270 5348 ἐπέχων
1315 5281 1415 5331 ὅσα
1457 5282 1556 5349 τῆς
1588 5283 1770 5352 χώρας

201 5374 438 5441 ἠδύνατο
469 5375 565 5425 καὶ
593 5374 863 5442 τριήρεις,
894 5372 988 5423 καὶ
1017 5370 1176 5422 πλοῖα
1224 5373 1297 5430 ὡς
1333 5371 1564 5440 ἠδύνατο
1620 5373 1769 5426 πλεῖ-

1881 3281 1934 3334 in
1964 3279 2044 3332 via
2076 3295 2196 3348 qua:
2232 3277 2545 3347 Byzantium
2581 3275 2704 3330 fert.
2760 3273 2920 3328 'l'urci
2978 3275 3183 3341 itaque,
3234 3272 3325 3340 qui
3377 3272 3452 3324 ilbi

1882 3370 2217 3429 habitabant,
2254 3367 2463 3422 collecti
2507 3367 2560 3419 in
2590 3380 2779 3429 unum,
2827 3371 3093 3430 ceperunt
3151 3362 3451 3416 Musulma-

1882 3479 2001 3518 nem
2041 3463 2244 3526 vivum,
2281 3469 2617 3527 captumque
2657 3457 2936 3511 abduxere
2967 3455 3032 3508 ad
3075 3453 3301 3519 Mosem,
3346 3455 3452 3507 isto

1879 3554 1990 3624 94
2012 3567 2237 3606 munere
2267 3565 2390 3603 eum
2417 3550 2689 3601 honorare
2710 3545 3057 3599 aﬂ'ectantes.
3101 3543 3280 3598 Moses
3322 3558 3452 3595 vero

1882 3647 2104 3700 fratrem
2133 3643 2280 3696 illico
2308 3641 2544 3695 necavit.
2587 3638 2800 3691 Tureos
2827 3647 3002 3689 autem
3073 3635 3166 3705 qui
3224 3635 3449 3688 fratrem

1880 3735 2434 3806 comprehenderant,
2468 3731 3043 3800 comprehensumque
3097 3730 3164 3783 ad
3199 3743 3258 3782 se
3281 3729 3452 3781 addu-

1882 3835 2095 3886 xerant,
2129 3840 2319 3878 omnes
2341 3838 2463 3876 cum
2520 3823 2708 3876 liberis
2749 3831 2803 3874 et
2871 3821 3157 3882 uxoribus,
3203 3819 3453 3885 adeoque

1879 3934 2001 3972 cum
2037 3919 2290 3971 universa
2323 3915 2532 3968 familia
2568 3914 2692 3981 igne
2758 3911 3046 3976 cremavit,
3118 3910 3306 3964 dicens
3353 3925 3451 3964 eos

1880 4008 2043 4074 impia
2108 4007 2480 4060 conuuisisse.
2515 4004 2708 4058 Merito
2768 4005 2955 4071 igitur,
3015 4017 3137 4054 eum
3187 4001 3299 4068 regi
3350 4015 3452 4055 suo

1878 4101 2144 4154 violentas
2167 4096 2451 4150 intulerint
2475 4110 2690 4154 manus.
2710 4095 2808 4146 bas
2833 4110 3021 4162 pmnas
3045 4093 3264 4147 sceleris
3281 4092 3452 4145 luisse

1878 4190 2176 4246 commissi.
2211 4190 2333 4256 Ipse
2362 4202 2492 4256 ergo
2536 4187 2740 4255 recepit
2795 4201 3026 4252 regnum
3083 4183 3220 4254 (οἳ),
3275 4194 3328 4237 et
3394 4184 3449 4238 in

1880 4285 2058 4335 Asiam
2087 4279 2382 4339 transiens,
2413 4293 2530 4329 eam
2563 4277 2788 4329 ieiunam
2817 4276 2953 4328 Asia:
2984 4276 3147 4329 rebus
3208 4273 3447 4335 induxit,

1879 4391 1998 4444 qua!
2027 4373 2315 4427 videbatur
2356 4371 2497 4423 Asia:
2523 4383 2750 4436 regnum
2797 4368 3173 4420 firmissimum
3200 4374 3252 4420 et
3277 4365 3448 4419 tutis-

1878 4468 2074 4519 simum
2097 4464 2376 4518 etIeetura.
2398 4459 2600 4513 Deinde
2621 4460 2772 4519 abiit,
2796 4459 2919 4512 Asia
2954 4459 3171 4520 relicta,
3202 4466 3448 4511 statuens

1880 4559 2159 4612 obsidione
2217 4556 2434 4623 cingere
2486 4552 2827 4621 Byzantium.
2895 4549 3148 4604 Thermse
3215 4550 3443 4605 hostiles

1881 4648 2152 4702 circuitus
2184 4647 2440 4699 admovit.
2477 4643 2844 4696 Triballorum
2877 4643 3000 4695 duci
3027 4642 3449 4704 bellutnintulit,

1881 4755 1943 4793 ex
1975 4739 2190 4803 regione
2220 4739 2336 4800 ejus
2361 4737 2675 4805 frequenter
2702 4736 2912 4805 przedas
2941 4749 3132 4802 agens,
3191 4744 3244 4788 et
3272 4733 3412 4802 Spes
3436 4761 3449 4773 -

1882 4831 2136 4882 derobem
2169 4828 2280 4897 (93)
2315 4827 2656 4895 Iuetropolim
2716 4826 3001 4879 obsidione
3059 4840 3338 4894 premens.
3403 4823 3450 4876 Is

1879 4933 1995 4976 erat
2027 4921 2314 4988 Stepanus,
2347 4919 2587 4971 Eleazari
2620 4918 2858 4972 Pladicis
2899 4918 3088 4976 uxoris
3142 4915 3336 4977 frater,
3365 4916 3450 4969 cui

1881 5013 2043 5066 liulro
2077 5025 2274 5064 nomen
2305 5019 2438 5062 erat.
2481 5009 2547 5062 Ut
2585 5007 2875 5061 Eleazarus
2901 5007 3069 5060 vitam
3103 5007 3266 5065 finiit.
3292 5006 3449 5073 prin-

1878 5107 2116 5169 cipatum
2146 5103 2260 5168 ipse
2294 5101 2548 5168 arripuit,
2585 5107 2638 5152 et
2697 5115 2793 5169 pro
2823 5100 3069 5168 principe
3129 5115 3187 5153 se
3252 5101 3443 5165 gessit,

1878 5195 2352 5262 Pajazitistrcuue
2408 5206 2628 5260 operam
2681 5207 2933 5253 .navans,
2997 5190 3444 5258 quandor-unque

1879 5284 1995 5350 ejus
2023 5283 2281 5336 auxilium
2309 5281 2674 5348 implorasset.
2730 5282 3038 5347 Stephanus
3072 5295 3191 5332 cum
3226 5277 3362 5331 foret
3391 5277 3446 5330 in

1881 5394 1946 5432 eo
1984 5379 2165 5446 praelia
2190 5377 2331 5444 quod
2358 5387 2578 5446 propter
2608 5377 2919 5447 Byzautiunu
2975 5375 3444 5437 committebatur,

1475 5483 1714 5544 Notulae
1750 5490 2155 5565 marginales.

271 5610 385 5690 (il?)
422 5609 596 5663 Moses
621 5611 850 5666 'l‘ureor.
884 5629 975 5665 rex
995 5620 1238 5667 octavus.
1264 5615 1403 5664 Ann.
1432 5609 1566 5663 Hi“)
1611 5610 1774 5664 circi-

201 5691 285 5733 ιρι·
315 5695 427 5731 ιιιερ
469 5692 640 5747 gesta.

279 5824 314 5848 “
349 5820 538 5886 ταύτῃ.
569 5823 650 5872 Νι(
687 5832 840 5873 suam
875 5823 912 5871 ti
1011 5822 1051 5852 ί³
1077 5822 1266 5891 (“meo
1304 5822 1380 5872 ’ἁλί
1418 5822 1571 5871 etiam
1611 5819 1672 5871 li.

1954 5618 2063 5672 (iiii
2110 5618 2182 5670 Al.
2225 5615 2611 5669 Senderoril’mt.
