4190 6434
218 353 302 416 181

1226 359 1323 416 DE
1362 357 1614 416 ΗΕΒυὸ
1647 357 2010 415 ’l‘URCtClS
2059 360 2204 418 LIB.
2243 361 2343 419 ιν.

3332 350 3432 410 182

214 472 376 534 γενεῖς
409 469 516 519 τῶν
550 469 806 538 Ἰὀύρκων
839 469 1030 540 μετῄει
1061 463 1139 532 οἷς
1172 471 1262 522 ἐπὶ
1310 471 1409 540 τὴν
1442 470 1618 540 ἀρχὴν
1651 472 1772 522 ἐπι-

1900 473 2060 525 nania
2099 473 2405 542 profectus,
2443 473 2653 526 Turcos
2698 467 3045 530 sollicitabat,
3085 474 3142 519 ut
3173 465 3276 519 sibi
3308 464 3441 519 sub-

216 561 442 629 παριών.
474 562 584 613 Καὶ
616 562 1187 631 διαπρεσϐευομένων,
1227 563 1320 614 καὶ
1349 563 1456 616 τῶν
1499 562 1766 630 Ἑλλήνιον

217 652 624 722 ὑποδεχομένων
659 654 754 705 καὶ
780 653 961 705 αὐτῶν
992 655 1134 706 κατὰ
1164 653 1397 722 δύναμιν
1449 655 1506 716 ἐς
1540 655 1637 720 τὴν
1675 653 1768 721 βα-

218 743 415 796 σιλείαν
451 745 600 812 αύτῷ
631 743 1022 813 συλλήψεσθαι,
1058 747 1158 816 τήν
1186 763 1244 799 τε
1312 746 1497 799 Ἀσίαν
1549 747 1769 815 ὑπηγά-

217 853 356 905 γετο,
388 837 706 905 ἀχθομένων
739 838 844 891 τῶν
874 839 973 907 τῆς
1017 839 1200 900 ’Λσὶας
1236 841 1473 909 ἀρίστων
1492 841 1591 908 τῆς
1635 841 1770 894 Μω-

218 930 348 985 σέως
372 930 430 979 ἐν
458 931 599 998 ἀρχῇ
647 930 984 998 τυραννίδος,
1015 932 1107 982 καὶ¹
1158 929 1633 1001 προσχωρούντων
1693 929 1769 998 τῷ

217 1020 495 1090 Μεχμέτῃ,
527 1021 622 1087 τῆς
652 1037 711 1072 τε
759 1021 941 1083 Ἀσίας
997 1022 1227 1090 ὑπῆρξε,
1259 1020 1352 1072 καὶ
1410 1021 1502 1077 ἐπὶ
1532 1023 1630 1090 τὴν
1665 1019 1768 1072 Εὑ-

217 1109 402 1179 ρώπην
442 1110 778 1180 ὑπηγάγετο.
810 1112 980 1175 Οὗτος
1010 1114 1108 1182 μὲν
1140 1114 1204 1183 δὴ
1236 1113 1310 1176 ὡς
1334 1111 1772 1181 Μουσουλμάνης

214 1223 266 1256 τε
299 1205 600 1268 ἐϐασίλευε,
637 1207 729 1259 καὶ
762 1209 966 1276 Μωσῆς
994 1211 1089 1262 καὶ
1137 1207 1367 1278 Ἰησοῦς,
1426 1209 1691 1279 πρότερον
1721 1210 1771 1260 οἱ

215 1300 270 1348 τὸ
321 1299 535 1351 παιδίον
584 1300 1075 1370 ἐπιτετραμμένοι,
1143 1303 1218 1373 μὴ
1275 1303 1599 1370 κατάδηλον,
1648 1304 1771 1355 ὅποι

213 1392 464 1460 τυγχάνει
494 1394 554 1446 ὃν
585 1394 646 1446 τὺ
674 1395 888 1448 παιδίον
933 1399 1222 1464 γενόμενον
1250 1400 1363 1460 τοῖς
1395 1399 1663 1466 ἀδελφοῖς,
1692 1398 1776 1450 δε·-

213 1485 445 1549 εοικότες
485 1489 558 1557 μὴ
585 1490 912 1560 συλληφθείη
950 1508 1006 1546 τε
1039 1494 1131 1546 καὶ
1154 1495 1425 1556 ἀπόλοιτο,
1455 1493 1771 1563 χορδοποιοῦ

213 1590 377 1637 τινος.
402 1578 460 1630 ἐν
496 1580 718 1653 Προύσῃ
748 1583 1210 1652 παρεκατέθεντο,
1259 1585 1333 1648 ὡς
1363 1587 1427 1638 ἂν
1453 1588 1551 1656 τὴν
1576 1587 1774 1656 τέχνην

214 1669 563 1738 ἐκμανθάνοι,
597 1673 722 1725 ὅποι
755 1676 1017 1743 τυγχάνει
1042 1677 1120 1729 δν.
1148 1678 1259 1730 Καὶ
1294 1677 1432 1744 μετὰ
1463 1678 1657 1741 ταῦτα,
1700 1679 1773 1740 ὼς

215 1760 448 1814 ἐνταῦθα
483 1764 581 1831 τῆς
634 1765 852 1833 ἡλικίας
915 1762 1005 1836 ἦν,
1065 1769 1171 1838 ὅπη
1224 1768 1609 1823 ἀντιλαϐέσθαι
1666 1771 1776 1821 τῶν

222 1856 555 1922 πραγμάτων
586 1858 765 1912 αὐτῶν
795 1861 839 1891 ⁸⁵
871 1857 981 1924 οἷός
1017 1862 1064 1913 τ’
1088 1859 1174 1932 ἦν,
1218 1863 1415 1932 ἐχώρει
1451 1863 1544 1915 ἐπὶ
1595 1864 1778 1931 Καρα-

217 1949 384 2014 μᾶνον
415 1950 504 2001 τὸν
543 1951 811 2022 Ἀλοῦριν.
865 1955 975 2008 Καὶ
1019 1954 1268 2008 ἐντεῦθεν
1313 1956 1395 2024 δὴ,
1427 1957 1502 2016 ὡς
1540 1955 1776 2023 πρόσθεν

219 2057 308 2106 μοι
343 2041 620 2109 ἐδηλοῦτο,
653 2045 996 2114 ὁρμώμενος,
1023 2049 1124 2116 τῆς
1174 2066 1234 2101 τε
1299 2048 1484 2110 Ἀσίας
1535 2049 1778 2110 εὐπετῶς

213 2127 369 2199 ἦρξε,
405 2135 905 2204 συνεπιλαϐομένου
935 2138 1032 2191 τοῦ
1065 2141 1407 2208 Καραμάνου
1435 2178 1450 2201 ,
1493 2139 1584 2192 καί
1615 2157 1780 2192 τινων

212 2221 388 2276 ἄλλων
417 2225 701 2294 ἡγεμόνων
724 2227 832 2279 τῶν
863 2230 922 2280 ἐν
948 2231 1013 2298 τῇ
1057 2228 1234 2298 Ἀσίᾳ.
1291 2230 1399 2281 Καὶ
1434 2229 1524 2280 ἐπὶ
1577 2229 1780 2299 Βυζάν-

215 2331 326 2366 τιον
357 2316 570 2383 διαϐὰς,
599 2317 677 2388 τῷ
705 2335 765 2371 τε
809 2318 1082 2389 Ἑλλήνων
1117 2319 1327 2388 βασιλεῖ
1354 2323 1409 2384 ἐς
1444 2321 1632 2389 λόγους
1661 2321 1784 2388 ἀφί-

213 2425 362 2472 κετο,
389 2411 480 2461 καὶ
511 2410 671 2479 ὅρκια
698 2408 1112 2484 ποιησάμενοι
1137 2413 1310 2466 ἐδόκει
1361 2414 1547 2475 αὐτοῖς
1591 2413 1783 2480 ἐπιτη-

212 2500 369 2561 δείως
399 2499 563 2567 ἔχειν,
595 2502 829 2567 ήλαυνεν
857 2504 948 2556 ἐπὶ
995 2501 1104 2554 τῶν
1142 2503 1464 2572 Τριϐαλλῶν
1516 2503 1782 2572 ἡγεμόνα,

212 2591 305 2640 ἐπὶ
333 2591 428 2658 τῆς
455 2591 697 2661 Θρᾴκης,
737 2593 812 2654 ὠς
843 2593 1131 2662 συμμίξων
1160 2611 1216 2646 τε
1250 2594 1463 2663 ἐκείνῳ,
1495 2595 1586 2646 καὶ
1619 2611 1785 2662 προσε·

213 2682 399 2735 λαϐὼν
428 2683 525 2752 τὴν
557 2685 769 2738 ἐκείνου
816 2685 1074 2754 δύναμιν,
1135 2686 1263 2758 ἐπίῃ
1318 2688 1660 2757 μαχούμενος
1705 2688 1785 2756 τῷ

215 2772 453 2840 ἀδελφῷ.
488 2775 692 2841 Μωσῆς
727 2778 911 2844 μέντοι
946 2779 1066 2832 ἐπεὶ
1114 2779 1346 2833 ἐπύθετο
1404 2783 1639 2851 τάχιστα
1675 2785 1786 2838 δια-

217 2861 476 2914 ϐαίνοντα
513 2864 608 2915 ἐπὶ
635 2865 731 2931 τῆς
769 2864 980 2928 Ἀσίας,
1024 2868 1296 2936 ἐπήλαυνε
1352 2870 1448 2922 σὺν
1498 2871 1678 2939 πολλῷ
1709 2872 1788 2942 τῷ

217 2957 592 3024 στρατεύματι
621 2957 710 3008 ἐπ’
741 2959 928 3019 αὑτὸν,
960 2962 1053 3012 καί
1093 2977 1183 3012 ποι
1210 2960 1307 3028 τῆς
1339 2961 1522 3030 χώρας
1574 2963 1788 3018 διελαύ-

215 3063 363 3099 νοντι
412 3049 550 3100 κατὰ
596 3049 974 3117 Χωριούπολιν
1020 3051 1084 3114 ⁸⁸,
1121 3052 1418 3120 προσέμιξε
1448 3053 1524 3121 τῷ
1552 3053 1784 3123 ἀδελφῷ,

1872 564 2013 617 sidio
2073 566 2322 619 venirent
2375 566 2429 618 in
2482 563 2817 634 acquirendo
2864 574 3050 626 regno.
3103 559 3238 612 Cum
3273 558 3439 625 igitur

1873 657 2015 710 ultro
2048 658 2296 726 citroque
2339 657 2499 726 legati
2547 656 2956 727 ablegarentur,
3007 666 3216 705 necnon
3263 649 3435 704 Graeci

1871 751 2133 804 auxilium
2160 752 2549 821 pollicerentur
2571 749 2638 803 ad
2662 763 2887 818 regnum
2919 744 3268 815 capiendum,
3299 742 3440 796 Asiae

1872 843 2160 914 imperium
2214 851 2408 900 nactus
2458 851 2563 906 est,
2617 857 2741 896 cum
2798 841 3037 909 optimus
3088 837 3324 906 quisque
3360 835 3440 887 in-

1873 937 2196 1004 dignaretur
2219 945 2436 1006 propter
2458 934 2623 988 Mosis
2646 932 2964 988 violentiam
3013 939 3046 984 .t
3071 929 3440 1000 tyrannidem,

1874 1037 1926 1083 et
1970 1031 2407 1098 adjungercntur
2443 1027 2730 1083 Mecbmeti
2775 1023 3109 1079 advenienti.
3152 1021 3330 1090 Atque
3384 1021 3442 1074 in

1875 1121 2019 1175 hunc
2052 1123 2270 1174 modum
2309 1123 2451 1176 Asiae
2497 1119 2728 1189 imperio
2761 1117 2990 1186 potitus,
3036 1115 3200 1168 etiam
3249 1115 3302 1166 in
3336 1112 3443 1166 Eu-

1874 1229 2062 1281 ropam
2111 1212 2515 1281 expeditionem
2569 1210 2818 1279 parabat.
2875 1207 3033 1262 Hunc
3077 1205 3317 1274 quidem,
3353 1219 3442 1258 re-

1876 1314 2076 1374 gnante
2131 1304 2493 1368 Musulmaue,
2549 1305 2722 1359 Moses
2764 1312 2819 1358 et
2857 1301 3044 1364 Jesus,
3079 1301 3281 1370 quibus
3306 1298 3441 1353 edu-

1880 1396 2040 1453 candi
2088 1399 2240 1466 pueri
2297 1397 2571 1466 negotium
2623 1398 2808 1450 datum
2860 1403 3001 1458 erat,
3057 1409 3123 1447 ne
3173 1392 3445 1446 rescirent

1879 1489 2076 1544 fratres
2115 1490 2334 1544 ubinam
2367 1505 2502 1559 puer
2532 1489 2789 1552 aleretur,
2857 1487 3004 1542 anxii
3051 1495 3107 1540 ut
3159 1495 3445 1552 caperetur

1876 1591 1930 1636 et
1969 1591 2277 1644 necaretur,
2311 1582 2506 1636 artiﬁci
2535 1582 2748 1637 cuidam
2784 1581 3114 1635 chordarum
3166 1575 3447 1631 facienda-

1877 1688 1996 1726 rum
2035 1675 2374 1729 tradiderunt
2398 1674 2602 1736 Prusae,
2634 1683 2691 1726 ut
2713 1673 3003 1727 artiﬁcium
3027 1672 3080 1725 id
3111 1669 3444 1724 addiscerct.

1883 1765 2236 1819 Postmodum
2262 1781 2382 1819 cum
2411 1768 2522 1832 jam
2550 1781 2646 1836 per
2668 1774 2880 1819 mtatem
2912 1779 3000 1817 res
3033 1763 3180 1829 ipsas
3209 1770 3449 1814 tractare

1885 1865 2089 1925 posset,
2143 1857 2277 1910 abiit
2319 1856 2382 1911 ad
2431 1855 2798 1912 Cararnanum
2853 1855 3083 1907 Alurim.
3141 1851 3277 1905 Hinc
3326 1865 3451 1918 pro-

1885 1947 2084 2012 fectus,
2114 1959 2172 2004 ut
2199 1957 2357 2003 antea
2382 1947 2837 2019 signiﬁcavimus,
2864 1946 3008 2001 Asiae
3037 1944 3267 2014 imperio
3291 1942 3449 1997 facile

1887 2039 2090 2108 potitus
2127 2048 2232 2102 est,
2267 2038 2642 2106 adjutantibus
2677 2039 2986 2091 Caramano
3047 2043 3100 2089 et
3147 2034 3272 2088 aliis
3307 2033 3450 2087 Asiae

1885 2129 2208 2196 quibusdam
2249 2130 2501 2184 ducibus.
2551 2130 2954 2198 Transgressus
3000 2126 3342 2197 Byzantium.
3396 2125 3451 2178 in

1885 2221 2218 2292 colloquium
2247 2237 2368 2275 cum
2395 2221 2707 2275 Graecorum
2743 2235 2864 2290 rege
2897 2219 3062 2273 venit.
3099 2217 3305 2273 Deinde
3326 2232 3449 2272 cum

1887 2315 2142 2382 utrinque
2166 2314 2539 2384 sejuramenti
2575 2313 2858 2384 religione,
2893 2320 3153 2381 quantum
3178 2309 3289 2380 96
3317 2311 3453 2364 satis

1885 2416 2024 2471 erat,
2063 2407 2463 2472 deviuxissent,
2498 2406 2898 2476 profectionem
2950 2406 3189 2461 instituit
3222 2406 3288 2459 ad
3327 2404 3451 2459 Tri-

1888 2501 2161 2554 ballorum
2212 2499 2575 2568 Thraciaeque
2632 2501 2957 2570 principem,
2999 2509 3054 2552 ut
3103 2497 3168 2551 ad
3213 2500 3358 2552 hunc
3401 2499 3453 2551 in

1886 2591 2230 2661 colloquium
2293 2593 2594 2654 adhibitus,
2648 2591 2835 2661 copias
2894 2591 2962 2645 ab
3041 2605 3107 2644 eo
3163 2590 3453 2659 acciperet,

1886 2681 2085 2748 quibus
2117 2679 2409 2740 subnixus,
2446 2681 2600 2735 fratri
2636 2680 2832 2733 bellum
2867 2680 3114 2735 inferret.
3143 2679 3209 2734 Ut
3236 2695 3458 2735 rumore

1887 2769 2109 2823 allatum
2151 2778 2233 2823 est
2262 2770 2329 2823 ad
2362 2769 2586 2834 Moscm,
2619 2769 2843 2824 fratrem
2889 2785 3052 2838 quam
3099 2769 3354 2824 ocissime
3401 2771 3455 2822 in

1889 2861 2072 2913 Asiam
2111 2862 2223 2929 (95)
2276 2862 2582 2931 trajecissc,
2635 2862 2852 2916 obviam
2908 2862 3200 2930 processit.
3261 2877 3458 2931 magno

1890 2952 2190 3007 instructus
2211 2953 2480 3007 exercitu.
2509 2953 2573 3007 Et
2596 2969 2718 3007 cum
2745 2953 2948 3009 alicubi
2974 2953 3248 3020 regionem
3270 2969 3461 3022 quam-

1893 3045 2014 3096 dam
2076 3045 2358 3109 transiret,
2408 3045 2563 3113 juxta
2614 3046 2736 3113 ejus
2797 3045 3036 3115 regionis
3094 3046 3353 3114 oppidum
3406 3049 3458 3100 in

216 3139 315 3191 καὶ
342 3139 398 3201 ἐς
427 3138 605 3208 μάχην
638 3139 949 3195 καθίστατο.
979 3143 1388 3210 Συνταξάμενος
1411 3143 1468 3196 δέ
1489 3144 1668 3215 ἐπῄειο
1694 3149 1785 3199 καὶ

1898 3136 2117 3189 fratrem
2151 3127 2364 3190 incidit.
2408 3137 2813 3206 Accingcbatur
2865 3137 3050 3207 itaque
3092 3138 3158 3191 ad
3203 3152 3457 3206 pugnam,

218 3231 246 3280 ό
288 3230 514 3297 ἀδελφὸς
537 3231 700 3284 αὐτοῦ
750 3233 1044 3302 Μεχμέτης
1085 3234 1343 3304 ἀντεπῄει
1372 3243 1786 3309 συντεταγμένῳ

216 3321 297 3389 τῷ
320 3323 713 3392 στρατεύματι.
742 3326 848 3378 Καὶ
866 3325 939 3387 ὡς
963 3327 1210 3393 ἐγένοντο
1238 3328 1503 3397 τάδελφοῦ
1533 3331 1601 3382 τὰ.
1627 3348 1790 3400 στρα-

215 3415 489 3484 τεύματα,
525 3418 585 3470 τὸ
619 3419 717 3488 μὲν
743 3419 841 3486 τῆς
900 3420 1086 3482 Ἀσίας
1111 3421 1302 3474 διαϐὰν
1364 3423 1460 3474 σὺν
1510 3424 1588 3491 τῷ
1647 3426 1791 3493 Μίχ-

223 3509 388 3581 μέτῃ,
423 3509 483 3563 τὺ
521 3511 576 3562 δὲ
611 3511 718 3564 ἀπὸ
750 3511 850 3578 τῆς
882 3512 1152 3580 Εὐρώπης
1178 3515 1508 3584 συνέμισγον
1539 3519 1628 3569 καὶ
1655 3518 1790 3584 ἐμάς

221 3619 401 3669 χοντο.
435 3603 568 3654 Μετ’
597 3602 657 3653 ού
691 3602 826 3654 πολὺ
863 3602 918 3655 δὲ
959 3604 1229 3671 ἐτράπετο
1279 3606 1386 3658 ἀπὸ
1441 3609 1540 3677 τῆς
1606 3609 1790 3670 Ἀσίας

221 3693 565 3760 στράτευμα,
600 3693 692 3745 καὶ
716 3693 943 3763 ὥρμητο
993 3696 1047 3757 ἐς
1079 3698 1280 3765 φυγήν.
1334 3699 1628 3768 Μεχμέτης
1694 3701 1791 3768 μὲν

218 3785 632 3854 δὴὸΧορδίνης
658 3787 748 3838 ἐπὶ
825 3786 984 3856 Ἀλὴν
1038 3788 1083 3819 ⁵⁸
1144 3787 1464 3858 ῐΙαιαζήτεω
1517 3793 1678 3843 παῖδα
1738 3794 1794 3854 ἐς

220 3875 518 3936 Βυζάντιον
536 3877 828 3940 διεσώζετο
845 3879 1024 3931 καὶτὰ
1049 3879 1433 3949 στρατεύματα
1450 3883 1791 3946 διεσώζοντο.

231 3971 521 4023 Ἐντεῦθεν
552 3967 707 4034 αὖθις
732 3973 825 4026 ἐπὶ
854 3974 951 4042 τὴν
1017 3973 1203 4026 Ἀσίαν
1239 3974 1502 4029 διαϐάντα
1552 3978 1796 4049 ἐπερρώ-

219 4062 386 4112 νυντό
418 4078 476 4112 τε
508 4061 598 4126 αὖ,
644 4063 739 4114 καὶ
792 4062 1231 4130 ἀνελαμϐάνοντο
1289 4068 1449 4133 σφᾶς,
1504 4068 1580 4131 ὡς
1642 4069 1793 4129 αὖθις

219 4155 498 4219 ἐπιόντες,
531 4155 623 4208 καὶ
675 4156 1123 4225 άναμαχούμενοι
1161 4159 1238 4228 τῷ
1287 4162 1478 4213 Μωσετ
1528 4163 1794 4232 περὶτῶν

217 4245 404 4297 ἄλλων
429 4246 796 4314 πραγμάτων.
831 4247 1038 4316 Χρόνου
1070 4248 1126 4301 δέ
1149 4251 1206 4300 ού
1239 4251 1437 4302 πολλοῦ
1472 4253 1793 4317 διελθόντος,

220 4338 560 4407 συναγείρας
622 4337 682 4390 τὸ
728 4337 830 4404 τῆς
893 4337 1081 4400 Ἀσίας
1139 4339 1487 4408 στράτευμα,
1541 4342 1797 4414 διεπορθ-

222 4433 430 4499 μεύετο
455 4429 558 4482 ὑπὸ
580 4428 691 4482 τῶν
727 4427 1000 4498 Ἐλλήνων
1027 4429 1083 4489 ἐς
1107 4430 1205 4496 τὴν
1229 4431 1522 4500 Εὐρώπην.
1578 4434 1665 4496 Ἐς
1703 4436 1799 4503 μὲν

1895 3229 2226 3298 ordinesque
2270 3230 2605 3298 explicabat,
2657 3239 2713 3283 ct
2764 3230 3035 3285 instructo
3089 3232 3306 3300 agmine
3356 3230 3463 3285 Me-

1895 3321 2140 3374 chuietes
2173 3329 2364 3374 contra
2417 3319 2641 3374 fratrem
2685 3321 2815 3374 ibat.
2847 3321 2983 3375 Cum
3028 3331 3210 3376 autem
3247 3322 3299 3375 in
3332 3337 3467 3376 con-

1897 3421 2141 3480 spcctum
2201 3411 2440 3467 venisset
2489 3422 2719 3482 uterque
2769 3414 3067 3474 exercitus.
3122 3414 3208 3468 hic
3246 3414 3463 3482 quidem

1896 3520 1994 3574 ριιι·
2021 3505 2206 3560 Asiam
2235 3506 2339 3559 iter
2367 3506 2620 3569 metiens,
2651 3508 2788 3559 alter
2809 3522 2872 3560 ex
2903 3505 3118 3576 Europa
3142 3508 3465 3569 adveniens,

1896 3596 2114 3650 collatis
2151 3596 2321 3665 signis
2350 3597 2594 3665 praelium
2637 3596 2874 3650 inibant.
2911 3597 3202 3651 Exercitus
3231 3598 3466 3651 Asianus

1899 3689 2040 3742 haud
2072 3690 2164 3741 diu
2199 3690 2352 3742 stetit
2381 3729 2393 3752 ,
2427 3703 2614 3744 verum
2641 3699 2787 3758 terga
2810 3690 2970 3753 dans,
3001 3690 3244 3758 fugiebat
3276 3707 3289 3745 :
3326 3690 3468 3743 unde

1897 3788 1952 3834 et
1986 3779 2257 3834 Ileclimet
2292 3782 2467 3849 palam
2501 3796 2561 3835 se
2587 3783 2842 3850 proripit.
2869 3779 3082 3834 Fidium
3111 3795 3239 3834 vero
3257 3781 3467 3850 opifex,

1902 3871 2209 3925 instructor
2240 3881 2294 3924 ct
2325 3871 2588 3939 magister
2633 3871 2776 3939 eius,
2829 3870 3004 3924 Ilalim
3040 3870 3300 3940 Pajazitis
3328 3886 3468 3938 quo-

1899 3978 2005 4030 que
2051 3962 2220 4015 ﬁlium
2258 3962 2582 4032 Byzantium
2613 3962 2944 4016 incolumem
2995 3962 3338 4017 deduxerat:
3401 3965 3464 4015 ad

1901 4071 2061 4124 quem
2115 4054 2382 4109 Mechmet
2428 4055 2668 4123 fugiens,
2710 4055 2784 4108 ibi
2818 4069 3033 4124 quoque
3069 4072 3190 4109 cum
3220 4056 3469 4109 exercitu

1901 4150 1969 4203 ab
1997 4151 2142 4203 caede
2175 4156 2428 4203 servatus
2457 4157 2563 4202 est.
2600 4146 2741 4201 Hinc
2773 4149 3007 4215 receptis
3040 4147 3260 4212 animis,
3294 4148 3475 4202 denuo

1902 4240 1954 4292 in
1989 4240 2172 4293 Asiam
2206 4237 2320 4307 (96)
2358 4238 2614 4307 trajicere
2652 4238 2976 4302 decernunt,
3029 4239 3319 4307 pugnaturi
3348 4253 3471 4292 cum

1905 4332 2051 4385 Mose
2086 4339 2310 4400 pr0pter
2340 4330 2475 4384 alias
2509 4344 2616 4384 res.
2654 4329 2763 4384 Nec
2809 4331 2983 4383 multo
3025 4339 3273 4400 tempore
3304 4329 3474 4383 inter-

1898 4425 2067 4493 jecto,
2099 4423 2479 4490 conscriptum
2521 4422 2787 4476 Asianum
2836 4424 3140 4476 exercitum
3192 4421 3366 4476 (ΙΙ-ποί
3421 4425 3470 4475 in

217 4524 322 4580 οὖν
344 4526 444 4596 τὴν
482 4525 670 4576 Ἀσίαν
693 4523 944 4590 διαϐῆναι
971 4522 1060 4575 τὸν
1082 4525 1289 4576 Μωσέα
1338 4525 1632 4578 διεκώλυον
1673 4529 1795 4581 Ἔλ-

1908 4517 2181 4584 Europam
2215 4514 2696 4583 transportabant.
2730 4513 2933 4568 Mosem
2977 4515 3030 4567 in
3069 4514 3254 4568 Asiam
3287 4522 3470 4567 trans-

219 4625 416 4688 ληνες,
446 4619 569 4672 ἐπεὶ
597 4616 936 4685 ἐπεκράτουν
969 4614 1068 4685 τὴν
1097 4616 1194 4684 τῆς
1225 4616 1498 4687 θαλάττης
1524 4618 1794 4681 διάϐασιν,

218 4713 436 4766 καὶτὸν
462 4727 520 4761 τε
563 4708 961 4776 Ἑλλήσποντον
992 4707 1316 4775 ἐπετήρουν,
1345 4708 1522 4761 καὶτὸ
1563 4710 1620 4762 ἐν
1661 4713 1799 4780 Προ·

219 4805 440 4858 ποντίδι
467 4801 634 4872 ἱερόν.
664 4801 959 4869 Μεχμέτης
985 4800 1084 4867 μὲν
1108 4797 1226 4864 οὖν,
1269 4801 1344 4863 ὡς
1375 4802 1433 4863 ἐς
1476 4803 1574 4870 τὴν
1615 4802 1801 4856 Ἀσίαν

219 4896 385 4965 διέϐη
417 4896 566 4962 αὐτῷ
591 4894 658 4946 τὰ
687 4892 1099 4964 στρατεύματα,
1139 4892 1248 4944 ἵετο
1294 4893 1424 4945 εὐθὺ
1460 4892 1805 4962 Τριϐαλλῶν,

218 4994 304 5052 ὼς
337 4991 439 5058 τὴν
462 4990 694 5056 δύναμιν
731 4989 942 5040 ἐκείνου
987 4988 1455 5056 προσληψόμενος,
1505 4987 1804 5058 ἀξιόχρεων

218 5083 422 5136 οὖσαν.
457 5082 544 5142 Ὠς
567 5080 622 5133 δὲ
651 5079 910 5148 ἠπείγετο
937 5077 1204 5148 συμμίξαι
1233 5080 1456 5143 Μωσῆς,
1482 5080 1557 5141 ὡς
1585 5080 1804 5147 ἐγένετο

222 5179 288 5228 ἐν
321 5172 520 5226 Πανίου
553 5170 706 5240 χώρᾳ
739 5170 881 5223 οὕτω
909 5170 1217 5240 καλουμένῃ
1247 5172 1311 5238 τῇ
1345 5170 1484 5239 ὑπὲρ
1515 5171 1605 5222 τὸν
1629 5166 1800 5238 Αἷμον

223 5265 414 5332 χώρᾳ,
446 5259 683 5314 ἐνταῦθα
706 5258 1112 5328 καταλαμϐάνει
1145 5259 1481 5326 ἐπίπροσθεν
1507 5260 1799 5326 γενόμενος

223 5355 324 5406 διὰ
348 5351 443 5404 τοῦ
478 5353 635 5422 ὅρους
665 5353 693 5403 ό
724 5351 926 5420 Μωσῆς
951 5350 1041 5403 τὸν
1072 5349 1324 5419 ἀδελφὸν,
1366 5350 1459 5405 καὶ
1487 5351 1563 5413 ὡς
1607 5349 1803 5420 ᾔσθετο

1909 4613 2057 4679 gredi
2097 4610 2240 4665 haud
2275 4610 2532 4664 sinebant
2562 4608 2760 4671 Graeci,
2805 4608 2899 4677 qui
2934 4617 3340 4675 occupaverant
3371 4617 3480 4659 tra-

1906 4707 2140 4773 jectum.
2179 4703 2441 4756 Praesidio
2470 4703 2634 4755 etiam
2663 4700 2921 4755 tenebant
2955 4699 3393 4767 Hellespontum,
3429 4709 3481 4750 et

1890 4797 2179 4866 templum
2217 4794 2331 4863 (97)
2384 4794 2436 4847 in
2475 4793 2809 4862 Propontide
2860 4792 3049 4847 situm.
3105 4791 3476 4852 Mechmetes,

1913 4899 1972 4945 ut
2005 4889 2194 4956 copias
2242 4903 2371 4942 suas
2401 4887 2648 4942 traduxit
2681 4887 2736 4940 in
2785 4886 2969 4940 Asiam
3021 4885 3157 4955 (98),
3211 4895 3359 4939 recta
3414 4885 3481 4937 ad

1917 4956 2190 5036 Triballos
2240 4981 2346 5033 iter
2380 4980 2697 5046 maturavit,
2743 4986 2803 5033 ut
2838 4978 2965 5033 inde
2994 4978 3296 5032 exercitum
3326 4992 3474 5031 eom-

1913 5083 2151 5145 pararet,
2185 5088 2348 5142 quem
2387 5073 2642 5142 prazsenti
2673 5074 2889 5139 negotio
2924 5073 2979 5126 in
3019 5071 3210 5140 primis
3235 5085 3481 5125 commo.

1911 5169 2038 5222 dum
2074 5165 2378 5234 judicabat,
2415 5173 2470 5218 et
2502 5178 2627 5217 cum
2664 5164 2830 5220 fratre
2871 5164 3044 5233 praelii
3072 5166 3244 5219 aleam
3267 5162 3481 5230 experi-

1910 5269 2080 5313 retur.
2109 5257 2288 5312 Moses
2314 5257 2483 5324 praelii
2512 5256 2770 5326 cupidus,
2798 5257 2946 5311 venit
2969 5258 3022 5311 in
3056 5258 3329 5326 regionem
3357 5270 3478 5323 quu-

1910 5368 2072 5422 supra
2107 5349 2350 5404 Haemum
2381 5357 2490 5413 est,
2525 5346 2754 5402 Pauium
2791 5349 2995 5402 dictam
3032 5366 3044 5402 :
3077 5347 3131 5401 in
3176 5362 3307 5416 qua,
3350 5345 3482 5416 quia

1518 5469 1762 5532 Notulw
1785 5466 2184 5546 marginales.

310 5576 422 5639 (95)
444 5574 713 5639 Europam

313 5648 423 5711 (96)
467 5645 541 5698 Ex
579 5645 718 5698 Asia.

316 5790 355 5809 ο·
395 5786 560 5855 σςξτιῑι,
599 5798 642 5840 τι
683 5785 742 5838 ιι.
827 5787 866 5815 ’τι
900 5785 970 5838 ιιι.
1014 5785 1149 5852 xw.

1987 5568 2097 5628 (97;
2129 5566 2348 5620 Hieron.

1989 5640 2097 5707 (98)
2129 5639 2202 5691 lix
2237 5639 2383 5692 Αδιη.

1234 5783 1275 5813 σε
1309 5784 1486 5851 Ἀνῆνι
1520 5785 1576 5837 Η,
1625 5782 1826 5853 Ἀλίην,
1871 5783 1939 5834 af.
1987 5781 2146 5850 Αλῆν.
