4190 6434
209 383 308 448 185

1252 410 1350 469 DE
1389 411 1641 474 ΗΕΒυὸ
1679 417 2041 482 TURCICIS
2085 425 2237 488 LIB.
2284 428 2384 490 IV.

3333 429 3432 494 186

197 503 275 615 ’5ιῇ
307 504 555 615 ﬂigatsz
584 508 756 615 :hépa
781 513 987 569 ἄνωθεν
1015 519 1201 586 καθεὶς
1223 523 1281 575 τὸ
1302 526 1472 593 ξίφος.
1499 531 1760 600 Θεράπων

1870 550 2052 600 cutus.
2092 552 2149 596 ut
2185 544 2488 613 fugientem
2527 552 2608 599 est
2643 545 2922 613 indeptus,
2965 543 3144 612 gladio
3185 561 3310 600 eum
3339 563 3434 615 pe-

197 594 253 646 δέ
306 596 398 648 τοῦ
451 600 767 664 Χασάνεω,,
796 607 873 670 ὡς
915 610 1097 665 ἐπεῖδε
1156 616 1249 666 τὸν
1281 616 1551 690 δεσπότην
1579 594 1762 678 ἀὑτοῦ

199 689 582 756 ἀναιρεθέντα,
614 699 706 749 καὶ
735 699 811 759 ὡς
834 701 894 752 τὸ
929 703 1182 775 δεύτερον
1218 710 1421 778 Μωσῆς
1477 689 1758 770 ἐπανατει·

201 779 428 871 νόμενος
459 784 520 834 τὸ
550 784 704 854 ξίφος
737 793 949 846 παίσων
977 792 1155 861 αὖθις,
1187 801 1416 871 κατήρει
1439 806 1466 857 ὁ
1500 807 1766 862 Χασάνεω

199 869 477 970 θεραπων,
509 880 604 930 καὶ
633 880 732 951 τὴν
759 886 915 954 χεῖρα
944 869 1453 962 ἐπανατεινόμενος,
1488 900 1588 964 τὴν
1605 905 1766 970 χεῖρα

198 965 384 1060 ἀφεῖλε
421 971 498 1038 τῷ
525 971 692 1038 ξίφει.
735 977 793 1029 Ὀ
815 979 872 1031 δὲ
897 982 972 1044 ὡς
1012 983 1208 1050 ᾔσθετο
1239 991 1338 1057 τῆς
1389 993 1572 1060 χειρὸς
1597 965 1762 1047 αὐτοῦ

200 1058 494 1129 πεσούσης,
525 1064 724 1133 ἤλαυνε
756 1070 940 1136 μέντοι
988 1075 1080 1126 ἐπὶ
1115 1076 1177 1128 τὸ
1223 1058 1606 1147 στρατόπεδον.
1659 1086 1765 1138 Καὶ

195 1149 272 1210 ὠς
303 1150 530 1220 ᾔσθοντο
583 1159 746 1212 αὑτὸν
804 1158 878 1215 τὰ
920 1170 1308 1236 στρατεύματα
1355 1173 1761 1244 λελωϐημένον,

198 1244 503 1338 φεύγοντες
534 1248 740 1318 ᾤχοντο
779 1256 916 1324 πρὸς
957 1257 1047 1310 τὸν
1081 1260 1331 1329 ἀδελφόν.
1387 1264 1646 1320 Ἐνταῦθα
1699 1269 1763 1338 δὴ

193 1337 290 1387 καὶ
313 1339 478 1402 αὐτὸς
505 1343 658 1397 οὐδὲν
689 1347 923 1422 ἐπέχων,
977 1350 1163 1422 δρόμῳ
1219 1354 1391 1424 ᾤχετο
1421 1359 1640 1426 φεύγων
1672 1337 1763 1414 ἐπί.

193 1431 294 1499 τὴν
347 1435 553 1497 Δακίας
587 1436 792 1506 χώραν.
827 1442 1128 1513 Μεχμέτης
1158 1447 1257 1516 μὲν
1298 1444 1392 1502 οὖν
1423 1451 1642 1512 αὐτίκα.
1687 1453 1762 1516 ὡς

194 1525 265 1577 τὰ
291 1527 679 1596 στρατεύματα
736 1533 806 1584 ίει
873 1534 961 1586 ἐπ’
988 1537 1175 1604 αὑτὸν,
1221 1543 1314 1594 καὶ
1360 1542 1428 1595 τὰ
1462 1545 1764 1613 πράγματα

191 1618 343 1685 αὐτῷ
369 1621 613 1686 ἐγένετο,
678 1624 876 1678 αὐτίκα
905 1628 1084 1681 ἐδόκει
1117 1631 1208 1683 τὸν
1262 1633 1490 1701 ἀδελφὺν
1547 1638 1767 1691 ἐπιδιῶ-

191 1728 333 1763 κειν.
369 1714 478 1768 Καὶ
523 1715 804 1783 κάμνοντα
860 1720 1047 1786 αὑτὸν,
1089 1724 1184 1776 καὶ
1228 1725 1329 1777 σὺν
1363 1729 1429 1796 τῇ
1483 1730 1584 1798 μιᾷ
1617 1729 1762 1800 χειρὶ

189 1806 507 1870 ἐλαύνοντα,
566 1811 663 1862 καὶ
711 1812 767 1874 ἐς
817 1831 870 1864 τι
917 1813 1038 1874 ἕλος
1082 1815 1411 1883 ἐμϐαλόντα,
1446 1821 1762 1888 συλλαμϐά-

189 1917 364 1954 νουσι.
402 1903 512 1955 Καὶ
541 1904 771 1970 ἄγοντες
803 1907 955 1974 παρὰ
984 1908 1064 1977 τῷ
1091 1910 1323 1979 ἁδελςρῷ,
1383 1916 1763 1983 κατεχρήσατο

189 1996 392 2049 αὐτίκα
449 1998 652 2069 ἀγχόνῃ
701 2001 792 2052 τὸν
846 2001 1038 2070 λαιμὸν
1088 2003 1442 2073 βιασάμενος.
1494 2005 1760 2062 Ἐνταῦθα

186 2090 488 2160 Μεχμέτης
518 2095 545 2144 ὁ
589 2094 918 2163 Παιαζήτεω
947 2096 1046 2164 τὴν
1085 2096 1365 2166 βασιλείαν
1401 2099 1755 2168 παραλαϐὼν,

183 2185 316 2247 τούς
341 2201 399 2237 τε
444 2185 713 2252 Ἕλληνας
766 2189 1113 2256 ἐπιτηδείους
1139 2189 1302 2252 ὄντας
1332 2191 1502 2260 αὐτῷ,
1534 2189 1610 2260 τῷ
1628 2192 1758 2259 Τρι-

185 2277 401 2330 ϐαλλῶν
429 2281 660 2348 ἡγεμόνι
696 2279 880 2348 χώραν
912 2283 1246 2350 ἐδωρήσατο,
1283 2283 1478 2351 ἱκανὴν
1508 2286 1571 2352 τῇ
1600 2301 1757 2352 παρ-

183 2371 322 2438 οίκῳ
342 2371 530 2425 αὑτοῦ.
554 2373 706 2425 Μετὰ
726 2374 781 2424 δὲ
811 2375 986 2427 ταῦτα
1016 2376 1331 2444 στράτευμα
1360 2375 1408 2407 ⁷⁵
1437 2376 1758 2444 ἐπιπέμψας

183 2461 281 2513 ἐπὶ
307 2463 408 2530 τὴν
439 2463 638 2526 Δακέας
667 2462 877 2533 χώραν,
906 2467 1114 2534 ταύτην
1152 2484 1210 2518 τε
1236 2465 1416 2535 ἐδῄου.
1461 2467 1548 2528 Ἐς
1582 2466 1641 2518 ὃν
1690 2465 1758 2533 δὴ

185 2555 449 2621 πρέσϐεις
481 2555 702 2624 πέμψας
728 2557 756 2607 δ
792 2556 901 2609 τῶν
941 2559 1136 2610 Δακῶν
1161 2558 1406 2628 ἡγεμὼν,
1437 2560 1671 2620 σπονδάς
1692 2575 1754 2610 τε

185 2647 516 2714 ἐποιήσατο,
577 2648 663 2714 ἐφ’
695 2642 739 2713 ᾧ
778 2649 1015 2716 ἀπάγειν
1071 2650 1238 2719 φόρον
1290 2651 1472 2703 ὅντινα
1531 2651 1758 2713 ἐτάξατο

183 2736 338 2806 αὑτῷ
382 2739 677 2807 Μεχμέτης
751 2740 1036 2807 βασιλεύς.
1089 2742 1318 2812 Ἕλλησι
1372 2742 1554 2812 μέντοι
1604 2744 1756 2812 φιλία

179 2824 254 2896 ἦν
286 2828 439 2896 αὐτῷ
460 2828 546 2880 διὰ
586 2829 796 2892 τέλους.
833 2833 922 2883 Διὸ
954 2833 1051 2884 καὶ
1087 2833 1444 2902 Ἐμμανουὴλ
1475 2838 1502 2887 ό
1554 2835 1756 2897 Βυζανο

179 2921 301 2971 τίου
339 2921 594 2989 βασιλεὺς
627 2923 723 2974 ἐπὶ
749 2923 1161 2991 Πελοπόννησον
1187 2926 1540 2994 ἀφικόμενος.
1574 2928 1665 2978 τόν
1696 2945 1755 2979 τε

193 3013 413 3080 Ἰσθμὸν
465 3013 731 3082 ἐτείχισε,
783 3015 878 3068 καὶ
919 3016 1048 3079 τοὺς
1085 3018 1544 3085 Πελοποννησίους
1593 3019 1756 3070 αὑτοῦ

182 3104 722 3172 μεταπεμψάμενος.
758 3107 948 3176 ἐπειδὴ
981 3108 1214 3178 ἐτείχισε
1265 3109 1357 3160 τον
1418 3109 1648 3176 Ἰσθμόν.
1695 3109 1757 3163 Ὀ

1871 635 2051 698 remit,
2085 649 2114 688 e
2146 637 2398 704 supernis
2444 635 2608 690 ictum
2661 635 2926 691 inferens.
2967 635 3216 692 Minister
3250 647 3428 691 autem

1868 727 2153 792 Chnsanis.
2203 739 2261 783 ut
2302 731 2584 784 dominum
2618 746 2779 784 suum
2815 731 2954 783 vidit
2987 741 3263 795 necatum,
3286 731 3427 799 jam-

1867 838 1974 890 que
2020 823 2222 878 Mosem
2275 825 2475 877 iterum
2533 823 2731 876 librare
2776 823 2942 876 ictum
2998 825 3052 876 in
3093 824 3426 882 Chasancm,

1868 915 2116 969 Chasane
2144 917 2444 981 subtracto,
2468 917 2724 971 lihrantis
2751 917 2918 970 ictum
2952 933 3170 970 manum
3194 914 3430 970 abscidit

1867 1008 2069 1076 gladio.
2115 1008 2246 1073 Qui,
2306 1017 2363 1061 ut
2413 1010 2669 1077 cognovit
2727 1023 2947 1061 manmu
2983 1009 3084 1062 sibi
3120 1008 3428 1076 praecisam,

1867 1115 2098 1170 pr0pere
2131 1101 2184 1154 in
2229 1112 2408 1155 castra
2449 1102 2635 1155 rediit.
2685 1099 2752 1154 Ut
2788 1101 2991 1155 milites
3021 1099 3277 1153 viderunt
3305 1114 3429 1152 eum

1866 1209 1989 1246 esse
2027 1195 2356 1258 mutilatum,
2382 1194 2534 1248 ibant
2558 1195 2620 1247 ad
2645 1193 3020 1247 Mechmetem.
3042 1191 3220 1245 Moses
3249 1199 3430 1244 autem

1867 1285 2040 1350 copiis
2089 1286 2198 1354 jam
2251 1286 2508 1338 omnibus
2554 1285 2816 1347 nudatus,
2870 1298 2991 1336 cum
3042 1281 3177 1335 nihil
3216 1280 3432 1336 efﬁcere

1867 1384 2074 1444 posset,
2113 1377 2277 1430 celeri
2314 1375 2438 1444 fuga
2474 1376 2528 1428 in
2568 1375 2746 1430 Dacia:
2774 1373 3059 1441 regionem
3091 1373 3244 1427 abire
3277 1371 3433 1426 festi-

1866 1467 2054 1522 nabat.
2086 1464 2417 1522 Mechmetes
2451 1477 2632 1521 autem
2692 1467 2784 1519 ubi
2842 1466 3080 1534 primum
3139 1464 3205 1517 ad
3254 1463 3430 1531 ipsum

1865 1559 2146 1613 exercitus
2178 1559 2559 1620 convolaraut,
2595 1557 2874 1626 rebusque
2895 1556 3003 1622 jam
3029 1553 3236 1622 potitus
3261 1560 3430 1614 esset,

1867 1651 2062 1706 statuit
2109 1653 2371 1704 continuo
2429 1649 2652 1704 fratrem
2712 1647 2836 1710 fuga
2895 1646 2999 1702 sibi
3058 1645 3431 1698 consulentem

1865 1743 2144 1814 persequi.
2202 1741 2336 1794 Eum
2378 1743 2564 1810 itaque
2599 1756 2804 1808 aegrum
2842 1757 2948 1795 una
2999 1756 3162 1793 manu
3217 1737 3433 1808 fugien-

1866 1845 1996 1897 tem,
2058 1843 2111 1887 et
2165 1834 2218 1888 in
2268 1834 2497 1904 palustri
2548 1834 2660 1904 98
2706 1834 2825 1888 loco
2861 1849 2919 1888 se
2970 1834 3295 1887 condentem
3340 1832 3433 1882 de-

1866 1927 2296 1997 prehenderunt.
2351 1926 2760 1993 Deprehensum
2813 1926 3160 1981 adduxerunt
3210 1924 3276 1977 ad
3326 1924 3433 1976 fra-

1864 2029 2022 2080 trem,
2076 2020 2169 2088 qui
2225 2018 2372 2072 illico
2411 2034 2534 2074 eum
2573 2017 2809 2080 necavit,
2861 2027 3051 2087 guttur
3090 2016 3210 2086 ejus
3237 2015 3432 2084 laqueo

1862 2111 2145 2180 frangens.
2197 2111 2530 2165 Mechmetes
2577 2111 2746 2179 igitur
2775 2110 2851 2178 (2)
2889 2125 3012 2162 cum
3056 2107 3170 2176 jam
3201 2121 3428 2176 regnum

1862 2213 2011 2258 esset
2058 2212 2274 2265 nactus,
2331 2211 2385 2256 et
2436 2204 2501 2255 ad
2539 2202 2589 2256 id
2627 2201 2931 2270 parandqu
2975 2200 3081 2254 sibi
3132 2200 3185 2253 in
3240 2199 3431 2267 primis

1864 2290 2051 2343 utilem
2089 2291 2259 2344 fuisse
2289 2289 2607 2343 Graecorum
2657 2304 2876 2358 Operam
2920 2288 3290 2357 cognovisset,
3336 2302 3428 2340 re-

1860 2384 2076 2452 gionem
2110 2384 2343 2451 amplam
2377 2398 2490 2436 suae
2539 2382 2828 2436 finitimam
2882 2381 3251 2435 Triballorum
3301 2377 3427 2433 duci

1861 2477 2110 2532 donavit.
2137 2475 2335 2530 Postea
2369 2476 2713 2530 exercitibus
2735 2476 2943 2537 missis,
2975 2475 3192 2528 Daciam
3217 2484 3432 2527 evasta-

1860 2570 1973 2624 bat.
2015 2569 2093 2622 Ad
2124 2583 2286 2638 quem
2323 2584 2511 2638 pacem
2548 2571 2775 2638 petitum
2816 2569 3024 2636 legatos
3055 2567 3205 2620 misit
3251 2566 3431 2619 Daciae

1860 2663 2139 2731 princeps,
2173 2662 2506 2730 promittens
2537 2677 2597 2715 se
2648 2661 2915 2714 tributum
2951 2662 3064 2727 regi
3103 2675 3427 2729 pensurum,

1859 2763 2345 2823 quantumcunque
2403 2753 2751 2821 imperasset.
2827 2752 2937 2806 Pax
2992 2768 3056 2806 ea
3110 2752 3431 2805 conditione

1860 2848 1986 2900 data
2021 2856 2124 2902 est.
2164 2845 2300 2900 Cum
2333 2845 2540 2900 Graecis
2577 2845 2861 2900 Mechmeti
2897 2853 3157 2914 perpetua
3187 2844 3428 2898 amicitia

1859 2941 1980 2993 fuit.
2015 2939 2364 3008 Quapropter
2395 2938 2717 2991 Emmanuel
2760 2939 3004 3009 Byzantii
3054 2953 3149 2990 rex
3203 2951 3328 2990 eum
3373 2934 3427 2986 in

1858 3029 2296 3100 Peloponnesum
2358 3030 2617 3092 venisset,
2675 3030 2941 3084 Isthmum
2997 3043 3157 3082 muro
3211 3026 3429 3082 cinxit:

1860 3137 1910 3180 et
1951 3124 2403 3193 Peloponnesios,
2440 3123 2530 3176 ubi
2588 3124 2846 3176 Isthmum
2895 3135 3057 3173 muro
3107 3119 3424 3173 circumde-

175 3197 237 3249 δὲ
267 3195 486 3263 ’ἰσθμὸς
516 3191 671 3259 οὗτος
704 3197 997 3266 ξύμπασαν
1026 3199 1125 3265 τὴν
1149 3199 1584 3267 Πελοπόννησον,
1617 3198 1756 3251 ὣστε

1865 3218 2059 3280 disset,
2108 3214 2418 3269 accersivit.
2475 3212 2717 3268 Isthmus
2779 3211 3096 3265 universam
3157 3209 3430 3273 Pelopon-

177 3291 347 3357 νῆσος
396 3290 680 3355 γενέσθαι,
724 3290 958 3358 διείργει
985 3293 1039 3353 ἐς
1081 3291 1174 3343 δύο
1202 3292 1296 3344 καὶ
1347 3293 1756 3360 τεσσαράκοντα

176 3381 436 3442 σταδίους
462 3381 568 3433 ἀπὸ
600 3381 873 3448 θαλάττης
897 3383 978 3443 είς
1011 3381 1289 3436 θάλατταν
1326 3382 1602 3453 καθήκων,
1636 3383 1757 3435 καθ’

175 3475 243 3527 δν
278 3474 343 3542 δὴ
377 3475 555 3543 χῶρον
615 3476 709 3527 καὶ
765 3475 984 3544 Ἰσθμια
1045 3476 1282 3528 ἐτελεῖτο
1329 3479 1444 3538 τοῖς
1507 3477 1753 3543 Ἕλλησι.

176 3567 375 3632 Δτήκει
401 3565 456 3618 δέ
489 3565 597 3618 ἀπὸ
622 3565 892 3635 Κορίνθου
929 3566 1143 3628 πόλεως
1196 3568 1447 3629 σταδίους
1478 3569 1639 3620 πέντε
1667 3569 1759 3619 καὶ

175 3657 386 3710 εῐκοσι.
420 3657 624 3711 Τοῦτον
657 3659 746 3710 τὸν
778 3659 1019 3728 Ἰσθμὶν,
1054 3659 1374 3721 ἐλαύνοντος
1407 3659 1622 3729 Ξέρξεω
1665 3661 1758 3712 τοῦ

174 3750 418 3818 Δαρείου
471 3750 563 3801 ἐπὶ
594 3750 690 3812 τὰς
735 3751 988 3820 Ἀθήνας,
1023 3753 1366 3820 ἐτειχίσαντο
1419 3753 1760 3818 Πελοποννή-

173 3861 314 3906 σιοι,
342 3843 665 3895 διακωλύειν
691 3843 1030 3910 βουλόμενοι,
1073 3845 1146 3912 μὴ
1205 3844 1462 3913 παριέναι
1505 3845 1637 3896 εἵσω
1661 3845 1760 3912 τῆς

171 3937 604 4004 Πελοποννήσου
633 3936 725 3989 τὸν
759 3936 1058 4005 βάρϐαρον.
1109 3937 1264 3990 Μετὰ
1324 3937 1380 3988 δὲ
1416 3937 1590 3991 ταῦτα
1628 3938 1760 3990 Ἰου-

174 4030 512 4090 στινιανὸςὸ
552 4029 846 4098 Ῥωμαίων
882 4029 1139 4097 βασιλεὺς
1205 4030 1266 4081 τὸ
1319 4030 1571 4098 δεύτερον
1621 4031 1762 4083 ἐτεί-

169 4139 328 4189 χισε.
362 4116 734 4189 Ratio-510.7651
767 4121 840 4184 ὡς
873 4123 1124 4190 είρηνατα
1162 4122 1311 4190 αὐτῷ
1345 4124 1482 4192 πρὸς
1535 4123 1761 4191 Μεχμέ-

165 4234 280 4282 την
314 4215 409 4266 τὸν
465 4214 818 4281 Παιαζήτεω,
849 4217 906 4277 ἐς
943 4215 1356 4282 Πελοπόννησον
1391 4215 1758 4283 ἀφικόμενος,

169 4306 276 4358 τόν
309 4322 370 4356 τε
408 4305 635 4372 ἀδελφὸν
672 4303 839 4357 αὐτοῦ
882 4305 1118 4373 καθίστη
1150 4305 1243 4356 ἐπὶ
1290 4304 1390 4373 τὴν
1443 4305 1618 4374 ἀρχὴν
1663 4306 1762 4373 τῆς

169 4401 625 4467 Πελοποννήσου,
679 4398 774 4450 καὶ
838 4399 929 4450 τὸν
1002 4398 1217 4466 Ἰσθμὸν
1273 4399 1557 4467 ἐτείχισεν,
1620 4397 1761 4450 ὥστε

165 4491 336 4557 αὑτῷ
385 4491 604 4542 τελέσαι
655 4490 780 4552 τοὺς
843 4490 1312 4559 Πελοποννησίους
1382 4490 1476 4542 ἐπὶ
1524 4490 1622 4554 τὴν
1667 4490 1760 4541 τοῦ

1863 3321 2078 3368 nesum,
2119 3315 2177 3358 ut
2214 3305 2266 3358 in
2313 3305 2510 3358 insulae
2536 3302 2768 3356 formam
2793 3301 3095 3367 redigatur,
3126 3299 3430 3358 concludit,

1861 3398 2167 3452 extendens
2208 3411 2264 3450 se
2293 3411 2320 3449 a
2357 3395 2492 3448 mari
2534 3397 2584 3447 in
2620 3409 2793 3456 mare,
2833 3409 2943 3461 quo
2992 3393 3172 3460 spatio
3222 3389 3431 3458 colligit

1861 3486 2222 3554 quadraginta
2260 3484 2370 3538 duo
2402 3484 2601 3538 stadia.
2635 3482 2712 3536 Eo
2749 3482 2854 3536 loci
2896 3481 3122 3536 Isthmia
3155 3479 3432 3533 celebrare

1862 3577 2038 3632 Graeci
2076 3584 2503 3630 consueverunt.
2531 3573 2792 3627 Extendit
2820 3588 2879 3626 se
2907 3572 2974 3626 ab
3002 3573 3137 3625 urbe
3163 3570 3430 3625 Corintho

1863 3670 1929 3724 ad
1970 3669 2146 3722 stadia
2184 3666 2369 3737 viginti
2413 3665 2669 3734 quinque.
2721 3662 2986 3716 Isthmum
3039 3670 3216 3714 autem
3274 3673 3431 3712 acce-

1862 3764 2022 3817 dente
2045 3778 2166 3815 eum
2197 3760 2489 3814 hostilibus
2512 3757 2686 3826 copiis
2710 3755 2892 3810 Xerxe
2925 3755 3068 3807 Darii
3095 3755 3205 3807 filio
3235 3762 3431 3806 contra

1861 3853 2247 3913 Atheuienses,
2299 3864 2458 3902 muro
2508 3848 2781 3913 complexi
2841 3854 2969 3899 sunt
3024 3842 3430 3912 Peloponnesii,

1862 3960 2052 4000 arcere
2099 3943 2342 3997 volentes
2394 3941 2685 3995 barbarum
2745 3938 3110 4006 Peloponnesi
3177 3950 3430 3989 accessu.

1861 4037 2058 4092 Postea
2112 4035 2275 4090 etiam
2330 4032 2677 4087 Justinianus
2728 4030 3098 4084 Romanorum
3131 4028 3436 4095 imperator

1862 4145 2024 4185 muro
2078 4128 2514 4194 PeIOponuesum
2575 4124 2822 4177 inclusit.
2883 4119 3204 4173 Emmanuel
3264 4117 3439 4184 igitur

1864 4239 1988 4277 cum
2041 4238 2141 4291 pax
2195 4218 2600 4274 intercessisset
2645 4231 2768 4269 cum
2829 4212 3144 4266 Mcchmete
3177 4209 3436 4274 Pajazitis

1867 4315 1998 4379 ﬁlio,
2034 4313 2088 4365 iu
2119 4311 2558 4379 Peloponnesum
2611 4306 2862 4366 veniens,
2919 4303 3143 4355 fratrem
3174 4300 3440 4367 Pelopon-

1865 4421 1998 4459 neso
2045 4402 2294 4473 pratfecit
2325 4440 2340 4462 ,
2374 4400 2754 4466 Isthmumque
2813 4409 2973 4448 muro
3005 4392 3241 4445 firmavit
3275 4389 3439 4442 undi-

1865 4509 2105 4563 quaque,
2145 4502 2200 4547 et
2255 4490 2522 4543 tributum
2550 4487 2841 4556 imperavit
2869 4482 3302 4552 Peloponnesiis.
3331 4495 3440 4546 quo

167 4577 408 4646 Ἰσθμοῦ
446 4578 694 4648 φυλακὴν
729 4581 1006 4648 χρήματα.
1040 4579 1388 4647 Προηγόρευε
1428 4578 1527 4646 μὲν
1560 4574 1654 4631 οῦν
1706 4578 1760 4640 ἐς

1867 4581 2131 4634 Isthmum
2165 4575 2458 4632 defendere
2493 4585 2698 4644 posset.
2737 4573 3030 4641 Edixitque
3071 4580 3126 4623 ut
3161 4586 3353 4624 omnes
3385 4570 3438 4621 in

1868 4671 2082 4725 Isthmo
2115 4668 2478 4722 convenirent
2511 4686 2523 4721 :
2560 4667 2654 4736 qui
2691 4665 2877 4719 edicto
2911 4673 3185 4733 parentes,
3238 4675 3441 4716 convc-

163 4670 277 4722 τὸν
313 4669 534 4737 Ἰσθμὸν
561 4669 921 4736 συλλέγεσθαι
954 4686 968 4699 ·
1004 4672 1053 4721 οί
1079 4669 1133 4720 δὲ
1166 4668 1456 4732 ἐπύθοντο,
1509 4669 1603 4720 καλ.
1633 4669 1764 4720 συλ-

170 4763 504 4831 λεχθέντες,
544 4762 832 4831 ἐτείχιζον,
895 4761 1345 4830 συμϐαλ).όμενον
1386 4761 1616 4814 ἕκαστον
1671 4761 1768 4828 τὴν

166 4851 390 4908 ἑαυτοῦ
450 4853 704 4920 δύναμιν.
749 4852 901 4904 Ἐπεί
936 4869 994 4903 τε
1047 4850 1110 4919 δὴ
1150 4853 1203 4912 ἐς
1276 4850 1428 4913 τέλος
1486 4851 1656 4919 ἤγαγε
1711 4852 1770 4903 τὸ

163 4943 470 5010 τείχισμα,
538 4941 773 4993 ἐνταῦθα
840 4940 1211 5008 συλλαμϐάνει
1263 4941 1388 5000 τοὺς
1431 4941 1767 5010 Πελοποννη-

168 5035 319 5086 σίων
367 5032 673 5101 ᾶρχοντας’
742 5031 790 5083 οἳ
851 5032 1022 5084 πολὺν
1057 5033 1380 5098 κατέχοντες
1437 5032 1630 5100 χρόνον
1666 5030 1764 5097 τὴν

164 5128 398 5196 χώραν,
459 5124 614 5175 οὐδέν
659 5140 742 5175 τοι
800 5123 942 5174 πάνυ
975 5121 1260 5176 πείθεσθαι
1319 5123 1433 5182 τοῖς
1492 5122 1764 5189 Ἑλλήνων

162 5218 426 5286 ἡγεμόσι
462 5215 757 5283 βούλοιντο,
800 5216 828 5268 ὃ
859 5234 908 5268 τι
966 5215 1040 5284 μὴ
1101 5216 1285 5283 σφίσιν
1335 5216 1518 5276 αὐτοῖς
1572 5214 1762 5266 δοκοῦν

165 5313 306 5364 ἔστι
332 5328 384 5362 τι
416 5309 650 5375 ὠφελεῖν
681 5309 898 5369 αὐτούς.
934 5307 1069 5359 Τότε
1103 5307 1203 5376 μὲν
1231 5308 1294 5376 δὴ
1334 5305 1617 5359 συλλαϐὼν
1638 5305 1761 5358 τού-

165 5419 314 5465 τους
345 5399 635 5469 ἐκομίζετο
659 5400 752 5450 ἐπὶ
797 5398 1112 5462 Βυζάντιον,
1170 5399 1310 5467 ἔχων
1353 5399 1449 5451 καὶ
1487 5397 1612 5459 τοὺς
1664 5399 1764 5449 [ιε-

1870 4778 2022 4824 nere,
2061 4759 2491 4830 congregatique
2533 4773 2750 4811 murum
2781 4767 3125 4814 exstruxere,
3157 4768 3281 4808 cum
3319 4751 3443 4820 qui~

1870 4855 2001 4908 libet
2040 4867 2138 4922 pro
2171 4867 2230 4905 se
2269 4851 2464 4904 sedulo
2496 4864 2656 4903 suum
2701 4864 2839 4916 opus
2882 4855 3302 4914 exsequeretur.
3337 4841 3441 4895 Ubi

1875 4953 2054 4998 autem
2088 4944 2153 4997 ad
2187 4942 2346 4997 finem
2381 4941 2679 4995 deductum
2719 4948 2798 4992 est
2827 4937 3118 4991 aedificium
3155 4936 3307 4995 illud.
3343 4935 3443 4987 l‘c-

1873 5034 2157 5104 loponnesi
2194 5033 2359 5086 duces
2408 5033 2553 5099 capit
2588 5048 2600 5084 :
2647 5030 2737 5097 qui
2771 5031 2932 5097 longo
2965 5038 3206 5095 tempore
3256 5027 3441 5092 regio-

1871 5141 1994 5180 nem
2033 5133 2304 5188 tenentes,
2337 5138 2531 5191 parere
2565 5122 2892 5175 recusabant
2938 5119 3249 5173 Graecorum
3283 5118 3441 5170 duci-

1869 5215 1995 5277 bus,
2043 5215 2148 5267 nisi
2175 5213 2393 5279 quando
2417 5221 2472 5265 et
2502 5212 2749 5280 ipsorum
2778 5209 2852 5261 ibi
2886 5221 3104 5275 quoque
3134 5213 3443 5258 verteretur

1873 5306 2103 5360 utilitas.
2133 5305 2337 5374 Captos
2361 5318 2547 5358 secum
2573 5302 2899 5372 Byzantium
2932 5297 3188 5358 ducebat,
3221 5294 3440 5374 interim

1873 5396 2123 5466 diligenti
2175 5396 2424 5451 custodia
2471 5391 2900 5463 PeIOponnesios
2941 5387 3313 5445 circumdatis.
3342 5385 3444 5438 Ca-

1466 5536 1713 5598 Νυιυιω
1747 5534 2148 5613 marginales.

259 5665 336 5737 (3';
382 5663 570 5718 Nouus
596 5664 902 5717 Turcorutn
935 5676 1049 5715 rex.

261 5830 308 5860 "
355 5830 759 5899 στρατεύματα.
786 5829 868 5883 Sic
895 5832 1046 5884 etiam
1090 5829 1152 5882 li.
