4190 6434
744 391 840 452 137

1840 386 2161 450 LAONICI
2219 391 2651 453 CHALCUCUN
2664 392 2877 452 DYLJZ

3860 394 3959 454 183

734 515 858 573 μσς
891 496 1111 568 quidem
1162 497 1326 551 duces
1378 508 1561 549 secum
1609 496 1855 560 trahens,
1898 496 2086 551 abibat
2138 496 2295 551 Pelo-
2326 508 2368 558 Α
2398 499 2426 549 λ

2463 500 2784 567 ποννησὶους
2816 500 2874 550 ἐν
2903 498 3145 569 φυλακῇ.
3179 497 3418 561 Τούτους
3458 499 3558 567 μὶν
3597 498 3769 567 ᾤχετο
3788 500 3957 567 ἄγων.

738 608 1005 667 ponncso.
1038 590 1371 646 Mecbmetcs
1397 589 1487 643 ubi
1521 588 1589 642 ad
1630 604 1854 659 regnum
1879 600 2163 658 promotus
2186 599 2290 655 cst,

740 684 1078 740 succedente
1114 694 1359 751 tempore
1390 682 1793 751 expeditionem
1836 682 2071 750 sumpsit
2098 692 2291 736 contra

744 778 1023 831 l‘maelem
1065 773 1285 842 Sinope
1315 773 1635 842 principem.
1668 773 1891 827 Amicus
1940 774 2086 826 enim
2129 784 2181 826 et
2208 789 2297 828 so-

741 870 861 921 cius
891 866 992 921 fuit
1021 866 1217 931 Mosis,
1261 866 1421 935 cujus
1462 879 1628 932 opera
1658 864 1819 920 enixe
1861 863 2037 919 Moses
2075 864 2297 934 adjutus

742 971 822 1015 est
874 962 927 1014 in
980 960 1148 1024 bello,
1187 959 1330 1029 quod
1365 958 1535 1028 gessit
1589 973 1712 1013 cum
1766 957 1936 1012 fratre
1975 957 2296 1014 Mccltmete.

747 1054 961 1106 Mittens
1010 1055 1198 1123 itaque
1230 1051 1425 1107 lsmael
1472 1052 1707 1121 legatos,
1758 1051 1960 1119 quibus
1988 1051 2297 1114 mandarat,

746 1154 802 1197 ut
838 1146 1110 1208 dicerent,
1146 1160 1205 1199 se
1241 1153 1491 1214 paratum
1527 1158 1647 1197 csse
1674 1143 1799 1198 :eris
1840 1143 2087 1198 redditus
2110 1158 2301 1199 omnes

748 1237 1024 1292 tleehmeti
1083 1237 1304 1290 nomine
1370 1236 1560 1290 tributi
1624 1236 1927 1305 assignare.
1989 1235 2036 1290 si
2116 1251 2300 1290 secum

748 1341 933 1395 pacem
984 1325 1221 1380 fecisset.
1261 1326 1384 1379 Haec
1421 1326 1565 1379 enim
1617 1327 1766 1393 regio
1800 1324 1945 1378 Asia:
1987 1324 2126 1390 sola,
2158 1324 2304 1391 quod

749 1420 938 1486 sciam,
968 1436 1042 1473 ars
1076 1419 1305 1488 profert.
1339 1418 1475 1472 Cum
1516 1418 1685 1487 igitur
1731 1418 1855 1472 aeris
1898 1417 2147 1471 redditus
2192 1426 2305 1469 tra-

748 1512 973 1565 didisset
1004 1510 1116 1580 99
1148 1509 1456 1574 Mechmeti,
1488 1509 1689 1563 bellum
1726 1525 1862 1580 pace
1910 1516 2305 1563 commutatum

748 1611 851 1655 est.
915 1600 1159 1655 Tandem
1216 1601 1493 1655 discordia
1548 1601 1691 1654 inter
1745 1601 1921 1669 ipsum
1974 1607 2029 1652 et
2073 1597 2306 1651 Venetos

750 1696 985 1758 exarsit,
1016 1709 1119 1760 qua
1167 1695 1439 1763 impulsus
1470 1694 1569 1763 (5),
1606 1691 1832 1746 Venetis
1862 1690 2061 1745 bellum
2091 1690 2305 1753 indicit,

753 1795 979 1855 propter
1009 1786 1291 1853 regionem
1317 1800 1437 1853 qua
1468 1784 1681 1838 Ionium
1714 1790 1929 1851 spectat
1959 1797 1972 1833 :
2004 1781 2093 1836 cui
2127 1781 2310 1835 missis

2397 590 2695 659 Μεχμέτης
2724 591 2782 644 δὲ
2840 592 2917 654 ὡς
2963 591 3269 652 ἐσασῦιευε,
3323 592 3518 661 χρόνου
3552 592 3955 661 ἐπιγινομένου,

2398 680 2758 751 ἐστρατεύετο
2788 683 2883 735 ἐπὶ
2916 682 3009 735 τὸν
3039 681 3345 752 Ἰσμαήλην
3402 683 3653 752 Σινώπης
3691 685 3958 753 ἡγεμόνα,

2396 776 2480 826 ὅτι
2512 774 2590 841 τῷ
2619 773 2813 827 Μωσεῖ
2841 774 2995 841 φίλος
3027 791 3088 826 τε
3143 774 3321 827 ἐδόκει
3355 776 3450 826 καὶ
3511 773 3833 843 ἐπιτήδειος.
3885 775 3959 837 ὡς

2400 867 2780 934 συμϐαλέσθαι
2812 869 2868 929 ἐς
2892 867 2986 921 τὸν
3018 866 3143 920 καθ’
3186 868 3384 919 ἑαυτὸν
3413 867 3461 899 ’⁸
3492 866 3760 933 πόλεμον·
3794 882 3963 936 πρεσ-

2400 959 2556 1013 ϐείαν
2586 960 2645 1011 δέ
2676 957 2919 1027 πέμψας,
2950 959 3047 1010 καὶ
3072 958 3380 1024 ταξάμενος
3396 956 3634 1023 ἀπάγειν
3661 956 3846 1026 φόρον,
3868 957 3963 1026 τὴν

2399 1051 2495 1104 τοῦ
2524 1050 2725 1120 χαλκοῦ
2762 1050 3062 1119 πρόσοδον·
3123 1050 3274 1103 δοκεῖ
3323 1050 3432 1118 γὰρ
3465 1048 3625 1101 τοῦτο
3654 1050 3717 1100 τὸ
3766 1048 3963 1118 χωρίον

2403 1142 2515 1196 τῶν
2540 1144 2686 1195 κατὰ
2718 1143 2819 1208 τὴν
2854 1141 3042 1196 Ἀσίαν
3071 1141 3262 1211 φέρειν
3298 1142 3478 1209 μόνον,
3514 1136 3588 1193 ὧν
3620 1140 3781 1208 ἡμεῖς
3808 1138 3966 1206 ἴσμεν

2401 1237 2493 1287 τὸν
2520 1236 2744 1305 χαλκόν.
2772 1234 2981 1288 Τούτου
3027 1234 3084 1286 δέ
3138 1233 3235 1301 τὴν
3280 1232 3547 1302 πρόσοδον
3584 1230 3861 1300 παραδοὺς
3891 1228 3968 1297 τῷ

2407 1325 2619 1395 βασιλεῖ
2648 1326 2934 1395 Μεχμέτῃ.
2962 1324 3195 1385 σπονδάς
3243 1340 3304 1375 τε
3360 1323 3679 1390 ἐποιήσατο.
3735 1322 3827 1372 καὶ
3869 1319 3962 1370 τὸν

2406 1418 2644 1485 πόλεμον
2706 1415 3070 1469 κατελύσατο.
3140 1416 3286 1485 Πρὸς
3312 1414 3496 1484 μέντοι
3515 1414 3642 1474 τοὺς
3673 1409 3972 1471 Οὑενετοὺς

2406 1507 2727 1576 διενεχθεὶς,
2792 1507 3129 1576 ἐπολέμησε,
3183 1506 3271 1558 διά
3321 1522 3380 1557 τε
3433 1506 3533 1574 τὴν
3596 1504 3735 1572 πρὸς
3788 1502 3974 1555 Ἰόνιον

2408 1597 2594 1667 χώραν
2640 1597 2751 1650 τῶν
2805 1597 3107 1662 Ούενετῶν,
3160 1598 3217 1660 ἐς
3290 1597 3359 1666 ἦν
3421 1594 3741 1665 ἐπιπέμψας
3810 1610 3977 1661 στρα-

2410 1688 2677 1755 τεύματα,
2725 1688 2901 1759 ἐδῄου.
2943 1687 3116 1740 Ἔνθα
3155 1687 3221 1757 δὴ
3266 1686 3867 1756 διαπρεσϐευσάμενοι,
3898 1683 3977 1744 ὡς

2412 1781 2566 1833 οὐδὲν
2601 1779 2835 1850 εὕραντο
2859 1781 3190 1845 ἐπιτήδειον,
3222 1780 3527 1847 ἐπολέμουν
3559 1777 3731 1841 αὐτῷ.

755 1875 1090 1932 exercitibus
1122 1875 1430 1930 vastitatem
1456 1872 1750 1927 maximam
1778 1872 2091 1927 inducebat.
2114 1870 2305 1925 Veneti
2348 1870 2546 1942 legatis
2580 1872 2793 1933 missis,
2828 1878 2884 1923 ut
2918 1869 3056 1924 nibil
3122 1870 3263 1940 aequi
3302 1871 3599 1938 impetrare
3660 1876 3982 1938 potuerunt,

756 1973 965 2028 animos
1013 1986 1230 2041 quoque
1274 1971 1330 2026 in
1377 1970 1426 2024 id
1461 1970 1658 2023 bellum
1706 1981 1919 2051 summa
1952 1967 2002 2019 vi
2053 1964 2427 2021 intenderunt.

828 2065 1063 2132 Apparet
1086 2069 1299 2131 gentem
1335 2062 1492 2113 istam
1530 2056 1820 2113 admodum
1851 2072 1973 2112 esse
2032 2065 2323 2122 vetustam,
2357 2064 2399 2119 Β

2498 2062 2657 2112 Δοκεῖ
2691 2059 2747 2111 δέ
2800 2056 2961 2110 τοῦτο
3000 2058 3061 2110 τδ
3098 2057 3255 2125 γένος
3309 2056 3541 2109 παλαιόν
3600 2073 3657 2108 τε
3708 2054 3987 2121 γενέσθαι,

765 2166 816 2209 ct
842 2155 1050 2209 nobiles
1076 2152 1235 2206 Iones
1265 2150 1584 2205 fortitudine
1604 2157 1657 2204 et
1690 2164 1954 2219 generoso
1983 2149 2180 2219 spiritu
2203 2148 2325 2202 Ion-

762 2263 828 2317 go
850 2246 1131 2300 intervallo
1166 2254 1288 2311 post
1334 2258 1393 2298 se
1422 2242 1739 2311 reliquisse.
1805 2240 2195 2296 llabitaverunt
2224 2258 2325 2295 an-

764 2338 989 2407 tiquitus
1017 2337 1287 2405 regionem
1352 2345 1658 2401 vergentem
1715 2333 1779 2385 ad
1846 2330 2326 2392 sinumlouicum,

766 2438 820 2483 et
861 2430 927 2482 ab
954 2429 1166 2497 Illytit‘o
1198 2430 1249 2479 in
1284 2426 1488 2480 Italiam
1526 2431 1928 2478 excurrentem.
1988 2424 2209 2491 Antiqui
2233 2438 2329 2478 eos

767 2520 962 2575 Enetos
988 2517 1371 2587 nuncupabant
1397 2517 1759 2584 :postmodum
1794 2512 1987 2567 Veneti
2012 2513 2143 2566 dicti
2176 2520 2326 2566 sunt.

768 2610 1006 2664 Profecti
1062 2618 1239 2662 autem
1278 2622 1341 2659 ex
1381 2606 1710 2670 continenti,
1772 2604 1967 2674 partim
2028 2603 2327 2669 voluntate,

769 2702 964 2769 partim
995 2700 1318 2754 necessitate
1348 2699 1583 2760 subacti,
1622 2706 1679 2749 ut
1700 2712 1927 2765 quorum
1956 2698 2103 2764 regio
2127 2705 2330 2749 vastata

769 2802 915 2847 esset
939 2792 1006 2844 ab
1046 2790 1209 2844 Attila
1240 2805 1386 2858 rege,
1438 2798 1495 2842 ut
1524 2788 1577 2841 in
1610 2789 1813 2856 majore
1830 2788 2122 2841 securitate
2151 2798 2335 2841 essent

774 2887 824 2938 in
858 2893 1157 2953 posterum,
1194 2882 1427 2935 insulam
1458 2879 1747 2950 quamdam
1830 2893 2049 2947 parvam
2083 2888 2138 2931 et
2190 2880 2337 2948 palu-

774 2985 962 3037 strem,
997 2974 1289 3026 distantem
1325 2972 1391 3024 ab
1419 2972 1733 3025 continente
1774 2970 2085 3038 quindecim
2119 2970 2334 3035 stadiis,

774 3066 1020 3119 aedificiis
1059 3078 1327 3131 occupare
1382 3072 1711 3116 statuerunt.
1767 3060 1982 3113 Initium
2035 3061 2336 3114 aedificandi

776 3157 976 3210 factum
999 3166 1079 3210 est
1101 3172 1126 3207 a
1152 3157 1339 3225 paucis
1357 3152 1577 3207 Venetis
1601 3157 1651 3207 in
1677 3170 1841 3206 unum
1862 3154 2121 3207 collectis.
2141 3152 2341 3206 Deinde

776 3263 1053 3303 accessere
1090 3262 1303 3314 quoque
1337 3245 1548 3298 finitimi
1578 3246 1903 3308 continenti,
1933 3244 2086 3298 bellis
2108 3245 2342 3313 graviter

783 3340 1041 3391 divexati.
1082 3336 1225 3390 Urbs
1263 3346 1441 3387 autem
1479 3335 1569 3387 illa
1606 3349 1778 3402 usque
1813 3334 2209 3386 incrementum
2247 3348 2342 3385 su—

2427 2154 2519 2207 καὶ
2560 2153 2670 2205 τῶν
2733 2152 2874 2204 κατὰ
2925 2152 3018 2203 τὸν
3076 2150 3265 2204 Ἰόνιον
3310 2150 3546 2217 εὐγενῶν
3597 2148 3886 2213 κράτιστόν
3930 2164 3991 2198 τε

2429 2240 2570 2299 εἶναι
2620 2245 2716 2296 καὶ
2752 2244 3159 2312 γενναιότατον.
3204 2243 3404 2313 ’ῼκουν
3431 2241 3486 2294 δὲ
3515 2242 3575 2294 τὸ
3631 2241 3852 2311 πρῶτον
3884 2242 3993 2310 χώ-

2430 2354 2532 2406 ραν
2551 2336 2652 2407 τὴν
2684 2336 2817 2406 πρὸς
2852 2335 2928 2405 τῷ
2974 2336 3129 2405 μυχῷ
3165 2335 3259 2387 τοῦ
3331 2335 3537 2397 Ἰονὶου,
3572 2334 3680 2386 ἀπὸ
3718 2332 3993 2401 Ἰλλυριῶν

2435 2429 2787 2496 καθήκουσαν
2814 2430 2908 2480 ἐπὶ
2947 2427 3181 2480 Ἰταλίαν
3212 2428 3307 2479 καὶ
3338 2426 3543 2477 Ἐνετοὶ
3572 2426 3670 2493 μέν
3698 2424 3997 2477 τοπαλαιδν

2432 2518 2816 2589 ὠνομάζοντοο
2846 2522 2987 2584 μετὰ
3014 2519 3072 2571 δὲ
3120 2518 3298 2571 ταῦτα
3345 2516 3607 2570 Οὑενετοὶ
3660 2514 3995 2583 ἐκλήθησαν.

2442 2609 2791 2680 Ὀρμώμενοι
2821 2609 2881 2663 δὲ
2935 2611 3045 2663 ἀπὺ
3072 2610 3170 2678 τῆς
3228 2608 3461 2677 ἠπείρου
3494 2608 3565 2661 τὰ
3610 2607 3706 2674 μὶν
3737 2605 4001 2673 προαιρέ-

2436 2720 2543 2767 σει,
2585 2703 2655 2754 τὰ
2689 2703 2746 2754 δὲ
2789 2701 2884 2755 καὶ
2921 2702 3161 2773 ἀνάγκῃ,
3191 2701 3499 2771 δῃουμένης
3546 2700 3644 2764 τῆς
3687 2699 3869 2766 χώρας
3901 2697 4001 2749 αὑ⁶

2434 2795 2567 2858 τῶν,
2598 2793 2741 2847 ὥστε
2766 2798 2824 2848 ἐν
2856 2794 3094 2862 ἀσφαλεῖ
3125 2793 3331 2863 μᾶλλον
3357 2792 3649 2852 οἰκεῖσθαι,
3709 2790 3802 2840 ἐπὶ
3832 2788 4004 2856 νῆσόν

2435 2905 2559 2940 τινα
2608 2888 2873 2957 βραχεῖαν
2905 2889 3000 2941 καὶ
3037 2886 3315 2955 τεναγώδη
3346 2885 3452 2938 ἀπὸ
3502 2884 3602 2951 τῆς
3648 2881 3881 2951 ἠπείρου
3948 2882 4005 2940 ἐς

2440 2982 2842 3034 πεντεκαίδεκα
2889 2981 3140 3042 σταδίους
3166 2978 3415 3049 ᾤκησαν.
3454 2975 3591 3029 Ἀπὸ
3656 2973 3894 3044 σμικροῦ
3948 2973 4005 3023 δέ

2440 3090 2587 3135 τινος
2618 3073 2959 3143 ὁρμώμενοι,
2998 3072 3410 3140 συλλεγομένων
3440 3072 3495 3129 ἐς
3527 3069 3723 3129 αὐτοὺς
3774 3066 3867 3119 καὶ
3894 3067 4010 3116 τῶν

2444 3164 2552 3215 ἀπὸ
2579 3163 2680 3229 τῆς
2711 3163 2947 3231 ἠπείρου
3010 3160 3324 3230 περιοίκων,
3353 3160 3460 3212 ὑπὸ
3486 3160 3593 3211 τῶν
3618 3156 3896 3225 πολεμίων
3927 3157 4012 3207 ὅτι

2447 3252 2680 3319 μάλιστα
2704 3250 3089 3318 κακουμένων,
3143 3250 3239 3302 καὶ
3279 3247 3726 3317 προσγινομένων
3760 3245 3849 3295 ἀεὶ
3899 3244 4014 3295 ἀπῦ

2446 3340 2544 3407 τῆς
2599 3341 2854 3410 ἠπείρου,
2892 3338 3105 3408 ᾠκίσθη
3154 3354 3214 3389 τε
3240 3336 3465 3407 όχῶρος
3503 3335 3679 3397 οὗτος,
3729 3336 3824 3386 καὶ
3862 3334 4015 3386 εὖνο-

789 3430 964 3484 mebat
988 3428 1231 3482 aediliciis
1257 3435 1309 3479 et
1332 3426 1567 3495 legibus,
1596 3441 1718 3479 eum
1754 3424 1951 3477 accolze
1981 3423 2196 3492 pluritui
2235 3439 2343 3476 non
2369 3407 2412 3463 ο

2461 3433 2596 3501 mon
2624 3407 2693 3495 ἰς
2727 3407 2866 3501 μέγα
2901 3407 3210 3497 δυνάμεως.
3262 3428 3485 3497 Ἐχώρει
3513 3428 3568 3480 δὲ
3597 3429 3629 3495 ἡ
3666 3427 3821 3487 πόλις
3848 3426 4015 3491 αῦτη,
4074 3408 4079 3413 “

785 3530 1064 3576 cessarent
1093 3536 1158 3573 eo
1194 3516 1489 3573 confluere.
1551 3517 1843 3572 Crescebat
1872 3516 2090 3585 quidem
2118 3531 2180 3569 ea
2208 3516 2345 3570 civi-

784 3625 869 3668 tas
893 3615 1088 3667 mirum
1136 3612 1188 3665 in
1246 3612 1463 3664 modum
1512 3610 1812 3677 disciplina:
1858 3608 2168 3673 sanctitate,
2220 3623 2344 3661 cum

794 3722 858 3760 eo
899 3716 1243 3760 acturrerent
1283 3703 1501 3773 pluritui
1532 3703 1689 3756 bonis
1719 3702 1928 3771 legibus
1975 3700 2227 3764 enutriti,
2295 3710 2348 3754 et

789 3798 1002 3866 plurimi
1031 3798 1265 3849 virorum
1290 3793 1624 3849 continentis
1647 3794 1883 3847 illustres
1922 3808 1986 3845 eo
2012 3791 2347 3845 atlvolarcnt.

795 3891 1054 3943 Praeterea
1098 3890 1140 3943 si
1173 3889 1295 3956 quis
1317 3887 1490 3957 Patria
1526 3885 1865 3954 fortunisque
1886 3884 2140 3937 omnibus
2162 3885 2351 3952 pulsus

790 3980 838 4030 vi
857 3978 1036 4031 hostili
1052 3987 1187 4037 erat,
1209 3976 1315 4029 huc
1335 3989 1554 4044 gressus
1577 3974 1862 4043 dirigebat.
1891 3972 2028 4028 Urbs
2047 3975 2155 4042 illa,
2178 3976 2353 4031 incre-

794 4070 1115 4124 dibiledicttt
1158 4076 1261 4127 est,
1302 4082 1462 4135 quam
1484 4066 1632 4120 brevi
1655 4066 2087 4135 Opibusct'evct'it
2107 4076 2161 4120 et
2183 4067 2349 4121 disci-

798 4163 965 4229 plina.
986 4161 1141 4216 Multi
1162 4160 1332 4213 Graeci
1352 4168 1404 4211 et
1426 4158 1677 4220 Romani,
1698 4174 1907 4211 necnon
1929 4160 2018 4213 alii
2042 4160 2140 4212 viri
2159 4160 2352 4213 claris-

799 4254 937 4307 simo
954 4240 1365 4320 genere-exorti,
1388 4250 1439 4302 in
1460 4249 1630 4318 patria
1651 4250 1734 4303 usi
1755 4249 1895 4303 baud
1920 4253 2053 4305 satis
2097 4235 2359 4321 prosperat

796 4343 1035 4405 fortuna,
1087 4350 1182 4394 aut
1228 4358 1254 4393 a
1302 4341 1511 4393 civibus
1537 4341 1699 4408 pulsi,
1725 4350 1817 4394 aut
1868 4345 1935 4395 ab
1959 4343 2209 4398 ItoStibns
2231 4361 2359 4399 exa-

794 4437 890 4499 cti,
924 4436 976 4487 in
1004 4435 1142 4487 banc
1169 4433 1355 4487 urbem
1391 4433 1882 4501 congregabantur,
1908 4432 1999 4487 filii
2032 4435 2359 4490 exsistentes

800 4526 1041 4577 virorum
1072 4523 1390 4589 illustrium,
1444 4524 1538 4590 qui
1588 4523 1849 4592 regebant
1887 4524 2162 4592 regionem
2215 4526 2358 4580 haud

804 4614 1206 4685 infrugiferam.
1240 4614 1302 4667 lli
1326 4614 1543 4684 quidem
1582 4615 1774 4682 partim
1802 4615 1854 4667 in
1888 4612 2090 4667 loniam
2120 4623 2172 4668 et
2211 4615 2360 4670 Cra:-

2446 3522 2858 3591 εύνομουμένων
2883 3540 2942 3575 τε
2970 3522 3078 3576 τῶν
3114 3521 3174 3583 ἐς
3232 3519 3406 3586 αὐτὴν
3440 3517 3880 3585 συνεληλυθότων
3908 3514 4019 3568 ἀπό

2447 3633 2504 3668 τε
2541 3614 2643 3683 τῆς
2690 3614 2924 3683 ἠπείρου
2978 3613 3268 3681 ἐπισήμων
3299 3610 3534 3678 ἀνδρῶν,
3567 3609 3619 3659 εἴ
3648 3625 3771 3659 τινα
3815 3608 3921 3675 τήν
3960 3624 4018 3659 τε

2451 3707 2636 3775 χώραν
2698 3706 3024 3774 ἀφελόμενοι
3081 3704 3131 3755 οἱ
3197 3702 3449 3769 πολέμιοι
3516 3699 3885 3760 ἑπιδιώκοιεν,
3932 3699 4020 3748 ἐν-

2448 3795 2624 3848 ταῦθα
2653 3798 2946 3863 γεν·2μενος
2974 3794 3129 3863 ᾤκει.
3167 3793 3424 3860 Μεγάλης
3470 3792 3527 3842 δὲ
3571 3790 3671 3858 τῆς
3718 3790 3929 3847 πόλεως
3965 3790 4025 3839 ἐν

2455 3888 2647 3958 βραχεῖ
2676 3888 3002 3955 γενομένης,
3045 3884 3232 3938 πολλοί
3261 3902 3321 3937 τε
3356 3882 3626 3950 Ἑλλήνων
3654 3898 3713 3935 τε
3754 3881 3847 3933 καὶ
3886 3879 4025 3932 Ῥωο

2458 3978 2657 4048 μαίων,
2685 3978 2780 4031 καὶ
2807 3977 2983 4031 ἄλλων
3014 3976 3225 4045 συχνῶν
3255 3975 3432 4043 γενῶν
3461 3974 3674 4040 ἄνδρες,
3712 3973 3905 4039 γένους
3940 3972 4026 4023 όν-

2454 4090 2544 4136 τες
2578 4070 2939 4142 περιφανοῦς,
2969 4072 3035 4139 ἦν
3061 4088 3145 4133 τις
3174 4073 3233 4122 ἐν
3254 4072 3329 4138 τῇ
3363 4067 3584 4134 πατρίδι
3632 4064 3799 4118 αὐτοῦ
3840 4069 3917 4134 μὴ
3964 4061 4025 4116 εὖ

2457 4166 2698 4233 φέροιτο,
2734 4164 2841 4215 εἴτε
2873 4162 2981 4214 ὑπὸ
3027 4162 3137 4215 τῶν
3171 4158 3614 4214 ἀντιστασιωτῶν
3675 4157 4029 4223 διωκόμενοι,

2458 4258 2568 4309 εἴτε
2602 4256 2709 4309 ὑπὸ
2742 4256 2850 4308 τῶν
2892 4254 3177 4323 πολεμίων
3224 4251 3673 4318 ἐξελαυνόμενοι,
3730 4250 3787 4310 ἐς
3819 4249 4035 4315 ταύτην

2458 4348 2523 4418 δὴ
2547 4348 2645 4417 τὴν
2674 4348 2829 4400 πόλιν
2863 4346 3239 4412 συνελέγοντο,
3292 4344 3485 4413 ἄνδρες
3530 4341 3796 4410 ἐπίσημοί
3835 4359 3897 4394 τε
3934 4342 4033 4393 καὶ

2459 4438 2674 4506 ἁγαθοὶ,
2709 4438 2802 4490 καὶ
2831 4437 3019 4499 παῖδες
3048 4435 3261 4505 ἀνδρῶν
3289 4451 3347 4487 τε
3400 4434 3549 4497 ὄντες
3594 4433 3904 4501 ἐπίφανῶν,
3936 4436 4037 4484 καὶ
4074 4484 4083 4490 ,

2462 4530 2649 4600 χώρας
2688 4529 2971 4598 ἀρχόντων
3021 4527 3083 4579 οὐ
3136 4527 3370 4595 φαύλης.
3418 4524 3591 4577 Τοῦτο
3652 4524 3771 4594 μὲν.
3831 4526 3891 4586 ἐς
3931 4525 4038 4590 τὴν

2465 4622 2607 4676 κατὰ
2631 4622 2723 4673 τὸν
2774 4620 2961 4674 Ἰόνιον
2992 4618 3178 4689 χώραν
3205 4621 3298 4671 καὶ
3329 4618 3430 4686 τὴν
3473 4616 3723 4676 Ἐλλάδα.
3759 4617 3921 4669 τοῦτο
3949 4618 4061 4677 δὲ.-

805 4706 967 4768 ciam,
1006 4706 1198 4774 partim
1224 4719 1351 4757 vero
1371 4704 1422 4756 in
1442 4703 1649 4756 Italiam
1705 4704 1868 4770 pulsi,
1893 4705 1944 4756 in
1979 4703 2139 4757 istam
2160 4705 2355 4759 civita-
2394 4732 2427 4785 ι]

2467 4716 2561 4767 καὶ
2596 4715 2652 4775 ἐς
2685 4713 2786 4782 τὴν
2826 4712 3057 4765 Ἰταλίαν
3089 4712 3502 4779 ἐξελαυνόμενοι
3539 4711 3632 4763 καὶ
3658 4709 3897 4763 ἐνταῦθα
3912 4711 4043 4776 ἀφι-

805 4809 983 4851 tcmse
1009 4797 1356 4865 recipientes,
1392 4795 1641 4849 securius
1706 4794 2043 4849 habitabant.
2092 4795 2227 4850 Cum
2267 4813 2364 4851 au-

802 4898 909 4943 tem
946 4904 1008 4941 ea
1037 4887 1106 4940 sit
1129 4886 1259 4940 urbs
1286 4884 1594 4954 emporium
1619 4883 1851 4947 celebre,
1911 4884 2155 4938 animum
2213 4887 2362 4956 adje-

802 4992 927 5035 cere
953 4979 1017 5031 ad
1053 4985 1416 5031 mercaturam
1487 4976 1822 5030 necessario.
1874 4974 2013 5040 Quia
2075 4978 2362 5033 continen-

804 5084 910 5127 tem
941 5086 1044 5124 non
1074 5070 1367 5138 attingunt,
1401 5084 1500 5122 nec
1525 5082 1715 5122 eorum
1741 5064 2041 5131 fructuum,
2066 5062 2203 5137 quos
2233 5087 2365 5124 con-

807 5166 986 5217 tinens
1021 5163 1245 5232 profett,
1271 5161 1406 5230 ipsis
1430 5160 1584 5230 copia
1614 5159 1794 5212 futura
1829 5167 1965 5213 erat.
1992 5160 2223 5216 Proinde
2250 5180 2360 5218 nte-

810 5260 915 5310 rito
963 5264 1282 5309 mercaturas
1330 5266 1553 5322 operam
1609 5250 1900 5314 dederunt,
1944 5262 2001 5304 ut
2059 5255 2367 5309 necessaria

810 5348 944 5401 mari
970 5346 1423 5402 subveherentur.
1458 5347 1702 5413 Cumque
1735 5344 1967 5411 quilibet
2008 5345 2200 5400 scdulo
2232 5364 2374 5401 mer-

810 5443 966 5495 cibus
1014 5439 1387 5507 pcrmutandis
1422 5436 1784 5499 incumberet,
1812 5435 1961 5489 brevi
1993 5435 2369 5494 incredibilem

2468 4809 2713 4878 κόμενοι,
2741 4804 2920 4877 ᾤκουν
2958 4806 3023 4875 δὴ
3048 4805 3473 4874 ἀσφαλέστερον,
3529 4802 3793 4872 Ἐχούσης
3831 4802 3889 4854 δὲ
3936 4802 4041 4871 τῆς

2470 4900 2676 4961 πόλεως
2707 4899 3002 4967 ἐμπορίαν,
3033 4896 3115 4949 ὅτι
3143 4894 3382 4965 μάλιστα
3426 4894 3673 4964 ἀνάγκης
3708 4894 4041 4946 ἀποδεικνυ-

2475 4990 2645 5057 μένης
2678 4992 2733 5052 ἐς
2765 4988 2927 5041 τοῦτο
2960 4988 3022 5040 τὸ
3050 4987 3353 5056 τρέπεσθαι
3397 4985 3495 5039 ἕνα
3546 4984 3806 5045 ἕκαστον.
3854 4982 3939 5035 διὰ
3976 4984 4045 5033 τὸ

2475 5082 2703 5150 μηδαμῆ
2758 5083 2855 5150 τῆς
2914 5080 3145 5149 ἠπείρου
3198 5079 3325 5140 τοὺς
3380 5078 3638 5139 ἐποίκους
3684 5077 4044 5144 ἀντέχεσθαι,

2475 5172 2608 5241 μηδὲ
2639 5173 2739 5223 ὅσα
2765 5172 2922 5241 φέρει
2949 5172 2981 5240 ἡ
3007 5172 3261 5241 ἤπειρος,
3314 5158 3704 5239 ἐργαζομένων
3737 5166 3807 5218 τὰ
3856 5167 4051 5230 ἐπιτή-

2469 5267 2592 5319 δεια
2625 5269 2684 5328 ἐς
2734 5266 2834 5334 τὴν
2873 5266 3055 5330 πόλιν,
3106 5266 3370 5336 χρήματα
3411 5262 3624 5331 μεγάλα
3674 5260 4051 5330 ἐργασάμενοι

2476 5357 2584 5409 ἀπο
2615 5348 2828 5422 τουτου,
2862 5360 2963 5427 τήν
2992 5374 3053 5409 τε
3085 5357 3318 5424 δύναμιν
3346 5353 3616 5422 ἀξιόχρεω
3650 5350 4055 5404 ἀπεδείκνυντο

2481 5448 2792 5518 ἁπανταχῆ,
2823 5449 2918 5501 κοιλ⁵
2946 5447 3043 5517 τὴν
3076 5448 3234 5499 πόλιν
3275 5444 3505 5515 διῴκουν
3528 5444 3597 5507 ⁷⁸,
3629 5442 3950 5511 οἰκημάτων
3988 5456 4052 5491 τε

2085 5557 2333 5619 Notulae
2368 5562 2768 5638 marginales.

884 5664 959 5728 (ὃ)
987 5664 1142 5718 Anno
1173 5660 1324 5717 “08.

882 5789 925 5805 “
953 5787 1165 5839 tau-toﬁ.
1200 5785 1283 5838 Sic
1316 5788 1473 5837 ctiam
1513 5785 1571 5838 fi.
1652 5783 1695 5801 ’⁸⁸
1724 5783 1793 5836 ιμ’.
1826 5780 2103 5833 iambum.
