  <div class='ocr_page' id='page_1' title='image "/cluster/home/n/w/nwhite01/storage/ocr_20150623/159/nnc1.0046980628/102.png"; bbox 0 0 4190 6434; ppageno 0'>
   <div class='ocr_carea' id='block_1_1' title="bbox 206 420 305 481">
    <p class='ocr_par' dir='ltr' id='par_1_1' title="bbox 206 420 305 481">
     <span class='ocr_line' id='line_1_1' title="bbox 206 420 305 481; baseline 0.03 -2"><span class='ocrx_word' id='word_1_1' title='bbox 206 420 305 481; x_wconf 79' lang='grc'><strong>189</strong></span> 
     </span>
    </p>
   </div>
   <div class='ocr_carea' id='block_1_2' title="bbox 1262 436 2384 517">
    <p class='ocr_par' dir='ltr' id='par_1_2' title="bbox 1262 436 2384 517">
     <span class='ocr_line' id='line_1_2' title="bbox 1262 436 2384 517; baseline 0.019 -22"><span class='ocrx_word' id='word_1_2' title='bbox 1262 436 1358 496; x_wconf 89' lang='lat' dir='ltr'><strong>DE</strong></span> <span class='ocrx_word' id='word_1_3' title='bbox 1404 440 1655 502; x_wconf 77' lang='lat' dir='ltr'><strong>REBUS</strong></span> <span class='ocrx_word' id='word_1_4' title='bbox 1695 444 2057 508; x_wconf 68' lang='lat' dir='ltr'><strong>TU...&#39;IlClS</strong></span> <span class='ocrx_word' id='word_1_5' title='bbox 2100 453 2245 511; x_wconf 85' lang='lat' dir='ltr'><strong>LIB.</strong></span> <span class='ocrx_word' id='word_1_6' title='bbox 2286 457 2384 517; x_wconf 91' lang='lat' dir='ltr'><strong>IV.</strong></span> 
     </span>
    </p>
   </div>
   <div class='ocr_carea' id='block_1_3' title="bbox 3346 468 3446 530">
    <p class='ocr_par' dir='ltr' id='par_1_3' title="bbox 3346 468 3446 530">
     <span class='ocr_line' id='line_1_3' title="bbox 3346 468 3446 530; baseline 0.02 -2"><span class='ocrx_word' id='word_1_7' title='bbox 3346 468 3446 530; x_wconf 82' lang='grc'><strong>190</strong></span> 
     </span>
    </p>
   </div>
   <div class='ocr_carea' id='block_1_4' title="bbox 204 532 1757 638">
    <p class='ocr_par' dir='ltr' id='par_1_4' title="bbox 204 532 1757 618">
     <span class='ocr_line' id='line_1_4' title="bbox 204 532 1757 618; baseline 0.019 -35"><span class='ocrx_word' id='word_1_8' title='bbox 204 532 276 600; x_wconf 82' lang='grc' dir='ltr'>τῷ</span> <span class='ocrx_word' id='word_1_9' title='bbox 304 534 611 604; x_wconf 73' lang='grc' dir='ltr'><strong>πολυτελεῖ,</strong></span> <span class='ocrx_word' id='word_1_10' title='bbox 642 543 736 593; x_wconf 75' lang='grc' dir='ltr'>καὶ</span> <span class='ocrx_word' id='word_1_11' title='bbox 777 544 1231 618; x_wconf 81' lang='grc' dir='ltr'>μεγαλοπρεπείᾳ</span> <span class='ocrx_word' id='word_1_12' title='bbox 1265 554 1455 605; x_wconf 80' lang='grc' dir='ltr'>οίκιῶν</span> <span class='ocrx_word' id='word_1_13' title='bbox 1481 558 1575 609; x_wconf 68' lang='grc' dir='ltr'>καὶ</span> <span class='ocrx_word' id='word_1_14' title='bbox 1599 560 1757 613; x_wconf 84' lang='grc' dir='ltr'>ναῶν.</span> 
     </span>
    </p>
   </div>
   <div class='ocr_carea' id='block_1_5' title="bbox 1859 532 3452 638">
    <p class='ocr_par' dir='ltr' id='par_1_5' title="bbox 1869 566 3452 638">
     <span class='ocr_line' id='line_1_5' title="bbox 1869 566 3452 638; baseline 0.011 -23"><span class='ocrx_word' id='word_1_15' title='bbox 1869 566 2166 631; x_wconf 72' lang='lat' dir='ltr'><strong>potentiam</strong></span> <span class='ocrx_word' id='word_1_16' title='bbox 2195 567 2297 622; x_wconf 84' lang='lat' dir='ltr'><strong>sibi</strong></span> <span class='ocrx_word' id='word_1_17' title='bbox 2341 584 2621 638; x_wconf 76' lang='lat' dir='ltr'><strong>peperere.</strong></span> <span class='ocrx_word' id='word_1_18' title='bbox 2658 569 2855 629; x_wconf 86' lang='lat' dir='ltr'><strong>Urbem</strong></span> <span class='ocrx_word' id='word_1_19' title='bbox 2888 575 3235 632; x_wconf 83' lang='lat' dir='ltr'><strong>basilicarum</strong></span> <span class='ocrx_word' id='word_1_20' title='bbox 3272 586 3324 632; x_wconf 91' lang='lat' dir='ltr'><strong>et</strong></span> <span class='ocrx_word' id='word_1_21' title='bbox 3352 580 3452 633; x_wconf 77' lang='lat' dir='ltr'><strong>do-</strong></span> 
     </span>
    </p>
   </div>
   <div class='ocr_carea' id='block_1_6' title="bbox 202 626 1766 712">
    <p class='ocr_par' dir='ltr' id='par_1_6' title="bbox 202 626 1766 712">
     <span class='ocr_line' id='line_1_6' title="bbox 202 626 1766 712; baseline 0.019 -36"><span class='ocrx_word' id='word_1_22' title='bbox 202 626 460 695; x_wconf 89' lang='grc' dir='ltr'>Τριήρεις</span> <span class='ocrx_word' id='word_1_23' title='bbox 494 630 550 683; x_wconf 83' lang='grc' dir='ltr'>δὲ</span> <span class='ocrx_word' id='word_1_24' title='bbox 587 642 1077 707; x_wconf 74' lang='grc' dir='ltr'>ναυπηγησάμενοι</span> <span class='ocrx_word' id='word_1_25' title='bbox 1109 643 1209 695; x_wconf 84' lang='grc' dir='ltr'>οὐκ</span> <span class='ocrx_word' id='word_1_26' title='bbox 1230 644 1437 712; x_wconf 80' lang='grc' dir='ltr'>ὀλίγας,</span> <span class='ocrx_word' id='word_1_27' title='bbox 1472 650 1566 701; x_wconf 73' lang='grc' dir='ltr'>καὶ</span> <span class='ocrx_word' id='word_1_28' title='bbox 1604 652 1766 705; x_wconf 86' lang='grc' dir='ltr'>δυνά-</span> 
     </span>
    </p>
   </div>
   <div class='ocr_carea' id='block_1_7' title="bbox 206 723 1765 816">
    <p class='ocr_par' dir='ltr' id='par_1_7' title="bbox 206 723 1765 816">
     <span class='ocr_line' id='line_1_7' title="bbox 206 723 1765 816; baseline 0.019 -48"><span class='ocrx_word' id='word_1_29' title='bbox 206 734 327 816; x_wconf 60' lang='grc' dir='ltr'>μεις</span> <span class='ocrx_word' id='word_1_30' title='bbox 372 723 797 793; x_wconf 77' lang='grc' dir='ltr'>περισαλόμενοι</span> <span class='ocrx_word' id='word_1_31' title='bbox 854 731 1100 801; x_wconf 78' lang='grc' dir='ltr'>ἰσχυρὰς,</span> <span class='ocrx_word' id='word_1_32' title='bbox 1145 737 1277 804; x_wconf 89' lang='grc' dir='ltr'>πρός</span> <span class='ocrx_word' id='word_1_33' title='bbox 1335 755 1391 791; x_wconf 88' lang='grc' dir='ltr'><strong>τε</strong></span> <span class='ocrx_word' id='word_1_34' title='bbox 1428 742 1555 803; x_wconf 83' lang='grc' dir='ltr'>τοὺς</span> <span class='ocrx_word' id='word_1_35' title='bbox 1592 746 1648 795; x_wconf 87' lang='grc' dir='ltr'><strong>ἐν</strong></span> <span class='ocrx_word' id='word_1_36' title='bbox 1700 749 1765 816; x_wconf 81' lang='grc' dir='ltr'>τῇ</span> 
     </span>
    </p>
   </div>
   <div class='ocr_carea' id='block_1_8' title="bbox 200 809 1766 903">
    <p class='ocr_par' dir='ltr' id='par_1_8' title="bbox 200 809 1766 903">
     <span class='ocr_line' id='line_1_8' title="bbox 200 809 1766 903; baseline 0.019 -44"><span class='ocrx_word' id='word_1_37' title='bbox 200 809 439 883; x_wconf 81' lang='grc' dir='ltr'><strong>θαλάττῃ</strong></span> <span class='ocrx_word' id='word_1_38' title='bbox 485 814 747 880; x_wconf 83' lang='grc' dir='ltr'>δυνατοὺς</span> <span class='ocrx_word' id='word_1_39' title='bbox 778 820 1070 885; x_wconf 81' lang='grc' dir='ltr'><strong>δοκοῦντας</strong></span> <span class='ocrx_word' id='word_1_40' title='bbox 1124 827 1378 892; x_wconf 84' lang='grc' dir='ltr'>γενέσθαι</span> <span class='ocrx_word' id='word_1_41' title='bbox 1433 809 1766 903; x_wconf 62' lang='grc' dir='ltr'><strong>προενηνεγζ</strong></span> 
     </span>
    </p>
   </div>
   <div class='ocr_carea' id='block_1_9' title="bbox 202 902 1764 986">
    <p class='ocr_par' dir='ltr' id='par_1_9' title="bbox 202 902 1764 986">
     <span class='ocr_line' id='line_1_9' title="bbox 202 902 1764 986; baseline 0.019 -35"><span class='ocrx_word' id='word_1_42' title='bbox 202 902 373 967; x_wconf 82' lang='grc' dir='ltr'>μένοι,</span> <span class='ocrx_word' id='word_1_43' title='bbox 406 904 587 974; x_wconf 76' lang='grc' dir='ltr'>φθόνῳ</span> <span class='ocrx_word' id='word_1_44' title='bbox 614 908 993 981; x_wconf 86' lang='grc' dir='ltr'>διεπολέμουν,</span> <span class='ocrx_word' id='word_1_45' title='bbox 1035 915 1147 968; x_wconf 87' lang='grc' dir='ltr'>δέει</span> <span class='ocrx_word' id='word_1_46' title='bbox 1181 919 1268 969; x_wconf 83' lang='grc' dir='ltr'><strong>ἐπ’</strong></span> <span class='ocrx_word' id='word_1_47' title='bbox 1297 920 1495 986; x_wconf 81' lang='grc' dir='ltr'>αὐτοὺς</span> <span class='ocrx_word' id='word_1_48' title='bbox 1529 902 1633 977; x_wconf 80' lang='grc' dir='ltr'>τὸν</span> <span class='ocrx_word' id='word_1_49' title='bbox 1665 902 1764 979; x_wconf 86' lang='grc' dir='ltr'>πό-</span> 
     </span>
    </p>
   </div>
   <div class='ocr_carea' id='block_1_10' title="bbox 198 992 1767 1090">
    <p class='ocr_par' dir='ltr' id='par_1_10' title="bbox 198 992 1767 1090">
     <span class='ocr_line' id='line_1_10' title="bbox 198 992 1767 1090; baseline 0.02 -48"><span class='ocrx_word' id='word_1_50' title='bbox 198 992 368 1090; x_wconf 69' lang='grc' dir='ltr'>λεμον</span> <span class='ocrx_word' id='word_1_51' title='bbox 393 1000 775 1090; x_wconf 65' lang='grc' dir='ltr'><strong>⁸ἐπιφερόντων</strong></span> <span class='ocrx_word' id='word_1_52' title='bbox 802 1047 815 1068; x_wconf 90' lang='grc'><strong>,</strong></span> <span class='ocrx_word' id='word_1_53' title='bbox 845 1006 923 1074; x_wconf 83' lang='grc' dir='ltr'>τῷ</span> <span class='ocrx_word' id='word_1_54' title='bbox 956 1007 1133 1062; x_wconf 83' lang='grc' dir='ltr'><strong>δοκεῖν</strong></span> <span class='ocrx_word' id='word_1_55' title='bbox 1178 1013 1271 1066; x_wconf 79' lang='grc' dir='ltr'>ἐπὶ</span> <span class='ocrx_word' id='word_1_56' title='bbox 1316 1016 1459 1083; x_wconf 91' lang='grc' dir='ltr'>μέγα</span> <span class='ocrx_word' id='word_1_57' title='bbox 1502 1020 1602 1089; x_wconf 85' lang='grc' dir='ltr'><strong>ήδη</strong></span> <span class='ocrx_word' id='word_1_58' title='bbox 1661 1039 1767 1090; x_wconf 87' lang='grc' dir='ltr'>χω-</span> 
     </span>
    </p>
   </div>
   <div class='ocr_carea' id='block_1_11' title="bbox 196 1082 1764 1179">
    <p class='ocr_par' dir='ltr' id='par_1_11' title="bbox 196 1082 1764 1179">
     <span class='ocr_line' id='line_1_11' title="bbox 196 1082 1764 1179; baseline 0.019 -45"><span class='ocrx_word' id='word_1_59' title='bbox 196 1082 360 1151; x_wconf 79' lang='grc' dir='ltr'>ρῆσαι</span> <span class='ocrx_word' id='word_1_60' title='bbox 387 1087 689 1157; x_wconf 72' lang='grc' dir='ltr'>δυνάμεως.</span> <span class='ocrx_word' id='word_1_61' title='bbox 722 1092 838 1163; x_wconf 92' lang='grc' dir='ltr'>Τήν</span> <span class='ocrx_word' id='word_1_62' title='bbox 867 1114 925 1149; x_wconf 84' lang='grc' dir='ltr'><strong>τε</strong></span> <span class='ocrx_word' id='word_1_63' title='bbox 982 1101 1122 1169; x_wconf 82' lang='grc' dir='ltr'>πρὸς</span> <span class='ocrx_word' id='word_1_64' title='bbox 1178 1104 1271 1157; x_wconf 79' lang='grc' dir='ltr'>τὸν</span> <span class='ocrx_word' id='word_1_65' title='bbox 1320 1082 1535 1160; x_wconf 40' lang='grc' dir='ltr'>Ἰόνιον·</span> <span class='ocrx_word' id='word_1_66' title='bbox 1576 1082 1764 1179; x_wconf 70' lang='grc' dir='ltr'>χώραν</span> 
     </span>
    </p>
   </div>
   <div class='ocr_carea' id='block_1_12' title="bbox 194 1178 1761 1272">
    <p class='ocr_par' dir='ltr' id='par_1_12' title="bbox 194 1178 1761 1272">
     <span class='ocr_line' id='line_1_12' title="bbox 194 1178 1761 1272; baseline 0.019 -45"><span class='ocrx_word' id='word_1_67' title='bbox 194 1178 479 1272; x_wconf 76' lang='grc' dir='ltr'>ἐκπλέοντι</span> <span class='ocrx_word' id='word_1_68' title='bbox 511 1183 599 1272; x_wconf 67' lang='grc' dir='ltr'><strong>ἐπ’</strong></span> <span class='ocrx_word' id='word_1_69' title='bbox 634 1186 924 1260; x_wconf 85' lang='grc' dir='ltr'>ἀριστερὰ,</span> <span class='ocrx_word' id='word_1_70' title='bbox 957 1192 1047 1247; x_wconf 81' lang='grc' dir='ltr'>ἐπ’</span> <span class='ocrx_word' id='word_1_71' title='bbox 1082 1195 1252 1249; x_wconf 81' lang='grc' dir='ltr'>αὑτοῦ</span> <span class='ocrx_word' id='word_1_72' title='bbox 1302 1198 1368 1268; x_wconf 79' lang='grc' dir='ltr'>δὴ</span> <span class='ocrx_word' id='word_1_73' title='bbox 1406 1200 1501 1253; x_wconf 80' lang='grc' dir='ltr'>τοῦ</span> <span class='ocrx_word' id='word_1_74' title='bbox 1559 1178 1761 1272; x_wconf 78' lang='grc' dir='ltr'>μυχοῦ,</span> 
     </span>
    </p>
   </div>
   <div class='ocr_carea' id='block_1_13' title="bbox 193 1267 1763 1361">
    <p class='ocr_par' dir='ltr' id='par_1_13' title="bbox 193 1267 1763 1361">
     <span class='ocr_line' id='line_1_13' title="bbox 193 1267 1763 1361; baseline 0.018 -42"><span class='ocrx_word' id='word_1_75' title='bbox 193 1267 380 1361; x_wconf 82' lang='grc' dir='ltr'>χώραν</span> <span class='ocrx_word' id='word_1_76' title='bbox 412 1290 473 1325; x_wconf 90' lang='grc' dir='ltr'><strong>τε</strong></span> <span class='ocrx_word' id='word_1_77' title='bbox 502 1269 671 1329; x_wconf 80' lang='grc' dir='ltr'>οὖσαν</span> <span class='ocrx_word' id='word_1_78' title='bbox 698 1279 759 1330; x_wconf 84' lang='grc' dir='ltr'>οὐ</span> <span class='ocrx_word' id='word_1_79' title='bbox 812 1282 1047 1353; x_wconf 80' lang='grc' dir='ltr'>φαύλην,</span> <span class='ocrx_word' id='word_1_80' title='bbox 1079 1287 1175 1342; x_wconf 78' lang='grc' dir='ltr'>καὶ</span> <span class='ocrx_word' id='word_1_81' title='bbox 1218 1267 1403 1354; x_wconf 79' lang='grc' dir='ltr'>πόλεις</span> <span class='ocrx_word' id='word_1_82' title='bbox 1436 1267 1763 1361; x_wconf 73' lang='grc' dir='ltr'>εὐδαίμονας</span> 
     </span>
    </p>
   </div>
   <div class='ocr_carea' id='block_1_14' title="bbox 195 1360 1760 1451">
    <p class='ocr_par' dir='ltr' id='par_1_14' title="bbox 195 1360 1760 1451">
     <span class='ocr_line' id='line_1_14' title="bbox 195 1360 1760 1451; baseline 0.019 -40"><span class='ocrx_word' id='word_1_83' title='bbox 195 1360 573 1431; x_wconf 81' lang='grc' dir='ltr'><strong>ὑπηγάγοντο,</strong></span> <span class='ocrx_word' id='word_1_84' title='bbox 621 1369 717 1422; x_wconf 78' lang='grc' dir='ltr'>ἐπὶ</span> <span class='ocrx_word' id='word_1_85' title='bbox 751 1372 809 1424; x_wconf 85' lang='grc' dir='ltr'>τὸ</span> <span class='ocrx_word' id='word_1_86' title='bbox 857 1374 1098 1451; x_wconf 29' lang='grc' dir='ltr'>,Αἰγαῖον</span> <span class='ocrx_word' id='word_1_87' title='bbox 1152 1379 1389 1449; x_wconf 78' lang='grc' dir='ltr'>πέλαγος</span> <span class='ocrx_word' id='word_1_88' title='bbox 1421 1385 1716 1451; x_wconf 79' lang='grc' dir='ltr'><strong>ἀφικέσθαι</strong></span> <span class='ocrx_word' id='word_1_89' title='bbox 1746 1404 1760 1418; x_wconf 75' lang='grc' dir='ltr'><strong><em>ο</em></strong></span> 
     </span>
    </p>
   </div>
   <div class='ocr_carea' id='block_1_15' title="bbox 192 1452 1759 1544">
    <p class='ocr_par' dir='ltr' id='par_1_15' title="bbox 192 1452 1759 1544">
     <span class='ocr_line' id='line_1_15' title="bbox 192 1452 1759 1544; baseline 0.019 -43"><span class='ocrx_word' id='word_1_90' title='bbox 192 1452 318 1514; x_wconf 72' lang='grc' dir='ltr'>τούς</span> <span class='ocrx_word' id='word_1_91' title='bbox 347 1471 405 1506; x_wconf 84' lang='grc' dir='ltr'><strong>τε</strong></span> <span class='ocrx_word' id='word_1_92' title='bbox 444 1459 770 1529; x_wconf 81' lang='grc' dir='ltr'>παράπλους</span> <span class='ocrx_word' id='word_1_93' title='bbox 802 1464 970 1517; x_wconf 78' lang='grc' dir='ltr'>αὐτοῦ</span> <span class='ocrx_word' id='word_1_94' title='bbox 1023 1467 1197 1541; x_wconf 81' lang='grc' dir='ltr'>ταύτῃ</span> <span class='ocrx_word' id='word_1_95' title='bbox 1228 1476 1759 1544; x_wconf 77' lang='grc' dir='ltr'>καταστρεψάμενοι,</span> 
     </span>
    </p>
   </div>
   <div class='ocr_carea' id='block_1_16' title="bbox 192 1543 1762 1627">
    <p class='ocr_par' dir='ltr' id='par_1_16' title="bbox 192 1543 1762 1627">
     <span class='ocr_line' id='line_1_16' title="bbox 192 1543 1762 1627; baseline 0.018 -32"><span class='ocrx_word' id='word_1_96' title='bbox 192 1543 485 1614; x_wconf 81' lang='grc' dir='ltr'>Κέρκυράν</span> <span class='ocrx_word' id='word_1_97' title='bbox 510 1566 570 1600; x_wconf 88' lang='grc' dir='ltr'><strong>τε</strong></span> <span class='ocrx_word' id='word_1_98' title='bbox 601 1550 968 1623; x_wconf 65' lang='grc' dir='ltr'><strong>ἐχειρώσαντο</strong></span> <span class='ocrx_word' id='word_1_99' title='bbox 1008 1558 1330 1627; x_wconf 84' lang='grc' dir='ltr'>σύμπασαν,</span> <span class='ocrx_word' id='word_1_100' title='bbox 1384 1565 1480 1618; x_wconf 81' lang='grc' dir='ltr'>καὶ</span> <span class='ocrx_word' id='word_1_101' title='bbox 1524 1543 1762 1623; x_wconf 80' lang='grc' dir='ltr'>Εῠσοιάν</span> 
     </span>
    </p>
   </div>
   <div class='ocr_carea' id='block_1_17' title="bbox 188 1640 1762 1723">
    <p class='ocr_par' dir='ltr' id='par_1_17' title="bbox 188 1640 1762 1723">
     <span class='ocr_line' id='line_1_17' title="bbox 188 1640 1762 1723; baseline 0.018 -38"><span class='ocrx_word' id='word_1_102' title='bbox 188 1651 249 1686; x_wconf 88' lang='grc' dir='ltr'><strong>τε</strong></span> <span class='ocrx_word' id='word_1_103' title='bbox 291 1640 386 1689; x_wconf 83' lang='grc' dir='ltr'>καὶ</span> <span class='ocrx_word' id='word_1_104' title='bbox 424 1641 672 1711; x_wconf 79' lang='grc' dir='ltr'><strong>Κρήτην,</strong></span> <span class='ocrx_word' id='word_1_105' title='bbox 709 1648 804 1699; x_wconf 79' lang='grc' dir='ltr'>καὶ</span> <span class='ocrx_word' id='word_1_106' title='bbox 831 1649 1251 1723; x_wconf 80' lang='grc' dir='ltr'>Πελοποννήσου</span> <span class='ocrx_word' id='word_1_107' title='bbox 1282 1657 1382 1718; x_wconf 85' lang='grc' dir='ltr'>τὰς</span> <span class='ocrx_word' id='word_1_108' title='bbox 1410 1659 1615 1721; x_wconf 86' lang='grc' dir='ltr'>πόλεις.</span> <span class='ocrx_word' id='word_1_109' title='bbox 1652 1660 1762 1714; x_wconf 78' lang='grc' dir='ltr'><strong>Καὶ</strong></span> 
     </span>
    </p>
   </div>
   <div class='ocr_carea' id='block_1_18' title="bbox 192 1728 1761 1819">
    <p class='ocr_par' dir='ltr' id='par_1_18' title="bbox 192 1728 1761 1819">
     <span class='ocr_line' id='line_1_18' title="bbox 192 1728 1761 1819; baseline 0.018 -43"><span class='ocrx_word' id='word_1_110' title='bbox 192 1728 283 1819; x_wconf 68' lang='grc' dir='ltr'>ἐπὶ</span> <span class='ocrx_word' id='word_1_111' title='bbox 314 1730 512 1798; x_wconf 91' lang='grc' dir='ltr'>Συρίαν</span> <span class='ocrx_word' id='word_1_112' title='bbox 538 1733 593 1784; x_wconf 79' lang='grc' dir='ltr'>δὲ</span> <span class='ocrx_word' id='word_1_113' title='bbox 627 1737 956 1806; x_wconf 85' lang='grc' dir='ltr'>ἀφικόμενοι</span> <span class='ocrx_word' id='word_1_114' title='bbox 1008 1744 1201 1815; x_wconf 86' lang='grc' dir='ltr'>στόλῳ.</span> <span class='ocrx_word' id='word_1_115' title='bbox 1235 1747 1329 1799; x_wconf 72' lang='grc' dir='ltr'>καὶ</span> <span class='ocrx_word' id='word_1_116' title='bbox 1374 1751 1635 1819; x_wconf 75' lang='grc' dir='ltr'>Κυρήνην</span> <span class='ocrx_word' id='word_1_117' title='bbox 1661 1753 1761 1805; x_wconf 73' lang='grc' dir='ltr'>πό-</span> 
     </span>
    </p>
   </div>
   <div class='ocr_carea' id='block_1_19' title="bbox 188 1818 1760 1905">
    <p class='ocr_par' dir='ltr' id='par_1_19' title="bbox 188 1818 1760 1905">
     <span class='ocr_line' id='line_1_19' title="bbox 188 1818 1760 1905; baseline 0.018 -37"><span class='ocrx_word' id='word_1_118' title='bbox 188 1818 273 1870; x_wconf 71' lang='grc' dir='ltr'><strong>λιν</strong></span> <span class='ocrx_word' id='word_1_119' title='bbox 305 1821 395 1888; x_wconf 72' lang='grc' dir='ltr'><strong>ὑφ’</strong></span> <span class='ocrx_word' id='word_1_120' title='bbox 450 1824 636 1888; x_wconf 80' lang='grc' dir='ltr'>αὐτοῖς</span> <span class='ocrx_word' id='word_1_121' title='bbox 684 1832 1068 1901; x_wconf 85' lang='grc' dir='ltr'>ποιησάμενοι,</span> <span class='ocrx_word' id='word_1_122' title='bbox 1110 1840 1322 1905; x_wconf 84' lang='grc' dir='ltr'>μεγάλα</span> <span class='ocrx_word' id='word_1_123' title='bbox 1379 1818 1760 1896; x_wconf 78' lang='grc' dir='ltr'>ὑπεδείκνυντο</span> 
     </span>
    </p>
   </div>
   <div class='ocr_carea' id='block_1_20' title="bbox 186 1913 1758 2007">
    <p class='ocr_par' dir='ltr' id='par_1_20' title="bbox 186 1913 1758 2007">
     <span class='ocr_line' id='line_1_20' title="bbox 186 1913 1758 2007; baseline 0.018 -46"><span class='ocrx_word' id='word_1_124' title='bbox 186 1913 350 2007; x_wconf 65' lang='grc' dir='ltr'>έργα,</span> <span class='ocrx_word' id='word_1_125' title='bbox 414 1918 552 1985; x_wconf 88' lang='grc' dir='ltr'>πρός</span> <span class='ocrx_word' id='word_1_126' title='bbox 609 1937 668 1972; x_wconf 89' lang='grc' dir='ltr'><strong>τε</strong></span> <span class='ocrx_word' id='word_1_127' title='bbox 732 1923 862 1983; x_wconf 80' lang='grc' dir='ltr'>τοὺς</span> <span class='ocrx_word' id='word_1_128' title='bbox 928 1925 1237 1997; x_wconf 78' lang='grc' dir='ltr'>βαρσάρους</span> <span class='ocrx_word' id='word_1_129' title='bbox 1292 1932 1464 2004; x_wconf 78' lang='grc' dir='ltr'>ταύτῃ</span> <span class='ocrx_word' id='word_1_130' title='bbox 1517 1935 1758 2007; x_wconf 85' lang='grc' dir='ltr'>πολλαχῆ</span> 
     </span>
    </p>
   </div>
   <div class='ocr_carea' id='block_1_21' title="bbox 184 2003 1759 2095">
    <p class='ocr_par' dir='ltr' id='par_1_21' title="bbox 184 2003 1759 2095">
     <span class='ocr_line' id='line_1_21' title="bbox 184 2003 1759 2095; baseline 0.023 -39"><span class='ocrx_word' id='word_1_131' title='bbox 184 2003 761 2080; x_wconf 83' lang='grc' dir='ltr'>διαναυμαχήσαντες,</span> <span class='ocrx_word' id='word_1_132' title='bbox 824 2018 919 2069; x_wconf 77' lang='grc' dir='ltr'>καὶ</span> <span class='ocrx_word' id='word_1_133' title='bbox 961 2020 1062 2088; x_wconf 85' lang='grc' dir='ltr'>τῆς</span> <span class='ocrx_word' id='word_1_134' title='bbox 1137 2003 1568 2095; x_wconf 11' lang='grc' dir='ltr'>Θαλάσσηςγτῆς</span> 
     </span>
    </p>
   </div>
   <div class='ocr_carea' id='block_1_22' title="bbox 195 2096 1757 2182">
    <p class='ocr_par' dir='ltr' id='par_1_22' title="bbox 195 2096 1757 2182">
     <span class='ocr_line' id='line_1_22' title="bbox 195 2096 1757 2182; baseline 0.017 -34"><span class='ocrx_word' id='word_1_135' title='bbox 195 2096 541 2166; x_wconf 81' lang='grc' dir='ltr'>Ἡρακλείων</span> <span class='ocrx_word' id='word_1_136' title='bbox 578 2106 792 2171; x_wconf 82' lang='grc' dir='ltr'>στηλῶν</span> <span class='ocrx_word' id='word_1_137' title='bbox 837 2110 1335 2182; x_wconf 78' lang='grc' dir='ltr'>ἐπικρατήσαντες,</span> <span class='ocrx_word' id='word_1_138' title='bbox 1382 2121 1523 2172; x_wconf 90' lang='grc' dir='ltr'>κατά</span> <span class='ocrx_word' id='word_1_139' title='bbox 1561 2137 1617 2173; x_wconf 73' lang='grc' dir='ltr'><strong>τε</strong></span> <span class='ocrx_word' id='word_1_140' title='bbox 1652 2122 1757 2174; x_wconf 83' lang='grc' dir='ltr'><strong>Εὑ-</strong></span> 
     </span>
    </p>
   </div>
   <div class='ocr_carea' id='block_1_23' title="bbox 189 2186 1758 2275">
    <p class='ocr_par' dir='ltr' id='par_1_23' title="bbox 189 2186 1758 2275">
     <span class='ocr_line' id='line_1_23' title="bbox 189 2186 1758 2275; baseline 0.019 -39"><span class='ocrx_word' id='word_1_141' title='bbox 189 2186 405 2257; x_wconf 83' lang='grc' dir='ltr'>ρώπην.</span> <span class='ocrx_word' id='word_1_142' title='bbox 436 2193 574 2259; x_wconf 76' lang='grc' dir='ltr'>πρὸς</span> <span class='ocrx_word' id='word_1_143' title='bbox 599 2196 728 2257; x_wconf 82' lang='grc' dir='ltr'>τοὺς</span> <span class='ocrx_word' id='word_1_144' title='bbox 756 2198 814 2250; x_wconf 85' lang='grc' dir='ltr'><strong>ἐν</strong></span> <span class='ocrx_word' id='word_1_145' title='bbox 848 2202 916 2271; x_wconf 80' lang='grc' dir='ltr'>τῇ</span> <span class='ocrx_word' id='word_1_146' title='bbox 978 2201 1217 2275; x_wconf 79' lang='grc' dir='ltr'><strong>Θαλάττῃ</strong></span> <span class='ocrx_word' id='word_1_147' title='bbox 1258 2206 1555 2272; x_wconf 77' lang='grc' dir='ltr'>δοκοῦντας</span> <span class='ocrx_word' id='word_1_148' title='bbox 1600 2210 1758 2264; x_wconf 82' lang='grc' dir='ltr'>δύνα-</span> 
     </span>
    </p>
   </div>
   <div class='ocr_carea' id='block_1_24' title="bbox 184 2279 1757 2375">
    <p class='ocr_par' dir='ltr' id='par_1_24' title="bbox 184 2279 1757 2375">
     <span class='ocr_line' id='line_1_24' title="bbox 184 2279 1757 2375; baseline 0.019 -45"><span class='ocrx_word' id='word_1_149' title='bbox 184 2279 525 2375; x_wconf 15' lang='grc' dir='ltr'>σοαιᾲότιοῦν</span> <span class='ocrx_word' id='word_1_150' title='bbox 568 2286 949 2359; x_wconf 87' lang='grc' dir='ltr'>διεπολέμουν.</span> <span class='ocrx_word' id='word_1_151' title='bbox 989 2296 1098 2349; x_wconf 80' lang='grc' dir='ltr'><strong>Καὶ</strong></span> <span class='ocrx_word' id='word_1_152' title='bbox 1151 2298 1385 2364; x_wconf 87' lang='grc' dir='ltr'>Ἰταλίας</span> <span class='ocrx_word' id='word_1_153' title='bbox 1444 2304 1625 2372; x_wconf 83' lang='grc' dir='ltr'>μέντοι</span> <span class='ocrx_word' id='word_1_154' title='bbox 1660 2306 1757 2375; x_wconf 82' lang='grc' dir='ltr'>τῆς</span> 
     </span>
    </p>
   </div>
   <div class='ocr_carea' id='block_1_25' title="bbox 181 2373 1758 2462">
    <p class='ocr_par' dir='ltr' id='par_1_25' title="bbox 181 2373 1758 2462">
     <span class='ocr_line' id='line_1_25' title="bbox 181 2373 1758 2462; baseline 0.016 -39"><span class='ocrx_word' id='word_1_155' title='bbox 181 2373 477 2440; x_wconf 72' lang='grc' dir='ltr'>παράπλου</span> <span class='ocrx_word' id='word_1_156' title='bbox 517 2378 671 2432; x_wconf 69' lang='grc' dir='ltr'>οὐδὲν</span> <span class='ocrx_word' id='word_1_157' title='bbox 721 2382 748 2434; x_wconf 81' lang='grc' dir='ltr'>ὅ</span> <span class='ocrx_word' id='word_1_158' title='bbox 776 2400 829 2435; x_wconf 86' lang='grc' dir='ltr'><strong>τι</strong></span> <span class='ocrx_word' id='word_1_159' title='bbox 881 2387 975 2437; x_wconf 82' lang='grc' dir='ltr'>καὶ</span> <span class='ocrx_word' id='word_1_160' title='bbox 1000 2386 1150 2451; x_wconf 79' lang='grc' dir='ltr'>ἄξιον</span> <span class='ocrx_word' id='word_1_161' title='bbox 1184 2390 1345 2458; x_wconf 82' lang='grc' dir='ltr'>λόγου</span> <span class='ocrx_word' id='word_1_162' title='bbox 1404 2373 1758 2462; x_wconf 75' lang='grc' dir='ltr'>ὑπηγάγοντο</span> 
     </span>
    </p>
   </div>
   <div class='ocr_carea' id='block_1_26' title="bbox 182 2464 1758 2553">
    <p class='ocr_par' dir='ltr' id='par_1_26' title="bbox 182 2464 1758 2553">
     <span class='ocr_line' id='line_1_26' title="bbox 182 2464 1758 2553; baseline 0.018 -42"><span class='ocrx_word' id='word_1_163' title='bbox 182 2464 395 2530; x_wconf 80' lang='grc' dir='ltr'>σφίσιν,</span> <span class='ocrx_word' id='word_1_164' title='bbox 430 2468 610 2540; x_wconf 81' lang='grc' dir='ltr'>ὄτιμὴ</span> <span class='ocrx_word' id='word_1_165' title='bbox 656 2472 947 2545; x_wconf 77' lang='grc' dir='ltr'>Ῥασέννην</span> <span class='ocrx_word' id='word_1_166' title='bbox 984 2479 1140 2535; x_wconf 88' lang='grc' dir='ltr'>πόλιν</span> <span class='ocrx_word' id='word_1_167' title='bbox 1189 2483 1507 2553; x_wconf 82' lang='grc' dir='ltr'>εὐδαίμονα,</span> <span class='ocrx_word' id='word_1_168' title='bbox 1568 2486 1758 2541; x_wconf 84' lang='grc' dir='ltr'>τελευ-</span> 
     </span>
    </p>
   </div>
   <div class='ocr_carea' id='block_1_27' title="bbox 179 2555 1756 2644">
    <p class='ocr_par' dir='ltr' id='par_1_27' title="bbox 179 2555 1756 2644">
     <span class='ocr_line' id='line_1_27' title="bbox 179 2555 1756 2644; baseline 0.019 -42"><span class='ocrx_word' id='word_1_169' title='bbox 179 2555 454 2622; x_wconf 81' lang='grc' dir='ltr'>τήσαντος</span> <span class='ocrx_word' id='word_1_170' title='bbox 482 2560 575 2612; x_wconf 82' lang='grc' dir='ltr'>τοῦ</span> <span class='ocrx_word' id='word_1_171' title='bbox 598 2564 656 2615; x_wconf 83' lang='grc' dir='ltr'><strong>ἐν</strong></span> <span class='ocrx_word' id='word_1_172' title='bbox 703 2566 839 2636; x_wconf 71' lang='grc' dir='ltr'>αὐτῇ</span> <span class='ocrx_word' id='word_1_173' title='bbox 876 2568 1169 2637; x_wconf 73' lang='grc' dir='ltr'>ἡγεμόνος,</span> <span class='ocrx_word' id='word_1_174' title='bbox 1213 2571 1302 2624; x_wconf 83' lang='grc' dir='ltr'><strong>διὰ</strong></span> <span class='ocrx_word' id='word_1_175' title='bbox 1358 2573 1417 2625; x_wconf 83' lang='grc' dir='ltr'>τὸ</span> <span class='ocrx_word' id='word_1_176' title='bbox 1470 2576 1543 2644; x_wconf 88' lang='grc' dir='ltr'>μὴ</span> <span class='ocrx_word' id='word_1_177' title='bbox 1589 2578 1647 2639; x_wconf 78' lang='grc' dir='ltr'><strong>ἐς</strong></span> <span class='ocrx_word' id='word_1_178' title='bbox 1696 2577 1756 2629; x_wconf 77' lang='grc' dir='ltr'><strong>τὸ</strong></span> 
     </span>
    </p>
   </div>
   <div class='ocr_carea' id='block_1_28' title="bbox 178 2644 1757 2736">
    <p class='ocr_par' dir='ltr' id='par_1_28' title="bbox 178 2644 1757 2736">
     <span class='ocr_line' id='line_1_28' title="bbox 178 2644 1757 2736; baseline 0.019 -44"><span class='ocrx_word' id='word_1_179' title='bbox 178 2644 461 2736; x_wconf 72' lang='grc' dir='ltr'>δμόφυλον</span> <span class='ocrx_word' id='word_1_180' title='bbox 504 2650 643 2705; x_wconf 74' lang='grc' dir='ltr'>ἱέναι</span> <span class='ocrx_word' id='word_1_181' title='bbox 677 2655 923 2726; x_wconf 84' lang='grc' dir='ltr'>πολέμῳ,</span> <span class='ocrx_word' id='word_1_182' title='bbox 955 2660 1071 2711; x_wconf 84' lang='grc' dir='ltr'>ἀλλ’</span> <span class='ocrx_word' id='word_1_183' title='bbox 1105 2662 1201 2714; x_wconf 75' lang='grc' dir='ltr'><strong>ἐπὶ</strong></span> <span class='ocrx_word' id='word_1_184' title='bbox 1255 2664 1383 2727; x_wconf 81' lang='grc' dir='ltr'>τοὺς</span> <span class='ocrx_word' id='word_1_185' title='bbox 1423 2666 1757 2736; x_wconf 80' lang='grc' dir='ltr'>ἀλλοφύλους</span> 
     </span>
    </p>
   </div>
   <div class='ocr_carea' id='block_1_29' title="bbox 176 2734 1758 2825">
    <p class='ocr_par' dir='ltr' id='par_1_29' title="bbox 176 2734 1758 2825">
     <span class='ocr_line' id='line_1_29' title="bbox 176 2734 1758 2825; baseline 0.023 -44"><span class='ocrx_word' id='word_1_186' title='bbox 176 2734 596 2809; x_wconf 73' lang='grc' dir='ltr'>διαναυμαχεῖν.</span> <span class='ocrx_word' id='word_1_187' title='bbox 640 2744 1019 2817; x_wconf 82' lang='grc' dir='ltr'>Ἐπολέμησαν</span> <span class='ocrx_word' id='word_1_188' title='bbox 1045 2752 1099 2805; x_wconf 85' lang='grc' dir='ltr'>δὲ</span> <span class='ocrx_word' id='word_1_189' title='bbox 1151 2746 1296 2808; x_wconf 78' lang='grc' dir='ltr'>οὗτοι</span> <span class='ocrx_word' id='word_1_190' title='bbox 1356 2758 1493 2825; x_wconf 88' lang='grc' dir='ltr'>πρός</span> <span class='ocrx_word' id='word_1_191' title='bbox 1529 2734 1584 2811; x_wconf 87' lang='grc' dir='ltr'><strong>τε</strong></span> <span class='ocrx_word' id='word_1_192' title='bbox 1630 2762 1758 2823; x_wconf 83' lang='grc' dir='ltr'>τοὺς</span> 
     </span>
    </p>
   </div>
   <div class='ocr_carea' id='block_1_30' title="bbox 180 2825 1756 2921">
    <p class='ocr_par' dir='ltr' id='par_1_30' title="bbox 180 2825 1756 2921">
     <span class='ocr_line' id='line_1_30' title="bbox 180 2825 1756 2921; baseline 0.019 -45"><span class='ocrx_word' id='word_1_193' title='bbox 180 2825 482 2897; x_wconf 80' lang='grc' dir='ltr'>Ἓλληνας,</span> <span class='ocrx_word' id='word_1_194' title='bbox 549 2838 643 2887; x_wconf 67' lang='grc' dir='ltr'>καὶ</span> <span class='ocrx_word' id='word_1_195' title='bbox 690 2842 999 2910; x_wconf 84' lang='grc' dir='ltr'>ναυμαχίας</span> <span class='ocrx_word' id='word_1_196' title='bbox 1058 2848 1497 2916; x_wconf 82' lang='grc' dir='ltr'>περιγενόμενοι,</span> <span class='ocrx_word' id='word_1_197' title='bbox 1548 2854 1649 2921; x_wconf 89' lang='grc' dir='ltr'><strong>τήν</strong></span> <span class='ocrx_word' id='word_1_198' title='bbox 1697 2871 1756 2906; x_wconf 87' lang='grc' dir='ltr'><strong>τε</strong></span> 
     </span>
    </p>
   </div>
   <div class='ocr_carea' id='block_1_31' title="bbox 180 2922 1758 3009">
    <p class='ocr_par' dir='ltr' id='par_1_31' title="bbox 180 2922 1758 3009">
     <span class='ocr_line' id='line_1_31' title="bbox 180 2922 1758 3009; baseline 0.018 -41"><span class='ocrx_word' id='word_1_199' title='bbox 180 2922 526 2989; x_wconf 77' lang='grc' dir='ltr'>μητρόπολιν</span> <span class='ocrx_word' id='word_1_200' title='bbox 566 2929 954 2999; x_wconf 82' lang='grc' dir='ltr'>ἐχειρώσαντο,</span> <span class='ocrx_word' id='word_1_201' title='bbox 1013 2938 1397 3007; x_wconf 74' lang='grc' dir='ltr'>ἐπισπομένων</span> <span class='ocrx_word' id='word_1_202' title='bbox 1459 2944 1611 3009; x_wconf 84' lang='grc' dir='ltr'>σφίσι</span> <span class='ocrx_word' id='word_1_203' title='bbox 1663 2945 1758 2998; x_wconf 81' lang='grc' dir='ltr'>καὶ</span> 
     </span>
    </p>
   </div>
   <div class='ocr_carea' id='block_1_32' title="bbox 178 3011 1757 3101">
    <p class='ocr_par' dir='ltr' id='par_1_32' title="bbox 178 3011 1757 3101">
     <span class='ocr_line' id='line_1_32' title="bbox 178 3011 1757 3101; baseline 0.02 -41"><span class='ocrx_word' id='word_1_204' title='bbox 178 3011 464 3080; x_wconf 79' lang='grc' dir='ltr'>ἐσπερίων</span> <span class='ocrx_word' id='word_1_205' title='bbox 494 3021 732 3087; x_wconf 83' lang='grc' dir='ltr'>συχνῶν.</span> <span class='ocrx_word' id='word_1_206' title='bbox 780 3023 1204 3097; x_wconf 80' lang='grc' dir='ltr'>Ἐξηγουμένων</span> <span class='ocrx_word' id='word_1_207' title='bbox 1235 3030 1281 3083; x_wconf 77' lang='grc' dir='ltr'>δ’</span> <span class='ocrx_word' id='word_1_208' title='bbox 1311 3032 1492 3086; x_wconf 86' lang='grc' dir='ltr'>αὐτῶν</span> <span class='ocrx_word' id='word_1_209' title='bbox 1518 3035 1613 3088; x_wconf 75' lang='grc' dir='ltr'>ἐπὶ</span> <span class='ocrx_word' id='word_1_210' title='bbox 1630 3038 1757 3101; x_wconf 63' lang='grc' dir='ltr'>τὼς</span> 
     </span>
    </p>
   </div>
   <div class='ocr_carea' id='block_1_33' title="bbox 177 3103 1753 3197">
    <p class='ocr_par' dir='ltr' id='par_1_33' title="bbox 177 3103 1753 3197">
     <span class='ocr_line' id='line_1_33' title="bbox 177 3103 1753 3197; baseline 0.018 -44"><span class='ocrx_word' id='word_1_211' title='bbox 177 3103 478 3197; x_wconf 82' lang='grc' dir='ltr'>Ἕλληνας,</span> <span class='ocrx_word' id='word_1_212' title='bbox 512 3113 605 3163; x_wconf 79' lang='grc' dir='ltr'>καὶ</span> <span class='ocrx_word' id='word_1_213' title='bbox 627 3113 703 3174; x_wconf 86' lang='grc' dir='ltr'>ὼς</span> <span class='ocrx_word' id='word_1_214' title='bbox 747 3116 841 3183; x_wconf 85' lang='grc' dir='ltr'>τῆς</span> <span class='ocrx_word' id='word_1_215' title='bbox 877 3119 1111 3188; x_wconf 69' lang='grc' dir='ltr'>ἠπείρου</span> <span class='ocrx_word' id='word_1_216' title='bbox 1145 3122 1464 3190; x_wconf 75' lang='grc' dir='ltr'>ἀντέχεσθαι</span> <span class='ocrx_word' id='word_1_217' title='bbox 1498 3126 1753 3197; x_wconf 71' lang='grc' dir='ltr'>ἤρξαντο,</span> 
     </span>
    </p>
   </div>
   <div class='ocr_carea' id='block_1_34' title="bbox 1869 664 3446 737">
    <p class='ocr_par' dir='ltr' id='par_1_34' title="bbox 1869 664 3446 737">
     <span class='ocr_line' id='line_1_34' title="bbox 1869 664 3446 737; baseline 0.011 -28"><span class='ocrx_word' id='word_1_218' title='bbox 1869 672 2103 724; x_wconf 89' lang='lat' dir='ltr'><strong>morum,</strong></span> <span class='ocrx_word' id='word_1_219' title='bbox 2134 675 2343 714; x_wconf 86' lang='lat' dir='ltr'><strong>necnon</strong></span> <span class='ocrx_word' id='word_1_220' title='bbox 2376 664 2697 733; x_wconf 86' lang='lat' dir='ltr'><strong>templorum</strong></span> <span class='ocrx_word' id='word_1_221' title='bbox 2729 668 3132 737; x_wconf 80' lang='lat' dir='ltr'><strong>magniﬁcentia</strong></span> <span class='ocrx_word' id='word_1_222' title='bbox 3171 670 3446 725; x_wconf 91' lang='lat' dir='ltr'><strong>condeco-</strong></span> 
     </span>
    </p>
   </div>
   <div class='ocr_carea' id='block_1_35' title="bbox 1871 749 3442 827">
    <p class='ocr_par' dir='ltr' id='par_1_35' title="bbox 1871 749 3442 827">
     <span class='ocr_line' id='line_1_35' title="bbox 1871 749 3442 827; baseline 0.011 -27"><span class='ocrx_word' id='word_1_223' title='bbox 1871 759 2083 805; x_wconf 88' lang='lat' dir='ltr'><strong>rarunt.</strong></span> <span class='ocrx_word' id='word_1_224' title='bbox 2121 749 2399 809; x_wconf 86' lang='lat' dir='ltr'><strong>Triremes</strong></span> <span class='ocrx_word' id='word_1_225' title='bbox 2425 766 2746 814; x_wconf 80' lang='lat' dir='ltr'><strong>exstruxere</strong></span> <span class='ocrx_word' id='word_1_226' title='bbox 2778 775 2883 813; x_wconf 93' lang='lat' dir='ltr'><strong>non</strong></span> <span class='ocrx_word' id='word_1_227' title='bbox 2924 760 3193 827; x_wconf 81' lang='lat' dir='ltr'><strong>modicas,</strong></span> <span class='ocrx_word' id='word_1_228' title='bbox 3229 771 3282 816; x_wconf 89' lang='lat' dir='ltr'><strong>et</strong></span> <span class='ocrx_word' id='word_1_229' title='bbox 3314 778 3442 816; x_wconf 86' lang='lat' dir='ltr'><strong>mu-</strong></span> 
     </span>
    </p>
   </div>
   <div class='ocr_carea' id='block_1_36' title="bbox 1867 840 3444 909">
    <p class='ocr_par' dir='ltr' id='par_1_36' title="bbox 1867 840 3444 909">
     <span class='ocr_line' id='line_1_36' title="bbox 1867 840 3444 909; baseline 0.008 -15"><span class='ocrx_word' id='word_1_230' title='bbox 1867 840 2120 898; x_wconf 89' lang='lat' dir='ltr'><strong>nimentis</strong></span> <span class='ocrx_word' id='word_1_231' title='bbox 2151 859 2206 899; x_wconf 85' lang='lat' dir='ltr'><strong>se</strong></span> <span class='ocrx_word' id='word_1_232' title='bbox 2233 848 2603 902; x_wconf 89' lang='lat' dir='ltr'><strong>communiere</strong></span> <span class='ocrx_word' id='word_1_233' title='bbox 2636 850 2992 906; x_wconf 79' lang='lat' dir='ltr'><strong>ﬁrmissimis.</strong></span> <span class='ocrx_word' id='word_1_234' title='bbox 3047 853 3248 907; x_wconf 88' lang='lat' dir='ltr'><strong>Deinde</strong></span> <span class='ocrx_word' id='word_1_235' title='bbox 3271 856 3444 909; x_wconf 89' lang='lat' dir='ltr'><strong>ambi-</strong></span> 
     </span>
    </p>
   </div>
   <div class='ocr_carea' id='block_1_37' title="bbox 1870 933 3440 1010">
    <p class='ocr_par' dir='ltr' id='par_1_37' title="bbox 1870 933 3440 1010">
     <span class='ocr_line' id='line_1_37' title="bbox 1870 933 3440 1010; baseline 0.008 -24"><span class='ocrx_word' id='word_1_236' title='bbox 1870 933 2019 989; x_wconf 91' lang='lat' dir='ltr'><strong>tione</strong></span> <span class='ocrx_word' id='word_1_237' title='bbox 2055 937 2211 1001; x_wconf 91' lang='lat' dir='ltr'><strong>moti,</strong></span> <span class='ocrx_word' id='word_1_238' title='bbox 2246 939 2459 994; x_wconf 86' lang='lat' dir='ltr'><strong>navalia</strong></span> <span class='ocrx_word' id='word_1_239' title='bbox 2498 940 2655 1010; x_wconf 78' lang='lat'><strong>100</strong></span> <span class='ocrx_word' id='word_1_240' title='bbox 2678 943 2859 1009; x_wconf 69' lang='lat' dir='ltr'><strong>praelia</strong></span> <span class='ocrx_word' id='word_1_241' title='bbox 2886 944 3440 1000; x_wconf 90' lang='lat' dir='ltr'><strong>committebantcum</strong></span> 
     </span>
    </p>
   </div>
   <div class='ocr_carea' id='block_1_38' title="bbox 1868 1026 3445 1103">
    <p class='ocr_par' dir='ltr' id='par_1_38' title="bbox 1868 1026 3445 1103">
     <span class='ocr_line' id='line_1_38' title="bbox 1868 1026 3445 1103; baseline 0.008 -25"><span class='ocrx_word' id='word_1_242' title='bbox 1868 1026 1934 1078; x_wconf 90' lang='lat' dir='ltr'><strong>iis</strong></span> <span class='ocrx_word' id='word_1_243' title='bbox 1957 1027 2049 1093; x_wconf 89' lang='lat' dir='ltr'><strong>qui</strong></span> <span class='ocrx_word' id='word_1_244' title='bbox 2082 1026 2239 1095; x_wconf 87' lang='lat' dir='ltr'><strong>longe</strong></span> <span class='ocrx_word' id='word_1_245' title='bbox 2268 1028 2485 1098; x_wconf 83' lang='lat' dir='ltr'><strong>lateque</strong></span> <span class='ocrx_word' id='word_1_246' title='bbox 2509 1032 2689 1085; x_wconf 86' lang='lat' dir='ltr'><strong>navali</strong></span> <span class='ocrx_word' id='word_1_247' title='bbox 2747 1034 2917 1103; x_wconf 78' lang='lat' dir='ltr'><strong>gloria</strong></span> <span class='ocrx_word' id='word_1_248' title='bbox 2976 1051 3271 1091; x_wconf 88' lang='lat' dir='ltr'><strong>coruscare</strong></span> <span class='ocrx_word' id='word_1_249' title='bbox 3295 1039 3445 1090; x_wconf 86' lang='lat' dir='ltr'><strong>vide-</strong></span> 
     </span>
    </p>
   </div>
   <div class='ocr_carea' id='block_1_39' title="bbox 1866 1114 3442 1191">
    <p class='ocr_par' dir='ltr' id='par_1_39' title="bbox 1866 1114 3442 1191">
     <span class='ocr_line' id='line_1_39' title="bbox 1866 1114 3442 1191; baseline 0.008 -25"><span class='ocrx_word' id='word_1_250' title='bbox 1866 1114 2086 1169; x_wconf 87' lang='lat' dir='ltr'><strong>bantur.</strong></span> <span class='ocrx_word' id='word_1_251' title='bbox 2126 1118 2300 1171; x_wconf 86' lang='lat' dir='ltr'><strong>Etiam</strong></span> <span class='ocrx_word' id='word_1_252' title='bbox 2333 1119 2384 1172; x_wconf 88' lang='lat' dir='ltr'><strong>hi</strong></span> <span class='ocrx_word' id='word_1_253' title='bbox 2426 1135 2659 1187; x_wconf 90' lang='lat' dir='ltr'><strong>quorum</strong></span> <span class='ocrx_word' id='word_1_254' title='bbox 2706 1126 2945 1191; x_wconf 86' lang='lat' dir='ltr'><strong>potentia</strong></span> <span class='ocrx_word' id='word_1_255' title='bbox 3001 1126 3141 1179; x_wconf 90' lang='lat' dir='ltr'><strong>mari</strong></span> <span class='ocrx_word' id='word_1_256' title='bbox 3208 1126 3442 1180; x_wconf 81' lang='lat' dir='ltr'><strong>maxima</strong></span> 
     </span>
    </p>
   </div>
   <div class='ocr_carea' id='block_1_40' title="bbox 1865 1210 3443 1271">
    <p class='ocr_par' dir='ltr' id='par_1_40' title="bbox 1865 1210 3443 1271">
     <span class='ocr_line' id='line_1_40' title="bbox 1865 1210 3443 1271; baseline 0.007 -12"><span class='ocrx_word' id='word_1_257' title='bbox 1865 1214 2003 1270; x_wconf 85' lang='lat' dir='ltr'><strong>erat,</strong></span> <span class='ocrx_word' id='word_1_258' title='bbox 2046 1210 2361 1264; x_wconf 86' lang='lat' dir='ltr'><strong>metuebant</strong></span> <span class='ocrx_word' id='word_1_259' title='bbox 2398 1210 2722 1266; x_wconf 81' lang='lat' dir='ltr'><strong>Venetorum</strong></span> <span class='ocrx_word' id='word_1_260' title='bbox 2780 1215 3048 1270; x_wconf 88' lang='lat' dir='ltr'><strong>lacessere</strong></span> <span class='ocrx_word' id='word_1_261' title='bbox 3075 1232 3223 1270; x_wconf 90' lang='lat' dir='ltr'><strong>arma</strong></span> <span class='ocrx_word' id='word_1_262' title='bbox 3259 1233 3273 1271; x_wconf 88' lang='lat'><strong>:</strong></span> <span class='ocrx_word' id='word_1_263' title='bbox 3306 1217 3443 1271; x_wconf 91' lang='lat' dir='ltr'><strong>adeo</strong></span> 
     </span>
    </p>
   </div>
   <div class='ocr_carea' id='block_1_41' title="bbox 1866 1299 3441 1375">
    <p class='ocr_par' dir='ltr' id='par_1_41' title="bbox 1866 1299 3441 1375">
     <span class='ocr_line' id='line_1_41' title="bbox 1866 1299 3441 1375; baseline 0.006 -26"><span class='ocrx_word' id='word_1_264' title='bbox 1866 1311 2061 1366; x_wconf 90' lang='lat' dir='ltr'><strong>magna</strong></span> <span class='ocrx_word' id='word_1_265' title='bbox 2099 1299 2183 1353; x_wconf 88' lang='lat' dir='ltr'><strong>his</strong></span> <span class='ocrx_word' id='word_1_266' title='bbox 2224 1311 2535 1357; x_wconf 84' lang='lat' dir='ltr'><strong>accesserat</strong></span> <span class='ocrx_word' id='word_1_267' title='bbox 2595 1305 2857 1372; x_wconf 86' lang='lat' dir='ltr'><strong>potentia.</strong></span> <span class='ocrx_word' id='word_1_268' title='bbox 2908 1304 3204 1375; x_wconf 70' lang='lat' dir='ltr'><strong>Hegionem</strong></span> <span class='ocrx_word' id='word_1_269' title='bbox 3260 1316 3441 1362; x_wconf 88' lang='lat' dir='ltr'><strong>autem</strong></span> 
     </span>
    </p>
   </div>
   <div class='ocr_carea' id='block_1_42' title="bbox 1868 1390 3443 1465">
    <p class='ocr_par' dir='ltr' id='par_1_42' title="bbox 1868 1390 3443 1465">
     <span class='ocr_line' id='line_1_42' title="bbox 1868 1390 3443 1465; baseline 0.006 -22"><span class='ocrx_word' id='word_1_270' title='bbox 1868 1390 2013 1444; x_wconf 86' lang='lat' dir='ltr'><strong>haud</strong></span> <span class='ocrx_word' id='word_1_271' title='bbox 2045 1391 2609 1462; x_wconf 80' lang='lat' dir='ltr'><strong>infrugit‘eram.quae</strong></span> <span class='ocrx_word' id='word_1_272' title='bbox 2660 1397 2941 1465; x_wconf 80' lang='lat' dir='ltr'><strong>naviganti</strong></span> <span class='ocrx_word' id='word_1_273' title='bbox 2992 1414 3020 1452; x_wconf 73' lang='grc' dir='ltr'><strong>ο</strong></span> <span class='ocrx_word' id='word_1_274' title='bbox 3073 1399 3192 1452; x_wconf 84' lang='lat' dir='ltr'><strong>sinu</strong></span> <span class='ocrx_word' id='word_1_275' title='bbox 3252 1414 3443 1453; x_wconf 91' lang='lat' dir='ltr'><strong>versus</strong></span> 
     </span>
    </p>
   </div>
   <div class='ocr_carea' id='block_1_43' title="bbox 1864 1481 3441 1559">
    <p class='ocr_par' dir='ltr' id='par_1_43' title="bbox 1864 1481 3441 1559">
     <span class='ocr_line' id='line_1_43' title="bbox 1864 1481 3441 1559; baseline 0.008 -26"><span class='ocrx_word' id='word_1_276' title='bbox 1864 1481 2074 1534; x_wconf 79' lang='lat' dir='ltr'><strong>Ionium</strong></span> <span class='ocrx_word' id='word_1_277' title='bbox 2115 1496 2142 1535; x_wconf 86' lang='lat' dir='ltr'><strong>a</strong></span> <span class='ocrx_word' id='word_1_278' title='bbox 2168 1483 2389 1538; x_wconf 87' lang='lat' dir='ltr'><strong>sinistra</strong></span> <span class='ocrx_word' id='word_1_279' title='bbox 2426 1494 2528 1551; x_wconf 78' lang='lat' dir='ltr'><strong>est,</strong></span> <span class='ocrx_word' id='word_1_280' title='bbox 2580 1488 2814 1542; x_wconf 85' lang='lat' dir='ltr'><strong>eturhes</strong></span> <span class='ocrx_word' id='word_1_281' title='bbox 2860 1490 3146 1556; x_wconf 90' lang='lat' dir='ltr'><strong>opulentas</strong></span> <span class='ocrx_word' id='word_1_282' title='bbox 3203 1489 3441 1559; x_wconf 58' lang='lat' dir='ltr'><strong>subegea</strong></span> 
     </span>
    </p>
   </div>
   <div class='ocr_carea' id='block_1_44' title="bbox 1863 1574 3439 1649">
    <p class='ocr_par' dir='ltr' id='par_1_44' title="bbox 1863 1574 3439 1649">
     <span class='ocr_line' id='line_1_44' title="bbox 1863 1574 3439 1649; baseline 0.005 -22"><span class='ocrx_word' id='word_1_283' title='bbox 1863 1583 1991 1627; x_wconf 82' lang='lat' dir='ltr'><strong>runt</strong></span> <span class='ocrx_word' id='word_1_284' title='bbox 2012 1589 2184 1643; x_wconf 83' lang='lat' dir='ltr'><strong>usque</strong></span> <span class='ocrx_word' id='word_1_285' title='bbox 2210 1574 2277 1629; x_wconf 87' lang='lat' dir='ltr'><strong>ad</strong></span> <span class='ocrx_word' id='word_1_286' title='bbox 2315 1590 2463 1629; x_wconf 86' lang='lat' dir='ltr'><strong>mare</strong></span> <span class='ocrx_word' id='word_1_287' title='bbox 2516 1575 2787 1646; x_wconf 65' lang='lat' dir='ltr'><strong>Egaeum.</strong></span> <span class='ocrx_word' id='word_1_288' title='bbox 2841 1578 3008 1647; x_wconf 85' lang='lat' dir='ltr'><strong>Hujus</strong></span> <span class='ocrx_word' id='word_1_289' title='bbox 3033 1588 3222 1649; x_wconf 91' lang='lat' dir='ltr'><strong>portus</strong></span> <span class='ocrx_word' id='word_1_290' title='bbox 3245 1596 3439 1640; x_wconf 71' lang='lat' dir='ltr'><strong>omnes</strong></span> 
     </span>
    </p>
   </div>
   <div class='ocr_carea' id='block_1_45' title="bbox 1864 1667 3439 1741">
    <p class='ocr_par' dir='ltr' id='par_1_45' title="bbox 1864 1667 3439 1741">
     <span class='ocr_line' id='line_1_45' title="bbox 1864 1667 3439 1741; baseline 0.004 -21"><span class='ocrx_word' id='word_1_291' title='bbox 1864 1667 1917 1720; x_wconf 87' lang='lat' dir='ltr'><strong>in</strong></span> <span class='ocrx_word' id='word_1_292' title='bbox 1948 1674 2270 1735; x_wconf 87' lang='lat' dir='ltr'><strong>potestatem</strong></span> <span class='ocrx_word' id='word_1_293' title='bbox 2305 1667 2629 1737; x_wconf 87' lang='lat' dir='ltr'><strong>redigentes,</strong></span> <span class='ocrx_word' id='word_1_294' title='bbox 2684 1670 2979 1741; x_wconf 80' lang='lat' dir='ltr'><strong>Corcyram</strong></span> <span class='ocrx_word' id='word_1_295' title='bbox 3032 1673 3339 1728; x_wconf 84' lang='lat' dir='ltr'><strong>universam</strong></span> <span class='ocrx_word' id='word_1_296' title='bbox 3385 1675 3439 1727; x_wconf 91' lang='lat' dir='ltr'><strong>in</strong></span> 
     </span>
    </p>
   </div>
   <div class='ocr_carea' id='block_1_46' title="bbox 1862 1759 3440 1830">
    <p class='ocr_par' dir='ltr' id='par_1_46' title="bbox 1862 1759 3440 1830">
     <span class='ocr_line' id='line_1_46' title="bbox 1862 1759 3440 1830; baseline 0.005 -19"><span class='ocrx_word' id='word_1_297' title='bbox 1862 1759 2123 1812; x_wconf 82' lang='lat' dir='ltr'><strong>ditionem</strong></span> <span class='ocrx_word' id='word_1_298' title='bbox 2164 1768 2513 1826; x_wconf 86' lang='lat' dir='ltr'><strong>acceperunt.</strong></span> <span class='ocrx_word' id='word_1_299' title='bbox 2571 1761 2849 1830; x_wconf 86' lang='lat' dir='ltr'><strong>Ceperunt</strong></span> <span class='ocrx_word' id='word_1_300' title='bbox 2905 1764 3260 1829; x_wconf 80' lang='lat' dir='ltr'><strong>Euboeam,et</strong></span> <span class='ocrx_word' id='word_1_301' title='bbox 3310 1766 3440 1821; x_wconf 86' lang='lat' dir='ltr'><strong>Cre-</strong></span> 
     </span>
    </p>
   </div>
   <div class='ocr_carea' id='block_1_47' title="bbox 1865 1850 3441 1921">
    <p class='ocr_par' dir='ltr' id='par_1_47' title="bbox 1865 1850 3441 1921">
     <span class='ocr_line' id='line_1_47' title="bbox 1865 1850 3441 1921; baseline 0.005 -18"><span class='ocrx_word' id='word_1_302' title='bbox 1865 1858 2000 1911; x_wconf 92' lang='lat' dir='ltr'><strong>tam,</strong></span> <span class='ocrx_word' id='word_1_303' title='bbox 2036 1850 2713 1921; x_wconf 86' lang='lat' dir='ltr'><strong>Peloponuesiqueurbes.</strong></span> <span class='ocrx_word' id='word_1_304' title='bbox 2774 1856 2909 1910; x_wconf 86' lang='lat' dir='ltr'><strong>Cum</strong></span> <span class='ocrx_word' id='word_1_305' title='bbox 2963 1857 3139 1911; x_wconf 88' lang='lat' dir='ltr'><strong>classe</strong></span> <span class='ocrx_word' id='word_1_306' title='bbox 3171 1866 3441 1912; x_wconf 88' lang='lat' dir='ltr'><strong>venerunt</strong></span> 
     </span>
    </p>
   </div>
   <div class='ocr_carea' id='block_1_48' title="bbox 1866 1941 3435 2016">
    <p class='ocr_par' dir='ltr' id='par_1_48' title="bbox 1866 1941 3435 2016">
     <span class='ocr_line' id='line_1_48' title="bbox 1866 1941 3435 2016; baseline 0.004 -21"><span class='ocrx_word' id='word_1_307' title='bbox 1866 1942 1918 1995; x_wconf 87' lang='lat' dir='ltr'><strong>in</strong></span> <span class='ocrx_word' id='word_1_308' title='bbox 1972 1941 2207 2011; x_wconf 84' lang='lat' dir='ltr'><strong>Syriam:</strong></span> <span class='ocrx_word' id='word_1_309' title='bbox 2246 1942 2671 2012; x_wconf 85' lang='lat' dir='ltr'><strong>subigentesque</strong></span> <span class='ocrx_word' id='word_1_310' title='bbox 2718 1944 2965 2015; x_wconf 90' lang='lat' dir='ltr'><strong>Cyrenen</strong></span> <span class='ocrx_word' id='word_1_311' title='bbox 3005 1947 3435 2016; x_wconf 83' lang='lat' dir='ltr'><strong>urbem,magna</strong></span> 
     </span>
    </p>
   </div>
   <div class='ocr_carea' id='block_1_49' title="bbox 1863 2031 3436 2109">
    <p class='ocr_par' dir='ltr' id='par_1_49' title="bbox 1863 2031 3436 2109">
     <span class='ocr_line' id='line_1_49' title="bbox 1863 2031 3436 2109; baseline 0.004 -24"><span class='ocrx_word' id='word_1_312' title='bbox 1863 2031 2118 2086; x_wconf 87' lang='lat' dir='ltr'><strong>militaris</strong></span> <span class='ocrx_word' id='word_1_313' title='bbox 2142 2032 2368 2086; x_wconf 85' lang='lat' dir='ltr'><strong>virtutis</strong></span> <span class='ocrx_word' id='word_1_314' title='bbox 2397 2032 2542 2089; x_wconf 80' lang='lat' dir='ltr'><strong>facta</strong></span> <span class='ocrx_word' id='word_1_315' title='bbox 2598 2034 2980 2106; x_wconf 79' lang='lat' dir='ltr'><strong>designabant,</strong></span> <span class='ocrx_word' id='word_1_316' title='bbox 3043 2039 3250 2109; x_wconf 85' lang='lat' dir='ltr'><strong>ubique</strong></span> <span class='ocrx_word' id='word_1_317' title='bbox 3304 2053 3436 2092; x_wconf 91' lang='lat' dir='ltr'><strong>cum</strong></span> 
     </span>
    </p>
   </div>
   <div class='ocr_carea' id='block_1_50' title="bbox 1859 2124 3438 2194">
    <p class='ocr_par' dir='ltr' id='par_1_50' title="bbox 1859 2124 3438 2194">
     <span class='ocr_line' id='line_1_50' title="bbox 1859 2124 3438 2194; baseline 0.004 -16"><span class='ocrx_word' id='word_1_318' title='bbox 1859 2124 2115 2179; x_wconf 86' lang='lat' dir='ltr'><strong>Barbaris</strong></span> <span class='ocrx_word' id='word_1_319' title='bbox 2145 2124 2327 2194; x_wconf 73' lang='lat' dir='ltr'><strong>pmlia</strong></span> <span class='ocrx_word' id='word_1_320' title='bbox 2358 2127 2571 2180; x_wconf 78' lang='lat' dir='ltr'><strong>navalia</strong></span> <span class='ocrx_word' id='word_1_321' title='bbox 2597 2125 2887 2194; x_wconf 81' lang='lat' dir='ltr'><strong>facientes,</strong></span> <span class='ocrx_word' id='word_1_322' title='bbox 2910 2139 2964 2182; x_wconf 89' lang='lat' dir='ltr'><strong>et</strong></span> <span class='ocrx_word' id='word_1_323' title='bbox 3020 2146 3173 2184; x_wconf 89' lang='lat' dir='ltr'><strong>mare</strong></span> <span class='ocrx_word' id='word_1_324' title='bbox 3208 2133 3438 2185; x_wconf 80' lang='lat' dir='ltr'><strong>univer-</strong></span> 
     </span>
    </p>
   </div>
   <div class='ocr_carea' id='block_1_51' title="bbox 1860 2218 3432 2290">
    <p class='ocr_par' dir='ltr' id='par_1_51' title="bbox 1860 2218 3432 2290">
     <span class='ocr_line' id='line_1_51' title="bbox 1860 2218 3432 2290; baseline 0.002 -17"><span class='ocrx_word' id='word_1_325' title='bbox 1860 2233 2007 2282; x_wconf 84' lang='lat' dir='ltr'><strong>sum,</strong></span> <span class='ocrx_word' id='word_1_326' title='bbox 2034 2218 2175 2287; x_wconf 90' lang='lat' dir='ltr'><strong>quod</strong></span> <span class='ocrx_word' id='word_1_327' title='bbox 2194 2226 2277 2272; x_wconf 91' lang='lat' dir='ltr'><strong>est</strong></span> <span class='ocrx_word' id='word_1_328' title='bbox 2312 2218 2450 2272; x_wconf 88' lang='lat' dir='ltr'><strong>intra</strong></span> <span class='ocrx_word' id='word_1_329' title='bbox 2493 2218 2741 2272; x_wconf 80' lang='lat' dir='ltr'><strong>Herculis</strong></span> <span class='ocrx_word' id='word_1_330' title='bbox 2781 2220 3088 2284; x_wconf 81' lang='lat' dir='ltr'><strong>columnas,</strong></span> <span class='ocrx_word' id='word_1_331' title='bbox 3111 2224 3432 2290; x_wconf 78' lang='lat' dir='ltr'><strong>perdoman-</strong></span> 
     </span>
    </p>
   </div>
   <div class='ocr_carea' id='block_1_52' title="bbox 1858 2309 3438 2381">
    <p class='ocr_par' dir='ltr' id='par_1_52' title="bbox 1858 2309 3438 2381">
     <span class='ocr_line' id='line_1_52' title="bbox 1858 2309 3438 2381; baseline 0.001 -17"><span class='ocrx_word' id='word_1_332' title='bbox 1858 2318 1958 2364; x_wconf 89' lang='lat' dir='ltr'><strong>tes.</strong></span> <span class='ocrx_word' id='word_1_333' title='bbox 1982 2310 2154 2364; x_wconf 87' lang='lat' dir='ltr'><strong>Etiam</strong></span> <span class='ocrx_word' id='word_1_334' title='bbox 2193 2311 2506 2378; x_wconf 82' lang='lat' dir='ltr'><strong>pugnabant</strong></span> <span class='ocrx_word' id='word_1_335' title='bbox 2566 2309 2784 2365; x_wconf 79' lang='lat' dir='ltr'><strong>fortiter</strong></span> <span class='ocrx_word' id='word_1_336' title='bbox 2821 2322 3008 2364; x_wconf 89' lang='lat' dir='ltr'><strong>contra</strong></span> <span class='ocrx_word' id='word_1_337' title='bbox 3034 2327 3129 2366; x_wconf 92' lang='lat' dir='ltr'><strong>eos</strong></span> <span class='ocrx_word' id='word_1_338' title='bbox 3159 2312 3252 2381; x_wconf 89' lang='lat' dir='ltr'><strong>qui</strong></span> <span class='ocrx_word' id='word_1_339' title='bbox 3282 2321 3438 2366; x_wconf 91' lang='lat' dir='ltr'><strong>erant</strong></span> 
     </span>
    </p>
   </div>
   <div class='ocr_carea' id='block_1_53' title="bbox 1858 2403 3433 2473">
    <p class='ocr_par' dir='ltr' id='par_1_53' title="bbox 1858 2403 3433 2473">
     <span class='ocr_line' id='line_1_53' title="bbox 1858 2403 3433 2473; baseline 0.003 -18"><span class='ocrx_word' id='word_1_340' title='bbox 1858 2403 1912 2455; x_wconf 92' lang='lat' dir='ltr'><strong>in</strong></span> <span class='ocrx_word' id='word_1_341' title='bbox 1949 2404 2184 2471; x_wconf 86' lang='lat' dir='ltr'><strong>Europa.</strong></span> <span class='ocrx_word' id='word_1_342' title='bbox 2207 2411 2259 2457; x_wconf 88' lang='lat' dir='ltr'><strong>et</strong></span> <span class='ocrx_word' id='word_1_343' title='bbox 2282 2404 2382 2457; x_wconf 90' lang='lat' dir='ltr'><strong>sibi</strong></span> <span class='ocrx_word' id='word_1_344' title='bbox 2413 2403 2705 2457; x_wconf 87' lang='lat' dir='ltr'><strong>admodum</strong></span> <span class='ocrx_word' id='word_1_345' title='bbox 2764 2413 3009 2473; x_wconf 87' lang='lat' dir='ltr'><strong>potentes</strong></span> <span class='ocrx_word' id='word_1_346' title='bbox 3060 2408 3391 2461; x_wconf 89' lang='lat' dir='ltr'><strong>videbantur</strong></span> <span class='ocrx_word' id='word_1_347' title='bbox 3421 2426 3433 2460; x_wconf 92' lang='lat'>:</span> 
     </span>
    </p>
   </div>
   <div class='ocr_carea' id='block_1_54' title="bbox 1859 2495 3427 2568">
    <p class='ocr_par' dir='ltr' id='par_1_54' title="bbox 1859 2495 3427 2568">
     <span class='ocr_line' id='line_1_54' title="bbox 1859 2495 3427 2568; baseline 0.001 -18"><span class='ocrx_word' id='word_1_348' title='bbox 1859 2511 1957 2550; x_wconf 86' lang='lat' dir='ltr'><strong>nec</strong></span> <span class='ocrx_word' id='word_1_349' title='bbox 1980 2496 2229 2548; x_wconf 86' lang='lat' dir='ltr'><strong>oratione</strong></span> <span class='ocrx_word' id='word_1_350' title='bbox 2258 2495 2481 2564; x_wconf 85' lang='lat' dir='ltr'><strong>dignum</strong></span> <span class='ocrx_word' id='word_1_351' title='bbox 2517 2505 2672 2563; x_wconf 90' lang='lat' dir='ltr'><strong>puto,</strong></span> <span class='ocrx_word' id='word_1_352' title='bbox 2718 2497 2859 2565; x_wconf 86' lang='lat' dir='ltr'><strong>quod</strong></span> <span class='ocrx_word' id='word_1_353' title='bbox 2888 2513 2993 2550; x_wconf 94' lang='lat' dir='ltr'><strong>non</strong></span> <span class='ocrx_word' id='word_1_354' title='bbox 3025 2500 3427 2568; x_wconf 73' lang='lat' dir='ltr'><strong>adnavigarunt</strong></span> 
     </span>
    </p>
   </div>
   <div class='ocr_carea' id='block_1_55' title="bbox 1858 2587 3435 2655">
    <p class='ocr_par' dir='ltr' id='par_1_55' title="bbox 1858 2587 3435 2655">
     <span class='ocr_line' id='line_1_55' title="bbox 1858 2587 3435 2655; baseline 0.002 -14"><span class='ocrx_word' id='word_1_355' title='bbox 1858 2588 2037 2653; x_wconf 63' lang='lat' dir='ltr'><strong>italiae,</strong></span> <span class='ocrx_word' id='word_1_356' title='bbox 2106 2601 2207 2641; x_wconf 90' lang='lat' dir='ltr'><strong>nec</strong></span> <span class='ocrx_word' id='word_1_357' title='bbox 2266 2587 2369 2641; x_wconf 84' lang='lat' dir='ltr'><strong>sibi</strong></span> <span class='ocrx_word' id='word_1_358' title='bbox 2438 2587 2794 2655; x_wconf 90' lang='lat' dir='ltr'><strong>subjecerunt</strong></span> <span class='ocrx_word' id='word_1_359' title='bbox 2853 2589 3189 2653; x_wconf 83' lang='lat' dir='ltr'><strong>Ravennam,</strong></span> <span class='ocrx_word' id='word_1_360' title='bbox 3247 2593 3435 2646; x_wconf 82' lang='lat' dir='ltr'><strong>urbem</strong></span> 
     </span>
    </p>
   </div>
   <div class='ocr_carea' id='block_1_56' title="bbox 1858 2680 3438 2753">
    <p class='ocr_par' dir='ltr' id='par_1_56' title="bbox 1858 2680 3438 2753">
     <span class='ocr_line' id='line_1_56' title="bbox 1858 2680 3438 2753; baseline 0.004 -20"><span class='ocrx_word' id='word_1_361' title='bbox 1858 2682 2193 2750; x_wconf 85' lang='lat' dir='ltr'><strong>opulentam,</strong></span> <span class='ocrx_word' id='word_1_362' title='bbox 2230 2680 2476 2748; x_wconf 87' lang='lat' dir='ltr'><strong>principe</strong></span> <span class='ocrx_word' id='word_1_363' title='bbox 2507 2681 2670 2747; x_wconf 86' lang='lat' dir='ltr'><strong>hujus</strong></span> <span class='ocrx_word' id='word_1_364' title='bbox 2739 2683 3021 2736; x_wconf 81' lang='lat' dir='ltr'><strong>defuncto.</strong></span> <span class='ocrx_word' id='word_1_365' title='bbox 3058 2683 3201 2748; x_wconf 85' lang='lat' dir='ltr'><strong>Quia</strong></span> <span class='ocrx_word' id='word_1_366' title='bbox 3241 2701 3438 2753; x_wconf 90' lang='lat' dir='ltr'><strong>nempe</strong></span> 
     </span>
    </p>
   </div>
   <div class='ocr_carea' id='block_1_57' title="bbox 1860 2767 3436 2842">
    <p class='ocr_par' dir='ltr' id='par_1_57' title="bbox 1860 2767 3436 2842">
     <span class='ocr_line' id='line_1_57' title="bbox 1860 2767 3436 2842; baseline 0.006 -22"><span class='ocrx_word' id='word_1_367' title='bbox 1860 2782 1965 2821; x_wconf 91' lang='lat' dir='ltr'><strong>non</strong></span> <span class='ocrx_word' id='word_1_368' title='bbox 2004 2767 2471 2822; x_wconf 85' lang='lat' dir='ltr'><strong>solebantcontra</strong></span> <span class='ocrx_word' id='word_1_369' title='bbox 2531 2768 2779 2836; x_wconf 86' lang='lat' dir='ltr'><strong>ejusdem</strong></span> <span class='ocrx_word' id='word_1_370' title='bbox 2846 2774 3025 2841; x_wconf 88' lang='lat' dir='ltr'><strong>gentis</strong></span> <span class='ocrx_word' id='word_1_371' title='bbox 3088 2782 3140 2827; x_wconf 92' lang='lat' dir='ltr'><strong>et</strong></span> <span class='ocrx_word' id='word_1_372' title='bbox 3190 2776 3436 2842; x_wconf 88' lang='lat' dir='ltr'><strong>corporis</strong></span> 
     </span>
    </p>
   </div>
   <div class='ocr_carea' id='block_1_58' title="bbox 1858 2858 3437 2932">
    <p class='ocr_par' dir='ltr' id='par_1_58' title="bbox 1858 2858 3437 2932">
     <span class='ocr_line' id='line_1_58' title="bbox 1858 2858 3437 2932; baseline 0.004 -20"><span class='ocrx_word' id='word_1_373' title='bbox 1858 2860 2103 2912; x_wconf 82' lang='lat' dir='ltr'><strong>homines</strong></span> <span class='ocrx_word' id='word_1_374' title='bbox 2136 2858 2332 2912; x_wconf 86' lang='lat' dir='ltr'><strong>bellum</strong></span> <span class='ocrx_word' id='word_1_375' title='bbox 2386 2875 2630 2924; x_wconf 87' lang='lat' dir='ltr'><strong>movere,</strong></span> <span class='ocrx_word' id='word_1_376' title='bbox 2702 2862 2794 2915; x_wconf 83' lang='lat' dir='ltr'><strong>sed</strong></span> <span class='ocrx_word' id='word_1_377' title='bbox 2851 2874 3043 2917; x_wconf 86' lang='lat' dir='ltr'><strong>contra</strong></span> <span class='ocrx_word' id='word_1_378' title='bbox 3100 2864 3437 2932; x_wconf 75' lang='lat' dir='ltr'><strong>alienigenas</strong></span> 
     </span>
    </p>
   </div>
   <div class='ocr_carea' id='block_1_59' title="bbox 1856 2950 3434 3021">
    <p class='ocr_par' dir='ltr' id='par_1_59' title="bbox 1856 2950 3434 3021">
     <span class='ocr_line' id='line_1_59' title="bbox 1856 2950 3434 3021; baseline 0.001 -17"><span class='ocrx_word' id='word_1_379' title='bbox 1856 2966 2006 3004; x_wconf 85' lang='lat' dir='ltr'><strong>arma</strong></span> <span class='ocrx_word' id='word_1_380' title='bbox 2036 2950 2306 3004; x_wconf 82' lang='lat' dir='ltr'><strong>ferebant.</strong></span> <span class='ocrx_word' id='word_1_381' title='bbox 2371 2953 2535 3005; x_wconf 84' lang='lat' dir='ltr'><strong>Arma</strong></span> <span class='ocrx_word' id='word_1_382' title='bbox 2600 2952 2765 3006; x_wconf 86' lang='lat' dir='ltr'><strong>etiam</strong></span> <span class='ocrx_word' id='word_1_383' title='bbox 2830 2953 3190 3021; x_wconf 79' lang='lat' dir='ltr'><strong>arripuerunt</strong></span> <span class='ocrx_word' id='word_1_384' title='bbox 3242 2962 3434 3007; x_wconf 81' lang='lat' dir='ltr'><strong>contra</strong></span> 
     </span>
    </p>
   </div>
   <div class='ocr_carea' id='block_1_60' title="bbox 1856 3043 3432 3115">
    <p class='ocr_par' dir='ltr' id='par_1_60' title="bbox 1856 3043 3432 3115">
     <span class='ocr_line' id='line_1_60' title="bbox 1856 3043 3432 3115; baseline 0.001 -16"><span class='ocrx_word' id='word_1_385' title='bbox 1856 3043 2100 3106; x_wconf 69' lang='lat' dir='ltr'><strong>Graecos,</strong></span> <span class='ocrx_word' id='word_1_386' title='bbox 2143 3058 2283 3111; x_wconf 88' lang='lat' dir='ltr'><strong>quos</strong></span> <span class='ocrx_word' id='word_1_387' title='bbox 2318 3045 2498 3098; x_wconf 89' lang='lat' dir='ltr'><strong>navali</strong></span> <span class='ocrx_word' id='word_1_388' title='bbox 2559 3045 2745 3112; x_wconf 72' lang='lat' dir='ltr'><strong>praalio</strong></span> <span class='ocrx_word' id='word_1_389' title='bbox 2794 3045 3069 3108; x_wconf 87' lang='lat' dir='ltr'><strong>vicerunt.</strong></span> <span class='ocrx_word' id='word_1_390' title='bbox 3127 3061 3432 3115; x_wconf 88' lang='lat' dir='ltr'><strong>eorumque</strong></span> 
     </span>
    </p>
   </div>
   <div class='ocr_carea' id='block_1_61' title="bbox 1859 3136 3434 3206">
    <p class='ocr_par' dir='ltr' id='par_1_61' title="bbox 1859 3136 3434 3206">
     <span class='ocr_line' id='line_1_61' title="bbox 1859 3136 3434 3206; baseline 0 -17"><span class='ocrx_word' id='word_1_391' title='bbox 1859 3136 2200 3205; x_wconf 87' lang='lat' dir='ltr'><strong>metropolim</strong></span> <span class='ocrx_word' id='word_1_392' title='bbox 2225 3138 2298 3206; x_wconf 73' lang='grc'><strong>(4)</strong></span> <span class='ocrx_word' id='word_1_393' title='bbox 2325 3138 2682 3204; x_wconf 82' lang='lat' dir='ltr'><strong>subegerunt,</strong></span> <span class='ocrx_word' id='word_1_394' title='bbox 2712 3152 2834 3190; x_wconf 85' lang='lat' dir='ltr'><strong>cum</strong></span> <span class='ocrx_word' id='word_1_395' title='bbox 2859 3138 3075 3206; x_wconf 91' lang='lat' dir='ltr'><strong>plurimi</strong></span> <span class='ocrx_word' id='word_1_396' title='bbox 3104 3137 3434 3192; x_wconf 86' lang='lat' dir='ltr'><strong>Occidenta-</strong></span> 
     </span>
    </p>
   </div>
   <div class='ocr_carea' id='block_1_62' title="bbox 174 3196 1757 3298">
    <p class='ocr_par' dir='ltr' id='par_1_62' title="bbox 174 3196 1754 3298">
     <span class='ocr_line' id='line_1_62' title="bbox 174 3196 1754 3298; baseline 0.018 -52"><span class='ocrx_word' id='word_1_397' title='bbox 282 3196 481 3267; x_wconf 86' lang='grc' dir='ltr'>βραχεῖ</span> <span class='ocrx_word' id='word_1_398' title='bbox 503 3202 557 3253; x_wconf 81' lang='grc' dir='ltr'>δὲ</span> <span class='ocrx_word' id='word_1_399' title='bbox 595 3205 781 3273; x_wconf 84' lang='grc' dir='ltr'>χώραν</span> <span class='ocrx_word' id='word_1_400' title='bbox 825 3208 926 3275; x_wconf 85' lang='grc' dir='ltr'>τῆς</span> <span class='ocrx_word' id='word_1_401' title='bbox 984 3212 1220 3280; x_wconf 74' lang='grc' dir='ltr'>ἠπείρου</span> <span class='ocrx_word' id='word_1_402' title='bbox 1264 3215 1567 3285; x_wconf 77' lang='grc' dir='ltr'>ἐκτήσαντο</span> <span class='ocrx_word' id='word_1_403' title='bbox 1616 3221 1754 3288; x_wconf 85' lang='grc' dir='ltr'>ἀγα-</span> 
     </span>
    </p>
   </div>
   <div class='ocr_carea' id='block_1_63' title="bbox 1859 3196 3434 3298">
    <p class='ocr_par' dir='ltr' id='par_1_63' title="bbox 1859 3227 3434 3298">
     <span class='ocr_line' id='line_1_63' title="bbox 1859 3227 3434 3298; baseline -0.002 -16"><span class='ocrx_word' id='word_1_404' title='bbox 1859 3231 1937 3284; x_wconf 86' lang='lat' dir='ltr'><strong>les</strong></span> <span class='ocrx_word' id='word_1_405' title='bbox 1974 3229 2110 3298; x_wconf 89' lang='lat' dir='ltr'><strong>ipsis</strong></span> <span class='ocrx_word' id='word_1_406' title='bbox 2154 3229 2605 3297; x_wconf 81' lang='lat' dir='ltr'><strong>adjungerentur.</strong></span> <span class='ocrx_word' id='word_1_407' title='bbox 2639 3228 2838 3295; x_wconf 90' lang='lat' dir='ltr'><strong>Copias</strong></span> <span class='ocrx_word' id='word_1_408' title='bbox 2874 3235 3054 3281; x_wconf 89' lang='lat' dir='ltr'><strong>tamen</strong></span> <span class='ocrx_word' id='word_1_409' title='bbox 3085 3242 3206 3281; x_wconf 86' lang='lat' dir='ltr'><strong>cum</strong></span> <span class='ocrx_word' id='word_1_410' title='bbox 3266 3227 3434 3280; x_wconf 86' lang='lat' dir='ltr'><strong>duce-</strong></span> 
     </span>
    </p>
   </div>
   <div class='ocr_carea' id='block_1_64' title="bbox 176 3288 1754 3378">
    <p class='ocr_par' dir='ltr' id='par_1_64' title="bbox 176 3288 1754 3378">
     <span class='ocr_line' id='line_1_64' title="bbox 176 3288 1754 3378; baseline 0.019 -41"><span class='ocrx_word' id='word_1_411' title='bbox 176 3288 303 3358; x_wconf 75' lang='grc' dir='ltr'>θὴν,</span> <span class='ocrx_word' id='word_1_412' title='bbox 330 3291 426 3342; x_wconf 82' lang='grc' dir='ltr'>καὶ</span> <span class='ocrx_word' id='word_1_413' title='bbox 465 3291 669 3362; x_wconf 71' lang='grc' dir='ltr'>ὀχυρὰν</span> <span class='ocrx_word' id='word_1_414' title='bbox 695 3298 794 3365; x_wconf 80' lang='grc' dir='ltr'>τὴν</span> <span class='ocrx_word' id='word_1_415' title='bbox 823 3301 979 3354; x_wconf 85' lang='grc' dir='ltr'>πόλιν</span> <span class='ocrx_word' id='word_1_416' title='bbox 1006 3303 1186 3357; x_wconf 79' lang='grc' dir='ltr'>αὐτῶν</span> <span class='ocrx_word' id='word_1_417' title='bbox 1218 3309 1569 3378; x_wconf 86' lang='grc' dir='ltr'>παρείχοντο,</span> <span class='ocrx_word' id='word_1_418' title='bbox 1619 3331 1721 3367; x_wconf 82' lang='grc' dir='ltr'><strong>κατ</strong></span> <span class='ocrx_word' id='word_1_419' title='bbox 1740 3315 1754 3336; x_wconf 89' lang='grc'>’</span> 
     </span>
    </p>
   </div>
   <div class='ocr_carea' id='block_1_65' title="bbox 172 3380 1753 3472">
    <p class='ocr_par' dir='ltr' id='par_1_65' title="bbox 172 3380 1753 3472">
     <span class='ocr_line' id='line_1_65' title="bbox 172 3380 1753 3472; baseline 0.018 -42"><span class='ocrx_word' id='word_1_420' title='bbox 172 3380 346 3449; x_wconf 79' lang='grc' dir='ltr'>ἄμφω</span> <span class='ocrx_word' id='word_1_421' title='bbox 371 3384 449 3435; x_wconf 85' lang='grc' dir='ltr'>τὼ</span> <span class='ocrx_word' id='word_1_422' title='bbox 470 3384 708 3457; x_wconf 90' lang='grc' dir='ltr'>δυνάμεε</span> <span class='ocrx_word' id='word_1_423' title='bbox 740 3392 831 3443; x_wconf 75' lang='grc' dir='ltr'><strong>ἐπὶ</strong></span> <span class='ocrx_word' id='word_1_424' title='bbox 868 3394 1011 3459; x_wconf 86' lang='grc' dir='ltr'>μέγα</span> <span class='ocrx_word' id='word_1_425' title='bbox 1034 3395 1317 3462; x_wconf 71' lang='grc' dir='ltr'>αὔξοντες.</span> <span class='ocrx_word' id='word_1_426' title='bbox 1354 3402 1500 3472; x_wconf 85' lang='grc' dir='ltr'>Πρός</span> <span class='ocrx_word' id='word_1_427' title='bbox 1534 3422 1593 3457; x_wconf 85' lang='grc' dir='ltr'><strong>τε</strong></span> <span class='ocrx_word' id='word_1_428' title='bbox 1624 3406 1753 3469; x_wconf 79' lang='grc' dir='ltr'>τοὺς</span> 
     </span>
    </p>
   </div>
   <div class='ocr_carea' id='block_1_66' title="bbox 171 3473 1753 3566">
    <p class='ocr_par' dir='ltr' id='par_1_66' title="bbox 171 3473 1753 3566">
     <span class='ocr_line' id='line_1_66' title="bbox 171 3473 1753 3566; baseline 0.008 -29"><span class='ocrx_word' id='word_1_429' title='bbox 171 3473 276 3542; x_wconf 84' lang='grc' dir='ltr'><strong>τῆς</strong></span> <span class='ocrx_word' id='word_1_430' title='bbox 326 3476 561 3546; x_wconf 72' lang='grc' dir='ltr'>ἠπείρου</span> <span class='ocrx_word' id='word_1_431' title='bbox 620 3483 891 3551; x_wconf 87' lang='grc' dir='ltr'>ήγεμόνας</span> <span class='ocrx_word' id='word_1_432' title='bbox 948 3489 1349 3558; x_wconf 85' lang='grc' dir='ltr'>διενεχθέντες.</span> <span class='ocrx_word' id='word_1_433' title='bbox 1408 3496 1753 3566; x_wconf 73' lang='grc' dir='ltr'>ἐπολέμησαν</span> 
     </span>
    </p>
   </div>
   <div class='ocr_carea' id='block_1_67' title="bbox 172 3566 1751 3658">
    <p class='ocr_par' dir='ltr' id='par_1_67' title="bbox 172 3566 1751 3658">
     <span class='ocr_line' id='line_1_67' title="bbox 172 3566 1751 3658; baseline 0.018 -42"><span class='ocrx_word' id='word_1_434' title='bbox 172 3566 268 3616; x_wconf 73' lang='grc' dir='ltr'>ἐπὶ</span> <span class='ocrx_word' id='word_1_435' title='bbox 304 3568 509 3632; x_wconf 70' lang='grc' dir='ltr'>πολλὰς</span> <span class='ocrx_word' id='word_1_436' title='bbox 541 3574 735 3637; x_wconf 75' lang='grc' dir='ltr'>γενεὰς</span> <span class='ocrx_word' id='word_1_437' title='bbox 760 3576 849 3628; x_wconf 83' lang='grc' dir='ltr'>τὸν</span> <span class='ocrx_word' id='word_1_438' title='bbox 882 3578 1141 3646; x_wconf 80' lang='grc' dir='ltr'>πόλεμον,</span> <span class='ocrx_word' id='word_1_439' title='bbox 1174 3584 1269 3636; x_wconf 69' lang='grc' dir='ltr'>καὶ</span> <span class='ocrx_word' id='word_1_440' title='bbox 1319 3585 1575 3654; x_wconf 75' lang='grc' dir='ltr'>διέφερον</span> <span class='ocrx_word' id='word_1_441' title='bbox 1613 3605 1751 3658; x_wconf 83' lang='grc' dir='ltr'>χρη·</span> 
     </span>
    </p>
   </div>
   <div class='ocr_carea' id='block_1_68' title="bbox 175 3660 1752 3751">
    <p class='ocr_par' dir='ltr' id='par_1_68' title="bbox 175 3660 1752 3751">
     <span class='ocr_line' id='line_1_68' title="bbox 175 3660 1752 3751; baseline 0.016 -43"><span class='ocrx_word' id='word_1_442' title='bbox 175 3660 369 3724; x_wconf 83' lang='grc' dir='ltr'>μάτων</span> <span class='ocrx_word' id='word_1_443' title='bbox 396 3664 670 3733; x_wconf 74' lang='grc' dir='ltr'>προσόδῳ,</span> <span class='ocrx_word' id='word_1_444' title='bbox 703 3667 798 3736; x_wconf 80' lang='grc' dir='ltr'>τὴν</span> <span class='ocrx_word' id='word_1_445' title='bbox 828 3671 984 3723; x_wconf 70' lang='grc' dir='ltr'>πόλιν</span> <span class='ocrx_word' id='word_1_446' title='bbox 1050 3674 1297 3744; x_wconf 87' lang='grc' dir='ltr'>μεγάλην</span> <span class='ocrx_word' id='word_1_447' title='bbox 1326 3678 1542 3741; x_wconf 80' lang='grc' dir='ltr'>ἑαυτοῖς</span> <span class='ocrx_word' id='word_1_448' title='bbox 1579 3698 1752 3751; x_wconf 86' lang='grc' dir='ltr'>παρα-</span> 
     </span>
    </p>
   </div>
   <div class='ocr_carea' id='block_1_69' title="bbox 176 3754 1751 3844">
    <p class='ocr_par' dir='ltr' id='par_1_69' title="bbox 176 3754 1751 3844">
     <span class='ocr_line' id='line_1_69' title="bbox 176 3754 1751 3844; baseline 0.015 -41"><span class='ocrx_word' id='word_1_449' title='bbox 176 3754 625 3844; x_wconf 79' lang='grc' dir='ltr'>σκευασάμενοι.</span> <span class='ocrx_word' id='word_1_450' title='bbox 657 3762 811 3814; x_wconf 80' lang='grc' dir='ltr'>Μετὰ</span> <span class='ocrx_word' id='word_1_451' title='bbox 845 3763 901 3815; x_wconf 80' lang='grc' dir='ltr'>δὲ</span> <span class='ocrx_word' id='word_1_452' title='bbox 954 3765 1126 3821; x_wconf 82' lang='grc' dir='ltr'>ταῦτα</span> <span class='ocrx_word' id='word_1_453' title='bbox 1164 3771 1255 3821; x_wconf 81' lang='grc' dir='ltr'>καὶ</span> <span class='ocrx_word' id='word_1_454' title='bbox 1308 3772 1412 3823; x_wconf 79' lang='grc' dir='ltr'>ὑπὸ</span> <span class='ocrx_word' id='word_1_455' title='bbox 1444 3772 1751 3844; x_wconf 75' lang='grc' dir='ltr'>Βαρϐάρων</span> 
     </span>
    </p>
   </div>
   <div class='ocr_carea' id='block_1_70' title="bbox 166 3842 1749 3934">
    <p class='ocr_par' dir='ltr' id='par_1_70' title="bbox 166 3842 1749 3934">
     <span class='ocr_line' id='line_1_70' title="bbox 166 3842 1749 3934; baseline 0.016 -38"><span class='ocrx_word' id='word_1_456' title='bbox 166 3842 493 3910; x_wconf 80' lang='grc' dir='ltr'>βασιλέως,</span> <span class='ocrx_word' id='word_1_457' title='bbox 561 3848 663 3915; x_wconf 83' lang='grc' dir='ltr'>τῆς</span> <span class='ocrx_word' id='word_1_458' title='bbox 731 3853 962 3916; x_wconf 84' lang='grc' dir='ltr'>Ἰταλίας</span> <span class='ocrx_word' id='word_1_459' title='bbox 1030 3858 1167 3925; x_wconf 80' lang='grc' dir='ltr'>πρὸς</span> <span class='ocrx_word' id='word_1_460' title='bbox 1235 3861 1480 3931; x_wconf 75' lang='grc' dir='ltr'>ἑσπέραν</span> <span class='ocrx_word' id='word_1_461' title='bbox 1543 3842 1749 3934; x_wconf 84' lang='grc' dir='ltr'>χώρας,</span> 
     </span>
    </p>
   </div>
   <div class='ocr_carea' id='block_1_71' title="bbox 167 3937 1752 4028">
    <p class='ocr_par' dir='ltr' id='par_1_71' title="bbox 167 3937 1752 4028">
     <span class='ocr_line' id='line_1_71' title="bbox 167 3937 1752 4028; baseline 0.023 -44"><span class='ocrx_word' id='word_1_462' title='bbox 167 3937 315 4003; x_wconf 55' lang='grc' dir='ltr'>τερος</span> <span class='ocrx_word' id='word_1_463' title='bbox 381 3938 473 3991; x_wconf 79' lang='grc' dir='ltr'>τὸν</span> <span class='ocrx_word' id='word_1_464' title='bbox 540 3940 758 4011; x_wconf 83' lang='grc' dir='ltr'>Ῥώμης</span> <span class='ocrx_word' id='word_1_465' title='bbox 810 3945 1096 4017; x_wconf 79' lang='grc' dir='ltr'>ἀρχιερέα,</span> <span class='ocrx_word' id='word_1_466' title='bbox 1152 3951 1458 4007; x_wconf 75' lang='grc' dir='ltr'>ἐκπεσόντα</span> <span class='ocrx_word' id='word_1_467' title='bbox 1526 3974 1585 4009; x_wconf 87' lang='grc' dir='ltr'><strong>τε</strong></span> <span class='ocrx_word' id='word_1_468' title='bbox 1652 3960 1752 4028; x_wconf 83' lang='grc' dir='ltr'><strong>τῆς</strong></span> 
     </span>
    </p>
   </div>
   <div class='ocr_carea' id='block_1_72' title="bbox 329 4032 1751 4117">
    <p class='ocr_par' dir='ltr' id='par_1_72' title="bbox 329 4032 1751 4117">
     <span class='ocr_line' id='line_1_72' title="bbox 329 4032 1751 4117; baseline 0.016 -37"><span class='ocrx_word' id='word_1_469' title='bbox 329 4046 381 4093; x_wconf 92' lang='grc' dir='ltr'><strong>ς,</strong></span> <span class='ocrx_word' id='word_1_470' title='bbox 446 4032 543 4082; x_wconf 77' lang='grc' dir='ltr'>καὶ</span> <span class='ocrx_word' id='word_1_471' title='bbox 607 4032 706 4100; x_wconf 81' lang='grc' dir='ltr'>τῆς</span> <span class='ocrx_word' id='word_1_472' title='bbox 768 4035 1061 4105; x_wconf 85' lang='grc' dir='ltr'>Ῥωμαίων</span> <span class='ocrx_word' id='word_1_473' title='bbox 1140 4043 1358 4103; x_wconf 85' lang='grc' dir='ltr'>πόλεως</span> <span class='ocrx_word' id='word_1_474' title='bbox 1430 4050 1751 4117; x_wconf 85' lang='grc' dir='ltr'>κατήγαγόν</span> 
     </span>
    </p>
   </div>
   <div class='ocr_carea' id='block_1_73' title="bbox 163 4120 1753 4212">
    <p class='ocr_par' dir='ltr' id='par_1_73' title="bbox 163 4120 1753 4212">
     <span class='ocr_line' id='line_1_73' title="bbox 163 4120 1753 4212; baseline 0.016 -43"><span class='ocrx_word' id='word_1_475' title='bbox 163 4136 228 4170; x_wconf 87' lang='grc' dir='ltr'><strong>τε</strong></span> <span class='ocrx_word' id='word_1_476' title='bbox 294 4120 387 4173; x_wconf 77' lang='grc' dir='ltr'><strong>τὸν</strong></span> <span class='ocrx_word' id='word_1_477' title='bbox 448 4123 713 4193; x_wconf 85' lang='grc' dir='ltr'>ἀρχιερέα</span> <span class='ocrx_word' id='word_1_478' title='bbox 748 4127 842 4180; x_wconf 75' lang='grc' dir='ltr'>καὶ</span> <span class='ocrx_word' id='word_1_479' title='bbox 900 4129 1038 4199; x_wconf 78' lang='grc' dir='ltr'>πρὸς</span> <span class='ocrx_word' id='word_1_480' title='bbox 1085 4131 1177 4185; x_wconf 78' lang='grc' dir='ltr'><strong>τὸν</strong></span> <span class='ocrx_word' id='word_1_481' title='bbox 1236 4134 1460 4203; x_wconf 81' lang='grc' dir='ltr'>βασιλέα</span> <span class='ocrx_word' id='word_1_482' title='bbox 1508 4140 1753 4212; x_wconf 83' lang='grc' dir='ltr'>πολεμή-</span> 
     </span>
    </p>
   </div>
   <div class='ocr_carea' id='block_1_74' title="bbox 168 4212 1751 4303">
    <p class='ocr_par' dir='ltr' id='par_1_74' title="bbox 168 4212 1751 4303">
     <span class='ocr_line' id='line_1_74' title="bbox 168 4212 1751 4303; baseline 0.015 -42"><span class='ocrx_word' id='word_1_483' title='bbox 168 4227 396 4274; x_wconf 82' lang='grc' dir='ltr'>σαντες,</span> <span class='ocrx_word' id='word_1_484' title='bbox 472 4212 614 4266; x_wconf 82' lang='grc' dir='ltr'>ὥστε</span> <span class='ocrx_word' id='word_1_485' title='bbox 674 4218 993 4285; x_wconf 84' lang='grc' dir='ltr'>ἐμπεδῶσαι</span> <span class='ocrx_word' id='word_1_486' title='bbox 1052 4221 1131 4291; x_wconf 88' lang='grc' dir='ltr'>τῷ</span> <span class='ocrx_word' id='word_1_487' title='bbox 1175 4225 1429 4297; x_wconf 81' lang='grc' dir='ltr'>ἀρχιερεῖ</span> <span class='ocrx_word' id='word_1_488' title='bbox 1494 4231 1594 4299; x_wconf 81' lang='grc' dir='ltr'><strong>τὴν</strong></span> <span class='ocrx_word' id='word_1_489' title='bbox 1649 4234 1751 4303; x_wconf 84' lang='grc' dir='ltr'><strong>ἀρ-</strong></span> 
     </span>
    </p>
   </div>
   <div class='ocr_carea' id='block_1_75' title="bbox 166 4305 1754 4390">
    <p class='ocr_par' dir='ltr' id='par_1_75' title="bbox 166 4305 1754 4390">
     <span class='ocr_line' id='line_1_75' title="bbox 166 4305 1754 4390; baseline 0.018 -37"><span class='ocrx_word' id='word_1_490' title='bbox 166 4305 302 4373; x_wconf 79' lang='grc' dir='ltr'>χὴν,</span> <span class='ocrx_word' id='word_1_491' title='bbox 334 4308 618 4378; x_wconf 77' lang='grc' dir='ltr'>ναυμαχία</span> <span class='ocrx_word' id='word_1_492' title='bbox 647 4326 705 4361; x_wconf 90' lang='grc' dir='ltr'><strong>τε</strong></span> <span class='ocrx_word' id='word_1_493' title='bbox 737 4312 1145 4383; x_wconf 87' lang='grc' dir='ltr'>ἐπεκράτησαν,</span> <span class='ocrx_word' id='word_1_494' title='bbox 1175 4320 1269 4371; x_wconf 81' lang='grc' dir='ltr'>καὶ</span> <span class='ocrx_word' id='word_1_495' title='bbox 1287 4322 1622 4390; x_wconf 87' lang='grc' dir='ltr'>κατήγαγον.</span> <span class='ocrx_word' id='word_1_496' title='bbox 1644 4327 1754 4381; x_wconf 72' lang='grc' dir='ltr'><strong>Καὶ</strong></span> 
     </span>
    </p>
   </div>
   <div class='ocr_carea' id='block_1_76' title="bbox 170 4397 1754 4487">
    <p class='ocr_par' dir='ltr' id='par_1_76' title="bbox 170 4397 1754 4487">
     <span class='ocr_line' id='line_1_76' title="bbox 170 4397 1754 4487; baseline 0.015 -40"><span class='ocrx_word' id='word_1_497' title='bbox 170 4397 315 4463; x_wconf 83' lang='grc' dir='ltr'>πρός</span> <span class='ocrx_word' id='word_1_498' title='bbox 340 4415 402 4449; x_wconf 85' lang='grc' dir='ltr'><strong>τε</strong></span> <span class='ocrx_word' id='word_1_499' title='bbox 432 4400 559 4463; x_wconf 77' lang='grc' dir='ltr'>τοὺς</span> <span class='ocrx_word' id='word_1_500' title='bbox 594 4402 879 4467; x_wconf 79' lang='grc' dir='ltr'>Ἰανυΐους,</span> <span class='ocrx_word' id='word_1_501' title='bbox 916 4405 1207 4472; x_wconf 78' lang='grc' dir='ltr'>δοκοῦντας</span> <span class='ocrx_word' id='word_1_502' title='bbox 1260 4412 1362 4481; x_wconf 78' lang='grc' dir='ltr'>τῆς</span> <span class='ocrx_word' id='word_1_503' title='bbox 1402 4415 1545 4467; x_wconf 85' lang='grc' dir='ltr'>κατὰ</span> <span class='ocrx_word' id='word_1_504' title='bbox 1579 4419 1754 4487; x_wconf 83' lang='grc' dir='ltr'>χωρία</span> 
     </span>
    </p>
   </div>
   <div class='ocr_carea' id='block_1_77' title="bbox 166 4492 1749 4576">
    <p class='ocr_par' dir='ltr' id='par_1_77' title="bbox 166 4492 1749 4576">
     <span class='ocr_line' id='line_1_77' title="bbox 166 4492 1749 4576; baseline 0.015 -36"><span class='ocrx_word' id='word_1_505' title='bbox 166 4492 385 4553; x_wconf 82' lang='grc' dir='ltr'>ἐκεῖσε,</span> <span class='ocrx_word' id='word_1_506' title='bbox 416 4492 509 4542; x_wconf 74' lang='grc' dir='ltr'><strong>καὶ</strong></span> <span class='ocrx_word' id='word_1_507' title='bbox 538 4492 637 4559; x_wconf 84' lang='grc' dir='ltr'><strong>τὴν</strong></span> <span class='ocrx_word' id='word_1_508' title='bbox 673 4494 921 4563; x_wconf 87' lang='grc' dir='ltr'>πάραλον</span> <span class='ocrx_word' id='word_1_509' title='bbox 971 4500 1073 4567; x_wconf 84' lang='grc' dir='ltr'>τῆς</span> <span class='ocrx_word' id='word_1_510' title='bbox 1124 4500 1355 4565; x_wconf 82' lang='grc' dir='ltr'>Ἰταλίας</span> <span class='ocrx_word' id='word_1_511' title='bbox 1410 4507 1749 4576; x_wconf 86' lang='grc' dir='ltr'>ἐπικρατεῖν.</span> 
     </span>
    </p>
   </div>
   <div class='ocr_carea' id='block_1_78' title="bbox 167 4567 1830 4666">
    <p class='ocr_par' dir='ltr' id='par_1_78' title="bbox 167 4567 1830 4666">
     <span class='ocr_line' id='line_1_78' title="bbox 167 4567 1830 4666; baseline 0.014 -37"><span class='ocrx_word' id='word_1_512' title='bbox 167 4581 424 4649; x_wconf 74' lang='grc' dir='ltr'>πόλεμον</span> <span class='ocrx_word' id='word_1_513' title='bbox 452 4581 857 4649; x_wconf 80' lang='grc' dir='ltr'>ἐξενεγκόντες,</span> <span class='ocrx_word' id='word_1_514' title='bbox 896 4590 1109 4656; x_wconf 85' lang='grc' dir='ltr'>μεγάλα</span> <span class='ocrx_word' id='word_1_515' title='bbox 1150 4567 1559 4658; x_wconf 48' lang='grc' dir='ltr'>ἀποδείξασθαι.</span> <span class='ocrx_word' id='word_1_516' title='bbox 1589 4567 1749 4666; x_wconf 71' lang='grc' dir='ltr'>ἔργα,</span> <span class='ocrx_word' id='word_1_517' title='bbox 1782 4567 1830 4626; x_wconf 80' lang='lat' dir='ltr'><strong>D</strong></span> 
     </span>
    </p>
   </div>
   <div class='ocr_carea' id='block_1_79' title="bbox 168 4670 1755 4755">
    <p class='ocr_par' dir='ltr' id='par_1_79' title="bbox 168 4670 1755 4755">
     <span class='ocr_line' id='line_1_79' title="bbox 168 4670 1755 4755; baseline 0.017 -36"><span class='ocrx_word' id='word_1_518' title='bbox 168 4670 431 4739; x_wconf 83' lang='grc' dir='ltr'>πολλαχῆ</span> <span class='ocrx_word' id='word_1_519' title='bbox 462 4672 1014 4746; x_wconf 79' lang='grc' dir='ltr'>διαναυμαχήσαντες</span> <span class='ocrx_word' id='word_1_520' title='bbox 1045 4682 1140 4734; x_wconf 79' lang='grc' dir='ltr'>καὶ</span> <span class='ocrx_word' id='word_1_521' title='bbox 1191 4686 1623 4755; x_wconf 86' lang='grc' dir='ltr'>περιγενόμενοι.</span> <span class='ocrx_word' id='word_1_522' title='bbox 1650 4686 1755 4745; x_wconf 76' lang='grc' dir='ltr'><strong>Οὗ-</strong></span> 
     </span>
    </p>
   </div>
   <div class='ocr_carea' id='block_1_80' title="bbox 163 4766 1753 4850">
    <p class='ocr_par' dir='ltr' id='par_1_80' title="bbox 163 4766 1753 4850">
     <span class='ocr_line' id='line_1_80' title="bbox 163 4766 1753 4850; baseline 0.015 -39"><span class='ocrx_word' id='word_1_523' title='bbox 163 4777 254 4813; x_wconf 73' lang='grc' dir='ltr'><strong>τοι</strong></span> <span class='ocrx_word' id='word_1_524' title='bbox 316 4766 618 4832; x_wconf 84' lang='grc' dir='ltr'>τοιγαροῦν</span> <span class='ocrx_word' id='word_1_525' title='bbox 656 4766 747 4818; x_wconf 81' lang='grc' dir='ltr'>τὸν</span> <span class='ocrx_word' id='word_1_526' title='bbox 796 4769 931 4838; x_wconf 82' lang='grc' dir='ltr'>πρὸς</span> <span class='ocrx_word' id='word_1_527' title='bbox 981 4773 1108 4835; x_wconf 76' lang='grc' dir='ltr'>τοὺς</span> <span class='ocrx_word' id='word_1_528' title='bbox 1158 4775 1455 4840; x_wconf 83' lang='grc' dir='ltr'>Οὐενετοὺς</span> <span class='ocrx_word' id='word_1_529' title='bbox 1516 4781 1753 4850; x_wconf 81' lang='grc' dir='ltr'>πόλεμον</span> 
     </span>
    </p>
   </div>
   <div class='ocr_carea' id='block_1_81' title="bbox 162 4852 1753 4943">
    <p class='ocr_par' dir='ltr' id='par_1_81' title="bbox 162 4852 1753 4943">
     <span class='ocr_line' id='line_1_81' title="bbox 162 4852 1753 4943; baseline 0.014 -40"><span class='ocrx_word' id='word_1_530' title='bbox 162 4852 597 4921; x_wconf 67' lang='grc' dir='ltr'>ἀναιρούμενοι,</span> <span class='ocrx_word' id='word_1_531' title='bbox 632 4857 822 4926; x_wconf 83' lang='grc' dir='ltr'>ὀλίγου</span> <span class='ocrx_word' id='word_1_532' title='bbox 854 4860 967 4913; x_wconf 87' lang='grc' dir='ltr'>δεῖν</span> <span class='ocrx_word' id='word_1_533' title='bbox 1030 4863 1129 4932; x_wconf 81' lang='grc' dir='ltr'><strong>τήν</strong></span> <span class='ocrx_word' id='word_1_534' title='bbox 1189 4866 1347 4919; x_wconf 86' lang='grc' dir='ltr'>πόλιν</span> <span class='ocrx_word' id='word_1_535' title='bbox 1399 4870 1572 4940; x_wconf 79' lang='grc' dir='ltr'>αὐτὴν</span> <span class='ocrx_word' id='word_1_536' title='bbox 1612 4874 1753 4943; x_wconf 76' lang='grc' dir='ltr'>ἐχειο</span> 
     </span>
    </p>
   </div>
   <div class='ocr_carea' id='block_1_82' title="bbox 167 4936 1804 5024">
    <p class='ocr_par' dir='ltr' id='par_1_82' title="bbox 167 4936 1804 5024">
     <span class='ocr_line' id='line_1_82' title="bbox 167 4936 1804 5024; baseline 0.016 -32"><span class='ocrx_word' id='word_1_537' title='bbox 167 4941 461 5011; x_wconf 79' lang='grc' dir='ltr'>ρὼσαντο,</span> <span class='ocrx_word' id='word_1_538' title='bbox 493 4946 928 5013; x_wconf 75' lang='grc' dir='ltr'>ἐπιπλεύσαντες</span> <span class='ocrx_word' id='word_1_539' title='bbox 985 4956 1236 5024; x_wconf 90' lang='grc' dir='ltr'>τριήρεσι</span> <span class='ocrx_word' id='word_1_540' title='bbox 1284 4960 1379 5011; x_wconf 68' lang='grc' dir='ltr'>καὶ</span> <span class='ocrx_word' id='word_1_541' title='bbox 1423 4962 1613 5015; x_wconf 78' lang='grc' dir='ltr'>ναυσὶν</span> <span class='ocrx_word' id='word_1_542' title='bbox 1662 4967 1754 5017; x_wconf 78' lang='grc' dir='ltr'>ἐπὶ</span> <span class='ocrx_word' id='word_1_543' title='bbox 1786 4936 1804 4956; x_wconf 28' lang='grc' dir='ltr'>ἢ</span> 
     </span>
    </p>
   </div>
   <div class='ocr_carea' id='block_1_83' title="bbox 156 5035 1753 5112">
    <p class='ocr_par' dir='ltr' id='par_1_83' title="bbox 156 5035 1753 5112">
     <span class='ocr_line' id='line_1_83' title="bbox 156 5035 1753 5112; baseline 0.018 -29"><span class='ocrx_word' id='word_1_544' title='bbox 156 5036 283 5085; x_wconf 77' lang='grc' dir='ltr'>τῶν</span> <span class='ocrx_word' id='word_1_545' title='bbox 318 5035 605 5089; x_wconf 81' lang='grc' dir='ltr'>Οὐενετῶν</span> <span class='ocrx_word' id='word_1_546' title='bbox 636 5039 856 5108; x_wconf 88' lang='grc' dir='ltr'>λιμένα,</span> <span class='ocrx_word' id='word_1_547' title='bbox 889 5045 984 5096; x_wconf 79' lang='grc' dir='ltr'>καὶ</span> <span class='ocrx_word' id='word_1_548' title='bbox 1016 5047 1351 5112; x_wconf 83' lang='grc' dir='ltr'>εἰσελθόντες</span> <span class='ocrx_word' id='word_1_549' title='bbox 1379 5055 1522 5107; x_wconf 84' lang='grc' dir='ltr'>κατὰ</span> <span class='ocrx_word' id='word_1_550' title='bbox 1562 5056 1621 5108; x_wconf 84' lang='grc' dir='ltr'>τὸ</span> <span class='ocrx_word' id='word_1_551' title='bbox 1660 5058 1753 5111; x_wconf 74' lang='grc' dir='ltr'>ἐπὶ</span> 
     </span>
    </p>
   </div>
   <div class='ocr_carea' id='block_1_84' title="bbox 163 5127 1752 5219">
    <p class='ocr_par' dir='ltr' id='par_1_84' title="bbox 163 5127 1752 5219">
     <span class='ocr_line' id='line_1_84' title="bbox 163 5127 1752 5219; baseline 0.016 -42"><span class='ocrx_word' id='word_1_552' title='bbox 163 5127 420 5205; x_wconf 71' lang='grc' dir='ltr'>Κλιςόην</span> <span class='ocrx_word' id='word_1_553' title='bbox 458 5129 532 5183; x_wconf 87' lang='grc'><strong>⁷⁷.</strong></span> <span class='ocrx_word' id='word_1_554' title='bbox 561 5132 720 5195; x_wconf 86' lang='grc' dir='ltr'>Πόλις</span> <span class='ocrx_word' id='word_1_555' title='bbox 748 5132 803 5184; x_wconf 87' lang='grc' dir='ltr'>δὲ</span> <span class='ocrx_word' id='word_1_556' title='bbox 830 5135 1011 5188; x_wconf 83' lang='grc' dir='ltr'>αὐτῶν</span> <span class='ocrx_word' id='word_1_557' title='bbox 1034 5138 1289 5207; x_wconf 84' lang='grc' dir='ltr'>οίκείται,</span> <span class='ocrx_word' id='word_1_558' title='bbox 1318 5143 1423 5213; x_wconf 85' lang='grc' dir='ltr'>ὅπη</span> <span class='ocrx_word' id='word_1_559' title='bbox 1446 5145 1509 5214; x_wconf 83' lang='grc' dir='ltr'>δὴ</span> <span class='ocrx_word' id='word_1_560' title='bbox 1532 5149 1558 5199; x_wconf 86' lang='grc' dir='ltr'><strong>ό</strong></span> <span class='ocrx_word' id='word_1_561' title='bbox 1588 5149 1752 5219; x_wconf 82' lang='grc' dir='ltr'>λιμὴν</span> 
     </span>
    </p>
   </div>
   <div class='ocr_carea' id='block_1_85' title="bbox 156 5220 1747 5308">
    <p class='ocr_par' dir='ltr' id='par_1_85' title="bbox 156 5220 1747 5308">
     <span class='ocr_line' id='line_1_85' title="bbox 156 5220 1747 5308; baseline 0.016 -40"><span class='ocrx_word' id='word_1_562' title='bbox 156 5220 353 5286; x_wconf 81' lang='grc' dir='ltr'>μέγας</span> <span class='ocrx_word' id='word_1_563' title='bbox 417 5237 474 5271; x_wconf 78' lang='grc' dir='ltr'><strong>τε</strong></span> <span class='ocrx_word' id='word_1_564' title='bbox 504 5220 599 5287; x_wconf 83' lang='grc' dir='ltr'><strong>ὢν,</strong></span> <span class='ocrx_word' id='word_1_565' title='bbox 630 5224 726 5275; x_wconf 71' lang='grc' dir='ltr'>καὶ</span> <span class='ocrx_word' id='word_1_566' title='bbox 779 5230 1177 5293; x_wconf 80' lang='grc' dir='ltr'>πεντακοσίους</span> <span class='ocrx_word' id='word_1_567' title='bbox 1229 5235 1478 5299; x_wconf 86' lang='grc' dir='ltr'>σταδίους</span> <span class='ocrx_word' id='word_1_568' title='bbox 1522 5239 1747 5308; x_wconf 82' lang='grc' dir='ltr'>διήκων,</span> 
     </span>
    </p>
   </div>
   <div class='ocr_carea' id='block_1_86' title="bbox 153 5314 1749 5404">
    <p class='ocr_par' dir='ltr' id='par_1_86' title="bbox 153 5314 1749 5404">
     <span class='ocr_line' id='line_1_86' title="bbox 153 5314 1749 5404; baseline 0.015 -42"><span class='ocrx_word' id='word_1_569' title='bbox 153 5314 335 5380; x_wconf 78' lang='grc' dir='ltr'>λήγει</span> <span class='ocrx_word' id='word_1_570' title='bbox 363 5314 422 5375; x_wconf 81' lang='grc' dir='ltr'><strong>ἐς</strong></span> <span class='ocrx_word' id='word_1_571' title='bbox 452 5315 553 5385; x_wconf 82' lang='grc' dir='ltr'>τὴν</span> <span class='ocrx_word' id='word_1_572' title='bbox 584 5317 728 5370; x_wconf 78' lang='grc' dir='ltr'>κατὰ</span> <span class='ocrx_word' id='word_1_573' title='bbox 756 5320 849 5371; x_wconf 79' lang='grc' dir='ltr'>τὸν</span> <span class='ocrx_word' id='word_1_574' title='bbox 876 5320 1159 5391; x_wconf 69' lang='grc' dir='ltr'>Ἠριδανὸν</span> <span class='ocrx_word' id='word_1_575' title='bbox 1189 5326 1397 5395; x_wconf 75' lang='grc' dir='ltr'>χώραν.</span> <span class='ocrx_word' id='word_1_576' title='bbox 1436 5330 1621 5403; x_wconf 80' lang='grc' dir='ltr'>Ταύτῃ</span> <span class='ocrx_word' id='word_1_577' title='bbox 1642 5334 1749 5404; x_wconf 79' lang='grc' dir='ltr'>γὰρ</span> 
     </span>
    </p>
   </div>
   <div class='ocr_carea' id='block_1_87' title="bbox 175 5404 1749 5479">
    <p class='ocr_par' dir='ltr' id='par_1_87' title="bbox 175 5404 1749 5479">
     <span class='ocr_line' id='line_1_87' title="bbox 175 5404 1749 5479; baseline 0.015 -24"><span class='ocrx_word' id='word_1_578' title='bbox 175 5404 475 5473; x_wconf 76' lang='grc' dir='ltr'>Ἠριδανὸς</span> <span class='ocrx_word' id='word_1_579' title='bbox 510 5408 685 5476; x_wconf 87' lang='grc' dir='ltr'>μέγας</span> <span class='ocrx_word' id='word_1_580' title='bbox 722 5427 781 5463; x_wconf 83' lang='grc' dir='ltr'><strong>τε</strong></span> <span class='ocrx_word' id='word_1_581' title='bbox 810 5412 921 5466; x_wconf 85' lang='grc' dir='ltr'><strong>τῶν</strong></span> <span class='ocrx_word' id='word_1_582' title='bbox 976 5417 1119 5469; x_wconf 84' lang='grc' dir='ltr'>κατὰ</span> <span class='ocrx_word' id='word_1_583' title='bbox 1160 5418 1261 5472; x_wconf 65' lang='grc' dir='ltr'><strong>τὴν</strong></span> <span class='ocrx_word' id='word_1_584' title='bbox 1292 5421 1524 5475; x_wconf 81' lang='grc' dir='ltr'>Ἰταλίαν</span> <span class='ocrx_word' id='word_1_585' title='bbox 1582 5443 1749 5479; x_wconf 86' lang='grc' dir='ltr'>ποτα-</span> 
     </span>
    </p>
   </div>
   <div class='ocr_carea' id='block_1_88' title="bbox 1856 3319 3430 3386">
    <p class='ocr_par' dir='ltr' id='par_1_88' title="bbox 1856 3319 3430 3386">
     <span class='ocr_line' id='line_1_88' title="bbox 1856 3319 3430 3386; baseline 0 -10"><span class='ocrx_word' id='word_1_586' title='bbox 1856 3330 1979 3376; x_wconf 90' lang='lat' dir='ltr'><strong>rent</strong></span> <span class='ocrx_word' id='word_1_587' title='bbox 2006 3321 2271 3375; x_wconf 80' lang='lat' dir='ltr'><strong>adversus</strong></span> <span class='ocrx_word' id='word_1_588' title='bbox 2306 3319 2555 3386; x_wconf 74' lang='lat' dir='ltr'><strong>Graecos,</strong></span> <span class='ocrx_word' id='word_1_589' title='bbox 2592 3322 2909 3374; x_wconf 88' lang='lat' dir='ltr'><strong>continente</strong></span> <span class='ocrx_word' id='word_1_590' title='bbox 2955 3335 3062 3373; x_wconf 89' lang='lat' dir='ltr'><strong>non</strong></span> <span class='ocrx_word' id='word_1_591' title='bbox 3097 3320 3430 3377; x_wconf 82' lang='lat' dir='ltr'><strong>abstinuere.</strong></span> 
     </span>
    </p>
   </div>
   <div class='ocr_carea' id='block_1_89' title="bbox 1854 3410 3434 3483">
    <p class='ocr_par' dir='ltr' id='par_1_89' title="bbox 1854 3410 3434 3483">
     <span class='ocr_line' id='line_1_89' title="bbox 1854 3410 3434 3483; baseline 0.001 -18"><span class='ocrx_word' id='word_1_592' title='bbox 1854 3429 2046 3467; x_wconf 84' lang='lat' dir='ltr'><strong>verum</strong></span> <span class='ocrx_word' id='word_1_593' title='bbox 2080 3413 2351 3483; x_wconf 74' lang='lat' dir='ltr'><strong>regionem</strong></span> <span class='ocrx_word' id='word_1_594' title='bbox 2373 3410 2493 3478; x_wconf 85' lang='lat' dir='ltr'><strong>ejus</strong></span> <span class='ocrx_word' id='word_1_595' title='bbox 2528 3427 2633 3464; x_wconf 89' lang='lat' dir='ltr'><strong>non</strong></span> <span class='ocrx_word' id='word_1_596' title='bbox 2656 3410 2925 3464; x_wconf 91' lang='lat' dir='ltr'><strong>modicam</strong></span> <span class='ocrx_word' id='word_1_597' title='bbox 2954 3418 3007 3464; x_wconf 87' lang='lat' dir='ltr'><strong>et</strong></span> <span class='ocrx_word' id='word_1_598' title='bbox 3032 3413 3293 3480; x_wconf 89' lang='lat' dir='ltr'><strong>optimam</strong></span> <span class='ocrx_word' id='word_1_599' title='bbox 3324 3426 3434 3466; x_wconf 66' lang='lat' dir='ltr'><strong>suae</strong></span> 
     </span>
    </p>
   </div>
   <div class='ocr_carea' id='block_1_90' title="bbox 1854 3502 3430 3571">
    <p class='ocr_par' dir='ltr' id='par_1_90' title="bbox 1854 3502 3430 3571">
     <span class='ocr_line' id='line_1_90' title="bbox 1854 3502 3430 3571; baseline -0.002 -12"><span class='ocrx_word' id='word_1_600' title='bbox 1854 3504 2049 3559; x_wconf 91' lang='lat' dir='ltr'><strong>ditioni</strong></span> <span class='ocrx_word' id='word_1_601' title='bbox 2074 3505 2328 3571; x_wconf 77' lang='lat' dir='ltr'><strong>junxere.</strong></span> <span class='ocrx_word' id='word_1_602' title='bbox 2357 3502 2560 3558; x_wconf 89' lang='lat' dir='ltr'><strong>Urbem</strong></span> <span class='ocrx_word' id='word_1_603' title='bbox 2585 3518 2803 3571; x_wconf 86' lang='lat' dir='ltr'><strong>quoque</strong></span> <span class='ocrx_word' id='word_1_604' title='bbox 2826 3518 2978 3557; x_wconf 87' lang='lat' dir='ltr'><strong>suam</strong></span> <span class='ocrx_word' id='word_1_605' title='bbox 3004 3503 3430 3557; x_wconf 87' lang='lat' dir='ltr'><strong>munitissimam</strong></span> 
     </span>
    </p>
   </div>
   <div class='ocr_carea' id='block_1_91' title="bbox 1854 3592 3430 3665">
    <p class='ocr_par' dir='ltr' id='par_1_91' title="bbox 1854 3592 3430 3665">
     <span class='ocr_line' id='line_1_91' title="bbox 1854 3592 3430 3665; baseline -0.003 -16"><span class='ocrx_word' id='word_1_606' title='bbox 1854 3597 2180 3665; x_wconf 66' lang='lat' dir='ltr'><strong>praestitere,</strong></span> <span class='ocrx_word' id='word_1_607' title='bbox 2201 3610 2321 3649; x_wconf 83' lang='lat' dir='ltr'><strong>cum</strong></span> <span class='ocrx_word' id='word_1_608' title='bbox 2352 3610 2470 3647; x_wconf 89' lang='lat' dir='ltr'><strong>eam</strong></span> <span class='ocrx_word' id='word_1_609' title='bbox 2503 3601 2556 3647; x_wconf 89' lang='lat' dir='ltr'><strong>et</strong></span> <span class='ocrx_word' id='word_1_610' title='bbox 2586 3592 2762 3645; x_wconf 84' lang='lat' dir='ltr'><strong>navali</strong></span> <span class='ocrx_word' id='word_1_611' title='bbox 2801 3592 3153 3661; x_wconf 87' lang='lat' dir='ltr'><strong>pedestrique</strong></span> <span class='ocrx_word' id='word_1_612' title='bbox 3183 3593 3430 3660; x_wconf 72' lang='lat' dir='ltr'><strong>potentia</strong></span> 
     </span>
    </p>
   </div>
   <div class='ocr_carea' id='block_1_92' title="bbox 1854 3684 3432 3751">
    <p class='ocr_par' dir='ltr' id='par_1_92' title="bbox 1854 3684 3432 3751">
     <span class='ocr_line' id='line_1_92' title="bbox 1854 3684 3432 3751; baseline -0.003 -10"><span class='ocrx_word' id='word_1_613' title='bbox 1854 3688 2160 3741; x_wconf 76' lang='lat' dir='ltr'><strong>auxissent.</strong></span> <span class='ocrx_word' id='word_1_614' title='bbox 2189 3685 2486 3739; x_wconf 80' lang='lat' dir='ltr'><strong>Discordiae</strong></span> <span class='ocrx_word' id='word_1_615' title='bbox 2518 3684 2651 3751; x_wconf 92' lang='lat' dir='ltr'><strong>ipsis</strong></span> <span class='ocrx_word' id='word_1_616' title='bbox 2679 3684 3108 3737; x_wconf 89' lang='lat' dir='ltr'><strong>intercesserant</strong></span> <span class='ocrx_word' id='word_1_617' title='bbox 3129 3699 3249 3735; x_wconf 86' lang='lat' dir='ltr'><strong>cum</strong></span> <span class='ocrx_word' id='word_1_618' title='bbox 3282 3684 3432 3751; x_wconf 80' lang='lat' dir='ltr'><strong>Epiri</strong></span> 
     </span>
    </p>
   </div>
   <div class='ocr_carea' id='block_1_93' title="bbox 1854 3773 3432 3842">
    <p class='ocr_par' dir='ltr' id='par_1_93' title="bbox 1854 3773 3432 3842">
     <span class='ocr_line' id='line_1_93' title="bbox 1854 3773 3432 3842; baseline -0.003 -9"><span class='ocrx_word' id='word_1_619' title='bbox 1854 3780 2106 3833; x_wconf 90' lang='lat' dir='ltr'><strong>ducibus.</strong></span> <span class='ocrx_word' id='word_1_620' title='bbox 2132 3776 2364 3829; x_wconf 88' lang='lat' dir='ltr'><strong>Proinde</strong></span> <span class='ocrx_word' id='word_1_621' title='bbox 2393 3775 2446 3830; x_wconf 88' lang='lat' dir='ltr'><strong>id</strong></span> <span class='ocrx_word' id='word_1_622' title='bbox 2477 3776 2672 3829; x_wconf 90' lang='lat' dir='ltr'><strong>bellum</strong></span> <span class='ocrx_word' id='word_1_623' title='bbox 2708 3775 2923 3842; x_wconf 80' lang='lat' dir='ltr'><strong>longius</strong></span> <span class='ocrx_word' id='word_1_624' title='bbox 2958 3774 3195 3828; x_wconf 85' lang='lat' dir='ltr'><strong>duravit.</strong></span> <span class='ocrx_word' id='word_1_625' title='bbox 3221 3773 3432 3842; x_wconf 80' lang='lat' dir='ltr'><strong>(lpihus</strong></span> 
     </span>
    </p>
   </div>
   <div class='ocr_carea' id='block_1_94' title="bbox 1853 3866 3433 3935">
    <p class='ocr_par' dir='ltr' id='par_1_94' title="bbox 1853 3866 3433 3935">
     <span class='ocr_line' id='line_1_94' title="bbox 1853 3866 3433 3935; baseline -0.004 -9"><span class='ocrx_word' id='word_1_626' title='bbox 1853 3870 2204 3931; x_wconf 66' lang='lat' dir='ltr'><strong>excellentes,</strong></span> <span class='ocrx_word' id='word_1_627' title='bbox 2233 3867 2514 3921; x_wconf 87' lang='lat' dir='ltr'><strong>civitatem</strong></span> <span class='ocrx_word' id='word_1_628' title='bbox 2555 3882 2710 3920; x_wconf 87' lang='lat' dir='ltr'><strong>suam</strong></span> <span class='ocrx_word' id='word_1_629' title='bbox 2768 3880 3020 3935; x_wconf 87' lang='lat' dir='ltr'><strong>magnam</strong></span> <span class='ocrx_word' id='word_1_630' title='bbox 3076 3866 3433 3919; x_wconf 86' lang='lat' dir='ltr'><strong>reddiderunt</strong></span> 
     </span>
    </p>
   </div>
   <div class='ocr_carea' id='block_1_95' title="bbox 1855 3957 3432 4032">
    <p class='ocr_par' dir='ltr' id='par_1_95' title="bbox 1855 3957 3432 4032">
     <span class='ocr_line' id='line_1_95' title="bbox 1855 3957 3432 4032; baseline -0.004 -16"><span class='ocrx_word' id='word_1_631' title='bbox 1855 3976 2019 4032; x_wconf 91' lang='lat' dir='ltr'><strong>opum</strong></span> <span class='ocrx_word' id='word_1_632' title='bbox 2053 3974 2303 4015; x_wconf 86' lang='lat' dir='ltr'><strong>accessu.</strong></span> <span class='ocrx_word' id='word_1_633' title='bbox 2330 3959 2602 4012; x_wconf 68' lang='lat' dir='ltr'><strong>Praeterea</strong></span> <span class='ocrx_word' id='word_1_634' title='bbox 2636 3959 2947 4026; x_wconf 83' lang='lat' dir='ltr'><strong>pontificem</strong></span> <span class='ocrx_word' id='word_1_635' title='bbox 3000 3958 3297 4010; x_wconf 76' lang='lat' dir='ltr'><strong>maximum</strong></span> <span class='ocrx_word' id='word_1_636' title='bbox 3329 3957 3432 4010; x_wconf 83' lang='lat' dir='ltr'><strong>Ro-</strong></span> 
     </span>
    </p>
   </div>
   <div class='ocr_carea' id='block_1_96' title="bbox 1856 4050 3432 4118">
    <p class='ocr_par' dir='ltr' id='par_1_96' title="bbox 1856 4050 3432 4118">
     <span class='ocr_line' id='line_1_96' title="bbox 1856 4050 3432 4118; baseline -0.004 -8"><span class='ocrx_word' id='word_1_637' title='bbox 1856 4070 2077 4110; x_wconf 84' lang='lat' dir='ltr'><strong>manum</strong></span> <span class='ocrx_word' id='word_1_638' title='bbox 2098 4054 2247 4107; x_wconf 88' lang='lat' dir='ltr'><strong>Italia</strong></span> <span class='ocrx_word' id='word_1_639' title='bbox 2272 4053 2552 4118; x_wconf 80' lang='lat' dir='ltr'><strong>Romaque</strong></span> <span class='ocrx_word' id='word_1_640' title='bbox 2577 4052 2794 4118; x_wconf 83' lang='lat' dir='ltr'><strong>pulsum</strong></span> <span class='ocrx_word' id='word_1_641' title='bbox 2824 4050 2891 4103; x_wconf 84' lang='lat' dir='ltr'><strong>ab</strong></span> <span class='ocrx_word' id='word_1_642' title='bbox 2918 4065 3044 4117; x_wconf 78' lang='lat' dir='ltr'><strong>rege</strong></span> <span class='ocrx_word' id='word_1_643' title='bbox 3073 4051 3307 4103; x_wconf 70' lang='lat' dir='ltr'><strong>barbaro</strong></span> <span class='ocrx_word' id='word_1_644' title='bbox 3331 4052 3432 4115; x_wconf 85' lang='lat'><strong>(5).</strong></span> 
     </span>
    </p>
   </div>
   <div class='ocr_carea' id='block_1_97' title="bbox 1856 4140 3432 4216">
    <p class='ocr_par' dir='ltr' id='par_1_97' title="bbox 1856 4140 3432 4216">
     <span class='ocr_line' id='line_1_97' title="bbox 1856 4140 3432 4216; baseline -0.006 -15"><span class='ocrx_word' id='word_1_645' title='bbox 1856 4148 1922 4201; x_wconf 89' lang='lat' dir='ltr'><strong>ad</strong></span> <span class='ocrx_word' id='word_1_646' title='bbox 1948 4146 2320 4216; x_wconf 78' lang='lat' dir='ltr'><strong>pontiﬁcatum</strong></span> <span class='ocrx_word' id='word_1_647' title='bbox 2344 4152 2398 4196; x_wconf 87' lang='lat' dir='ltr'><strong>et</strong></span> <span class='ocrx_word' id='word_1_648' title='bbox 2426 4141 2712 4210; x_wconf 90' lang='lat' dir='ltr'><strong>imperium</strong></span> <span class='ocrx_word' id='word_1_649' title='bbox 2739 4141 3101 4205; x_wconf 64' lang='lat' dir='ltr'><strong>reduxerunt,</strong></span> <span class='ocrx_word' id='word_1_650' title='bbox 3132 4140 3274 4192; x_wconf 81' lang='lat' dir='ltr'><strong>victo</strong></span> <span class='ocrx_word' id='word_1_651' title='bbox 3295 4140 3432 4192; x_wconf 83' lang='lat' dir='ltr'><strong>Bar-</strong></span> 
     </span>
    </p>
   </div>
   <div class='ocr_carea' id='block_1_98' title="bbox 1859 4230 3429 4305">
    <p class='ocr_par' dir='ltr' id='par_1_98' title="bbox 1859 4230 3429 4305">
     <span class='ocr_line' id='line_1_98' title="bbox 1859 4230 3429 4305; baseline -0.007 -11"><span class='ocrx_word' id='word_1_652' title='bbox 1859 4243 1993 4295; x_wconf 89' lang='lat' dir='ltr'><strong>baro</strong></span> <span class='ocrx_word' id='word_1_653' title='bbox 2017 4238 2195 4292; x_wconf 88' lang='lat' dir='ltr'><strong>navali</strong></span> <span class='ocrx_word' id='word_1_654' title='bbox 2224 4236 2431 4305; x_wconf 72' lang='lat' dir='ltr'><strong>prrelio.</strong></span> <span class='ocrx_word' id='word_1_655' title='bbox 2467 4233 2646 4287; x_wconf 86' lang='lat' dir='ltr'><strong>Etiam</strong></span> <span class='ocrx_word' id='word_1_656' title='bbox 2668 4232 2935 4287; x_wconf 85' lang='lat' dir='ltr'><strong>adversus</strong></span> <span class='ocrx_word' id='word_1_657' title='bbox 2966 4230 3298 4293; x_wconf 83' lang='lat' dir='ltr'><strong>Januenses,</strong></span> <span class='ocrx_word' id='word_1_658' title='bbox 3332 4230 3429 4299; x_wconf 83' lang='lat' dir='ltr'><strong>qui</strong></span> 
     </span>
    </p>
   </div>
   <div class='ocr_carea' id='block_1_99' title="bbox 1855 4324 3429 4400">
    <p class='ocr_par' dir='ltr' id='par_1_99' title="bbox 1855 4324 3429 4400">
     <span class='ocr_line' id='line_1_99' title="bbox 1855 4324 3429 4400; baseline -0.007 -14"><span class='ocrx_word' id='word_1_659' title='bbox 1855 4332 2107 4400; x_wconf 76' lang='lat' dir='ltr'><strong>regiones</strong></span> <span class='ocrx_word' id='word_1_660' title='bbox 2141 4327 2403 4397; x_wconf 87' lang='lat' dir='ltr'><strong>quasdam</strong></span> <span class='ocrx_word' id='word_1_661' title='bbox 2428 4326 2589 4379; x_wconf 81' lang='lat' dir='ltr'><strong>isthic</strong></span> <span class='ocrx_word' id='word_1_662' title='bbox 2628 4333 2681 4379; x_wconf 92' lang='lat' dir='ltr'><strong>et</strong></span> <span class='ocrx_word' id='word_1_663' title='bbox 2734 4325 3059 4377; x_wconf 84' lang='lat' dir='ltr'><strong>maritimam</strong></span> <span class='ocrx_word' id='word_1_664' title='bbox 3081 4324 3247 4377; x_wconf 74' lang='lat' dir='ltr'><strong>Italiae</strong></span> <span class='ocrx_word' id='word_1_665' title='bbox 3276 4338 3429 4375; x_wconf 83' lang='lat' dir='ltr'><strong>oram</strong></span> 
     </span>
    </p>
   </div>
   <div class='ocr_carea' id='block_1_100' title="bbox 1860 4415 3431 4486">
    <p class='ocr_par' dir='ltr' id='par_1_100' title="bbox 1860 4415 3431 4486">
     <span class='ocr_line' id='line_1_100' title="bbox 1860 4415 3431 4486; baseline -0.006 -9"><span class='ocrx_word' id='word_1_666' title='bbox 1860 4434 2045 4477; x_wconf 87' lang='lat' dir='ltr'><strong>tenere</strong></span> <span class='ocrx_word' id='word_1_667' title='bbox 2080 4420 2425 4482; x_wconf 81' lang='lat' dir='ltr'><strong>videbantur,</strong></span> <span class='ocrx_word' id='word_1_668' title='bbox 2472 4416 2614 4471; x_wconf 89' lang='lat' dir='ltr'><strong>bello</strong></span> <span class='ocrx_word' id='word_1_669' title='bbox 2672 4424 2943 4486; x_wconf 87' lang='lat' dir='ltr'><strong>petentes,</strong></span> <span class='ocrx_word' id='word_1_670' title='bbox 2968 4415 3202 4485; x_wconf 90' lang='lat' dir='ltr'><strong>plurima</strong></span> <span class='ocrx_word' id='word_1_671' title='bbox 3230 4415 3431 4467; x_wconf 80' lang='lat' dir='ltr'><strong>milita-</strong></span> 
     </span>
    </p>
   </div>
   <div class='ocr_carea' id='block_1_101' title="bbox 1857 4506 3429 4576">
    <p class='ocr_par' dir='ltr' id='par_1_101' title="bbox 1857 4506 3429 4576">
     <span class='ocr_line' id='line_1_101' title="bbox 1857 4506 3429 4576; baseline -0.009 -9"><span class='ocrx_word' id='word_1_672' title='bbox 1857 4513 1936 4567; x_wconf 87' lang='lat' dir='ltr'><strong>ris</strong></span> <span class='ocrx_word' id='word_1_673' title='bbox 1968 4511 2183 4566; x_wconf 87' lang='lat' dir='ltr'><strong>virtutis</strong></span> <span class='ocrx_word' id='word_1_674' title='bbox 2207 4510 2352 4564; x_wconf 79' lang='lat' dir='ltr'><strong>facta</strong></span> <span class='ocrx_word' id='word_1_675' title='bbox 2380 4508 2641 4570; x_wconf 88' lang='lat' dir='ltr'><strong>edebant,</strong></span> <span class='ocrx_word' id='word_1_676' title='bbox 2709 4510 3032 4576; x_wconf 86' lang='lat' dir='ltr'><strong>plerumque</strong></span> <span class='ocrx_word' id='word_1_677' title='bbox 3059 4506 3256 4574; x_wconf 86' lang='lat' dir='ltr'><strong>pugnis</strong></span> <span class='ocrx_word' id='word_1_678' title='bbox 3329 4521 3429 4554; x_wconf 80' lang='lat' dir='ltr'><strong>na-</strong></span> 
     </span>
    </p>
   </div>
   <div class='ocr_carea' id='block_1_102' title="bbox 1859 4596 3429 4658">
    <p class='ocr_par' dir='ltr' id='par_1_102' title="bbox 1859 4596 3429 4658">
     <span class='ocr_line' id='line_1_102' title="bbox 1859 4596 3429 4658; baseline -0.006 -1"><span class='ocrx_word' id='word_1_679' title='bbox 1859 4604 2068 4657; x_wconf 85' lang='lat' dir='ltr'><strong>valibns</strong></span> <span class='ocrx_word' id='word_1_680' title='bbox 2094 4603 2382 4658; x_wconf 84' lang='lat' dir='ltr'><strong>victoriam</strong></span> <span class='ocrx_word' id='word_1_681' title='bbox 2423 4600 2757 4653; x_wconf 85' lang='lat' dir='ltr'><strong>obtinentes.</strong></span> <span class='ocrx_word' id='word_1_682' title='bbox 2794 4598 3189 4651; x_wconf 84' lang='lat' dir='ltr'><strong>AtJanuenses</strong></span> <span class='ocrx_word' id='word_1_683' title='bbox 3226 4596 3429 4649; x_wconf 82' lang='lat' dir='ltr'><strong>bellum</strong></span> 
     </span>
    </p>
   </div>
   <div class='ocr_carea' id='block_1_103' title="bbox 1861 4690 3429 4759">
    <p class='ocr_par' dir='ltr' id='par_1_103' title="bbox 1861 4690 3429 4759">
     <span class='ocr_line' id='line_1_103' title="bbox 1861 4690 3429 4759; baseline -0.008 -8"><span class='ocrx_word' id='word_1_684' title='bbox 1861 4698 2127 4751; x_wconf 87' lang='lat' dir='ltr'><strong>adversus</strong></span> <span class='ocrx_word' id='word_1_685' title='bbox 2184 4695 2425 4748; x_wconf 77' lang='lat' dir='ltr'><strong>Venetos</strong></span> <span class='ocrx_word' id='word_1_686' title='bbox 2457 4701 2757 4752; x_wconf 84' lang='lat' dir='ltr'><strong>sumentes,</strong></span> <span class='ocrx_word' id='word_1_687' title='bbox 2799 4690 3199 4759; x_wconf 86' lang='lat' dir='ltr'><strong>propemodum</strong></span> <span class='ocrx_word' id='word_1_688' title='bbox 3228 4690 3429 4741; x_wconf 90' lang='lat' dir='ltr'><strong>horum</strong></span> 
     </span>
    </p>
   </div>
   <div class='ocr_carea' id='block_1_104' title="bbox 1864 4780 3429 4848">
    <p class='ocr_par' dir='ltr' id='par_1_104' title="bbox 1864 4780 3429 4848">
     <span class='ocr_line' id='line_1_104' title="bbox 1864 4780 3429 4848; baseline -0.009 -5"><span class='ocrx_word' id='word_1_689' title='bbox 1864 4790 2055 4843; x_wconf 87' lang='lat' dir='ltr'><strong>urbem</strong></span> <span class='ocrx_word' id='word_1_690' title='bbox 2079 4788 2131 4840; x_wconf 92' lang='lat' dir='ltr'><strong>in</strong></span> <span class='ocrx_word' id='word_1_691' title='bbox 2152 4784 2486 4840; x_wconf 88' lang='lat' dir='ltr'><strong>deditionem</strong></span> <span class='ocrx_word' id='word_1_692' title='bbox 2532 4789 2884 4848; x_wconf 85' lang='lat' dir='ltr'><strong>acceperunt,</strong></span> <span class='ocrx_word' id='word_1_693' title='bbox 2915 4780 3149 4833; x_wconf 87' lang='lat' dir='ltr'><strong>navibus</strong></span> <span class='ocrx_word' id='word_1_694' title='bbox 3177 4788 3231 4831; x_wconf 84' lang='lat' dir='ltr'><strong>et</strong></span> <span class='ocrx_word' id='word_1_695' title='bbox 3263 4781 3429 4830; x_wconf 85' lang='lat' dir='ltr'><strong>trire-</strong></span> 
     </span>
    </p>
   </div>
   <div class='ocr_carea' id='block_1_105' title="bbox 1864 4872 3428 4940">
    <p class='ocr_par' dir='ltr' id='par_1_105' title="bbox 1864 4872 3428 4940">
     <span class='ocr_line' id='line_1_105' title="bbox 1864 4872 3428 4940; baseline -0.006 -11"><span class='ocrx_word' id='word_1_696' title='bbox 1864 4876 2047 4929; x_wconf 81' lang='lat' dir='ltr'><strong>mibus</strong></span> <span class='ocrx_word' id='word_1_697' title='bbox 2079 4872 2495 4940; x_wconf 84' lang='lat' dir='ltr'><strong>adnavigantes,</strong></span> <span class='ocrx_word' id='word_1_698' title='bbox 2525 4878 2579 4922; x_wconf 93' lang='lat' dir='ltr'><strong>et</strong></span> <span class='ocrx_word' id='word_1_699' title='bbox 2607 4883 2799 4922; x_wconf 92' lang='lat' dir='ltr'><strong>eorum</strong></span> <span class='ocrx_word' id='word_1_700' title='bbox 2830 4876 3046 4936; x_wconf 85' lang='lat' dir='ltr'><strong>portum</strong></span> <span class='ocrx_word' id='word_1_701' title='bbox 3077 4876 3428 4934; x_wconf 82' lang='lat' dir='ltr'><strong>occupantes,</strong></span> 
     </span>
    </p>
   </div>
   <div class='ocr_carea' id='block_1_106' title="bbox 1861 4957 3428 5034">
    <p class='ocr_par' dir='ltr' id='par_1_106' title="bbox 1861 4957 3428 5034">
     <span class='ocr_line' id='line_1_106' title="bbox 1861 4957 3428 5034; baseline -0.005 -13"><span class='ocrx_word' id='word_1_702' title='bbox 1861 4966 2096 5034; x_wconf 82' lang='lat' dir='ltr'><strong>ingressi</strong></span> <span class='ocrx_word' id='word_1_703' title='bbox 2126 4979 2189 5019; x_wconf 92' lang='lat' dir='ltr'><strong>eo</strong></span> <span class='ocrx_word' id='word_1_704' title='bbox 2222 4963 2327 5016; x_wconf 88' lang='lat' dir='ltr'><strong>loci</strong></span> <span class='ocrx_word' id='word_1_705' title='bbox 2362 4962 2452 5015; x_wconf 92' lang='lat' dir='ltr'><strong>ubi</strong></span> <span class='ocrx_word' id='word_1_706' title='bbox 2486 4960 2671 5014; x_wconf 86' lang='lat' dir='ltr'><strong>Clizoe</strong></span> <span class='ocrx_word' id='word_1_707' title='bbox 2702 4959 2814 5012; x_wconf 83' lang='lat' dir='ltr'><strong>sive</strong></span> <span class='ocrx_word' id='word_1_708' title='bbox 2841 4958 3029 5012; x_wconf 88' lang='lat' dir='ltr'><strong>Clodia</strong></span> <span class='ocrx_word' id='word_1_709' title='bbox 3054 4957 3127 5027; x_wconf 90' lang='lat'><strong>(6)</strong></span> <span class='ocrx_word' id='word_1_710' title='bbox 3151 4957 3298 5011; x_wconf 79' lang='lat' dir='ltr'><strong>fossa</strong></span> <span class='ocrx_word' id='word_1_711' title='bbox 3328 4964 3428 5013; x_wconf 87' lang='lat' dir='ltr'><strong>est.</strong></span> 
     </span>
    </p>
   </div>
   <div class='ocr_carea' id='block_1_107' title="bbox 1863 5046 3427 5114">
    <p class='ocr_par' dir='ltr' id='par_1_107' title="bbox 1863 5046 3427 5114">
     <span class='ocr_line' id='line_1_107' title="bbox 1863 5046 3427 5114; baseline -0.008 -3"><span class='ocrx_word' id='word_1_712' title='bbox 1863 5056 2004 5111; x_wconf 90' lang='lat' dir='ltr'><strong>Urbs</strong></span> <span class='ocrx_word' id='word_1_713' title='bbox 2028 5054 2362 5107; x_wconf 76' lang='lat' dir='ltr'><strong>Venetorum</strong></span> <span class='ocrx_word' id='word_1_714' title='bbox 2398 5050 2500 5103; x_wconf 83' lang='lat' dir='ltr'><strong>sita</strong></span> <span class='ocrx_word' id='word_1_715' title='bbox 2534 5063 2600 5103; x_wconf 92' lang='lat' dir='ltr'><strong>eo</strong></span> <span class='ocrx_word' id='word_1_716' title='bbox 2624 5049 2755 5110; x_wconf 85' lang='lat' dir='ltr'><strong>loci,</strong></span> <span class='ocrx_word' id='word_1_717' title='bbox 2778 5047 2871 5100; x_wconf 86' lang='lat' dir='ltr'><strong>ubi</strong></span> <span class='ocrx_word' id='word_1_718' title='bbox 2909 5048 3061 5101; x_wconf 92' lang='lat' dir='ltr'><strong>lacus</strong></span> <span class='ocrx_word' id='word_1_719' title='bbox 3080 5046 3195 5100; x_wconf 84' lang='lat' dir='ltr'><strong>sive</strong></span> <span class='ocrx_word' id='word_1_720' title='bbox 3236 5055 3427 5114; x_wconf 85' lang='lat' dir='ltr'><strong>portus</strong></span> 
     </span>
    </p>
   </div>
   <div class='ocr_carea' id='block_1_108' title="bbox 1863 5139 3428 5217">
    <p class='ocr_par' dir='ltr' id='par_1_108' title="bbox 1863 5139 3428 5217">
     <span class='ocr_line' id='line_1_108' title="bbox 1863 5139 3428 5217; baseline -0.009 -14"><span class='ocrx_word' id='word_1_721' title='bbox 1863 5162 2096 5217; x_wconf 83' lang='lat' dir='ltr'><strong>magnus</strong></span> <span class='ocrx_word' id='word_1_722' title='bbox 2120 5146 2336 5206; x_wconf 83' lang='lat' dir='ltr'><strong>visitur,</strong></span> <span class='ocrx_word' id='word_1_723' title='bbox 2365 5142 2457 5210; x_wconf 92' lang='lat' dir='ltr'><strong>qui</strong></span> <span class='ocrx_word' id='word_1_724' title='bbox 2486 5142 2683 5211; x_wconf 88' lang='lat' dir='ltr'><strong>longus</strong></span> <span class='ocrx_word' id='word_1_725' title='bbox 2738 5140 2933 5195; x_wconf 88' lang='lat' dir='ltr'><strong>stadiis</strong></span> <span class='ocrx_word' id='word_1_726' title='bbox 2997 5139 3314 5207; x_wconf 87' lang='lat' dir='ltr'><strong>quingentis</strong></span> <span class='ocrx_word' id='word_1_727' title='bbox 3349 5152 3428 5189; x_wconf 83' lang='lat' dir='ltr'><strong>re-</strong></span> 
     </span>
    </p>
   </div>
   <div class='ocr_carea' id='block_1_109' title="bbox 1859 5228 3427 5310">
    <p class='ocr_par' dir='ltr' id='par_1_109' title="bbox 1859 5228 3427 5310">
     <span class='ocr_line' id='line_1_109' title="bbox 1859 5228 3427 5310; baseline -0.01 -16"><span class='ocrx_word' id='word_1_728' title='bbox 1859 5243 2076 5310; x_wconf 85' lang='lat' dir='ltr'><strong>gionem</strong></span> <span class='ocrx_word' id='word_1_729' title='bbox 2109 5235 2351 5289; x_wconf 81' lang='lat' dir='ltr'><strong>Eridano</strong></span> <span class='ocrx_word' id='word_1_730' title='bbox 2399 5234 2683 5287; x_wconf 81' lang='lat' dir='ltr'><strong>ﬁnitimam</strong></span> <span class='ocrx_word' id='word_1_731' title='bbox 2709 5232 2947 5299; x_wconf 86' lang='lat' dir='ltr'><strong>attingit.</strong></span> <span class='ocrx_word' id='word_1_732' title='bbox 2982 5229 3251 5282; x_wconf 85' lang='lat' dir='ltr'><strong>Eridanus</strong></span> <span class='ocrx_word' id='word_1_733' title='bbox 3282 5228 3427 5281; x_wconf 92' lang='lat' dir='ltr'><strong>enim</strong></span> 
     </span>
    </p>
   </div>
   <div class='ocr_carea' id='block_1_110' title="bbox 1860 5325 3426 5403">
    <p class='ocr_par' dir='ltr' id='par_1_110' title="bbox 1860 5325 3426 5403">
     <span class='ocr_line' id='line_1_110' title="bbox 1860 5325 3426 5403; baseline -0.009 -17"><span class='ocrx_word' id='word_1_734' title='bbox 1860 5333 1972 5403; x_wconf 92' lang='lat' dir='ltr'><strong>(qui</strong></span> <span class='ocrx_word' id='word_1_735' title='bbox 2000 5342 2052 5386; x_wconf 91' lang='lat' dir='ltr'><strong>et</strong></span> <span class='ocrx_word' id='word_1_736' title='bbox 2083 5328 2283 5398; x_wconf 87' lang='lat' dir='ltr'><strong>Padus)</strong></span> <span class='ocrx_word' id='word_1_737' title='bbox 2317 5328 2482 5380; x_wconf 67' lang='lat' dir='ltr'><strong>Italia:</strong></span> <span class='ocrx_word' id='word_1_738' title='bbox 2532 5325 2727 5378; x_wconf 78' lang='lat' dir='ltr'><strong>ﬂuvius</strong></span> <span class='ocrx_word' id='word_1_739' title='bbox 2781 5338 3011 5390; x_wconf 83' lang='lat' dir='ltr'><strong>magnus</strong></span> <span class='ocrx_word' id='word_1_740' title='bbox 3046 5330 3153 5384; x_wconf 89' lang='lat' dir='ltr'><strong>est,</strong></span> <span class='ocrx_word' id='word_1_741' title='bbox 3184 5330 3237 5374; x_wconf 92' lang='lat' dir='ltr'><strong>et</strong></span> <span class='ocrx_word' id='word_1_742' title='bbox 3264 5332 3426 5373; x_wconf 84' lang='lat' dir='ltr'><strong>naves</strong></span> 
     </span>
    </p>
   </div>
   <div class='ocr_carea' id='block_1_111' title="bbox 1857 5413 3425 5492">
    <p class='ocr_par' dir='ltr' id='par_1_111' title="bbox 1857 5413 3425 5492">
     <span class='ocr_line' id='line_1_111' title="bbox 1857 5413 3425 5492; baseline -0.012 -11"><span class='ocrx_word' id='word_1_743' title='bbox 1857 5428 1930 5481; x_wconf 90' lang='lat' dir='ltr'><strong>ibi</strong></span> <span class='ocrx_word' id='word_1_744' title='bbox 1951 5426 2004 5479; x_wconf 93' lang='lat' dir='ltr'><strong>in</strong></span> <span class='ocrx_word' id='word_1_745' title='bbox 2030 5438 2180 5479; x_wconf 81' lang='lat' dir='ltr'><strong>mare</strong></span> <span class='ocrx_word' id='word_1_746' title='bbox 2199 5422 2437 5492; x_wconf 79' lang='lat' dir='ltr'><strong>exponit.</strong></span> <span class='ocrx_word' id='word_1_747' title='bbox 2462 5419 2570 5473; x_wconf 89' lang='lat' dir='ltr'><strong>llac</strong></span> <span class='ocrx_word' id='word_1_748' title='bbox 2590 5419 2751 5488; x_wconf 88' lang='lat' dir='ltr'><strong>igitur</strong></span> <span class='ocrx_word' id='word_1_749' title='bbox 2770 5415 3125 5470; x_wconf 77' lang='lat' dir='ltr'><strong>Januensinm</strong></span> <span class='ocrx_word' id='word_1_750' title='bbox 3151 5413 3303 5481; x_wconf 78' lang='lat'><strong>101</strong></span> <span class='ocrx_word' id='word_1_751' title='bbox 3334 5426 3425 5463; x_wconf 81' lang='lat' dir='ltr'><strong>na-</strong></span> 
     </span>
    </p>
   </div>
   <div class='ocr_carea' id='block_1_112' title="bbox 1448 5538 2133 5618">
    <p class='ocr_par' dir='ltr' id='par_1_112' title="bbox 1448 5538 2133 5618">
     <span class='ocr_line' id='line_1_112' title="bbox 1448 5538 2133 5618; baseline 0.006 -23"><span class='ocrx_word' id='word_1_752' title='bbox 1448 5538 1693 5600; x_wconf 69' lang='lat' dir='ltr'><strong>Notulm</strong></span> <span class='ocrx_word' id='word_1_753' title='bbox 1722 5538 2133 5618; x_wconf 81' lang='lat' dir='ltr'><strong>marginales.</strong></span> 
     </span>
    </p>
   </div>
   <div class='ocr_carea' id='block_1_113' title="bbox 240 5647 888 5718">
    <p class='ocr_par' dir='ltr' id='par_1_113' title="bbox 240 5647 888 5718">
     <span class='ocr_line' id='line_1_113' title="bbox 240 5647 888 5718; baseline 0.008 -17"><span class='ocrx_word' id='word_1_754' title='bbox 240 5647 317 5713; x_wconf 71' lang='grc'><strong>(4)</strong></span> <span class='ocrx_word' id='word_1_755' title='bbox 335 5647 888 5718; x_wconf 84' lang='lat' dir='ltr'><strong>ConstantinOpolim.</strong></span> 
     </span>
    </p>
   </div>
   <div class='ocr_carea' id='block_1_114' title="bbox 240 5718 1729 5794">
    <p class='ocr_par' dir='ltr' id='par_1_114' title="bbox 240 5718 1729 5794">
     <span class='ocr_line' id='line_1_114' title="bbox 240 5718 1729 5794; baseline 0.017 -24"><span class='ocrx_word' id='word_1_756' title='bbox 240 5718 637 5785; x_wconf 71' lang='lat' dir='ltr'><strong>(5)Alexandri</strong></span> <span class='ocrx_word' id='word_1_757' title='bbox 662 5722 855 5788; x_wconf 70' lang='lat' dir='ltr'><strong>pontii.</strong></span> <span class='ocrx_word' id='word_1_758' title='bbox 894 5738 1016 5778; x_wconf 90' lang='lat' dir='ltr'><strong>cum</strong></span> <span class='ocrx_word' id='word_1_759' title='bbox 1055 5724 1333 5786; x_wconf 88' lang='lat' dir='ltr'><strong>Friderico</strong></span> <span class='ocrx_word' id='word_1_760' title='bbox 1398 5733 1729 5794; x_wconf 84' lang='lat' dir='ltr'><strong>Barbarossa</strong></span> 
     </span>
    </p>
   </div>
   <div class='ocr_carea' id='block_1_115' title="bbox 240 5834 1230 5913">
    <p class='ocr_par' dir='ltr' id='par_1_115' title="bbox 240 5834 1230 5913">
     <span class='ocr_line' id='line_1_115' title="bbox 240 5834 1230 5913; baseline 0.012 -28"><span class='ocrx_word' id='word_1_761' title='bbox 240 5834 284 5864; x_wconf 72' lang='grc'><strong>⁷⁷</strong></span> <span class='ocrx_word' id='word_1_762' title='bbox 309 5835 405 5887; x_wconf 74' lang='grc' dir='ltr'><strong>ἐπὶ</strong></span> <span class='ocrx_word' id='word_1_763' title='bbox 440 5844 541 5905; x_wconf 68' lang='grc' dir='ltr'><strong>τήν</strong></span> <span class='ocrx_word' id='word_1_764' title='bbox 567 5837 832 5891; x_wconf 70' lang='grc' dir='ltr'>Κλωδίαν.</span> <span class='ocrx_word' id='word_1_765' title='bbox 864 5841 931 5893; x_wconf 80' lang='lat' dir='ltr'><strong>al.</strong></span> <span class='ocrx_word' id='word_1_766' title='bbox 974 5841 1230 5913; x_wconf 74' lang='grc' dir='ltr'>Κλιζὸην.</span> 
     </span>
    </p>
   </div>
   <div class='ocr_carea' id='block_1_116' title="bbox 1842 5657 3203 5732">
    <p class='ocr_par' dir='ltr' id='par_1_116' title="bbox 1842 5657 3203 5732">
     <span class='ocr_line' id='line_1_116' title="bbox 1842 5657 3203 5732; baseline -0.01 -8"><span class='ocrx_word' id='word_1_767' title='bbox 1842 5669 2130 5724; x_wconf 75' lang='lat' dir='ltr'><strong>dissirlium</strong></span> <span class='ocrx_word' id='word_1_768' title='bbox 2162 5683 2175 5721; x_wconf 91' lang='lat'><strong>:</strong></span> <span class='ocrx_word' id='word_1_769' title='bbox 2206 5682 2334 5719; x_wconf 91' lang='lat' dir='ltr'><strong>ann.</strong></span> <span class='ocrx_word' id='word_1_770' title='bbox 2372 5666 2527 5732; x_wconf 74' lang='lat'><strong>1330,</strong></span> <span class='ocrx_word' id='word_1_771' title='bbox 2559 5662 2758 5720; x_wconf 77' lang='lat' dir='ltr'><strong>Sabell.</strong></span> <span class='ocrx_word' id='word_1_772' title='bbox 2796 5660 2933 5714; x_wconf 89' lang='lat' dir='ltr'><strong>Enn.</strong></span> <span class='ocrx_word' id='word_1_773' title='bbox 2955 5657 3009 5721; x_wconf 87' lang='lat'><strong>9,</strong></span> <span class='ocrx_word' id='word_1_774' title='bbox 3036 5658 3105 5710; x_wconf 90' lang='lat' dir='ltr'><strong>lib</strong></span> <span class='ocrx_word' id='word_1_775' title='bbox 3128 5670 3203 5711; x_wconf 70' lang='grc' dir='ltr'>ιχ.</span> 
     </span>
    </p>
   </div>
   <div class='ocr_carea' id='block_1_117' title="bbox 1914 5737 2451 5807">
    <p class='ocr_par' dir='ltr' id='par_1_117' title="bbox 1914 5737 2451 5807">
     <span class='ocr_line' id='line_1_117' title="bbox 1914 5737 2451 5807; baseline -0.002 -15"><span class='ocrx_word' id='word_1_776' title='bbox 1914 5740 1990 5807; x_wconf 80' lang='lat'><strong>(6)</strong></span> <span class='ocrx_word' id='word_1_777' title='bbox 2025 5737 2177 5792; x_wconf 82' lang='lat' dir='ltr'><strong>Nunc</strong></span> <span class='ocrx_word' id='word_1_778' title='bbox 2207 5737 2451 5791; x_wconf 70' lang='lat' dir='ltr'><strong>Chiozza.</strong></span> 
     </span>
    </p>
   </div>
  </div>
