4190 6434
726 377 817 440 191

1868 389 2179 451 LAONICI
2221 392 2881 461 CHALCDCUNDYLE

3864 396 3962 460 192

723 503 817 539 ves
846 488 1105 559 ingressae
1133 492 1186 544 in
1236 502 1480 561 portum,
1507 495 1725 552 Clizoen
1755 512 2098 566 occuparunt
2128 514 2181 558 et
2216 506 2297 559 di-

2408 512 2542 579 μῶν,
2567 519 2660 568 καὶ
2696 520 2855 573 ναυσὶ
2882 519 3133 587 πλόϊμος,
3170 518 3306 588 πρὸς
3350 516 3523 586 ταύτῃ
3572 516 3635 585 δὴ
3663 515 3864 568 ἐκδιδοῖ
3909 518 3963 577 ἐς

725 582 1031 647 ripuerunt.
1064 584 1184 649 Quo
1218 584 1380 649 facto,
1413 590 1618 657 legatos
1681 592 1734 645 in
1769 594 1959 647 urbem
2026 595 2297 666 irejusse-

725 683 868 726 runt.
903 674 1064 731 Cives
1092 687 1272 733 autem
1314 696 1439 734 cum
1470 682 1523 736 in
1584 686 1809 756 ancipiti
1883 691 2156 743 haererent
2180 691 2295 747 dis-

722 765 977 831 crimine,
1008 783 1105 822 nec
1128 771 1261 823 satis
1314 773 1443 842 quid
1499 773 1741 830 facerent
1804 779 2030 845 scirent,
2074 797 2293 849 respon-

725 854 925 910 derunt
958 873 1018 914 se
1074 870 1295 929 paratos
1356 881 1478 920 esse
1520 870 1701 921 facere
1759 886 1880 939 quae
1935 873 2296 941 imperassent

722 943 1029 1003 Januenses
1063 961 1156 1005 :et
1182 967 1300 1007 eam
1354 957 1668 1024 reipublicae
1725 960 1956 1016 formam
2012 965 2295 1034 amplexu-

728 1052 841 1102 ros,
876 1056 1036 1109 quam
1078 1044 1179 1111 ipsi
1227 1049 1717 1116 praescripsisseul.
1754 1052 2045 1110 Jusscrunt
2077 1072 2297 1125 quoque

726 1127 1027 1187 Januenses
1047 1142 1225 1201 petere
1245 1151 1364 1204 quae
1385 1140 1600 1205 vellent,
1619 1145 1774 1210 quasi
1803 1160 1863 1199 ea
1890 1148 2296 1217 promptissime

727 1218 930 1274 daturi.
962 1222 1264 1283 Januenses
1298 1238 1355 1281 ut
1414 1230 1799 1287 intellexerunt
1848 1235 2174 1295 Venetorum
2203 1257 2293 1297 re-

727 1324 1016 1381 sponsum,
1050 1317 1223 1385 magis
1250 1320 1303 1373 in
1333 1336 1483 1390 spem
1518 1325 1795 1393 potiundae
1817 1329 1970 1383 urbis
2000 1331 2295 1400 erigeban-

731 1409 840 1456 tur.
878 1402 1119 1462 Proinde
1160 1409 1539 1479 innnoderate,
1574 1418 1718 1469 nulla
1749 1421 1903 1474 urbis
1961 1425 2294 1481 verecundia

729 1490 942 1548 inbibiti
970 1538 985 1564 ,
1017 1502 1371 1568 respondent,
1397 1520 1459 1559 se
1482 1517 1685 1576 petere,
1709 1519 1764 1563 ut
1791 1511 1952 1566 liceat
1972 1515 2161 1570 urbem
2184 1525 2295 1575 tres

728 1582 843 1636 dies
885 1590 1174 1646 continuos
1201 1592 1463 1665 diripere.
1501 1598 1685 1670 Legati
1746 1603 1796 1656 in
1832 1606 2021 1660 urbem
2067 1613 2293 1675 reversi,

728 1678 1046 1742 petitionem
1079 1682 1435 1742 Januensium
1495 1706 1798 1761 exponunt.
1851 1698 2088 1754 Senatus
2115 1716 2293 1770 popu-

728 1770 921 1839 lusque
962 1774 1038 1827 ira
1065 1778 1304 1843 percitus
1331 1791 1559 1851 propter
1594 1796 1701 1838 tam
1752 1786 2078 1844 insolentem
2110 1804 2162 1848 et
2189 1795 2295 1847 im-

731 1864 1070 1920 moderatam
1093 1872 1441 1939 petitionem,
1464 1891 1651 1942 naves,
1677 1890 1952 1950 quotquot
1974 1892 2295 1953 potuerunt,

730 1958 989 2011 continuo
1037 1961 1301 2019 militibus
1362 1966 1589 2035 implent
1645 1987 1967 2043 :navesque
1995 1977 2299 2043 solventes,

730 2048 784 2102 in
826 2051 1002 2105 lacum
1037 2053 1306 2111 feruntur.
1333 2058 1428 2114 His
1452 2061 1668 2117 obviam
1706 2080 1937 2137 pergunt
1967 2066 2299 2137 Jauuenscs,

729 2142 1126 2215 confestimque
1154 2150 1206 2202 in
1233 2151 1353 2206 lacu
1387 2155 1574 2209 navale
1604 2159 1850 2225 praelium
1877 2163 2297 2230 commiserunt,

732 2232 784 2285 in
821 2249 929 2304 quo
965 2253 1129 2306 penes
1177 2240 1409 2298 Venetos
1442 2246 1669 2301 victoria
1703 2249 1824 2303 fuit.
1878 2251 2018 2306 Hinc
2041 2268 2164 2307 cum
2200 2256 2299 2309 bo-

732 2338 843 2381 S'es
878 2336 1026 2400 terga
1050 2335 1274 2401 darent,
1295 2339 1574 2408 celerique
1605 2340 1731 2412 fuga
1758 2342 2081 2402 festinarent
2112 2348 2165 2402 iu
2194 2349 2303 2404 Cli-

734 2440 891 2488 zoen,
913 2430 1176 2483 continuo
1209 2431 1401 2487 \‘eneti
1428 2436 1766 2495 adducentes
1792 2455 1954 2495 unam
1980 2443 2047 2496 de
2067 2457 2302 2497 numero

733 2532 955 2572 suarum
987 2524 1203 2576 navium
1238 2514 1555 2594 maximam,
1612 2548 1731 2586 eam
1772 2535 2174 2599 demerseruut,
2209 2536 2300 2591 ubi

735 2621 922 2677 portus
960 2617 1391 2684 augustissimus
1422 2632 1546 2676 erat
1585 2642 1599 2678 :
1633 2633 1687 2677 et
1714 2639 1843 2679 suos
1868 2636 2054 2695 portus
2079 2628 2303 2683 obstru-

731 2713 909 2770 entes,
951 2707 1090 2761 fame
1116 2709 1422 2768 Janueuses
1468 2717 1521 2768 in
1570 2716 1755 2771 Clizne
1773 2721 2104 2778 constitutos
2133 2738 2305 2792 expu-

734 2811 903 2863 gnare
933 2798 1268 2856 nitebantur.
1297 2801 1600 2861 Tentabaut
1622 2809 1833 2865 obsessi
1860 2813 2060 2866 fossam
2097 2812 2171 2883 (7)
2198 2828 2304 2882 qua

733 2904 800 2941 ex
831 2888 1068 2944 Eridano
1106 2894 1157 2946 in
1193 2904 1413 2962 portum
1440 2900 1679 2964 venitur,
1724 2913 1994 2959 conantes
2019 2904 2305 2974 perfodere

733 2998 855 3035 vum
882 2983 1085 3051 locum,
1110 2987 1155 3040 si
1178 3002 1288 3056 quo
1306 2991 1467 3047 modo
1489 3005 1715 3062 possent
1733 3011 1901 3052 naves
1924 2999 1979 3052 in
2002 2997 2303 3054 Eridanum

737 3077 1037 3145 impellere:
1058 3081 1153 3137 scd
1173 3097 1316 3153 opus
1340 3085 1488 3141 istud
1511 3086 1651 3142 haud
1676 3088 1960 3146 absolvere
1982 3102 2302 3162 potuerunt.

2398 606 2495 673 τὴν
2527 607 2827 663 θάλασσαν.
2853 612 3039 681 Ταύτῃ
3073 611 3120 648 ’⁸
3154 610 3218 679 δὴ
3256 606 3350 662 οὖν
3377 607 3723 661 εἰσελθοῦσαι
3752 609 3808 659 αἱ
3836 607 3961 675 νῆες

2396 698 2505 749 τῶν
2531 696 2771 751 Ἰανυτων
2800 701 2894 754 ἐπὶ
2919 701 3013 754 τὸν
3047 700 3328 754 Οὑενετῶν
3364 701 3584 768 λιμένα,
3616 701 3718 767 τήν
3740 715 3797 750 τε
3828 699 3963 751 κλι-

2398 782 2598 852 ζόηνπ
2668 787 2953 857 κατέσχον,
3004 789 3100 841 καὶ
3157 789 3641 857 ἠνδραποδίσαντο.
3703 788 3856 841 Μετὰ
3907 786 3965 839 δὲ

2396 876 2570 931 ταῦτα
2600 878 2733 947 πρὸς
2755 881 2852 951 τὴν
2878 881 3036 934 πόλιν
3067 881 3539 951 διεπρεσσεύοντο,
3562 881 3660 931 καὶ
3682 882 3740 933 ἐν
3770 880 3963 947 ἀπόρῳ

2396 970 2453 1024 δὲ
2483 971 2635 1032 ὅντες
2669 972 2719 1023 οἱ
2750 974 2807 1024 ὲν
2852 975 2918 1043 τῇ
2973 973 3149 1035 πόλει,
3181 974 3276 1025 καὶ
3305 972 3407 1025 οὐκ
3436 971 3651 1040 ἔχοντες
3697 972 3727 1023 ὃ
3788 988 3840 1022 τι
3876 971 3968 1036 γέ-

2398 1075 2618 1120 νωνται,
2678 1058 2990 1113 ὑπακοῦσαί
3040 1077 3100 1112 τε
3136 1061 3249 1121 τοῖς
3295 1058 3544 1119 ἰανυῒοις
3583 1057 3794 1124 ἔφασαν
3827 1055 3969 1107 ἕτοι-

2403 1170 2493 1221 μοι
2527 1146 2688 1216 εἶναι,
2730 1153 2826 1205 καὶ
2852 1153 2928 1216 ὼς
2948 1152 3011 1206 ἂν
3048 1152 3234 1220 δοκοίη
3285 1151 3469 1213 αὐτοῖς
3523 1150 3798 1217 ξύμφορον
3828 1140 3969 1199 εἶναι

2397 1245 2492 1299 καὶ
2522 1246 2849 1314 ἐπιτήδειον,
2898 1245 3299 1307 πολιτεύεσθαι,
3356 1246 3452 1298 καὶ
3497 1240 3768 1297 αἰτεῖσθαι
3826 1242 3969 1308 σφᾶς

2397 1341 2649 1392 ἐκέλευον
2678 1339 2706 1391 ὃ
2734 1357 2786 1392 τι
2814 1339 3121 1408 βούλονται,
3156 1342 3231 1403 ὡς
3277 1340 3672 1411 παρεχομένων
3731 1338 3968 1405 ἑτοίμως

2397 1432 2581 1493 αὺτοῖς
2611 1433 2802 1487 ταῦτα.
2842 1434 2906 1485 Οἱ
2932 1434 2986 1485 δὲ
3012 1433 3087 1494 ὡς
3118 1434 3187 1486 τὰ
3221 1434 3375 1501 παρὰ
3418 1432 3515 1499 τῆς
3548 1432 3759 1493 πόλεως
3802 1430 3969 1499 ἡκου-

2400 1542 2519 1587 σαν,
2550 1527 2784 1593 οἰόμενοι
2806 1527 2904 1598 τὴν
2925 1529 3080 1581 πόλιν
3112 1525 3544 1596 καταλήψεσθαι,
3570 1523 3968 1590 αὐθαδέστερον

2397 1635 2456 1670 τε
2491 1618 2859 1686 ἀπεκρίναντο
2905 1620 2970 1687 τῇ
3028 1618 3313 1689 πρεσϐείᾳ,
3374 1616 3631 1686 φάμενοι,
3695 1614 3967 1667 αἰτεῐσθαι

2399 1712 2596 1774 αὐτοὺς
2629 1711 2719 1762 ἐπὶ
2743 1713 2892 1777 τρεῖς
2952 1710 3166 1780 ἡμέρας
3207 1710 3409 1773 ἐξεῖναι
3462 1708 3614 1778 σφῖσι
3644 1706 3969 1774 διαρπάζειν

2401 1803 2498 1871 τὴν
2521 1803 2696 1857 πόλιν.
2731 1805 2793 1856 (η
2829 1804 3009 1871 μέντοι
3032 1803 3289 1872 πρέσϐεις
3343 1803 3418 1865 ὡς
3449 1801 3841 1870 ἀπεχώρησαν,
3874 1798 3972 1850 καὶ

2399 1896 2467 1947 τὰ
2525 1896 2901 1961 ἐπεσταλμένα
2961 1898 3027 1964 τῇ
3083 1895 3237 1947 πόλει
3294 1893 3676 1963 παρήγγελλον
3704 1894 3773 1953 “',
3819 1891 3854 1958 ἦ
3910 1906 3971 1941 τε

2403 1988 2704 2057 σύγκλητος
2743 1988 2836 2041 καὶ
2860 1989 2888 2039 ὁ
2913 1986 3085 2056 δῆμος
3116 1985 3543 2056 ύπεραχθεσθεὶς
3575 1987 3643 2055 τῇ
3683 1983 3790 2035 τῶν
3814 1982 3975 2033 πολε-

2406 2076 2544 2147 μίων
2571 2077 2832 2151 αὐθαδείᾳ
2868 2096 2924 2132 τε
2961 2080 3057 2132 καὶ
3117 2078 3405 2148 ἀκολασίᾳ,
3456 2076 3589 2139 ναῦς
3655 2092 3715 2127 τε
3766 2073 3974 2127 αὐτίκα

2401 2172 2747 2241 ἐπλήρωσαν,
2781 2173 2909 2235 ὅσας
2937 2172 3221 2241 ἠδύναντο,
3274 2173 3372 2224 καὶ
3406 2170 3562 2222 αὐτοὶ
3604 2168 3660 2229 ἐς
3711 2167 3809 2227 τὰς
3841 2163 3976 2225 ναῦς

2403 2264 2700 2334 ἐμϐάντες,
2731 2264 2993 2333 ἀνήγοντο
3027 2264 3085 2326 ἐς
3122 2262 3213 2316 τὸν
3262 2263 3475 2328 λιμένα.
3533 2259 3601 2312 Οἴ
3633 2276 3690 2311 τε
3752 2254 3977 2307 Ἰανυτοι

2401 2360 2787 2427 ἀντανήγοντο,
2844 2360 2938 2411 καὶ
2984 2357 3182 2410 αὐτίκα
3221 2359 3280 2409 ὲν
3314 2356 3390 2423 τῷ
3434 2354 3612 2421 λιμένι
3658 2349 3975 2415 ἐναυμάχη-

2405 2468 2526 2512 σαν,
2565 2450 2658 2502 καὶ
2691 2450 2844 2502 οὐδὲν
2870 2450 3032 2502 πλέον
3092 2450 3252 2518 ἔσχον
3310 2449 3361 2501 οἱ
3394 2447 3665 2512 πολέμιοι.
3704 2440 3977 2494 Ἐνταῦθα

2403 2544 2478 2606 ὼς
2506 2528 2880 2612 ἐπετράποντο
2913 2543 3210 2612 ἡττημένοι
3253 2542 3334 2603 εἰς
3384 2539 3621 2606 Κλιζόην
3662 2536 3732 2597 δ’,
3770 2533 3977 2587 αύτῖκα

2404 2636 2451 2687 οἱ
2484 2635 2742 2701 Οὐενετοὶ
2767 2633 2902 2688 ναῦν
2927 2634 3207 2701 φέροντες.
3232 2635 3498 2702 μεγίστην
3512 2632 3622 2684 τῶν
3648 2632 3797 2698 παρὰ
3818 2629 3978 2694 σφίσι

2406 2726 2564 2791 νεῶν,
2597 2728 2654 2789 ἐς
2681 2726 2743 2778 τδ
2780 2725 2875 2778 τοῦ
2908 2725 3130 2793 λιμένος
3154 2726 3351 2793 στόμα,
3489 2723 3552 2793 δὴ
3603 2723 3859 2793 εἰσῄεσαν
3923 2720 3977 2771 οἱ

2407 2821 2691 2888 πολέμιοι,
2727 2818 3031 2871 κατέδυσαν
3061 2818 3226 2871 αὐτοῦ
3252 2816 3424 2886 ταύτῃ
3451 2833 3464 2847 ⁸
3500 2816 3615 2868 ἔστι
3659 2815 3768 2883 γὰρ
3814 2812 3979 2865 τοῦτο

2408 2910 2761 2973 στενώτατον,
2793 2910 2890 2963 κιὶ
2916 2911 2977 2960 τὸ
3001 2909 3176 2978 στόμα
3205 2909 3638 2970 ὲπικλείσαντες,
3675 2905 3821 2975 λιμῷ
3848 2905 3980 2963 τοὺς

2418 3003 2679 3065 Ἰξνυΐους
2728 3003 2787 3055 ἐν
2845 3003 2912 3071 τῇ
2951 3000 3156 3071 Κλιζόῃ
3196 3001 3243 3032 ⁸⁸
3279 2999 3763 3068 ἐξεπολιόρκησαν.
3809 2998 3979 3049 Ἀπε-

2409 3096 2678 3163 πειρῶντο
2708 3093 2805 3163 μὲν
2832 3090 2927 3147 οὖν
2960 3094 3056 3148 καὶ
3088 3096 3186 3163 τῆς
3209 3092 3500 3161 διώρυχος,
3600 3092 3662 3144 ὲκ
3683 3089 3777 3141 τοῦ
3814 3088 3980 3158 Ἥρι-

738 3171 941 3228 Patavii
970 3175 1080 3229 dux
1102 3175 1391 3233 Carrarius
1430 3176 1655 3235 Venetis
1692 3181 1950 3247 infestus,
1996 3183 2306 3240 Januenses

2409 3186 2571 3240 δανοῦ
2602 3187 2660 3248 ές
2690 3185 2783 3238 τὸν
2806 3185 3001 3252 λιμένα
3028 3187 3363 3255 ἀφικνεῖται,
3404 3183 3809 3252 διορύσσοντες,
3829 3182 3978 3233 ὥστε

735 3265 789 3318 in
824 3265 931 3321 isto
980 3268 1170 3335 prmlio
1194 3271 1422 3340 adjuvit.
1484 3270 1650 3327 Fame
1703 3272 1871 3343 igitur
1893 3275 2112 3341 domiti,
2152 3277 2306 3331 dedi-

735 3356 864 3409 dere
904 3372 961 3411 se
991 3356 1297 3415 Januenses
1324 3360 1572 3428 Venetis,
1617 3372 1676 3419 ut
1724 3381 1911 3420 secum
1949 3371 2059 3435 'pro
2081 3370 2309 3424 arbitrio

738 3465 839 3504 suo
869 3458 1111 3519 agerent.
1138 3452 1207 3506 Et
1260 3453 1485 3522 quidem
1519 3454 1610 3509 hic
1657 3458 1974 3526 turpissime
2009 3460 2308 3526 perierunt,

739 3560 838 3601 nec
873 3561 1017 3599 nunc
1048 3548 1183 3603 satis
1210 3546 1373 3615 digne
1419 3549 1663 3613 tractati,
1722 3558 1782 3603 ut
1805 3551 1857 3604 in
1880 3558 2165 3618 posterum
2192 3569 2311 3609 mo-

738 3640 925 3694 destiae
957 3655 1228 3695 memores
1254 3653 1459 3696 essent.
1488 3641 1581 3697 His
1602 3644 1655 3696 in
1711 3643 1856 3699 hunc
1905 3644 2125 3698 modum
2155 3662 2315 3715 pera-

744 3734 869 3795 etis,
914 3732 1019 3785 vim
1055 3732 1180 3785 belli
1204 3743 1396 3787 contra
1426 3732 1788 3788 Janueusium
1845 3736 2036 3790 urbem
2076 3747 2309 3793 vertere.

740 3826 1071 3877 Cumautem
1106 3824 1309 3894 ubique
1331 3825 1577 3880 victoriis
1601 3828 1888 3881 navalibus
1918 3828 2311 3895 clarescerent,

740 3924 794 3967 ct
833 3914 1133 3969 mirabilem
1164 3915 1265 3970 sibi
1304 3917 1524 3985 'ubique
1584 3918 1878 3987 potentiam
1939 3931 2218 3988 pararent,
2257 3930 2314 3976 et

739 4005 1066 4059 etiamalios
1111 4005 1271 4067 mari,
1298 4006 1443 4074 quod
1491 4022 1612 4061 eam
1664 4008 1939 4077 regionem
1971 4010 2149 4074 alluit,
2186 4026 2314 4080 pro-

742 4097 1020 4159 biberent,
1054 4098 1255 4151 accidit
1278 4109 1338 4150 ut
1372 4098 1732 4153 Janneusium
1783 4100 1913 4155 urbs
1939 4101 1992 4154 in
2019 4103 2314 4157 maximam

741 4188 1131 4249 devolveretur
1150 4188 1543 4251 calamitatem,
1577 4197 1637 4242 ut
1665 4205 1788 4259 qua:
1829 4191 2117 4245 navalibus
2170 4207 2322 4261 praa-.

744 4280 831 4333 liis
886 4278 1023 4333 nihil
1075 4279 1310 4348 amplius
1371 4278 1585 4334 elﬁcere
1647 4289 1869 4351 posset:
1915 4292 2100 4350 postea
2150 4282 2314 4336 etiam

743 4369 949 4423 Patavii
984 4370 1406 4440 principcmulti
1439 4380 1592 4435 sunt,
1655 4372 1845 4427 urbem
1891 4372 2009 4439 ejus
2026 4374 2316 4430 obsidione

743 4473 1070 4531 prementes.
1128 4462 1334 4517 Deinde
1393 4462 1616 4517 adducti
1654 4464 1706 4517 in
1743 4465 2139 4531 continentem,
2192 4480 2310 4520 eam

2410 3278 2697 3344 ἑκπλόῖμοι
2746 3277 3003 3345 γενέσθαι
3058 3280 3181 3339 ταῖς
3232 3276 3443 3329 ἑαυτῶν
3503 3276 3695 3328 ναυσὶν
3756 3273 3851 3326 ἐπὶ
3885 3273 3984 3325 τδν

2422 3370 2726 3437 Ἠριδανόν.
2769 3369 2911 3422 Ἀλλ’
2936 3370 3034 3438 οὐχ
3056 3362 3156 3422 οἷοι
3181 3386 3242 3422 τε
3293 3371 3547 3435 ἐγένοντο
3594 3368 3789 3420 ἁνῦσαι
3815 3361 3908 3417 τοῦ
3920 3382 3982 3432 ρ-

2412 3478 2529 3529 γον.
2566 3460 2773 3514 Ἐδόκει
2802 3460 2858 3514 δὲ
2882 3461 2978 3514 καὶ
3016 3461 3045 3512 ὁ
3115 3461 3392 3514 Παταόιου
3438 3459 3662 3528 ἡγεμὼν
3708 3456 3991 3526 συμϐαλέ-

2415 3551 2543 3604 σθαι
2577 3551 2762 3615 αὐτοῖς
2820 3553 2876 3615 ἐς
2916 3553 3007 3605 τόν
3055 3570 3115 3604 τε
3156 3551 3413 3619 πόλεμον,
3445 3549 3701 3617 διάφορος
3757 3547 3833 3600 ὣν
3866 3550 3985 3609 τοῖς

2413 3642 2717 3703 Οὐενετοῖς.
2774 3642 2938 3695 Οὗτοι
2968 3643 3065 3712 μὲν
3123 3642 3267 3710 λιμῷ
3315 3638 3833 3707 ὲκπολιορκηθέντες
3876 3638 3987 3690 ὑπὸ

2412 3736 2511 3803 τῆς
2538 3735 2815 3788 Οὐενετῶν
2839 3735 3068 3797 πόλεως.
3098 3734 3405 3803 παρέδοσαν
3428 3734 3568 3802 σφᾶς
3595 3731 3829 3802 χρῆσθαι
3862 3732 3993 3799 σφέ-

2416 3844 2523 3889 σιν,
2560 3828 2589 3880 ὅ
2621 3843 2673 3879 τι
2708 3824 3011 3892 βούλονται,
3041 3826 3136 3878 καὶ
3173 3825 3348 3897 ταύτῃ
3383 3824 3639 3893 αἴσχιστα
3676 3823 3987 3885 ἀπώλοντο,

2414 3920 2514 3971 οὐκ
2558 3918 2634 3970 ἔτι
2662 3917 2811 3983 παρὰ
2837 3918 2901 3968 τὸ
2929 3917 3050 3970 δέον
3082 3914 3567 3984 σωφρονισθέντες.
3633 3915 3697 3966 Οἱ
3732 3914 3791 3966 δὲ
3844 3914 3992 3967 Οὑε-

2415 4010 2560 4061 νετοὶ
2598 4010 2659 4062 τὸ
2686 4010 2796 4062 ἀπὸ
2820 4008 2974 4063 τοῦδε
3007 4009 3428 4077 στρατευόμενοι
3453 4009 3546 4061 ἐπὶ
3587 4008 3685 4077 τὴν
3740 4006 3995 4060 Ἰανυῖων

2417 4102 2594 4165 πόλιν,
2628 4101 2870 4170 πολλαχῆ
2901 4117 2959 4152 τε
3003 4102 3415 4170 ἐναυμάχησαν,
3447 4101 3541 4153 καὶ
3568 4100 3989 4168 ιπεκράτησαν,

2415 4192 2647 4260 δύναμίν
2679 4209 2738 4244 τε
2791 4191 3243 4261 περιποιούμενοι
3279 4192 3341 4244 τὸ
3380 4192 3489 4245 ἀπὸ
3540 4191 3720 4254 τοῦδε,
3757 4192 3854 4242 καὶ
3892 4191 3994 4257 τῆς

2418 4286 2686 4352 θαλάττης
2717 4285 3009 4353 εἴργοντες,
3063 4285 3164 4353 τῆς
3197 4283 3321 4338 κατ’
3366 4285 3583 4350 ἐκείνην
3624 4283 3725 4352 τὴν
3776 4282 3991 4351 χώραν.

2420 4373 2590 4426 Ἔνθα
2611 4374 2675 4442 δὴ
2706 4371 2957 4441 ξυμφορᾷ
2981 4372 3306 4441 περιέπεσεν
3339 4374 3371 4441 ἠ
3396 4373 3553 4431 πόλις
3580 4371 3743 4438 αὕτη.
3812 4372 3875 4421 οὗ
3922 4373 3987 4439 τῇ

2421 4466 2774 4535 ἐπιτυχούσῃ,
2802 4465 2892 4517 διὰ
2930 4465 3030 4526 τὰς
3072 4465 3384 4533 ναυμαχίας
3415 4464 3641 4524 ταύτας.
3701 4463 3983 4530 ’Υστιρσν

741 4554 1084 4609 constantius
1108 4555 1212 4609 sibi
1243 4555 1517 4618 subjicere
1551 4555 1938 4620 moliebantur,
1965 4566 2022 4609 ut
2046 4558 2150 4611 sibi
2182 4571 2312 4611 con-

2427 4560 2631 4628 μέντοι,
2698 4557 2791 4609 τόν
2826 4572 2886 4609 τε
2916 4555 3011 4608 τοῦ
3064 4556 3334 4607 Παταϐιου
3388 4555 3636 4622 ἡγεμόνα
3679 4552 3993 4619 τισάμενοι,

741 4650 1024 4701 tirmarent
1056 4648 1390 4703 continentis
1424 4648 1740 4717 imperium.
1767 4646 1832 4700 Et
1865 4662 1989 4701 cum
2018 4656 2179 4703 antea
2213 4648 2315 4702 im-

745 4741 953 4809 perium
979 4741 1256 4809 quoddam
1286 4739 1364 4811 (8)
1396 4742 1449 4794 in
1496 4740 1724 4809 regione
1761 4740 2096 4795 continentis
2127 4751 2317 4794 essent

740 4833 910 4895 nacti,
960 4843 1014 4886 et
1045 4833 1356 4887 Tervisium
1424 4832 1616 4886 urbem
1642 4832 1841 4900 opibus
1896 4830 2181 4885 ﬂorentem
2212 4846 2315 4886 suo

740 4923 986 4977 dominio
1027 4922 1369 4991 adjicientes,
1422 4922 1699 4988 regionem
1766 4919 2141 4990 praetergressi
2163 4927 2314 4983 sunt,

741 5030 866 5069 cum
903 5014 1031 5069 odio
1052 5015 1245 5068 incola:
1281 5015 1437 5083 102
1466 5014 1616 5069 urbis
1663 5014 2029 5068 incitarentur
2054 5012 2316 5065 adversus

742 5128 874 5167 suos
905 5111 1201 5181 principes.
1228 5112 1360 5165 Cum
1380 5110 1662 5163 Patavium
1694 5112 1747 5163 in
1777 5117 2103 5179 potestatem
2136 5108 2316 5161 venis-

743 5218 851 5270 set,
870 5207 1033 5257 etiam
1062 5204 1449 5258 Cat-rariorum
1478 5219 1507 5257 e
1541 5202 1748 5256 familia
1770 5204 1880 5255 dux
1911 5212 2101 5256 contra
2122 5216 2217 5255 eos
2241 5200 2321 5251 iu-

746 5299 990 5353 surrcsit
1031 5314 1043 5351 ε
1080 5304 1273 5350 contra
1308 5313 1470 5365 qiiem
1510 5295 1697 5349 hostili
1721 5296 1906 5349 animo
1938 5292 2319 5362 procedentes,

2417 4653 2519 4720 τήν
2545 4668 2603 4704 τε
2665 4650 2820 4703 πόλιν
2869 4648 3287 4716 ἐπολιόρκησαν,
3352 4649 3448 4699 καὶ
3500 4646 3841 4711 ὑπαγόμενοι
3891 4644 3993 4711 τῆς

2416 4743 2672 4812 ἠπείρου,
2732 4740 3042 4808 ἀντείχοντο
3116 4737 3465 4807 βεϐαιότερον
3517 4737 3575 4797 ἐς
3648 4737 3815 4802 σφᾶς.
3868 4737 3993 4803 ἐχυ-

2419 4834 2639 4905 ροῦντες
2675 4834 2731 4894 ἐς
2765 4832 2878 4898 τὴνι
2916 4832 3093 4900 ἀρχὴν
3119 4830 3217 4898 τῆς
3270 4828 3523 4897 ἤπειρον.
3555 4827 3665 4879 Καὶ
3723 4827 3993 4894 πρότερον

2425 4928 2606 4996 μέντοι
2631 4925 2809 4993 ἀρχήν
2848 4938 2967 4975 τινα
3013 4924 3069 4984 ἐς
3096 4920 3194 4989 τὴν
3236 4922 3375 4973 κατὰ
3392 4920 3493 4986 τὴν
3522 4918 3755 5005 ἤπειρον
3786 4919 3992 4987 κτησά-

2426 5032 2598 5085 μενοι,
2638 5016 2730 5066 καὶ
2755 5012 3057 5082 Τερὸύζιον
3095 5010 3249 5063 πόλιν
3286 5009 3584 5077 εὐδαίμονα
3615 5011 3989 5079 ἐπικτησάμε-

2421 5123 2522 5171 νοι,
2544 5105 2855 5173 προήγαγον
2872 5102 2971 5171 τὴν
2994 5099 3179 5170 χώραν
3202 5100 3402 5164 αὐτῶν,
3420 5100 3779 5167 ἐπαγομένων
3797 5101 3877 5169 τῷ
3896 5104 3992 5166 τῆς

2423 5198 2626 5259 πόλεως
2660 5197 2804 5265 ἔχθει
2834 5194 2911 5265 τῷ
2948 5195 3196 5263 σφετέρῳ
3226 5193 3363 5262 πρὸς
3402 5193 3530 5279 τοὺς
3583 5192 3736 5260 σφῶν
3788 5193 3991 5260 ἠγεμόο

2421 5306 2536 5353 νας,
2569 5288 2660 5342 καὶ
2690 5284 3100 5353 ὑστερούμενοι,
3124 5284 3199 5344 ὡς
3218 5285 3278 5336 τὸ
3307 5281 3583 5335 Πατάσιον
3614 5282 3993 5353 ἐχειρώσαντο

2012 5435 2262 5496 Νοίυιω
2293 5430 2703 5509 marginales.

819 5575 894 5641 (7)
931 5571 1267 5625 Brunduium
1303 5577 1519 5624 vocant.

816 5742 862 5769 ⁷⁸
895 5740 1113 5806 rulers).
1155 5738 1210 5788 ii.
1244 5749 1297 5789 ut
1337 5739 1383 5788 in
1423 5749 1557 5792 runt.
1643 5742 1681 5768 "“
1718 5739 1962 5793 uitem
2014 5738 2083 5790 ai.
2114 5748 2163 5790 ut
2200 5738 2248 5787 in
2283 5754 2324 5786 ς.

752 5818 759 5829 ”
830 5812 1035 5863 ιτλιξσ
1088 5812 1137 5859 nl
1193 5826 1242 5858 ut
1287 5810 1335 5859 in
1370 5824 1412 5859 τ.

2496 5562 2569 5627 (8)
2601 5559 2954 5625 Fut'ojulium.

3261 5724 3346 5753 λεί

2444 5737 2483 5765 9“
2521 5731 2799 5799 έῖιιήἳγιὶῗι.
2860 5730 2916 5784 al
2971 5738 3019 5778 ut
3062 5728 3108 5776 in
3144 5743 3187 5778 ι’.
3261 5724 3301 5753 ’⁸
3335 5724 3596 5779 ἷίδιινῖὲαν.
3641 5725 3716 5778 al.
3768 5733 3817 5772 HF
3848 5725 3896 5773 έιι
3938 5738 3992 5774 τ’.
