4190 6434
192 430 276 493 193
1230 424 1324 483 DE
1364 422 1615 482 IlEBUS
1647 421 2004 479 TURCICIS
2040 420 2192 480 LlB.
2241 420 2339 482 IV.

3288 422 3389 488 194

185 543 264 595 τοῦ
294 540 543 611 ἡγεμόνος
576 539 875 609 Καραρίων
902 538 1000 607 τῆς
1059 537 1257 600 οἰκίας,
1306 539 1441 606 πρὸς
1490 536 1714 595 τούτους
1743 549 1791 605 Α
1824 554 1840 589 ι

1743 549 1791 605 Α
1824 537 1985 590 urbes
2022 552 2129 591 non
2154 535 2545 604 paucasltaliae
2561 548 2614 591 et
2636 536 2869 607 Liguriae
2900 538 3180 606 subegere.
3217 539 3386 599 Vero-

184 634 537 702 διενεχοέντες,
570 631 881 701 ὁρμώμενοι
909 630 1014 682 ἀπὸ
1060 630 1273 689 τούτου,
1314 631 1496 691 πόλεις
1527 647 1583 681 τε
1618 629 1711 681 ἄλ-

181 723 265 785 λας
291 725 378 775 οὐκ
407 723 593 789 ὀλίγας
630 722 1089 789 κατεστρέψαντο.
1121 720 1230 773 τῶν
1287 720 1425 772 κατὰ
1451 719 1548 789 τὴν
1579 717 1712 769 Ἰτα-

182 816 288 867 λίαν
317 816 490 882 χώραν
525 816 582 870 ἐς
608 814 705 882 τὴν
737 814 1025 882 Λιγυρίαν,
1056 812 1219 875 ἄλλας
1267 811 1324 863 τὲ
1350 812 1412 881 δὴ
1442 812 1533 865 καὶ
1565 810 1712 878 Οὐη-

186 908 343 975 ρώνην
371 906 417 937 ⁸³
454 906 609 959 πόλιν
636 906 949 974 εὐδαίμονα,
977 906 1327 968 ἐξελάσαντες
1356 907 1479 965 τοὺς
1514 904 1712 972 ἡγεμό-

1820 642 1944 680 nam
1974 642 2189 697 quoque
2222 628 2276 681 in
2330 628 2592 683 ditionem
2646 630 2993 697 redegerunt,
3038 633 3226 686 urbem
3252 650 3386 702 opu-

1821 721 2043 784 lentam,
2077 721 2301 785 expulsa
2329 719 2693 775 Scalariorum
2720 722 2795 792 (9)
2821 723 3123 792 principum
3156 723 3382 780 familia.

1821 810 2004 879 Captae
2029 821 2158 865 sunt
2225 812 2530 877 Vincentia,
2598 813 2805 877 Brixia,
2859 816 3024 871 urbes
3076 819 3271 885 opibus
3330 826 3387 872 et

1822 903 2074 956 claritate
2106 902 2333 971 reliquis
2369 902 2536 957 Italiae
2587 906 2805 973 Oppidis
2874 907 3015 959 haud
3071 909 3384 963 inferiores.

180 1016 262 1060 va;
286 1001 461 1065 αὐτῆς.
494 998 814 1066 Κλιμακίων
853 998 949 1066 τῆς
1005 1000 1180 1061 οἰκίας
1210 998 1352 1050 οὕτω
1376 998 1764 1065 καλουμένους,
1799 996 1890 1049 καὶ
1922 997 2294 1063 Οὺῖκενετίαν,
2326 999 2415 1050 καὶ
2441 997 2698 1068 Βρήξιαν,
2746 999 2931 1063 ὀλϐίας
2965 1018 3024 1053 τε
3062 1001 3264 1067 πόλεις,
3292 1002 3386 1056 καὶ

178 1094 455 1159 ἐπισήμους
479 1090 585 1142 τῶν
614 1090 708 1143 νῦν
736 1091 875 1142 κατὰ
897 1091 994 1159 τὴν
1026 1091 1281 1143 Ἰταλίαν.

239 1184 379 1237 Μετὰ
412 1182 467 1234 δὲ
500 1182 666 1234 ταῦτα
702 1182 836 1251 πρὸς
870 1184 961 1233 τὸν
999 1183 1260 1250 Λιγυρίας
1306 1184 1565 1251 τύραννον
1602 1181 1710 1232 διε-

180 1274 439 1343 νεχθέντες
470 1274 771 1343 ἐπολέμουν
802 1274 892 1325 ἐπὶ
922 1277 1089 1344 συχνὰ
1118 1276 1236 1341 ἔτη.
1271 1275 1425 1326 Ἐστι
1454 1274 1509 1325 δὲ
1541 1275 1711 1341 ὀήγε-

178 1365 279 1435 μὼι
337 1364 485 1427 οὗτος
537 1367 714 1428 οἰκίας
771 1366 878 1416 τῶν
939 1365 1361 1433 Μαριαγγιλῶν,
1428 1366 1612 1435 ἄρχων
1658 1365 1713 1416 δὲ

176 1458 484 1511 Μεδιολάνου
513 1458 741 1520 πόλεως.
772 1437 883 1509 Ἷιν
918 1458 972 1510 δὲ
1002 1458 1400 1527 ἐπιτηδεύμασί
1431 1476 1487 1510 τε
1520 1457 1711 1509 62.6m-

174 1552 431 1619 τάτη,καὶ
460 1554 523 1619 τῇ
551 1550 687 1619 ἄλλῃ
742 1550 1061 1619 εὐδαιμονίᾳ
1112 1552 1333 1619 προέχει
1382 1550 1491 1602 τῶν
1539 1550 1596 1601 ὲν
1644 1551 1709 1617 τῇ

184 1644 367 1715 Ἰταλίᾳ
396 1644 623 1707 πόλεων,
660 1644 753 1696 καὶ
800 1643 1224 1711 πολυάνθρωπος
1273 1639 1429 1705 οὖσα,
1485 1642 1715 1694 παλαιο·

173 1738 298 1804 τάτη
321 1752 377 1786 τε
421 1737 568 1787 δοκεῖ
597 1735 877 1801 γενέσθαι,
913 1738 1008 1786 καὶ
1029 1736 1135 1787 αίεί
1167 1753 1225 1786 τε
1258 1734 1314 1799 ἐξ
1345 1734 1468 1786 ὅτου
1504 1731 1712 1803 ᾠκίσθη

173 1825 551 1893 εὐδαιμονῆσαι
580 1827 695 1886 τοῖς
725 1840 782 1875 τε
812 1822 1209 1890 ἐπιτηδεύμασι
1242 1824 1350 1883 τοῖς
1376 1822 1713 1890 πολεμικοῖς,

172 1920 255 1971 καὶ
285 1917 455 1969 ὃπλων
488 1917 827 1984 κατασκευῇ.
860 1915 1170 1982 Μεσόγαιος
1216 1914 1260 1964 δ’
1291 1911 1427 1964 οὖσα
1468 1914 1503 1981 ὴ
1558 1910 1713 1971 πόλις
1748 1902 1787 1961 Β

172 2009 320 2079 αὕτη,
352 2009 520 2079 διέχει
568 2009 675 2061 ἀπὸ
708 2008 982 2077 θαλάσσης
1013 2007 1113 2074 τῆς
1176 2006 1419 2060 Ἰανυίων
1471 2004 1717 2064 σταδίους

168 2103 304 2171 ἀμφὶ
337 2103 462 2164 τοὺς
492 2101 828 2165 ἑξακοσίους,
861 2099 1038 2167 ἀγχοῦ
1063 2099 1117 2151 δὲ
1140 2099 1368 2169 ᾠκεῖται
1399 2098 1498 2165 τῆς
1540 2096 1717 2148 Γαλα-

168 2194 298 2255 τίας,
327 2193 446 2260 ἥτις
478 2194 571 2244 καὶ
611 2190 812 2243 Σαΰοῖα
844 2190 995 2260 χώρα
1046 2190 1331 2258 κέκληται.
1375 2190 1488 2239 Ῥεί
1541 2188 1595 2239 δὲ
1624 2203 1718 2237 πο-

169 2285 331 2353 ταμδς
360 2282 445 2335 διὰ
488 2284 586 2351 τῆς
618 2283 850 2345 πόλεως,
887 2283 981 2333 καὶ
1021 2282 1222 2333 ἐκδιδιῖ
1273 2276 1424 2343 οὗτος
1469 2283 1525 2343 ἐς
1558 2278 1720 2332 Τεσίο

164 2395 261 2446 νην
288 2376 529 2445 ποταμὸν
562 2375 693 2443 πρὸς
733 2375 950 2427 Παπίαν
990 2374 1035 2405 ⁸⁵
1071 2375 1245 2427 πόλιν.
1278 2372 1511 2441 Τεσίνης
1557 2371 1601 2423 δ’
1652 2368 1719 2422 αὖ

162 2468 377 2537 ὲπιρῤει
395 2468 451 2529 ἐς
476 2468 565 2519 τὸν
608 2466 909 2535 Ἠριδανὸν,
948 2465 1084 2537 πρὸς
1146 2466 1455 2534 Πλακεντίῃ
1478 2466 1524 2497 ⁸⁵
1567 2465 1719 2516 πόλει

167 2558 371 2628 μεγάλῃ
403 2558 498 2626 τῆς
529 2557 817 2625 Λιγυρίας.
847 2555 1015 2617 ϐύτος
1045 2558 1141 2624 μὲν
1257 2556 1472 2619 ἐκδιδοῖ,
1528 2558 1720 2626 πρότε-

166 2652 254 2720 ρόν
284 2667 374 2718 μοι
396 2649 712 2717 δεδήλωται.
744 2648 1011 2713 Λέγονται
1036 2646 1081 2699 δ’
1117 2649 1165 2700 οἱ
1191 2648 1287 2718 τῆς
1318 2648 1494 2708 οἰκίας
1519 2648 1720 2718 ταύτης

161 2744 217 2805 ἐς
247 2742 343 2812 τὴν
368 2740 700 2794 Μεδιολάνου
750 2739 966 2808 καὶτῆς
1005 2738 1173 2807 ἄλλης
1229 2740 1494 2809 Λιγυρίας
1549 2741 1722 2809 ἀρχὴν

162 2832 495 2901 καταστῆναι
538 2831 727 2900 τρόπῳ
756 2832 965 2900 τοιῷδε.
1002 2832 1231 2900 Δράκων
1266 2832 1372 2883 ἀπὸ
1425 2833 1575 2900 ὄρεος
1605 2851 1725 2900 φοι-

159 2927 268 2980 τῶν
308 2928 367 2988 ἐς
390 2924 487 2993 τὴν
508 2925 685 2987 πόλιν,
709 2922 1029 2993 ἀνθρώπους
1061 2924 1390 2992 διαφθείρων
1416 2925 1514 2976 οὐκ
1550 2923 1723 2977 ἐπαύ-

158 3036 312 3081 σατο,
339 3017 465 3078 τούς
500 3033 561 3068 τε
586 3017 679 3067 ἐπὶ
725 3016 792 3067 τὰ
824 3016 961 3083 ἔργα
1012 3017 1294 3079 ἀπιόντας,
1326 3016 1421 3068 καὶ
1450 3018 1543 3068 ἐπὶ
1597 3018 1723 3079 τοὺς

156 3110 386 3181 ἀγρούς.
410 3111 647 3163 Γυναῖκα
682 3110 803 3178 μὲν,
842 3102 1143 3182 ᾖὶέγεται,
1177 3109 1332 3162 οὐδέν
1380 3126 1433 3162 τι
1464 3113 1723 3179 ποιούμε-

1890 1172 2017 1226 Post
2044 1172 2157 1226 haec
2184 1172 2381 1226 bellum
2412 1173 2546 1241 ipsis
2570 1171 2676 1226 fuit
2696 1188 2819 1227 cum
2847 1172 3080 1243 Liguriae
3101 1176 3212 1246 (l0)
3238 1180 3386 1247 prin-

1821 1266 1960 1334 cipe,
1989 1265 2135 1333 quod
2174 1265 2389 1333 quidem
2416 1265 2482 1319 ad
2516 1265 2717 1320 multos
2743 1275 3052 1320 extractum
3079 1279 3161 1321 est
3186 1285 3385 1325 annos.

1821 1358 1871 1413 Is
1907 1369 2091 1411 autem
2126 1358 2383 1427 princeps
2408 1357 2675 1427 originem
2711 1357 2875 1411 trahit
2930 1374 2996 1411 ex
3039 1358 3240 1413 latitilia
3277 1359 3391 1414 Ma—

1823 1450 2221 1521 riangelorum,
2284 1459 2337 1503 et
2401 1449 2711 1503 Mediolano
2750 1448 2991 1519 praefuit.
3068 1449 3210 1506 Urbs
3268 1452 3383 1506 haec

1820 1542 2020 1599 studiis
2073 1541 2200 1595 belli
2248 1548 2304 1595 et
2365 1541 2580 1610 reliqua
2636 1540 2903 1596 felicitate
2982 1543 3151 1597 italiae
3219 1548 3383 1600 urbes

1821 1639 1981 1704 longe
2015 1635 2382 1705 exsuperabat
2417 1651 2431 1687 :
2466 1643 2519 1689 et
2553 1648 2675 1688 cum
2706 1636 2774 1690 sit
2802 1638 3085 1705 populosa,
3118 1640 3387 1708 antiquis-

1822 1730 1961 1783 sima
2011 1744 2137 1784 esse
2172 1728 2438 1794 creditur,
2474 1744 2573 1782 nec
2622 1744 2863 1798 unquam
2895 1730 3128 1785 adversa
3167 1732 3384 1785 fortuna

1823 1837 1946 1876 esse
1990 1837 2109 1887 usa,
2163 1838 2229 1876 ex
2261 1836 2371 1891 quo
2424 1822 2646 1875 condita
2698 1832 2786 1875 est
2836 1840 2850 1874 :
2912 1838 3099 1876 verum
3166 1840 3387 1894 semper

1818 1916 2016 1971 studiis
2054 1914 2180 1970 belli
2214 1924 2270 1969 et
2300 1930 2582 1969 armorum
2617 1917 3019 1985 praeparatione
3053 1918 3387 1974 excelluisse

1821 2016 2062 2065 constat.
2115 2008 2253 2063 Cum
2316 2018 2500 2062 autem
2559 2010 2631 2062 sit
2685 2009 3103 2075 mediterranea,
3142 2012 3308 2065 distat
3357 2028 3387 2065 a

1820 2102 1957 2153 mari
1988 2100 2351 2155 Januensium
2386 2101 2578 2154 stadiis
2617 2102 2915 2156 sexcentis.
2966 2102 3077 2154 Sita
3108 2115 3191 2157 est
3219 2118 3389 2172 prope

1820 2193 2072 2255 Galliam,
2142 2209 2260 2260 quae
2312 2191 2587 2247 Sabaudia
2633 2194 2972 2247 nominatur.
3020 2194 3248 2249 Fluvios
3291 2213 3387 2249 ur-

1821 2286 1941 2339 bem
1969 2287 2199 2349 dirimit,
2234 2288 2327 2355 qui
2363 2287 2417 2339 in
2450 2288 2706 2341 Tesinem
2752 2287 2869 2340 sive
2921 2288 3170 2341 Ticinum
3213 2288 3388 2344 effutt-

1822 2380 1972 2434 ditur
2021 2381 2178 2450 juxta
2226 2380 2450 2448 Papiam
2483 2381 2696 2434 urbem.
2727 2380 2962 2434 'l'esines
3020 2381 3163 2434 redit
3195 2382 3247 2433 in
3273 2381 3390 2434 Eri-

1823 2478 2026 2528 danum
2086 2490 2251 2542 prope
2292 2472 2648 2533 Placentiam,
2700 2473 2893 2525 urbem
2926 2488 3207 2538 magnam.
3266 2473 3387 2538 Quo

1823 2576 2007 2621 autem
2042 2566 2311 2620 Eridanus
2342 2566 2493 2628 ﬂuat,
2525 2565 2638 2633 jam
2676 2573 2802 2618 ante
2837 2565 3226 2620 indicavimus.
3282 2564 3387 2619 Fa-

1822 2660 1987 2713 milia:
2014 2659 2464 2727 Mariaugelorum
2486 2674 2740 2728 proceres
2770 2659 2865 2712 tali
2890 2674 2954 2711 ex
2978 2674 3146 2713 causa
3166 2660 3220 2713 in
3242 2662 3389 2729 prin-

1825 2753 2062 2820 cipatum
2105 2750 2571 2805 Mediolanensem
2607 2758 2659 2804 et
2702 2751 2752 2802 in
2811 2750 3074 2819 reliquam
3108 2750 3386 2821 Liguriam

1828 2844 2003 2896 allecti
2038 2852 2191 2907 sunt,
2240 2842 2416 2896 Draco
2466 2858 2532 2895 ex
2575 2849 2758 2895 monte
2795 2841 2848 2893 in
2918 2842 3108 2895 urbem
3161 2843 3387 2904 vadens,

1829 2950 2080 3004 magnam
2135 2944 2373 3003 stragem
2409 2932 2713 2997 hominum,
2768 2932 2862 3001 qui
2897 2932 2961 2985 ad
2991 2948 3188 3000 operas
3235 2941 3288 2987 et
3319 2935 3387 2988 ad

1827 3041 1989 3095 agros
2023 3028 2349 3095 pergebant,
2389 3024 2573 3079 facere
2620 3039 2725 3077 non
2766 3024 3064 3077 cessabat:
3104 3024 3386 3078 mulierem

1830 3129 2012 3171 tamen
2050 3117 2281 3177 nullam,
2322 3123 2382 3168 ut
2433 3115 2609 3177 aiunt,
2679 3114 2929 3166 laedebat.
3003 3112 3150 3166 Viris
3206 3122 3388 3167 tamen

157 3220 268 3268 νος,
301 3203 397 3255 καὶ
428 3202 557 3263 τούς
583 3218 643 3268 γε
678 3201 879 3270 ἄνδρας
922 3202 1015 3252 ἐπὶ
1065 3202 1257 3271 συχνὸν
1303 3202 1493 3271 χρόνον
1544 3202 1717 3254 διελυ-
1748 3233 1793 3295 C

1748 3233 1793 3295 ο
1827 3214 1987 3279 longo
2010 3218 2251 3276 tempore
2278 3208 2509 3260 infestus
2541 3214 2658 3258 erat
2688 3207 2976 3258 vastando.
2996 3204 3226 3259 Plurimi
3256 3223 3391 3274 quo-

161 3297 414 3369 μαίνετο·
447 3296 543 3349 καλ⁸
566 3293 748 3347 πολλοὶ
780 3295 844 3363 δὴ
878 3294 964 3347 ἐπ’
999 3296 1161 3348 «om
1186 3296 1524 3359 ἐπελθόντες,
1558 3296 1726 3349 πολλά

153 3409 215 3444 τε
265 3389 365 3443 καὶ
408 3387 687 3456 ἀνήκεστα
740 3386 877 3456 πρὸς
950 3385 1045 3439 τοῦ
1108 3387 1273 3455 θηρὸς
1331 3389 1724 3447 ἐπεπόνθεσαν,

149 3489 319 3547 ἤνυον
342 3483 401 3536 δὲ
427 3480 600 3533 οὐδέν.
630 3477 799 3541 Οὗτος
847 3478 911 3547 δὴ
957 3479 986 3531 ὁ
1036 3479 1421 3547 Μαριάγγελος
1448 3481 1513 3544 ⁸⁸,
1574 3480 1726 3549 πρῶ-

149 3588 241 3630 τος
276 3572 376 3634 τῆς
409 3572 586 3633 οῑκίας
613 3570 841 3639 ταύτης,
884 3571 1153 3639 Βρετανδς
1181 3571 1236 3623 δὲ
1268 3570 1327 3621 τὸ
1357 3572 1534 3637 γένος,
1567 3569 1728 3639 Θερά-

150 3678 333 3716 ποντα
385 3665 674 3728 έξοπλίσας
731 3663 1030 3731 πανοπλίᾳ,
1080 3664 1174 3716 καὶ
1213 3664 1372 3726 αὐτὸς
1434 3664 1723 3716 ἐνεδύσατο

145 3755 490 3813 πανοπλίαν.
538 3755 696 3808 Μετὰ
742 3754 799 3806 δὲ
828 3754 903 3817 ὡς
933 3755 1055 3807 ῐσαν
1117 3756 1209 3806 ἐπὶ
1242 3756 1333 3807 τὸν
1366 3755 1510 3824 θῆρα
1536 3756 1605 3818 ⁸⁷,
1635 3756 1725 3808 τὸν

146 3852 345 3917 μέντοι
381 3846 688 3917 Θεράποντα
710 3845 913 3913 κανὼν,
966 3847 1110 3899 κατὰ
1149 3846 1312 3915 μέσον
1360 3846 1611 3915 έσεφόρει
1666 3849 1723 3908 ές

142 3944 243 3995 τὸν
304 3939 511 4008 λαιμὸν
565 3939 755 3993 αὐτοῦ.
804 3940 894 4002 Ὠς
938 3939 983 3991 δ’
1012 3940 1111 4009 ἥδη
1168 3940 1367 4008 χανὼν,
1407 3940 1531 3991 οὗτε
1574 3940 1726 4002 ὲντδς

141 4034 344 4085 λαϐεῖν
380 4027 494 4091 οἷός
524 4047 583 4082 τε
617 4030 856 4096 ἐγένετο,
888 4028 1012 4082 οὔτε
1035 4034 1091 4091 ές
1121 4032 1366 4083 τούπίσω
1397 4029 1723 4101 ἐξορμῆσαι,

138 4123 381 4175 πελέκει
415 4121 514 4190 τὴν
544 4120 788 4189 κεφαλὴν
824 4118 919 4172 τοῦ
965 4119 1260 4189 δράκοντος
1309 4121 1587 4190 καταίρων
1613 4123 1722 4172 διέ-

134 4232 310 4279 τεμε.
377 4213 490 4266 Καὶ
542 4215 570 4265 ὁ
608 4213 796 4282 μέντοι
856 4212 1076 4279 δράκων
1115 4213 1289 4289 ταύτῃ
1324 4211 1510 4277 ἔπεσε,
1540 4216 1633 4266 καὶ
1690 4217 1724 4285 ὴ

132 4306 301 4367 πόλις
353 4303 703 4373 ἠλευθέρωτο
763 4304 856 4356 τοῦ
907 4304 1075 4374 θηρὸς
1141 4304 1507 4374 πολεμοῦντος
1561 4308 1721 4376 αὐτῇ.

133 4396 245 4450 Καὶ
272 4395 430 4449 οὕτω
457 4395 521 4464 δὴ
554 4396 858 4463 στρατηγόν
886 4411 945 4446 τε
980 4395 1164 4462 σφίσιν
1213 4396 1263 4447 of
1307 4395 1366 4447 τὸ
1392 4396 1722 4449 Μεδιόλανον

129 4485 499 4546 ἐνοικοῦντες
520 4485 839 4551 ἐστήσαντο,
896 4484 991 4536 καὶ
1032 4484 1287 4551 ἡγεῖσθαι
1341 4484 1592 4535 ἐκέλευον
1633 4485 1724 4535 ἐπὶ

1828 3320 1934 3373 que
1984 3304 2213 3356 bestiam
2265 3302 2414 3352 illam
2468 3311 2523 3351 ut
2564 3298 2955 3361 interficerent,
3014 3309 3205 3351 contra
3272 3316 3390 3351 eam

1829 3390 2017 3443 ibant:
2061 3404 2247 3440 verum
2283 3387 2416 3439 nihil
2449 3386 2821 3455 proficientes,
2861 3401 3106 3441 extrema
3163 3404 3394 3456 quaeque

1828 3483 2199 3553 patiebantur.
2274 3480 2517 3533 Tandem
2582 3478 2973 3546 Mariangelus,
3030 3479 3393 3547 Mariangelo-

1828 3588 1947 3626 rum
2009 3572 2230 3625 familia:
2291 3573 2575 3639 princeps,
2646 3570 2873 3623 natione
2927 3570 3224 3624 Britannus
3281 3573 3395 3623 sive

1822 3666 2046 3732 Anglus,
2117 3663 2432 3716 ministrum
2476 3677 2635 3715 suum
2700 3668 2753 3714 et
2805 3661 3160 3729 semetipsum
3207 3678 3391 3717 arma-

1827 3768 1974 3821 tura,
2014 3770 2133 3823 qua:
2164 3764 2337 3807 totum
2384 3768 2588 3821 corpus
2623 3762 2851 3819 tegeret,
2890 3768 3136 3817 artuans,
3174 3755 3387 3809 obviam

1827 3848 2019 3902 bello-ae
2049 3846 2319 3915 processit
2348 3846 2391 3909 (l
2413 3846 2480 3911 l).
2516 3844 2830 3897 Miuistruut
2858 3846 3023 3911 igitur
3051 3862 3174 3898 cum
3211 3847 3390 3901 bellua

1826 3947 2063 3997 voraret,
2122 3946 2174 3988 et
2206 3934 2442 3987 medium
2469 3934 2520 3985 in
2564 3934 2711 3986 rictu
2784 3944 3051 4001 portaret,
3111 3951 3212 3989 nec
3265 3952 3388 3988 eum

1826 4028 1877 4081 in
1913 4028 2004 4080 ilia
2057 4028 2348 4080 demittere
2376 4026 2457 4077 vel
2481 4042 2732 4080 evomere
2766 4035 2973 4091 posset,
2994 4029 3173 4081 securi
3205 4028 3392 4081 bellua:

1825 4128 1989 4188 raput
2045 4119 2369 4185 amputavit.
2421 4117 2597 4170 Draco
2628 4119 2679 4168 in
2718 4123 2865 4170 hunc
2907 4119 3129 4171 modum
3178 4122 3340 4185 periit
3375 4136 3389 4172 :

1825 4216 2129 4280 civitasque
2164 4212 2389 4264 liberata
2440 4210 2506 4262 ab
2551 4211 2654 4262 ista
2701 4210 2898 4273 bestia,
2934 4225 2959 4263 a
2996 4227 3101 4279 qua
3157 4212 3391 4265 subinde

1826 4307 2266 4376 oppugnabatur,
2325 4303 2724 4371 Mariangelum
2787 4303 2982 4357 ducem
3066 4306 3248 4371 elegit,
3337 4318 3391 4360 et

1826 4410 2016 4454 contra
2064 4401 2251 4452 hostes
2283 4400 2361 4451 ire
2407 4398 2597 4463 jussit,
2655 4407 2711 4449 ut
2738 4399 2830 4466 qui
2864 4399 3041 4451 virum
3084 4400 3286 4452 bonum
3338 4412 3391 4453 et

1827 4494 2026 4545 fortem
2076 4507 2133 4545 se
2163 4492 2529 4544 exhibuisset.
2590 4488 2698 4542 Nec
2738 4491 2909 4544 multo
2964 4499 3110 4558 post,
3162 4502 3218 4543 ut
3281 4492 3386 4543 sibi

127 4579 270 4638 τοὺς
313 4576 639 4644 πολεμίους,
670 4574 744 4637 ὡς
776 4574 944 4642 ἄνδρα
970 4574 1174 4641 ἀγαθὸν
1230 4576 1550 4645 γενόμενον.
1586 4577 1721 4629 Μετ’
1756 4573 1782 4630 ῐ

1756 4573 1803 4658 Ι)
1830 4585 2291 4639 Mediolanensem
2321 4584 2691 4654 principatum
2723 4585 3124 4649 constabiliret,
3158 4596 3211 4639 et
3240 4587 3387 4639 cives

124 4673 186 4723 ού
225 4670 425 4722 πολὺν
478 4668 534 4719 δὲ
580 4667 771 4735 χρόνον
802 4666 1027 4735 ἡγεμών
1058 4684 1118 4718 τε
1181 4668 1445 4735 κατέστη,
1500 4667 1728 4736 δορυφό-

124 4783 270 4833 ρους
308 4762 459 4831 εχων
491 4760 630 4829 ἀμφ’
663 4759 851 4823 αὑτὸν,
882 4758 976 4810 καὶ
1007 4757 1135 4820 τοὺς
1163 4758 1223 4811 ὲν
1250 4761 1316 4828 τῇ
1347 4758 1498 4810 πόλει
1542 4758 1730 4811 πείθεα

124 4858 268 4908 σθαι
320 4852 680 4920 ἀναγκάζων.
735 4850 893 4903 Οὕτω
942 4850 1006 4918 δὴ
1063 4849 1327 4919 ἄρξαντος
1376 4852 1581 4919 ταύτης
1631 4852 1730 4918 τῆς

118 4947 327 5017 χώρας
356 4947 456 4996 ἐπὶ
477 4943 750 5012 τέσσαρας
777 4942 991 5010 γενεὰς,
1016 4944 1073 5003 ἐς
1100 4942 1192 4994 τὸν
1214 4942 1480 4995 Φίλιππον
1517 4944 1550 5012 ἠ
1581 4942 1723 5012 ἀρχὴ

118 5039 445 5108 περιῆλθε,
482 5037 618 5105 πρὸς
646 5036 705 5087 ὃν
732 5035 796 5106 δὴ
824 5035 873 5086 οἱ
913 5035 1165 5088 Οὐενετοὶ
1193 5036 1493 5105 ἐπολέμουν
1520 5035 1724 5103 διενεχ-

116 5130 328 5193 θέντες
362 5129 438 5183 τά
460 5146 519 5180 τε
548 5127 683 5181 ἄλλα
712 5128 806 5181 καὶ
837 5126 1179 5197 στρατηγοὺς
1237 5126 1484 5199 ἑλόμενοι
1540 5127 1724 5195 σφίσιν

1827 4676 2138 4735 obedirent,
2191 4675 2479 4737 satellites,
2522 4690 2662 4740 quos
2722 4677 2969 4743 corporis
2999 4676 3081 4728 sui
3131 4677 3391 4731 custodes

1828 4783 1950 4822 esse
2010 4767 2201 4827 voluit,
2242 4766 2460 4833 delegit.
2512 4765 2631 4829 Quo
2700 4776 2983 4833 regnante,
3038 4771 3393 4834 generatione

1830 4858 2047 4910 demum
2073 4867 2268 4924 quarta
2312 4864 2432 4924 post
2470 4856 2815 4924 principatus
2847 4857 2900 4909 in
2949 4856 3258 4924 Philippum
3296 4857 3391 4909 de-

1833 4949 2005 5010 venit,
2036 4962 2157 4999 rum
2193 4962 2301 5012 qun
2360 4946 2550 4999 Veneti
2580 4946 2779 5000 bellum
2826 4940 3108 5015 gerebant,
3138 4960 3392 5000 creantes

1831 5041 1895 5091 ad
1932 5040 1981 5091 id
2018 5038 2185 5091 duces
2225 5039 2370 5091 viros
2412 5038 2608 5098 bonos,
2642 5048 2694 5090 et
2744 5053 2993 5107 magnam
3031 5039 3186 5107 103
3214 5041 3395 5104 regio—

1832 5144 1955 5182 nem
2010 5130 2407 5198 gubernantes.
2491 5126 2674 5184 Primo
2725 5130 2947 5199 quidem
3000 5131 3392 5185 Carminiolan;

1425 5287 1673 5350 Notulte
1704 5289 2120 5367 marginales.

196 5470 309 5538 (9)'
343 5470 774 5538 Scaligerorum.

198 5541 336 5609 (1οὶ
384 5540 677 5595 Ιηειιῠτίεο.

1824 5470 2064 5539 viperam
2100 5472 2151 5524 in
2180 5471 2348 5523 armis
2376 5476 2675 5539 gestantem
2698 5466 2961 5539 stravisse
2992 5463 3395 5539 dicitttr,_l(_l_9(i.

1830 5533 2058 5594 Joannis
2099 5552 2280 5593 autem
2326 5533 2508 5608 po'stea
2535 5536 2769 5591 Galcacii
2814 5535 3149 5608 viceccmitis
3276 5535 3401 5608 [ψι-

198 5603 256 5675 (1
278 5613 336 5671 lt
370 5608 1110 5677 Mediolanensiuminsigne.
1145 5606 1244 5661 Hic
1269 5606 1410 5662 Otho
1430 5607 1737 5663 vicecomes
1839 5610 2020 5678 lippus
2055 5612 2241 5673 Maria,
2270 5603 2533 5677 Angleria:
2559 5608 2821 5661 comitatu
2852 5606 3107 5666 donatus,
3127 5606 3248 5678 suis
3281 5603 3398 5657 Ma-

105 5679 235 5735 fuit
265 5698 343 5736 ex
370 5679 665 5735 comitibus
682 5680 964 5747 Angleria,
994 5681 1085 5747 qui
1114 5678 1405 5732 barbarum
1432 5680 1745 5747 quemdam,

196 5851 254 5883 ⁸³
298 5849 559 5922 Βερῶνα.
640 5849 684 5881 ⁸⁸
714 5850 926 5907 Παπίαν
960 5850 1130 5904 πόλιν.
1156 5850 1229 5903 al.
1271 5850 1469 5921 Παϐίῃ.

1545 5850 1595 5883 ⁸⁸
1615 5850 1690 5904 al.
1722 5850 1888 5913 Πλαζ.

1842 5673 2174 5749 τῖἀὶιειοτιιηι
2217 5673 2411 5733 nomen
2444 5678 2682 5747 reliquit,
2711 5678 2855 5730 circa
2884 5690 3082 5728 annum
3118 5673 3272 5729 1400.

1968 5851 2012 5882 ³⁸
2040 5851 2114 5908 σί.
2142 5850 2519 5919 Μαριείγγλος.
2597 5849 2639 5879 ⁸⁷
2680 5845 2824 5919 εἰη
2868 5846 3111 5907 ὲ.α1.ὼς
3148 5843 3275 5912 ὲπίη
3312 5842 3359 5895 ἐ.
