4190 6434
769 417 871 480 1‘35
1901 406 2206 466 LAUNICI
2257 402 2933 465 CIIALCOCONDYLAZ
3934 392 4026 453 196

765 530 960 584 ducem
1015 529 1288 591 fecerunt,
1315 540 1479 595 quem
1509 531 1891 594 opposuerunt
1931 521 2169 592 principi
2225 520 2340 574 Me-
2369 525 2416 583 Α

2369 525 2416 583 Α
2444 524 2499 584 ἐς
2521 520 2612 573 τὸν
2645 519 2902 587 πόλεμον,
2933 515 3131 586 ἄνδρας
3163 529 3218 564 τε
3246 496 3485 580 ἀγαυοὺς
3513 551 3528 574 ,
3577 510 3672 565 καὶ
3713 511 3893 580 χώρας
3929 513 4023 580 ἀρ-

767 621 1094 675 diolanensi.
1158 615 1256 670 Ubi
1312 623 1497 670 autem
1558 615 1974 676 intellexerunt,
2006 627 2131 665 eum
2167 610 2348 679 regio-

2450 631 2644 682 χοντας
2691 611 2792 663 οὐκ
2836 611 3045 678 ὀλίγης.
3111 608 3335 674 Πρῶτον
3380 608 3565 674 μέντοι
3611 604 4024 675 Καραμινιόλαν

768 728 892 767 nem
949 710 1202 779 prodere,
1256 718 1308 762 et
1340 708 1623 762 colludere
1673 722 1797 760 cum
1852 704 2141 758 Mediolani
2186 701 2345 767 duce,

2450 703 2756 773 στρατηγὸν
2785 701 2994 754 εἴλοντο
3021 699 3115 752 ἐπί
3142 700 3235 751 τὸν
3278 697 3546 766 Λιγυρίας
3600 697 3857 765 ἄρχοντα.
3914 697 4024 748 Καὶ

769 814 992 870 captum
1045 799 1472 857 interfecerunt.
1529 800 1597 853 Et
1668 806 1928 852 vocantes
1983 795 2346 849 Franciscutn

2449 799 2523 859 ὡς
2553 796 2722 850 αὑτοῦ
2750 795 3002 847 συνίεσαν
3036 792 3529 858 καταπροδιδόντος
3563 790 3662 860 τὴν
3697 790 3882 860 χώραν
3926 791 4021 841 καὶ

765 892 1092 967 cognomine
1117 890 1402 957 Sfortiatn,
1445 891 1641 945 ducem
1690 890 1744 944 in
1765 890 1944 945 locum
1978 889 2151 944 occisi
2211 887 2346 942 sub-

2452 887 2838 957 συντιθεμένου
2873 885 2951 954 τῷ
2977 884 3315 938 Μεδιολάνου
3349 883 3610 952 ἡγεμόνι,
3640 881 4020 947 συλλαϐόντες,

765 997 1054 1056 rogarunt.
1108 983 1321 1054 Magnis
1401 999 1623 1054 quoque
1685 983 1991 1037 honoribus
2039 997 2162 1036 eum
2205 979 2346 1034 aﬂ'e-

2450 982 2684 1046 ἀνεῖλον,
2717 980 2812 1032 καὶ
2841 977 3215 1046 Φραντζὶσκον
3246 978 3335 1028 τὸν
3393 978 3625 1047 Φορτιαν
3655 977 3893 1045 ἐπίκλην
3929 993 4022 1046 με-

765 1089 987 1141 ceram,
1023 1093 1145 1131 cum
1172 1077 1337 1130 etiam
1368 1087 1526 1128 antea
1558 1075 1733 1146 gloria
1778 1075 1946 1128 multa
1972 1073 2344 1142 pra'fulgeret,

2449 1071 2890 1140 ταπεμπόμενοι,
2922 1067 3178 1137 ἡγεῖσθαί
3207 1083 3262 1119 τε
3292 1066 3454 1119 αὑτὸν
3485 1066 3761 1127 ἐκέλευον,
3792 1066 3889 1116 καὶ
3911 1065 4021 1117 ἐτί-

765 1183 822 1226 et
874 1186 982 1224 non
1054 1168 1302 1222 modicas
1353 1166 1592 1236 Liguria:
1643 1169 1808 1222 urbes
1865 1167 2186 1234 subjiceret.
2245 1163 2348 1217 lm-

2453 1183 2570 1234 μων
2598 1164 2874 1233 μεγάλως,
2900 1164 2968 1215 τά
2997 1178 3057 1213 τε
3091 1161 3227 1213 ἄλλα
3262 1159 3676 1227 εὐδοκιμοῦντα,
3710 1160 3804 1209 καὶ
3837 1158 4023 1217 πόλεις

765 1262 976 1330 perium
1027 1261 1369 1315 continentis
1403 1262 1469 1313 ad
1507 1275 1756 1329 magnam
1809 1259 2108 1328 potentiam
2147 1257 2348 1326 produ-

2447 1257 2547 1325 τῆς
2571 1256 2850 1326 Λιγυριων
2881 1256 3069 1325 χώρας
3101 1256 3204 1307 οὐκ
3251 1253 3439 1319 ὀλίγας
3495 1250 4019 1321 παραστησάμενον,

763 1354 866 1407 xit.
924 1353 1000 1408 Ut
1059 1363 1243 1407 autem
1297 1351 1450 1406 Italia
1505 1353 1558 1405 in
1605 1362 1790 1418 partes
1836 1350 2054 1415 abierit,
2122 1351 2343 1418 quidam

2447 1351 2548 1419 τήν
2591 1367 2651 1401 τε
2710 1349 2887 1419 ἀρχὴν
2937 1350 3034 1418 τῆς
3087 1348 3320 1418 ἠπείρου
3370 1346 3467 1398 ἐπὶ
3530 1347 3676 1414 μέγα
3737 1345 4023 1414 προήγαγε

765 1445 1037 1511 Venetos,
1104 1446 1324 1514 quidam
1381 1443 1612 1513 Ligures
1654 1443 1831 1496 secuti
1873 1443 1927 1496 in
1987 1441 2346 1510 sequentibus

2447 1443 2752 1510 δυνάμεως.
2797 1442 2885 1504 Ὠς
2923 1442 3022 1511 μὲν
3067 1442 3161 1494 οὖν
3205 1441 3342 1508 πρὸς
3388 1440 3614 1501 τούτους
3645 1436 4027 1506 πολεμοῦντας

764 1547 822 1588 ιιι
880 1537 1062 1590 omnia
1106 1534 1469 1604 contigerint,
1511 1534 1808 1588 enarrabo.
1844 1532 2032 1586 Redeo
2080 1548 2226 1586 nunc
2270 1532 2335 1585 ad

2447 1537 2721 1605 ἀλλήλοις,
2758 1536 3026 1603 ξύμπασα
3072 1535 3106 1602 ὴ
3147 1533 3348 1587 Ἰταλία
3410 1531 3597 1600 διέστη
3650 1531 3788 1598 πρὸς
3833 1529 4031 1581 ἐκατέ-

767 1627 1100 1681 Venetornm
1149 1626 1364 1688 urbem,
1408 1641 1530 1695 qua:
1589 1634 1886 1694 utramque
1930 1623 2208 1677 fortunam
2257 1638 2348 1677 ex-

2450 1645 2601 1697 ρους,
2637 1629 2731 1681 καὶ
2762 1627 2837 1688 ὼς
2866 1626 3240 1694 ἐπολέμησαν,
3288 1627 3345 1686 ἐς
3394 1622 3458 1676 τὸ
3503 1622 3696 1693 πρδόσω
3741 1622 3875 1674 ἰόντι
3932 1619 4030 1670 τοῦ

761 1730 914 1788 perta
965 1729 1068 1772 est.
1135 1718 1329 1773 Veneti
1361 1719 1528 1787 igitur
1573 1717 1860 1785 elegerunt
1891 1717 1958 1768 ad
2025 1716 2077 1769 id
2142 1716 2344 1770 bellum

2446 1716 2609 1784 λόγου
2642 1716 2900 1786 δηλοῦταί
2937 1734 3026 1786 μοι
3054 1716 3128 1778 ὡς
3187 1715 3427 1782 ἐγένετο.
3462 1711 3761 1780 Ἐπὰνειμι
3817 1709 3881 1778 δὴ
3935 1709 4029 1759 ἐπὶ

762 1814 1061 1876 gerendum
1125 1813 1295 1864 duces
1353 1811 1431 1863 rei
1500 1809 1756 1862 militaris
1813 1806 2011 1876 peritia
2069 1808 2338 1875 insignes,
2372 1861 2412 1879 _

2376 1861 2412 1879 κ
2447 1811 2545 1879 τὴν
2603 1810 2884 1862 Οὑενετῶν
2933 1808 3108 1873 πόλιν,
3168 1809 3244 1869 ὡς
3300 1805 3470 1876 ταύτῃ
3501 1807 3569 1874 τῇ
3602 1804 3754 1856 πόλει
3806 1801 4031 1870 ἐγένετο

763 1912 822 1956 ιιι
875 1918 1040 1971 supra
1096 1903 1280 1967 docui,
1320 1902 1461 1955 inter
1503 1915 1645 1971 quos
1692 1899 2090 1954 Carminiolam
2121 1900 2338 1968 impen-
2373 1893 2414 1918 "

2373 1893 2414 1918 ⁸³
2442 1899 2579 1971 τύχη
2634 1900 2718 1950 ἐπ’
2751 1900 3041 1967 ἀμφοτέρα
3071 1899 3136 1967 τῇ
3176 1895 3354 1957 πόλει,
3385 1894 3617 1959 ἐναλλὰξ
3647 1893 3889 1962 συμϐάν.
3912 1894 4027 1945 Καὶ

761 1996 877 2048 sius
948 1994 1222 2047 faventem
1282 1994 1448 2047 rebus
1509 1992 1666 2046 ducis
1719 1990 2040 2053 Mediolani,
2117 2002 2341 2060 captum

2445 1994 2586 2062 αὕτη
2618 1994 2671 2055 ἐς
2708 1981 2858 2045 τόνδε
2886 1994 2978 2044 τὸν
3015 1990 3256 2059 πόλεμον
3289 1989 3520 2057 ἑλομένη
3581 1989 3751 2056 ἐαυτῇ
3787 2001 4030 2053 στρατη-

762 2096 1055 2151 necarunt,
1091 2086 1220 2155 quia
1255 2101 1380 2140 eum
1415 2085 1518 2139 sibi
1555 2084 1791 2139 insidias
1819 2094 2035 2138 struere
2057 2085 2338 2152 cognitum

2445 2088 2574 2154 γοὺς
2605 2087 2672 2138 τὰ
2707 2086 2941 2153 πολέμια
2970 2082 3233 2149 ἀγαθούς.
3279 2083 3368 2135 Ἐν
3407 2082 3462 2134 δέ
3513 2081 3578 2150 δὴ
3613 2084 3706 2133 καὶ
3746 2078 3842 2140 οὒς
3894 2078 4031 2146 ἐσή-

761 2181 1056 2233 liabebant.
1122 2178 1383 2250 Siortiam
1437 2177 1675 2231 accitum
1713 2177 1769 2230 in
1815 2176 1997 2230 locum
2053 2175 2338 2232 interfecti

2447 2196 2595 2248 μηνα
2624 2177 3044 2245 Καραμινιόλαν
3077 2176 3352 2245 κηδεστὴν
3371 2176 3679 2243 γενόμενον
3710 2172 3803 2225 τοῦ
3857 2170 4032 2238 Λιγύ-

760 2273 953 2325 ducem
990 2271 1350 2326 substituere.

2448 2288 2557 2340 ρων
2621 2270 2913 2337 τυράννου.
2961 2267 3166 2321 Τοῦτον
3220 2268 3405 2338 μέντοι
3466 2267 3542 2330 ὼς
3594 2265 4029 2320 ἐπιϐουλεύοντα

761 2364 910 2429 σφίσι
967 2361 1244 2426 λαὸόντες,
1341 2363 1695 2414 ἀπέκτειναν.
1777 2360 2007 2430 Φορτίαν
2105 2360 2162 2414 δὲ
2259 2361 2799 2432 μεταπεμψάμενοι.
2898 2362 3198 2430 ἐστήσαντο
3267 2360 3422 2428 σφίσι
3502 2359 3812 2431 στρατηγὸν
3904 2357 4033 2411 ἐλό-

762 2474 940 2524 μενοι.

827 2646 1176 2701 Maniiestum
1205 2647 1580 2702 arbitroresse
1612 2647 1890 2711 omnibus,
1926 2645 2160 2702 Venetos
2195 2663 2334 2719 prae-

2527 2647 2611 2710 Ὡς
2646 2647 2746 2718 μὲν
2773 2643 2866 2702 οὖν
2891 2647 3029 2716 ἔργα
3062 2644 3562 2713 ἀποδεικνυμένους
3600 2644 3812 2712 μεγάλα
3834 2662 3893 2696 τε
3932 2645 4035 2698 καὶ

758 2739 926 2792 claris
958 2739 1297 2792 facinoribus
1336 2739 1539 2806 ubique
1565 2738 1753 2802 editis,
1807 2739 1955 2793 mille
1993 2741 2156 2793 annis
2201 2753 2330 2794 usos

2444 2740 2570 2804 ἄξια
2595 2739 2785 2806 λόγου,
2813 2740 2905 2790 ἐπὶ
2927 2738 3076 2806 χίλια
3107 2737 3202 2806 ἐτη
3227 2737 3559 2805 εὐδαίμονας
3581 2737 4031 2804 διαγενομένους,

761 2848 1025 2902 prospero
1063 2847 1243 2886 rerum
1296 2846 1580 2893 successu,
1635 2831 1936 2900 plurimum
1987 2831 2180 2900 gloria:
2240 2845 2332 2898 per

2444 2832 2628 2891 ἄλλοις
2663 2830 2909 2900 πολλαχῆ
2957 2831 3098 2882 κατὰ
3146 2829 3248 2896 τὴν
3304 2825 3543 2880 Ἰταλίαν
3576 2827 4037 2897 ἐνευδοκιμῆσαι,

761 2924 1077 2978 universam
1127 2923 1338 2976 Italiam
1375 2921 1520 2989 apud
1584 2937 1775 2976 omnes
1845 2923 2112 2978 tenuisse.
2181 2921 2335 2988 Quod

2445 2921 2752 2992 κατάδηλόν
2801 2923 2938 2986 ἐστι,
2975 2923 3071 2974 καὶ
3115 2920 3433 2988 ἐμπεδῶσέιε
3469 2921 3605 2988 αὐτῇ
3638 2921 3707 2971 τὰ
3756 2923 3901 2974 κατὰ
3931 2921 4040 2990 τὴν

761 3025 944 3069 autem
979 3015 1260 3068 civitatem
1294 3031 1452 3068 suam
1479 3015 1557 3068 ita
1585 3017 1956 3084 regnaverint,
1990 3027 2050 3070 ut
2077 3015 2340 3070 inviolata

2447 3012 2645 3080 ἀρχὴν,
2679 3011 2754 3074 ὡς
2787 3012 3046 3082 ἐλάχιστα.
3071 3010 3335 3078 ὲσφάλετο
3360 3012 3460 3062 ὑπὸ
3492 3011 3597 3062 τῶν
3626 3010 4038 3081 πολιτῶν,τῇδέ

758 3116 816 3162 et
853 3109 1057 3161 intacta
1093 3123 1120 3159 a
1175 3106 1551 3161 seditionibus
1615 3107 1782 3161 luerit
1838 3124 2074 3174 semper,
2135 3108 2340 3164 decens

2447 3121 2527 3173 πη
2578 3102 2644 3156 ἂν
2703 3103 3006 3171 κατάδηλος
3038 3102 3254 3158 γένοιτο
3283 3103 3314 3169 ἠ
3349 3103 3447 3170 τῆς
3489 3101 3699 3164 πόλεως
3735 3101 4037 3170 διοίκησις,

760 3201 934 3254 totius
983 3199 1137 3254 urbis
1191 3198 1626 3262 administratio,
1655 3213 1818 3267 quam
1870 3200 2130 3255 brevibus
2191 3217 2341 3255 nunc

2449 3197 2524 3257 ὡς
2554 3196 2612 3248 ἐν
2642 3194 2833 3264 βραχεί
2876 3194 3212 3264 διασημῆναι
3233 3209 3248 3222 ·
3289 3193 3356 3263 ην
3398 3193 3502 3263 γὰρ
3540 3193 3681 3260 αὕτη
3715 3195 3749 3261 ὴ
3783 3192 3946 3254 πόλις
3976 3193 4040 3243 τὸ

764 3291 1105 3354 describam,
1133 3291 1186 3344 in
1231 3305 1395 3346 causa
1442 3289 1570 3346 fuit.
1620 3290 1762 3344 Olim
1811 3292 2147 3347 democratia
2177 3293 2335 3345 istam
2362 3283 2409 3346 C

2385 3283 2409 3345 ἒ
2450 3288 2680 3341 παλαιὸν
2709 3287 3078 3356 δημοκρατία,
3109 3287 3204 3339 καὶ
3227 3285 3333 3338 ὑπὸ
3365 3287 3562 3354 δήμοις
3680 3287 3796 3351 ἅμα
3828 3285 3889 3336 ἐν
3911 3289 4040 3346 ταῖς

754 3387 1038 3438 civitatem
1094 3382 1468 3453 gubernabat,
1510 3383 1862 3454 populusque
1893 3385 2059 3440 simul
2097 3400 2223 3438 cum
2255 3385 2342 3438 bis

2451 3380 2650 3449 ἀρχαῖς
2678 3379 2883 3440 αὐτῶν,
2913 3377 2981 3440 ἃς
3013 3379 3197 3447 ᾑρεῖτο
3232 3377 3330 3445 τὴν
3366 3378 3543 3440 πόλιν,
3627 3376 3802 3429 ἐδόκει
3849 3376 4041 3437 καλῶς

757 3477 854 3544 qui
901 3477 953 3527 in
989 3474 1316 3544 magistratu
1356 3473 1519 3542 positi
1557 3484 1737 3538 erant,
1787 3489 1895 3546 qua
1965 3475 2071 3530 sibi
2117 3475 2342 3531 consul-

2449 3471 2597 3540 ἐχειν
2623 3472 2799 3538 σφίσι,
2825 3469 3055 3540 διῴκουν
3075 3486 3091 3502 ο
3125 3469 3264 3538 μετὰ
3283 3469 3339 3522 δέ
3364 3469 3558 3533 ταῦτα,
3583 3469 3659 3530 ὡς
3683 3469 3775 3520 ἐπὶ
3799 3471 3868 3520 τὰ
3893 3468 4041 3538 ἔργα

759 3565 1033 3618 tissimum
1060 3563 1376 3627 videbatur,
1412 3563 1691 3617 civitatem
1719 3564 2166 3618 moderabantur.
2188 3563 2344 3621 Post-

2452 3563 2603 3630 σφῶν
2628 3564 2677 3615 οἰ
2702 3563 2934 3631 δημόται
2964 3563 3284 3628 ἐτρέποντο,
3312 3560 3410 3614 καὶ
3430 3561 3612 3613 οὐκέτι
3640 3560 3840 3629 σχολὴν
3868 3557 4039 3631 ἦγον,

760 3672 824 3710 ea
856 3670 980 3710 cum
1020 3659 1085 3709 ad
1144 3671 1311 3724 opera
1360 3656 1652 3726 populares
1704 3657 1908 3726 singuli
1953 3670 2340 3723 avocarentur,

2450 3657 2590 3711 ὥστε
2619 3656 2715 3706 ἐπὶ
2738 3655 2837 3724 τὴν
2860 3655 3129 3722 διοίκησιν
3153 3655 3308 3720 λόγον
3339 3653 3636 3713 ποιεῖσθαι,
3660 3654 3734 3717 ὡς
3762 3655 3968 3708 suam
3984 3672 4043 3707 ιε

759 3764 863 3803 nec
893 3748 1064 3802 otium
1107 3750 1366 3818 amplius,
1431 3747 1654 3816 quando
1683 3749 1757 3802 ita
1812 3763 1900 3801 res
1927 3751 2254 3812 monuisset,
2287 3751 2342 3804 in

2453 3746 2755 3815 ἀναγκάζοι
2786 3745 3141 3816 βουλεύεσθαι
3171 3747 3198 3796 ὁ
3230 3746 3442 3814 χρόνος,
3477 3744 3864 3814 ἐπιλεξάμενοι
3905 3748 4044 3806 τοὺς

761 3855 937 3894 υηυιη
996 3840 1364 3892 conveniendi
1393 3847 1446 3892 et
1466 3843 1820 3895 consultandi
1848 3849 2186 3910 superesset,
2203 3844 2344 3911 opti-

2454 3839 2734 3909 ἀρίστους,
2766 3838 2879 3888 εἴτε
2907 3838 3047 3908 τύχῃ
3075 3836 3205 3901 τινὶ,
3269 3838 3378 3888 εἴτε
3411 3836 3476 3905 δὴ
3515 3839 3611 3891 καὶ
3639 3838 3810 3907 ψήφῳ
3839 3839 4050 3908 ἐλόμε-

766 3946 890 3984 rnos
940 3945 1194 3998 quosque
1248 3930 1338 3982 isti
1391 3944 1542 3984 cura
1603 3931 2002 3998 prafecerunt,
2058 3935 2142 3987 vel
2204 3934 2339 3987 sorti

2453 3945 2568 3982 νοι·
2601 3927 2745 3981 οὕτω
2775 3928 2904 3998 περὶ
2944 3927 3135 3979 τούτου
3186 3929 3243 3988 ἐς
3292 3927 3723 3997 ἀριστοκρατίαν
3749 3928 3812 3980 τὸ
3850 3930 4049 3998 παρά.-

766 4022 846 4074 vel
906 4020 1170 4088 snﬂ‘ragio
1202 4019 1535 4074 electionem
1587 4023 2020 4077 committentes.
2083 4021 2138 4076 In
2197 4025 2342 4077 hunc

2452 4039 2560 4075 παν
2592 4022 2827 4090 ἐτράπη,
2861 4022 2957 4074 καὶ
2987 4020 3048 4072 τὸ
3077 4020 3186 4073 ἀπὸ
3215 4021 3370 4074 τοῦδε
3399 4023 3569 4074 εἰσέτι
3601 4023 3695 4073 καὶ
3724 4021 3821 4072 νυν
3855 4023 4049 4090 ἀσφα-

765 4109 988 4162 modum
1024 4110 1346 4179 reipublicae
1387 4109 1564 4163 forma
1593 4127 1657 4164 ex
1692 4110 2036 4166 democratia
2071 4113 2125 4166 in
2145 4113 2346 4167 aristo-

2450 4113 2558 4174 λῶς
2588 4112 2928 4182 διφκημένη,
2960 4111 3054 4163 ἐπὶ
3090 4111 3234 4180 μέγα
3265 4111 3547 4178 δυνάμεως
3579 4111 3857 4181 ἐχώρησε.
3888 4114 4047 4164 Διοι-

768 4203 996 4256 cratiam
1040 4211 1245 4255 inntata
1277 4211 1384 4258 est.
1442 4202 1523 4256 Ex
1550 4220 1617 4258 eo
1673 4203 1802 4259 inde
1842 4215 2094 4274 tempore
2149 4206 2343 4261 civitas

2453 4207 2628 4258 κεῖται
2669 4203 2725 4257 δὲ
2754 4204 2897 4256 κατὰ
2925 4203 3074 4257 τάδε.
3109 4204 3302 4256 Ἔστιν
3333 4205 3366 4272 ἡ
3393 4203 3604 4272 μεγάλη
3638 4202 3806 4272 βουλὴ
3836 4204 4055 4256 καλου-

767 4296 856 4347 illa
923 4295 1149 4363 pulchre
1183 4293 1591 4359 administrata,
1641 4295 1936 4348 maximam
1993 4295 2098 4349 sibi
2154 4306 2346 4363 poten-

2455 4297 2590 4366 μένη
2623 4297 2831 4360 αὐτοῖς,
2852 4296 2910 4348 ἐν
3000 4298 3092 4347 ἐπὶ
3125 4295 3339 4366 ἡμέρας
3366 4295 3514 4350 ὀκτὼ
3547 4296 3745 4366 σχολὴν
3775 4300 4052 4367 ἄγουσιν,

766 4387 893 4438 tiam
949 4385 1182 4455 peperit.
1247 4384 1461 4438 Habent
1522 4395 1799 4448 senatum,
1865 4399 2027 4454 quem
2087 4399 2342 4454 magnum

2463 4387 2553 4440 Ἐν
2581 4387 2755 4457 ταύτῃ
2804 4386 2868 4456 δὴ
2912 4390 2979 4456 τῇ
3034 4386 3198 4456 βουλῇ
3234 4388 3333 4449 τάς
3362 4404 3424 4440 τε
3459 4389 3635 4457 ἀρχὰς
3664 4391 3778 4444 τῶν
3824 4395 4058 4449 πόλεων

766 4487 987 4538 vocant,
1046 4478 1100 4529 in
1151 4492 1262 4546 quo
1299 4476 1539 4545 singulis
1585 4486 1709 4530 octo
1743 4477 1940 4531 diebus
2002 4477 2340 4531 consultant.

2450 4480 2760 4550 αἱροῦνται,
2805 4479 3024 4548 ψήφους
3069 4479 3368 4548 τιθέμενοι,
3397 4482 3493 4534 καὶ
3534 4482 3635 4546 τὰς
3679 4484 3736 4537 ἐν
3777 4489 3846 4555 τῇ
3883 4488 4059 4542 πόλει

762 4570 864 4624 llic
914 4579 1141 4624 senatus
1184 4570 1400 4639 Oppidis
1432 4570 1697 4637 sut'lragio
1729 4570 2108 4624 intercedente
2133 4571 2342 4640 princi-
2376 4640 2390 4642 Α

2451 4573 2589 4640 αὐτῇ
2642 4572 2836 4640 ἀρχὰς,
2892 4570 3002 4639 ὅπη
3053 4570 3122 4624 ἂν
3177 4572 3570 4627 καθιστῶνται.
3621 4575 3932 4642 Νομίζεται
3988 4580 4056 4632 δέ

766 4676 860 4728 pes
895 4659 1108 4713 statuit.
1172 4659 1348 4712 Etiam
1392 4662 1543 4714 urbis
1588 4660 1948 4729 magistratus
2001 4661 2142 4715 idem
2175 4676 2339 4716 sena-
2372 4640 2412 4694 Β

2400 4645 2412 4692 ³
2446 4666 2644 4730 ἐξεῖναι
2685 4665 2758 4725 ὡς
2792 4666 2850 4725 ἐς
2883 4663 2978 4733 ἐτη
3013 4665 3258 4734 τέσσαρα
3286 4667 3381 4717 καὶ
3418 4665 3595 4719 εἰκοσι
3645 4640 3893 4735 γεγονὼς
3924 4671 4055 4739 εἴη,

765 4762 850 4805 tus
869 4753 1137 4807 decernit.
1160 4750 1303 4820 Lege
1329 4761 1509 4806 autem
1537 4755 1803 4817 sancitur,
1834 4753 1887 4806 in
1919 4755 2064 4806 hunc
2088 4763 2336 4807 senatum

2447 4757 2679 4809 εἰσιέναι
2710 4758 2766 4817 ἐς
2795 4755 3003 4823 ταύτην
3055 4756 3155 4823 τὴν
3197 4755 3412 4825 βουλὴν,
3446 4758 3514 4825 ἢν
3547 4758 3695 4827 αὐτῷ
3727 4759 3827 4828 τὴν
3855 4760 4054 4830 ἀρχὴν

763 4844 930 4896 licere
993 4845 1041 4897 ei
1075 4843 1288 4912 ingredi
1322 4845 1416 4912 qui
1458 4853 1620 4898 natus
1663 4843 1732 4897 sit
1771 4858 1949 4898 annos
1978 4845 2171 4913 viginti
2201 4859 2341 4913 qua-

2452 4846 2806 4916 συνεχωρήοη
2829 4863 2891 4915 γε
2922 4846 3174 4909 εἰσιέναι,
3199 4847 3304 4899 κᾶν
3331 4849 3698 4920 συγκλητικὸς
3821 4853 4055 4922 Εἷησαν

761 4945 910 4999 tuor,
975 4946 1021 4988 et
1060 4946 1284 4989 senator
1326 4937 1372 4988 is
1405 4936 1519 4990 sive
1576 4936 1848 5005 patricius
1885 4936 1979 5002 sit,
2032 4952 2133 4992 nec
2159 4938 2343 5006 aliqua

2443 4937 2486 4989 δ’
2521 4937 2587 4991 ἂν
2614 4936 2760 4991 οὗτοι
2791 4940 2935 5007 ἀμφὶ
2981 4939 3108 4998 τοὺς
3153 4939 3470 5007 δισχιλίους,
3499 4944 3548 4993 οἰ
3580 4944 3679 5004 τάς
3713 4959 3775 4994 τε
3810 4943 4057 5012 ψήφους

753 5040 926 5080 causa
958 5034 1163 5090 exstet,
1219 5041 1343 5095 qua:
1387 5027 1454 5079 ab
1488 5039 1684 5082 senatu
1717 5043 1843 5081 eum
1879 5029 2156 5084 excludat.
2204 5029 2344 5083 Sunt

2442 5030 2744 5098 τιθέμενοι,
2771 5031 2869 5082 καὶ
2897 5032 2998 5093 τὰς
3047 5031 3223 5100 ἀρχὰς
3260 5032 3554 5102 ξυμπάσης
3585 5034 3690 5102 ἠδη
3724 5036 3826 5104 τῆς
3851 5037 4062 5105 ἀρχῆς

757 5126 945 5168 autem
983 5115 1085 5168 viri
1125 5115 1209 5169 bis
1246 5115 1419 5179 mille,
1463 5117 1556 5184 qui
1610 5116 1853 5172 calculos
1888 5116 2098 5183 ferunt,
2137 5128 2191 5173 et
2224 5119 2346 5172 uni-

2445 5120 2781 5190 αἱρούμενοι.
2825 5119 3082 5190 Ἠγεμὼν
3112 5122 3168 5174 δὲ
3202 5123 3413 5175 τούτων
3463 5124 3615 5176 ἐστὶν
3647 5123 3708 5176 ὃν
3747 5125 3817 5178 ἂν
3867 5126 4067 5178 ἕλων-

765 5208 914 5260 versi
968 5207 1186 5274 imperii
1251 5208 1609 5276 magistratus
1662 5209 1894 5278 eligunt.
1968 5211 2167 5264 Ducem
2228 5212 2344 5265 sive

2442 5231 2556 5277 ται,
2580 5215 2672 5264 τὸν
2705 5216 2839 5282 παρ’
2885 5214 3071 5276 αὐτοῖς
3100 5215 3397 5286 κράτιστον
3431 5215 3700 5270 δοκοῦντα
3746 5219 4058 5285 γενέσθαι.

763 5296 1064 5364 principem
1097 5297 1201 5349 sibi
1223 5313 1348 5351 eum
1395 5299 1764 5361 constituunt,
1811 5301 1904 5369 qui
1957 5301 2099 5368 apud
2138 5316 2234 5355 eos
2277 5317 2342 5355 ex

2450 5305 2612 5372 Φέρει
2641 5305 2698 5359 δέ
2727 5298 2878 5368 οὗτος
2909 5304 3002 5358 δύο
3034 5307 3271 5376 ψήφους,
3301 5309 3590 5378 τιθέμενος
3689 5311 3757 5363 ἂν
3787 5311 4067 5380 βούλοιτο

761 5389 912 5439 omni
966 5401 1202 5440 numero
1257 5388 1503 5457 optimus
1560 5389 1816 5444 habetur.
1865 5388 1965 5444 Hic
1997 5391 2130 5445 duos
2186 5391 2344 5463 104

2453 5398 2868 5467 προστίθεσθαι.
2898 5399 3066 5452 Μένει
3091 5399 3135 5451 δ’
3158 5393 3311 5462 οὗτος
3351 5401 3600 5468 ἡγεμὼν,
3625 5403 3952 5472 τιμώμενός
3990 5425 4063 5460 τε

770 5481 921 5547 ponit
975 5481 1245 5545 calculos,
1322 5496 1466 5549 quos
1530 5484 1842 5551 cuicunque
1910 5483 2151 5537 voluerit
2201 5486 2344 5553 parti

2453 5489 2521 5542 τὰ
2552 5488 2746 5557 πρῶτα
2776 5489 2880 5541 ὑπὸ
2909 5488 3018 5540 τῶν
3053 5490 3460 5558 συγκλητικῶν,
3491 5491 3585 5542 καὶ
3617 5492 3674 5542 ἐν
3724 5494 3836 5554 τοῖς
3870 5492 4064 5560 βασι-

759 5572 969 5625 addere
1020 5582 1224 5640 potest.
1280 5571 1545 5644 Princeps
1605 5575 1697 5629 ille
1753 5583 1935 5628 tnanet
1969 5576 2023 5628 in
2062 5578 2254 5644 primis
2315 5593 2345 5631 ει

2453 5579 2617 5642 λείοις
2647 5578 2949 5646 ἐπιμένων,
2977 5578 3116 5648 ἔχων
3146 5581 3244 5648 τήν
3278 5597 3337 5631 τε
3373 5580 3621 5649 δαπάνην
3650 5583 3758 5634 ὑπὸ
3784 5582 3896 5634 τῶν
3938 5585 4073 5654 τῆς

765 5665 1119 5719 senatoribus
1160 5667 1489 5721 honoratus.
1539 5669 1589 5724 Is
1625 5670 1678 5722 in
1707 5668 1872 5737 regali
1917 5669 2039 5720 aula
2067 5668 2344 5735 habitans,

2456 5672 2663 5733 πόλεως
2699 5673 3135 5740 προεστηκότων.
3164 5674 3393 5742 Πάρεισι
3435 5675 3480 5726 δ’
3519 5676 3669 5743 αὑτῴ
3702 5675 4074 5748 βουληφόροι

769 5759 972 5810 victum
1010 5759 1220 5812 habet:
1254 5769 1537 5828 sumptus.
1597 5776 1739 5829 quos
1805 5760 1957 5820 facit,
1989 5759 2060 5813 ab
2109 5760 2194 5815 his
2250 5765 2345 5830 qui

2456 5763 2749 5832 ἄνδρες,ἒξ
2773 5764 2864 5815 τὸν
2899 5757 3153 5834 ἀριθμὸν,
3191 5765 3369 5835 ἐτεροί
3431 5783 3489 5817 τε
3529 5767 3680 5834 αὑτῷ
3719 5769 3898 5831 ὄντες,
3959 5774 4081 5825 καὶ

767 5848 1040 5906 universae
1086 5850 1296 5905 civitati
1321 5852 1640 5919 praesident,
1693 5852 1862 5921 capit.
1896 5851 2110 5908 Adsunt
2138 5854 2185 5908 ci
2243 5855 2345 5908 viri

2457 5860 2557 5922 τὴν
2586 5856 2750 5923 τιμὴν
2805 5855 2903 5924 τῆς
2951 5857 3255 5925 ἡγεμονίας
3305 5857 3915 5928 συγκατεργαζόμενοι,
3968 5866 4082 5916 ἐττί
