4190 6434
180 356 263 422 197
1207 370 1302 427 DE
1333 368 1585 429 REBUS
1623 369 1981 429 TURCICIS
2025 370 2171 431 LIB.
2203 372 2302 432 IV.

3293 381 3394 447 198

178 475 330 541 μῆνας
386 473 443 537 ἓξ
492 472 956 544 ἀπαλλαττόμενοι
996 476 1091 546 τῆς
1146 480 1298 546 σφῶν
1333 480 1476 532 οὗτοι
1508 480 1710 549 ἀρχῆς.

1820 481 2123 534 consiliarii
2171 497 2263 536 se:
2294 481 2435 551 (12),
2482 484 2616 537 socii
2677 482 2796 552 ejus
2832 486 3185 552 exsistentcs,
3243 501 3297 545 et
3340 494 3392 546 in

174 564 307 613 Μετὰ
334 564 388 614 δὲ
424 564 520 632 τὴν
553 565 796 634 μεγάλην
851 566 1070 636 βουλὴν,
1106 570 1309 639 ἐστινὴ
1341 571 1508 640 βουλὴ
1544 573 1589 604 ⁸⁸
1631 590 1722 641 γε·-

176 654 345 718 ρουσία
377 656 587 724 κλητῶν
634 658 969 729 καλουμένη,
998 662 1140 730 ἀμφὶ
1180 664 1306 726 τοὺς
1345 665 1719 732 τριακοσίους.

174 746 445 815 Αίροῦνται
473 749 535 817 δὴ
565 749 790 813 τούτους
819 752 920 821 ἤδη
956 755 1051 806 καὶ
1100 754 1199 818 τάς
1229 755 1422 819 λοιπάς
1454 759 1630 827 ἀρχὰς
1662 762 1722 811 ἐν

172 841 230 907 τῇ
270 840 470 912 μεγάλῃ
504 840 689 911 βουλῇ,
717 844 1106 913 ἐπιλεξάμενοι
1139 847 1267 910 τοὺς
1300 850 1544 917 τάμείνω
1589 868 1720 920 φρο-

172 931 397 994 νοῦντας.
452 935 569 987 Κάν
612 936 783 1007 ταύτῃ
811 938 875 1007 δὴ
908 940 974 1007 τῇ
1006 939 1116 993 τῶν
1152 941 1365 1010 κλητῶν
1395 944 1723 1013 ἐπονομαζο-

173 1024 297 1093 μὲνη
324 1024 513 1095 βουλῇ.
536 1026 662 1093 περί
697 1045 756 1080 τε
807 1029 1079 1097 πολέμων,
1109 1032 1203 1083 καὶ
1232 1034 1457 1101 εἰρήνης
1500 1034 1721 1102 βουλεύ-

169 1132 303 1165 ονται
330 1116 424 1167 καὶ
451 1116 777 1181 πρεσϐειῶν,
802 1118 829 1171 ὂ
862 1136 915 1171 τι
945 1121 1011 1173 ἂν
1042 1116 1077 1191 ἦ
1107 1122 1389 1190 δεδομένον
1410 1126 1457 1162 ⁸⁸
1488 1126 1719 1189 τούτοις,

172 1207 443 1260 πείθεσθαι
494 1210 693 1261 αὐτίκα
747 1212 847 1279 τὴν
896 1212 1073 1275 πόλιν,
1121 1216 1215 1278 καὶ
1248 1214 1306 1276 ἐς
1350 1214 1377 1265 ὅ
1413 1231 1463 1266 τι
1494 1215 1562 1268 ἂν
1594 1214 1719 1284 δόξῃ

168 1300 328 1369 ταύτῃ
361 1304 426 1369 τῇ
466 1301 651 1371 βουλῇ,
685 1302 980 1377 ξύμπασαν
1029 1306 1129 1374 τὴν
1182 1306 1341 1359 πόλιν
1389 1307 1546 1360 ίέναι.
1595 1308 1721 1361 Ἐπὶ

168 1394 217 1444 δὲ
254 1398 359 1454 τοῖς
391 1395 496 1445 τῶν
541 1395 678 1446 ὅλων
738 1397 1082 1464 ἐγκλήμασιν
1146 1399 1438 1464 ἐφεστᾶσιν
1463 1398 1723 1469 ἄρχοντες

168 1486 308 1551 δέκα,
338 1487 529 1547 οἵτινες
569 1488 637 1540 τά
665 1505 721 1539 τε
752 1488 1094 1557 ἐγκλήματα,
1129 1490 1223 1543 καὶ
1251 1491 1348 1550 τὰς
1382 1491 1574 1552 ποινὰς
1605 1492 1724 1543 ἐπι-

170 1576 417 1643 φέρουσιν
444 1574 522 1625 ἐνὶ
550 1576 789 1648 ἑκάστῳ.
820 1578 1039 1642 Ἔξεστι
1069 1580 1125 1633 δέ
1147 1582 1356 1641 τούτοις
1384 1582 1474 1633 τόν
1502 1598 1560 1631 τε
1588 1582 1717 1648 ἡγε-

170 1669 298 1734 μόνα
346 1671 609 1733 λαϐόντας
664 1672 890 1726 θάνατον
939 1674 1275 1740 ἀπάγεσθαι,
1308 1675 1414 1727 ὑπὸ
1450 1675 1719 1744 μηδεμιᾶς

167 1764 266 1815 τῶν
320 1765 499 1833 ἀρχῶν
553 1766 999 1833 ἀπαιτουμένους
1038 1766 1136 1834 τὴν
1168 1767 1348 1819 αἰτίαν
1396 1769 1494 1835 τῆς
1524 1768 1681 1835 δίκης
1705 1784 1721 1797 ·

163 1853 437 1906 διαιτείται
466 1856 573 1923 γὰρ
622 1854 794 1918 οὕτως
815 1872 829 1885 ·
861 1857 956 1909 καὶ⁵
987 1857 1342 1910 καθίστανται
1372 1858 1472 1928 ήδη
1508 1857 1723 1928 ξυμπά-

165 1961 262 2013 σης
287 1945 385 2013 τῆς
416 1946 621 2010 πόλεως
650 1948 706 2008 ἐς
730 1948 827 2010 τὰς
854 1946 1088 2010 εὐθύνας
1109 1948 1216 2001 τῶν
1243 1950 1421 2003 ότιοῦν
1445 1950 1572 2018 περί
1602 1967 1723 2003 τινα

162 2039 596 2109 ἐξαμαρτόντων,
632 2040 665 2106 ἢ
711 2041 841 2110 περὶ
873 2042 973 2111 τὴν
1010 2042 1187 2105 πόλιν,
1238 2042 1268 2111 ἤ
1324 2045 1382 2105 ἐς
1436 2043 1722 2114 ἀλλήλους.

166 2135 419 2199 ’Ἀγονται
453 2134 505 2186 δέ
540 2136 794 2199 θανάτου,
823 2138 1005 2188 ὅντινα
1058 2135 1124 2188 ἂν
1180 2135 1440 2190 ὑπόδικον
1493 2136 1719 2205 εὕρωσι.

163 2224 529 2279 Καθίστανται
562 2225 743 2278 δὲκαὶ
784 2227 840 2287 ἐς
892 2226 988 2286 τὰς
1022 2225 1187 2289 ἄλλας
1244 2227 1401 2290 δίκας
1448 2228 1721 2291 δικασταὶ,

160 2317 263 2367 τῶν
296 2334 355 2368 τε
391 2318 701 2387 ἐπιχωρίων
742 2318 911 2383 ἄλλοι,
943 2321 1035 2371 καὶ
1065 2320 1121 2381 ἐς
1161 2319 1286 2383 τοὺς
1324 2319 1508 2383 ξένους
1549 2318 1719 2374 ἄλλοι.

169 2408 293 2459 Ἐπὶ
322 2409 531 2471 τούτοις
580 2411 867 2477 ἐφιστᾶσιν
910 2411 1174 2480 ἄρχοντας
1205 2412 1636 2479 τεσσαράκοντα,
1669 2416 1725 2475 ἐς

154 2496 249 2559 οὓς
302 2501 526 2552 ἐπειδὰν
566 2501 623 2553 al
668 2501 817 2553 δίκαι
872 2501 1257 2570 ἀνενεχθῶσιν,
1293 2502 1583 2554 εὐθύνονσι
1628 2503 1724 2565 τὰς

153 2590 395 2658 ψήφους,
427 2592 482 2653 ἐς
517 2594 577 2643 τὸ
620 2594 804 2658 σφίσιν
833 2593 926 2645 ἐπὶ
974 2594 1035 2645 τὸ
1069 2593 1143 2656 ὼς
1175 2594 1445 2661 κράτιστα
1471 2593 1613 2663 ἔχειν
1640 2595 1725 2646 δο-

156 2681 307 2735 κοῦν.
344 2681 444 2734 Ἦν
474 2683 529 2735 δέ
565 2684 639 2753 μὴ
672 2686 1063 2753 συμφέρωνται
1094 2686 1148 2746 ἐς
1172 2684 1268 2751 τὴν
1300 2686 1477 2751 δίκην,
1508 2687 1600 2738 ἐπὶ
1627 2686 1726 2755 τὴν

155 2773 263 2825 τῶν
297 2774 511 2843 κλητῶν
548 2776 743 2843 βουλὴν
769 2778 1121 2843 ἀναφέρεται,
1148 2777 1310 2827 κάκεῖ
1334 2777 1729 2846 πολυπραγμο-

155 2868 353 2928 νεῖται,
388 2868 480 2919 καὶ
516 2869 616 2938 τὴν
655 2868 926 2920 ἀπόϐασιν
973 2870 1133 2937 ίσχει.
1171 2871 1294 2922 Εἰσὶ
1345 2869 1445 2937 μὲν
1492 2870 1585 2923 οὖν
1636 2873 1730 2923 καὶ

152 2957 314 3009 ἄλλαι
341 2958 507 3025 ἀρχαὶ
538 2959 636 3010 οὐκ
662 2959 841 3025 ὀλίγαι
866 2962 962 3028 τῆς
989 2960 1219 3024 πόλεως,
1245 2963 1493 3031 φυλακῆς
1513 2980 1572 3015 τε
1600 2966 1728 3032 πέρι

154 3050 494 3117 καθήκεσαν,
528 3051 617 3100 καὶ
653 3052 707 3111 ἐς
754 3053 880 3114 τοὺς
934 3052 1125 3114 νυκτὸς
1181 3054 1452 3107 ἀστασίαν
1496 3055 1619 3107 τινά
1673 3057 1729 3117 ἐς

1824 578 2036 637 partem
2117 586 2376 625 curarum
2441 574 2789 641 principatus
2875 575 3255 633 adhibemur:
3298 584 3392 648 qui

1827 660 2111 716 mensibus
2183 663 2333 718 senis
2394 663 2652 729 evolutis,
2705 668 3030 735 dignitatem
3088 670 3392 739 depanunt.

1820 749 1947 805 Post
1974 764 2221 806 senatum
2243 770 2497 827 magnum
2521 755 2661 810 alius
2680 764 2908 812 senatus
2933 768 3041 824 est,
3070 761 3162 828 qui
3186 761 3395 816 Evoca-

1823 850 1998 896 torum
2026 845 2136 915 (t5)
2170 845 2389 911 dicitur,
2415 848 2507 913 qui
2531 848 2661 902 viris
2688 857 2905 902 constat
2929 852 3208 905 trecentis.
3239 852 3393 907 Hunc

1824 948 2076 990 senatum
2138 946 2330 991 creant
2387 938 2441 991 in
2479 954 2675 1007 magno
2714 950 2934 1007 senatu,
2981 942 3277 1012 allegentes
3300 948 3395 1014 qui

1825 1030 2112 1097 prudentia
2171 1041 2432 1099 praestare
2472 1032 2755 1086 videntur.
2811 1032 3048 1088 Senatus
3091 1046 3271 1088 autem
3297 1052 3396 1089 vo-

1824 1129 2069 1175 catorum
2086 1121 2152 1176 de
2181 1122 2325 1176 bello
2353 1132 2406 1177 et
2428 1138 2563 1193 pace
2592 1124 3072 1195 legationibusque
3098 1128 3393 1181 consultat.

1836 1214 1901 1266 Et
1961 1214 2034 1278 ei,
2089 1215 2461 1283 quodcunque
2508 1217 2684 1269 visum
2766 1216 2932 1269 fuerit
3001 1217 3093 1270 isti
3156 1221 3393 1282 senatui,

1825 1302 2019 1355 civitas
2056 1313 2167 1357 tota
2204 1312 2359 1372 paret
2386 1343 2399 1367 ,
2430 1313 2482 1359 et
2525 1305 2579 1357 in
2637 1304 2987 1367 sententiam,
3026 1319 3188 1372 quam
3234 1304 3398 1359 dedc-

1824 1398 1919 1460 rit,
1963 1396 2218 1449 manibus
2250 1397 2593 1467 pedibusque
2641 1399 2903 1454 universa
2967 1399 3167 1453 civitas
3222 1400 3392 1453 vadit.

1824 1486 2160 1540 Criminibus
2179 1489 2507 1557 capitalibus
2534 1490 2680 1544 viros
2704 1491 2999 1558 praefecere
3037 1481 3227 1545 decem
3253 1491 3389 1559 (14).

1825 1577 1917 1644 qui
1959 1588 2218 1632 accusent
2248 1587 2302 1632 et
2331 1580 2582 1647 puniant.
2616 1579 2711 1635 His
2738 1582 2871 1635 licet
2900 1598 3099 1638 manus
3153 1584 3389 1652 principi

1827 1670 2056 1738 injicere
2103 1681 2157 1723 et
2189 1672 2255 1725 ad
2294 1686 2483 1726 necem
2545 1674 2761 1729 trahere
2793 1692 2807 1728 :
2841 1691 2940 1729 nec
2969 1686 3053 1731 est
3107 1677 3200 1745 qui
3254 1679 3398 1729 ausit

1826 1762 1945 1830 ejus
1994 1776 2215 1815 causam
2249 1763 2533 1831 inquirere
2564 1781 2578 1828 ;
2615 1766 2697 1819 sic
2743 1764 2890 1819 enim
2922 1766 3236 1819 ordinatum
3289 1778 3394 1831 est;

1828 1860 1880 1905 et
1930 1864 2187 1907 creantur
2235 1861 2293 1906 ut
2331 1854 2715 1923 delinquentes
2746 1856 2968 1911 feriant.
3012 1856 3138 1911 Sive
3175 1858 3227 1911 in
3261 1858 3397 1911 civi-

1830 1954 2018 2010 tatem,
2072 1946 2189 2000 sive
2242 1945 2294 1999 in
2349 1946 2621 2015 privatum
2680 1949 2804 2016 quis
2834 1950 2979 2017 lquid
3030 1951 3393 2013 commiserit,

1828 2037 2013 2092 decem
2033 2037 2133 2091 viri
2162 2038 2207 2093 si
2225 2041 2600 2107 cognoverint,
2628 2040 2694 2094 de
2708 2056 2772 2094 eo
2795 2041 3123 2111 supplicium
3147 2052 3393 2097 sumunt.

1830 2128 1969 2183 Sunt
2016 2140 2069 2184 et
2118 2129 2208 2182 alii
2240 2130 2474 2198 judices,
2528 2131 2619 2201 qui
2664 2132 2720 2185 in
2758 2132 2989 2202 reliquis
3042 2134 3132 2203 jus
3182 2135 3391 2197 dicunt,

1827 2224 2046 2293 quidam
2084 2223 2300 2288 urbani,
2335 2226 2557 2293 quidam
2605 2227 2907 2294 peregrini.
2947 2226 3044 2281 llis
3080 2242 3394 2297 prteposue-

1830 2325 1959 2368 runt
2006 2316 2391 2382 magistratum
2450 2316 2812 2385 quadraginta
2860 2319 3104 2371 virorum
3145 2318 3284 2389 (15),
3325 2320 3391 2373 ad

1830 2421 1967 2474 quos
2024 2407 2331 2462 sententias
2383 2418 2547 2475 super
2607 2408 2902 2476 puniendis
2940 2410 3187 2463 sontibus
3221 2420 3398 2462 trans-

1830 2497 2068 2561 mittant,
2140 2507 2196 2550 ut
2248 2498 2568 2565 dispiciant,
2614 2514 2743 2551 num
2800 2508 2854 2552 et
2915 2498 3049 2568 ipsis
3107 2502 3397 2553 sententia:

1830 2585 2037 2653 optime
2074 2585 2278 2640 habere
2316 2586 2629 2640 videantur.
2679 2586 2735 2639 Si
2782 2588 3070 2641 sententia:
3100 2587 3395 2658 displicue-

1832 2681 1962 2746 rint,
2024 2688 2077 2734 et
2135 2682 2240 2750 ipsi
2320 2681 2466 2735 inter
2550 2697 2607 2734 se
2661 2682 3047 2744 dissenserint,
3117 2684 3395 2750 negotium

1831 2781 2004 2826 totum
2068 2773 2136 2827 ad
2197 2774 2558 2827 Evocatorum
2637 2780 2889 2827 senatum
2947 2773 3207 2827 refertur.
3299 2773 3399 2828 Hic

1831 2866 2117 2920 sententiae
2155 2867 2321 2918 multa
2347 2867 2633 2935 diligentia
2668 2868 3058 2929 excutiuntur,
3093 2879 3144 2921 ct
3175 2869 3395 2922 tandem

1831 2958 1895 3009 ad
1950 2957 2110 3011 linem
2147 2959 2451 3011 ducuntur.
2508 2958 2718 3011 Suntet
2768 2959 2859 3011 alii
2896 2960 3248 3025 magistratus
3278 2961 3397 3028 plu-

1832 3049 1953 3102 rimi
1997 3049 2049 3102 in
2085 3050 2391 3103 custodiam
2444 3050 2595 3103 urbis
2647 3052 2976 3119 comparati.
3019 3051 3157 3104 Sunt
3201 3052 3399 3121 quibus

150 3142 253 3206 τὴν
291 3140 446 3192 πόλιν
483 3142 848 3208 πράσσοντας.
881 3143 987 3193 Καὶ
1011 3144 1345 3213 ἀγορανόμοι
1372 3145 1549 3214 ἕτεροι
1573 3146 1725 3198 καθί-

1832 3141 2109 3209 negotium
2143 3141 2386 3193 civitatis
2439 3142 2797 3194 commissum
2823 3148 2908 3194 est
2959 3141 3012 3194 in
3048 3155 3145 3195 eos
3184 3144 3275 3209 qui
3302 3143 3401 3196 de-

152 3245 409 3291 στανται,
440 3231 566 3292 τοὺς
600 3232 800 3299 φόρους
825 3230 933 3285 τῶν
966 3233 1059 3284 ἐπί
1090 3251 1197 3286 τινι
1230 3236 1596 3303 πραγμάτων,
1630 3238 1726 3289 καὶ

148 3321 207 3381 ἐς
238 3319 342 3379 τάς
384 3321 680 3389 προσόδους
715 3326 811 3391 τῆς
845 3325 1053 3387 πόλεως
1084 3326 1435 3394 ἀπαιτήσεις,
1465 3330 1512 3379 οἱ
1537 3329 1599 3398 δὴ
1627 3330 1724 3390 τὰς

147 3411 457 3479 προσόδους
510 3414 845 3482 πράττοντες
882 3415 1302 3486 καθιστάμενοι,
1332 3417 1416 3484 ἐφ’
1446 3416 1538 3480 οὒς
1565 3419 1627 3488 δὴ
1659 3421 1726 3471 τά

142 3504 252 3570 τῆς
312 3502 607 3572 ξυμπάσης
655 3504 863 3567 πόλεως
918 3508 1199 3575 χρήματα,
1234 3510 1330 3561 καὶ
1375 3510 1426 3560 οἱ
1479 3512 1634 3579 φόροι
1680 3512 1724 3541 ⁹⁰

142 3596 548 3665 ἀναφέρονται.
604 3598 899 3667 Ἀρχοντες
942 3599 999 3650 δέ
1043 3601 1091 3651 οἱ
1144 3601 1485 3672 γεραιότεροί
1520 3620 1600 3667 τε,
1632 3605 1725 3654 καὶ

139 3687 433 3756 ἀξιώματι
459 3690 710 3758 προέχειν
736 3690 1043 3754 δοκοῦντες,
1076 3693 1428 3747 καθίστανται
1456 3696 1543 3748 διὰ
1571 3696 1689 3763 βίου
1708 3712 1720 3725 ·

137 3780 220 3841 ὡς
255 3779 502 3848 ἐργῶδες
543 3779 601 3832 ὃν
631 3781 751 3832 κατ’
775 3783 1018 3834 ἐνιαυτὸν
1052 3783 1363 3850 λογίζεσθαι
1397 3788 1496 3846 τὰς
1527 3792 1727 3855 προσό-

134 3870 270 3931 δους
304 3886 366 3920 τε
400 3870 491 3921 καὶ
512 3869 721 3934 ἐξόδους
765 3871 863 3939 τῆς
906 3872 1132 3935 πόλεως,
1160 3874 1187 3926 ὅ
1219 3891 1272 3925 τι
1307 3874 1372 3926 ἂν
1403 3876 1725 3943 ἀπογένοιτό

134 3978 197 4012 τε
239 3961 346 4014 καὶ
378 3961 722 4029 περιγένοιτο
748 3963 924 4016 αὐτῶν
956 3963 1064 4017 τῶν
1089 3966 1412 4033 χρημάτων.
1451 3968 1587 4020 Ἀπὸ
1621 3970 1726 4038 μέν

130 4052 238 4108 οὖν
273 4055 489 4108 τούτων
520 4054 801 4125 αἱροῦνται
835 4057 1018 4123 σφίσιν
1042 4060 1306 4125 ἡγεμόνα,
1326 4060 1544 4112 ἐπειδάν
1571 4062 1725 4128 σφίσι

129 4146 481 4218 τελευτήσῃ,
512 4148 568 4210 ἐς
596 4147 663 4199 τὰ
694 4147 887 4217 πρῶτα
916 4149 1081 4217 τιμῆς
1111 4151 1407 4219 ἀνήκουσιν
1439 4152 1494 4214 ἐς
1518 4154 1724 4223 ταύτην

124 4241 239 4309 τὴν
275 4239 579 4292 πολιτείαν.
599 4238 735 4300 Τούς
761 4256 818 4291 τε
845 4241 951 4309 γὰρ
983 4240 1289 4311 θησαυροὺς
1317 4244 1535 4306 καὶτὰς
1558 4263 1726 4314 προσ-

124 4334 303 4389 ὁδους
340 4329 612 4398 ἐφορῶσιν
654 4323 819 4391 οὗτοι,
855 4332 946 4381 καὶ
991 4330 1438 4397 ἐπιτροπεύουσι.
1492 4330 1727 4401 Χρημά-

124 4423 364 4483 τίζουσι
396 4420 455 4470 δέ
492 4419 677 4486 σφίσιν
708 4421 763 4480 ἐς
798 4418 898 4489 τὴν
925 4418 1099 4487 ἀρχὴν
1129 4418 1328 4483 αὐτῶν,
1358 4420 1455 4472 σὺν
1481 4421 1557 4488 τῷ
1586 4424 1723 4490 ἠγε-

1838 3229 2132 3283 fectionem
2167 3230 2405 3299 aliquam
2426 3231 2543 3283 sive
2567 3231 2862 3283 tumultum
2898 3240 3062 3283 noctu
3097 3234 3397 3287 concitant.

1815 3319 1979 3373 ‘Sunt
2010 3330 2061 3374 et
2090 3336 2274 3374 rerum
2321 3322 2619 3387 venalium,
2685 3330 2853 3390 atque
2911 3322 3047 3376 adeo
3082 3323 3252 3377 totius
3293 3323 3401 3377 fori

1838 3412 2121 3479 praesides.
2217 3412 2323 3465 Alii
2407 3414 2703 3481 praesident
2765 3414 3124 3481 vectigalibus
3187 3430 3398 3482 rerum,

1833 3503 1924 3554 alii
1943 3513 2070 3555 sunt
2092 3503 2425 3555 tributorum
2451 3512 2503 3555 et
2526 3501 2763 3556 civitatis
2789 3502 3063 3555 redituum
3089 3512 3397 3558 exactores.

1834 3596 2061 3661 Quidam
2103 3594 2381 3664 praepositi
2424 3604 2555 3649 sunt
2593 3595 2951 3662 vectigalibus
3000 3602 3055 3647 et
3109 3596 3398 3659 reditibus,

1833 3689 1897 3739 ad
1940 3703 2077 3756 quos
2114 3689 2387 3743 universa:
2450 3688 2685 3741 civitatis
2718 3703 2852 3755 opes
2898 3688 3163 3742 adhibitis
3214 3689 3401 3742 obser-

1836 3779 2119 3832 vatoribus
2174 3780 2521 3833 deferuntur.
2589 3779 2938 3847 Magistratus
3024 3780 3113 3833 hic
3183 3789 3401 3833 constat

1836 3870 1969 3924 viris
2034 3879 2193 3923 astate
2240 3881 2293 3922 et
2340 3871 2643 3924 honoribus
2728 3870 3096 3939 gravissimis,
3145 3872 3238 3939 qui
3309 3887 3400 3940 per

1843 3962 2152 4015 universam
2185 3961 2350 4013 vitam
2381 3961 2545 4013 istum
2574 3961 2957 4029 magistratum
2989 3962 3249 4024 retinent,
3271 3963 3398 4031 quia

1834 4054 2047 4109 diﬁicile
2095 4054 2307 4107 videtur
2336 4062 2557 4119 accepta
2584 4062 2635 4106 et
2673 4068 2916 4121 expensa
2960 4053 3228 4119 civitatis,
3265 4056 3396 4117 quid

1833 4146 2177 4216 expendatur
2212 4156 2265 4199 et
2297 4144 2427 4213 quid
2449 4145 2709 4213 supersit.
2732 4146 3028 4212 quotannis
3056 4155 3396 4212 computare,

1834 4246 1887 4291 et
1925 4238 2134 4306 singula
2172 4237 2227 4288 in
2261 4236 2501 4289 rationes
2540 4236 2770 4289 referre.
2810 4235 2889 4288 Ex
2943 4236 3029 4287 his
3067 4236 3170 4289 sibi
3202 4236 3398 4288 ducent

1833 4331 2076 4398 capiunt,
2115 4328 2338 4397 quando
2392 4328 2438 4381 is
2483 4328 2576 4396 qui
2642 4342 2826 4381 rerum
2882 4328 3106 4395 potitur,
3148 4335 3399 4380 mortuus

1836 4420 2022 4473 fuerit.
2085 4419 2189 4485 Qui
2238 4420 2305 4473 ad
2360 4420 2600 4487 primum
2650 4416 2933 4485 dignitatis
2996 4418 3171 4469 locum
3228 4417 3399 4469 evecti

122 4514 271 4581 μόνι
312 4510 756 4578 παραγενόμενοι
783 4510 838 4572 ἐς
892 4526 950 4561 τε
982 4510 1249 4579 ἀκρόασιν
1283 4512 1589 4579 πρέσϐεων,
1631 4515 1724 4566 καὶ

1833 4512 2057 4574 fuerint,
2108 4513 2175 4565 ad
2224 4512 2389 4565 istum
2421 4513 2634 4564 tandem
2673 4510 2935 4563 honorem
2974 4521 3396 4578 promoventur.

115 4603 247 4654 τῶν
322 4600 597 4670 μεγάλων,
640 4602 749 4652 εἴτε
796 4601 1083 4669 βασιλέων,
1137 4602 1248 4653 εἴτε
1297 4602 1390 4654 καὶ
1444 4604 1728 4672 ἡγεμόνων

116 4694 459 4762 ἀναφορὰς.
490 4694 601 4746 Καὶ
628 4693 819 4761 ἄνδρες
850 4691 996 4745 οὗτοι
1026 4696 1057 4761 ἡ
1093 4694 1193 4759 τῆς
1222 4695 1431 4756 πόλεως
1459 4696 1552 4764 ὅλη
1579 4696 1731 4759 ἐξου-

116 4786 233 4835 σία.
264 4799 281 4813 ·
313 4781 644 4847 ὀνομάζεται
685 4781 742 4833 δὲ
779 4782 874 4833 καὶ
905 4783 1195 4851 ἡγεμονία.
1232 4786 1462 4854 Προέχει
1496 4784 1552 4836 δὲ
1585 4784 1726 4853 αὕτη

110 4877 158 4941 ἡ
203 4872 379 4933 πόλις
412 4870 558 4922 δυοῖν
595 4870 704 4923 τῶν
742 4872 799 4922 ἐν
831 4873 898 4941 τῇ
941 4870 1141 4938 Ἰταλία
1176 4871 1383 4923 πόλεων
1434 4873 1625 4925 οἰκιῶν
1667 4891 1726 4926 τε

106 4962 484 5033 εὐπρεπείᾳ,
531 4962 625 5013 καὶ
676 4964 992 5032 κατασκευῇ
1032 4962 1267 5016 ἐπὶτῶν
1298 4964 1398 5034 τῆς
1447 4965 1725 5034 θαλάσσης

100 5054 635 5124 οἰκοδομημάτων,
683 5053 757 5113 ὡς
811 5053 871 5105 τὸ
942 5054 1147 5106 ἐπίπαν
1196 5056 1293 5123 τῆς
1350 5056 1581 5121 πόλεως,
1632 5059 1726 5111 καὶ

102 5149 373 5217 πλούτῳ
404 5147 515 5198 τῶν
552 5146 609 5196 ἐν
638 5147 702 5214 τῇ
736 5144 891 5196 πόλει
929 5145 1302 5209 ἐνοικούντων,
1342 5148 1437 5199 ἅτε
1481 5151 1580 5217 τῆς
1626 5153 1724 5201 πό-

92 5243 277 5300 λεως
313 5238 413 5289 ἐπὶ
441 5234 714 5305 ἐμπορίαν
749 5234 1073 5303 ἐπιτηδείως
1104 5238 1333 5306 ἐχούσης
1361 5237 1437 5300 ὡς
1462 5238 1719 5306 μάλιστα,

92 5333 229 5387 καὶ
264 5331 539 5401 χρήματα
569 5326 815 5389 εὐπετῶς
854 5327 1246 5399 ποριζομένης.
1273 5330 1635 5399 Κεκόσμηται
1662 5332 1719 5385 δὲ

1830 4603 2143 4658 Thesauros
2189 4613 2353 4671 atque
2388 4604 2560 4656 totius
2608 4602 2758 4656 urbis
2787 4617 2916 4668 opes
2958 4612 3013 4654 et
3060 4600 3271 4653 reditus
3318 4601 3398 4652 in-

1830 4695 2069 4764 spiciunt
2090 4703 2142 4748 et
2174 4702 2447 4750 tutantur.
2480 4693 2683 4745 Eorum
2737 4691 2971 4745 oﬂicium
3006 4689 3158 4760 105
3176 4700 3280 4755 est,
3306 4689 3398 4743 ubi

1830 4788 2208 4855 magistratum
2251 4789 2396 4840 hunc
2449 4785 2703 4845 inierint,
2758 4784 3397 4837 eonsultatiouibuscum

1838 4880 2086 4949 principe
2124 4894 2345 4940 vacare,
2380 4886 2431 4931 et
2466 4892 2592 4930 cum
2620 4878 2809 4930 eo.lem
2836 4876 3138 4945 legationes
3195 4875 3399 4943 princi-

1836 4990 1961 5043 pum
1994 4988 2291 5041 regumque
2328 4969 2625 5025 relationes
2649 4969 2864 5021 audire.
2916 4968 3168 5020 Potestas
3230 4966 3403 5019 totius

1834 5064 2076 5119 civitatis
2122 5077 2289 5131 penes
2344 5061 2445 5115 hos
2498 5068 2580 5115 est
2613 5076 2623 5111 :
2660 5068 2716 5112 et
2786 5072 2977 5111 revera
3026 5056 3397 5125 principatum

1835 5154 2159 5223 gubernant.
2186 5150 2392 5204 Civitas
2422 5150 2523 5203 ista
2560 5148 2774 5202 duobus
2807 5164 2999 5201 omnes
3033 5146 3199 5200 italiae
3239 5146 3406 5199 urbes

1835 5241 2106 5295 antecedit
2148 5258 2159 5293 :
2204 5240 2458 5294 videlicet
2503 5239 2789 5294 domorum
2853 5235 3279 5303 magniﬁcentia,
3344 5242 3403 5285 et

1837 5333 2198 5388 aediﬁciorum
2231 5348 2350 5400 qua:
2377 5331 2430 5383 in
2476 5331 2613 5383 mari
2645 5329 2911 5384 aediﬁcata
2959 5336 3085 5383 sunt
3110 5333 3395 5399 apparatu.

1424 5445 1672 5508 Notulae
1714 5444 2121 5525 marginales.

201 5547 331 5613 (12)
361 5546 658 5599 Sextertia.

203 5620 327 5687 (15)
355 5619 671 5685 Avogatori.

1894 5548 2006 5615 (ιιι)
2042 5545 2190 5613 Capo
2224 5544 2275 5596 di
2316 5544 2485 5597 Dieci.

1892 5618 2005 5687 (15)
2032 5615 2368 5680 Quarantiae.

205 5782 258 5812 ⁸⁸
304 5779 369 5836 In
397 5798 515 5848 ora,
547 5780 827 5852 πρεγάδοι.
902 5778 959 5855 “~
977 5779 1328 5851 δεδογμένων.
1355 5777 1415 5833 R.
1453 5787 1507 5832 ut
1549 5778 1598 5831 in
1626 5794 1671 5831 c.

1824 5774 1887 5829 In
1914 5790 2037 5839 uno,
2074 5772 2275 5841 ἔφοροι,
2306 5782 2361 5823 ut
2388 5772 2437 5825 in
2479 5787 2560 5839 pr.
2595 5773 2682 5825 ed.
