4190 6434
732 372 835 436 199

1878 352 2187 419 LAONlCI
2223 349 2892 413 Cl‘iAiLOCONDYL/E

3877 335 3990 400 200

732 483 966 539 Excellit
1027 490 1082 537 et
1142 480 1445 551 opulentia,
1515 493 1636 548 qum
1719 492 1884 546 penes
1952 477 2102 529 cives
2178 481 2341 536 est;,

2479 470 2634 530 πόλις
2672 468 2815 536 αῦτη
2857 464 2924 519 τά
2954 480 3012 515 τε
3066 459 3227 525 ἄλλα,
3260 460 3353 512 καὶ
3404 457 3630 527 ἐπινείῳ
3681 457 3831 515 ἐντὸς
3886 453 3993 520 τῆς

736 591 860 629 nam
905 591 1028 628 cum
1098 573 1170 627 sit
1225 582 1552 625 mercatura:
1584 579 1638 624 et
1688 567 2157 638 negotiationibus
2194 566 2309 618 ido-

742 684 866 729 nea,
898 667 956 720 fit
996 673 1055 719 ut
1093 667 1289 718 incolae
1328 665 1600 733 plurimas
1653 663 1779 716 hinc
1834 660 2097 728 colligant
2151 671 2306 725 epes.

738 758 1019 810 Exornata
1054 765 1141 808 est
1175 755 1365 808 eadem
1402 753 1531 806 urbs
1560 752 1784 821 pulchra
1817 748 2038 802 navimn
2073 746 2311 800 statione

739 866 861 921 quae
897 849 1042 902 intra
1100 848 1289 900 urbem
1325 848 1427 900 sita
1461 856 1566 909 est,
1624 844 1994 913 pulcherrima
2044 848 2098 894 et
2145 851 2314 890 anim-

740 943 969 997 nissima
1036 941 1177 998 visu,
1230 938 1503 991 instructa
1571 934 1921 995 triremibus,
1977 933 2315 997 navibusque

743 1035 868 1087 aliis
920 1032 1193 1101 plurimis.
1287 1031 1561 1098 tjopiosus
1616 1028 1687 1080 ibi
1732 1034 1818 1079 est
1866 1030 2164 1093 apparatus
2259 1020 2313 1071 in

743 1136 998 1196 promptu
1052 1131 1544 1183 armamentorum,
1590 1129 1641 1173 et
1698 1120 1935 1172 aliorum
1967 1129 2090 1185 quae
2148 1126 2317 1165 naves

747 1219 1049 1285 postulant.
1109 1216 1358 1283 Spatium
1398 1222 1634 1281 occupat
1673 1211 1915 1280 quinque
1984 1206 2315 1261 stadiorum.

749 1308 862 1363 Viri
887 1309 1200 1374 complures
1226 1305 1469 1373 quotidie
1501 1305 1606 1356 huc
1635 1308 1971 1363 commeant,
2024 1308 2320 1367 operantes

747 1402 963 1461 sedulo,
1004 1410 1062 1452 ut
1115 1414 1236 1468 qua:
1286 1397 1351 1448 ad
1384 1411 1552 1448 naves
1603 1395 1903 1462 pertinent,
1951 1405 2063 1445 non
2116 1387 2319 1443 desint.

749 1492 1061 1559 Quotannis
1098 1493 1246 1542 viros
1279 1488 1419 1541 duos
1460 1488 1669 1557 eligunt
1736 1484 2047 1555 primarius,
2083 1481 2177 1551 qui
2209 1489 2323 1534 sta-

752 1583 886 1637 tioni
950 1583 1026 1636 illi
1105 1580 1503 1650 praeﬁeiuntttr,
1581 1590 1639 1631 ιιι
1700 1592 1762 1631 ea
1822 1592 1943 1645 qua}
2002 1574 2069 1629 ad
2150 1574 2321 1642 ipsam

750 1678 1025 1738 spectant,
1081 1668 1277 1722 sedulo
1313 1674 1636 1736 procurent.
1704 1666 1986 1733 Equorum
2023 1660 2212 1714 nullus
2271 1659 2323 1710 in

755 1765 857 1816 ista
894 1764 1028 1815 urbe
1060 1777 1217 1814 usus.
1276 1757 1525 1813 Pedestri
1587 1756 1785 1810 itinere
1822 1765 2055 1808 utuntur
2101 1751 2156 1804 in
2194 1762 2327 1800 eon-

754 1856 1036 1924 gressibus
1078 1853 1303 1906 mutuis.
1353 1849 1709 1918 Navigiorum
1756 1862 1890 1901 usus
1921 1843 2065 1915 apud
2091 1857 2188 1896 eos
2214 1842 2324 1893 fre-

752 1960 931 2015 quens
979 1952 1085 2005 est,
1137 1956 1261 1996 cum
1309 1955 1458 1993 mare
1501 1947 1751 1992 transeat
1791 1951 1889 2007 per
1926 1936 2143 1989 domos.
2181 1930 2324 1985 Prat-

756 2046 905 2088 terea
945 2036 1076 2087 urbs
1134 2043 1239 2086 tota
1295 2030 1492 2100 tegulis
1544 2028 1824 2097 integitur,
1884 2042 1985 2081 nec
2029 2025 2155 2077 ullis
2190 2036 2327 2076 maz-

753 2129 922 2182 nibus
954 2127 1210 2195 cingitur.
1247 2124 1621 2192 Magistratus,
1648 2135 1788 2189 quos
1809 2120 2034 2174 urbibus
2074 2118 2127 2171 in
2161 2115 2327 2170 italia:

754 2217 1074 2272 continente
1106 2225 1160 2270 et
1211 2214 1267 2267 in
1308 2210 1581 2265 maritima
1632 2210 1875 2279 ipsorum
1909 2208 2133 2278 regione
2203 2204 2327 2259 sitis

754 2312 1084 2368 decernunt,
1150 2308 1471 2377 plerumque
1533 2305 1706 2359 exiis
1741 2302 1834 2372 qui
1876 2302 1931 2355 in
2003 2299 2327 2370 magistratu

757 2410 887 2456 sunt
947 2400 1317 2455 c0nslitttttttt.
1371 2396 1473 2452 Ubi
1528 2398 1579 2453 bi
1618 2395 1819 2450 reversi
1870 2392 2094 2455 fuerint,
2131 2402 2325 2460 pcenas

757 2493 891 2545 dant
933 2506 1122 2544 eorum
1170 2506 1292 2559 qua:
1336 2489 1522 2557 inique
1578 2487 1633 2540 in
1680 2486 2012 2553 magistratu
2074 2478 2328 2535 collocati

758 2592 1013 2652 egerunt.
1075 2581 1304 2644 Ducem,
1371 2597 1533 2650 quem
1606 2578 1948 2633 exercitibus
1997 2570 2331 2628 continentis

763 2684 1095 2747 pmponunt,
1165 2690 1272 2726 non
1306 2673 1621 2741 indigenam
1654 2679 1747 2723 aut
1774 2671 1949 2723 civem
1986 2672 2204 2721 creant.
2234 2676 2329 2716 ve-

765 2770 858 2821 riti
891 2776 949 2819 ut
983 2765 1291 2819 conciliatis
1354 2764 1589 2816 militum
1632 2761 1855 2821 animis,
1922 2756 2333 2811 innovationem

764 2861 1005 2929 aliquam
1035 2857 1321 2911 moliretur
1359 2863 1553 2909 contra
1602 2854 2000 2923 principatum,
2037 2860 2335 2918 rerumque

764 2964 977 3006 summa
1008 2949 1060 3001 in
1094 2948 1649 3016 perieulumvenirct.
1681 2944 1980 2998 Navalibus
2000 2941 2176 3010 copiis
2212 2953 2336 2993 cum

768 3057 875 3097 non
910 3040 1124 3110 possint
1160 3041 1289 3093 dare
1320 3040 1705 3107 imperatorem
1748 3033 2122 3105 peregrinum,
2169 3043 2336 3082 unum

2413 560 2623 621 πόλεως
2654 554 3086 628 ᾠκοδομημένῳ,
3110 550 3373 607 κάλλιστά
3398 570 3457 604 τε
3486 552 3633 613 ἰδεῖν,
3665 551 3759 603 καὶ
3789 549 3997 617 εὐπρε-

2415 651 2691 720 πεστάτῳ,
2720 652 2839 708 ταῖς
2871 650 3159 720 τριήρεσιν
3189 644 3548 714 ἐξηρτημένῳ
3584 643 3659 704 ὡς
3680 640 3991 703 πλείσταις,

2415 744 2511 794 καὶ
2552 740 2757 807 πλοίοις
2785 740 2969 802 ἄλλοις
3007 737 3374 807 παμπόλλοις,
3407 736 3501 788 καὶ
3545 737 3609 801 τῇ
3659 734 3827 801 σκευῇ
3861 730 3993 782 τού-

2415 852 2520 887 των
2554 833 2801 901 ἀφθόνως
2831 849 2887 883 τε
2925 830 3122 900 ἐχούσῃ
3156 827 3345 891 αὐτοῦ,
3388 827 3497 880 ἀπό
3525 843 3583 877 τε
3615 828 3659 857 ³⁸
3688 827 3869 877 ὅπλων
3896 822 3999 874 καὶ

2417 926 2592 978 ἄλλων
2620 927 2717 977 ὅσα
2760 928 2815 985 ἐς
2852 925 3041 992 χρείαν
3113 922 3270 991 φέρει
3325 922 3445 981 ταῖς
3501 918 3681 971 ναυσί.
3714 917 3905 984 Διὴκει
3936 913 3998 965 δὲ

2419 1019 2512 1069 ἐπὶ
2553 1018 2714 1069 πέντε
2766 1015 3036 1076 σταδίους.
3069 1013 3168 1065 καὶ
3220 1012 3411 1083 ἄνδρες
3448 1010 3522 1072 ὡς
3555 1011 3799 1060 πλεῖστοι
3827 1010 4000 1075 ἑργαι

2422 1112 2639 1178 ζόμενοι
2671 1106 2840 1160 αὐτοῦ
2874 1105 2994 1158 καθ’
3021 1107 3258 1172 ἐκάστην
3294 1106 3350 1165 ἐς
3380 1102 3476 1163 ea;
3504 1102 3655 1161 ναῦς.
3688 1100 4000 1168 ’Δρχοντας

2421 1201 2478 1253 δέ
2509 1198 2798 1268 αἱροῦνται
2829 1198 2921 1250 τοῦ
2963 1195 3210 1248 ἐνιαυτοῦ
3242 1195 3336 1246 δύο
3364 1195 3420 1255 ἐς
3455 1194 3515 1246 τὸ
3547 1192 3785 1244 ἐπίνειον
3814 1188 3998 1249 τοῦτο,

2424 1297 2519 1349 καὶ
2555 1300 2611 1356 ἐς
2652 1292 2946 1363 ξύμπασαν
2980 1293 3081 1362 τὴν
3113 1291 3483 1360 κατασκευήν.
3513 1290 3732 1349 Ἵπποις
3760 1287 3816 1339 δέ
3839 1286 4003 1337 οὐδέν

2422 1404 2506 1439 τοι
2538 1386 2736 1455 χρῆται
2771 1386 2806 1454 ἡ
2834 1385 2991 1445 πόλις
3015 1382 3178 1451 αὐτη,
3206 1382 3344 1435 ἀλλὰ
3371 1380 3507 1450 πεζῇ
3530 1397 3583 1431 τε
3617 1379 3702 1430 ἐπ’
3730 1378 4003 1447 ἀλλήλους

2426 1476 2678 1544 φοιτῶσι,
2712 1477 2806 1526 καὶ
2838 1474 3166 1542 πλοιαρίοις,
3210 1475 3276 1540 τῇ
3322 1471 3423 1539 μὲν
3457 1470 3554 1538 τῆς
3598 1469 3879 1539 Θαλάσσης
3911 1471 4006 1522 διὶι

2424 1566 2537 1617 τῶν
2566 1564 2753 1616 οίκιῶν
2781 1563 3069 1631 διήκουσα,
3094 1565 3159 1632 τῇ
3192 1562 3249 1614 δέ
3278 1564 3371 1615 καὶ
3397 1562 3578 1616 αὐτῶν
3612 1561 4011 1630 κατεστρωμέ-

2427 1675 2533 1709 νων
2570 1657 2816 1718 πλίνθοις
2847 1656 3139 1725 ἁπανταχῆ
3166 1657 3264 1725 τῆς
3292 1655 3526 1716 πόλεως.
3564 1656 3746 1724 Τείχει
3767 1655 3822 1707 δέ
3847 1653 4005 1706 οὐδὲν

2428 1748 2822 1817 περιὸέϐληται
2856 1749 2889 1817 ὴ
2925 1747 3103 1810 πόλις.
3142 1747 3253 1808 ἰ’ἀς
3288 1747 3473 1816 μέντοι
3522 1746 3699 1811 ἀρχὰς
3726 1745 3838 1797 τῶν
3872 1761 4007 1811 σφε-

2429 1842 2605 1910 τέρων
2641 1840 2847 1893 πόλεων
2875 1842 2931 1902 ἐς
2977 1857 3036 1892 τε
3081 1841 3183 1911 τὴν
3221 1841 3453 1911 ἧπειρον
3485 1839 3585 1908 τῆς
3626 1840 3885 1901 Ἰταλίας,
3914 1838 4013 1890 καὶ

2434 1936 2490 1998 ἐς
2529 1937 2628 2004 τὴν
2663 1936 2928 2005 παράλιον
2959 1934 3146 2005 χώραν
3174 1934 3380 1998 αὐτῶν,
3413 1932 3501 1986 διὰ
3538 1932 3691 1995 τέλος
3725 1932 3779 1984 δέ
3812 1932 3888 1992 ὡς
3916 1931 4014 1984 ἐπὶ

2437 2033 2493 2082 τὸ
2546 2028 2681 2081 πολὺ
2734 2027 3043 2098 αἱροῦνται.
3086 2025 3343 2079 Ἐπειδὰν
3395 2025 3452 2078 δέ
3496 2026 3795 2077 ἐπανίωσιν
3825 2026 3881 2085 ἐς
3912 2025 4014 2090 τὴν

2436 2120 2614 2185 πόλιν,
2647 2120 2713 2188 ἣν
2743 2136 2795 2171 τι
2837 2119 2912 2188 μὴ
2938 2118 3114 2189 ὀρθῶς
3142 2118 3535 2186 πεπραγμένον
3624 2116 3795 2183 αὐτῷ,
3824 2115 3924 2177 τάς
3956 2131 4014 2165 τε

2437 2214 2665 2275 εὐθύνας
2699 2212 2884 2265 δίδωσι
2916 2212 3013 2264 καὶ
3036 2210 3193 2280 δίκην
3233 2208 3318 2278 ἐφ’
3356 2205 3437 2272 οἷς
3473 2209 3547 2279 μὴ
3578 2209 3756 2270 καλῶς
3782 2207 4017 2258 πεπολι-

2436 2307 2675 2375 τευμένα
2725 2304 2987 2372 τυγχάνει
3037 2302 3207 2371 αὐτῷ.
3247 2303 3357 2354 Καὶ
3408 2301 3689 2371 αἱροῦνται
3728 2298 3827 2368 μέν
3866 2296 4017 2349 οὗτοι

2442 2397 2749 2467 στρατηγὸν
2775 2400 2963 2464 σφίσιν
2986 2396 3088 2448 οὐκ
3116 2394 3411 2464 ἐπιχώριον
3443 2395 3499 2456 ἐς
3522 2395 3589 2445 τὰ
3622 2392 4016 2461 στρατεύματα

2439 2489 2541 2557 τῆς
2573 2489 2826 2559 ἠπείρου,
2851 2485 3089 2547 δεδιότες
3122 2486 3197 2555 μὴ
3240 2486 3646 2555 προσαγόμενοι
3675 2484 3801 2544 τοὺς
3852 2498 4020 2549 στρα-

2441 2582 2667 2650 τιῴτας,
2708 2581 2841 2648 περὶ
2881 2580 2980 2649 τὴν
3034 2578 3209 2649 ἀρχὴν
3266 2579 3653 2647 νεωτερίσωσι,
3703 2578 3799 2629 καὶ
3838 2575 4019 2629 κινδυ-

2446 2674 2614 2744 νεύσῃ
2646 2673 2829 2734 αὐτοῖς
2885 2671 3253 2741 διαφθαρῆναι
3286 2670 3353 2723 τὰ
3391 2672 3715 2739 πράγματα.
3764 2670 3853 2731 Ἐς
3897 2668 4023 2738 μένα

2443 2782 2526 2818 τοι
2584 2764 2682 2834 τὴν
2720 2763 2895 2833 ἀρχὴν
2944 2766 3044 2832 τῆς
3102 2762 3400 2832 Θαλάσσης,
3454 2763 3554 2815 οὐκ
3598 2762 3813 2831 ἔχοντες
3870 2763 4023 2821 ὅπως

2442 2859 2763 2927 ἐπάγωνται
2793 2856 3133 2927 ἀλλοτρίους,
3163 2857 3455 2910 καθιστᾶσι
3484 2874 3540 2908 τε
3568 2860 3629 2908 ἐκ
3674 2857 3779 2908 τῶν
3814 2857 4022 2923 ἐπιχωο

2450 2952 2581 3023 ρίων
2617 2951 3054 3020 αὐτοκράτορας,
3103 2950 3326 3002 ἐπειδὰν
3377 2949 3634 3018 πολεμεῖν
3662 2949 4019 3017 ἐξέρχωνται.

2449 3046 2557 3096 Καὶ
2598 3044 2703 3113 ἰδία
2733 3045 2856 3097 κατ’
2901 3042 3146 3095 ἐνιαυτὸν
3196 3042 3296 3105 τάς
3329 3041 3462 3096 δέκα
3507 3045 3775 3113 τριήρεις,
3800 3044 3869 3105 ἃς
3905 3046 4025 3095 ἐπι-

769 3136 837 3187 de
872 3147 975 3188 suo
1030 3146 1261 3199 corpore
1294 3129 1674 3199 deligunt,qui
1698 3127 1909 3181 navalia
1934 3124 2117 3194 pratia
2155 3135 2341 3190 capes-

2453 3138 2768 3205 πέμπουσιν
2801 3137 2953 3199 ἔτους
2984 3136 3241 3197 ἑκάστου.
3274 3136 3329 3197 ἔς
3375 3153 3437 3188 τε
3481 3137 3571 3189 τδν
3609 3134 3813 3203 Ἰόνιον,
3845 3137 3943 3188 καὶ
3972 3139 4026 3197 ἐς

771 3236 876 3289 sat,
925 3240 1051 3277 cuin
1085 3223 1151 3277 ad
1197 3222 1633 3293 belligerandum
1681 3220 1977 3289 prodeunt.
2036 3214 2343 3285 Separatitn

774 3316 1071 3387 quctannis
1107 3316 1297 3369 decem
1364 3314 1623 3367 triremes
1656 3312 1883 3364 mittunt
1934 3310 1987 3363 in
2022 3309 2236 3363 lonium
2292 3312 2349 3357 et

771 3407 1019 3478 Egmum
1060 3423 1231 3472 mare,
1292 3414 1517 3475 propter
1569 3420 1737 3459 naves
1769 3417 1895 3472 quae
1958 3402 2012 3454 in
2048 3397 2347 3469 Egyptum

772 3504 910 3558 etin
953 3500 1176 3570 Libyam
1228 3500 1492 3553 mercimn
1544 3497 1720 3568 gratia
1774 3493 2197 3565 proﬁciscuntur
2256 3504 2352 3560 per

775 3594 1055 3649 Oceanum
1112 3602 1166 3646 et
1210 3593 1485 3645 Euxinum
1513 3605 1684 3644 mare.
1726 3587 1873 3642 Mare
1920 3587 2027 3641 hoc
2058 3592 2353 3654 repurgant

777 3706 804 3739 ιι
835 3686 1054 3753 piratis,
1111 3698 1252 3752 quos
1306 3690 1559 3737 arcentes
1609 3680 1924 3748 ubicunque
1967 3678 2019 3730 in
2074 3692 2170 3731 eos
2213 3676 2352 3728 inci-

777 3781 982 3841 derint,
1023 3778 1160 3831 l'oris
1198 3783 1485 3829 morantur
1512 3789 1606 3838 per
1636 3774 1908 3841 integrum
1972 3783 2199 3832 annum,
2256 3781 2352 3819 ex-

779 3878 1092 3938 spectantes
1121 3869 1295 3919 donec
1323 3866 1509 3919 decem
1538 3864 1655 3917 aliae
1688 3862 2105 3917 submittantur.
2125 3857 2256 3923 Qua:
2308 3856 2354 3911 si

782 3959 1315 4023 \enerint,liberat:e
1345 3958 1555 4026 priores
1598 3954 1764 4008 maris
1801 3952 2073 4015 custodia,
2130 3951 2352 4005 domum

784 4059 1055 4107 remeant.
1096 4050 1306 4105 Civitas
1342 4050 1445 4103 ista
1484 4046 1649 4100 mittit
1692 4048 1969 4109 triremes,
2022 4057 2160 4113 quas
2210 4042 2357 4095 cives

781 4152 993 4204 emunt,
1026 4142 1255 4210 petitum
1293 4152 1522 4203 merces,
1555 4138 1607 4190 in
1646 4135 2057 4197 Alexandriam,
2115 4132 2356 4203 Syriam,

787 4235 1046 4296 Tanaim,
1091 4233 1438 4287 Britannicas
1499 4232 1731 4295 insulas,
1769 4240 1823 4284 et
1854 4230 1907 4283 in
1954 4229 2217 4283 Africam.
2265 4227 2360 4281 Ha:

790 4334 927 4380 sunt
990 4339 1222 4378 numero
1257 4324 1452 4392 viginti
1491 4322 1634 4385 duae,
1664 4337 1785 4389 qua:
1836 4321 2223 4390 magnitudine
2248 4318 2355 4373 dif-

789 4418 974 4472 ferunt
1024 4433 1053 4468 a
1112 4416 1361 4484 reliquis,
1416 4424 1476 4467 ut
1538 4430 1659 4481 qua:
1708 4428 1776 4466 au
1826 4427 2034 4466 merces
2064 4411 2360 4480 capiendas

2447 3232 2508 3282 τὸ
2544 3230 2793 3296 Αἰγαῖον,
2835 3228 2944 3280 τῶν
2980 3228 3115 3281 νεῶν
3149 3228 3327 3279 αὐτῶν
3368 3227 3425 3279 αἳ
3460 3229 3553 3280 ἐπὶ
3587 3229 3866 3297 ἐμπορίαν
3899 3231 4027 3296 ἀφι-

2451 3323 2705 3376 κνοῦνται
2749 3322 2844 3374 ἐπὶ
2874 3321 3150 3389 Αἴγυπτον
3197 3322 3292 3374 καὶ
3347 3320 3578 3391 Λιϐύην,
3607 3324 3702 3375 καὶ
3750 3323 4027 3385 Ὠκεανὸν,

2453 3416 2545 3467 καὶ
2576 3413 2830 3478 Εὔξεινον
2862 3412 3081 3464 πόντον.
3138 3411 3246 3464 Καὶ
3276 3409 3672 3480 καθαιροῦντες
3708 3411 3767 3463 τὸ
3804 3412 4032 3482 λῃστρι-

2454 3506 2569 3570 κὸν,
2619 3506 2742 3558 ὅποι
2775 3503 2841 3557 ἀν
2888 3502 3260 3572 περιτύχωσιν
3305 3502 3361 3555 ai
3395 3502 3527 3554 δέκα
3557 3495 3717 3554 αὗται
3754 3506 4030 3573 τριήρεις,

2453 3597 2825 3667 διατρίϐουσιν
2854 3597 2975 3649 ὅλον
2997 3593 3264 3655 ἐνιαυτὸν,
3288 3595 3343 3654 ἐς
3366 3596 3505 3664 ὅπερ
3534 3595 3589 3647 αί
3616 3594 3747 3646 δέκα
3769 3596 3870 3663 ἁφι
3914 3595 4035 3647 νού-

2460 3708 2642 3762 μεναι,
2690 3689 3098 3743 ἀπαλλάττουσι
3147 3691 3355 3751 ταύτας
3412 3692 3513 3757 τῆς
3566 3690 3840 3757 φυλακῆς.
3884 3690 4035 3741 Ἐπι-

2456 3784 2737 3851 πέμπουσι
2784 3781 2840 3832 δέ
2890 3784 2985 3832 καὶ¹
3027 3780 3276 3849 τριήρεις
3322 3780 3416 3831 ἐπί
3451 3780 3726 3848 ἐμπορίαν
3774 3781 3808 3847 ὴ
3855 3781 4031 3842 πόλις.

2458 3866 2844 3936 ἐξωνουμένων
2889 3866 2998 3918 τῶν
3041 3866 3280 3918 πολιτῶν
3313 3867 3536 3931 ταύτας,
3567 3866 3622 3929 ἐς
3673 3885 3733 3919 τε
3776 3869 4037 3933 Ἀλεξάν-

2458 3959 2649 4029 δρειαν
2678 3959 2772 4011 καὶ
2802 3959 3027 4028 Συρίαν,
3064 3960 3159 4011 καὶ
3192 3959 3420 4024 Τάναϊν,
3449 3960 3543 4012 καὶ
3577 3962 3635 4023 ἐς
3669 3963 3767 4024 τὰς
3798 3962 4037 4028 Βρεταν-

2460 4050 2619 4112 νικάς
2663 4052 2882 4119 νήσους,
2920 4052 3017 4102 καὶ
3050 4052 3105 4111 ἐς
3139 4050 3242 4119 τὴν
3290 4050 3518 4120 Λιϐύην.
3554 4052 3759 4120 Εῐησαν
3793 4054 3840 4105 δ’
3881 4052 3946 4105 ἂν
3983 4055 4038 4105 αί

2462 4144 2707 4212 τριήρεις
2754 4138 2915 4195 αὗται
2966 4142 3059 4194 δύο
3110 4143 3205 4194 καὶ
3240 4142 3412 4195 εἴκοσι
3453 4144 3676 4211 μείζους
3712 4144 3821 4195 τῶν
3858 4144 4039 4197 ἄλλων

2462 4237 2756 4305 τριήρεων,
2786 4234 2882 4286 ἆτε
2927 4236 3020 4289 ἐπὶ
3052 4235 3325 4303 ἐμπορίαν
3367 4236 3905 4305 κατεσκευασμέναι.
3937 4237 4042 4288 Νο-

2469 4327 2687 4396 μίζεται
2709 4326 2754 4379 δ’
2779 4326 2964 4387 αὐτοῖς
2992 4325 3078 4395 ἐφ’
3102 4325 3339 4397 ἑκάστης
3371 4326 3511 4389 νεὼς
3544 4330 3637 4381 καὶ
3676 4329 3874 4392 παῖδας
3914 4347 4042 4397 συγ-

2466 4414 2744 4481 κλητικῶν
2784 4413 2994 4482 ἀνδρῶν
3044 4415 3139 4466 ἐπὶ
3190 4414 3289 4485 τὴν
3338 4417 3612 4485 ἐμπορίαν
3662 4418 4041 4484 ἀφικνεῖσθαι,

788 4517 1084 4562 exstructa:
1125 4508 1255 4559 sint.
1291 4506 1479 4560 Solent
1511 4505 1671 4576 106
1702 4514 1907 4567 autem,
1937 4505 2010 4557 ita
2040 4505 2183 4557 enim
2232 4518 2341 4557 con

2472 4506 2931 4575 μεμισθωμένους
2987 4509 3083 4559 καὶ
3139 4507 3362 4570 τούτους
3411 4508 3511 4560 σὺν
3559 4511 3627 4578 τῇ
3677 4509 3767 4580 νηῒ
3821 4512 3915 4562 ἐπὶ
3950 4514 4045 4581 τὴν

788 4598 1021 4652 suetudo
1054 4606 1220 4661 tenet,
1274 4613 1398 4651 cum
1435 4599 1667 4665 singulis
1734 4596 1970 4650 navibus
1995 4594 2368 4664 {patriciorum

792 4694 887 4746 tilii
935 4690 1000 4744 ad
1058 4706 1269 4745 merces
1319 4688 1723 4759 comparandas
1788 4688 2063 4757 proﬁcisci
2117 4693 2370 4742 intercute

2469 4598 2769 4666 ἐμπορίαν.
2812 4596 3138 4668 Ἐξεύρηται
3177 4598 3279 4666 μὲν
3316 4594 3410 4651 οὖν
3445 4598 3661 4660 τούτοις
3703 4603 3817 4662 τοῖς
3854 4604 4021 4654 Οὐενε

2470 4692 2603 4757 τοῖς,
2660 4690 2795 4759 πρὸς
2852 4689 2944 4741 τὸν
3000 4690 3269 4759 Λιγυρίας
3316 4690 3581 4760 τύραννον
3631 4692 4047 4762 διαπολεμοῦσι,

796 4783 1077 4839 Conducti.
1136 4782 1387 4850 Magnam
1439 4781 1684 4851 pecunia:
1735 4781 1845 4834 vim
1878 4777 2072 4835 Veneti
2108 4780 2341 4834 contece

2472 4784 2735 4852 χρήματα
2765 4785 2835 4851 τῇ
2860 4799 2919 4833 τε
2948 4781 3107 4852 ἄλλῃ.
3136 4783 3231 4834 καὶ
3280 4781 3345 4851 δὴ
3392 4781 3500 4834 τῶν
3544 4784 3781 4837 πολιτῶν
3815 4786 4049 4837 ἑκάστου

795 4889 946 4941 runt,
1004 4876 1365 4930 cumbellum
1420 4883 1677 4942 gererent
1740 4875 2013 4927 adversus
2071 4871 2369 4927 Mediolani

792 4970 1012 5030 ducem,
1036 4966 1330 5030 bonorum,
1362 4980 1485 5032 qua:
1511 4965 1658 5019 cives
1694 4965 2079 5035 possidebant,
2114 4964 2369 5019 introdu-

794 5071 881 5114 cta
932 5061 1318 5113 decimatione.
1348 5057 1582 5128 Propter
1625 5059 1767 5112 banc
1812 5060 2029 5113 civibus
2091 5074 2363 5121 annuum,

796 5154 953 5221 quasi
993 5152 1160 5207 debiti
1208 5151 1663 5222 persolutionem,
1696 5151 2028 5205 ordinarunt
2057 5151 2292 5205 reditum
2352 5168 2367 5205 :

802 5246 1184 5314 promittentes
1242 5258 1592 5312 qttteeunque
1661 5244 2028 5297 contulissent
2097 5244 2245 5297 cives
2315 5244 2369 5297 in

801 5352 964 5389 usum
1003 5334 1151 5398 belli,
1201 5348 1390 5385 eorum
1429 5335 1646 5387 tertiam
1701 5344 1909 5403 partem
1982 5334 2217 5402 singulis
2266 5349 2373 5387 an-

804 5428 890 5481 nis
912 5426 1057 5479 cives
1096 5426 1349 5495 singulos
1374 5436 1718 5494 recepturos.
1749 5425 1848 5481 Hic
1880 5426 2095 5481 reditus
2131 5426 2197 5479 ad
2241 5429 2374 5481 libe-

800 5534 887 5571 ros
925 5527 979 5571 et
1029 5528 1253 5586 nepotes
1288 5517 1454 5572 redit.
1512 5516 1747 5583 Quidam
1801 5518 1901 5573 bos
1944 5519 2153 5573 reditus
2210 5536 2379 5589 parvo

2469 4876 2569 4944 τῆς
2601 4876 2791 4937 οὐσίας
2821 4876 2848 4924 ὀ
2875 4872 3228 4943 ὃεκατισμός.
3278 4874 3419 4943 Πρὸς
3450 4872 3542 4936 οὓς
3573 4875 3637 4944 δὴ
3668 4876 3859 4928 τάττει
3890 4881 3925 4947 ἡ
3958 4879 4051 4929 πό-

2478 4966 2559 5027 λις
2591 4968 2805 5035 ἐτήσιον
2840 4964 3127 5035 πρόσοδον,
3160 4960 3246 5017 οἷα
3280 4966 3373 5017 τοῦ
3409 4967 3602 5035 χρέους
3625 4967 3891 5021 ἀπόδοσιν
3920 4987 3934 5001 ·
3964 4972 4053 5022 καὶ

2481 5058 2615 5111 ἅττα
2644 5057 2687 5109 δ’
2719 5059 2785 5109 Ξν
2813 5057 3126 5127 ἐπαγγέλλῃ
3162 5056 3468 5125 λαμϐάνειν
3498 5061 3625 5121 τοὺς
3658 5058 3905 5124 πολίτας,
3934 5064 4053 5131 τρία

2481 5152 2545 5220 δὴ
2598 5152 2830 5205 ἕκαστον
2879 5151 3209 5219 ἐπαγγέλλει
3246 5152 3553 5205 ἀποδιδόναι
3594 5153 3749 5217 ἔτους
3794 5156 4053 5209 ἑκάστου.

2483 5245 2595 5296 Οὐκ
2627 5245 2772 5297 ἐστιν
2807 5246 2893 5296 ὅτε
2922 5246 3015 5296 ἐπί
3044 5246 3169 5305 τοὺς
3201 5243 3398 5305 παῖδας
3426 5261 3486 5297 τε
3530 5247 3624 5297 καὶ
3662 5246 3925 5312 ἐγγόνους
3962 5249 4055 5299 οὐκ

2480 5339 2793 5405 ἀφικνεῖται
2842 5339 2875 5406 ἡ
2924 5336 3150 5405 τοιαύτη
3208 5336 3494 5405 πρόσοδος.
3558 5339 3921 5403 Ἐξωνοῦνται
3963 5343 4056 5410 μὲν

2481 5430 2615 5481 ἔνιοι
2645 5429 2851 5491 ταύτας
2894 5427 3078 5495 ὀλίγου
3110 5426 3256 5489 τινὸς
3283 5427 3354 5491 ’⁸,
3385 5426 3536 5494 παρά
3585 5428 3694 5477 τῶν
3733 5428 3935 5489 ἐνδεῶς
3969 5428 4056 5479 το]

2488 5522 2601 5593 βίου
2642 5523 2827 5589 σιρίσιν
2864 5521 3121 5589 ἐχόντων,
3154 5522 3248 5572 καὶ
3297 5518 3704 5588 εὐδαιμονοῦσι.
3736 5524 3897 5574 Δοκεῖ
3944 5521 3999 5574 δέ
4036 5524 4058 5584 ἠ

2058 5617 2307 5677 Notulte
2349 5618 2755 5695 marginales.

926 5716 968 5745 ⁹¹
1005 5714 1070 5788 [it
1123 5731 1239 5774 ora,
1280 5714 1400 5783 ἦτοι
1447 5716 1651 5786 ἀρσενὰ
1702 5734 1757 5769 τε
1792 5715 1884 5769 νῦν
1924 5716 2093 5778 οὕτως
2124 5716 2547 5788 ὀνομαζόμενον.
2585 5719 2657 5772 ίσ.
2699 5716 2987 5788 ἀρῖενέιλ·.

799 5786 960 5847 τινός.
1004 5786 1061 5838 It.
1100 5798 1155 5838 ut
1186 5789 1238 5838 in
1273 5796 1418 5841 cont.

3105 5718 3149 5747 θ’
3188 5715 3302 5769 Duo
3338 5732 3467 5773 mss.
3501 5717 3719 5782 halsent,
3751 5721 3850 5774 οἰκ
3876 5721 4056 5790 ὀλίγον
