4190 6434
764 415 871 476 ἳοό

1882 405 2185 466 LAONICI
2226 405 2323 463 CH
2343 403 2663 465 \LCOCON
2677 404 2885 464 DYL/E

3902 397 4009 462 204

768 526 960 594 viginti
992 525 1254 593 quinque,
1280 522 1524 593 aliasque
1553 536 1720 577 naves
1741 521 1960 576 circiter
1992 521 2333 588 octuuginta,
2370 526 2409 580 Α

2370 526 2409 580 Α
2440 536 2529 582 νος
2584 521 2709 580 τοὺς
2756 519 3071 582 Οὐενετοὶις,
3105 518 3178 586 τῷ
3218 518 3482 587 βασιλέως
3541 520 3800 588 ναυτικῷ.
3841 519 4004 573 Οὗτοι

768 621 918 689 regia
999 619 1171 672 classe
1238 615 1477 681 Venetis,
1536 631 1674 683 quos
1729 625 1917 669 contra
1981 614 2326 681 procedebat,

770 724 1030 766 terrorem
1084 711 1306 778 injicere
1359 710 1652 764 nitebatur.
1691 708 1752 762 Hi
1811 708 2029 777 quidem
2060 746 2076 770 ,
2104 706 2334 762 sublatis

770 804 992 859 navium
1020 803 1399 865 armamentis,
1431 801 1703 872 progressi
1736 799 2331 864 suntPrreconnesum,

768 899 903 952 nihil
955 905 1263 953 metuentes
1320 897 1564 951 hostem.
1646 895 1807 949 Navis
1869 893 2331 963 Peloponnesiaca

770 990 1181 1060 relinquebatur
1229 1004 1258 1041 a
1298 998 1470 1057 tergo,
1526 989 1654 1056 quia
1685 996 1965 1055 postremo
2009 985 2331 1040 adducenda

768 1094 1089 1152 eramque,
1153 1096 1276 1136 cum
1330 1081 1473 1149 regia
1539 1080 1780 1133 triremis
1813 1079 2326 1148 appropinquasset,

769 1180 1177 1234 accersebatur.
1213 1179 1329 1231 Dux
1360 1187 1541 1231 autem
1574 1172 1909 1228 Venetorum
1934 1173 2151 1227 sublato
2172 1172 2330 1241 signo

768 1287 887 1323 eam
930 1270 1108 1340 sequi,
1170 1284 1270 1323 nec
1321 1269 1560 1339 priorem
1612 1266 1667 1320 in
1721 1267 1928 1321 hostem
1962 1265 2327 1318 incursionem

766 1358 1211 1430 facerejubebat.
1238 1355 1717 1427 Peloponnesiaca:
1757 1355 1997 1409 triremis
2032 1354 2167 1415 dux.
2201 1368 2327 1408 cum

769 1462 984 1521 putaret
1014 1468 1072 1507 se
1120 1450 1334 1520 jussum
1388 1451 1593 1503 irruere
1640 1450 1691 1501 in
1742 1451 1987 1511 hostem;
2014 1455 2070 1500 et
2107 1456 2329 1517 propter

765 1545 1010 1600 eamdem
1034 1560 1147 1598 rem
1176 1544 1388 1613 signum
1412 1557 1535 1597 esse
1557 1542 1763 1606 datum,
1795 1543 2056 1609 impetum
2092 1541 2146 1593 in
2184 1540 2328 1610 regis

765 1654 958 1694 navem
1005 1637 1156 1702 fecit,
1180 1651 1411 1704 eamque
1449 1635 1731 1706 demergit.
1761 1635 2001 1704 Reliqua:
2056 1632 2328 1687 Barbaro-

765 1746 885 1784 rum
909 1743 1073 1783 naves
1112 1743 1234 1782 cum
1285 1728 1652 1793 adverterent,
1697 1742 1726 1781 a
1771 1737 1923 1796 parte
1962 1725 2188 1780 adversa
2237 1740 2329 1779 oc-

764 1831 978 1893 ceptum
1010 1821 1284 1892 prmlium,
1333 1830 1387 1876 et
1427 1822 1557 1891 ipsa:
1608 1822 1672 1875 ad
1698 1820 1941 1891 praelium
1993 1835 2053 1873 se
2101 1833 2327 1872 conver-

2441 613 2540 681 μὲν
2571 616 2849 683 προῄεσαν
2876 612 2968 663 ἐπὶ
2998 612 3411 681 Προικόννησον,
3448 606 3753 680 μετεώρους
3783 610 4007 680 ἔχοντες

2435 709 2531 767 τὰς
2569 703 2700 765 ναῦς
2735 704 2939 765 αὐτοῖς.
2980 705 3043 756 ῚΙ
3072 704 3130 755 δὲ
3164 703 3568 772 Πελοποννησία
3609 703 4003 763 ὑπολέλειπτο,

2434 798 2509 858 ὡς
2536 795 2764 866 ὕστερον
2806 778 3144 864 ἀναγομένη.
3186 796 3453 850 Ἐνταῦθα
3473 798 3547 857 ὡς
3577 795 3750 865 ἀγχοῦ
3783 796 4006 864 ἐγένετο

2440 889 2680 959 τριήρης
2715 889 2813 959 μία
2842 889 2934 940 τοῦ
2969 888 3250 958 βασιλέως,
3296 890 3683 958 μετεπέμπετο
3715 891 3743 941 ό
3772 888 4007 958 ήγεμὼν

2431 980 2542 1033 τῶν
2586 979 2885 1045 Οὗενετῶν,
2929 982 3158 1051 σημεῖον
3197 981 3435 1050 ἐπάρας,
3465 981 3707 1033 κελεύων
3738 979 4001 1041 ἕπεσθαι,

2433 1072 2528 1126 καὶ
2563 1072 2638 1142 μὴ
2672 1072 2984 1142 ἐμϐάλλειν.
3031 1073 3289 1143 Οίόμενος
3327 1072 3372 1124 δ’
3418 1076 3445 1125 ὁ
3484 1073 3585 1141 τῆς
3616 1075 3882 1143 τριήρους
3912 1072 4005 1141 ἄρ·

2432 1181 2541 1235 χων
2583 1165 2682 1235 τῆς
2720 1165 3176 1235 Πελοποννησίας.
3208 1166 3283 1222 ὡς
3319 1165 3533 1219 κελεύοι
3587 1164 3908 1234 ἐμϐάλλειν,
3942 1163 4006 1214 τδ

2434 1258 2686 1327 σύνθημα
2719 1258 2965 1326 οίόμενός
2997 1260 3048 1311 oi
3095 1257 3351 1326 γενέσθαι
3399 1258 3503 1311 ὑπὸ
3534 1258 3628 1312 τοῦ
3664 1255 4002 1325 στρατηγοῦ,

2432 1349 2693 1419 ἐμϐάλλει
2717 1367 2779 1402 τε
2808 1354 2874 1421 τῇ
2907 1351 3002 1403 τοῦ
3036 1350 3302 1420 βασιλέως
3331 1349 3441 1419 νηῒ,
3466 1352 3560 1402 καὶ
3611 1349 3897 1402 καταδύει.
3937 1349 4003 1401 Δί

2431 1443 2489 1496 δὲ
2510 1442 2696 1496 λοιπαὶ
2725 1442 2833 1495 τῶν
2867 1442 3225 1514 βαρϐαρικῶν
3265 1461 3403 1496 νεων
3454 1442 3682 1508 ἰδοῦσαι,
3713 1442 3788 1505 ὡς
3822 1442 4004 1512 ὑπῆρ-

2431 1554 2529 1589 κτο
2554 1536 2816 1606 πολέμου,
2841 1538 2935 1589 καὶ
2962 1538 3017 1599 ἐς
3056 1537 3239 1607 μάχην
3275 1535 3652 1599 καθίστανται,
3685 1536 4002 1603 ἐπείγονται

2431 1630 2734 1699 ἐπαμύνειν
2763 1630 3082 1700 βουλόμεναι
3108 1631 3199 1683 ἐπὶ
3247 1630 3345 1698 τὴν
3377 1630 3815 1702 Πελοποννησίαν
3841 1628 3997 1681 ναῦν.

2444 1723 2713 1778 Ἐνταῦθα
2736 1724 2802 1795 δὴ
2828 1724 2934 1776 τῶν
2983 1725 3029 1756 ’⁸
3079 1725 3360 1777 Οὑενετῶν
3396 1726 3644 1794 τριήρεις
3675 1722 3999 1777 κατιδοῦσαι

2430 1818 2491 1870 τὸ
2517 1818 2762 1886 γεγονὸς,
2788 1818 2862 1883 ὡς
2886 1819 2977 1871 ἐπὶ
3005 1818 3106 1887 τὴν
3138 1818 3404 1889 σφετέραν
3425 1820 3484 1870 αἱ
3508 1818 3847 1885 βαρϐαρικαὶ
3869 1818 4000 1883 vis;

765 1916 993 1970 tebant:
1048 1913 1425 1983 festinantque
1488 1916 1747 1983 impetum
1787 1913 1840 1966 in
1908 1884 2401 1979 Pelot',~onnesia-B

2358 1884 2401 1938 Β
2431 1909 2765 1977 ἐπείγονται,
2795 1912 3157 1981 ἀντανήγοντο
3196 1913 3291 1963 καὶ
3320 1910 3482 1964 αῦται
3525 1911 3617 1962 ἐπὶ
3668 1910 3996 1978 ναυμαχίαν,

764 2025 884 2063 eam
919 2023 1111 2061 navem
1150 2008 1343 2061 dantes
1372 2006 1630 2061 resistere
1667 2005 1904 2058 fortiter.
1943 2003 2130 2059 Veneti
2176 2004 2329 2058 vide-

764 2100 1079 2168 runt,quod
1113 2100 1430 2169 parabatur,
1492 2099 1745 2154 videlicet
1795 2101 2024 2153 classem
2070 2098 2323 2153 hostilem

762 2195 1043 2248 incursare
1075 2191 1129 2244 iu
1156 2190 1671 2258 Peloponnesiacam
1709 2190 2014 2251 triremem,
2058 2189 2161 2258 ipsi
2191 2202 2326 2256 quo-

760 2299 865 2354 que
894 2284 961 2337 ad
1004 2284 1196 2336 navale
1267 2291 1546 2337 certamen
1606 2281 2051 2353 accingebantur.
2104 2280 2323 2334 Interim

761 2379 887 2434 dum
914 2380 1150 2433 ferveret
1180 2379 1449 2447 praelium,
1486 2377 1813 2447 navigabant
1846 2394 1941 2446 per
1980 2391 2172 2430 omnes
2224 2375 2319 2428 ho-

762 2472 927 2524 stium
988 2484 1176 2533 naves,
1233 2468 1496 2537 quasdam
1560 2468 1728 2521 remis
1763 2469 1828 2522 ad
1880 2470 2031 2522 littus
2081 2477 2321 2537 agentes.

760 2559 953 2615 Veneti
988 2560 1044 2614 in
1092 2560 1238 2613 hunc
1275 2561 1493 2613 modutu
1541 2560 1765 2613 victoria
1812 2561 1967 2628 potiti
2026 2571 2175 2624 sunt,
2233 2576 2326 2615 ca-

761 2655 972 2723 pientes
1003 2668 1169 2709 naves
1203 2653 1519 2708 barbaricas
1570 2655 1858 2718 tredecim,
1892 2656 2183 2725 plerasque
2234 2665 2321 2709 ta-

761 2764 882 2802 men
933 2762 1158 2802 vacuas.
1221 2747 1354 2801 Nam
1417 2748 1601 2810 Turci.
1660 2748 1751 2802 ubi
1784 2758 2069 2803 senserant
2132 2763 2320 2812 naves,

761 2840 818 2893 in
851 2841 1052 2909 quibus
1093 2850 1270 2901 erant,
1296 2841 1408 2909 jam
1437 2840 1753 2910 capiendas,
1790 2840 1844 2895 in
1900 2858 2049 2896 mare
2080 2856 2141 2895 se
2180 2843 2321 2913 abji—

756 2932 995 2994 ciebant,
1027 2938 1082 2984 et
1116 2930 1168 2983 in
1207 2941 1408 2985 terram
1449 2933 1762 2988 enatabant.
1825 2931 2029 2987 Eodem
2072 2943 2321 3003 tempore

757 3038 879 3075 cum
905 3024 1077 3078 armis
1111 3035 1371 3092 urgerent
1406 3024 1590 3080 Veneti
1645 3026 2025 3089 Mechmetem,
2058 3025 2319 3095 Lampsa-

755 3130 878 3168 cum
944 3116 1254 3170 obsidendo
1311 3118 1367 3171 in
1406 3117 1671 3171 ditionem
1712 3128 2081 3188 acceperunt:
2134 3118 2319 3185 ibique

2428 2005 2521 2057 καὶ
2566 2003 2641 2066 ὡς
2694 2004 3061 2075 ἐναυμάχουν,
3105 2005 3397 2057 διέκπλουν
3432 2022 3490 2057 τε
3522 2004 3873 2072 ἐποιήσαντο,
3904 2001 3997 2053 καὶ

2426 2097 2828 2161 καταδύσαντες
2858 2099 2990 2162 ναῦς
3022 2098 3091 2152 ’τέ
3132 2117 3305 2163 τινας,
3337 2100 3428 2152 καὶ
3472 2098 3858 2168 ζωγρήσαντες
3896 2099 3997 2156 τὰς

2427 2191 2643 2257 λοιπὰς,
2677 2194 2732 2250 ἐς
2759 2193 2861 2261 τὴν
2886 2192 2994 2262 γῆν
3049 2192 3369 2263 ἐτρέψαντο.
3415 2193 3521 2244 Καὶ
3554 2193 3816 2260 ἐνίκησαν
3859 2191 3997 2241 Οὑε-

2427 2285 2593 2349 νετοὶ,
2624 2285 2757 2348 ναῦς
2804 2286 3057 2349 λαϐόντες
3106 2287 3217 2338 τῶν
3278 2284 3578 2354 Βαρϐάρων
3608 2284 3996 2352 τρισκαίδεκα,

2425 2379 2589 2442 κενὰς
2613 2380 2669 2432 δὲ
2702 2380 2802 2442 τὰς
2831 2380 3070 2442 πλείους.
3102 2368 3297 2450 Οίγάρ
3327 2379 3581 2449 Τοῦρκοι,
3607 2379 3681 2439 ὡς
3711 2379 3995 2430 ἁλίσκοιτο

2425 2475 2458 2543 ἡ
2494 2471 2646 2536 ναῦς,
2671 2474 2726 2534 ἐς
2759 2473 2861 2539 τὴν
2895 2474 3167 2527 θάλατταν
3216 2472 3466 2534 ἔπιπτον,
3503 2472 3592 2525 καί⁷
3647 2473 3863 2535 ἐξὲνεον
3899 2470 3995 2521 ἐπὶ

2424 2565 2523 2634 τὴν
2552 2566 2677 2634 γῆν.
2719 2565 2987 2620 Ἐνταῦθα
3012 2567 3087 2627 ὡς
3116 2567 3215 2636 ήδη
3261 2565 3499 2634 πόλεμον
3546 2564 3660 2621 τοῖς
3707 2562 3995 2622 Οὐενετοίς

2424 2656 2768 2728 ἀνελομένοις
2813 2659 2949 2731 πρὸς
2982 2659 3203 2728 βασιλέα
3256 2656 3574 2727 Μεχμέτην,
3609 2656 3708 2723 τήν
3746 2670 3806 2705 τε
3838 2653 3993 2720 Λαμ-

2421 2750 2597 2818 ψακον
2633 2751 2921 2821 πολιορκία
2949 2751 3390 2820 παρεστήσαντο,
3414 2749 3508 2821 καὶ
3536 2745 3785 2816 φυλακὴν
3822 2747 3993 2809 ἐγκα-

2420 2843 2661 2905 τέλιπον,
2694 2850 2785 2895 καὶ
2836 2843 2992 2894 αὐτοὶ
3041 2840 3243 2911 ᾠχοντο
3272 2841 3358 2893 ἐπ’
3399 2840 3550 2893 οίκου
3599 2836 3989 2897 ἀποπλέοντες.

2429 2938 2696 2992 Ἐνταῦθα
2729 2942 2915 3008 μέντοι
2943 2938 2998 2990 οἵ
3028 2955 3088 2991 τε
3117 2938 3372 2991 Οὐενετοὶ
3399 2935 3590 2990 τοῦτον
3618 2936 3710 2987 τὸν
3750 2952 3990 3002 στρατη-

2419 3030 2596 3097 γὸν,δς
2624 3030 2971 3100 περιεγένετο
2986 3031 3080 3084 τοῦ
3102 3032 3210 3083 τῶν
3231 3030 3534 3101 Βαρϐάρων
3557 3028 3769 3090 στόλου,
3791 3029 3990 3098 ήγοντο

2422 3123 2675 3187 θανάτου,
2699 3124 2773 3186 ὼς
2799 3124 3062 3194 πρότερον
3091 3123 3413 3190 ὑπάρξαντα
3444 3122 3675 3185 ἀδικίας,
3706 3122 3805 3171 καὶ
3826 3120 3988 3171 λελυ-

756 3208 1010 3276 praesidio
1044 3210 1259 3273 relicto,
1292 3211 1512 3263 domum
1563 3213 1764 3265 reversi
1794 3222 1940 3266 sunt.
1978 3210 2170 3264 Veneti
2211 3210 2318 3264 du-
2344 3223 2390 3285 ρ

2344 3223 2390 3285 c
2422 3216 2553 3266 x’rra.
2582 3216 2681 3276 τὰς
2714 3213 2945 3275 σπονδὰς
2977 3213 3130 3283 παρὰ
3156 3216 3225 3267 τὰ
3254 3214 3632 3283 ἐπεσταλμένα
3659 3211 3839 3279 αὐτῷ.
3878 3212 3988 3263 Καὶ

756 3314 872 3352 cem
930 3298 1081 3352 illum
1137 3301 1230 3369 qui
1287 3300 1470 3369 praelia
1532 3302 1771 3355 secunda
1823 3312 2015 3356 contra
2053 3301 2321 3354 Barbaros

2421 3305 2482 3355 ἐν
2507 3305 2630 3375 δίκῃ
2657 3306 2947 3373 γενόμενος
2974 3306 3123 3375 παρὰ
3151 3306 3453 3369 δικασταῖς,
3484 3304 3755 3371 ἀπελύθη.
3790 3305 3866 3374 μὴ
3894 3304 3988 3355 αῦ-

755 3394 981 3457 tecerat,
1016 3408 1299 3448 reversum
1333 3394 1529 3463 capitis
1576 3399 1926 3449 accusabant.
1967 3392 2196 3447 Crimini
2225 3395 2320 3445 da-

2419 3391 2511 3453 τδς
2545 3393 2807 3463 πρότερος
2846 3394 3083 3464 ὑπάρξαι
3117 3394 3211 3448 τοῦ
3241 3396 3375 3466 πρὸς
3409 3388 3683 3466 βάρϐαρον
3719 3394 3983 3463 πολέμου.

754 3480 933 3545 batur,
962 3482 1106 3548 quod
1138 3483 1286 3550 prior
1308 3484 1618 3552 prasterjus
1660 3493 1714 3536 et
1740 3499 1977 3553 aequum,
2030 3492 2086 3537 et
2129 3492 2324 3551 praeter

2422 3485 2557 3537 Μετ’
2578 3485 2637 3535 οὐ
2668 3486 2836 3538 πολὺν
2857 3487 2915 3538 δέ
2943 3488 3135 3557 χρόνον
3159 3488 3674 3557 διεπρεσϐεύσαντο,
3701 3489 3799 3540 καὶ
3824 3504 3990 3539 σπον-

754 3574 1106 3643 magistratus
1126 3575 1435 3643 imperium,
1486 3576 1732 3645 praelium
1789 3576 2028 3642 iniisSet,
2083 3576 2323 3631 {uidera—

1239 3576 1435 3641 erium,
1486 3576 1732 3645 praelium
1789 3576 2028 3642 iniisSet,
2083 3576 2323 3631 fmdera-
2420 3577 2515 3638 δὰς
2546 3578 2894 3646 ἐποιήσαντο.

753 3681 860 3733 que
886 3666 1163 3735 fregisset.
1198 3667 1334 3722 Cum
1364 3667 1418 3721 in
1450 3668 1594 3721 hunc
1660 3669 1882 3723 modum
1943 3669 2139 3739 capitis
2204 3668 2615 3737 anquireretur,
2686 3673 2917 3726 crimine
2958 3673 3243 3729 absolutus
3295 3686 3402 3739 est,
3470 3684 3530 3730 ut
3580 3677 3669 3745 qui
3736 3678 3983 3745 pralium

759 3760 919 3829 108
964 3760 1104 3813 haud
1148 3760 1294 3828 prior
1326 3760 1644 3829 incepisset.
1696 3760 1806 3815 Nec
1853 3773 2098 3832 tempore
2157 3764 2326 3818 multo
2364 3763 2689 3835 interposito
2724 3766 3021 3836 legationes
3052 3767 3199 3823 ultro
3253 3770 3502 3839 citroque
3568 3768 3771 3833 missae,
3842 3772 3988 3825 inter

755 3863 1016 3921 utrosque
1047 3868 1234 3922 pacem
1261 3854 1371 3907 icto
1409 3854 1610 3908 foedere
1635 3865 1959 3912 sanxerunt.

826 3944 1157 3999 Mechmetes
1186 3945 1430 4012 quidem,
1481 3947 1942 4013 quemadmodum
2000 3950 2315 4018 accepimus

756 4038 941 4100 modo,
997 4052 1124 4104 erga
1182 4035 1419 4091 Venetos
1482 4036 1710 4092 affectus
1761 4048 1898 4093 erat.
1935 4039 2142 4094 Graecis
2188 4058 2316 4094 vero

758 4138 1160 4197 eratperquam
1210 4126 1521 4190 familiaris,
1590 4144 1794 4198 eosque
1847 4131 2025 4183 colere
2068 4131 2317 4198 cupiebat

763 4222 815 4273 in
845 4219 1100 4274 omnibus
1122 4235 1458 4288 quaecunque
1512 4221 1799 4289 petiissent
1852 4222 1993 4276 haud
2042 4206 2309 4292 gravatim

760 4312 1059 4380 largiendo.
1097 4309 1511 4378 Familiaritatis
1538 4323 1722 4367 autem
1757 4314 1877 4379 ejus
1922 4330 2109 4378 causa,
2151 4331 2315 4385 quam

761 4420 903 4457 nunc
941 4404 1212 4461 dabimus.
1271 4414 1409 4456 erat.
1464 4402 1777 4471 Mustaphas
1820 4420 1960 4459 unus
2008 4422 2038 4459 e
2094 4422 2317 4459 numero

760 4494 998 4548 ﬁliorum
1029 4494 1305 4562 Pajazitis.
1339 4494 1579 4548 imitatus
1599 4493 1806 4549 Mosem
1841 4494 2087 4558 fratrem,
2131 4498 2197 4549 ad
2232 4496 2318 4549 Si—

2497 3948 2587 4011 'E;
2618 3946 2844 4010 τούτους
2882 3946 2981 4015 μέν
3012 3945 3103 3998 οὖν
3131 3947 3300 4009 οὓτως
3334 3945 3460 4017 ἔσχε
3492 3947 3568 4018 τῷ
3608 3948 3820 4017 βασιλεῖ
3843 3952 3987 4021 Μελ(

2423 4038 2587 4109 μέτῃ.
2619 4038 2745 4099 Τοῖς
2774 4037 2831 4089 δὲ
2879 4035 3136 4107 Ἕλλησιν
3166 4037 3474 4107 ἐπιτήδειός
3501 4055 3558 4090 τε
3588 4040 3683 4091 καὶ
3719 4043 3986 4110 συνήθης,

2414 4130 2569 4199 ὴξίου
2586 4128 2907 4197 θεραπεύειν
2935 4130 3057 4181 ὅτου
3080 4128 3145 4182 ἂν
3162 4128 3442 4199 δεήσαιντο
3460 4129 3588 4199 παρ’
3610 4132 3786 4202 ἐαυτῷ
3818 4134 3885 4185 δι’
3904 4142 3990 4185 αξ-

2421 4222 2544 4275 τξαν
2564 4222 2741 4291 τήνδε.
2761 4222 3097 4288 Μουσταφᾶς
3112 4223 3220 4291 γάρ
3241 4239 3323 4274 τοι
3341 4224 3369 4273 δ
3384 4222 3491 4275 τῶν
3510 4223 3837 4291 Παιαζήτεω
3853 4229 3987 4279 παί-

2422 4316 2548 4378 δων,
2586 4314 2966 4383 μιμησάμενος
3004 4312 3207 4365 Μωσέα
3257 4313 3347 4364 τὸν
3400 4313 3652 4381 ἀδελφὸν,
3701 4317 3798 4368 καὶ
3846 4321 3989 4387 πρὸς

2422 4406 2513 4457 τὸν
2553 4405 2805 4471 ὶιινιΞ-πης
2843 4406 3087 4475 ἄρχοντα
3137 4404 3400 4474 πολέμιον
3450 4407 3580 4459 ὄντα
3636 4408 3710 4478 τῷ
3766 4410 3989 4479 ἀδελφῷ

2423 4499 2687 4567 Melita-Evn
2722 4497 3048 4566 ἀφικόμενος
3091 4502 3187 4550 καὶ
3222 4499 3383 4568 ὅρκια
3413 4501 3808 4569 ποιησάμενος,
3841 4502 3986 4557 ὥστε
4048 4544 4055 4549 ,

761 4587 978 4653 nopium
1002 4586 1219 4648 ducem,
1246 4587 1338 4654 qui
1369 4584 1543 4640 hostis
1574 4594 1693 4640 erat
1740 4587 2082 4659 Mechmetis,
2127 4601 2319 4655 perveo
2350 4584 2396 4638 Ι)

2350 4584 2396 4638 D
2425 4591 2608 4656 ξένους
2641 4592 2780 4645 εἶναί
2809 4608 2868 4645 τε
2902 4592 2998 4644 καὶ
3049 4592 3236 4660 φίλους
3286 4591 3560 4663 ἀλλήλοις,
3590 4596 3686 4648 καὶ
3724 4599 3863 4667 πρὸς
3894 4602 3985 4651 τὸν

759 4677 1248 4747 niens,juramenti
1285 4676 1550 4746 religione
1608 4678 1928 4746 interposita
1983 4692 2041 4732 se
2084 4678 2315 4731 invicem

756 4770 959 4822 amicos
998 4776 1052 4821 et
1084 4768 1329 4837 hospites
1363 4771 1413 4820 in
1434 4776 1714 4837 posterum
1748 4769 1863 4823 fore
1894 4770 2314 4823 conﬁrmabant.

758 4860 958 4913 Deinde
985 4874 1106 4912 cum
1142 4860 1350 4927 legatos
1396 4861 1636 4913 misisset
1662 4860 1729 4913 ad
1780 4860 1953 4914 Dacia:
1978 4861 2172 4914 ducem
2198 4900 2214 4924 ,
2264 4871 2319 4914 et

756 4952 930 5005 amice
958 4953 1026 5005 ab
1054 4968 1118 5005 eo
1142 4952 1280 5004 foret
1304 4962 1585 5021 acceptus,
1614 4952 2077 5022 pollicereturque
2126 4969 2185 5008 se
2214 4957 2316 5021 ipsi

756 5044 1036 5112 suppetias
1054 5044 1289 5097 laturum
1320 5046 1373 5097 in
1400 5060 1569 5113 regno
1586 5045 1731 5113 quod
1756 5046 2311 5113 averetacquirendo,

758 5133 810 5186 in
835 5135 1019 5186 Asiam
1049 5133 1159 5203 (l8)
1192 5135 1341 5189 abire
1370 5135 1633 5189 decrevit.
1668 5136 1803 5190 Cum
1857 5138 1911 5189 in
1968 5137 2095 5191 Asia
2151 5139 2313 5205 longo

757 5235 999 5295 tempore
1020 5238 1261 5281 moratus
1292 5238 1455 5293 esset,
1514 5230 1722 5283 habens
1762 5246 1947 5284 secum
2013 5234 2157 5285 viros
2206 5242 2312 5284 tre-

755 5329 966 5381 centos,
998 5319 1141 5373 haud
1166 5323 1416 5374 cessabat
1444 5323 1655 5376 ambire
1710 5321 2010 5378 Turcorum
2041 5327 2309 5393 Optimum

752 5425 1041 5480 quemque,
1070 5422 1122 5466 et
1147 5412 1215 5464 ad
1273 5413 1633 5468 defeetionem'
1689 5416 1967 5485 pellicere.
2025 5417 2162 5471 Cum
2225 5433 2312 5471 res

2420 4684 2623 4746 Δακίας
2696 4684 2941 4752 ἡγεμόνα
3018 4684 3610 4755 διαπρεσϐευσάμενος,
3676 4688 3753 4747 ὡς
3823 4691 3988 4742 αὑτὸν

2418 4775 2660 4845 ἄσμενος
2684 4776 2999 4845 ὑπεδέχετο,
3028 4779 3122 4827 καὶ
3148 4776 3313 4830 τᾶλλα
3343 4779 3654 4847 ὑπισχνεῖτο
3677 4796 3915 4847 συγκατε
3927 4800 3985 4850 ρ-

2417 4868 2682 4936 γάζεσθαι
2712 4868 2781 4922 τά
2802 4870 2859 4931 ἐς
2886 4869 2985 4937 τὴν
3017 4868 3297 4938 βασιλείαν
3323 4912 3336 4933 ,
3366 4871 3517 4939 διέϐη
3546 4889 3604 4924 τε
3635 4875 3715 4934 εἰς
3738 4875 3841 4943 τὴν
3876 4877 3984 4927 Δαο

2418 4963 2543 5013 κίαν
2573 4962 2925 5029 Μουσταφᾶς,
2970 4963 3065 5015 καὶ
3104 4963 3295 5031 χρόνον
3330 4963 3519 5016 αὐτόθι
3563 4966 3846 5034 διατρίψας
3892 4985 3985 5019 συ-

2421 5052 2569 5121 χνὸν,
2592 5054 2729 5122 ἔχων
2773 5052 2970 5120 ἄνδρας
3002 5054 3371 5117 τριακοσίους,
3400 5055 3643 5122 ἔπρασσε
3679 5062 3817 5125 πρὸς
3856 5064 3983 5119 τοὺς

2420 5144 2681 5212 Τούρκων
2727 5144 3002 5214 ἀρίστους,
3052 5145 3253 5212 μετιὼν
3304 5147 3559 5199 ἕκαστον.
3588 5148 3691 5208 .Ὠς
3746 5149 3790 5200 δ’
3828 5150 3984 5202 οὐδὲν

2422 5235 2727 5305 προεχώρει
2759 5237 2827 5301 ’⁷,
2855 5233 2924 5306 ἦν
2961 5238 3071 5304 γὰρ
3112 5238 3406 5307 Μεχμὲτης
3434 5239 3506 5292 τά
3532 5257 3591 5292 τε
3634 5240 3773 5293 ἀλλα
3803 5244 3981 5293 ἐπιει-

2421 5327 2543 5395 κὴς,
2569 5330 2662 5378 καὶ
2696 5333 2752 5389 ἐς
2781 5331 2840 5379 τὸ
2870 5329 3193 5399 θεραπεύειν
3224 5330 3349 5393 τοὺς
3378 5333 3633 5399 ἀρίστους
3663 5334 3772 5384 τῶν
3813 5334 3985 5403 Τούρ-

2423 5435 2534 5470 κων
2566 5421 2666 5473 οὐκ
2716 5421 2998 5491 ἀδόκιμος,
3038 5423 3245 5491 τρόπου
3298 5440 3356 5474 τε
3412 5424 3662 5493 ήσυχίου,
3701 5424 3870 5496 ψευδῆ
3922 5442 3982 5477 τε

2024 5535 2270 5596 Notulte
2297 5536 2703 5614 marginales.

822 5634 935 5701 (l8)
970 5636 1056 5689 Al.
1086 5635 1372 5707 Europam,
1408 5638 1478 5691 al.
1510 5636 1755 5693 Daciam.

813 5776 955 5855 aen,"
990 5795 1113 5855 ,ιη-ο,
1156 5780 1209 5829 αἱ
1236 5778 1415 5855 λοιπαὶ
1447 5796 1495 5831 τ.
1571 5781 1615 5812 ’⁷
1643 5778 1726 5832 Ex
1754 5778 1946 5833 Latina
1978 5783 2213 5837 versione
2248 5796 2392 5853 patet
2427 5790 2468 5839 tl.

2324 5796 2392 5840 tet
2427 5787 2718 5840 desiderari
2776 5795 2885 5841 lucc
2919 5785 3088 5849 verba,
3125 5784 3320 5855 ἤχθετο
3358 5785 3611 5851 μάλιστα,
3644 5786 3719 5839 re!
3759 5791 3977 5845 szmz'lt'a.

754 5842 823 5901 In
860 5848 920 5902 ll.
953 5851 1094 5901 nulla
1127 5859 1198 5901 est
1231 5848 1441 5901 lacrma.
