4190 6434
173 408 278 469 205

1241 406 1334 466 DE
1382 404 1634 466 REBUS
1678 405 2038 464 TURCICIS
2077 405 2354 471 LlBalV.

3289 411 3394 475 206

169 525 334 574 παῖδα
360 522 615 589 ἐνέφηνεν
656 519 793 575 εἶναι
839 523 931 574 τοῦ
967 521 1288 589 Παιαζήτεω
1324 520 1416 571 τὸν
1469 521 1696 573 Mme

1833 533 2025 586 parum
2058 517 2399 581 sum-ederet,
2431 519 2734 588 angebatur
2761 518 3016 574 maxime.
3045 519 3175 574 Nam
3213 521 3395 578 Mech-

165 617 293 682 φᾶν,
319 616 412 665 καὶ
439 614 511 674 ὡς
538 614 750 683 οὐδαμῇ
777 611 1067 682 καταφανῆ
1085 615 1302 681 σχόντες
1322 612 1418 680 τὴν
1445 609 1725 677 διατριϐὴν

161 705 334 774 αὐτῷ.
359 705 461 756 Τὸν
508 706 564 757 δὲ
618 705 782 757 παῖδα
827 703 1018 757 τούτου
1066 705 1386 771 τελευτῆσαι
1418 701 1546 771 παρ’
1573 703 1726 770 ἀνδρὶ

157 799 468 867 ἐπιτηδείῳ,
517 798 611 850 καὶ
659 799 751 850 τὸν
793 797 996 867 τρόπον
1041 796 1389 861 δικαιοτάτῳ,
1428 795 1485 857 ὃς
1529 797 1725 862 ἀφῖκτο

157 891 288 956 παρ’
337 889 528 941 ἑαυτὸν
573 889 665 940 τὸν
721 889 953 942 θάνατον
990 887 1086 940 τοῦ
1134 887 1322 949 παιδὸς
1365 887 1720 956 διασημῆναι.

168 982 434 1034 Ἐνταῦθα
481 984 834 1051 Μουσταφᾶς,
867 983 942 1045 ὡς
995 981 1148 1035 οὐδὲν
1202 981 1351 1049 αὑτῴ
1402 980 1546 1032 κατά
1599 980 1722 1032 νοῦν

153 1074 445 1126 ἐπέϐαινεν
475 1076 580 1126 ἀπὸ
611 1075 835 1140 Δακίας,
881 1077 974 1127 καὶ
1004 1073 1246 1143 οἰόμενος
1282 1072 1458 1142 ἑαυτῷ
1497 1073 1722 1141 ἄμεινον

150 1163 375 1228 ἐξεῖναι,
416 1169 480 1236 ἢν
530 1169 623 1220 ἐπὶ
673 1170 799 1230 τοὺς
839 1167 1106 1235 ’Έλληνας
1140 1167 1430 1235 ἀφίκηται,
1465 1167 1522 1217 ἐν
1571 1167 1720 1234 μέσῳ

147 1256 247 1322 τῆς
282 1257 458 1325 ἀρχῆς
484 1258 790 1326 Μεχμέτεω
813 1257 1118 1328 ἱδρυμένος,
1143 1257 1358 1309 ἐλαύνει
1386 1257 1494 1309 ἀπὸ
1517 1256 1719 1320 Δακιας

147 1348 416 1417 διαμανὴς
449 1352 546 1419 τῆς
585 1350 806 1420 Θρᾴκης
841 1350 929 1402 ἐπὶ
965 1350 1064 1420 τὴν
1106 1351 1350 1420 Θέρμην,
1390 1350 1544 1402 πόλιν
1596 1349 1717 1401 Ἐλ-

145 1439 358 1508 ληνίδα,
393 1441 486 1491 καὶ
513 1443 568 1503 ἐς
615 1441 806 1508 λόγους
837 1442 1169 1508 ἀφικόμενος
1200 1440 1277 1509 τῷ
1315 1441 1584 1508 Ἑλλήνων
1619 1443 1720 1510 ἀρ·

145 1549 321 1600 χοντι.
357 1531 531 1603 εἰσῄει
561 1550 618 1584 τε
641 1535 718 1595 εἰς
748 1534 847 1603 τὴν
875 1533 1049 1594 πόλιν,
1083 1537 1176 1584 καὶ
1206 1534 1542 1602 κατελήφθη.
1567 1534 1718 1603 Μεχ-

146 1625 320 1693 μέτης
355 1625 433 1688 δὲ,
471 1625 543 1688 ὼς
588 1621 818 1678 ἐπύθετο
857 1626 1090 1696 τάχιστα
1121 1628 1176 1688 ἐς
1207 1629 1304 1695 τὴν
1335 1627 1557 1697 Θέρμην
1589 1631 1717 1693 ἀφι-

143 1716 339 1767 κέσθαι
367 1718 459 1767 τὸν
489 1717 736 1785 ἀδελφὸν,
768 1717 965 1772 αὐτίκα
988 1718 1142 1770 οὐδὲν
1172 1719 1432 1788 ἐπισχὼν,
1459 1720 1715 1789 δρομαῖος

140 1807 304 1876 ἐπῄει
357 1807 451 1858 ἐπὶ
507 1808 605 1876 τὴν
656 1808 900 1878 θέρμην,
949 1809 1282 1876 παραλαῦὼν
1319 1810 1570 1880 στρατὸν,
1620 1811 1714 1863 καὶ

1832 620 2001 664 metes
2059 609 2334 677 aequitatis
2402 611 2811 666 amantissimus
2874 623 3014 678 erat,
3072 622 3124 670 et
3179 621 3396 688 egregio

1828 708 2116 774 optimates
2168 702 2470 757 Turcorum
2541 704 2721 760 colere
2780 715 2963 769 norat,
3045 710 3398 779 moribusque

1827 805 1944 849 erat
1974 796 2300 864 tranquillus
2344 805 2397 849 et
2441 796 2705 865 placidus.
2765 798 2862 853 Hic
2889 801 3142 866 dicebatf,
3195 801 3398 857 Musta-

1823 889 1985 959 pbam
2017 889 2158 942 haud
2194 890 2524 960 legitimum,
2585 907 2771 946 verum
2824 896 3230 962 supposititium
3271 911 3397 951 esse

1825 979 2086 1052 Pajazitis
2117 982 2308 1045 lilium,
2368 993 2426 1038 ut
2485 985 2580 1053 qui
2633 985 2803 1048 nullo,
2859 988 2938 1039 vel
2972 1002 3138 1056 parvo
3195 989 3398 1044 indicio

1823 1085 2033 1143 patrem
2060 1083 2113 1128 et
2149 1074 2348 1128 fratres
2385 1085 2821 1142 reprzesentaret.
2882 1073 3082 1132 Filium
3136 1081 3396 1150 Pajazitis

1823 1165 2171 1232 Mustapham
2233 1167 2542 1221 excessisse
2593 1184 2622 1221 e
2661 1170 2821 1235 rivis,
2871 1185 3040 1240 seque
3091 1171 3398 1243 Mustapba:

1822 1261 1934 1315 veri
1965 1259 2056 1313 lilii
2095 1258 2356 1327 Pajazitis
2404 1269 2639 1315 mortem
2686 1264 2967 1332 accepisse
3013 1279 3043 1318 a
3088 1266 3206 1320 viro
3255 1268 3398 1322 inte-

1821 1351 2057 1420 gerrime
2079 1350 2477 1419 etjustissimo,
2505 1354 2596 1423 qui
2621 1354 2724 1408 sibi
2751 1370 2866 1408 eam
2906 1371 3002 1423 pro
3033 1368 3186 1414 certo
3243 1377 3393 1416 nun-

1821 1443 1991 1496 tiarit.
2024 1442 2362 1514 Mustaphas,
2416 1462 2542 1500 cum
2578 1447 2777 1516 emptis
2817 1462 3012 1516 parum
3050 1453 3392 1516 succederet.

1821 1537 1953 1588 abiit
1984 1550 2050 1588 ex
2108 1534 2307 1589 Dacia:
2344 1547 2397 1590 et
2460 1553 2546 1591 res
2604 1553 2736 1593 suas
2795 1541 3025 1597 meliore
3076 1553 3220 1599 statu
3279 1545 3395 1603 fore

1819 1627 2097 1690 credebat,
2141 1629 2187 1683 si
2219 1644 2278 1684 se
2304 1630 2629 1684 contulisset
2659 1635 2725 1686 ad
2777 1632 3020 1700 Graecos,
3049 1638 3130 1692 sic
3163 1639 3217 1692 in
3274 1655 3392 1696 me-

1819 1718 1907 1774 dio
1933 1719 2246 1775 Mechmetis
2278 1736 2443 1790 regno
2469 1723 2823 1780 constitutus.
2877 1725 3148 1786 lracundo
3202 1733 3391 1803 itaque

1819 1813 2026 1879 animo,
2057 1813 2249 1868 relicta
2302 1813 2488 1878 Dacia,
2555 1832 2651 1886 per
2699 1817 2987 1876 Thraciam
3030 1826 3396 1880 contendebat

143 1900 330 1965 ἐζητει
376 1901 465 1951 τὸν
501 1900 729 1963 ἀδελφὸν
780 1903 907 1964 τοὺς
936 1901 1227 1971 ”Ε).ληνας.
1269 1903 1329 1954 '0
1381 1905 1566 1973 μέντοι
1616 1905 1706 1973 τῆς

1818 1901 2130 1970 Thermam,
2165 1922 2284 1976 quae
2340 1909 2470 1962 urbs
2519 1921 2601 1964 est
2645 1911 2983 1968 Graecorum.
3047 1913 3123 1969 lbi
3168 1919 3394 1973 veniens

106 1977 368 2060 ’Θέρμης
408 1991 615 2059 ἄρχων,
643 1993 874 2060 ἄγγελον
915 1995 1132 2064 πέμψας
1163 1996 1252 2047 ἐπὶ
1287 1996 1378 2047 τὸν
1421 1996 1713 2059 Βυζαντίου

143 2082 405 2150 βασιλέα,
429 2085 620 2154 ἐδήλου
657 2102 738 2149 τε,
772 2085 846 2148 ὼς
880 2086 991 2156 ἔχει
1027 2085 1176 2156 αὐτῷ
1206 2089 1334 2157 περὶ
1381 2088 1474 2141 τοῦ
1525 2090 1716 2150 παιδὸς

141 2177 472 2244 Παιαζήτεω
519 2178 842 2244 Μουσταφᾶ,
870 2182 964 2230 καὶ
1002 2179 1078 2240 ὼς
1135 2177 1430 2248 Μεχμέτης
1479 2179 1714 2232 ἐπελαύο

143 2286 267 2330 νων,
305 2269 551 2337 ἐξῃτεῖτο
586 2270 676 2320 τῖιν
703 2268 949 2335 ἀδελφὸν,
973 2264 1061 2320 οἷα
1089 2265 1262 2337 ψευδῆ
1291 2267 1444 2333 ὄντα,
1478 2269 1570 2320 καὶ
1599 2267 1713 2322 δια·

142 2362 439 2430 φθείροντα
463 2361 524 2412 τὸ
550 2361 702 2428 γένος
748 2359 936 2414 αὑτοῦ.
987 2361 1252 2422 Βασιλεὺς
1282 2361 1338 2413 δὲ
1369 2348 1611 2430 ξτρέσὸυν
1653 2378 1712 2414 τε

139 2455 359 2523 ἔπεμψε
410 2456 546 2523 πρὸς
601 2456 919 2524 Μεχμέτην,
979 2456 1075 2508 καὶ
1132 2456 1385 2507 συνέθετο
1436 2453 1585 2522 αὑτῷ
1620 2453 1712 2505 τὸν

137 2549 480 2617 Μούσταιξᾱν
507 2551 562 2610 ἐς
605 2548 852 2617 φυλακήν
883 2566 940 2600 τε
975 2547 1326 2617 ποιήσασθαι,
1361 2546 1451 2597 καὶ
1485 2544 1709 2615 μηδαμῆ

141 2642 392 2710 μεθιέναι
424 2658 484 2693 τε.
515 2642 768 2695 ἀπιόντα.
809 2642 916 2693 Καὶ⁵
958 2643 1049 2692 ἐπὶ
1078 2641 1249 2709 τούτῳ
1285 2641 1448 2708 ὅρκιά
1480 2657 1538 2692 τε
1564 2641 1712 2690 ἐποι-

137 2737 367 2803 ήσαντο,
401 2735 494 2786 καὶ
523 2735 858 2795 Μουσταφᾶν
881 2734 938 2784 ὲν
972 2733 1281 2803 Ἐπιδαύρῳ
1315 2733 1412 2801 τῆς
1445 2731 1709 2783 Πελοπον-

136 2826 330 2895 νήσου,
367 2827 460 2875 καὶ
489 2827 546 2876 ἐν
571 2827 636 2895 τῇ
666 2825 812 2894 ἄκρᾳ
847 2827 911 2892 τῇ
947 2825 1150 2884 πόλεως
1181 2823 1590 2892 καθείρξαντες,
1613 2821 1709 2873 αύ-

135 2916 226 2966 «re.
259 2933 319 2966 τε
374 2917 465 2967 τὸν
500 2917 857 2984 Μουσταφᾶν,
890 2917 982 2967 καὶ
1034 2917 1122 2967 τὸν
1175 2917 1428 2985 Σμύρνης
1474 2913 1710 2984 ἄρχοντα

133 3010 463 3075 Ζοιυναττην,
493 3007 608 3078 ἅμα
658 3009 808 3077 αύτῷ
844 3010 952 3062 ἀπὸ
987 3010 1187 3070 Δακίας
1233 3010 1325 3061 ἐπὶ
1359 3009 1458 3078 τὴν
1490 3008 1710 3079 Θέρμην

133 3103 499 3171 ἀφικόμενον,
530 3103 623 3154 καὶ
656 3102 1150 3171 συνεπιλαϐόμενον
1175 3100 1269 3153 τοῦ
1314 3102 1448 3171 πρὸς
1479 3101 1706 3170 Μεχμὲ-

1819 1997 1872 2050 in
1902 1998 2230 2070 colloquium
2273 2017 2395 2055 cum
2421 2003 2734 2060 Graacorum
2761 2017 2763 2021 ‘
2790 2007 2951 2073 duce,
2992 2018 3046 2062 et
3085 2011 3274 2066 urbem
3311 2014 3395 2064 in-

1817 2105 2066 2160 gressus,
2091 2102 2283 2164 captus
2309 2103 2416 2151 est.
2479 2095 2818 2155 Mechmetes
2873 2101 2964 2156 ubi
3005 2105 3224 2159 rescivit
3279 2105 3389 2159 fra-

1816 2194 1954 2240 trem
1983 2203 2145 2241 suum
2183 2191 2501 2256 pervenisse
2528 2190 2821 2249 Thermum
2842 2235 2856 2259 ,
2894 2196 3188 2254 confestim
3240 2205 3388 2256 omni

1815 2292 1969 2332 mora
1999 2281 2198 2349 posita,
2230 2280 2521 2339 Thermam
2551 2301 2766 2342 summa
2796 2290 3078 2346 celeritate
3139 2294 3385 2348 θύιιίὺὶι..

1815 2371 2098 2440 profectus
2155 2382 2277 2430 est:
2346 2388 2744 2450 assumptoque
2797 2384 3042 2439 exercitu
3077 2427 3092 2452 ,
3154 2387 3384 2442 fratrem

1813 2465 2086 2531 qumrebat
2122 2468 2262 2536 apud
2287 2469 2530 2526 Graecos.
2575 2471 2690 2526 Dux
2719 2472 3055 2544 Graecorum,
3089 2478 3182 2548 qui
3209 2477 3386 2534 Ther-

1815 2569 1972 2607 mam
2003 2557 2242 2626 regebat,
2283 2562 2533 2614 nuntium
2571 2561 2635 2614 ad
2665 2563 2908 2633 Byzantii
2958 2579 3139 2638 regem
3170 2568 3250 2623 ire
3291 2569 3388 2639 ju-

1815 2646 1921 2711 bet,
1954 2657 2010 2699 ut
2036 2649 2180 2702 dicat
2208 2650 2335 2718 quid
2371 2652 2543 2720 egerit
2582 2668 2704 2707 cum
2754 2654 3042 2726 ﬂustapha
3071 2675 3086 2713 :
3119 2669 3382 2716 narraret

1813 2755 2030 2808 quoque
2079 2743 2371 2798 advenisse
2418 2743 2798 2809 Mechmetcm,
2859 2759 2912 2803 et
2950 2752 3225 2818 postulare
3281 2755 3385 2808 sibi

1811 2832 1976 2885 dediti
2011 2832 2374 2902 Mumapham,
2405 2844 2463 2890 ut
2498 2836 2722 2892 fratrem
2755 2840 3186 2910 supposititiutn,
3219 2854 3275 2899 et
3298 2848 3382 2899 sui

1810 2923 2025 2990 generis
2056 2925 2350 2979 maculam.
2387 2929 2493 2981 llex
2528 2931 2698 2986 misso
2732 2931 2934 3001 legato,
2979 2944 3197 3004 pactum
3264 2938 3385 2992 iniit

1813 3032 1934 3070 cum
1969 3017 2268 3073 Mechmctc
2296 3020 2444 3088 quod
2475 3022 2778 3090 jubebatur
2811 3025 3152 3098 Mustapham
3181 3031 3234 3085 in
3268 3035 3387 3085 vin-

1811 3109 1928 3163 cula
1965 3111 2116 3171 dare.
2152 3126 2252 3166 nec
2280 3128 2500 3183 quoque
2539 3116 2665 3171 inde
2691 3119 2844 3174 abire
2871 3121 3051 3189 ipsmn
3079 3133 3382 3190 pateretun

132 3211 236 3262 την
273 3194 543 3259 πολέμου.
591 3193 825 3256 Τούτους
871 3194 968 3261 μὲν
1001 3189 1093 3245 οὖν
1146 3191 1406 3261 Ἕλληνες
1453 3188 1601 3262 εἶχον
1638 3196 1706 3244 ’ἐν

1816 3210 2034 3266 pactum
2070 3202 2171 3255 hoc
2198 3204 2564 3274 jurisjurandi
2595 3207 2858 3278 religione
2879 3208 3038 3282 109
3057 3211 3384 3269 formarunt.

134 3288 361 3356 ᾳυ).ακῇ
411 3287 503 3338 ἐπὶ
557 3287 749 3356 συχνόν
801 3303 922 3340 τινα
970 3287 1185 3357 χρόνον.
1233 3287 1387 3339 Μετὰ
1431 3289 1488 3342 δὲ
1534 3286 1706 3341 ταῦτα

133 3384 352 3450 ἤγαγον
387 3384 440 3444 ἐς
467 3381 566 3450 τὴν
599 3381 835 3450 Λῆμνον,
877 3383 974 3446 ,καὶ
1009 3383 1066 3444 ἐς
1099 3381 1196 3450 τὴν
1223 3381 1470 3452 Ἴμϐρον,
1494 3383 1587 3433 καὶ
1615 3382 1709 3434 αὑ-

129 3474 229 3526 τοῦ
263 3471 417 3544 εἶχον
448 3477 505 3526 ἐν
549 3473 784 3544 φυλακῇ,
812 3477 870 3537 ἐς
897 3473 925 3527 ὃ
951 3475 1016 3546 δὴ
1054 3475 1372 3545 ἐτελεύτησε
1413 3475 1710 3544 Μεχμέτης

128 3573 158 3622 ὁ
195 3568 550 3636 Παιιιζήτεω.
605 3569 740 3621 Τότε
777 3570 876 3637 μὲν
910 3569 973 3636 δὴ
1004 3568 1357 3638 χαριζόμενοι
1383 3570 1461 3638 τῷ
1497 3569 1711 3639 βασιλεῖ

127 3671 178 3719 οἱ
215 3666 506 3734 Ἕλληνες.
531 3668 626 3718 καὶ
652 3666 754 3729 τὴν
797 3666 992 3734 ὁμοίαν
1045 3664 1513 3730 ἀνταποδιδόντες,
1543 3666 1708 3718 κατέ.

127 3761 294 3812 θεντο
319 3758 547 3820 ,τούτους
577 3760 635 3809 ἐν
664 3758 973 3830 Ἐπιδαύρῳ
1006 3759 1106 3826 τῆς
1135 3759 1573 3830 Πελοποννήσου.
1595 3761 1706 3814 Καὶ

125 3853 230 3904 οὐκ
265 3852 415 3904 ἔστιν
444 3851 576 3902 ὅπου
603 3850 925 3919 ἀποτύχοιεν
959 3851 1044 3903 διὰ
1091 3849 1263 3902 ταῦτα
1315 3855 1460 3921 παρά
1493 3853 1709 3920 βασιλεῖ

123 3945 424 4012 Μεχμέτῃ.
465 3943 597 3994 Τότε
650 3943 745 4011 μὲν
779 3941 874 3994 ούν
925 3941 1203 4012 παρέσχον
1241 3943 1426 4010 σφίσιν
1476 3947 1534 3996 ἐν
1581 3944 1702 4014 βελ-

120 4037 266 4087 τίονί
295 4052 356 4086 τε
388 4035 484 4100 τῆς
521 4035 779 4102 πρόσθεν,
813 4038 904 4086 ἐπὶ
957 4035 1121 4089 πολὺν
1183 4041 1376 4107 χρόνον
1412 4041 1498 4091 ἀεὶ
1530 4058 1702 4092 κατα-

123 4129 326 4179 στάσει
357 4125 658 4195 ἐτύγχανον
707 4128 860 4189 ὄντες
893 4122 950 4179 εὖ
992 4130 1348 4196 πράττοντες.
1385 4132 1478 4182 καὶ
1513 4134 1614 4199 τήν
1643 4149 1702 4182 τε

120 4218 546 4286 Πελοπόννησον
571 4218 910 4272 καθίστασαν
936 4221 1025 4271 ἐπὶ
1049 4222 1108 4273 τὸ
1164 4225 1314 4290 σφίσι
1341 4224 1532 4276 δοκοῦν
1559 4225 1702 4289 ἕξειν

118 4312 196 4373 ὡς
235 4311 660 4380 συμφεριίηατα.

1817 3293 2148 3365 Nustapham
2184 3297 2349 3365 igitur
2391 3313 2497 3352 una
2532 3314 2655 3354 cum
2695 3299 2941 3371 Smyrna:
2964 3306 3101 3360 duce
3132 3301 3384 3374 Zunaitc,

1813 3387 2059 3455 quicum
2103 3403 2168 3442 eo
2222 3387 2516 3443 Thermam
2582 3392 2899 3457 advenerat,
2963 3409 3386 3470 accesseratque

1814 3479 1936 3534 belli
1963 3489 2151 3537 contra
2184 3480 2541 3537 Mechmetem
2580 3485 2821 3554 adjutor,
2875 3489 2929 3542 in
2961 3505 3088 3544 arce
3121 3490 3382 3560 Epidauri

1815 3570 2173 3626 incarcerem
2199 3573 2400 3628 dedere
2441 3575 2676 3633 vinctos.
2708 3576 2886 3632 Graeci
2938 3589 3179 3649 tempore
3223 3585 3384 3655 longo

1813 3678 1908 3717 eos
1945 3663 1999 3716 in
2027 3664 2258 3719 vlnculis
2288 3679 2664 3723 asservarunt.
2713 3667 2907 3725 Postea
2960 3673 3111 3728 dueti
3146 3690 3275 3730 sunt
3331 3680 3382 3730 in

1812 3756 2047 3810 lmbrmn
2082 3767 2134 3811 ct
2154 3756 2440 3823 Lemnum,
2485 3761 2576 3814 ubi
2617 3778 2836 3832 quoque
2896 3766 2949 3818 iu
3007 3783 3229 3822 carcere
3288 3787 3384 3823 ca-

1811 3848 1944 3916 ptivi
1972 3849 2240 3903 delituere
2275 3865 2451 3920 usque
2503 3853 2568 3905 ad
2615 3854 2939 3910 Mechmetis
2975 3860 3204 3915 obitum.
3244 3863 3382 3918 Cum

1805 3940 1972 4008 igitur
1995 3939 2169 3995 Crat-si
2202 3944 2302 3997 hac
2340 3943 2391 3996 in
2420 3959 2478 3998 re
2511 3961 2717 4000 morem
2738 3948 3038 4017 gessissent
3070 3951 3382 4021 Mechmcti,

1807 4041 1858 4085 et
1899 4035 2050 4100 quasi
2076 4025 2307 4098 gratiam
2360 4037 2695 4101 retulissent,
2738 4041 2790 4094 in
2845 4056 3070 4098 carcere
3136 4047 3380 4101 conden-

1803 4132 1886 4176 tes
1918 4121 2284 4190 Mustapham,
2312 4126 2512 4179 accidit
2539 4137 2596 4180 ut
2634 4129 2686 4182 in
2717 4139 3000 4196 posterum
3038 4151 3381 4208 qua-cunque

1812 4214 2030 4274 vellent,
2061 4213 2218 4270 facile
2275 4218 2415 4284 apud
2480 4233 2662 4288 regem
2701 4220 3056 4296 Mechmqtem
3120 4228 3378 4298 impetra-

1815 4320 1956 4362 rent.
1988 4309 2139 4363 Tunc
2172 4310 2392 4378 quidem
2425 4327 2546 4366 cum
2610 4319 2995 4385 experirentur
3051 4324 3194 4392 regis
3226 4325 3380 4380 faro-

116 4423 237 4461 rem
273 4406 474 4470 Graa-i,
496 4408 657 4476 longo
683 4419 927 4476 tempore
953 4410 1242 4466 admodum
1272 4414 1505 4468 feliciter
1531 4420 1693 4476 rebus
1733 4435 1860 4478 sunt
1884 4426 1991 4478 usi.
2017 4427 2398 4495 Peloponneso
2422 4445 2540 4483 eam
2572 4432 2838 4488 induxere
2897 4435 3154 4503 formam,
3217 4457 3377 4510 quam

115 4499 629 4554 cunimodissimam
651 4499 764 4578 fore
788 4501 1128 4570 judicabant.

202 4589 611 4662 Ἑμμανουήλῳ
641 4595 823 4660 μέντοι
854 4598 1098 4665 ἐγένοντο
1134 4601 1342 4667 παῖδες,
1375 4607 1400 4657 ὃ
1425 4623 1480 4656 τε
1513 4608 1696 4660 Ίιυάν-
1726 4611 1778 4670 D

113 4706 214 4756 νης
241 4691 272 4740 ὁ
321 4687 722 4756 πρεσϐύτερος,
764 4689 822 4739 ὃν
846 4689 909 4759 δὴ
944 4697 1056 4756 τοῖς
1081 4693 1340 4763 Ἕλλησιν
1376 4699 1697 4764 ἀπεδείξατο

113 4780 381 4848 βασιλέα,
418 4780 512 4830 καὶ
553 4779 915 4850 Ἀνδρόνικος,
967 4785 1361 4858 καὶθεόδωρος
1402 4792 1540 4857 μετὰ
1577 4795 1698 4844 τοῦ-

109 4891 230 4936 τον,
266 4873 362 4924 καὶ
387 4873 814 4937 Κωνσταντίνος,
846 4876 938 4927 καὶ
974 4878 1308 4950 Δημήτριος,
1336 4883 1434 4934 καὶ
1471 4884 1694 4952 Θωμᾶς.

109 4967 204 5034 Τῷ
241 4968 431 5034 μέντοι
460 4965 685 5037 Ἰωάννῃ
715 4965 791 5036 τῷ
815 4969 1190 5041 πρεσϐυτέρῳ,
1220 4976 1439 5028 πάντων
1467 4978 1571 5029 τῶν
1599 4981 1695 5033 ἄλ-

108 5060 225 5111 λων
259 5059 542 5128 κρατίστῳ
568 5059 812 5112 δοκοῦντι
847 5063 1124 5128 γενέσθαι,
1177 5071 1276 5135 τήν
1305 5086 1363 5121 τε
1415 5070 1695 5138 βασιλείαν

104 5149 411 5219 ἐπέτρεψε,
450 5151 541 5200 καὶ
581 5151 687 5201 ἀπὸ
730 5150 956 5216 Ἰταλιας
986 5155 1252 5225 ἀγόμενος
1281 5160 1432 5230 αὐτῷ
1459 5167 1695 5230 γυναῖκα

99 5246 201 5296 τού
268 5244 660 5310 Μονφεραρίας
716 5244 761 5276 ’⁸
823 5248 1089 5317 ἡγεμόνος
1144 5251 1440 5322 θυγατέρα,
1495 5259 1691 5330 ἐπεικῆ

105 5340 212 5408 μὲι
244 5338 345 5388 τὸν
406 5337 626 5404 τρόπον,
675 5337 812 5407 ἀηδῆ
851 5340 907 5392 δὲ
942 5344 1039 5409 τὴν
1070 5341 1214 5409 ὄψιν,
1247 5345 1540 5418 διαδήματι
1571 5368 1692 5403 ται-

101 5431 340 5491 νιὼσας,
376 5429 639 5496 ἀρχιερέα
661 5446 720 5480 τε
745 5431 838 5481 καὶ
861 5431 1085 5499 βασιλέα
1118 5438 1386 5506 ἐστήσατο
1415 5443 1527 5503 τοῖς
1563 5443 1688 5496 Ἕλ-

99 5521 260 5589 λησι.
291 5520 516 5587 Ταύτην
553 5520 652 5588 μὲν
677 5519 788 5582 οὖν,
823 5524 894 5585 ὡς
925 5523 1049 5576 οὔτε
1087 5527 1317 5599 συνῴκει
1339 5569 1354 5595 ,
1385 5533 1507 5585 οὔτε
1533 5553 1686 5589 συνε-

98 5617 325 5682 γένετο,
371 5615 428 5672 ἐς
459 5613 614 5680 ἔχθος
657 5614 1009 5684 ἀφικόμενος,
1045 5622 1140 5674 καὶ
1170 5624 1351 5692 ἀηδῶς
1381 5626 1520 5696 ἔχων
1545 5633 1684 5705 αὐτῇ

1880 4607 2197 4662 Emmanuel
2263 4610 2452 4664 habuit
2513 4613 2675 4677 filios,
2744 4613 3012 4672 Joannem
3071 4621 3375 4690 seniorem,

1800 4717 1962 4771 quem
2012 4700 2219 4755 (ἂι-κτείς
2259 4720 2435 4771 regem
2469 4705 2616 4759 dedit
2652 4723 2666 4758 :
2696 4706 3073 4765 Andronicum
3117 4723 3172 4766 et
3204 4714 3380 4768 Thrn-

1801 4796 2018 4856 dorum,
2097 4805 2358 4862 praetcrea
2415 4796 2864 4867 Constantinum,
2927 4803 3260 4860 Demetrium
3318 4823 3372 4859 ιιι

1799 4883 2088 4940 Thomam.
2135 4884 2333 4940 Joanni
2376 4890 2605 4954 seniori,
2655 4893 2747 4960 qui
2801 4894 3026 4963 reliquis
3072 4899 3155 4950 vir
3186 4901 3379 4953 melior

1802 4993 1923 5031 esse
1954 4980 2272 5046 apparebat,
2314 4995 2544 5048 regnum
2589 4987 2885 5043 commisit.
2917 4985 3106 5044 Eidem
3149 5008 3375 5048 uxorem

1806 5071 1958 5123 dedit
1981 5087 2044 5124 ex
2081 5072 2230 5125 Italia
2263 5071 2663 5130 Montferrarite
2711 5081 2978 5150 principis
3033 5083 3223 5147 filiam.
3261 5104 3376 5139 inn-

1809 5164 1958 5216 ribus
2015 5165 2235 5232 quidem
2283 5165 2562 5234 praeditam
2617 5171 2858 5239 optimis,
2913 5183 3166 5229 caeterum
3198 5178 3373 5232 forma

1805 5254 2079 5308 illiberali.
2105 5255 2421 5313 Diademate
2445 5260 2612 5329 igitur
2643 5273 2806 5331 caput
2837 5265 2935 5319 filii
2970 5269 3216 5336 cingens,
3248 5287 3372 5325 eum

1802 5361 1979 5416 regem
2010 5355 2066 5400 et
2114 5350 2425 5415 pontificem
2475 5352 2789 5410 Graecorum
2845 5373 2966 5415 esse
3000 5348 3188 5428 jussit.
3233 5362 3378 5417 Uxo-

1804 5455 1940 5503 rem,
1973 5454 2136 5509 quam
2170 5457 2237 5496 ex
2275 5443 2420 5498 Italia
2454 5446 2710 5513 petierat.
2755 5462 2863 5501 non
2893 5450 3118 5516 perinde
3158 5453 3230 5507 ob
3264 5455 3375 5506 for-

1802 5544 1902 5582 ma:
1928 5531 2322 5598 turpitudinem
2374 5535 2612 5589 amabat.
2658 5537 2896 5592 Proinde
2937 5554 3042 5595 nec
3086 5544 3374 5596 cohabita-

1795 5619 1907 5687 bat,
1951 5637 2053 5675 nec
2106 5623 2272 5677 etiam
2337 5622 2564 5683 Veneris
2631 5627 2811 5684 foedus
2875 5645 3001 5687 cum
3054 5650 3115 5688 ea
3163 5637 3368 5704 inibat;

1389 5771 1633 5835 Notum}
1665 5781 2067 5857 marginales.

171 5876 223 5905 "
257 5873 632 5943 Μονφεράτου,
662 5876 710 5925 in
744 5877 815 5930 al.
862 5891 914 5932 ut
954 5883 1005 5934 in
1037 5902 1081 5938 ε.
