  <div class='ocr_page' id='page_1' title='image "/cluster/home/n/w/nwhite01/storage/ocr_20150623/159/nnc1.0046980628/113.png"; bbox 0 0 4190 6434; ppageno 0'>
   <div class='ocr_carea' id='block_1_1' title="bbox 712 370 812 435">
    <p class='ocr_par' dir='ltr' id='par_1_1' title="bbox 712 370 812 435">
     <span class='ocr_line' id='line_1_1' title="bbox 712 370 812 435; baseline 0.02 -2"><span class='ocrx_word' id='word_1_1' title='bbox 712 370 812 435; x_wconf 74' lang='grc'><strong>911</strong></span> 
     </span>
    </p>
   </div>
   <div class='ocr_carea' id='block_1_2' title="bbox 1818 364 2823 428">
    <p class='ocr_par' dir='ltr' id='par_1_2' title="bbox 1818 364 2823 428">
     <span class='ocr_line' id='line_1_2' title="bbox 1818 364 2823 428; baseline 0.002 -2"><span class='ocrx_word' id='word_1_2' title='bbox 1818 367 2123 427; x_wconf 73' lang='lat' dir='ltr'><strong>LAONICI</strong></span> <span class='ocrx_word' id='word_1_3' title='bbox 2160 364 2823 428; x_wconf 70' lang='lat' dir='ltr'><strong>CHALCOCONDYLA!</strong></span> 
     </span>
    </p>
   </div>
   <div class='ocr_carea' id='block_1_3' title="bbox 3856 354 3961 417">
    <p class='ocr_par' dir='ltr' id='par_1_3' title="bbox 3856 354 3961 417">
     <span class='ocr_line' id='line_1_3' title="bbox 3856 354 3961 417; baseline 0 0"><span class='ocrx_word' id='word_1_4' title='bbox 3856 354 3961 417; x_wconf 69' lang='lat'><strong>212</strong></span> 
     </span>
    </p>
   </div>
   <div class='ocr_carea' id='block_1_4' title="bbox 704 468 2288 554">
    <p class='ocr_par' dir='ltr' id='par_1_4' title="bbox 704 479 2265 554">
     <span class='ocr_line' id='line_1_4' title="bbox 704 479 2265 554; baseline -0.008 -11"><span class='ocrx_word' id='word_1_5' title='bbox 704 490 863 543; x_wconf 67' lang='lat' dir='ltr'><strong>sedes</strong></span> <span class='ocrx_word' id='word_1_6' title='bbox 914 488 1199 548; x_wconf 72' lang='lat' dir='ltr'><strong>haberent,</strong></span> <span class='ocrx_word' id='word_1_7' title='bbox 1238 484 1694 554; x_wconf 73' lang='lat' dir='ltr'><strong>depascehantur.</strong></span> <span class='ocrx_word' id='word_1_8' title='bbox 1760 479 2053 548; x_wconf 84' lang='lat' dir='ltr'><strong>Postquam</strong></span> <span class='ocrx_word' id='word_1_9' title='bbox 2083 489 2265 532; x_wconf 85' lang='lat' dir='ltr'><strong>autem</strong></span> 
     </span>
    </p>
   </div>
   <div class='ocr_carea' id='block_1_5' title="bbox 2392 468 3959 554">
    <p class='ocr_par' dir='ltr' id='par_1_5' title="bbox 2392 468 3959 547">
     <span class='ocr_line' id='line_1_5' title="bbox 2392 468 3959 547; baseline -0.006 -19"><span class='ocrx_word' id='word_1_10' title='bbox 2392 492 2535 527; x_wconf 85' lang='grc' dir='ltr'>ιοντο</span> <span class='ocrx_word' id='word_1_11' title='bbox 2562 477 2663 546; x_wconf 77' lang='grc' dir='ltr'>τὴν</span> <span class='ocrx_word' id='word_1_12' title='bbox 2698 476 2909 547; x_wconf 82' lang='grc' dir='ltr'>χώραν.</span> <span class='ocrx_word' id='word_1_13' title='bbox 2945 475 3193 545; x_wconf 77' lang='grc' dir='ltr'><strong>Νομάδες</strong></span> <span class='ocrx_word' id='word_1_14' title='bbox 3215 493 3273 530; x_wconf 90' lang='grc' dir='ltr'><strong>τε</strong></span> <span class='ocrx_word' id='word_1_15' title='bbox 3303 475 3477 537; x_wconf 70' lang='grc' dir='ltr'>ὄντες,</span> <span class='ocrx_word' id='word_1_16' title='bbox 3520 472 3612 524; x_wconf 69' lang='grc' dir='ltr'><strong>καὶ</strong></span> <span class='ocrx_word' id='word_1_17' title='bbox 3634 468 3850 535; x_wconf 74' lang='grc' dir='ltr'>οὐδαμῆ</span> <span class='ocrx_word' id='word_1_18' title='bbox 3878 468 3959 519; x_wconf 72' lang='grc' dir='ltr'>ἔτι</span> 
     </span>
    </p>
   </div>
   <div class='ocr_carea' id='block_1_6' title="bbox 705 570 2272 646">
    <p class='ocr_par' dir='ltr' id='par_1_6' title="bbox 705 570 2272 646">
     <span class='ocr_line' id='line_1_6' title="bbox 705 570 2272 646; baseline -0.008 -11"><span class='ocrx_word' id='word_1_19' title='bbox 705 586 758 636; x_wconf 90' lang='lat' dir='ltr'><strong>in</strong></span> <span class='ocrx_word' id='word_1_20' title='bbox 790 580 1155 635; x_wconf 73' lang='lat' dir='ltr'><strong>Acarnaniam</strong></span> <span class='ocrx_word' id='word_1_21' title='bbox 1195 591 1510 646; x_wconf 78' lang='lat' dir='ltr'><strong>pervenere,</strong></span> <span class='ocrx_word' id='word_1_22' title='bbox 1559 574 1883 627; x_wconf 72' lang='lat' dir='ltr'><strong>Acarnania:</strong></span> <span class='ocrx_word' id='word_1_23' title='bbox 1927 572 2175 641; x_wconf 89' lang='lat' dir='ltr'><strong>principe</strong></span> <span class='ocrx_word' id='word_1_24' title='bbox 2220 570 2272 623; x_wconf 89' lang='lat' dir='ltr'><strong>id</strong></span> 
     </span>
    </p>
   </div>
   <div class='ocr_carea' id='block_1_7' title="bbox 704 662 2275 742">
    <p class='ocr_par' dir='ltr' id='par_1_7' title="bbox 704 662 2275 742">
     <span class='ocr_line' id='line_1_7' title="bbox 704 662 2275 742; baseline -0.008 -15"><span class='ocrx_word' id='word_1_25' title='bbox 704 673 1076 742; x_wconf 78' lang='lat' dir='ltr'><strong>permittente,</strong></span> <span class='ocrx_word' id='word_1_26' title='bbox 1122 670 1285 723; x_wconf 89' lang='lat' dir='ltr'><strong>etiam</strong></span> <span class='ocrx_word' id='word_1_27' title='bbox 1334 683 1455 721; x_wconf 84' lang='lat' dir='ltr'><strong>eam</strong></span> <span class='ocrx_word' id='word_1_28' title='bbox 1514 666 1788 734; x_wconf 76' lang='lat' dir='ltr'><strong>regionem</strong></span> <span class='ocrx_word' id='word_1_29' title='bbox 1846 663 2138 732; x_wconf 87' lang='lat' dir='ltr'><strong>pecoribus</strong></span> <span class='ocrx_word' id='word_1_30' title='bbox 2183 662 2275 715; x_wconf 91' lang='lat' dir='ltr'><strong>de-</strong></span> 
     </span>
    </p>
   </div>
   <div class='ocr_carea' id='block_1_8' title="bbox 706 756 2273 833">
    <p class='ocr_par' dir='ltr' id='par_1_8' title="bbox 706 756 2273 833">
     <span class='ocr_line' id='line_1_8' title="bbox 706 756 2273 833; baseline -0.006 -16"><span class='ocrx_word' id='word_1_31' title='bbox 706 763 1035 833; x_wconf 70' lang='lat' dir='ltr'><strong>poscendam</strong></span> <span class='ocrx_word' id='word_1_32' title='bbox 1067 759 1344 829; x_wconf 72' lang='lat' dir='ltr'><strong>obiecere.</strong></span> <span class='ocrx_word' id='word_1_33' title='bbox 1392 758 1587 812; x_wconf 83' lang='lat' dir='ltr'><strong>Postea</strong></span> <span class='ocrx_word' id='word_1_34' title='bbox 1622 757 1883 812; x_wconf 85' lang='lat' dir='ltr'><strong>eonvenit</strong></span> <span class='ocrx_word' id='word_1_35' title='bbox 1932 756 2076 809; x_wconf 89' lang='lat' dir='ltr'><strong>inter</strong></span> <span class='ocrx_word' id='word_1_36' title='bbox 2100 756 2273 824; x_wconf 80' lang='lat' dir='ltr'><strong>ipsos,</strong></span> 
     </span>
    </p>
   </div>
   <div class='ocr_carea' id='block_1_9' title="bbox 707 851 2277 918">
    <p class='ocr_par' dir='ltr' id='par_1_9' title="bbox 707 851 2277 918">
     <span class='ocr_line' id='line_1_9' title="bbox 707 851 2277 918; baseline -0.004 -10"><span class='ocrx_word' id='word_1_37' title='bbox 707 855 1019 911; x_wconf 86' lang='lat' dir='ltr'><strong>ntinsidias</strong></span> <span class='ocrx_word' id='word_1_38' title='bbox 1058 853 1349 908; x_wconf 86' lang='lat' dir='ltr'><strong>tenderent</strong></span> <span class='ocrx_word' id='word_1_39' title='bbox 1388 851 1616 912; x_wconf 68' lang='lat' dir='ltr'><strong>Grmcis,</strong></span> <span class='ocrx_word' id='word_1_40' title='bbox 1664 860 1939 918; x_wconf 83' lang='lat' dir='ltr'><strong>utcunque</strong></span> <span class='ocrx_word' id='word_1_41' title='bbox 1970 858 2151 902; x_wconf 88' lang='lat' dir='ltr'><strong>tamen</strong></span> <span class='ocrx_word' id='word_1_42' title='bbox 2186 861 2277 901; x_wconf 87' lang='lat' dir='ltr'><strong>res</strong></span> 
     </span>
    </p>
   </div>
   <div class='ocr_carea' id='block_1_10' title="bbox 705 940 2276 1010">
    <p class='ocr_par' dir='ltr' id='par_1_10' title="bbox 705 940 2276 1010">
     <span class='ocr_line' id='line_1_10' title="bbox 705 940 2276 1010; baseline -0.005 -11"><span class='ocrx_word' id='word_1_43' title='bbox 705 948 1018 1003; x_wconf 68' lang='lat' dir='ltr'><strong>«recidisset.</strong></span> <span class='ocrx_word' id='word_1_44' title='bbox 1052 944 1120 999; x_wconf 88' lang='lat' dir='ltr'><strong>Et</strong></span> <span class='ocrx_word' id='word_1_45' title='bbox 1166 960 1300 1001; x_wconf 82' lang='lat' dir='ltr'><strong>sane</strong></span> <span class='ocrx_word' id='word_1_46' title='bbox 1330 942 1454 998; x_wconf 86' lang='lat' dir='ltr'><strong>duci</strong></span> <span class='ocrx_word' id='word_1_47' title='bbox 1500 942 1683 998; x_wconf 85' lang='lat' dir='ltr'><strong>Isaaco</strong></span> <span class='ocrx_word' id='word_1_48' title='bbox 1716 941 1852 1009; x_wconf 70' lang='lat'><strong>(25),</strong></span> <span class='ocrx_word' id='word_1_49' title='bbox 1890 940 1983 1010; x_wconf 88' lang='lat' dir='ltr'><strong>qui</strong></span> <span class='ocrx_word' id='word_1_50' title='bbox 2021 947 2276 993; x_wconf 75' lang='lat' dir='ltr'><strong>venatum</strong></span> 
     </span>
    </p>
   </div>
   <div class='ocr_carea' id='block_1_11' title="bbox 708 1034 2279 1112">
    <p class='ocr_par' dir='ltr' id='par_1_11' title="bbox 708 1034 2279 1112">
     <span class='ocr_line' id='line_1_11' title="bbox 708 1034 2279 1112; baseline -0.007 -18"><span class='ocrx_word' id='word_1_51' title='bbox 708 1041 991 1112; x_wconf 87' lang='lat' dir='ltr'><strong>profectus</strong></span> <span class='ocrx_word' id='word_1_52' title='bbox 1027 1046 1168 1101; x_wconf 90' lang='lat' dir='ltr'><strong>erat,</strong></span> <span class='ocrx_word' id='word_1_53' title='bbox 1216 1037 1411 1093; x_wconf 85' lang='lat' dir='ltr'><strong>Albani</strong></span> <span class='ocrx_word' id='word_1_54' title='bbox 1459 1037 1742 1091; x_wconf 75' lang='lat' dir='ltr'><strong>venientes</strong></span> <span class='ocrx_word' id='word_1_55' title='bbox 1783 1034 2016 1088; x_wconf 84' lang='lat' dir='ltr'><strong>insidias</strong></span> <span class='ocrx_word' id='word_1_56' title='bbox 2055 1039 2279 1087; x_wconf 87' lang='lat' dir='ltr'><strong>struunt</strong></span> 
     </span>
    </p>
   </div>
   <div class='ocr_carea' id='block_1_12' title="bbox 706 1123 2276 1204">
    <p class='ocr_par' dir='ltr' id='par_1_12' title="bbox 706 1123 2276 1204">
     <span class='ocr_line' id='line_1_12' title="bbox 706 1123 2276 1204; baseline -0.008 -15"><span class='ocrx_word' id='word_1_57' title='bbox 706 1138 844 1190; x_wconf 87' lang='lat' dir='ltr'><strong>duce</strong></span> <span class='ocrx_word' id='word_1_58' title='bbox 884 1132 1050 1203; x_wconf 83' lang='lat' dir='ltr'><strong>Spata</strong></span> <span class='ocrx_word' id='word_1_59' title='bbox 1080 1130 1216 1204; x_wconf 70' lang='lat'><strong>(26).</strong></span> <span class='ocrx_word' id='word_1_60' title='bbox 1258 1128 1364 1197; x_wconf 88' lang='lat' dir='ltr'><strong>Qui</strong></span> <span class='ocrx_word' id='word_1_61' title='bbox 1397 1144 1520 1184; x_wconf 88' lang='lat' dir='ltr'><strong>cum</strong></span> <span class='ocrx_word' id='word_1_62' title='bbox 1564 1128 1705 1181; x_wconf 91' lang='lat' dir='ltr'><strong>foret</strong></span> <span class='ocrx_word' id='word_1_63' title='bbox 1735 1126 1820 1180; x_wconf 81' lang='lat' dir='ltr'><strong>vir</strong></span> <span class='ocrx_word' id='word_1_64' title='bbox 1846 1126 2096 1196; x_wconf 90' lang='lat' dir='ltr'><strong>impiger,</strong></span> <span class='ocrx_word' id='word_1_65' title='bbox 2128 1134 2181 1179; x_wconf 91' lang='lat' dir='ltr'><strong>et</strong></span> <span class='ocrx_word' id='word_1_66' title='bbox 2209 1123 2276 1177; x_wconf 87' lang='lat' dir='ltr'><strong>ad</strong></span> 
     </span>
    </p>
   </div>
   <div class='ocr_carea' id='block_1_13' title="bbox 711 1221 2278 1299">
    <p class='ocr_par' dir='ltr' id='par_1_13' title="bbox 711 1221 2278 1299">
     <span class='ocr_line' id='line_1_13' title="bbox 711 1221 2278 1299; baseline -0.006 -17"><span class='ocrx_word' id='word_1_67' title='bbox 711 1233 895 1286; x_wconf 84' lang='lat' dir='ltr'><strong>onmia</strong></span> <span class='ocrx_word' id='word_1_68' title='bbox 938 1231 1143 1295; x_wconf 76' lang='lat' dir='ltr'><strong>audax,</strong></span> <span class='ocrx_word' id='word_1_69' title='bbox 1178 1227 1477 1299; x_wconf 85' lang='lat' dir='ltr'><strong>plurimum</strong></span> <span class='ocrx_word' id='word_1_70' title='bbox 1508 1225 1624 1281; x_wconf 92' lang='lat' dir='ltr'><strong>suis</strong></span> <span class='ocrx_word' id='word_1_71' title='bbox 1666 1240 1732 1280; x_wconf 92' lang='lat' dir='ltr'><strong>eo</strong></span> <span class='ocrx_word' id='word_1_72' title='bbox 1768 1232 2012 1293; x_wconf 89' lang='lat' dir='ltr'><strong>tempore</strong></span> <span class='ocrx_word' id='word_1_73' title='bbox 2046 1221 2278 1277; x_wconf 83' lang='lat' dir='ltr'><strong>audacia</strong></span> 
     </span>
    </p>
   </div>
   <div class='ocr_carea' id='block_1_14' title="bbox 706 1314 2279 1390">
    <p class='ocr_par' dir='ltr' id='par_1_14' title="bbox 706 1314 2279 1390">
     <span class='ocr_line' id='line_1_14' title="bbox 706 1314 2279 1390; baseline -0.005 -13"><span class='ocrx_word' id='word_1_74' title='bbox 706 1331 761 1377; x_wconf 77' lang='lat' dir='ltr'><strong>rt</strong></span> <span class='ocrx_word' id='word_1_75' title='bbox 816 1321 1137 1378; x_wconf 81' lang='lat' dir='ltr'><strong>fortitudine</strong></span> <span class='ocrx_word' id='word_1_76' title='bbox 1193 1318 1422 1390; x_wconf 79' lang='lat' dir='ltr'><strong>profuit.</strong></span> <span class='ocrx_word' id='word_1_77' title='bbox 1489 1317 1691 1374; x_wconf 89' lang='lat' dir='ltr'><strong>Ducem</strong></span> <span class='ocrx_word' id='word_1_78' title='bbox 1752 1314 2021 1373; x_wconf 88' lang='lat' dir='ltr'><strong>lsaacium</strong></span> <span class='ocrx_word' id='word_1_79' title='bbox 2062 1330 2129 1370; x_wconf 89' lang='lat' dir='ltr'><strong>eo</strong></span> <span class='ocrx_word' id='word_1_80' title='bbox 2173 1314 2279 1369; x_wconf 87' lang='lat' dir='ltr'><strong>loci</strong></span> 
     </span>
    </p>
   </div>
   <div class='ocr_carea' id='block_1_15' title="bbox 706 1410 2284 1479">
    <p class='ocr_par' dir='ltr' id='par_1_15' title="bbox 706 1410 2284 1479">
     <span class='ocr_line' id='line_1_15' title="bbox 706 1410 2284 1479; baseline -0.004 -10"><span class='ocrx_word' id='word_1_81' title='bbox 706 1417 1091 1472; x_wconf 70' lang='lat' dir='ltr'><strong>confecerunt.</strong></span> <span class='ocrx_word' id='word_1_82' title='bbox 1136 1413 1275 1471; x_wconf 83' lang='lat' dir='ltr'><strong>llinc</strong></span> <span class='ocrx_word' id='word_1_83' title='bbox 1320 1412 1587 1469; x_wconf 89' lang='lat' dir='ltr'><strong>continuo</strong></span> <span class='ocrx_word' id='word_1_84' title='bbox 1621 1412 1994 1467; x_wconf 89' lang='lat' dir='ltr'><strong>incursionem</strong></span> <span class='ocrx_word' id='word_1_85' title='bbox 2026 1410 2079 1464; x_wconf 89' lang='lat' dir='ltr'><strong>in</strong></span> <span class='ocrx_word' id='word_1_86' title='bbox 2104 1410 2284 1479; x_wconf 81' lang='lat' dir='ltr'><strong>regio-</strong></span> 
     </span>
    </p>
   </div>
   <div class='ocr_carea' id='block_1_16' title="bbox 710 1504 2279 1579">
    <p class='ocr_par' dir='ltr' id='par_1_16' title="bbox 710 1504 2279 1579">
     <span class='ocr_line' id='line_1_16' title="bbox 710 1504 2279 1579; baseline -0.004 -16"><span class='ocrx_word' id='word_1_87' title='bbox 710 1526 830 1564; x_wconf 77' lang='lat' dir='ltr'><strong>nem</strong></span> <span class='ocrx_word' id='word_1_88' title='bbox 866 1510 987 1579; x_wconf 88' lang='lat' dir='ltr'><strong>ejus</strong></span> <span class='ocrx_word' id='word_1_89' title='bbox 1016 1507 1303 1573; x_wconf 89' lang='lat' dir='ltr'><strong>facientes,</strong></span> <span class='ocrx_word' id='word_1_90' title='bbox 1350 1521 1470 1563; x_wconf 87' lang='lat' dir='ltr'><strong>eam</strong></span> <span class='ocrx_word' id='word_1_91' title='bbox 1502 1506 1790 1576; x_wconf 89' lang='lat' dir='ltr'><strong>subegere,</strong></span> <span class='ocrx_word' id='word_1_92' title='bbox 1824 1504 2081 1573; x_wconf 78' lang='lat' dir='ltr'><strong>virosque</strong></span> <span class='ocrx_word' id='word_1_93' title='bbox 2106 1518 2279 1574; x_wconf 55' lang='lat' dir='ltr'><strong>quos.</strong></span> 
     </span>
    </p>
   </div>
   <div class='ocr_carea' id='block_1_17' title="bbox 708 1596 2279 1673">
    <p class='ocr_par' dir='ltr' id='par_1_17' title="bbox 708 1596 2279 1673">
     <span class='ocr_line' id='line_1_17' title="bbox 708 1596 2279 1673; baseline -0.005 -19"><span class='ocrx_word' id='word_1_94' title='bbox 708 1616 925 1673; x_wconf 74' lang='lat' dir='ltr'><strong>tumque</strong></span> <span class='ocrx_word' id='word_1_95' title='bbox 980 1602 1036 1657; x_wconf 90' lang='lat' dir='ltr'><strong>in</strong></span> <span class='ocrx_word' id='word_1_96' title='bbox 1090 1599 1235 1671; x_wconf 79' lang='lat' dir='ltr'><strong>agris</strong></span> <span class='ocrx_word' id='word_1_97' title='bbox 1290 1598 1793 1669; x_wconf 84' lang='lat' dir='ltr'><strong>deprehenderunt,</strong></span> <span class='ocrx_word' id='word_1_98' title='bbox 1847 1611 2041 1667; x_wconf 87' lang='lat' dir='ltr'><strong>cepere</strong></span> <span class='ocrx_word' id='word_1_99' title='bbox 2104 1596 2279 1649; x_wconf 86' lang='lat' dir='ltr'><strong>vivos.</strong></span> 
     </span>
    </p>
   </div>
   <div class='ocr_carea' id='block_1_18' title="bbox 710 1690 2280 1763">
    <p class='ocr_par' dir='ltr' id='par_1_18' title="bbox 710 1690 2280 1763">
     <span class='ocr_line' id='line_1_18' title="bbox 710 1690 2280 1763; baseline -0.007 -11"><span class='ocrx_word' id='word_1_100' title='bbox 710 1698 904 1752; x_wconf 77' lang='lat' dir='ltr'><strong>Postea</strong></span> <span class='ocrx_word' id='word_1_101' title='bbox 985 1695 1307 1750; x_wconf 86' lang='lat' dir='ltr'><strong>obsidentes</strong></span> <span class='ocrx_word' id='word_1_102' title='bbox 1362 1696 1533 1748; x_wconf 87' lang='lat' dir='ltr'><strong>Arten</strong></span> <span class='ocrx_word' id='word_1_103' title='bbox 1602 1694 1747 1763; x_wconf 61' lang='lat' dir='ltr'><strong>(qua</strong></span> <span class='ocrx_word' id='word_1_104' title='bbox 1802 1690 1930 1746; x_wconf 91' lang='lat' dir='ltr'><strong>olim</strong></span> <span class='ocrx_word' id='word_1_105' title='bbox 1964 1690 2280 1758; x_wconf 80' lang='lat' dir='ltr'><strong>Ambracia)</strong></span> 
     </span>
    </p>
   </div>
   <div class='ocr_carea' id='block_1_19' title="bbox 710 1786 2279 1855">
    <p class='ocr_par' dir='ltr' id='par_1_19' title="bbox 710 1786 2279 1855">
     <span class='ocr_line' id='line_1_19' title="bbox 710 1786 2279 1855; baseline -0.004 -11"><span class='ocrx_word' id='word_1_106' title='bbox 710 1788 1035 1844; x_wconf 69' lang='lat' dir='ltr'><strong>Acarnaniae</strong></span> <span class='ocrx_word' id='word_1_107' title='bbox 1124 1788 1337 1849; x_wconf 88' lang='lat' dir='ltr'><strong>urbem.</strong></span> <span class='ocrx_word' id='word_1_108' title='bbox 1406 1787 1551 1841; x_wconf 82' lang='lat' dir='ltr'><strong>haud</strong></span> <span class='ocrx_word' id='word_1_109' title='bbox 1612 1794 1902 1841; x_wconf 86' lang='lat' dir='ltr'><strong>cessarunt</strong></span> <span class='ocrx_word' id='word_1_110' title='bbox 1962 1786 2279 1855; x_wconf 82' lang='lat' dir='ltr'><strong>priusquam</strong></span> 
     </span>
    </p>
   </div>
   <div class='ocr_carea' id='block_1_20' title="bbox 710 1876 2279 1951">
    <p class='ocr_par' dir='ltr' id='par_1_20' title="bbox 710 1876 2279 1951">
     <span class='ocr_line' id='line_1_20' title="bbox 710 1876 2279 1951; baseline -0.004 -15"><span class='ocrx_word' id='word_1_111' title='bbox 710 1897 828 1937; x_wconf 83' lang='lat' dir='ltr'><strong>eam</strong></span> <span class='ocrx_word' id='word_1_112' title='bbox 861 1889 1246 1951; x_wconf 80' lang='lat' dir='ltr'><strong>occupassent.</strong></span> <span class='ocrx_word' id='word_1_113' title='bbox 1273 1879 1426 1935; x_wconf 77' lang='lat' dir='ltr'><strong>Hatic</strong></span> <span class='ocrx_word' id='word_1_114' title='bbox 1467 1879 1748 1951; x_wconf 73' lang='lat' dir='ltr'><strong>regionem</strong></span> <span class='ocrx_word' id='word_1_115' title='bbox 1774 1878 2111 1949; x_wconf 79' lang='lat' dir='ltr'><strong>subigentes,</strong></span> <span class='ocrx_word' id='word_1_116' title='bbox 2137 1876 2279 1930; x_wconf 83' lang='lat' dir='ltr'><strong>haud</strong></span> 
     </span>
    </p>
   </div>
   <div class='ocr_carea' id='block_1_21' title="bbox 711 1971 2283 2043">
    <p class='ocr_par' dir='ltr' id='par_1_21' title="bbox 711 1971 2283 2043">
     <span class='ocr_line' id='line_1_21' title="bbox 711 1971 2283 2043; baseline 0.001 -17"><span class='ocrx_word' id='word_1_117' title='bbox 711 1974 1060 2030; x_wconf 73' lang='lat' dir='ltr'><strong>abstinebant</strong></span> <span class='ocrx_word' id='word_1_118' title='bbox 1090 1973 1159 2029; x_wconf 90' lang='lat' dir='ltr'><strong>ab</strong></span> <span class='ocrx_word' id='word_1_119' title='bbox 1186 1973 1610 2030; x_wconf 80' lang='lat' dir='ltr'><strong>occidentalium</strong></span> <span class='ocrx_word' id='word_1_120' title='bbox 1650 1974 1892 2043; x_wconf 86' lang='lat' dir='ltr'><strong>regione,</strong></span> <span class='ocrx_word' id='word_1_121' title='bbox 1930 1986 2094 2043; x_wconf 85' lang='lat' dir='ltr'><strong>quam</strong></span> <span class='ocrx_word' id='word_1_122' title='bbox 2126 1971 2283 2040; x_wconf 73' lang='lat'><strong>112</strong></span> 
     </span>
    </p>
   </div>
   <div class='ocr_carea' id='block_1_22' title="bbox 711 2065 2286 2137">
    <p class='ocr_par' dir='ltr' id='par_1_22' title="bbox 711 2065 2286 2137">
     <span class='ocr_line' id='line_1_22' title="bbox 711 2065 2286 2137; baseline -0.004 -14"><span class='ocrx_word' id='word_1_123' title='bbox 711 2069 867 2124; x_wconf 90' lang='lat' dir='ltr'><strong>miris</strong></span> <span class='ocrx_word' id='word_1_124' title='bbox 908 2067 1087 2123; x_wconf 89' lang='lat' dir='ltr'><strong>modis</strong></span> <span class='ocrx_word' id='word_1_125' title='bbox 1127 2067 1476 2132; x_wconf 86' lang='lat' dir='ltr'><strong>evastabant,</strong></span> <span class='ocrx_word' id='word_1_126' title='bbox 1520 2082 1805 2134; x_wconf 83' lang='lat' dir='ltr'><strong>nunquam</strong></span> <span class='ocrx_word' id='word_1_127' title='bbox 1856 2065 2024 2137; x_wconf 87' lang='lat' dir='ltr'><strong>quieti</strong></span> <span class='ocrx_word' id='word_1_128' title='bbox 2074 2079 2133 2119; x_wconf 88' lang='lat' dir='ltr'><strong>se</strong></span> <span class='ocrx_word' id='word_1_129' title='bbox 2168 2072 2286 2117; x_wconf 85' lang='lat' dir='ltr'><strong>tra-</strong></span> 
     </span>
    </p>
   </div>
   <div class='ocr_carea' id='block_1_23' title="bbox 711 2156 2284 2231">
    <p class='ocr_par' dir='ltr' id='par_1_23' title="bbox 711 2156 2284 2231">
     <span class='ocr_line' id='line_1_23' title="bbox 711 2156 2284 2231; baseline -0.002 -17"><span class='ocrx_word' id='word_1_130' title='bbox 711 2161 927 2217; x_wconf 82' lang='lat' dir='ltr'><strong>dentes.</strong></span> <span class='ocrx_word' id='word_1_131' title='bbox 980 2161 1078 2215; x_wconf 85' lang='lat' dir='ltr'><strong>llis</strong></span> <span class='ocrx_word' id='word_1_132' title='bbox 1116 2160 1248 2215; x_wconf 86' lang='lat' dir='ltr'><strong>moti</strong></span> <span class='ocrx_word' id='word_1_133' title='bbox 1296 2161 1571 2231; x_wconf 88' lang='lat' dir='ltr'><strong>principes</strong></span> <span class='ocrx_word' id='word_1_134' title='bbox 1622 2158 1990 2229; x_wconf 80' lang='lat' dir='ltr'><strong>Neapolitani,</strong></span> <span class='ocrx_word' id='word_1_135' title='bbox 2028 2157 2098 2213; x_wconf 86' lang='lat' dir='ltr'><strong>ab</strong></span> <span class='ocrx_word' id='word_1_136' title='bbox 2143 2156 2284 2213; x_wconf 85' lang='lat' dir='ltr'><strong>Cor-</strong></span> 
     </span>
    </p>
   </div>
   <div class='ocr_carea' id='block_1_24' title="bbox 710 2250 2286 2325">
    <p class='ocr_par' dir='ltr' id='par_1_24' title="bbox 710 2250 2286 2325">
     <span class='ocr_line' id='line_1_24' title="bbox 710 2250 2286 2325; baseline 0 -18"><span class='ocrx_word' id='word_1_137' title='bbox 710 2269 839 2325; x_wconf 84' lang='lat' dir='ltr'><strong>cyra</strong></span> <span class='ocrx_word' id='word_1_138' title='bbox 870 2252 1043 2307; x_wconf 86' lang='lat' dir='ltr'><strong>insula</strong></span> <span class='ocrx_word' id='word_1_139' title='bbox 1080 2250 1193 2322; x_wconf 73' lang='lat'><strong>(27)</strong></span> <span class='ocrx_word' id='word_1_140' title='bbox 1226 2262 1512 2324; x_wconf 85' lang='lat' dir='ltr'><strong>pergentes</strong></span> <span class='ocrx_word' id='word_1_141' title='bbox 1554 2253 1814 2323; x_wconf 83' lang='lat' dir='ltr'><strong>(insulam</strong></span> <span class='ocrx_word' id='word_1_142' title='bbox 1855 2252 1998 2308; x_wconf 88' lang='lat' dir='ltr'><strong>enim</strong></span> <span class='ocrx_word' id='word_1_143' title='bbox 2035 2252 2192 2307; x_wconf 87' lang='lat' dir='ltr'><strong>istam</strong></span> <span class='ocrx_word' id='word_1_144' title='bbox 2222 2266 2286 2308; x_wconf 90' lang='lat' dir='ltr'><strong>ea</strong></span> 
     </span>
    </p>
   </div>
   <div class='ocr_carea' id='block_1_25' title="bbox 712 2344 2288 2416">
    <p class='ocr_par' dir='ltr' id='par_1_25' title="bbox 712 2344 2288 2416">
     <span class='ocr_line' id='line_1_25' title="bbox 712 2344 2288 2416; baseline 0.001 -17"><span class='ocrx_word' id='word_1_145' title='bbox 712 2352 1041 2415; x_wconf 76' lang='lat' dir='ltr'><strong>tempestate</strong></span> <span class='ocrx_word' id='word_1_146' title='bbox 1079 2345 1460 2416; x_wconf 84' lang='lat' dir='ltr'><strong>Parthenopes</strong></span> <span class='ocrx_word' id='word_1_147' title='bbox 1513 2360 1670 2415; x_wconf 87' lang='lat' dir='ltr'><strong>reges</strong></span> <span class='ocrx_word' id='word_1_148' title='bbox 1700 2344 1985 2415; x_wconf 84' lang='lat' dir='ltr'><strong>tenebant)</strong></span> <span class='ocrx_word' id='word_1_149' title='bbox 2018 2353 2075 2400; x_wconf 80' lang='lat' dir='ltr'><strong>et</strong></span> <span class='ocrx_word' id='word_1_150' title='bbox 2098 2347 2288 2415; x_wconf 84' lang='lat' dir='ltr'><strong>c0pias</strong></span> 
     </span>
    </p>
   </div>
   <div class='ocr_carea' id='block_1_26' title="bbox 713 2436 2285 2507">
    <p class='ocr_par' dir='ltr' id='par_1_26' title="bbox 713 2436 2285 2507">
     <span class='ocr_line' id='line_1_26' title="bbox 713 2436 2285 2507; baseline -0.002 -15"><span class='ocrx_word' id='word_1_151' title='bbox 713 2437 1109 2493; x_wconf 88' lang='lat' dir='ltr'><strong>contrahentes</strong></span> <span class='ocrx_word' id='word_1_152' title='bbox 1145 2436 1645 2507; x_wconf 85' lang='lat' dir='ltr'><strong>proficiscebantur</strong></span> <span class='ocrx_word' id='word_1_153' title='bbox 1674 2447 1868 2491; x_wconf 80' lang='lat' dir='ltr'><strong>contra</strong></span> <span class='ocrx_word' id='word_1_154' title='bbox 1896 2438 2285 2500; x_wconf 88' lang='lat' dir='ltr'><strong>Acarnaniam,</strong></span> 
     </span>
    </p>
   </div>
   <div class='ocr_carea' id='block_1_27' title="bbox 716 2528 2287 2598">
    <p class='ocr_par' dir='ltr' id='par_1_27' title="bbox 716 2528 2287 2598">
     <span class='ocr_line' id='line_1_27' title="bbox 716 2528 2287 2598; baseline 0 -16"><span class='ocrx_word' id='word_1_155' title='bbox 716 2541 776 2584; x_wconf 91' lang='lat' dir='ltr'><strong>ut</strong></span> <span class='ocrx_word' id='word_1_156' title='bbox 816 2528 1057 2585; x_wconf 84' lang='lat' dir='ltr'><strong>Albanos</strong></span> <span class='ocrx_word' id='word_1_157' title='bbox 1086 2544 1153 2583; x_wconf 76' lang='lat' dir='ltr'><strong>ex</strong></span> <span class='ocrx_word' id='word_1_158' title='bbox 1195 2543 1291 2584; x_wconf 83' lang='lat' dir='ltr'><strong>sua</strong></span> <span class='ocrx_word' id='word_1_159' title='bbox 1340 2530 1560 2598; x_wconf 83' lang='lat' dir='ltr'><strong>regione</strong></span> <span class='ocrx_word' id='word_1_160' title='bbox 1599 2529 1983 2595; x_wconf 88' lang='lat' dir='ltr'><strong>deturbarent,</strong></span> <span class='ocrx_word' id='word_1_161' title='bbox 2031 2536 2086 2583; x_wconf 88' lang='lat' dir='ltr'><strong>et</strong></span> <span class='ocrx_word' id='word_1_162' title='bbox 2121 2532 2287 2583; x_wconf 81' lang='lat' dir='ltr'><strong>Arten</strong></span> 
     </span>
    </p>
   </div>
   <div class='ocr_carea' id='block_1_28' title="bbox 714 2620 2288 2692">
    <p class='ocr_par' dir='ltr' id='par_1_28' title="bbox 714 2620 2288 2692">
     <span class='ocr_line' id='line_1_28' title="bbox 714 2620 2288 2692; baseline -0.002 -15"><span class='ocrx_word' id='word_1_163' title='bbox 714 2620 1040 2677; x_wconf 65' lang='lat' dir='ltr'><strong>Acarnaniae</strong></span> <span class='ocrx_word' id='word_1_164' title='bbox 1088 2625 1280 2676; x_wconf 83' lang='lat' dir='ltr'><strong>urbem</strong></span> <span class='ocrx_word' id='word_1_165' title='bbox 1341 2630 1557 2690; x_wconf 79' lang='lat' dir='ltr'><strong>captam</strong></span> <span class='ocrx_word' id='word_1_166' title='bbox 1604 2631 2021 2692; x_wconf 81' lang='lat' dir='ltr'><strong>recuperarent.</strong></span> <span class='ocrx_word' id='word_1_167' title='bbox 2054 2621 2156 2688; x_wconf 85' lang='lat' dir='ltr'><strong>Qui</strong></span> <span class='ocrx_word' id='word_1_168' title='bbox 2191 2622 2288 2675; x_wconf 89' lang='lat' dir='ltr'><strong>ad-</strong></span> 
     </span>
    </p>
   </div>
   <div class='ocr_carea' id='block_1_29' title="bbox 719 2714 2292 2785">
    <p class='ocr_par' dir='ltr' id='par_1_29' title="bbox 719 2714 2292 2785">
     <span class='ocr_line' id='line_1_29' title="bbox 719 2714 2292 2785; baseline 0.003 -21"><span class='ocrx_word' id='word_1_169' title='bbox 719 2715 1025 2778; x_wconf 75' lang='lat' dir='ltr'><strong>venientes.</strong></span> <span class='ocrx_word' id='word_1_170' title='bbox 1059 2714 1225 2769; x_wconf 88' lang='lat' dir='ltr'><strong>Artcn</strong></span> <span class='ocrx_word' id='word_1_171' title='bbox 1244 2714 1605 2775; x_wconf 86' lang='lat' dir='ltr'><strong>obsederunt.</strong></span> <span class='ocrx_word' id='word_1_172' title='bbox 1641 2716 1976 2785; x_wconf 88' lang='lat' dir='ltr'><strong>bellicasque</strong></span> <span class='ocrx_word' id='word_1_173' title='bbox 2006 2716 2292 2769; x_wconf 85' lang='lat' dir='ltr'><strong>machinas</strong></span> 
     </span>
    </p>
   </div>
   <div class='ocr_carea' id='block_1_30' title="bbox 718 2805 2293 2875">
    <p class='ocr_par' dir='ltr' id='par_1_30' title="bbox 718 2805 2293 2875">
     <span class='ocr_line' id='line_1_30' title="bbox 718 2805 2293 2875; baseline -0.002 -14"><span class='ocrx_word' id='word_1_174' title='bbox 718 2820 879 2861; x_wconf 90' lang='lat' dir='ltr'><strong>muro</strong></span> <span class='ocrx_word' id='word_1_175' title='bbox 913 2805 1296 2870; x_wconf 84' lang='lat' dir='ltr'><strong>admoverunt,</strong></span> <span class='ocrx_word' id='word_1_176' title='bbox 1332 2815 1392 2859; x_wconf 90' lang='lat' dir='ltr'><strong>ut</strong></span> <span class='ocrx_word' id='word_1_177' title='bbox 1431 2807 1626 2860; x_wconf 87' lang='lat' dir='ltr'><strong>urbem</strong></span> <span class='ocrx_word' id='word_1_178' title='bbox 1659 2806 1710 2859; x_wconf 95' lang='lat' dir='ltr'><strong>vi</strong></span> <span class='ocrx_word' id='word_1_179' title='bbox 1753 2814 2041 2875; x_wconf 86' lang='lat' dir='ltr'><strong>caperent.</strong></span> <span class='ocrx_word' id='word_1_180' title='bbox 2091 2807 2293 2873; x_wconf 87' lang='lat' dir='ltr'><strong>Spatas</strong></span> 
     </span>
    </p>
   </div>
   <div class='ocr_carea' id='block_1_31' title="bbox 718 2897 2291 2962">
    <p class='ocr_par' dir='ltr' id='par_1_31' title="bbox 718 2897 2291 2962">
     <span class='ocr_line' id='line_1_31' title="bbox 718 2897 2291 2962; baseline 0 -11"><span class='ocrx_word' id='word_1_181' title='bbox 718 2900 1052 2953; x_wconf 84' lang='lat' dir='ltr'><strong>Albanorum</strong></span> <span class='ocrx_word' id='word_1_182' title='bbox 1089 2898 1198 2953; x_wconf 79' lang='lat' dir='ltr'><strong>dux</strong></span> <span class='ocrx_word' id='word_1_183' title='bbox 1254 2897 1396 2952; x_wconf 87' lang='lat' dir='ltr'><strong>haud</strong></span> <span class='ocrx_word' id='word_1_184' title='bbox 1431 2898 1575 2952; x_wconf 90' lang='lat' dir='ltr'><strong>intra</strong></span> <span class='ocrx_word' id='word_1_185' title='bbox 1610 2898 1813 2953; x_wconf 75' lang='lat' dir='ltr'><strong>mmnia</strong></span> <span class='ocrx_word' id='word_1_186' title='bbox 1852 2914 1912 2953; x_wconf 88' lang='lat' dir='ltr'><strong>se</strong></span> <span class='ocrx_word' id='word_1_187' title='bbox 1944 2898 2291 2962; x_wconf 83' lang='lat' dir='ltr'><strong>continebat,</strong></span> 
     </span>
    </p>
   </div>
   <div class='ocr_carea' id='block_1_32' title="bbox 722 2986 2292 3054">
    <p class='ocr_par' dir='ltr' id='par_1_32' title="bbox 722 2986 2292 3054">
     <span class='ocr_line' id='line_1_32' title="bbox 722 2986 2292 3054; baseline 0.001 -13"><span class='ocrx_word' id='word_1_188' title='bbox 722 2989 816 3043; x_wconf 75' lang='lat' dir='ltr'><strong>sed</strong></span> <span class='ocrx_word' id='word_1_189' title='bbox 856 2997 1009 3042; x_wconf 77' lang='lat' dir='ltr'><strong>extra</strong></span> <span class='ocrx_word' id='word_1_190' title='bbox 1041 2987 1232 3042; x_wconf 81' lang='lat' dir='ltr'><strong>urbem</strong></span> <span class='ocrx_word' id='word_1_191' title='bbox 1274 2986 1640 3041; x_wconf 84' lang='lat' dir='ltr'><strong>obambulans</strong></span> <span class='ocrx_word' id='word_1_192' title='bbox 1675 2988 1996 3043; x_wconf 86' lang='lat' dir='ltr'><strong>consulebat</strong></span> <span class='ocrx_word' id='word_1_193' title='bbox 2040 2988 2292 3054; x_wconf 85' lang='lat' dir='ltr'><strong>Albanis,</strong></span> 
     </span>
    </p>
   </div>
   <div class='ocr_carea' id='block_1_33' title="bbox 721 3076 2293 3148">
    <p class='ocr_par' dir='ltr' id='par_1_33' title="bbox 721 3076 2293 3148">
     <span class='ocr_line' id='line_1_33' title="bbox 721 3076 2293 3148; baseline 0.001 -16"><span class='ocrx_word' id='word_1_194' title='bbox 721 3096 859 3148; x_wconf 86' lang='lat' dir='ltr'><strong>quos</strong></span> <span class='ocrx_word' id='word_1_195' title='bbox 884 3080 935 3133; x_wconf 92' lang='lat' dir='ltr'><strong>in</strong></span> <span class='ocrx_word' id='word_1_196' title='bbox 962 3093 1128 3133; x_wconf 91' lang='lat' dir='ltr'><strong>unum</strong></span> <span class='ocrx_word' id='word_1_197' title='bbox 1160 3076 1478 3147; x_wconf 85' lang='lat' dir='ltr'><strong>collegerat,</strong></span> <span class='ocrx_word' id='word_1_198' title='bbox 1509 3085 1645 3133; x_wconf 86' lang='lat' dir='ltr'><strong>utse</strong></span> <span class='ocrx_word' id='word_1_199' title='bbox 1666 3087 1914 3148; x_wconf 90' lang='lat' dir='ltr'><strong>prompte</strong></span> <span class='ocrx_word' id='word_1_200' title='bbox 1932 3092 2293 3147; x_wconf 81' lang='lat' dir='ltr'><strong>sequerentur</strong></span> 
     </span>
    </p>
   </div>
   <div class='ocr_carea' id='block_1_34' title="bbox 2382 562 3964 641">
    <p class='ocr_par' dir='ltr' id='par_1_34' title="bbox 2382 562 3964 641">
     <span class='ocr_line' id='line_1_34' title="bbox 2382 562 3964 641; baseline -0.001 -20"><span class='ocrx_word' id='word_1_201' title='bbox 2382 568 2597 637; x_wconf 76' lang='grc' dir='ltr'>βέϐαιον</span> <span class='ocrx_word' id='word_1_202' title='bbox 2650 570 2802 638; x_wconf 78' lang='grc' dir='ltr'>σφῶν</span> <span class='ocrx_word' id='word_1_203' title='bbox 2850 572 3028 624; x_wconf 62' lang='grc' dir='ltr'>αὐτῶν</span> <span class='ocrx_word' id='word_1_204' title='bbox 3051 571 3152 641; x_wconf 77' lang='grc' dir='ltr'>τὴν</span> <span class='ocrx_word' id='word_1_205' title='bbox 3177 571 3392 639; x_wconf 69' lang='grc' dir='ltr'>οἴκησιν</span> <span class='ocrx_word' id='word_1_206' title='bbox 3422 566 3758 634; x_wconf 82' lang='grc' dir='ltr'>ποιούμενοι.</span> <span class='ocrx_word' id='word_1_207' title='bbox 3808 562 3964 614; x_wconf 75' lang='grc' dir='ltr'>Ἐπεὶ</span> 
     </span>
    </p>
   </div>
   <div class='ocr_carea' id='block_1_35' title="bbox 2379 654 3962 732">
    <p class='ocr_par' dir='ltr' id='par_1_35' title="bbox 2379 654 3962 732">
     <span class='ocr_line' id='line_1_35' title="bbox 2379 654 3962 732; baseline 0.003 -19"><span class='ocrx_word' id='word_1_208' title='bbox 2379 662 2436 713; x_wconf 71' lang='grc' dir='ltr'>δὲ</span> <span class='ocrx_word' id='word_1_209' title='bbox 2459 662 2555 714; x_wconf 71' lang='grc' dir='ltr'><strong>καὶ</strong></span> <span class='ocrx_word' id='word_1_210' title='bbox 2592 662 2649 723; x_wconf 69' lang='grc' dir='ltr'>ις</span> <span class='ocrx_word' id='word_1_211' title='bbox 2692 664 3057 732; x_wconf 69' lang='grc' dir='ltr'><strong>Ἀκαρνανίαν</strong></span> <span class='ocrx_word' id='word_1_212' title='bbox 3081 665 3434 731; x_wconf 73' lang='grc' dir='ltr'>ἀφικόμενοι,</span> <span class='ocrx_word' id='word_1_213' title='bbox 3485 658 3683 727; x_wconf 77' lang='grc' dir='ltr'>γνώμῃ</span> <span class='ocrx_word' id='word_1_214' title='bbox 3712 654 3809 708; x_wconf 67' lang='grc' dir='ltr'>τοῦ</span> <span class='ocrx_word' id='word_1_215' title='bbox 3836 656 3962 722; x_wconf 74' lang='grc' dir='ltr'><strong>ἠγε-</strong></span> 
     </span>
    </p>
   </div>
   <div class='ocr_carea' id='block_1_36' title="bbox 2383 748 3962 825">
    <p class='ocr_par' dir='ltr' id='par_1_36' title="bbox 2383 748 3962 825">
     <span class='ocr_line' id='line_1_36' title="bbox 2383 748 3962 825; baseline -0.017 -2"><span class='ocrx_word' id='word_1_216' title='bbox 2383 756 2544 823; x_wconf 76' lang='grc' dir='ltr'>μόνος</span> <span class='ocrx_word' id='word_1_217' title='bbox 2578 756 2957 824; x_wconf 73' lang='grc' dir='ltr'><strong>Ἀκαρνανίας,</strong></span> <span class='ocrx_word' id='word_1_218' title='bbox 2988 758 3280 825; x_wconf 64' lang='grc' dir='ltr'>ὲςιέμενον</span> <span class='ocrx_word' id='word_1_219' title='bbox 3327 758 3374 788; x_wconf 72' lang='grc'><strong>’⁸</strong></span> <span class='ocrx_word' id='word_1_220' title='bbox 3407 754 3591 813; x_wconf 70' lang='grc' dir='ltr'>αὐτοῖς</span> <span class='ocrx_word' id='word_1_221' title='bbox 3620 750 3721 817; x_wconf 70' lang='grc' dir='ltr'>τῆς</span> <span class='ocrx_word' id='word_1_222' title='bbox 3754 748 3962 818; x_wconf 80' lang='grc' dir='ltr'>χώρας,</span> 
     </span>
    </p>
   </div>
   <div class='ocr_carea' id='block_1_37' title="bbox 2382 840 3966 919">
    <p class='ocr_par' dir='ltr' id='par_1_37' title="bbox 2382 840 3966 919">
     <span class='ocr_line' id='line_1_37' title="bbox 2382 840 3966 919; baseline -0.006 -18"><span class='ocrx_word' id='word_1_223' title='bbox 2382 848 2644 916; x_wconf 78' lang='grc' dir='ltr'>ἑνὲμοντό</span> <span class='ocrx_word' id='word_1_224' title='bbox 2674 866 2732 902; x_wconf 82' lang='grc' dir='ltr'><strong>τε</strong></span> <span class='ocrx_word' id='word_1_225' title='bbox 2780 850 2935 918; x_wconf 81' lang='grc' dir='ltr'>τήνδε</span> <span class='ocrx_word' id='word_1_226' title='bbox 2962 850 3061 919; x_wconf 74' lang='grc' dir='ltr'>τὴν</span> <span class='ocrx_word' id='word_1_227' title='bbox 3099 850 3304 919; x_wconf 78' lang='grc' dir='ltr'>χώραν.</span> <span class='ocrx_word' id='word_1_228' title='bbox 3339 849 3494 902; x_wconf 77' lang='grc' dir='ltr'><strong>Μετὰ</strong></span> <span class='ocrx_word' id='word_1_229' title='bbox 3526 847 3581 898; x_wconf 85' lang='grc' dir='ltr'>δὲ</span> <span class='ocrx_word' id='word_1_230' title='bbox 3613 844 3787 895; x_wconf 76' lang='grc' dir='ltr'>ταῦτα</span> <span class='ocrx_word' id='word_1_231' title='bbox 3819 840 3966 892; x_wconf 71' lang='grc' dir='ltr'>συνί-</span> 
     </span>
    </p>
   </div>
   <div class='ocr_carea' id='block_1_38' title="bbox 2382 938 3962 1011">
    <p class='ocr_par' dir='ltr' id='par_1_38' title="bbox 2382 938 3962 1011">
     <span class='ocr_line' id='line_1_38' title="bbox 2382 938 3962 1011; baseline -0.004 -18"><span class='ocrx_word' id='word_1_232' title='bbox 2382 958 2577 995; x_wconf 83' lang='grc' dir='ltr'>σταντο</span> <span class='ocrx_word' id='word_1_233' title='bbox 2628 942 2899 1011; x_wconf 75' lang='grc' dir='ltr'>ἀλλήλοις,</span> <span class='ocrx_word' id='word_1_234' title='bbox 2952 943 3026 1005; x_wconf 84' lang='grc' dir='ltr'>ὡς</span> <span class='ocrx_word' id='word_1_235' title='bbox 3069 946 3179 1007; x_wconf 78' lang='grc' dir='ltr'>τοῖς</span> <span class='ocrx_word' id='word_1_236' title='bbox 3234 944 3501 1008; x_wconf 68' lang='grc' dir='ltr'>Ἕλλησιν</span> <span class='ocrx_word' id='word_1_237' title='bbox 3547 938 3962 1005; x_wconf 70' lang='grc' dir='ltr'>ἐπιθησόμενοι,</span> 
     </span>
    </p>
   </div>
   <div class='ocr_carea' id='block_1_39' title="bbox 2378 1028 3965 1105">
    <p class='ocr_par' dir='ltr' id='par_1_39' title="bbox 2378 1028 3965 1105">
     <span class='ocr_line' id='line_1_39' title="bbox 2378 1028 3965 1105; baseline -0.012 -6"><span class='ocrx_word' id='word_1_238' title='bbox 2378 1036 2527 1097; x_wconf 72' lang='grc' dir='ltr'><strong>ὅπως</strong></span> <span class='ocrx_word' id='word_1_239' title='bbox 2552 1034 2620 1087; x_wconf 78' lang='grc' dir='ltr'>ἂν</span> <span class='ocrx_word' id='word_1_240' title='bbox 2653 1037 2837 1097; x_wconf 75' lang='grc' dir='ltr'>αὐτοῖς</span> <span class='ocrx_word' id='word_1_241' title='bbox 2862 1039 3172 1105; x_wconf 76' lang='grc' dir='ltr'><strong>προχωροίη</strong></span> <span class='ocrx_word' id='word_1_242' title='bbox 3197 1053 3212 1067; x_wconf 78' lang='grc' dir='ltr'><strong>ο</strong></span> <span class='ocrx_word' id='word_1_243' title='bbox 3247 1036 3342 1087; x_wconf 74' lang='grc' dir='ltr'><strong>καὶ</strong></span> <span class='ocrx_word' id='word_1_244' title='bbox 3376 1036 3576 1103; x_wconf 66' lang='grc' dir='ltr'>δήποτε</span> <span class='ocrx_word' id='word_1_245' title='bbox 3628 1030 3724 1083; x_wconf 76' lang='grc' dir='ltr'>τοῦ</span> <span class='ocrx_word' id='word_1_246' title='bbox 3760 1028 3965 1099; x_wconf 78' lang='grc' dir='ltr'>ἡγεμό-</span> 
     </span>
    </p>
   </div>
   <div class='ocr_carea' id='block_1_40' title="bbox 2382 1123 3967 1199">
    <p class='ocr_par' dir='ltr' id='par_1_40' title="bbox 2382 1123 3967 1199">
     <span class='ocr_line' id='line_1_40' title="bbox 2382 1123 3967 1199; baseline -0.008 -17"><span class='ocrx_word' id='word_1_247' title='bbox 2382 1147 2491 1195; x_wconf 87' lang='grc' dir='ltr'>νος,</span> <span class='ocrx_word' id='word_1_248' title='bbox 2532 1130 2801 1192; x_wconf 80' lang='grc' dir='ltr'>Ἰσαάκιος</span> <span class='ocrx_word' id='word_1_249' title='bbox 2832 1129 2879 1180; x_wconf 83' lang='grc' dir='ltr'>δ’</span> <span class='ocrx_word' id='word_1_250' title='bbox 2906 1124 2975 1199; x_wconf 71' lang='grc' dir='ltr'><strong>ἦν</strong></span> <span class='ocrx_word' id='word_1_251' title='bbox 2999 1128 3259 1195; x_wconf 69' lang='grc' dir='ltr'>τοῦνομα,</span> <span class='ocrx_word' id='word_1_252' title='bbox 3309 1128 3403 1179; x_wconf 67' lang='grc' dir='ltr'><strong>ἐπὶ</strong></span> <span class='ocrx_word' id='word_1_253' title='bbox 3448 1127 3627 1194; x_wconf 77' lang='grc' dir='ltr'>ἄγραν</span> <span class='ocrx_word' id='word_1_254' title='bbox 3672 1123 3967 1191; x_wconf 59' lang='grc' dir='ltr'>φοιτῶντος</span> 
     </span>
    </p>
   </div>
   <div class='ocr_carea' id='block_1_41' title="bbox 2382 1216 3965 1292">
    <p class='ocr_par' dir='ltr' id='par_1_41' title="bbox 2382 1216 3965 1292">
     <span class='ocr_line' id='line_1_41' title="bbox 2382 1216 3965 1292; baseline -0.008 -16"><span class='ocrx_word' id='word_1_255' title='bbox 2382 1224 2808 1292; x_wconf 68' lang='grc' dir='ltr'>ἀφικνούμενον,</span> <span class='ocrx_word' id='word_1_256' title='bbox 2842 1221 3101 1274; x_wconf 75' lang='grc' dir='ltr'>ἐπέθεντό</span> <span class='ocrx_word' id='word_1_257' title='bbox 3144 1239 3203 1273; x_wconf 86' lang='grc' dir='ltr'><strong>τε</strong></span> <span class='ocrx_word' id='word_1_258' title='bbox 3228 1220 3376 1290; x_wconf 75' lang='grc' dir='ltr'>αὐτῷ</span> <span class='ocrx_word' id='word_1_259' title='bbox 3407 1220 3457 1272; x_wconf 79' lang='grc' dir='ltr'>οἱ</span> <span class='ocrx_word' id='word_1_260' title='bbox 3501 1216 3770 1276; x_wconf 50' lang='grc' dir='ltr'>Ἀλϐανοὶ,</span> <span class='ocrx_word' id='word_1_261' title='bbox 3800 1216 3965 1283; x_wconf 73' lang='grc' dir='ltr'>ἡγου-</span> 
     </span>
    </p>
   </div>
   <div class='ocr_carea' id='block_1_42' title="bbox 2386 1309 3967 1385">
    <p class='ocr_par' dir='ltr' id='par_1_42' title="bbox 2386 1309 3967 1385">
     <span class='ocr_line' id='line_1_42' title="bbox 2386 1309 3967 1385; baseline -0.008 -17"><span class='ocrx_word' id='word_1_262' title='bbox 2386 1319 2548 1385; x_wconf 75' lang='grc' dir='ltr'>μένου</span> <span class='ocrx_word' id='word_1_263' title='bbox 2583 1314 2750 1368; x_wconf 66' lang='grc' dir='ltr'><strong>αὖτοῦ</strong></span> <span class='ocrx_word' id='word_1_264' title='bbox 2780 1319 2793 1346; x_wconf 80' lang='grc'>⁸</span> <span class='ocrx_word' id='word_1_265' title='bbox 2828 1316 3040 1379; x_wconf 73' lang='grc' dir='ltr'>Σπὰτα,</span> <span class='ocrx_word' id='word_1_266' title='bbox 3086 1315 3281 1383; x_wconf 69' lang='grc' dir='ltr'>ἀνδρὸς</span> <span class='ocrx_word' id='word_1_267' title='bbox 3328 1314 3506 1383; x_wconf 74' lang='grc' dir='ltr'>ὁρμήν</span> <span class='ocrx_word' id='word_1_268' title='bbox 3530 1329 3588 1364; x_wconf 85' lang='grc' dir='ltr'><strong>τε</strong></span> <span class='ocrx_word' id='word_1_269' title='bbox 3636 1309 3730 1362; x_wconf 72' lang='grc' dir='ltr'><strong>καὶ</strong></span> <span class='ocrx_word' id='word_1_270' title='bbox 3753 1309 3967 1374; x_wconf 73' lang='grc' dir='ltr'>τόλμαν</span> 
     </span>
    </p>
   </div>
   <div class='ocr_carea' id='block_1_43' title="bbox 2383 1401 3963 1477">
    <p class='ocr_par' dir='ltr' id='par_1_43' title="bbox 2383 1401 3963 1477">
     <span class='ocr_line' id='line_1_43' title="bbox 2383 1401 3963 1477; baseline -0.005 -14"><span class='ocrx_word' id='word_1_271' title='bbox 2383 1410 2833 1477; x_wconf 74' lang='grc' dir='ltr'>ἰπιδεικνυμίνου</span> <span class='ocrx_word' id='word_1_272' title='bbox 2871 1409 3059 1477; x_wconf 64' lang='grc' dir='ltr'>σφίσιν</span> <span class='ocrx_word' id='word_1_273' title='bbox 3088 1409 3147 1461; x_wconf 63' lang='grc' dir='ltr'>ἐν</span> <span class='ocrx_word' id='word_1_274' title='bbox 3177 1407 3255 1474; x_wconf 82' lang='grc' dir='ltr'><strong>τῷ</strong></span> <span class='ocrx_word' id='word_1_275' title='bbox 3297 1407 3421 1459; x_wconf 87' lang='grc' dir='ltr'>τότε</span> <span class='ocrx_word' id='word_1_276' title='bbox 3454 1404 3709 1473; x_wconf 80' lang='grc' dir='ltr'>παρόντι,</span> <span class='ocrx_word' id='word_1_277' title='bbox 3749 1401 3963 1468; x_wconf 59' lang='lat'><strong>539.350-</strong></span> 
     </span>
    </p>
   </div>
   <div class='ocr_carea' id='block_1_44' title="bbox 2386 1493 3971 1573">
    <p class='ocr_par' dir='ltr' id='par_1_44' title="bbox 2386 1493 3971 1573">
     <span class='ocr_line' id='line_1_44' title="bbox 2386 1493 3971 1573; baseline -0.007 -19"><span class='ocrx_word' id='word_1_278' title='bbox 2386 1519 2479 1573; x_wconf 84' lang='grc' dir='ltr'><strong>ρον</strong></span> <span class='ocrx_word' id='word_1_279' title='bbox 2505 1505 2558 1565; x_wconf 81' lang='grc' dir='ltr'>ἐς</span> <span class='ocrx_word' id='word_1_280' title='bbox 2602 1503 2671 1553; x_wconf 72' lang='grc' dir='ltr'>τὰ</span> <span class='ocrx_word' id='word_1_281' title='bbox 2717 1505 2965 1570; x_wconf 78' lang='grc' dir='ltr'>παρόντα</span> <span class='ocrx_word' id='word_1_282' title='bbox 2996 1502 3201 1565; x_wconf 68' lang='grc' dir='ltr'>αὐτοῖς,</span> <span class='ocrx_word' id='word_1_283' title='bbox 3249 1502 3344 1555; x_wconf 74' lang='grc' dir='ltr'>καὶ</span> <span class='ocrx_word' id='word_1_284' title='bbox 3392 1501 3493 1553; x_wconf 75' lang='grc' dir='ltr'><strong>οὐκ</strong></span> <span class='ocrx_word' id='word_1_285' title='bbox 3524 1498 3806 1567; x_wconf 77' lang='grc' dir='ltr'>ἀδόκιμον.</span> <span class='ocrx_word' id='word_1_286' title='bbox 3860 1493 3971 1546; x_wconf 68' lang='grc' dir='ltr'>Καὶ</span> 
     </span>
    </p>
   </div>
   <div class='ocr_carea' id='block_1_45' title="bbox 2383 1584 3972 1666">
    <p class='ocr_par' dir='ltr' id='par_1_45' title="bbox 2383 1584 3972 1666">
     <span class='ocr_line' id='line_1_45' title="bbox 2383 1584 3972 1666; baseline -0.008 -19"><span class='ocrx_word' id='word_1_287' title='bbox 2383 1597 2475 1648; x_wconf 72' lang='grc' dir='ltr'>τὸν</span> <span class='ocrx_word' id='word_1_288' title='bbox 2509 1596 2611 1662; x_wconf 79' lang='grc' dir='ltr'>μὲν</span> <span class='ocrx_word' id='word_1_289' title='bbox 2641 1598 2888 1665; x_wconf 82' lang='grc' dir='ltr'>ἡγεμόνα</span> <span class='ocrx_word' id='word_1_290' title='bbox 2925 1594 3091 1648; x_wconf 73' lang='grc' dir='ltr'>αὐτοῦ</span> <span class='ocrx_word' id='word_1_291' title='bbox 3142 1594 3320 1666; x_wconf 78' lang='grc' dir='ltr'>ταύτῃ</span> <span class='ocrx_word' id='word_1_292' title='bbox 3352 1592 3567 1647; x_wconf 70' lang='grc' dir='ltr'>ἀνεῖλον</span> <span class='ocrx_word' id='word_1_293' title='bbox 3588 1608 3602 1622; x_wconf 79' lang='grc'><strong><em>⁸</em></strong></span> <span class='ocrx_word' id='word_1_294' title='bbox 3635 1590 3733 1661; x_wconf 82' lang='grc' dir='ltr'>τὴν</span> <span class='ocrx_word' id='word_1_295' title='bbox 3779 1588 3837 1641; x_wconf 80' lang='grc' dir='ltr'>δὲ</span> <span class='ocrx_word' id='word_1_296' title='bbox 3864 1584 3972 1655; x_wconf 79' lang='grc' dir='ltr'><strong>χώ-</strong></span> 
     </span>
    </p>
   </div>
   <div class='ocr_carea' id='block_1_46' title="bbox 2386 1679 3973 1757">
    <p class='ocr_par' dir='ltr' id='par_1_46' title="bbox 2386 1679 3973 1757">
     <span class='ocr_line' id='line_1_46' title="bbox 2386 1679 3973 1757; baseline -0.003 -18"><span class='ocrx_word' id='word_1_297' title='bbox 2386 1705 2485 1757; x_wconf 83' lang='grc' dir='ltr'><strong>ραν</strong></span> <span class='ocrx_word' id='word_1_298' title='bbox 2510 1688 2707 1740; x_wconf 72' lang='grc' dir='ltr'>αὐτίκα</span> <span class='ocrx_word' id='word_1_299' title='bbox 2730 1689 3126 1750; x_wconf 82' lang='grc' dir='ltr'>ύπελαύνοντες</span> <span class='ocrx_word' id='word_1_300' title='bbox 3158 1686 3423 1755; x_wconf 77' lang='grc' dir='ltr'>κατέσχον</span> <span class='ocrx_word' id='word_1_301' title='bbox 3472 1700 3533 1736; x_wconf 84' lang='grc' dir='ltr'><strong>τε</strong></span> <span class='ocrx_word' id='word_1_302' title='bbox 3568 1684 3667 1736; x_wconf 61' lang='grc' dir='ltr'><strong>καὶ⁵</strong></span> <span class='ocrx_word' id='word_1_303' title='bbox 3714 1679 3973 1748; x_wconf 76' lang='grc' dir='ltr'>ἐζώγρη-</span> 
     </span>
    </p>
   </div>
   <div class='ocr_carea' id='block_1_47' title="bbox 2388 1768 3973 1849">
    <p class='ocr_par' dir='ltr' id='par_1_47' title="bbox 2388 1768 3973 1849">
     <span class='ocr_line' id='line_1_47' title="bbox 2388 1768 3973 1849; baseline -0.006 -16"><span class='ocrx_word' id='word_1_304' title='bbox 2388 1799 2487 1834; x_wconf 89' lang='grc' dir='ltr'><strong>σαν</strong></span> <span class='ocrx_word' id='word_1_305' title='bbox 2512 1784 2638 1844; x_wconf 66' lang='grc' dir='ltr'>τοὺς</span> <span class='ocrx_word' id='word_1_306' title='bbox 2659 1783 2713 1833; x_wconf 77' lang='grc' dir='ltr'>ἐν</span> <span class='ocrx_word' id='word_1_307' title='bbox 2736 1783 2851 1843; x_wconf 81' lang='grc' dir='ltr'>τοῖς</span> <span class='ocrx_word' id='word_1_308' title='bbox 2880 1783 3075 1848; x_wconf 70' lang='grc' dir='ltr'>ἀγροῖς</span> <span class='ocrx_word' id='word_1_309' title='bbox 3108 1779 3606 1849; x_wconf 74' lang='grc' dir='ltr'>συλλαμϐάνοντες,</span> <span class='ocrx_word' id='word_1_310' title='bbox 3641 1768 3685 1844; x_wconf 83' lang='grc' dir='ltr'>ᾧ</span> <span class='ocrx_word' id='word_1_311' title='bbox 3709 1776 3776 1829; x_wconf 83' lang='grc' dir='ltr'><strong>ἂν</strong></span> <span class='ocrx_word' id='word_1_312' title='bbox 3806 1789 3973 1843; x_wconf 79' lang='grc' dir='ltr'>περι-</span> 
     </span>
    </p>
   </div>
   <div class='ocr_carea' id='block_1_48' title="bbox 2388 1863 3972 1942">
    <p class='ocr_par' dir='ltr' id='par_1_48' title="bbox 2388 1863 3972 1942">
     <span class='ocr_line' id='line_1_48' title="bbox 2388 1863 3972 1942; baseline -0.008 -19"><span class='ocrx_word' id='word_1_313' title='bbox 2388 1872 2631 1942; x_wconf 70' lang='grc' dir='ltr'>τύχοιεν.</span> <span class='ocrx_word' id='word_1_314' title='bbox 2684 1872 2841 1925; x_wconf 75' lang='grc' dir='ltr'>Μετὰ</span> <span class='ocrx_word' id='word_1_315' title='bbox 2871 1870 2929 1924; x_wconf 80' lang='grc' dir='ltr'>δὲ</span> <span class='ocrx_word' id='word_1_316' title='bbox 2972 1869 3147 1923; x_wconf 83' lang='grc' dir='ltr'>ταῦτα</span> <span class='ocrx_word' id='word_1_317' title='bbox 3196 1866 3615 1938; x_wconf 67' lang='grc' dir='ltr'>πολιορκοῦντες</span> <span class='ocrx_word' id='word_1_318' title='bbox 3662 1880 3721 1916; x_wconf 88' lang='grc' dir='ltr'><strong>τε</strong></span> <span class='ocrx_word' id='word_1_319' title='bbox 3757 1863 3972 1931; x_wconf 82' lang='grc' dir='ltr'>Ἀρτην</span> 
     </span>
    </p>
   </div>
   <div class='ocr_carea' id='block_1_49' title="bbox 2388 1953 3975 2035">
    <p class='ocr_par' dir='ltr' id='par_1_49' title="bbox 2388 1953 3975 2035">
     <span class='ocr_line' id='line_1_49' title="bbox 2388 1953 3975 2035; baseline -0.009 -16"><span class='ocrx_word' id='word_1_320' title='bbox 2388 1966 2488 2031; x_wconf 67' lang='grc' dir='ltr'>τῆς</span> <span class='ocrx_word' id='word_1_321' title='bbox 2533 1966 2893 2035; x_wconf 80' lang='grc' dir='ltr'>Ἀκαρνανίας</span> <span class='ocrx_word' id='word_1_322' title='bbox 2921 1965 3097 2027; x_wconf 85' lang='grc' dir='ltr'>πόλιν,</span> <span class='ocrx_word' id='word_1_323' title='bbox 3123 1963 3563 2033; x_wconf 82' lang='grc' dir='ltr'>παρεστήσαντο.</span> <span class='ocrx_word' id='word_1_324' title='bbox 3594 1958 3703 2013; x_wconf 69' lang='grc' dir='ltr'><strong>Καὶ</strong></span> <span class='ocrx_word' id='word_1_325' title='bbox 3737 1957 3837 2024; x_wconf 80' lang='grc' dir='ltr'>τὴν</span> <span class='ocrx_word' id='word_1_326' title='bbox 3865 1953 3975 2024; x_wconf 81' lang='grc' dir='ltr'><strong>χώ-</strong></span> 
     </span>
    </p>
   </div>
   <div class='ocr_carea' id='block_1_50' title="bbox 2400 2046 3974 2125">
    <p class='ocr_par' dir='ltr' id='par_1_50' title="bbox 2400 2046 3974 2125">
     <span class='ocr_line' id='line_1_50' title="bbox 2400 2046 3974 2125; baseline -0.01 -13"><span class='ocrx_word' id='word_1_327' title='bbox 2400 2075 2502 2125; x_wconf 89' lang='grc' dir='ltr'><strong>ραν</strong></span> <span class='ocrx_word' id='word_1_328' title='bbox 2527 2056 2731 2124; x_wconf 88' lang='grc' dir='ltr'>ταύτην</span> <span class='ocrx_word' id='word_1_329' title='bbox 2754 2056 2844 2123; x_wconf 77' lang='grc' dir='ltr'><strong>ὑφ’</strong></span> <span class='ocrx_word' id='word_1_330' title='bbox 2874 2056 3059 2117; x_wconf 75' lang='grc' dir='ltr'>αὐτοῖς</span> <span class='ocrx_word' id='word_1_331' title='bbox 3084 2054 3467 2125; x_wconf 77' lang='grc' dir='ltr'>ποιησάμενοι,</span> <span class='ocrx_word' id='word_1_332' title='bbox 3499 2051 3600 2122; x_wconf 77' lang='grc' dir='ltr'><strong>τὴν</strong></span> <span class='ocrx_word' id='word_1_333' title='bbox 3625 2048 3736 2103; x_wconf 88' lang='grc' dir='ltr'><strong>τῶν</strong></span> <span class='ocrx_word' id='word_1_334' title='bbox 3769 2046 3974 2102; x_wconf 83' lang='grc' dir='ltr'>Ἐσπε-</span> 
     </span>
    </p>
   </div>
   <div class='ocr_carea' id='block_1_51' title="bbox 2391 2141 3973 2222">
    <p class='ocr_par' dir='ltr' id='par_1_51' title="bbox 2391 2141 3973 2222">
     <span class='ocr_line' id='line_1_51' title="bbox 2391 2141 3973 2222; baseline -0.006 -20"><span class='ocrx_word' id='word_1_335' title='bbox 2391 2152 2523 2222; x_wconf 86' lang='grc' dir='ltr'>ρίων</span> <span class='ocrx_word' id='word_1_336' title='bbox 2547 2150 2733 2222; x_wconf 84' lang='grc' dir='ltr'>χώραν</span> <span class='ocrx_word' id='word_1_337' title='bbox 2762 2148 2972 2221; x_wconf 72' lang='grc' dir='ltr'>ἐδῄουν,</span> <span class='ocrx_word' id='word_1_338' title='bbox 2996 2148 3150 2201; x_wconf 76' lang='grc' dir='ltr'>οὐδὲν</span> <span class='ocrx_word' id='word_1_339' title='bbox 3212 2147 3295 2201; x_wconf 70' lang='grc' dir='ltr'>ἔτι</span> <span class='ocrx_word' id='word_1_340' title='bbox 3323 2150 3380 2211; x_wconf 73' lang='grc' dir='ltr'>ἐς</span> <span class='ocrx_word' id='word_1_341' title='bbox 3408 2144 3638 2217; x_wconf 79' lang='grc' dir='ltr'><strong>ἡσυχίαν</strong></span> <span class='ocrx_word' id='word_1_342' title='bbox 3655 2141 3973 2199; x_wconf 78' lang='grc' dir='ltr'>ἐνδιδόντες.</span> 
     </span>
    </p>
   </div>
   <div class='ocr_carea' id='block_1_52' title="bbox 2389 2231 3976 2311">
    <p class='ocr_par' dir='ltr' id='par_1_52' title="bbox 2389 2231 3976 2311">
     <span class='ocr_line' id='line_1_52' title="bbox 2389 2231 3976 2311; baseline -0.009 -13"><span class='ocrx_word' id='word_1_343' title='bbox 2389 2242 2548 2298; x_wconf 80' lang='grc' dir='ltr'>Μετά</span> <span class='ocrx_word' id='word_1_344' title='bbox 2577 2243 2636 2296; x_wconf 80' lang='grc' dir='ltr'><strong>δὲ</strong></span> <span class='ocrx_word' id='word_1_345' title='bbox 2700 2243 2877 2296; x_wconf 79' lang='grc' dir='ltr'>ταῦτα</span> <span class='ocrx_word' id='word_1_346' title='bbox 2906 2243 2957 2294; x_wconf 83' lang='grc' dir='ltr'><strong>οί</strong></span> <span class='ocrx_word' id='word_1_347' title='bbox 2998 2241 3097 2311; x_wconf 79' lang='grc' dir='ltr'>τῆς</span> <span class='ocrx_word' id='word_1_348' title='bbox 3152 2242 3481 2302; x_wconf 81' lang='grc' dir='ltr'>Νεαπόλεως</span> <span class='ocrx_word' id='word_1_349' title='bbox 3532 2237 3811 2309; x_wconf 77' lang='grc' dir='ltr'>ἄρχοντες,</span> <span class='ocrx_word' id='word_1_350' title='bbox 3864 2231 3976 2285; x_wconf 67' lang='grc' dir='ltr'>ἀπο</span> 
     </span>
    </p>
   </div>
   <div class='ocr_carea' id='block_1_53' title="bbox 2390 2326 3975 2407">
    <p class='ocr_par' dir='ltr' id='par_1_53' title="bbox 2390 2326 3975 2407">
     <span class='ocr_line' id='line_1_53' title="bbox 2390 2326 3975 2407; baseline -0.008 -16"><span class='ocrx_word' id='word_1_351' title='bbox 2390 2336 2685 2407; x_wconf 79' lang='grc' dir='ltr'>Κερκύρας</span> <span class='ocrx_word' id='word_1_352' title='bbox 2730 2335 2829 2403; x_wconf 83' lang='grc' dir='ltr'>τῆς</span> <span class='ocrx_word' id='word_1_353' title='bbox 2860 2336 3026 2407; x_wconf 78' lang='grc' dir='ltr'>νήσου</span> <span class='ocrx_word' id='word_1_354' title='bbox 3057 2334 3373 2404; x_wconf 73' lang='grc' dir='ltr'>ὁρμώμενοι</span> <span class='ocrx_word' id='word_1_355' title='bbox 3416 2330 3583 2404; x_wconf 85' lang='grc' dir='ltr'>(εἶχον</span> <span class='ocrx_word' id='word_1_356' title='bbox 3615 2330 3672 2383; x_wconf 80' lang='grc' dir='ltr'>δὲ</span> <span class='ocrx_word' id='word_1_357' title='bbox 3715 2329 3841 2383; x_wconf 84' lang='grc' dir='ltr'>τότε</span> <span class='ocrx_word' id='word_1_358' title='bbox 3873 2326 3975 2393; x_wconf 78' lang='grc' dir='ltr'>τὴν</span> 
     </span>
    </p>
   </div>
   <div class='ocr_carea' id='block_1_54' title="bbox 2390 2421 3979 2499">
    <p class='ocr_par' dir='ltr' id='par_1_54' title="bbox 2390 2421 3979 2499">
     <span class='ocr_line' id='line_1_54' title="bbox 2390 2421 3979 2499; baseline -0.008 -16"><span class='ocrx_word' id='word_1_359' title='bbox 2390 2431 2552 2499; x_wconf 79' lang='grc' dir='ltr'>νῆσον</span> <span class='ocrx_word' id='word_1_360' title='bbox 2581 2429 2627 2482; x_wconf 89' lang='grc' dir='ltr'><strong>οί</strong></span> <span class='ocrx_word' id='word_1_361' title='bbox 2658 2428 3016 2497; x_wconf 77' lang='grc' dir='ltr'>Παρθενόπης</span> <span class='ocrx_word' id='word_1_362' title='bbox 3041 2428 3330 2498; x_wconf 78' lang='grc' dir='ltr'>βασιλεῖς),</span> <span class='ocrx_word' id='word_1_363' title='bbox 3355 2426 3449 2480; x_wconf 78' lang='grc' dir='ltr'><strong>καὶ</strong></span> <span class='ocrx_word' id='word_1_364' title='bbox 3472 2421 3979 2493; x_wconf 66' lang='grc' dir='ltr'>παρασκευασάμεο</span> 
     </span>
    </p>
   </div>
   <div class='ocr_carea' id='block_1_55' title="bbox 2390 2513 3975 2592">
    <p class='ocr_par' dir='ltr' id='par_1_55' title="bbox 2390 2513 3975 2592">
     <span class='ocr_line' id='line_1_55' title="bbox 2390 2513 3975 2592; baseline 0 -16"><span class='ocrx_word' id='word_1_365' title='bbox 2390 2541 2473 2577; x_wconf 90' lang='grc' dir='ltr'><strong>νοι</strong></span> <span class='ocrx_word' id='word_1_366' title='bbox 2507 2523 2759 2592; x_wconf 83' lang='grc' dir='ltr'>στρατὸν,</span> <span class='ocrx_word' id='word_1_367' title='bbox 2797 2524 2939 2575; x_wconf 83' lang='grc' dir='ltr'>ῐεντο</span> <span class='ocrx_word' id='word_1_368' title='bbox 2964 2522 3057 2574; x_wconf 73' lang='grc' dir='ltr'><strong>ἐπὶ</strong></span> <span class='ocrx_word' id='word_1_369' title='bbox 3088 2522 3188 2588; x_wconf 81' lang='grc' dir='ltr'>τὴν</span> <span class='ocrx_word' id='word_1_370' title='bbox 3229 2519 3620 2589; x_wconf 81' lang='grc' dir='ltr'>Ἀκαρνανίαν,</span> <span class='ocrx_word' id='word_1_371' title='bbox 3650 2516 3725 2579; x_wconf 86' lang='grc' dir='ltr'>ὡς</span> <span class='ocrx_word' id='word_1_372' title='bbox 3751 2513 3879 2576; x_wconf 77' lang='grc' dir='ltr'>τούς</span> <span class='ocrx_word' id='word_1_373' title='bbox 3913 2530 3975 2565; x_wconf 82' lang='grc' dir='ltr'>τε</span> 
     </span>
    </p>
   </div>
   <div class='ocr_carea' id='block_1_56' title="bbox 2404 2609 3977 2687">
    <p class='ocr_par' dir='ltr' id='par_1_56' title="bbox 2404 2609 3977 2687">
     <span class='ocr_line' id='line_1_56' title="bbox 2404 2609 3977 2687; baseline -0.009 -15"><span class='ocrx_word' id='word_1_374' title='bbox 2404 2618 2699 2677; x_wconf 75' lang='grc' dir='ltr'>Ἀλϐανοὺς</span> <span class='ocrx_word' id='word_1_375' title='bbox 2752 2617 2852 2687; x_wconf 79' lang='grc' dir='ltr'><strong>τὴν</strong></span> <span class='ocrx_word' id='word_1_376' title='bbox 2898 2615 3086 2685; x_wconf 83' lang='grc' dir='ltr'>χώραν</span> <span class='ocrx_word' id='word_1_377' title='bbox 3116 2614 3574 2683; x_wconf 63' lang='grc' dir='ltr'>ἀφαιρησόμενοι,</span> <span class='ocrx_word' id='word_1_378' title='bbox 3630 2609 3726 2663; x_wconf 83' lang='grc' dir='ltr'>καὶ</span> <span class='ocrx_word' id='word_1_379' title='bbox 3762 2609 3977 2675; x_wconf 83' lang='grc' dir='ltr'>Ἀρτην</span> 
     </span>
    </p>
   </div>
   <div class='ocr_carea' id='block_1_57' title="bbox 2392 2702 3978 2780">
    <p class='ocr_par' dir='ltr' id='par_1_57' title="bbox 2392 2702 3978 2780">
     <span class='ocr_line' id='line_1_57' title="bbox 2392 2702 3978 2780; baseline -0.009 -14"><span class='ocrx_word' id='word_1_380' title='bbox 2392 2712 2491 2779; x_wconf 84' lang='grc' dir='ltr'>τῆς</span> <span class='ocrx_word' id='word_1_381' title='bbox 2532 2710 2893 2780; x_wconf 81' lang='grc' dir='ltr'>Ἀκαρνανίας</span> <span class='ocrx_word' id='word_1_382' title='bbox 2947 2708 3457 2778; x_wconf 71' lang='grc' dir='ltr'>καταστρεψόμενοι</span> <span class='ocrx_word' id='word_1_383' title='bbox 3505 2705 3785 2765; x_wconf 72' lang='grc' dir='ltr'>λαϐόντες.</span> <span class='ocrx_word' id='word_1_384' title='bbox 3816 2702 3978 2770; x_wconf 79' lang='grc' dir='ltr'>Ἀφι-</span> 
     </span>
    </p>
   </div>
   <div class='ocr_carea' id='block_1_58' title="bbox 2395 2796 3977 2875">
    <p class='ocr_par' dir='ltr' id='par_1_58' title="bbox 2395 2796 3977 2875">
     <span class='ocr_line' id='line_1_58' title="bbox 2395 2796 3977 2875; baseline -0.006 -16"><span class='ocrx_word' id='word_1_385' title='bbox 2395 2807 2616 2875; x_wconf 85' lang='grc' dir='ltr'>κόμενοι</span> <span class='ocrx_word' id='word_1_386' title='bbox 2646 2804 2703 2858; x_wconf 64' lang='grc' dir='ltr'>δὲ</span> <span class='ocrx_word' id='word_1_387' title='bbox 2725 2805 2784 2867; x_wconf 69' lang='grc' dir='ltr'>ἐς</span> <span class='ocrx_word' id='word_1_388' title='bbox 2810 2805 3041 2874; x_wconf 84' lang='grc' dir='ltr'>Ἀρτην,</span> <span class='ocrx_word' id='word_1_389' title='bbox 3074 2806 3173 2873; x_wconf 83' lang='grc' dir='ltr'>τήν</span> <span class='ocrx_word' id='word_1_390' title='bbox 3203 2820 3260 2855; x_wconf 87' lang='grc' dir='ltr'><strong>τε</strong></span> <span class='ocrx_word' id='word_1_391' title='bbox 3291 2802 3445 2855; x_wconf 80' lang='grc' dir='ltr'>πόλιν</span> <span class='ocrx_word' id='word_1_392' title='bbox 3468 2800 3845 2869; x_wconf 67' lang='grc' dir='ltr'>ἰπολιόρκουν,</span> <span class='ocrx_word' id='word_1_393' title='bbox 3876 2796 3977 2850; x_wconf 80' lang='grc' dir='ltr'><strong>καὶ</strong></span> 
     </span>
    </p>
   </div>
   <div class='ocr_carea' id='block_1_59' title="bbox 2400 2892 3973 2969">
    <p class='ocr_par' dir='ltr' id='par_1_59' title="bbox 2400 2892 3973 2969">
     <span class='ocr_line' id='line_1_59' title="bbox 2400 2892 3973 2969; baseline -0.007 -17"><span class='ocrx_word' id='word_1_394' title='bbox 2400 2898 2648 2969; x_wconf 84' lang='grc' dir='ltr'>μηχανὰς</span> <span class='ocrx_word' id='word_1_395' title='bbox 2702 2898 3044 2967; x_wconf 78' lang='grc' dir='ltr'>προσέφερον</span> <span class='ocrx_word' id='word_1_396' title='bbox 3093 2897 3173 2966; x_wconf 86' lang='grc' dir='ltr'>τῷ</span> <span class='ocrx_word' id='word_1_397' title='bbox 3221 2896 3414 2966; x_wconf 82' lang='grc' dir='ltr'>τείχει,</span> <span class='ocrx_word' id='word_1_398' title='bbox 3452 2894 3529 2957; x_wconf 85' lang='grc' dir='ltr'><strong>ὡς</strong></span> <span class='ocrx_word' id='word_1_399' title='bbox 3574 2893 3899 2963; x_wconf 78' lang='grc' dir='ltr'>αἱρήσοντες</span> <span class='ocrx_word' id='word_1_400' title='bbox 3930 2892 3973 2942; x_wconf 76' lang='grc'>⁸.</span> 
     </span>
    </p>
   </div>
   <div class='ocr_carea' id='block_1_60' title="bbox 2397 2981 3975 3058">
    <p class='ocr_par' dir='ltr' id='par_1_60' title="bbox 2397 2981 3975 3058">
     <span class='ocr_line' id='line_1_60' title="bbox 2397 2981 3975 3058; baseline -0.007 -14"><span class='ocrx_word' id='word_1_401' title='bbox 2397 2992 2616 3054; x_wconf 84' lang='grc' dir='ltr'>Σπάτας</span> <span class='ocrx_word' id='word_1_402' title='bbox 2641 2990 2698 3043; x_wconf 79' lang='grc' dir='ltr'>δὲ</span> <span class='ocrx_word' id='word_1_403' title='bbox 2726 2991 2755 3042; x_wconf 83' lang='grc' dir='ltr'><strong>ὁ</strong></span> <span class='ocrx_word' id='word_1_404' title='bbox 2784 2989 2893 3042; x_wconf 89' lang='grc' dir='ltr'><strong>τῶν</strong></span> <span class='ocrx_word' id='word_1_405' title='bbox 2923 2988 3199 3041; x_wconf 85' lang='grc' dir='ltr'>Ἀλϐανῶν</span> <span class='ocrx_word' id='word_1_406' title='bbox 3249 2986 3498 3058; x_wconf 80' lang='grc' dir='ltr'>ἡγεμὼν,</span> <span class='ocrx_word' id='word_1_407' title='bbox 3546 2986 3607 3037; x_wconf 83' lang='grc' dir='ltr'><strong>οὐ</strong></span> <span class='ocrx_word' id='word_1_408' title='bbox 3662 2984 3770 3055; x_wconf 70' lang='grc' dir='ltr'><strong>γὰρ</strong></span> <span class='ocrx_word' id='word_1_409' title='bbox 3801 2981 3975 3053; x_wconf 77' lang='grc' dir='ltr'>εἰσῄει</span> 
     </span>
    </p>
   </div>
   <div class='ocr_carea' id='block_1_61' title="bbox 2398 3078 3975 3153">
    <p class='ocr_par' dir='ltr' id='par_1_61' title="bbox 2398 3078 3975 3153">
     <span class='ocr_line' id='line_1_61' title="bbox 2398 3078 3975 3153; baseline -0.005 -19"><span class='ocrx_word' id='word_1_410' title='bbox 2398 3084 2455 3147; x_wconf 74' lang='grc' dir='ltr'>ἐς</span> <span class='ocrx_word' id='word_1_411' title='bbox 2480 3081 2579 3153; x_wconf 88' lang='grc' dir='ltr'><strong>τὴν</strong></span> <span class='ocrx_word' id='word_1_412' title='bbox 2611 3082 2788 3148; x_wconf 86' lang='grc' dir='ltr'>πόλιν,</span> <span class='ocrx_word' id='word_1_413' title='bbox 2821 3081 2938 3135; x_wconf 81' lang='grc' dir='ltr'>ἀλλ’</span> <span class='ocrx_word' id='word_1_414' title='bbox 2977 3080 3134 3139; x_wconf 75' lang='grc' dir='ltr'>ἐκτὸς</span> <span class='ocrx_word' id='word_1_415' title='bbox 3156 3078 3373 3151; x_wconf 83' lang='grc' dir='ltr'>περιῄει</span> <span class='ocrx_word' id='word_1_416' title='bbox 3401 3079 3501 3148; x_wconf 78' lang='grc' dir='ltr'><strong>τὴν</strong></span> <span class='ocrx_word' id='word_1_417' title='bbox 3524 3080 3728 3148; x_wconf 85' lang='grc' dir='ltr'>χώραν,</span> <span class='ocrx_word' id='word_1_418' title='bbox 3754 3079 3880 3138; x_wconf 83' lang='grc' dir='ltr'>τούς</span> <span class='ocrx_word' id='word_1_419' title='bbox 3913 3090 3975 3127; x_wconf 85' lang='grc' dir='ltr'><strong>τε</strong></span> 
     </span>
    </p>
   </div>
   <div class='ocr_carea' id='block_1_62' title="bbox 722 3169 2288 3243">
    <p class='ocr_par' dir='ltr' id='par_1_62' title="bbox 722 3170 2288 3243">
     <span class='ocr_line' id='line_1_62' title="bbox 722 3170 2288 3243; baseline -0.001 -16"><span class='ocrx_word' id='word_1_420' title='bbox 722 3173 788 3227; x_wconf 83' lang='lat' dir='ltr'><strong>ad</strong></span> <span class='ocrx_word' id='word_1_421' title='bbox 829 3186 1071 3241; x_wconf 68' lang='lat' dir='ltr'><strong>praesens</strong></span> <span class='ocrx_word' id='word_1_422' title='bbox 1101 3170 1429 3241; x_wconf 88' lang='lat' dir='ltr'><strong>periculum.</strong></span> <span class='ocrx_word' id='word_1_423' title='bbox 1461 3171 1583 3236; x_wconf 83' lang='lat' dir='ltr'><strong>Quo</strong></span> <span class='ocrx_word' id='word_1_424' title='bbox 1642 3170 1875 3241; x_wconf 84' lang='lat' dir='ltr'><strong>impigre</strong></span> <span class='ocrx_word' id='word_1_425' title='bbox 1915 3172 2081 3234; x_wconf 86' lang='lat' dir='ltr'><strong>facto,</strong></span> <span class='ocrx_word' id='word_1_426' title='bbox 2113 3174 2288 3243; x_wconf 90' lang='lat' dir='ltr'><strong>oppri-</strong></span> 
     </span>
    </p>
   </div>
   <div class='ocr_carea' id='block_1_63' title="bbox 2392 3169 3974 3243">
    <p class='ocr_par' dir='ltr' id='par_1_63' title="bbox 2415 3169 3974 3241">
     <span class='ocr_line' id='line_1_63' title="bbox 2415 3169 3974 3241; baseline -0.006 -13"><span class='ocrx_word' id='word_1_427' title='bbox 2415 3176 2707 3238; x_wconf 78' lang='grc' dir='ltr'>Ἀλϐανοὺς</span> <span class='ocrx_word' id='word_1_428' title='bbox 2766 3174 3025 3241; x_wconf 81' lang='grc' dir='ltr'>συλλέξας</span> <span class='ocrx_word' id='word_1_429' title='bbox 3057 3175 3115 3237; x_wconf 75' lang='grc' dir='ltr'>ἐς</span> <span class='ocrx_word' id='word_1_430' title='bbox 3150 3174 3340 3236; x_wconf 83' lang='grc' dir='ltr'>ταυτὸ,</span> <span class='ocrx_word' id='word_1_431' title='bbox 3371 3172 3465 3225; x_wconf 74' lang='grc' dir='ltr'>καὶ</span> <span class='ocrx_word' id='word_1_432' title='bbox 3521 3169 3974 3241; x_wconf 78' lang='grc' dir='ltr'>βουλευσάμενος,</span> 
     </span>
    </p>
   </div>
   <div class='ocr_carea' id='block_1_64' title="bbox 725 3263 2289 3334">
    <p class='ocr_par' dir='ltr' id='par_1_64' title="bbox 725 3263 2289 3334">
     <span class='ocr_line' id='line_1_64' title="bbox 725 3263 2289 3334; baseline 0 -16"><span class='ocrx_word' id='word_1_433' title='bbox 725 3276 882 3319; x_wconf 87' lang='lat' dir='ltr'><strong>munt</strong></span> <span class='ocrx_word' id='word_1_434' title='bbox 951 3264 1137 3319; x_wconf 90' lang='lat' dir='ltr'><strong>subito</strong></span> <span class='ocrx_word' id='word_1_435' title='bbox 1205 3263 1467 3319; x_wconf 80' lang='lat' dir='ltr'><strong>Italorum</strong></span> <span class='ocrx_word' id='word_1_436' title='bbox 1527 3264 1829 3318; x_wconf 77' lang='lat' dir='ltr'><strong>exercitum</strong></span> <span class='ocrx_word' id='word_1_437' title='bbox 1898 3266 2289 3334; x_wconf 83' lang='lat' dir='ltr'><strong>Oppugnationi</strong></span> 
     </span>
    </p>
   </div>
   <div class='ocr_carea' id='block_1_65' title="bbox 726 3354 2294 3425">
    <p class='ocr_par' dir='ltr' id='par_1_65' title="bbox 726 3354 2294 3425">
     <span class='ocr_line' id='line_1_65' title="bbox 726 3354 2294 3425; baseline -0.003 -12"><span class='ocrx_word' id='word_1_438' title='bbox 726 3360 1024 3421; x_wconf 86' lang='lat' dir='ltr'><strong>intentum,</strong></span> <span class='ocrx_word' id='word_1_439' title='bbox 1085 3370 1226 3425; x_wconf 86' lang='lat' dir='ltr'><strong>quos</strong></span> <span class='ocrx_word' id='word_1_440' title='bbox 1278 3355 1331 3407; x_wconf 94' lang='lat' dir='ltr'><strong>in</strong></span> <span class='ocrx_word' id='word_1_441' title='bbox 1382 3354 1565 3425; x_wconf 88' lang='lat' dir='ltr'><strong>fugam</strong></span> <span class='ocrx_word' id='word_1_442' title='bbox 1624 3355 1979 3424; x_wconf 88' lang='lat' dir='ltr'><strong>compellunt,</strong></span> <span class='ocrx_word' id='word_1_443' title='bbox 2040 3355 2294 3424; x_wconf 85' lang='lat' dir='ltr'><strong>plurimis</strong></span> 
     </span>
    </p>
   </div>
   <div class='ocr_carea' id='block_1_66' title="bbox 725 3446 2294 3520">
    <p class='ocr_par' dir='ltr' id='par_1_66' title="bbox 725 3446 2294 3520">
     <span class='ocr_line' id='line_1_66' title="bbox 725 3446 2294 3520; baseline 0.001 -17"><span class='ocrx_word' id='word_1_444' title='bbox 725 3451 920 3520; x_wconf 84' lang='lat' dir='ltr'><strong>partim</strong></span> <span class='ocrx_word' id='word_1_445' title='bbox 958 3448 1190 3511; x_wconf 79' lang='lat' dir='ltr'><strong>necatis,</strong></span> <span class='ocrx_word' id='word_1_446' title='bbox 1239 3446 1438 3516; x_wconf 87' lang='lat' dir='ltr'><strong>partim</strong></span> <span class='ocrx_word' id='word_1_447' title='bbox 1491 3448 1688 3515; x_wconf 77' lang='lat' dir='ltr'><strong>captis.</strong></span> <span class='ocrx_word' id='word_1_448' title='bbox 1745 3447 1942 3504; x_wconf 89' lang='lat' dir='ltr'><strong>Socius</strong></span> <span class='ocrx_word' id='word_1_449' title='bbox 1966 3455 2024 3503; x_wconf 89' lang='lat' dir='ltr'><strong>et</strong></span> <span class='ocrx_word' id='word_1_450' title='bbox 2059 3450 2294 3504; x_wconf 78' lang='lat' dir='ltr'><strong>auxilia-</strong></span> 
     </span>
    </p>
   </div>
   <div class='ocr_carea' id='block_1_67' title="bbox 727 3538 2293 3610">
    <p class='ocr_par' dir='ltr' id='par_1_67' title="bbox 727 3538 2293 3610">
     <span class='ocr_line' id='line_1_67' title="bbox 727 3538 2293 3610; baseline 0.001 -14"><span class='ocrx_word' id='word_1_451' title='bbox 727 3545 802 3597; x_wconf 87' lang='lat' dir='ltr'><strong>ris</strong></span> <span class='ocrx_word' id='word_1_452' title='bbox 826 3543 1018 3597; x_wconf 87' lang='lat' dir='ltr'><strong>aderat</strong></span> <span class='ocrx_word' id='word_1_453' title='bbox 1049 3542 1103 3595; x_wconf 91' lang='lat' dir='ltr'><strong>in</strong></span> <span class='ocrx_word' id='word_1_454' title='bbox 1137 3556 1202 3595; x_wconf 89' lang='lat' dir='ltr'><strong>eo</strong></span> <span class='ocrx_word' id='word_1_455' title='bbox 1232 3539 1420 3610; x_wconf 68' lang='lat' dir='ltr'><strong>praelio</strong></span> <span class='ocrx_word' id='word_1_456' title='bbox 1456 3538 1751 3610; x_wconf 78' lang='lat' dir='ltr'><strong>l’rialupas</strong></span> <span class='ocrx_word' id='word_1_457' title='bbox 1785 3539 2003 3595; x_wconf 70' lang='lat' dir='ltr'><strong>IEtoliae</strong></span> <span class='ocrx_word' id='word_1_458' title='bbox 2036 3541 2293 3610; x_wconf 87' lang='lat' dir='ltr'><strong>princeps</strong></span> 
     </span>
    </p>
   </div>
   <div class='ocr_carea' id='block_1_68' title="bbox 724 3631 2297 3701">
    <p class='ocr_par' dir='ltr' id='par_1_68' title="bbox 724 3631 2297 3701">
     <span class='ocr_line' id='line_1_68' title="bbox 724 3631 2297 3701; baseline 0.001 -15"><span class='ocrx_word' id='word_1_459' title='bbox 724 3632 1002 3687; x_wconf 79' lang='lat' dir='ltr'><strong>Triballus</strong></span> <span class='ocrx_word' id='word_1_460' title='bbox 1043 3631 1225 3688; x_wconf 82' lang='lat' dir='ltr'><strong>afﬂuis</strong></span> <span class='ocrx_word' id='word_1_461' title='bbox 1274 3631 1457 3701; x_wconf 70' lang='lat' dir='ltr'><strong>Spatzn</strong></span> <span class='ocrx_word' id='word_1_462' title='bbox 1507 3632 1633 3688; x_wconf 91' lang='lat' dir='ltr'><strong>duci</strong></span> <span class='ocrx_word' id='word_1_463' title='bbox 1684 3635 1852 3687; x_wconf 73' lang='lat' dir='ltr'><strong>Arne.</strong></span> <span class='ocrx_word' id='word_1_464' title='bbox 1903 3635 1962 3687; x_wconf 83' lang='lat' dir='ltr'><strong>In</strong></span> <span class='ocrx_word' id='word_1_465' title='bbox 1990 3633 2136 3688; x_wconf 91' lang='lat' dir='ltr'><strong>hunc</strong></span> <span class='ocrx_word' id='word_1_466' title='bbox 2177 3649 2297 3689; x_wconf 86' lang='lat' dir='ltr'><strong>mo-</strong></span> 
     </span>
    </p>
   </div>
   <div class='ocr_carea' id='block_1_69' title="bbox 725 3724 2294 3793">
    <p class='ocr_par' dir='ltr' id='par_1_69' title="bbox 725 3724 2294 3793">
     <span class='ocr_line' id='line_1_69' title="bbox 725 3724 2294 3793; baseline 0.004 -17"><span class='ocrx_word' id='word_1_467' title='bbox 725 3727 853 3778; x_wconf 85' lang='lat' dir='ltr'><strong>dum</strong></span> <span class='ocrx_word' id='word_1_468' title='bbox 884 3724 1081 3793; x_wconf 68' lang='grc' dir='ltr'>δροιωί</span> <span class='ocrx_word' id='word_1_469' title='bbox 1107 3724 1472 3780; x_wconf 80' lang='lat' dir='ltr'><strong>Acarnaniam</strong></span> <span class='ocrx_word' id='word_1_470' title='bbox 1503 3735 1867 3793; x_wconf 87' lang='lat' dir='ltr'><strong>occuparunt.</strong></span> <span class='ocrx_word' id='word_1_471' title='bbox 1896 3727 2092 3783; x_wconf 85' lang='lat' dir='ltr'><strong>Postea</strong></span> <span class='ocrx_word' id='word_1_472' title='bbox 2123 3728 2294 3782; x_wconf 89' lang='lat' dir='ltr'><strong>Caro-</strong></span> 
     </span>
    </p>
   </div>
   <div class='ocr_carea' id='block_1_70' title="bbox 730 3819 2293 3888">
    <p class='ocr_par' dir='ltr' id='par_1_70' title="bbox 730 3819 2293 3888">
     <span class='ocr_line' id='line_1_70' title="bbox 730 3819 2293 3888; baseline 0.003 -18"><span class='ocrx_word' id='word_1_473' title='bbox 730 3819 812 3873; x_wconf 87' lang='lat' dir='ltr'><strong>lus</strong></span> <span class='ocrx_word' id='word_1_474' title='bbox 840 3834 966 3874; x_wconf 89' lang='lat' dir='ltr'><strong>cum</strong></span> <span class='ocrx_word' id='word_1_475' title='bbox 997 3819 1443 3888; x_wconf 82' lang='lat' dir='ltr'><strong>proficisceretur</strong></span> <span class='ocrx_word' id='word_1_476' title='bbox 1474 3820 1542 3874; x_wconf 88' lang='lat' dir='ltr'><strong>ab</strong></span> <span class='ocrx_word' id='word_1_477' title='bbox 1577 3820 1773 3875; x_wconf 83' lang='lat' dir='ltr'><strong>insulis</strong></span> <span class='ocrx_word' id='word_1_478' title='bbox 1802 3836 1927 3873; x_wconf 89' lang='lat' dir='ltr'><strong>cum</strong></span> <span class='ocrx_word' id='word_1_479' title='bbox 1962 3821 2078 3873; x_wconf 84' lang='lat' dir='ltr'><strong>suis</strong></span> <span class='ocrx_word' id='word_1_480' title='bbox 2101 3820 2293 3884; x_wconf 84' lang='lat' dir='ltr'><strong>sociis,</strong></span> 
     </span>
    </p>
   </div>
   <div class='ocr_carea' id='block_1_71' title="bbox 732 3914 2293 3983">
    <p class='ocr_par' dir='ltr' id='par_1_71' title="bbox 732 3914 2293 3983">
     <span class='ocr_line' id='line_1_71' title="bbox 732 3914 2293 3983; baseline 0.001 -17"><span class='ocrx_word' id='word_1_481' title='bbox 732 3928 945 3967; x_wconf 80' lang='lat' dir='ltr'><strong>necnon</strong></span> <span class='ocrx_word' id='word_1_482' title='bbox 1005 3914 1129 3968; x_wconf 85' lang='lat' dir='ltr'><strong>aliis</strong></span> <span class='ocrx_word' id='word_1_483' title='bbox 1178 3916 1508 3983; x_wconf 83' lang='lat' dir='ltr'><strong>quibusdam</strong></span> <span class='ocrx_word' id='word_1_484' title='bbox 1565 3916 1657 3983; x_wconf 86' lang='lat' dir='ltr'><strong>qni</strong></span> <span class='ocrx_word' id='word_1_485' title='bbox 1712 3916 1764 3969; x_wconf 93' lang='lat' dir='ltr'><strong>in</strong></span> <span class='ocrx_word' id='word_1_486' title='bbox 1804 3915 2124 3970; x_wconf 74' lang='lat' dir='ltr'><strong>societatem</strong></span> <span class='ocrx_word' id='word_1_487' title='bbox 2168 3914 2293 3969; x_wconf 86' lang='lat' dir='ltr'><strong>belli</strong></span> 
     </span>
    </p>
   </div>
   <div class='ocr_carea' id='block_1_72' title="bbox 731 4004 2294 4078">
    <p class='ocr_par' dir='ltr' id='par_1_72' title="bbox 731 4004 2294 4078">
     <span class='ocr_line' id='line_1_72' title="bbox 731 4004 2294 4078; baseline 0.003 -23"><span class='ocrx_word' id='word_1_488' title='bbox 731 4015 1016 4068; x_wconf 69' lang='lat' dir='ltr'><strong>venerant,</strong></span> <span class='ocrx_word' id='word_1_489' title='bbox 1046 4004 1238 4062; x_wconf 64' lang='lat' dir='ltr'><strong>offensi</strong></span> <span class='ocrx_word' id='word_1_490' title='bbox 1273 4007 1610 4061; x_wconf 87' lang='lat' dir='ltr'><strong>Albanorum</strong></span> <span class='ocrx_word' id='word_1_491' title='bbox 1665 4008 1979 4078; x_wconf 70' lang='lat' dir='ltr'><strong>tyrannide,</strong></span> <span class='ocrx_word' id='word_1_492' title='bbox 2009 4006 2294 4076; x_wconf 83' lang='lat' dir='ltr'><strong>regionem</strong></span> 
     </span>
    </p>
   </div>
   <div class='ocr_carea' id='block_1_73' title="bbox 730 4099 2297 4171">
    <p class='ocr_par' dir='ltr' id='par_1_73' title="bbox 730 4099 2297 4171">
     <span class='ocr_line' id='line_1_73' title="bbox 730 4099 2297 4171; baseline 0 -16"><span class='ocrx_word' id='word_1_493' title='bbox 730 4099 1057 4155; x_wconf 64' lang='lat' dir='ltr'><strong>Acarnaniae</strong></span> <span class='ocrx_word' id='word_1_494' title='bbox 1089 4101 1445 4171; x_wconf 85' lang='lat' dir='ltr'><strong>subegerunt.</strong></span> <span class='ocrx_word' id='word_1_495' title='bbox 1488 4101 1759 4155; x_wconf 61' lang='lat' dir='ltr'><strong>Praeterea</strong></span> <span class='ocrx_word' id='word_1_496' title='bbox 1786 4102 2110 4170; x_wconf 81' lang='lat' dir='ltr'><strong>eripuerunt</strong></span> <span class='ocrx_word' id='word_1_497' title='bbox 2135 4100 2297 4155; x_wconf 67' lang='lat' dir='ltr'><strong>Elo-</strong></span> 
     </span>
    </p>
   </div>
   <div class='ocr_carea' id='block_1_74' title="bbox 732 4189 2305 4263">
    <p class='ocr_par' dir='ltr' id='par_1_74' title="bbox 732 4189 2305 4263">
     <span class='ocr_line' id='line_1_74' title="bbox 732 4189 2305 4263; baseline 0.003 -20"><span class='ocrx_word' id='word_1_498' title='bbox 732 4193 857 4245; x_wconf 90' lang='lat' dir='ltr'><strong>Iiam</strong></span> <span class='ocrx_word' id='word_1_499' title='bbox 888 4189 1223 4262; x_wconf 71' lang='lat' dir='ltr'><strong>lzaulo&#39;(28)</strong></span> <span class='ocrx_word' id='word_1_500' title='bbox 1269 4192 1479 4263; x_wconf 86' lang='lat' dir='ltr'><strong>regenti</strong></span> <span class='ocrx_word' id='word_1_501' title='bbox 1527 4192 1941 4247; x_wconf 79' lang='lat' dir='ltr'><strong>Dromtenornm</strong></span> <span class='ocrx_word' id='word_1_502' title='bbox 2007 4194 2194 4247; x_wconf 90' lang='lat' dir='ltr'><strong>urbem</strong></span> <span class='ocrx_word' id='word_1_503' title='bbox 2245 4198 2305 4247; x_wconf 85' lang='lat' dir='ltr'><strong>et</strong></span> 
     </span>
    </p>
   </div>
   <div class='ocr_carea' id='block_1_75' title="bbox 734 4283 2296 4354">
    <p class='ocr_par' dir='ltr' id='par_1_75' title="bbox 734 4283 2296 4354">
     <span class='ocr_line' id='line_1_75' title="bbox 734 4283 2296 4354; baseline 0.001 -17"><span class='ocrx_word' id='word_1_504' title='bbox 734 4284 1017 4339; x_wconf 28' lang='lat' dir='ltr'><strong>.tlitoliam.</strong></span> <span class='ocrx_word' id='word_1_505' title='bbox 1054 4283 1346 4353; x_wconf 87' lang='lat' dir='ltr'><strong>Imperium</strong></span> <span class='ocrx_word' id='word_1_506' title='bbox 1379 4284 1598 4339; x_wconf 67' lang='lat' dir='ltr'><strong>Aitoliaa</strong></span> <span class='ocrx_word' id='word_1_507' title='bbox 1633 4294 1795 4340; x_wconf 87' lang='lat' dir='ltr'><strong>antea</strong></span> <span class='ocrx_word' id='word_1_508' title='bbox 1828 4300 1996 4354; x_wconf 89' lang='lat' dir='ltr'><strong>penes</strong></span> <span class='ocrx_word' id='word_1_509' title='bbox 2028 4283 2296 4339; x_wconf 89' lang='lat' dir='ltr'><strong>Thomam</strong></span> 
     </span>
    </p>
   </div>
   <div class='ocr_carea' id='block_1_76' title="bbox 732 4372 2297 4446">
    <p class='ocr_par' dir='ltr' id='par_1_76' title="bbox 732 4372 2297 4446">
     <span class='ocr_line' id='line_1_76' title="bbox 732 4372 2297 4446; baseline 0.003 -20"><span class='ocrx_word' id='word_1_510' title='bbox 732 4372 1001 4443; x_wconf 70' lang='lat' dir='ltr'><strong>Prialupze</strong></span> <span class='ocrx_word' id='word_1_511' title='bbox 1063 4374 1289 4429; x_wconf 84' lang='lat' dir='ltr'><strong>Triballi</strong></span> <span class='ocrx_word' id='word_1_512' title='bbox 1361 4375 1529 4429; x_wconf 82' lang='lat' dir='ltr'><strong>illium</strong></span> <span class='ocrx_word' id='word_1_513' title='bbox 1594 4376 1717 4439; x_wconf 92' lang='lat' dir='ltr'><strong>fuit,</strong></span> <span class='ocrx_word' id='word_1_514' title='bbox 1780 4386 1836 4431; x_wconf 90' lang='lat' dir='ltr'><strong>et</strong></span> <span class='ocrx_word' id='word_1_515' title='bbox 1894 4377 2000 4431; x_wconf 89' lang='lat' dir='ltr'><strong>hoc</strong></span> <span class='ocrx_word' id='word_1_516' title='bbox 2048 4385 2210 4446; x_wconf 87' lang='lat' dir='ltr'><strong>pacto</strong></span> <span class='ocrx_word' id='word_1_517' title='bbox 2242 4377 2297 4431; x_wconf 91' lang='lat' dir='ltr'><strong>in</strong></span> 
     </span>
    </p>
   </div>
   <div class='ocr_carea' id='block_1_77' title="bbox 735 4466 2299 4538">
    <p class='ocr_par' dir='ltr' id='par_1_77' title="bbox 735 4466 2299 4538">
     <span class='ocr_line' id='line_1_77' title="bbox 735 4466 2299 4538; baseline 0.004 -21"><span class='ocrx_word' id='word_1_518' title='bbox 735 4466 975 4518; x_wconf 78' lang='lat' dir='ltr'><strong>lzanlnm</strong></span> <span class='ocrx_word' id='word_1_519' title='bbox 1019 4467 1285 4535; x_wconf 81' lang='lat' dir='ltr'><strong>pervenit.</strong></span> <span class='ocrx_word' id='word_1_520' title='bbox 1327 4467 1463 4521; x_wconf 89' lang='lat' dir='ltr'><strong>Cum</strong></span> <span class='ocrx_word' id='word_1_521' title='bbox 1503 4468 1790 4538; x_wconf 82' lang='lat' dir='ltr'><strong>adjuvaret</strong></span> <span class='ocrx_word' id='word_1_522' title='bbox 1839 4468 2129 4538; x_wconf 86' lang='lat' dir='ltr'><strong>Prialupas</strong></span> <span class='ocrx_word' id='word_1_523' title='bbox 2165 4469 2299 4538; x_wconf 83' lang='lat' dir='ltr'><strong>Spa-</strong></span> 
     </span>
    </p>
   </div>
   <div class='ocr_carea' id='block_1_78' title="bbox 2326 4520 2379 4581">
    <p class='ocr_par' dir='ltr' id='par_1_78' title="bbox 2326 4520 2379 4581">
     <span class='ocr_line' id='line_1_78' title="bbox 2326 4520 2379 4581; baseline 0 0"><span class='ocrx_word' id='word_1_524' title='bbox 2326 4520 2379 4581; x_wconf 92' lang='lat' dir='ltr'><strong>D</strong></span> 
     </span>
    </p>
   </div>
   <div class='ocr_carea' id='block_1_79' title="bbox 2393 3263 3976 3336">
    <p class='ocr_par' dir='ltr' id='par_1_79' title="bbox 2393 3263 3976 3336">
     <span class='ocr_line' id='line_1_79' title="bbox 2393 3263 3976 3336; baseline -0.004 -16"><span class='ocrx_word' id='word_1_525' title='bbox 2393 3268 2471 3330; x_wconf 83' lang='grc' dir='ltr'>ὡς</span> <span class='ocrx_word' id='word_1_526' title='bbox 2503 3267 2650 3336; x_wconf 80' lang='grc' dir='ltr'>αὐτῷ</span> <span class='ocrx_word' id='word_1_527' title='bbox 2712 3267 2929 3320; x_wconf 79' lang='grc' dir='ltr'>εἵποντο</span> <span class='ocrx_word' id='word_1_528' title='bbox 2985 3268 3219 3334; x_wconf 80' lang='grc' dir='ltr'>ἑτοίμως</span> <span class='ocrx_word' id='word_1_529' title='bbox 3281 3268 3361 3329; x_wconf 88' lang='grc' dir='ltr'><strong>είς</strong></span> <span class='ocrx_word' id='word_1_530' title='bbox 3388 3266 3480 3318; x_wconf 84' lang='grc' dir='ltr'>τὸν</span> <span class='ocrx_word' id='word_1_531' title='bbox 3522 3264 3788 3329; x_wconf 83' lang='grc' dir='ltr'>κίνδυνον,</span> <span class='ocrx_word' id='word_1_532' title='bbox 3817 3263 3976 3331; x_wconf 74' lang='grc' dir='ltr'>ἄφνω</span> 
     </span>
    </p>
   </div>
   <div class='ocr_carea' id='block_1_80' title="bbox 2396 3355 3975 3428">
    <p class='ocr_par' dir='ltr' id='par_1_80' title="bbox 2396 3355 3975 3428">
     <span class='ocr_line' id='line_1_80' title="bbox 2396 3355 3975 3428; baseline -0.005 -15"><span class='ocrx_word' id='word_1_533' title='bbox 2396 3358 2819 3413; x_wconf 81' lang='grc' dir='ltr'>ὲπεισπίπτονσι</span> <span class='ocrx_word' id='word_1_534' title='bbox 2869 3359 2947 3427; x_wconf 81' lang='grc' dir='ltr'>τῷ</span> <span class='ocrx_word' id='word_1_535' title='bbox 2986 3358 3207 3413; x_wconf 81' lang='grc' dir='ltr'>Ἰταλῶν</span> <span class='ocrx_word' id='word_1_536' title='bbox 3238 3358 3634 3428; x_wconf 82' lang='grc' dir='ltr'>στρατεύματι,</span> <span class='ocrx_word' id='word_1_537' title='bbox 3661 3355 3689 3409; x_wconf 84' lang='grc' dir='ltr'><strong>δ</strong></span> <span class='ocrx_word' id='word_1_538' title='bbox 3721 3356 3975 3424; x_wconf 78' lang='grc' dir='ltr'>ἐπολιόρ-</span> 
     </span>
    </p>
   </div>
   <div class='ocr_carea' id='block_1_81' title="bbox 2396 3448 3976 3523">
    <p class='ocr_par' dir='ltr' id='par_1_81' title="bbox 2396 3448 3976 3523">
     <span class='ocr_line' id='line_1_81' title="bbox 2396 3448 3976 3523; baseline -0.004 -17"><span class='ocrx_word' id='word_1_539' title='bbox 2396 3471 2483 3506; x_wconf 88' lang='grc' dir='ltr'><strong>κει</strong></span> <span class='ocrx_word' id='word_1_540' title='bbox 2507 3452 2605 3523; x_wconf 84' lang='grc' dir='ltr'><strong>τὴν</strong></span> <span class='ocrx_word' id='word_1_541' title='bbox 2653 3452 2832 3515; x_wconf 88' lang='grc' dir='ltr'>πόλιν,</span> <span class='ocrx_word' id='word_1_542' title='bbox 2883 3454 2983 3505; x_wconf 78' lang='grc' dir='ltr'><strong>καὶ</strong></span> <span class='ocrx_word' id='word_1_543' title='bbox 3018 3451 3351 3523; x_wconf 79' lang='grc' dir='ltr'>τρεψάμενοι</span> <span class='ocrx_word' id='word_1_544' title='bbox 3384 3453 3441 3512; x_wconf 79' lang='grc' dir='ltr'>ἐς</span> <span class='ocrx_word' id='word_1_545' title='bbox 3489 3450 3690 3518; x_wconf 74' lang='grc' dir='ltr'>φυγὴν,</span> <span class='ocrx_word' id='word_1_546' title='bbox 3738 3448 3976 3507; x_wconf 66' lang='grc' dir='ltr'>πολλοὺς</span> 
     </span>
    </p>
   </div>
   <div class='ocr_carea' id='block_1_82' title="bbox 2399 3540 3977 3616">
    <p class='ocr_par' dir='ltr' id='par_1_82' title="bbox 2399 3540 3977 3616">
     <span class='ocr_line' id='line_1_82' title="bbox 2399 3540 3977 3616; baseline -0.006 -16"><span class='ocrx_word' id='word_1_547' title='bbox 2399 3546 2499 3616; x_wconf 78' lang='grc' dir='ltr'><strong>μὲν</strong></span> <span class='ocrx_word' id='word_1_548' title='bbox 2530 3544 2866 3615; x_wconf 80' lang='grc' dir='ltr'>διέφθειραν,</span> <span class='ocrx_word' id='word_1_549' title='bbox 2916 3545 3045 3607; x_wconf 80' lang='grc' dir='ltr'>τοὺς</span> <span class='ocrx_word' id='word_1_550' title='bbox 3075 3544 3131 3596; x_wconf 81' lang='grc' dir='ltr'>δὲ</span> <span class='ocrx_word' id='word_1_551' title='bbox 3162 3544 3383 3604; x_wconf 87' lang='grc' dir='ltr'>πλείους</span> <span class='ocrx_word' id='word_1_552' title='bbox 3435 3540 3779 3611; x_wconf 72' lang='grc' dir='ltr'><strong>ἐζώγρησαν.</strong></span> <span class='ocrx_word' id='word_1_553' title='bbox 3812 3540 3977 3591; x_wconf 77' lang='grc' dir='ltr'>Συνεο</span> 
     </span>
    </p>
   </div>
   <div class='ocr_carea' id='block_1_83' title="bbox 2400 3631 3977 3703">
    <p class='ocr_par' dir='ltr' id='par_1_83' title="bbox 2400 3631 3977 3703">
     <span class='ocr_line' id='line_1_83' title="bbox 2400 3631 3977 3703; baseline -0.006 -10"><span class='ocrx_word' id='word_1_554' title='bbox 2400 3639 2670 3693; x_wconf 85' lang='grc' dir='ltr'>πελάϐετο</span> <span class='ocrx_word' id='word_1_555' title='bbox 2696 3638 2754 3691; x_wconf 84' lang='grc' dir='ltr'>δὲ</span> <span class='ocrx_word' id='word_1_556' title='bbox 2778 3639 2961 3700; x_wconf 85' lang='grc' dir='ltr'>αὐτοῖς</span> <span class='ocrx_word' id='word_1_557' title='bbox 2989 3640 3056 3700; x_wconf 59' lang='grc' dir='ltr'><strong>’ὲς</strong></span> <span class='ocrx_word' id='word_1_558' title='bbox 3082 3637 3233 3690; x_wconf 81' lang='grc' dir='ltr'>τόνδε</span> <span class='ocrx_word' id='word_1_559' title='bbox 3271 3637 3362 3689; x_wconf 73' lang='grc' dir='ltr'>τὸν</span> <span class='ocrx_word' id='word_1_560' title='bbox 3403 3635 3638 3703; x_wconf 86' lang='grc' dir='ltr'>πόλεμον</span> <span class='ocrx_word' id='word_1_561' title='bbox 3683 3634 3780 3686; x_wconf 80' lang='grc' dir='ltr'><strong>καὶ</strong></span> <span class='ocrx_word' id='word_1_562' title='bbox 3804 3631 3977 3703; x_wconf 82' lang='grc' dir='ltr'>Πριά-</span> 
     </span>
    </p>
   </div>
   <div class='ocr_carea' id='block_1_84' title="bbox 2398 3725 3977 3801">
    <p class='ocr_par' dir='ltr' id='par_1_84' title="bbox 2398 3725 3977 3801">
     <span class='ocr_line' id='line_1_84' title="bbox 2398 3725 3977 3801; baseline -0.006 -15"><span class='ocrx_word' id='word_1_563' title='bbox 2398 3733 2608 3794; x_wconf 84' lang='grc' dir='ltr'>λουπας</span> <span class='ocrx_word' id='word_1_564' title='bbox 2629 3733 2657 3784; x_wconf 85' lang='grc' dir='ltr'>ὁ</span> <span class='ocrx_word' id='word_1_565' title='bbox 2677 3731 2775 3801; x_wconf 84' lang='grc' dir='ltr'><strong>τῆς</strong></span> <span class='ocrx_word' id='word_1_566' title='bbox 2799 3729 3066 3793; x_wconf 74' lang='grc' dir='ltr'>Αἰτωλίας</span> <span class='ocrx_word' id='word_1_567' title='bbox 3094 3728 3341 3798; x_wconf 88' lang='grc' dir='ltr'>ἡγεμὼν,</span> <span class='ocrx_word' id='word_1_568' title='bbox 3380 3728 3519 3798; x_wconf 85' lang='grc' dir='ltr'>ἀνὴρ</span> <span class='ocrx_word' id='word_1_569' title='bbox 3543 3725 3865 3797; x_wconf 80' lang='grc' dir='ltr'>Τριϐαλλὸς,</span> <span class='ocrx_word' id='word_1_570' title='bbox 3916 3725 3977 3787; x_wconf 83' lang='grc' dir='ltr'><strong>δς</strong></span> 
     </span>
    </p>
   </div>
   <div class='ocr_carea' id='block_1_85' title="bbox 2399 3818 3963 3895">
    <p class='ocr_par' dir='ltr' id='par_1_85' title="bbox 2399 3818 3963 3895">
     <span class='ocr_line' id='line_1_85' title="bbox 2399 3818 3963 3895; baseline -0.004 -19"><span class='ocrx_word' id='word_1_571' title='bbox 2399 3824 2702 3895; x_wconf 71' lang='grc' dir='ltr'>ἐπιγαμίαν</span> <span class='ocrx_word' id='word_1_572' title='bbox 2730 3822 2868 3893; x_wconf 82' lang='grc' dir='ltr'>πρὸς</span> <span class='ocrx_word' id='word_1_573' title='bbox 2892 3823 2985 3875; x_wconf 65' lang='grc' dir='ltr'>τὸν</span> <span class='ocrx_word' id='word_1_574' title='bbox 3033 3822 3276 3882; x_wconf 85' lang='grc' dir='ltr'>Σπάταν.</span> <span class='ocrx_word' id='word_1_575' title='bbox 3321 3821 3421 3890; x_wconf 83' lang='grc' dir='ltr'>τῆς</span> <span class='ocrx_word' id='word_1_576' title='bbox 3453 3821 3664 3891; x_wconf 82' lang='grc' dir='ltr'>Ἀρτης</span> <span class='ocrx_word' id='word_1_577' title='bbox 3687 3818 3963 3890; x_wconf 76' lang='grc' dir='ltr'>ἡγεμόνα,</span> 
     </span>
    </p>
   </div>
   <div class='ocr_carea' id='block_1_86' title="bbox 2397 3909 3977 3985">
    <p class='ocr_par' dir='ltr' id='par_1_86' title="bbox 2397 3909 3977 3985">
     <span class='ocr_line' id='line_1_86' title="bbox 2397 3909 3977 3985; baseline -0.005 -16"><span class='ocrx_word' id='word_1_578' title='bbox 2397 3918 2713 3985; x_wconf 78' lang='grc' dir='ltr'>ἐπεποίητο.</span> <span class='ocrx_word' id='word_1_579' title='bbox 2748 3913 2908 3969; x_wconf 76' lang='grc' dir='ltr'>Οὕτω</span> <span class='ocrx_word' id='word_1_580' title='bbox 2942 3914 3041 3983; x_wconf 75' lang='grc' dir='ltr'>μὶν</span> <span class='ocrx_word' id='word_1_581' title='bbox 3068 3909 3161 3967; x_wconf 74' lang='grc' dir='ltr'><strong>οὖν</strong></span> <span class='ocrx_word' id='word_1_582' title='bbox 3188 3912 3456 3981; x_wconf 68' lang='grc' dir='ltr'>κατέσχον</span> <span class='ocrx_word' id='word_1_583' title='bbox 3502 3911 3551 3963; x_wconf 76' lang='lat' dir='ltr'><strong>oi</strong></span> <span class='ocrx_word' id='word_1_584' title='bbox 3588 3911 3855 3964; x_wconf 83' lang='grc' dir='ltr'>Σπαταϊοι</span> <span class='ocrx_word' id='word_1_585' title='bbox 3879 3909 3977 3979; x_wconf 80' lang='grc' dir='ltr'>τὴν</span> 
     </span>
    </p>
   </div>
   <div class='ocr_carea' id='block_1_87' title="bbox 2398 4003 3973 4080">
    <p class='ocr_par' dir='ltr' id='par_1_87' title="bbox 2398 4003 3973 4080">
     <span class='ocr_line' id='line_1_87' title="bbox 2398 4003 3973 4080; baseline -0.005 -18"><span class='ocrx_word' id='word_1_586' title='bbox 2398 4012 2581 4080; x_wconf 81' lang='grc' dir='ltr'>χώραν</span> <span class='ocrx_word' id='word_1_587' title='bbox 2599 4009 2697 4078; x_wconf 78' lang='grc' dir='ltr'>τῆς</span> <span class='ocrx_word' id='word_1_588' title='bbox 2720 4006 3105 4078; x_wconf 83' lang='grc' dir='ltr'>Ἀκαρνανίας.</span> <span class='ocrx_word' id='word_1_589' title='bbox 3134 4006 3288 4058; x_wconf 85' lang='grc' dir='ltr'>Μετὰ</span> <span class='ocrx_word' id='word_1_590' title='bbox 3314 4005 3370 4058; x_wconf 81' lang='grc' dir='ltr'>δὲ</span> <span class='ocrx_word' id='word_1_591' title='bbox 3410 4003 3587 4058; x_wconf 85' lang='grc' dir='ltr'>ταῦτα</span> <span class='ocrx_word' id='word_1_592' title='bbox 3632 4003 3973 4073; x_wconf 77' lang='grc' dir='ltr'>ὡρμημένου</span> 
     </span>
    </p>
   </div>
   <div class='ocr_carea' id='block_1_88' title="bbox 2398 4094 3977 4171">
    <p class='ocr_par' dir='ltr' id='par_1_88' title="bbox 2398 4094 3977 4171">
     <span class='ocr_line' id='line_1_88' title="bbox 2398 4094 3977 4171; baseline -0.006 -16"><span class='ocrx_word' id='word_1_593' title='bbox 2398 4102 2491 4155; x_wconf 80' lang='grc' dir='ltr'>τοῦ</span> <span class='ocrx_word' id='word_1_594' title='bbox 2524 4100 2806 4171; x_wconf 84' lang='grc' dir='ltr'>Καρούλου</span> <span class='ocrx_word' id='word_1_595' title='bbox 2856 4100 2965 4152; x_wconf 72' lang='grc' dir='ltr'><strong>ἀπὸ</strong></span> <span class='ocrx_word' id='word_1_596' title='bbox 2988 4098 3094 4151; x_wconf 88' lang='grc' dir='ltr'><strong>τῶν</strong></span> <span class='ocrx_word' id='word_1_597' title='bbox 3122 4098 3302 4167; x_wconf 84' lang='grc' dir='ltr'>νήσων</span> <span class='ocrx_word' id='word_1_598' title='bbox 3351 4098 3449 4150; x_wconf 80' lang='grc' dir='ltr'><strong>σὺν</strong></span> <span class='ocrx_word' id='word_1_599' title='bbox 3473 4098 3586 4157; x_wconf 84' lang='grc' dir='ltr'>τοῖς</span> <span class='ocrx_word' id='word_1_600' title='bbox 3611 4095 3855 4165; x_wconf 72' lang='grc' dir='ltr'>ἑταίροις</span> <span class='ocrx_word' id='word_1_601' title='bbox 3880 4094 3977 4146; x_wconf 84' lang='grc' dir='ltr'>αὐ-</span> 
     </span>
    </p>
   </div>
   <div class='ocr_carea' id='block_1_89' title="bbox 2398 4188 3979 4260">
    <p class='ocr_par' dir='ltr' id='par_1_89' title="bbox 2398 4188 3979 4260">
     <span class='ocr_line' id='line_1_89' title="bbox 2398 4188 3979 4260; baseline -0.004 -13"><span class='ocrx_word' id='word_1_602' title='bbox 2398 4194 2515 4260; x_wconf 80' lang='grc' dir='ltr'>τοῦ,</span> <span class='ocrx_word' id='word_1_603' title='bbox 2551 4193 2645 4247; x_wconf 86' lang='grc' dir='ltr'><strong>καί</strong></span> <span class='ocrx_word' id='word_1_604' title='bbox 2693 4209 2855 4246; x_wconf 87' lang='grc' dir='ltr'>τινων</span> <span class='ocrx_word' id='word_1_605' title='bbox 2906 4191 3014 4244; x_wconf 88' lang='grc' dir='ltr'><strong>τῶν</strong></span> <span class='ocrx_word' id='word_1_606' title='bbox 3045 4190 3149 4259; x_wconf 82' lang='grc' dir='ltr'>τῆς</span> <span class='ocrx_word' id='word_1_607' title='bbox 3191 4188 3397 4260; x_wconf 83' lang='grc' dir='ltr'>χώρας,</span> <span class='ocrx_word' id='word_1_608' title='bbox 3427 4188 3522 4242; x_wconf 82' lang='grc' dir='ltr'>ἆτε</span> <span class='ocrx_word' id='word_1_609' title='bbox 3546 4189 3609 4258; x_wconf 82' lang='grc' dir='ltr'>δὴ</span> <span class='ocrx_word' id='word_1_610' title='bbox 3655 4188 3979 4257; x_wconf 76' lang='grc' dir='ltr'>ἀχθομένων</span> 
     </span>
    </p>
   </div>
   <div class='ocr_carea' id='block_1_90' title="bbox 2399 4281 3979 4358">
    <p class='ocr_par' dir='ltr' id='par_1_90' title="bbox 2399 4281 3979 4358">
     <span class='ocr_line' id='line_1_90' title="bbox 2399 4281 3979 4358; baseline -0.005 -17"><span class='ocrx_word' id='word_1_611' title='bbox 2399 4290 2466 4358; x_wconf 80' lang='grc' dir='ltr'>τῇ</span> <span class='ocrx_word' id='word_1_612' title='bbox 2490 4286 2769 4339; x_wconf 84' lang='grc' dir='ltr'>Ἀλϐανῶν</span> <span class='ocrx_word' id='word_1_613' title='bbox 2800 4284 3096 4356; x_wconf 85' lang='grc' dir='ltr'>τυραννίδι,</span> <span class='ocrx_word' id='word_1_614' title='bbox 3125 4284 3227 4353; x_wconf 85' lang='grc' dir='ltr'>τήν</span> <span class='ocrx_word' id='word_1_615' title='bbox 3249 4301 3309 4337; x_wconf 87' lang='grc' dir='ltr'><strong>τε</strong></span> <span class='ocrx_word' id='word_1_616' title='bbox 3342 4281 3527 4354; x_wconf 85' lang='grc' dir='ltr'>χώραν</span> <span class='ocrx_word' id='word_1_617' title='bbox 3560 4282 3979 4351; x_wconf 64' lang='grc' dir='ltr'>κατεστρέψαν·</span> 
     </span>
    </p>
   </div>
   <div class='ocr_carea' id='block_1_91' title="bbox 2398 4373 3976 4447">
    <p class='ocr_par' dir='ltr' id='par_1_91' title="bbox 2398 4373 3976 4447">
     <span class='ocr_line' id='line_1_91' title="bbox 2398 4373 3976 4447; baseline -0.004 -15"><span class='ocrx_word' id='word_1_618' title='bbox 2398 4396 2460 4432; x_wconf 88' lang='grc' dir='ltr'><strong>το</strong></span> <span class='ocrx_word' id='word_1_619' title='bbox 2508 4378 2605 4447; x_wconf 80' lang='grc' dir='ltr'>τῆς</span> <span class='ocrx_word' id='word_1_620' title='bbox 2641 4377 3003 4446; x_wconf 83' lang='grc' dir='ltr'>Ἀκαρνανίας</span> <span class='ocrx_word' id='word_1_621' title='bbox 3028 4391 3046 4407; x_wconf 80' lang='lat'>&#39;</span> <span class='ocrx_word' id='word_1_622' title='bbox 3080 4376 3220 4445; x_wconf 77' lang='grc' dir='ltr'>πρὸς</span> <span class='ocrx_word' id='word_1_623' title='bbox 3261 4375 3319 4428; x_wconf 78' lang='grc' dir='ltr'>δὲ</span> <span class='ocrx_word' id='word_1_624' title='bbox 3379 4375 3474 4429; x_wconf 71' lang='grc' dir='ltr'>καὶ</span> <span class='ocrx_word' id='word_1_625' title='bbox 3522 4375 3621 4443; x_wconf 83' lang='grc' dir='ltr'><strong>τὴν</strong></span> <span class='ocrx_word' id='word_1_626' title='bbox 3675 4373 3976 4437; x_wconf 72' lang='grc' dir='ltr'>Αἰτωλίαν,</span> 
     </span>
    </p>
   </div>
   <div class='ocr_carea' id='block_1_92' title="bbox 2405 4468 3980 4541">
    <p class='ocr_par' dir='ltr' id='par_1_92' title="bbox 2405 4468 3980 4541">
     <span class='ocr_line' id='line_1_92' title="bbox 2405 4468 3980 4541; baseline -0.003 -15"><span class='ocrx_word' id='word_1_627' title='bbox 2405 4472 2734 4541; x_wconf 79' lang='grc' dir='ltr'>ἀφελόμενοι</span> <span class='ocrx_word' id='word_1_628' title='bbox 2792 4470 3066 4535; x_wconf 77' lang='grc' dir='ltr'>Ἰζάουλον</span> <span class='ocrx_word' id='word_1_629' title='bbox 3104 4470 3197 4523; x_wconf 75' lang='grc' dir='ltr'>τὸν</span> <span class='ocrx_word' id='word_1_630' title='bbox 3237 4472 3360 4523; x_wconf 86' lang='grc' dir='ltr'>τότε</span> <span class='ocrx_word' id='word_1_631' title='bbox 3405 4468 3814 4539; x_wconf 78' lang='grc' dir='ltr'>ἡγεμονεύοντα</span> <span class='ocrx_word' id='word_1_632' title='bbox 3837 4471 3980 4538; x_wconf 77' lang='grc' dir='ltr'>Δρο-</span> 
     </span>
    </p>
   </div>
   <div class='ocr_carea' id='block_1_93' title="bbox 736 4557 2288 4631">
    <p class='ocr_par' dir='ltr' id='par_1_93' title="bbox 736 4557 2288 4631">
     <span class='ocr_line' id='line_1_93' title="bbox 736 4557 2288 4631; baseline 0.006 -28"><span class='ocrx_word' id='word_1_633' title='bbox 736 4568 849 4623; x_wconf 77' lang='lat' dir='ltr'><strong>In&quot;,</strong></span> <span class='ocrx_word' id='word_1_634' title='bbox 910 4566 964 4611; x_wconf 83' lang='lat' dir='ltr'><strong>et</strong></span> <span class='ocrx_word' id='word_1_635' title='bbox 1021 4557 1264 4613; x_wconf 87' lang='lat' dir='ltr'><strong>Albanos</strong></span> <span class='ocrx_word' id='word_1_636' title='bbox 1324 4557 1376 4612; x_wconf 90' lang='lat' dir='ltr'><strong>in</strong></span> <span class='ocrx_word' id='word_1_637' title='bbox 1427 4559 1573 4614; x_wconf 88' lang='lat' dir='ltr'><strong>bello</strong></span> <span class='ocrx_word' id='word_1_638' title='bbox 1631 4559 1778 4629; x_wconf 88' lang='lat' dir='ltr'><strong>quod</strong></span> <span class='ocrx_word' id='word_1_639' title='bbox 1807 4571 2022 4631; x_wconf 88' lang='lat' dir='ltr'><strong>gestum</strong></span> <span class='ocrx_word' id='word_1_640' title='bbox 2057 4569 2142 4615; x_wconf 89' lang='lat' dir='ltr'><strong>est</strong></span> <span class='ocrx_word' id='word_1_641' title='bbox 2172 4576 2288 4615; x_wconf 90' lang='lat' dir='ltr'><strong>cum</strong></span> 
     </span>
    </p>
   </div>
   <div class='ocr_carea' id='block_1_94' title="bbox 2392 4557 3977 4631">
    <p class='ocr_par' dir='ltr' id='par_1_94' title="bbox 2408 4561 3977 4631">
     <span class='ocr_line' id='line_1_94' title="bbox 2408 4561 3977 4631; baseline 0 -16"><span class='ocrx_word' id='word_1_642' title='bbox 2408 4561 2617 4629; x_wconf 86' lang='grc' dir='ltr'>μαίνων</span> <span class='ocrx_word' id='word_1_643' title='bbox 2651 4578 2712 4614; x_wconf 86' lang='grc' dir='ltr'><strong>τε</strong></span> <span class='ocrx_word' id='word_1_644' title='bbox 2740 4561 2841 4631; x_wconf 84' lang='grc' dir='ltr'>τῆς</span> <span class='ocrx_word' id='word_1_645' title='bbox 2884 4561 3116 4624; x_wconf 80' lang='grc' dir='ltr'>πόλεως,</span> <span class='ocrx_word' id='word_1_646' title='bbox 3147 4561 3244 4613; x_wconf 76' lang='grc' dir='ltr'>καὶ</span> <span class='ocrx_word' id='word_1_647' title='bbox 3272 4562 3456 4631; x_wconf 83' lang='grc' dir='ltr'>χώρας</span> <span class='ocrx_word' id='word_1_648' title='bbox 3484 4577 3543 4613; x_wconf 79' lang='grc' dir='ltr'><strong>τε</strong></span> <span class='ocrx_word' id='word_1_649' title='bbox 3574 4562 3672 4630; x_wconf 82' lang='grc' dir='ltr'>τῆς</span> <span class='ocrx_word' id='word_1_650' title='bbox 3701 4561 3977 4624; x_wconf 74' lang='grc' dir='ltr'>Αἰτωλίας</span> 
     </span>
    </p>
   </div>
   <div class='ocr_carea' id='block_1_95' title="bbox 735 4647 2301 4717">
    <p class='ocr_par' dir='ltr' id='par_1_95' title="bbox 735 4647 2301 4717">
     <span class='ocr_line' id='line_1_95' title="bbox 735 4647 2301 4717; baseline 0.004 -18"><span class='ocrx_word' id='word_1_651' title='bbox 735 4647 907 4709; x_wconf 73' lang='lat' dir='ltr'><strong>Italis.</strong></span> <span class='ocrx_word' id='word_1_652' title='bbox 937 4648 1110 4702; x_wconf 82' lang='lat' dir='ltr'><strong>Arten</strong></span> <span class='ocrx_word' id='word_1_653' title='bbox 1162 4649 1507 4717; x_wconf 81' lang='lat' dir='ltr'><strong>metropolim</strong></span> <span class='ocrx_word' id='word_1_654' title='bbox 1536 4650 1858 4705; x_wconf 71' lang='lat' dir='ltr'><strong>Acarnania:</strong></span> <span class='ocrx_word' id='word_1_655' title='bbox 1899 4651 2301 4715; x_wconf 85' lang='lat' dir='ltr'><strong>obsidentibus,</strong></span> 
     </span>
    </p>
   </div>
   <div class='ocr_carea' id='block_1_96' title="bbox 733 4739 2300 4814">
    <p class='ocr_par' dir='ltr' id='par_1_96' title="bbox 733 4739 2300 4814">
     <span class='ocr_line' id='line_1_96' title="bbox 733 4739 2300 4814; baseline 0.004 -22"><span class='ocrx_word' id='word_1_656' title='bbox 733 4739 916 4794; x_wconf 71' lang='lat' dir='ltr'><strong>evenit</strong></span> <span class='ocrx_word' id='word_1_657' title='bbox 948 4748 1007 4794; x_wconf 90' lang='lat' dir='ltr'><strong>ut</strong></span> <span class='ocrx_word' id='word_1_658' title='bbox 1054 4739 1110 4794; x_wconf 88' lang='lat' dir='ltr'><strong>in</strong></span> <span class='ocrx_word' id='word_1_659' title='bbox 1150 4755 1217 4796; x_wconf 86' lang='lat' dir='ltr'><strong>eo</strong></span> <span class='ocrx_word' id='word_1_660' title='bbox 1246 4742 1431 4808; x_wconf 62' lang='lat' dir='ltr'><strong>praelia</strong></span> <span class='ocrx_word' id='word_1_661' title='bbox 1461 4742 1662 4811; x_wconf 86' lang='lat' dir='ltr'><strong>captivi</strong></span> <span class='ocrx_word' id='word_1_662' title='bbox 1709 4744 2044 4813; x_wconf 88' lang='lat' dir='ltr'><strong>complures,</strong></span> <span class='ocrx_word' id='word_1_663' title='bbox 2076 4744 2169 4814; x_wconf 89' lang='lat' dir='ltr'><strong>qui</strong></span> <span class='ocrx_word' id='word_1_664' title='bbox 2203 4759 2300 4814; x_wconf 84' lang='lat' dir='ltr'><strong>ge-</strong></span> 
     </span>
    </p>
   </div>
   <div class='ocr_carea' id='block_1_97' title="bbox 734 4832 2301 4899">
    <p class='ocr_par' dir='ltr' id='par_1_97' title="bbox 734 4832 2301 4899">
     <span class='ocr_line' id='line_1_97' title="bbox 734 4832 2301 4899; baseline 0.004 -14"><span class='ocrx_word' id='word_1_665' title='bbox 734 4832 887 4885; x_wconf 77' lang='lat' dir='ltr'><strong>neris</strong></span> <span class='ocrx_word' id='word_1_666' title='bbox 936 4832 1191 4888; x_wconf 86' lang='lat' dir='ltr'><strong>claritate</strong></span> <span class='ocrx_word' id='word_1_667' title='bbox 1249 4834 1594 4889; x_wconf 76' lang='lat' dir='ltr'><strong>excellebant</strong></span> <span class='ocrx_word' id='word_1_668' title='bbox 1643 4835 1959 4899; x_wconf 89' lang='lat' dir='ltr'><strong>admodum,</strong></span> <span class='ocrx_word' id='word_1_669' title='bbox 2010 4837 2064 4889; x_wconf 93' lang='lat' dir='ltr'><strong>in</strong></span> <span class='ocrx_word' id='word_1_670' title='bbox 2105 4851 2301 4891; x_wconf 87' lang='lat' dir='ltr'><strong>manus</strong></span> 
     </span>
    </p>
   </div>
   <div class='ocr_carea' id='block_1_98' title="bbox 736 4922 2300 4996">
    <p class='ocr_par' dir='ltr' id='par_1_98' title="bbox 736 4922 2300 4996">
     <span class='ocr_line' id='line_1_98' title="bbox 736 4922 2300 4996; baseline 0.008 -23"><span class='ocrx_word' id='word_1_671' title='bbox 736 4924 1009 4981; x_wconf 72' lang='lat' dir='ltr'><strong>venirent.</strong></span> <span class='ocrx_word' id='word_1_672' title='bbox 1039 4922 1183 4981; x_wconf 89' lang='lat' dir='ltr'><strong>inter</strong></span> <span class='ocrx_word' id='word_1_673' title='bbox 1231 4926 1484 4996; x_wconf 79' lang='lat' dir='ltr'><strong>captivos</strong></span> <span class='ocrx_word' id='word_1_674' title='bbox 1542 4928 1643 4982; x_wconf 84' lang='lat' dir='ltr'><strong>hos</strong></span> <span class='ocrx_word' id='word_1_675' title='bbox 1690 4928 1905 4983; x_wconf 80' lang='lat' dir='ltr'><strong>exstitit</strong></span> <span class='ocrx_word' id='word_1_676' title='bbox 1936 4938 1990 4983; x_wconf 83' lang='lat' dir='ltr'><strong>et</strong></span> <span class='ocrx_word' id='word_1_677' title='bbox 2020 4929 2237 4984; x_wconf 83' lang='lat' dir='ltr'><strong>lzaulus</strong></span> <span class='ocrx_word' id='word_1_678' title='bbox 2268 4944 2300 4985; x_wconf 81' lang='grc' dir='ltr'><strong>ο</strong></span> 
     </span>
    </p>
   </div>
   <div class='ocr_carea' id='block_1_99' title="bbox 737 5019 2302 5091">
    <p class='ocr_par' dir='ltr' id='par_1_99' title="bbox 737 5019 2302 5091">
     <span class='ocr_line' id='line_1_99' title="bbox 737 5019 2302 5091; baseline 0.005 -21"><span class='ocrx_word' id='word_1_679' title='bbox 737 5033 898 5089; x_wconf 63' lang='lat' dir='ltr'><strong>grege</strong></span> <span class='ocrx_word' id='word_1_680' title='bbox 959 5019 1281 5088; x_wconf 84' lang='lat' dir='ltr'><strong>optimatum</strong></span> <span class='ocrx_word' id='word_1_681' title='bbox 1318 5037 1333 5075; x_wconf 90' lang='lat'><strong>:</strong></span> <span class='ocrx_word' id='word_1_682' title='bbox 1372 5021 1465 5091; x_wconf 88' lang='lat' dir='ltr'><strong>qui</strong></span> <span class='ocrx_word' id='word_1_683' title='bbox 1507 5021 1829 5076; x_wconf 77' lang='lat' dir='ltr'><strong>adolescens</strong></span> <span class='ocrx_word' id='word_1_684' title='bbox 1878 5022 2021 5090; x_wconf 80' lang='lat' dir='ltr'><strong>regis</strong></span> <span class='ocrx_word' id='word_1_685' title='bbox 2070 5022 2302 5078; x_wconf 83' lang='lat' dir='ltr'><strong>Parthe-</strong></span> 
     </span>
    </p>
   </div>
   <div class='ocr_carea' id='block_1_100' title="bbox 734 5112 2303 5183">
    <p class='ocr_par' dir='ltr' id='par_1_100' title="bbox 734 5112 2303 5183">
     <span class='ocr_line' id='line_1_100' title="bbox 734 5112 2303 5183; baseline 0.004 -16"><span class='ocrx_word' id='word_1_686' title='bbox 734 5126 909 5181; x_wconf 81' lang='lat' dir='ltr'><strong>nopes</strong></span> <span class='ocrx_word' id='word_1_687' title='bbox 982 5114 1430 5183; x_wconf 71' lang='lat' dir='ltr'><strong>nuncupabatur.</strong></span> <span class='ocrx_word' id='word_1_688' title='bbox 1514 5112 1709 5169; x_wconf 79' lang='lat' dir='ltr'><strong>Forma</strong></span> <span class='ocrx_word' id='word_1_689' title='bbox 1776 5124 1897 5169; x_wconf 87' lang='lat' dir='ltr'><strong>erat</strong></span> <span class='ocrx_word' id='word_1_690' title='bbox 1948 5116 2183 5179; x_wconf 86' lang='lat' dir='ltr'><strong>liberali,</strong></span> <span class='ocrx_word' id='word_1_691' title='bbox 2246 5128 2303 5173; x_wconf 90' lang='lat' dir='ltr'><strong>et</strong></span> 
     </span>
    </p>
   </div>
   <div class='ocr_carea' id='block_1_101' title="bbox 736 5206 2294 5277">
    <p class='ocr_par' dir='ltr' id='par_1_101' title="bbox 736 5206 2294 5277">
     <span class='ocr_line' id='line_1_101' title="bbox 736 5206 2294 5277; baseline 0.006 -21"><span class='ocrx_word' id='word_1_692' title='bbox 736 5214 1008 5270; x_wconf 73' lang='lat' dir='ltr'><strong>quantum</strong></span> <span class='ocrx_word' id='word_1_693' title='bbox 1062 5206 1128 5261; x_wconf 89' lang='lat' dir='ltr'><strong>ad</strong></span> <span class='ocrx_word' id='word_1_694' title='bbox 1176 5220 1355 5262; x_wconf 86' lang='lat' dir='ltr'><strong>mores</strong></span> <span class='ocrx_word' id='word_1_695' title='bbox 1414 5207 1628 5273; x_wconf 84' lang='lat' dir='ltr'><strong>attinet,</strong></span> <span class='ocrx_word' id='word_1_696' title='bbox 1686 5224 1878 5277; x_wconf 77' lang='lat' dir='ltr'><strong>:equus</strong></span> <span class='ocrx_word' id='word_1_697' title='bbox 1926 5219 1981 5263; x_wconf 87' lang='lat' dir='ltr'><strong>et</strong></span> <span class='ocrx_word' id='word_1_698' title='bbox 2028 5210 2294 5277; x_wconf 86' lang='lat' dir='ltr'><strong>placidus.</strong></span> 
     </span>
    </p>
   </div>
   <div class='ocr_carea' id='block_1_102' title="bbox 740 5293 2297 5369">
    <p class='ocr_par' dir='ltr' id='par_1_102' title="bbox 740 5293 2297 5369">
     <span class='ocr_line' id='line_1_102' title="bbox 740 5293 2297 5369; baseline 0.004 -17"><span class='ocrx_word' id='word_1_699' title='bbox 740 5293 895 5352; x_wconf 78' lang='lat' dir='ltr'><strong>tlunc</strong></span> <span class='ocrx_word' id='word_1_700' title='bbox 922 5312 1044 5352; x_wconf 89' lang='lat' dir='ltr'><strong>cum</strong></span> <span class='ocrx_word' id='word_1_701' title='bbox 1083 5298 1335 5368; x_wconf 88' lang='lat' dir='ltr'><strong>plurimis</strong></span> <span class='ocrx_word' id='word_1_702' title='bbox 1364 5299 1486 5356; x_wconf 84' lang='lat' dir='ltr'><strong>aliis</strong></span> <span class='ocrx_word' id='word_1_703' title='bbox 1513 5299 1789 5369; x_wconf 84' lang='lat' dir='ltr'><strong>captivqu</strong></span> <span class='ocrx_word' id='word_1_704' title='bbox 1834 5301 2060 5357; x_wconf 89' lang='lat' dir='ltr'><strong>trahens</strong></span> <span class='ocrx_word' id='word_1_705' title='bbox 2087 5302 2297 5357; x_wconf 86' lang='lat' dir='ltr'><strong>Prialu-</strong></span> 
     </span>
    </p>
   </div>
   <div class='ocr_carea' id='block_1_103' title="bbox 2399 4652 3981 4725">
    <p class='ocr_par' dir='ltr' id='par_1_103' title="bbox 2399 4652 3981 4725">
     <span class='ocr_line' id='line_1_103' title="bbox 2399 4652 3981 4725; baseline -0.002 -18"><span class='ocrx_word' id='word_1_706' title='bbox 2399 4655 2523 4725; x_wconf 80' lang='grc' dir='ltr'>ἡδη.</span> <span class='ocrx_word' id='word_1_707' title='bbox 2560 4653 2626 4706; x_wconf 87' lang='lat' dir='ltr'><strong>&#39;H</strong></span> <span class='ocrx_word' id='word_1_708' title='bbox 2673 4654 2732 4706; x_wconf 64' lang='grc' dir='ltr'>δὲ</span> <span class='ocrx_word' id='word_1_709' title='bbox 2776 4653 2920 4723; x_wconf 78' lang='grc' dir='ltr'><strong>ἀρχὴ</strong></span> <span class='ocrx_word' id='word_1_710' title='bbox 2976 4653 3075 4722; x_wconf 84' lang='grc' dir='ltr'>τῆς</span> <span class='ocrx_word' id='word_1_711' title='bbox 3106 4653 3377 4715; x_wconf 72' lang='grc' dir='ltr'>Αἰτωλίας</span> <span class='ocrx_word' id='word_1_712' title='bbox 3423 4652 3558 4706; x_wconf 80' lang='grc' dir='ltr'>οὖσα</span> <span class='ocrx_word' id='word_1_713' title='bbox 3604 4654 3664 4706; x_wconf 83' lang='grc' dir='ltr'><strong>τὸ</strong></span> <span class='ocrx_word' id='word_1_714' title='bbox 3702 4654 3981 4723; x_wconf 83' lang='grc' dir='ltr'>πρότερον</span> 
     </span>
    </p>
   </div>
   <div class='ocr_carea' id='block_1_104' title="bbox 2398 4742 3982 4815">
    <p class='ocr_par' dir='ltr' id='par_1_104' title="bbox 2398 4742 3982 4815">
     <span class='ocr_line' id='line_1_104' title="bbox 2398 4742 3982 4815; baseline 0 -18"><span class='ocrx_word' id='word_1_715' title='bbox 2398 4744 2571 4811; x_wconf 77' lang='grc' dir='ltr'>Θωμᾶ</span> <span class='ocrx_word' id='word_1_716' title='bbox 2613 4742 2705 4797; x_wconf 79' lang='grc' dir='ltr'>τοῦ</span> <span class='ocrx_word' id='word_1_717' title='bbox 2752 4744 3115 4815; x_wconf 88' lang='grc' dir='ltr'>Πριαλούπων</span> <span class='ocrx_word' id='word_1_718' title='bbox 3169 4742 3473 4814; x_wconf 80' lang='grc' dir='ltr'>Τριϐαλλοῦ</span> <span class='ocrx_word' id='word_1_719' title='bbox 3499 4786 3514 4809; x_wconf 90' lang='grc'><strong>,</strong></span> <span class='ocrx_word' id='word_1_720' title='bbox 3570 4744 3873 4814; x_wconf 77' lang='grc' dir='ltr'>περιῆλθεν</span> <span class='ocrx_word' id='word_1_721' title='bbox 3916 4747 3982 4807; x_wconf 78' lang='grc' dir='ltr'>ἐς</span> 
     </span>
    </p>
   </div>
   <div class='ocr_carea' id='block_1_105' title="bbox 2399 4835 3981 4907">
    <p class='ocr_par' dir='ltr' id='par_1_105' title="bbox 2399 4835 3981 4907">
     <span class='ocr_line' id='line_1_105' title="bbox 2399 4835 3981 4907; baseline -0.001 -18"><span class='ocrx_word' id='word_1_722' title='bbox 2399 4835 2592 4889; x_wconf 74' lang='grc' dir='ltr'>τοῦτον</span> <span class='ocrx_word' id='word_1_723' title='bbox 2614 4835 2680 4907; x_wconf 76' lang='grc' dir='ltr'>δὴ</span> <span class='ocrx_word' id='word_1_724' title='bbox 2705 4836 2797 4888; x_wconf 80' lang='grc' dir='ltr'><strong>τὸν</strong></span> <span class='ocrx_word' id='word_1_725' title='bbox 2842 4835 3110 4899; x_wconf 77' lang='grc' dir='ltr'>Ἰζάουλον</span> <span class='ocrx_word' id='word_1_726' title='bbox 3136 4836 3329 4906; x_wconf 85' lang='grc' dir='ltr'>τρόπῳ</span> <span class='ocrx_word' id='word_1_727' title='bbox 3370 4835 3577 4904; x_wconf 81' lang='grc' dir='ltr'>τοιῷδε.</span> <span class='ocrx_word' id='word_1_728' title='bbox 3622 4835 3712 4898; x_wconf 83' lang='grc' dir='ltr'>Ὦς</span> <span class='ocrx_word' id='word_1_729' title='bbox 3745 4853 3981 4888; x_wconf 79' lang='grc' dir='ltr'>συνεπε-</span> 
     </span>
    </p>
   </div>
   <div class='ocr_carea' id='block_1_106' title="bbox 2401 4927 3985 4999">
    <p class='ocr_par' dir='ltr' id='par_1_106' title="bbox 2401 4927 3985 4999">
     <span class='ocr_line' id='line_1_106' title="bbox 2401 4927 3985 4999; baseline -0.001 -16"><span class='ocrx_word' id='word_1_730' title='bbox 2401 4930 2597 4983; x_wconf 80' lang='grc' dir='ltr'>λάϐετο</span> <span class='ocrx_word' id='word_1_731' title='bbox 2635 4932 2664 4983; x_wconf 83' lang='grc' dir='ltr'><strong>δ</strong></span> <span class='ocrx_word' id='word_1_732' title='bbox 2696 4930 3044 4999; x_wconf 78' lang='grc' dir='ltr'>Πριάλουπας</span> <span class='ocrx_word' id='word_1_733' title='bbox 3090 4929 3168 4998; x_wconf 83' lang='grc' dir='ltr'>τῷ</span> <span class='ocrx_word' id='word_1_734' title='bbox 3196 4945 3258 4982; x_wconf 83' lang='grc' dir='ltr'><strong>τε</strong></span> <span class='ocrx_word' id='word_1_735' title='bbox 3288 4927 3478 4999; x_wconf 79' lang='grc' dir='ltr'><strong>Σπάτᾳ</strong></span> <span class='ocrx_word' id='word_1_736' title='bbox 3505 4928 3603 4981; x_wconf 71' lang='grc' dir='ltr'><strong>καὶ</strong></span> <span class='ocrx_word' id='word_1_737' title='bbox 3648 4931 3763 4991; x_wconf 84' lang='grc' dir='ltr'>τοῖς</span> <span class='ocrx_word' id='word_1_738' title='bbox 3785 4929 3985 4981; x_wconf 77' lang='grc' dir='ltr'>Ἀλϐα·</span> 
     </span>
    </p>
   </div>
   <div class='ocr_carea' id='block_1_107' title="bbox 2398 5009 3985 5093">
    <p class='ocr_par' dir='ltr' id='par_1_107' title="bbox 2398 5009 3985 5093">
     <span class='ocr_line' id='line_1_107' title="bbox 2398 5009 3985 5093; baseline -0.002 -16"><span class='ocrx_word' id='word_1_739' title='bbox 2398 5026 2508 5085; x_wconf 81' lang='grc' dir='ltr'>νοίς</span> <span class='ocrx_word' id='word_1_740' title='bbox 2562 5024 2619 5087; x_wconf 70' lang='grc' dir='ltr'>ἐς</span> <span class='ocrx_word' id='word_1_741' title='bbox 2673 5009 2764 5076; x_wconf 64' lang='grc' dir='ltr'><strong>τόν</strong></span> <span class='ocrx_word' id='word_1_742' title='bbox 2822 5023 2957 5092; x_wconf 83' lang='grc' dir='ltr'>πρὸς</span> <span class='ocrx_word' id='word_1_743' title='bbox 2980 5023 3217 5085; x_wconf 81' lang='grc' dir='ltr'>Ἰταλοὺς</span> <span class='ocrx_word' id='word_1_744' title='bbox 3255 5023 3510 5090; x_wconf 78' lang='grc' dir='ltr'>πόλεμον,</span> <span class='ocrx_word' id='word_1_745' title='bbox 3546 5022 3985 5093; x_wconf 80' lang='grc' dir='ltr'>πολιορκοῦντας</span> 
     </span>
    </p>
   </div>
   <div class='ocr_carea' id='block_1_108' title="bbox 2410 5116 3981 5187">
    <p class='ocr_par' dir='ltr' id='par_1_108' title="bbox 2410 5116 3981 5187">
     <span class='ocr_line' id='line_1_108' title="bbox 2410 5116 3981 5187; baseline -0.003 -16"><span class='ocrx_word' id='word_1_746' title='bbox 2410 5116 2617 5187; x_wconf 84' lang='grc' dir='ltr'>’Ἀρτην</span> <span class='ocrx_word' id='word_1_747' title='bbox 2656 5117 2989 5187; x_wconf 87' lang='grc' dir='ltr'>μητρόπολιν</span> <span class='ocrx_word' id='word_1_748' title='bbox 3012 5117 3111 5181; x_wconf 83' lang='grc' dir='ltr'>τῆς</span> <span class='ocrx_word' id='word_1_749' title='bbox 3142 5117 3505 5186; x_wconf 85' lang='grc' dir='ltr'>Ἀκαρνανίας</span> <span class='ocrx_word' id='word_1_750' title='bbox 3535 5116 3741 5185; x_wconf 83' lang='grc' dir='ltr'>χώρας.</span> <span class='ocrx_word' id='word_1_751' title='bbox 3798 5117 3981 5169; x_wconf 77' lang='grc' dir='ltr'>ἑάλω-</span> 
     </span>
    </p>
   </div>
   <div class='ocr_carea' id='block_1_109' title="bbox 2409 5208 3984 5281">
    <p class='ocr_par' dir='ltr' id='par_1_109' title="bbox 2409 5208 3984 5281">
     <span class='ocr_line' id='line_1_109' title="bbox 2409 5208 3984 5281; baseline -0.002 -16"><span class='ocrx_word' id='word_1_752' title='bbox 2409 5229 2509 5266; x_wconf 89' lang='grc' dir='ltr'><strong>σαν</strong></span> <span class='ocrx_word' id='word_1_753' title='bbox 2543 5212 2607 5281; x_wconf 81' lang='grc' dir='ltr'>δὴ</span> <span class='ocrx_word' id='word_1_754' title='bbox 2632 5214 2691 5263; x_wconf 84' lang='grc' dir='ltr'>ὲν</span> <span class='ocrx_word' id='word_1_755' title='bbox 2717 5214 2780 5280; x_wconf 79' lang='grc' dir='ltr'>τῇ</span> <span class='ocrx_word' id='word_1_756' title='bbox 2813 5211 2959 5280; x_wconf 76' lang='grc' dir='ltr'><strong>μάχῃ</strong></span> <span class='ocrx_word' id='word_1_757' title='bbox 2989 5208 3163 5281; x_wconf 80' lang='grc' dir='ltr'>ταύτῃ</span> <span class='ocrx_word' id='word_1_758' title='bbox 3197 5209 3347 5263; x_wconf 78' lang='grc' dir='ltr'>ἄλλοι</span> <span class='ocrx_word' id='word_1_759' title='bbox 3375 5226 3436 5261; x_wconf 89' lang='grc' dir='ltr'><strong>τε</strong></span> <span class='ocrx_word' id='word_1_760' title='bbox 3476 5208 3662 5261; x_wconf 78' lang='grc' dir='ltr'>πολλοὶ</span> <span class='ocrx_word' id='word_1_761' title='bbox 3686 5209 3797 5261; x_wconf 88' lang='grc' dir='ltr'><strong>τῶν</strong></span> <span class='ocrx_word' id='word_1_762' title='bbox 3823 5211 3984 5277; x_wconf 71' lang='grc' dir='ltr'>παρὰ</span> 
     </span>
    </p>
   </div>
   <div class='ocr_carea' id='block_1_110' title="bbox 2407 5301 3984 5373">
    <p class='ocr_par' dir='ltr' id='par_1_110' title="bbox 2407 5301 3984 5373">
     <span class='ocr_line' id='line_1_110' title="bbox 2407 5301 3984 5373; baseline -0.002 -15"><span class='ocrx_word' id='word_1_763' title='bbox 2407 5307 2589 5373; x_wconf 71' lang='grc' dir='ltr'>σφίσιν</span> <span class='ocrx_word' id='word_1_764' title='bbox 2617 5304 3050 5372; x_wconf 78' lang='grc' dir='ltr'>εὐδοκιμούντων</span> <span class='ocrx_word' id='word_1_765' title='bbox 3082 5305 3161 5373; x_wconf 80' lang='grc' dir='ltr'>τῷ</span> <span class='ocrx_word' id='word_1_766' title='bbox 3195 5303 3365 5371; x_wconf 75' lang='grc' dir='ltr'>γένει,</span> <span class='ocrx_word' id='word_1_767' title='bbox 3399 5303 3494 5357; x_wconf 76' lang='grc' dir='ltr'><strong>καὶ</strong></span> <span class='ocrx_word' id='word_1_768' title='bbox 3522 5302 3589 5372; x_wconf 78' lang='grc' dir='ltr'>δὴ</span> <span class='ocrx_word' id='word_1_769' title='bbox 3639 5303 3737 5356; x_wconf 82' lang='grc' dir='ltr'>καὶ</span> <span class='ocrx_word' id='word_1_770' title='bbox 3770 5301 3984 5366; x_wconf 71' lang='grc' dir='ltr'><strong>Ίζὰου-</strong></span> 
     </span>
    </p>
   </div>
   <div class='ocr_carea' id='block_1_111' title="bbox 2007 5438 2689 5516">
    <p class='ocr_par' dir='ltr' id='par_1_111' title="bbox 2007 5438 2689 5516">
     <span class='ocr_line' id='line_1_111' title="bbox 2007 5438 2689 5516; baseline 0.003 -19"><span class='ocrx_word' id='word_1_771' title='bbox 2007 5438 2253 5500; x_wconf 72' lang='grc' dir='ltr'>Νοῑυιω</span> <span class='ocrx_word' id='word_1_772' title='bbox 2282 5438 2689 5516; x_wconf 77' lang='lat' dir='ltr'><strong>marginales.</strong></span> 
     </span>
    </p>
   </div>
   <div class='ocr_carea' id='block_1_112' title="bbox 808 5580 1506 5643">
    <p class='ocr_par' dir='ltr' id='par_1_112' title="bbox 808 5580 1506 5643">
     <span class='ocr_line' id='line_1_112' title="bbox 808 5580 1506 5643; baseline 0.006 -11"><span class='ocrx_word' id='word_1_773' title='bbox 808 5582 919 5639; x_wconf 65' lang='lat'><strong>{‘25)</strong></span> <span class='ocrx_word' id='word_1_774' title='bbox 961 5580 1061 5643; x_wconf 71' lang='lat' dir='ltr'><strong>Qui</strong></span> <span class='ocrx_word' id='word_1_775' title='bbox 1095 5588 1147 5631; x_wconf 73' lang='lat' dir='ltr'><strong>et</strong></span> <span class='ocrx_word' id='word_1_776' title='bbox 1180 5581 1506 5636; x_wconf 74' lang='lat' dir='ltr'><strong>Musacltius.</strong></span> 
     </span>
    </p>
   </div>
   <div class='ocr_carea' id='block_1_113' title="bbox 809 5652 1259 5722">
    <p class='ocr_par' dir='ltr' id='par_1_113' title="bbox 809 5652 1259 5722">
     <span class='ocr_line' id='line_1_113' title="bbox 809 5652 1259 5722; baseline 0.007 -19"><span class='ocrx_word' id='word_1_777' title='bbox 809 5653 921 5720; x_wconf 68' lang='lat'><strong>(26)</strong></span> <span class='ocrx_word' id='word_1_778' title='bbox 950 5652 1259 5722; x_wconf 74' lang='lat' dir='ltr'><strong>Spatafura.</strong></span> 
     </span>
    </p>
   </div>
   <div class='ocr_carea' id='block_1_114' title="bbox 801 5817 1528 5889">
    <p class='ocr_par' dir='ltr' id='par_1_114' title="bbox 801 5817 1528 5889">
     <span class='ocr_line' id='line_1_114' title="bbox 801 5817 1528 5889; baseline 0.001 -17"><span class='ocrx_word' id='word_1_779' title='bbox 801 5822 843 5847; x_wconf 83' lang='lat'><strong>&quot;‘</strong></span> <span class='ocrx_word' id='word_1_780' title='bbox 873 5820 1180 5889; x_wconf 56' lang='grc' dir='ltr'>σξιέμινον,</span> <span class='ocrx_word' id='word_1_781' title='bbox 1219 5817 1277 5871; x_wconf 72' lang='lat' dir='ltr'><strong>li.</strong></span> <span class='ocrx_word' id='word_1_782' title='bbox 1314 5830 1367 5871; x_wconf 82' lang='lat' dir='ltr'><strong>nt</strong></span> <span class='ocrx_word' id='word_1_783' title='bbox 1394 5819 1445 5873; x_wconf 79' lang='lat' dir='ltr'><strong>in</strong></span> <span class='ocrx_word' id='word_1_784' title='bbox 1484 5835 1528 5872; x_wconf 77' lang='grc' dir='ltr'>ε.</span> 
     </span>
    </p>
   </div>
   <div class='ocr_carea' id='block_1_115' title="bbox 1631 5821 2316 5883">
    <p class='ocr_par' dir='ltr' id='par_1_115' title="bbox 1631 5821 2316 5883">
     <span class='ocr_line' id='line_1_115' title="bbox 1631 5821 2316 5883; baseline 0.007 -11"><span class='ocrx_word' id='word_1_785' title='bbox 1631 5822 1645 5850; x_wconf 79' lang='lat'><strong>’</strong></span> <span class='ocrx_word' id='word_1_786' title='bbox 1691 5822 1895 5883; x_wconf 74' lang='grc' dir='ltr'>αὐτοῖς.</span> <span class='ocrx_word' id='word_1_787' title='bbox 1930 5822 2017 5878; x_wconf 82' lang='lat' dir='ltr'><strong>Sic</strong></span> <span class='ocrx_word' id='word_1_788' title='bbox 2056 5821 2213 5876; x_wconf 69' lang='lat' dir='ltr'><strong>etiam</strong></span> <span class='ocrx_word' id='word_1_789' title='bbox 2250 5823 2316 5877; x_wconf 73' lang='lat' dir='ltr'><strong>Ii.</strong></span> 
     </span>
    </p>
   </div>
   <div class='ocr_carea' id='block_1_116' title="bbox 2472 5582 3973 5653">
    <p class='ocr_par' dir='ltr' id='par_1_116' title="bbox 2472 5582 3973 5653">
     <span class='ocr_line' id='line_1_116' title="bbox 2472 5582 3973 5653; baseline 0.003 -20"><span class='ocrx_word' id='word_1_790' title='bbox 2472 5582 2585 5651; x_wconf 75' lang='lat'><strong>(27)</strong></span> <span class='ocrx_word' id='word_1_791' title='bbox 2604 5583 2852 5653; x_wconf 76' lang='lat' dir='ltr'><strong>Corcyra</strong></span> <span class='ocrx_word' id='word_1_792' title='bbox 2892 5598 2921 5636; x_wconf 86' lang='lat' dir='ltr'><strong>a</strong></span> <span class='ocrx_word' id='word_1_793' title='bbox 2951 5583 3182 5650; x_wconf 85' lang='lat' dir='ltr'><strong>Rogerio</strong></span> <span class='ocrx_word' id='word_1_794' title='bbox 3211 5591 3392 5651; x_wconf 85' lang='lat' dir='ltr'><strong>capta.</strong></span> <span class='ocrx_word' id='word_1_795' title='bbox 3421 5584 3567 5639; x_wconf 87' lang='lat' dir='ltr'><strong>circa</strong></span> <span class='ocrx_word' id='word_1_796' title='bbox 3616 5598 3748 5638; x_wconf 77' lang='lat' dir='ltr'><strong>ann.</strong></span> <span class='ocrx_word' id='word_1_797' title='bbox 3798 5582 3973 5641; x_wconf 78' lang='grc'><strong>1150.</strong></span> 
     </span>
    </p>
   </div>
   <div class='ocr_carea' id='block_1_117' title="bbox 2464 5652 3450 5721">
    <p class='ocr_par' dir='ltr' id='par_1_117' title="bbox 2464 5652 3450 5721">
     <span class='ocr_line' id='line_1_117' title="bbox 2464 5652 3450 5721; baseline 0.005 -16"><span class='ocrx_word' id='word_1_798' title='bbox 2464 5654 2575 5721; x_wconf 73' lang='lat'><strong>(‘28)</strong></span> <span class='ocrx_word' id='word_1_799' title='bbox 2601 5652 2855 5709; x_wconf 30' lang='lat' dir='ltr'><strong>lnico’de</strong></span> <span class='ocrx_word' id='word_1_800' title='bbox 2885 5655 3105 5709; x_wconf 83' lang='lat' dir='ltr'><strong>Daulos.</strong></span> <span class='ocrx_word' id='word_1_801' title='bbox 3131 5654 3216 5708; x_wconf 77' lang='lat' dir='ltr'><strong>Al.</strong></span> <span class='ocrx_word' id='word_1_802' title='bbox 3247 5653 3450 5710; x_wconf 79' lang='lat' dir='ltr'><strong>Isaulo.</strong></span> 
     </span>
    </p>
   </div>
   <div class='ocr_carea' id='block_1_118' title="bbox 2394 5822 3141 5893">
    <p class='ocr_par' dir='ltr' id='par_1_118' title="bbox 2394 5822 3141 5893">
     <span class='ocr_line' id='line_1_118' title="bbox 2394 5822 3141 5893; baseline 0.001 -16"><span class='ocrx_word' id='word_1_803' title='bbox 2394 5825 2414 5855; x_wconf 80' lang='lat'><strong>’</strong></span> <span class='ocrx_word' id='word_1_804' title='bbox 2453 5824 2778 5893; x_wconf 78' lang='grc' dir='ltr'>αἱρὴσαντες</span> <span class='ocrx_word' id='word_1_805' title='bbox 2819 5822 2884 5879; x_wconf 76' lang='grc' dir='ltr'>Β.</span> <span class='ocrx_word' id='word_1_806' title='bbox 2922 5836 2977 5878; x_wconf 79' lang='grc' dir='ltr'><strong>ιιι</strong></span> <span class='ocrx_word' id='word_1_807' title='bbox 3008 5826 3063 5879; x_wconf 79' lang='lat' dir='ltr'><strong>in</strong></span> <span class='ocrx_word' id='word_1_808' title='bbox 3093 5842 3141 5878; x_wconf 78' lang='grc' dir='ltr'><strong>ε.</strong></span> 
     </span>
    </p>
   </div>
  </div>
