  <div class='ocr_page' id='page_1' title='image "/cluster/home/n/w/nwhite01/storage/ocr_20150623/159/nnc1.0046980628/114.png"; bbox 0 0 4190 6434; ppageno 0'>
   <div class='ocr_carea' id='block_1_1' title="bbox 205 390 2379 463">
    <p class='ocr_par' dir='ltr' id='par_1_1' title="bbox 205 390 2379 463">
     <span class='ocr_line' id='line_1_1' title="bbox 205 390 2379 463; baseline 0.006 -14"><span class='ocrx_word' id='word_1_1' title='bbox 205 390 295 456; x_wconf 72' lang='lat'><strong>9.13</strong></span> <span class='ocrx_word' id='word_1_2' title='bbox 1270 399 1366 460; x_wconf 86' lang='lat' dir='ltr'><strong>DE</strong></span> <span class='ocrx_word' id='word_1_3' title='bbox 1401 400 1657 461; x_wconf 85' lang='lat' dir='ltr'><strong>REBUS</strong></span> <span class='ocrx_word' id='word_1_4' title='bbox 1688 403 2041 463; x_wconf 74' lang='lat' dir='ltr'><strong>&#39;l&#39;URCICIS</strong></span> <span class='ocrx_word' id='word_1_5' title='bbox 2092 402 2239 461; x_wconf 78' lang='lat' dir='ltr'><strong>LIB.</strong></span> <span class='ocrx_word' id='word_1_6' title='bbox 2282 404 2379 462; x_wconf 69' lang='grc' dir='ltr'><strong>μ’.</strong></span> 
     </span>
    </p>
   </div>
   <div class='ocr_carea' id='block_1_2' title="bbox 3324 401 3433 467">
    <p class='ocr_par' dir='ltr' id='par_1_2' title="bbox 3324 401 3433 467">
     <span class='ocr_line' id='line_1_2' title="bbox 3324 401 3433 467; baseline -0.018 0"><span class='ocrx_word' id='word_1_7' title='bbox 3324 401 3433 467; x_wconf 72' lang='grc'><strong>214</strong></span> 
     </span>
    </p>
   </div>
   <div class='ocr_carea' id='block_1_3' title="bbox 204 499 1752 584">
    <p class='ocr_par' dir='ltr' id='par_1_3' title="bbox 204 499 1752 584">
     <span class='ocr_line' id='line_1_3' title="bbox 204 499 1752 584; baseline 0.01 -30"><span class='ocrx_word' id='word_1_8' title='bbox 204 503 300 565; x_wconf 85' lang='grc' dir='ltr'>λος,</span> <span class='ocrx_word' id='word_1_9' title='bbox 328 499 405 567; x_wconf 73' lang='grc' dir='ltr'>εἷς</span> <span class='ocrx_word' id='word_1_10' title='bbox 433 506 536 559; x_wconf 88' lang='grc' dir='ltr'><strong>τῶν</strong></span> <span class='ocrx_word' id='word_1_11' title='bbox 583 508 821 577; x_wconf 85' lang='grc' dir='ltr'>ἀρίστων</span> <span class='ocrx_word' id='word_1_12' title='bbox 870 510 1161 579; x_wconf 73' lang='grc' dir='ltr'>λεγόμενος</span> <span class='ocrx_word' id='word_1_13' title='bbox 1194 515 1447 579; x_wconf 73' lang='grc' dir='ltr'>γενέσθαι</span> <span class='ocrx_word' id='word_1_14' title='bbox 1481 517 1577 568; x_wconf 79' lang='grc' dir='ltr'>τοῦ.</span> <span class='ocrx_word' id='word_1_15' title='bbox 1606 518 1752 584; x_wconf 80' lang='grc' dir='ltr'>Παρ-</span> 
     </span>
    </p>
   </div>
   <div class='ocr_carea' id='block_1_4' title="bbox 1854 499 3426 584">
    <p class='ocr_par' dir='ltr' id='par_1_4' title="bbox 1859 513 3426 583">
     <span class='ocr_line' id='line_1_4' title="bbox 1859 513 3426 583; baseline 0.005 -20"><span class='ocrx_word' id='word_1_16' title='bbox 1859 528 1953 580; x_wconf 83' lang='lat' dir='ltr'><strong>pas</strong></span> <span class='ocrx_word' id='word_1_17' title='bbox 1990 513 2234 576; x_wconf 82' lang='lat' dir='ltr'><strong>domum,</strong></span> <span class='ocrx_word' id='word_1_18' title='bbox 2294 523 2352 566; x_wconf 90' lang='lat' dir='ltr'><strong>ut</strong></span> <span class='ocrx_word' id='word_1_19' title='bbox 2423 514 2758 583; x_wconf 79' lang='lat' dir='ltr'><strong>Iuaneipium</strong></span> <span class='ocrx_word' id='word_1_20' title='bbox 2806 514 3089 581; x_wconf 77' lang='lat' dir='ltr'><strong>tractavit;</strong></span> <span class='ocrx_word' id='word_1_21' title='bbox 3125 530 3329 583; x_wconf 83' lang='lat' dir='ltr'><strong>eosque</strong></span> <span class='ocrx_word' id='word_1_22' title='bbox 3375 520 3426 571; x_wconf 89' lang='lat' dir='ltr'><strong>in</strong></span> 
     </span>
    </p>
   </div>
   <div class='ocr_carea' id='block_1_5' title="bbox 204 593 1751 675">
    <p class='ocr_par' dir='ltr' id='par_1_5' title="bbox 204 593 1751 675">
     <span class='ocr_line' id='line_1_5' title="bbox 204 593 1751 675; baseline 0.015 -31"><span class='ocrx_word' id='word_1_23' title='bbox 204 593 414 663; x_wconf 77' lang='grc' dir='ltr'>θενόπης</span> <span class='ocrx_word' id='word_1_24' title='bbox 438 596 702 663; x_wconf 82' lang='grc' dir='ltr'>βασιλέως</span> <span class='ocrx_word' id='word_1_25' title='bbox 736 601 973 666; x_wconf 76' lang='grc' dir='ltr'><strong>νεανίας,</strong></span> <span class='ocrx_word' id='word_1_26' title='bbox 1022 604 1081 654; x_wconf 63' lang='grc' dir='ltr'>τὸ</span> <span class='ocrx_word' id='word_1_27' title='bbox 1120 605 1215 673; x_wconf 82' lang='grc' dir='ltr'>μὲν</span> <span class='ocrx_word' id='word_1_28' title='bbox 1245 601 1381 669; x_wconf 80' lang='grc' dir='ltr'>εἶδος</span> <span class='ocrx_word' id='word_1_29' title='bbox 1433 609 1530 659; x_wconf 83' lang='grc' dir='ltr'><strong>ούκ</strong></span> <span class='ocrx_word' id='word_1_30' title='bbox 1562 607 1751 675; x_wconf 76' lang='grc' dir='ltr'>ἀηδὴς.</span> 
     </span>
    </p>
   </div>
   <div class='ocr_carea' id='block_1_6' title="bbox 204 690 1755 767">
    <p class='ocr_par' dir='ltr' id='par_1_6' title="bbox 204 690 1755 767">
     <span class='ocr_line' id='line_1_6' title="bbox 204 690 1755 767; baseline 0.008 -26"><span class='ocrx_word' id='word_1_31' title='bbox 204 690 435 760; x_wconf 80' lang='grc' dir='ltr'>ἐπιεικὴς</span> <span class='ocrx_word' id='word_1_32' title='bbox 454 691 509 743; x_wconf 82' lang='grc' dir='ltr'>δὲ</span> <span class='ocrx_word' id='word_1_33' title='bbox 536 691 627 743; x_wconf 85' lang='grc' dir='ltr'>τὸν</span> <span class='ocrx_word' id='word_1_34' title='bbox 648 697 850 762; x_wconf 73' lang='grc' dir='ltr'>τρόπον</span> <span class='ocrx_word' id='word_1_35' title='bbox 881 696 974 748; x_wconf 77' lang='grc' dir='ltr'>καὶ</span> <span class='ocrx_word' id='word_1_36' title='bbox 998 696 1239 767; x_wconf 75' lang='grc' dir='ltr'>ἡσύχως.</span> <span class='ocrx_word' id='word_1_37' title='bbox 1268 700 1469 753; x_wconf 69' lang='grc' dir='ltr'>Τοῦτον</span> <span class='ocrx_word' id='word_1_38' title='bbox 1500 702 1594 754; x_wconf 79' lang='grc' dir='ltr'><strong>σὺν</strong></span> <span class='ocrx_word' id='word_1_39' title='bbox 1626 701 1755 754; x_wconf 79' lang='grc' dir='ltr'>πολ-</span> 
     </span>
    </p>
   </div>
   <div class='ocr_carea' id='block_1_7' title="bbox 201 781 1753 864">
    <p class='ocr_par' dir='ltr' id='par_1_7' title="bbox 201 781 1753 864">
     <span class='ocr_line' id='line_1_7' title="bbox 201 781 1753 864; baseline 0.01 -31"><span class='ocrx_word' id='word_1_40' title='bbox 201 781 299 845; x_wconf 77' lang='grc' dir='ltr'>λοῖς</span> <span class='ocrx_word' id='word_1_41' title='bbox 325 784 502 847; x_wconf 62' lang='grc' dir='ltr'>ἄλλοις</span> <span class='ocrx_word' id='word_1_42' title='bbox 527 788 792 856; x_wconf 83' lang='grc' dir='ltr'><strong>ἀγόμενος</strong></span> <span class='ocrx_word' id='word_1_43' title='bbox 822 791 849 842; x_wconf 86' lang='grc' dir='ltr'><em>ὁ</em></span> <span class='ocrx_word' id='word_1_44' title='bbox 884 790 1236 860; x_wconf 76' lang='grc' dir='ltr'>Πριάλουπας</span> <span class='ocrx_word' id='word_1_45' title='bbox 1266 795 1345 856; x_wconf 81' lang='grc' dir='ltr'>εἰς</span> <span class='ocrx_word' id='word_1_46' title='bbox 1366 796 1432 847; x_wconf 66' lang='grc' dir='ltr'>τὰ</span> <span class='ocrx_word' id='word_1_47' title='bbox 1456 797 1654 864; x_wconf 81' lang='grc' dir='ltr'>οἰκεῖα,</span> <span class='ocrx_word' id='word_1_48' title='bbox 1680 797 1753 859; x_wconf 77' lang='grc' dir='ltr'>ὡς</span> 
     </span>
    </p>
   </div>
   <div class='ocr_carea' id='block_1_8' title="bbox 200 876 1755 957">
    <p class='ocr_par' dir='ltr' id='par_1_8' title="bbox 200 876 1755 957">
     <span class='ocr_line' id='line_1_8' title="bbox 200 876 1755 957; baseline 0.011 -30"><span class='ocrx_word' id='word_1_49' title='bbox 200 876 490 945; x_wconf 79' lang='grc' dir='ltr'>ἀνδράποδά</span> <span class='ocrx_word' id='word_1_50' title='bbox 512 897 569 931; x_wconf 89' lang='grc' dir='ltr'><strong>τε</strong></span> <span class='ocrx_word' id='word_1_51' title='bbox 605 886 877 951; x_wconf 78' lang='grc' dir='ltr'>περιεῖπε,</span> <span class='ocrx_word' id='word_1_52' title='bbox 924 889 1020 939; x_wconf 75' lang='grc' dir='ltr'><strong>καὶ</strong></span> <span class='ocrx_word' id='word_1_53' title='bbox 1052 882 1198 956; x_wconf 78' lang='grc' dir='ltr'>εἶχεν</span> <span class='ocrx_word' id='word_1_54' title='bbox 1231 889 1288 939; x_wconf 90' lang='grc' dir='ltr'><strong>ἐν</strong></span> <span class='ocrx_word' id='word_1_55' title='bbox 1316 888 1557 957; x_wconf 77' lang='grc' dir='ltr'>φυλακῇ,</span> <span class='ocrx_word' id='word_1_56' title='bbox 1595 893 1648 953; x_wconf 80' lang='grc' dir='ltr'><strong>ἐς</strong></span> <span class='ocrx_word' id='word_1_57' title='bbox 1687 892 1755 945; x_wconf 80' lang='grc' dir='ltr'>τὰ</span> 
     </span>
    </p>
   </div>
   <div class='ocr_carea' id='block_1_9' title="bbox 202 967 1754 1051">
    <p class='ocr_par' dir='ltr' id='par_1_9' title="bbox 202 967 1754 1051">
     <span class='ocr_line' id='line_1_9' title="bbox 202 967 1754 1051; baseline 0.011 -32"><span class='ocrx_word' id='word_1_58' title='bbox 202 967 428 1036; x_wconf 76' lang='grc' dir='ltr'>βασίλεια</span> <span class='ocrx_word' id='word_1_59' title='bbox 466 972 780 1041; x_wconf 84' lang='grc' dir='ltr'>διατρίϐων,</span> <span class='ocrx_word' id='word_1_60' title='bbox 812 980 1064 1048; x_wconf 72' lang='grc' dir='ltr'><strong>κατεῖχεν</strong></span> <span class='ocrx_word' id='word_1_61' title='bbox 1092 979 1166 1043; x_wconf 82' lang='grc' dir='ltr'>ὡς</span> <span class='ocrx_word' id='word_1_62' title='bbox 1216 982 1518 1051; x_wconf 83' lang='grc' dir='ltr'>χρημάτων</span> <span class='ocrx_word' id='word_1_63' title='bbox 1548 984 1602 1045; x_wconf 79' lang='grc' dir='ltr'><strong>ἐς</strong></span> <span class='ocrx_word' id='word_1_64' title='bbox 1628 984 1754 1045; x_wconf 78' lang='grc' dir='ltr'>τοὺς</span> 
     </span>
    </p>
   </div>
   <div class='ocr_carea' id='block_1_10' title="bbox 200 1065 1757 1142">
    <p class='ocr_par' dir='ltr' id='par_1_10' title="bbox 200 1065 1757 1142">
     <span class='ocr_line' id='line_1_10' title="bbox 200 1065 1757 1142; baseline 0.011 -30"><span class='ocrx_word' id='word_1_65' title='bbox 200 1065 556 1133; x_wconf 79' lang='grc' dir='ltr'><strong>προσήκοντας</strong></span> <span class='ocrx_word' id='word_1_66' title='bbox 598 1066 818 1130; x_wconf 81' lang='grc' dir='ltr'><strong>ἐσαῦθις</strong></span> <span class='ocrx_word' id='word_1_67' title='bbox 854 1072 1262 1139; x_wconf 77' lang='grc' dir='ltr'>αποδιδόμενος,</span> <span class='ocrx_word' id='word_1_68' title='bbox 1298 1073 1363 1142; x_wconf 84' lang='grc' dir='ltr'>ἥν</span> <span class='ocrx_word' id='word_1_69' title='bbox 1397 1075 1630 1128; x_wconf 87' lang='grc' dir='ltr'>αίτοῐντο</span> <span class='ocrx_word' id='word_1_70' title='bbox 1661 1074 1757 1128; x_wconf 84' lang='grc' dir='ltr'>αὐ-</span> 
     </span>
    </p>
   </div>
   <div class='ocr_carea' id='block_1_11' title="bbox 197 1154 1754 1239">
    <p class='ocr_par' dir='ltr' id='par_1_11' title="bbox 197 1154 1754 1239">
     <span class='ocr_line' id='line_1_11' title="bbox 197 1154 1754 1239; baseline 0.012 -38"><span class='ocrx_word' id='word_1_71' title='bbox 197 1154 330 1216; x_wconf 84' lang='grc' dir='ltr'>τούς.</span> <span class='ocrx_word' id='word_1_72' title='bbox 350 1155 412 1207; x_wconf 82' lang='grc' dir='ltr'><strong>Ἦ</strong></span> <span class='ocrx_word' id='word_1_73' title='bbox 435 1156 489 1209; x_wconf 75' lang='grc' dir='ltr'>δὲ</span> <span class='ocrx_word' id='word_1_74' title='bbox 507 1159 641 1227; x_wconf 84' lang='grc' dir='ltr'>γυνὴ</span> <span class='ocrx_word' id='word_1_75' title='bbox 668 1159 884 1226; x_wconf 82' lang='grc' dir='ltr'>τούτου,</span> <span class='ocrx_word' id='word_1_76' title='bbox 908 1162 982 1226; x_wconf 85' lang='grc' dir='ltr'>ὡς</span> <span class='ocrx_word' id='word_1_77' title='bbox 1007 1164 1153 1233; x_wconf 80' lang='grc' dir='ltr'>ἐώρα</span> <span class='ocrx_word' id='word_1_78' title='bbox 1171 1166 1261 1219; x_wconf 79' lang='grc' dir='ltr'><strong>τὸν</strong></span> <span class='ocrx_word' id='word_1_79' title='bbox 1293 1168 1754 1239; x_wconf 75' lang='grc' dir='ltr'>νεανίαν,ὴράσοη</span> 
     </span>
    </p>
   </div>
   <div class='ocr_carea' id='block_1_12' title="bbox 196 1246 1755 1329">
    <p class='ocr_par' dir='ltr' id='par_1_12' title="bbox 196 1246 1755 1329">
     <span class='ocr_line' id='line_1_12' title="bbox 196 1246 1755 1329; baseline 0.009 -30"><span class='ocrx_word' id='word_1_80' title='bbox 196 1265 248 1300; x_wconf 88' lang='grc' dir='ltr'><strong>τε</strong></span> <span class='ocrx_word' id='word_1_81' title='bbox 269 1248 463 1302; x_wconf 80' lang='grc' dir='ltr'>αὑτοῦ·</span> <span class='ocrx_word' id='word_1_82' title='bbox 502 1246 570 1320; x_wconf 80' lang='grc' dir='ltr'><strong>ἦν</strong></span> <span class='ocrx_word' id='word_1_83' title='bbox 597 1251 704 1322; x_wconf 78' lang='grc' dir='ltr'>γὰρ</span> <span class='ocrx_word' id='word_1_84' title='bbox 745 1253 838 1307; x_wconf 74' lang='grc' dir='ltr'>καὶ</span> <span class='ocrx_word' id='word_1_85' title='bbox 890 1260 945 1319; x_wconf 86' lang='grc' dir='ltr'>ὲς</span> <span class='ocrx_word' id='word_1_86' title='bbox 975 1257 1169 1320; x_wconf 80' lang='grc' dir='ltr'>ἄλλους</span> <span class='ocrx_word' id='word_1_87' title='bbox 1215 1259 1480 1329; x_wconf 81' lang='grc' dir='ltr'>πρότερον</span> <span class='ocrx_word' id='word_1_88' title='bbox 1511 1260 1755 1329; x_wconf 80' lang='grc' dir='ltr'>φοιτῶσα</span> 
     </span>
    </p>
   </div>
   <div class='ocr_carea' id='block_1_13' title="bbox 195 1341 1754 1423">
    <p class='ocr_par' dir='ltr' id='par_1_13' title="bbox 195 1341 1754 1423">
     <span class='ocr_line' id='line_1_13' title="bbox 195 1341 1754 1423; baseline 0.01 -32"><span class='ocrx_word' id='word_1_89' title='bbox 195 1342 267 1401; x_wconf 86' lang='grc' dir='ltr'>εἰς</span> <span class='ocrx_word' id='word_1_90' title='bbox 294 1341 508 1412; x_wconf 78' lang='grc' dir='ltr'>ἄνδρας,</span> <span class='ocrx_word' id='word_1_91' title='bbox 545 1346 637 1396; x_wconf 78' lang='grc' dir='ltr'><strong>καὶ</strong></span> <span class='ocrx_word' id='word_1_92' title='bbox 694 1346 1014 1409; x_wconf 81' lang='grc' dir='ltr'>ἀκόλαστος.</span> <span class='ocrx_word' id='word_1_93' title='bbox 1051 1349 1426 1420; x_wconf 85' lang='grc' dir='ltr'>Συγγινομένη</span> <span class='ocrx_word' id='word_1_94' title='bbox 1462 1354 1644 1405; x_wconf 80' lang='grc' dir='ltr'>τοίνυν</span> <span class='ocrx_word' id='word_1_95' title='bbox 1677 1356 1754 1423; x_wconf 83' lang='grc' dir='ltr'>τῷ</span> 
     </span>
    </p>
   </div>
   <div class='ocr_carea' id='block_1_14' title="bbox 198 1434 1757 1513">
    <p class='ocr_par' dir='ltr' id='par_1_14' title="bbox 198 1434 1757 1513">
     <span class='ocr_line' id='line_1_14' title="bbox 198 1434 1757 1513; baseline 0.009 -29"><span class='ocrx_word' id='word_1_96' title='bbox 198 1434 386 1505; x_wconf 78' lang='grc' dir='ltr'>νεανίᾳ,</span> <span class='ocrx_word' id='word_1_97' title='bbox 422 1438 511 1488; x_wconf 82' lang='grc' dir='ltr'><strong>καὶ</strong></span> <span class='ocrx_word' id='word_1_98' title='bbox 541 1438 937 1510; x_wconf 82' lang='grc' dir='ltr'>ὲπιμαινομένη</span> <span class='ocrx_word' id='word_1_99' title='bbox 954 1441 1105 1511; x_wconf 84' lang='grc' dir='ltr'>αὑτῷ</span> <span class='ocrx_word' id='word_1_100' title='bbox 1138 1445 1193 1507; x_wconf 80' lang='grc' dir='ltr'><strong>ἐς</strong></span> <span class='ocrx_word' id='word_1_101' title='bbox 1229 1444 1319 1495; x_wconf 76' lang='grc' dir='ltr'><strong>τὸν</strong></span> <span class='ocrx_word' id='word_1_102' title='bbox 1348 1444 1549 1513; x_wconf 81' lang='grc' dir='ltr'>ἔρωτα,</span> <span class='ocrx_word' id='word_1_103' title='bbox 1578 1445 1757 1498; x_wconf 84' lang='grc' dir='ltr'>συντί-</span> 
     </span>
    </p>
   </div>
   <div class='ocr_carea' id='block_1_15' title="bbox 196 1527 1756 1608">
    <p class='ocr_par' dir='ltr' id='par_1_15' title="bbox 196 1527 1756 1608">
     <span class='ocr_line' id='line_1_15' title="bbox 196 1527 1756 1608; baseline 0.008 -29"><span class='ocrx_word' id='word_1_104' title='bbox 196 1527 511 1600; x_wconf 74' lang='grc' dir='ltr'>θεταιαύτῷ</span> <span class='ocrx_word' id='word_1_105' title='bbox 542 1533 631 1583; x_wconf 74' lang='grc' dir='ltr'><strong>ἐπὶ</strong></span> <span class='ocrx_word' id='word_1_106' title='bbox 663 1531 739 1601; x_wconf 81' lang='grc' dir='ltr'>τῷ</span> <span class='ocrx_word' id='word_1_107' title='bbox 772 1534 925 1604; x_wconf 61' lang='grc' dir='ltr'>ἀνδρὶ</span> <span class='ocrx_word' id='word_1_108' title='bbox 980 1535 1296 1604; x_wconf 76' lang='grc' dir='ltr'>ἐπιϐουλὴν,</span> <span class='ocrx_word' id='word_1_109' title='bbox 1328 1540 1417 1591; x_wconf 80' lang='grc' dir='ltr'><strong>καὶ</strong></span> <span class='ocrx_word' id='word_1_110' title='bbox 1450 1540 1756 1608; x_wconf 78' lang='grc' dir='ltr'>ἐξηγουμέ-</span> 
     </span>
    </p>
   </div>
   <div class='ocr_carea' id='block_1_16' title="bbox 194 1622 1756 1702">
    <p class='ocr_par' dir='ltr' id='par_1_16' title="bbox 194 1622 1756 1702">
     <span class='ocr_line' id='line_1_16' title="bbox 194 1622 1756 1702; baseline 0.011 -31"><span class='ocrx_word' id='word_1_111' title='bbox 194 1638 282 1689; x_wconf 86' lang='grc' dir='ltr'><strong>νης</strong></span> <span class='ocrx_word' id='word_1_112' title='bbox 315 1623 409 1689; x_wconf 72' lang='grc' dir='ltr'>τῆς</span> <span class='ocrx_word' id='word_1_113' title='bbox 467 1626 723 1691; x_wconf 75' lang='grc' dir='ltr'>γυναικὸς</span> <span class='ocrx_word' id='word_1_114' title='bbox 782 1622 837 1691; x_wconf 79' lang='grc' dir='ltr'><strong>ἐς</strong></span> <span class='ocrx_word' id='word_1_115' title='bbox 892 1629 988 1700; x_wconf 75' lang='grc' dir='ltr'><strong>τὴν</strong></span> <span class='ocrx_word' id='word_1_116' title='bbox 1049 1632 1272 1702; x_wconf 79' lang='grc' dir='ltr'><strong>κοίτην,</strong></span> <span class='ocrx_word' id='word_1_117' title='bbox 1328 1634 1402 1695; x_wconf 80' lang='grc' dir='ltr'>ὡς</span> <span class='ocrx_word' id='word_1_118' title='bbox 1454 1634 1756 1688; x_wconf 78' lang='grc' dir='ltr'>ἀνεπαύετο</span> 
     </span>
    </p>
   </div>
   <div class='ocr_carea' id='block_1_17' title="bbox 196 1716 1773 1800">
    <p class='ocr_par' dir='ltr' id='par_1_17' title="bbox 196 1716 1773 1800">
     <span class='ocr_line' id='line_1_17' title="bbox 196 1716 1773 1800; baseline 0.01 -35"><span class='ocrx_word' id='word_1_119' title='bbox 196 1716 536 1783; x_wconf 70' lang='grc' dir='ltr'>ΙΙριὰὶουπας</span> <span class='ocrx_word' id='word_1_120' title='bbox 562 1721 588 1770; x_wconf 74' lang='grc' dir='ltr'>ὁ</span> <span class='ocrx_word' id='word_1_121' title='bbox 620 1720 865 1789; x_wconf 79' lang='grc' dir='ltr'>ἡγεμὼν,</span> <span class='ocrx_word' id='word_1_122' title='bbox 897 1724 1073 1777; x_wconf 76' lang='grc' dir='ltr'>ἀνεῖλέ</span> <span class='ocrx_word' id='word_1_123' title='bbox 1106 1742 1165 1778; x_wconf 82' lang='grc' dir='ltr'><strong>τε</strong></span> <span class='ocrx_word' id='word_1_124' title='bbox 1203 1727 1363 1791; x_wconf 75' lang='grc' dir='ltr'>αὐτὸν</span> <span class='ocrx_word' id='word_1_125' title='bbox 1407 1726 1522 1795; x_wconf 74' lang='grc' dir='ltr'><strong>ἅμα</strong></span> <span class='ocrx_word' id='word_1_126' title='bbox 1551 1729 1648 1780; x_wconf 76' lang='grc' dir='ltr'><strong>σὺν</strong></span> <span class='ocrx_word' id='word_1_127' title='bbox 1687 1731 1773 1800; x_wconf 82' lang='grc' dir='ltr'><strong>τῇ·</strong></span> 
     </span>
    </p>
   </div>
   <div class='ocr_carea' id='block_1_18' title="bbox 191 1810 1750 1891">
    <p class='ocr_par' dir='ltr' id='par_1_18' title="bbox 191 1810 1750 1891">
     <span class='ocr_line' id='line_1_18' title="bbox 191 1810 1750 1891; baseline 0.01 -32"><span class='ocrx_word' id='word_1_128' title='bbox 191 1811 424 1873; x_wconf 71' lang='grc' dir='ltr'>γυναικὶ,</span> <span class='ocrx_word' id='word_1_129' title='bbox 460 1812 553 1863; x_wconf 76' lang='grc' dir='ltr'><strong>καὶ</strong></span> <span class='ocrx_word' id='word_1_130' title='bbox 603 1810 717 1879; x_wconf 78' lang='grc' dir='ltr'><strong>ἅμα</strong></span> <span class='ocrx_word' id='word_1_131' title='bbox 748 1817 1104 1887; x_wconf 76' lang='grc' dir='ltr'>συγκατίσχει</span> <span class='ocrx_word' id='word_1_132' title='bbox 1136 1818 1234 1889; x_wconf 84' lang='grc' dir='ltr'><strong>τὴν</strong></span> <span class='ocrx_word' id='word_1_133' title='bbox 1265 1822 1561 1889; x_wconf 76' lang='grc' dir='ltr'>ἡγεμονίαν</span> <span class='ocrx_word' id='word_1_134' title='bbox 1584 1822 1750 1891; x_wconf 81' lang='grc' dir='ltr'>αύτῷ.</span> 
     </span>
    </p>
   </div>
   <div class='ocr_carea' id='block_1_19' title="bbox 1860 605 3430 676">
    <p class='ocr_par' dir='ltr' id='par_1_19' title="bbox 1860 605 3430 676">
     <span class='ocr_line' id='line_1_19' title="bbox 1860 605 3430 676; baseline 0.004 -18"><span class='ocrx_word' id='word_1_135' title='bbox 1860 605 2111 659; x_wconf 87' lang='lat' dir='ltr'><strong>custodia</strong></span> <span class='ocrx_word' id='word_1_136' title='bbox 2146 606 2472 668; x_wconf 83' lang='lat' dir='ltr'><strong>usservavit,</strong></span> <span class='ocrx_word' id='word_1_137' title='bbox 2530 617 2774 662; x_wconf 78' lang='lat' dir='ltr'><strong>tlturaltts</strong></span> <span class='ocrx_word' id='word_1_138' title='bbox 2810 609 2857 661; x_wconf 91' lang='lat' dir='ltr'><strong>in</strong></span> <span class='ocrx_word' id='word_1_139' title='bbox 2914 611 3083 676; x_wconf 80' lang='lat' dir='ltr'><strong>regia,</strong></span> <span class='ocrx_word' id='word_1_140' title='bbox 3122 608 3430 664; x_wconf 75' lang='lat' dir='ltr'><strong>volensms</strong></span> 
     </span>
    </p>
   </div>
   <div class='ocr_carea' id='block_1_20' title="bbox 1861 697 3431 767">
    <p class='ocr_par' dir='ltr' id='par_1_20' title="bbox 1861 697 3431 767">
     <span class='ocr_line' id='line_1_20' title="bbox 1861 697 3431 767; baseline 0.001 -16"><span class='ocrx_word' id='word_1_141' title='bbox 1861 697 2185 767; x_wconf 85' lang='lat' dir='ltr'><strong>propinquis</strong></span> <span class='ocrx_word' id='word_1_142' title='bbox 2214 700 2524 760; x_wconf 76' lang='lat' dir='ltr'><strong>resrituere,</strong></span> <span class='ocrx_word' id='word_1_143' title='bbox 2555 710 2778 767; x_wconf 84' lang='lat' dir='ltr'><strong>accepta</strong></span> <span class='ocrx_word' id='word_1_144' title='bbox 2816 700 3064 765; x_wconf 79' lang='lat' dir='ltr'><strong>pecunia,</strong></span> <span class='ocrx_word' id='word_1_145' title='bbox 3093 702 3137 753; x_wconf 90' lang='lat' dir='ltr'><strong>si</strong></span> <span class='ocrx_word' id='word_1_146' title='bbox 3174 699 3431 753; x_wconf 90' lang='lat' dir='ltr'><strong>venirent</strong></span> 
     </span>
    </p>
   </div>
   <div class='ocr_carea' id='block_1_21' title="bbox 1860 790 3428 859">
    <p class='ocr_par' dir='ltr' id='par_1_21' title="bbox 1860 790 3428 859">
     <span class='ocr_line' id='line_1_21' title="bbox 1860 790 3428 859; baseline 0.001 -16"><span class='ocrx_word' id='word_1_147' title='bbox 1860 805 1990 844; x_wconf 86' lang='lat' dir='ltr'><strong>suos</strong></span> <span class='ocrx_word' id='word_1_148' title='bbox 2048 790 2411 859; x_wconf 88' lang='lat' dir='ltr'><strong>redemptum.</strong></span> <span class='ocrx_word' id='word_1_149' title='bbox 2482 791 2632 845; x_wconf 81' lang='lat' dir='ltr'><strong>lixor</strong></span> <span class='ocrx_word' id='word_1_150' title='bbox 2700 790 2969 859; x_wconf 76' lang='lat' dir='ltr'><strong>Prialupa:</strong></span> <span class='ocrx_word' id='word_1_151' title='bbox 3024 794 3428 846; x_wconf 79' lang='lat' dir='ltr'><strong>adolescentem</strong></span> 
     </span>
    </p>
   </div>
   <div class='ocr_carea' id='block_1_22' title="bbox 1858 882 3430 952">
    <p class='ocr_par' dir='ltr' id='par_1_22' title="bbox 1858 882 3430 952">
     <span class='ocr_line' id='line_1_22' title="bbox 1858 882 3430 952; baseline 0.002 -18"><span class='ocrx_word' id='word_1_152' title='bbox 1858 882 2034 935; x_wconf 88' lang='lat' dir='ltr'><strong>visum</strong></span> <span class='ocrx_word' id='word_1_153' title='bbox 2063 898 2246 937; x_wconf 76' lang='lat' dir='ltr'><strong>amare</strong></span> <span class='ocrx_word' id='word_1_154' title='bbox 2271 884 2462 952; x_wconf 72' lang='lat' dir='ltr'><strong>cmpit.</strong></span> <span class='ocrx_word' id='word_1_155' title='bbox 2514 884 2644 938; x_wconf 83' lang='lat' dir='ltr'><strong>Erat</strong></span> <span class='ocrx_word' id='word_1_156' title='bbox 2693 887 2838 937; x_wconf 85' lang='lat' dir='ltr'><strong>enim</strong></span> <span class='ocrx_word' id='word_1_157' title='bbox 2878 886 3036 938; x_wconf 84' lang='lat' dir='ltr'><strong>istius</strong></span> <span class='ocrx_word' id='word_1_158' title='bbox 3066 886 3311 939; x_wconf 84' lang='lat' dir='ltr'><strong>mulieris</strong></span> <span class='ocrx_word' id='word_1_159' title='bbox 3344 885 3430 937; x_wconf 88' lang='lat' dir='ltr'><strong>in-</strong></span> 
     </span>
    </p>
   </div>
   <div class='ocr_carea' id='block_1_23' title="bbox 1858 974 3427 1045">
    <p class='ocr_par' dir='ltr' id='par_1_23' title="bbox 1858 974 3427 1045">
     <span class='ocr_line' id='line_1_23' title="bbox 1858 974 3427 1045; baseline 0.001 -19"><span class='ocrx_word' id='word_1_160' title='bbox 1858 974 2097 1042; x_wconf 77' lang='lat' dir='ltr'><strong>genium,</strong></span> <span class='ocrx_word' id='word_1_161' title='bbox 2155 982 2213 1027; x_wconf 93' lang='lat' dir='ltr'><strong>ut</strong></span> <span class='ocrx_word' id='word_1_162' title='bbox 2266 975 2586 1044; x_wconf 82' lang='lat' dir='ltr'><strong>priusquam</strong></span> <span class='ocrx_word' id='word_1_163' title='bbox 2646 985 2940 1045; x_wconf 85' lang='lat' dir='ltr'><strong>peteretur,</strong></span> <span class='ocrx_word' id='word_1_164' title='bbox 2990 982 3199 1043; x_wconf 89' lang='lat' dir='ltr'><strong>peteret</strong></span> <span class='ocrx_word' id='word_1_165' title='bbox 3254 974 3427 1037; x_wconf 76' lang='lat' dir='ltr'><strong>\‘il‘OS,</strong></span> 
     </span>
    </p>
   </div>
   <div class='ocr_carea' id='block_1_24' title="bbox 1860 1067 3429 1136">
    <p class='ocr_par' dir='ltr' id='par_1_24' title="bbox 1860 1067 3429 1136">
     <span class='ocr_line' id='line_1_24' title="bbox 1860 1067 3429 1136; baseline 0.001 -20"><span class='ocrx_word' id='word_1_166' title='bbox 1860 1082 1968 1135; x_wconf 67' lang='lat' dir='ltr'><strong>prae</strong></span> <span class='ocrx_word' id='word_1_167' title='bbox 1998 1067 2416 1136; x_wconf 88' lang='lat' dir='ltr'><strong>intemperantia</strong></span> <span class='ocrx_word' id='word_1_168' title='bbox 2477 1072 2565 1122; x_wconf 92' lang='lat' dir='ltr'><strong>cui</strong></span> <span class='ocrx_word' id='word_1_169' title='bbox 2624 1071 2862 1123; x_wconf 81' lang='lat' dir='ltr'><strong>obnoxia</strong></span> <span class='ocrx_word' id='word_1_170' title='bbox 2910 1080 3047 1122; x_wconf 82' lang='lat' dir='ltr'><strong>erat.</strong></span> <span class='ocrx_word' id='word_1_171' title='bbox 3094 1067 3231 1123; x_wconf 86' lang='lat' dir='ltr'><strong>Cum</strong></span> <span class='ocrx_word' id='word_1_172' title='bbox 3261 1068 3429 1136; x_wconf 71' lang='lat' dir='ltr'><strong>igitur</strong></span> 
     </span>
    </p>
   </div>
   <div class='ocr_carea' id='block_1_25' title="bbox 1860 1162 3427 1227">
    <p class='ocr_par' dir='ltr' id='par_1_25' title="bbox 1860 1162 3427 1227">
     <span class='ocr_line' id='line_1_25' title="bbox 1860 1162 3427 1227; baseline 0 -14"><span class='ocrx_word' id='word_1_173' title='bbox 1860 1162 2034 1227; x_wconf 84' lang='lat' dir='ltr'><strong>stupri</strong></span> <span class='ocrx_word' id='word_1_174' title='bbox 2075 1164 2526 1217; x_wconf 88' lang='lat' dir='ltr'><strong>consuetudinem</strong></span> <span class='ocrx_word' id='word_1_175' title='bbox 2582 1180 2703 1217; x_wconf 89' lang='lat' dir='ltr'><strong>cum</strong></span> <span class='ocrx_word' id='word_1_176' title='bbox 2739 1164 3085 1218; x_wconf 87' lang='lat' dir='ltr'><strong>adolescente</strong></span> <span class='ocrx_word' id='word_1_177' title='bbox 3118 1162 3427 1220; x_wconf 88' lang='lat' dir='ltr'><strong>habuisset.</strong></span> 
     </span>
    </p>
   </div>
   <div class='ocr_carea' id='block_1_26' title="bbox 1859 1252 3428 1319">
    <p class='ocr_par' dir='ltr' id='par_1_26' title="bbox 1859 1252 3428 1319">
     <span class='ocr_line' id='line_1_26' title="bbox 1859 1252 3428 1319; baseline 0.001 -15"><span class='ocrx_word' id='word_1_178' title='bbox 1859 1266 2043 1306; x_wconf 76' lang='lat' dir='ltr'><strong>arnore</strong></span> <span class='ocrx_word' id='word_1_179' title='bbox 2075 1253 2271 1307; x_wconf 88' lang='lat' dir='ltr'><strong>ardens</strong></span> <span class='ocrx_word' id='word_1_180' title='bbox 2307 1264 2360 1307; x_wconf 90' lang='lat' dir='ltr'><strong>et</strong></span> <span class='ocrx_word' id='word_1_181' title='bbox 2406 1254 2615 1319; x_wconf 83' lang='lat' dir='ltr'><strong>furens,</strong></span> <span class='ocrx_word' id='word_1_182' title='bbox 2650 1270 2773 1307; x_wconf 88' lang='lat' dir='ltr'><strong>cum</strong></span> <span class='ocrx_word' id='word_1_183' title='bbox 2810 1254 3164 1308; x_wconf 78' lang='lat' dir='ltr'><strong>adolescente</strong></span> <span class='ocrx_word' id='word_1_184' title='bbox 3193 1252 3428 1308; x_wconf 85' lang='lat' dir='ltr'><strong>insidias</strong></span> 
     </span>
    </p>
   </div>
   <div class='ocr_carea' id='block_1_27' title="bbox 1860 1344 3426 1402">
    <p class='ocr_par' dir='ltr' id='par_1_27' title="bbox 1860 1344 3426 1402">
     <span class='ocr_line' id='line_1_27' title="bbox 1860 1344 3426 1402; baseline 0.001 -6"><span class='ocrx_word' id='word_1_185' title='bbox 1860 1344 2056 1397; x_wconf 88' lang='lat' dir='ltr'><strong>marito</strong></span> <span class='ocrx_word' id='word_1_186' title='bbox 2120 1346 2406 1401; x_wconf 85' lang='lat' dir='ltr'><strong>subornat.</strong></span> <span class='ocrx_word' id='word_1_187' title='bbox 2470 1347 2668 1401; x_wconf 83' lang='lat' dir='ltr'><strong>Mulier</strong></span> <span class='ocrx_word' id='word_1_188' title='bbox 2725 1348 3127 1402; x_wconf 74' lang='lat' dir='ltr'><strong>adolescentem</strong></span> <span class='ocrx_word' id='word_1_189' title='bbox 3175 1346 3327 1400; x_wconf 85' lang='lat' dir='ltr'><strong>ducit</strong></span> <span class='ocrx_word' id='word_1_190' title='bbox 3372 1345 3426 1398; x_wconf 90' lang='lat' dir='ltr'><strong>in</strong></span> 
     </span>
    </p>
   </div>
   <div class='ocr_carea' id='block_1_28' title="bbox 1859 1435 3429 1510">
    <p class='ocr_par' dir='ltr' id='par_1_28' title="bbox 1859 1435 3429 1510">
     <span class='ocr_line' id='line_1_28' title="bbox 1859 1435 3429 1510; baseline 0.002 -20"><span class='ocrx_word' id='word_1_191' title='bbox 1859 1435 2201 1501; x_wconf 89' lang='lat' dir='ltr'><strong>cubiculum,</strong></span> <span class='ocrx_word' id='word_1_192' title='bbox 2242 1438 2293 1492; x_wconf 92' lang='lat' dir='ltr'><strong>in</strong></span> <span class='ocrx_word' id='word_1_193' title='bbox 2324 1456 2430 1509; x_wconf 87' lang='lat' dir='ltr'><strong>quo</strong></span> <span class='ocrx_word' id='word_1_194' title='bbox 2458 1441 2743 1510; x_wconf 83' lang='lat' dir='ltr'><strong>quiescere</strong></span> <span class='ocrx_word' id='word_1_195' title='bbox 2767 1441 2963 1494; x_wconf 78' lang='lat' dir='ltr'><strong>solitus</strong></span> <span class='ocrx_word' id='word_1_196' title='bbox 2994 1450 3110 1493; x_wconf 89' lang='lat' dir='ltr'><strong>erat</strong></span> <span class='ocrx_word' id='word_1_197' title='bbox 3142 1438 3429 1508; x_wconf 87' lang='lat' dir='ltr'><strong>Prialupas</strong></span> 
     </span>
    </p>
   </div>
   <div class='ocr_carea' id='block_1_29' title="bbox 1858 1527 3431 1599">
    <p class='ocr_par' dir='ltr' id='par_1_29' title="bbox 1858 1527 3431 1599">
     <span class='ocr_line' id='line_1_29' title="bbox 1858 1527 3431 1599; baseline 0.001 -20"><span class='ocrx_word' id='word_1_198' title='bbox 1858 1527 1966 1580; x_wconf 76' lang='lat' dir='ltr'><strong>dux</strong></span> <span class='ocrx_word' id='word_1_199' title='bbox 2001 1545 2015 1581; x_wconf 88' lang='lat'><strong>:</strong></span> <span class='ocrx_word' id='word_1_200' title='bbox 2048 1528 2256 1598; x_wconf 84' lang='lat' dir='ltr'><strong>ibique,</strong></span> <span class='ocrx_word' id='word_1_201' title='bbox 2285 1529 2554 1599; x_wconf 88' lang='lat' dir='ltr'><strong>adjuvans</strong></span> <span class='ocrx_word' id='word_1_202' title='bbox 2581 1532 2985 1586; x_wconf 86' lang='lat' dir='ltr'><strong>adolescentem</strong></span> <span class='ocrx_word' id='word_1_203' title='bbox 3018 1531 3235 1595; x_wconf 88' lang='lat' dir='ltr'><strong>mulier,</strong></span> <span class='ocrx_word' id='word_1_204' title='bbox 3280 1529 3431 1583; x_wconf 77' lang='lat' dir='ltr'><strong>Pria-</strong></span> 
     </span>
    </p>
   </div>
   <div class='ocr_carea' id='block_1_30' title="bbox 1858 1620 3428 1693">
    <p class='ocr_par' dir='ltr' id='par_1_30' title="bbox 1858 1620 3428 1693">
     <span class='ocr_line' id='line_1_30' title="bbox 1858 1620 3428 1693; baseline 0.003 -22"><span class='ocrx_word' id='word_1_205' title='bbox 1858 1620 2014 1688; x_wconf 85' lang='lat' dir='ltr'><strong>lupas</strong></span> <span class='ocrx_word' id='word_1_206' title='bbox 2051 1622 2272 1676; x_wconf 84' lang='lat' dir='ltr'><strong>occisus</strong></span> <span class='ocrx_word' id='word_1_207' title='bbox 2307 1634 2411 1689; x_wconf 91' lang='lat' dir='ltr'><strong>est,</strong></span> <span class='ocrx_word' id='word_1_208' title='bbox 2447 1632 2500 1677; x_wconf 91' lang='lat' dir='ltr'><strong>et</strong></span> <span class='ocrx_word' id='word_1_209' title='bbox 2538 1623 2652 1692; x_wconf 92' lang='lat' dir='ltr'><strong>ipse</strong></span> <span class='ocrx_word' id='word_1_210' title='bbox 2691 1626 2755 1677; x_wconf 89' lang='lat' dir='ltr'><strong>ad</strong></span> <span class='ocrx_word' id='word_1_211' title='bbox 2794 1622 3009 1693; x_wconf 90' lang='lat' dir='ltr'><strong>imperii</strong></span> <span class='ocrx_word' id='word_1_212' title='bbox 3054 1622 3428 1693; x_wconf 84' lang='lat' dir='ltr'><strong>gubernacula</strong></span> 
     </span>
    </p>
   </div>
   <div class='ocr_carea' id='block_1_31' title="bbox 1857 1712 3429 1787">
    <p class='ocr_par' dir='ltr' id='par_1_31' title="bbox 1857 1712 3429 1787">
     <span class='ocr_line' id='line_1_31' title="bbox 1857 1712 3429 1787; baseline 0.001 -20"><span class='ocrx_word' id='word_1_213' title='bbox 1857 1712 2124 1767; x_wconf 75' lang='lat' dir='ltr'><strong>a3cendit.</strong></span> <span class='ocrx_word' id='word_1_214' title='bbox 2159 1712 2296 1769; x_wconf 88' lang='lat' dir='ltr'><strong>Cum</strong></span> <span class='ocrx_word' id='word_1_215' title='bbox 2333 1724 2511 1768; x_wconf 89' lang='lat' dir='ltr'><strong>autem</strong></span> <span class='ocrx_word' id='word_1_216' title='bbox 2538 1716 2644 1770; x_wconf 86' lang='lat' dir='ltr'><strong>sibi</strong></span> <span class='ocrx_word' id='word_1_217' title='bbox 2681 1717 3020 1787; x_wconf 79' lang='lat' dir='ltr'><strong>tyrannidem</strong></span> <span class='ocrx_word' id='word_1_218' title='bbox 3057 1716 3125 1770; x_wconf 92' lang='lat' dir='ltr'><strong>ad</strong></span> <span class='ocrx_word' id='word_1_219' title='bbox 3154 1732 3275 1769; x_wconf 84' lang='lat' dir='ltr'><strong>eum</strong></span> <span class='ocrx_word' id='word_1_220' title='bbox 3308 1730 3429 1769; x_wconf 90' lang='lat' dir='ltr'><strong>mo-</strong></span> 
     </span>
    </p>
   </div>
   <div class='ocr_carea' id='block_1_32' title="bbox 1860 1807 3425 1879">
    <p class='ocr_par' dir='ltr' id='par_1_32' title="bbox 1860 1807 3425 1879">
     <span class='ocr_line' id='line_1_32' title="bbox 1860 1807 3425 1879; baseline 0.001 -19"><span class='ocrx_word' id='word_1_221' title='bbox 1860 1807 1989 1860; x_wconf 88' lang='lat' dir='ltr'><strong>dum</strong></span> <span class='ocrx_word' id='word_1_222' title='bbox 2025 1817 2291 1877; x_wconf 87' lang='lat' dir='ltr'><strong>parasset,</strong></span> <span class='ocrx_word' id='word_1_223' title='bbox 2341 1809 2547 1863; x_wconf 88' lang='lat' dir='ltr'><strong>nemini</strong></span> <span class='ocrx_word' id='word_1_224' title='bbox 2600 1810 2705 1864; x_wconf 89' lang='lat' dir='ltr'><strong>nisi</strong></span> <span class='ocrx_word' id='word_1_225' title='bbox 2762 1811 2974 1865; x_wconf 88' lang='lat' dir='ltr'><strong>mulieri</strong></span> <span class='ocrx_word' id='word_1_226' title='bbox 3011 1810 3114 1865; x_wconf 90' lang='lat' dir='ltr'><strong>soli</strong></span> <span class='ocrx_word' id='word_1_227' title='bbox 3154 1808 3425 1879; x_wconf 86' lang='lat' dir='ltr'><strong>placebat.</strong></span> 
     </span>
    </p>
   </div>
   <div class='ocr_carea' id='block_1_33' title="bbox 202 1889 1752 1983">
    <p class='ocr_par' dir='ltr' id='par_1_33' title="bbox 202 1900 1745 1983">
     <span class='ocr_line' id='line_1_33' title="bbox 202 1900 1745 1983; baseline 0.01 -32"><span class='ocrx_word' id='word_1_228' title='bbox 202 1900 411 1970; x_wconf 77' lang='grc' dir='ltr'>Ἐπειδη</span> <span class='ocrx_word' id='word_1_229' title='bbox 469 1905 861 1976; x_wconf 69' lang='grc' dir='ltr'>ἐτυράννευεν,</span> <span class='ocrx_word' id='word_1_230' title='bbox 930 1910 1108 1963; x_wconf 75' lang='grc' dir='ltr'>οὐδενὶ</span> <span class='ocrx_word' id='word_1_231' title='bbox 1162 1913 1270 1965; x_wconf 89' lang='grc' dir='ltr'><strong>τῶν</strong></span> <span class='ocrx_word' id='word_1_232' title='bbox 1329 1916 1386 1965; x_wconf 84' lang='grc' dir='ltr'>ἐν</span> <span class='ocrx_word' id='word_1_233' title='bbox 1443 1917 1507 1983; x_wconf 84' lang='grc' dir='ltr'>τῇ</span> <span class='ocrx_word' id='word_1_234' title='bbox 1572 1914 1745 1975; x_wconf 79' lang='grc' dir='ltr'>πόλει.</span> 
     </span>
    </p>
   </div>
   <div class='ocr_carea' id='block_1_34' title="bbox 1854 1889 3428 1983">
    <p class='ocr_par' dir='ltr' id='par_1_34' title="bbox 1858 1901 3428 1973">
     <span class='ocr_line' id='line_1_34' title="bbox 1858 1901 3428 1973; baseline 0.001 -21"><span class='ocrx_word' id='word_1_235' title='bbox 1858 1904 1927 1953; x_wconf 90' lang='lat' dir='ltr'><strong>At</strong></span> <span class='ocrx_word' id='word_1_236' title='bbox 1960 1903 2094 1956; x_wconf 85' lang='lat' dir='ltr'><strong>ultio</strong></span> <span class='ocrx_word' id='word_1_237' title='bbox 2120 1903 2261 1957; x_wconf 88' lang='lat' dir='ltr'><strong>haud</strong></span> <span class='ocrx_word' id='word_1_238' title='bbox 2296 1903 2466 1956; x_wconf 91' lang='lat' dir='ltr'><strong>multo</strong></span> <span class='ocrx_word' id='word_1_239' title='bbox 2496 1915 2619 1968; x_wconf 92' lang='lat' dir='ltr'><strong>post</strong></span> <span class='ocrx_word' id='word_1_240' title='bbox 2661 1914 2849 1959; x_wconf 88' lang='lat' dir='ltr'><strong>secuta</strong></span> <span class='ocrx_word' id='word_1_241' title='bbox 2886 1903 3043 1973; x_wconf 81' lang='lat'><strong>113</strong></span> <span class='ocrx_word' id='word_1_242' title='bbox 3072 1915 3175 1957; x_wconf 89' lang='lat' dir='ltr'><strong>est.</strong></span> <span class='ocrx_word' id='word_1_243' title='bbox 3209 1901 3428 1955; x_wconf 85' lang='lat' dir='ltr'><strong>Prialn-</strong></span> 
     </span>
    </p>
   </div>
   <div class='ocr_carea' id='block_1_35' title="bbox 188 1993 1747 2077">
    <p class='ocr_par' dir='ltr' id='par_1_35' title="bbox 188 1993 1747 2077">
     <span class='ocr_line' id='line_1_35' title="bbox 188 1993 1747 2077; baseline 0.01 -31"><span class='ocrx_word' id='word_1_244' title='bbox 188 1993 297 2046; x_wconf 75' lang='grc' dir='ltr'>ἀλλ’</span> <span class='ocrx_word' id='word_1_245' title='bbox 333 1997 391 2047; x_wconf 83' lang='grc' dir='ltr'>ὲν</span> <span class='ocrx_word' id='word_1_246' title='bbox 443 1998 507 2064; x_wconf 79' lang='grc' dir='ltr'>τῇ</span> <span class='ocrx_word' id='word_1_247' title='bbox 565 2001 783 2059; x_wconf 78' lang='grc' dir='ltr'>γυναικὶ</span> <span class='ocrx_word' id='word_1_248' title='bbox 835 2001 1223 2071; x_wconf 83' lang='grc' dir='ltr'><strong>ἀρεσκόμενος.</strong></span> <span class='ocrx_word' id='word_1_249' title='bbox 1295 2004 1360 2058; x_wconf 82' lang='grc' dir='ltr'><strong><em>Ἥ</em></strong></span> <span class='ocrx_word' id='word_1_250' title='bbox 1419 2007 1599 2075; x_wconf 84' lang='grc' dir='ltr'>μέντοι</span> <span class='ocrx_word' id='word_1_251' title='bbox 1627 2007 1747 2077; x_wconf 88' lang='grc' dir='ltr'>δίκη</span> 
     </span>
    </p>
   </div>
   <div class='ocr_carea' id='block_1_36' title="bbox 188 2093 1750 2169">
    <p class='ocr_par' dir='ltr' id='par_1_36' title="bbox 188 2093 1750 2169">
     <span class='ocr_line' id='line_1_36' title="bbox 188 2093 1750 2169; baseline 0.008 -25"><span class='ocrx_word' id='word_1_252' title='bbox 188 2093 271 2145; x_wconf 79' lang='grc' dir='ltr'><strong>τὸν</strong></span> <span class='ocrx_word' id='word_1_253' title='bbox 325 2094 674 2165; x_wconf 77' lang='grc' dir='ltr'>Πριαλούπην</span> <span class='ocrx_word' id='word_1_254' title='bbox 728 2097 825 2150; x_wconf 85' lang='grc' dir='ltr'><strong>οὐκ</strong></span> <span class='ocrx_word' id='word_1_255' title='bbox 897 2099 976 2161; x_wconf 82' lang='grc' dir='ltr'>εἰς</span> <span class='ocrx_word' id='word_1_256' title='bbox 1054 2101 1271 2169; x_wconf 81' lang='grc' dir='ltr'>μακρὰν</span> <span class='ocrx_word' id='word_1_257' title='bbox 1341 2102 1609 2156; x_wconf 87' lang='grc' dir='ltr'>κατέλαϐε</span> <span class='ocrx_word' id='word_1_258' title='bbox 1656 2103 1750 2156; x_wconf 88' lang='grc' dir='ltr'><strong>τδν</strong></span> 
     </span>
    </p>
   </div>
   <div class='ocr_carea' id='block_1_37' title="bbox 186 2186 1750 2267">
    <p class='ocr_par' dir='ltr' id='par_1_37' title="bbox 186 2186 1750 2267">
     <span class='ocr_line' id='line_1_37' title="bbox 186 2186 1750 2267; baseline 0.008 -29"><span class='ocrx_word' id='word_1_259' title='bbox 186 2186 346 2239; x_wconf 80' lang='grc' dir='ltr'>παῖδα</span> <span class='ocrx_word' id='word_1_260' title='bbox 376 2186 541 2241; x_wconf 74' lang='grc' dir='ltr'>αὑτοῦ</span> <span class='ocrx_word' id='word_1_261' title='bbox 575 2189 685 2242; x_wconf 81' lang='grc' dir='ltr'>ἀπὸ</span> <span class='ocrx_word' id='word_1_262' title='bbox 710 2190 912 2262; x_wconf 88' lang='grc' dir='ltr'>ταύτης</span> <span class='ocrx_word' id='word_1_263' title='bbox 946 2191 1008 2261; x_wconf 79' lang='grc' dir='ltr'>δὴ</span> <span class='ocrx_word' id='word_1_264' title='bbox 1042 2194 1140 2261; x_wconf 80' lang='grc' dir='ltr'>τῆς</span> <span class='ocrx_word' id='word_1_265' title='bbox 1174 2197 1432 2262; x_wconf 80' lang='grc' dir='ltr'>γυναικὸς</span> <span class='ocrx_word' id='word_1_266' title='bbox 1457 2197 1750 2267; x_wconf 86' lang='grc' dir='ltr'>γενόμενον</span> 
     </span>
    </p>
   </div>
   <div class='ocr_carea' id='block_1_38' title="bbox 186 2280 1749 2360">
    <p class='ocr_par' dir='ltr' id='par_1_38' title="bbox 186 2280 1749 2360">
     <span class='ocr_line' id='line_1_38' title="bbox 186 2280 1749 2360; baseline 0.008 -29"><span class='ocrx_word' id='word_1_267' title='bbox 186 2280 348 2351; x_wconf 76' lang='grc' dir='ltr'>αὐτῷ.</span> <span class='ocrx_word' id='word_1_268' title='bbox 414 2282 617 2335; x_wconf 80' lang='grc' dir='ltr'>Τοῦτον</span> <span class='ocrx_word' id='word_1_269' title='bbox 656 2283 765 2355; x_wconf 80' lang='grc' dir='ltr'>γάρ</span> <span class='ocrx_word' id='word_1_270' title='bbox 795 2301 897 2348; x_wconf 85' lang='grc' dir='ltr'>τοι,</span> <span class='ocrx_word' id='word_1_271' title='bbox 958 2285 1032 2349; x_wconf 84' lang='grc' dir='ltr'>ὡς</span> <span class='ocrx_word' id='word_1_272' title='bbox 1096 2287 1285 2356; x_wconf 78' lang='grc' dir='ltr'>ἐφοίτα</span> <span class='ocrx_word' id='word_1_273' title='bbox 1324 2288 1472 2360; x_wconf 71' lang='grc' dir='ltr'>παρὰ</span> <span class='ocrx_word' id='word_1_274' title='bbox 1523 2289 1749 2358; x_wconf 77' lang='grc' dir='ltr'><strong>βασιλέα</strong></span> 
     </span>
    </p>
   </div>
   <div class='ocr_carea' id='block_1_39' title="bbox 184 2375 1750 2453">
    <p class='ocr_par' dir='ltr' id='par_1_39' title="bbox 184 2375 1750 2453">
     <span class='ocr_line' id='line_1_39' title="bbox 184 2375 1750 2453; baseline 0.006 -27"><span class='ocrx_word' id='word_1_275' title='bbox 184 2375 389 2440; x_wconf 64' lang='lat' dir='ltr'><strong>limati,</strong></span> <span class='ocrx_word' id='word_1_276' title='bbox 439 2376 753 2446; x_wconf 76' lang='grc' dir='ltr'>αἰτούμενος</span> <span class='ocrx_word' id='word_1_277' title='bbox 811 2379 1128 2449; x_wconf 73' lang='grc' dir='ltr'>συμμαχίαν</span> <span class='ocrx_word' id='word_1_278' title='bbox 1162 2398 1220 2433; x_wconf 90' lang='grc' dir='ltr'><strong>τε</strong></span> <span class='ocrx_word' id='word_1_279' title='bbox 1274 2382 1370 2434; x_wconf 78' lang='grc' dir='ltr'><strong>καὶ</strong></span> <span class='ocrx_word' id='word_1_280' title='bbox 1429 2384 1750 2453; x_wconf 73' lang='grc' dir='ltr'>ἐπικουρίαν</span> 
     </span>
    </p>
   </div>
   <div class='ocr_carea' id='block_1_40' title="bbox 183 2466 1746 2546">
    <p class='ocr_par' dir='ltr' id='par_1_40' title="bbox 183 2466 1746 2546">
     <span class='ocr_line' id='line_1_40' title="bbox 183 2466 1746 2546; baseline 0.008 -28"><span class='ocrx_word' id='word_1_281' title='bbox 183 2468 269 2519; x_wconf 71' lang='grc' dir='ltr'>ἐπὶ</span> <span class='ocrx_word' id='word_1_282' title='bbox 302 2466 586 2535; x_wconf 79' lang='grc' dir='ltr'>Κάρουλον</span> <span class='ocrx_word' id='word_1_283' title='bbox 612 2509 627 2533; x_wconf 86' lang='grc'><em>,</em></span> <span class='ocrx_word' id='word_1_284' title='bbox 680 2468 769 2520; x_wconf 81' lang='grc' dir='ltr'><strong>τὸν</strong></span> <span class='ocrx_word' id='word_1_285' title='bbox 802 2470 921 2522; x_wconf 84' lang='grc' dir='ltr'>τότε</span> <span class='ocrx_word' id='word_1_286' title='bbox 967 2470 1032 2539; x_wconf 75' lang='grc' dir='ltr'>δὴ</span> <span class='ocrx_word' id='word_1_287' title='bbox 1064 2470 1428 2540; x_wconf 78' lang='grc' dir='ltr'>Ἀκαρνανίας</span> <span class='ocrx_word' id='word_1_288' title='bbox 1459 2474 1746 2546; x_wconf 82' lang='grc' dir='ltr'>τύραννον,</span> 
     </span>
    </p>
   </div>
   <div class='ocr_carea' id='block_1_41' title="bbox 184 2559 1751 2638">
    <p class='ocr_par' dir='ltr' id='par_1_41' title="bbox 184 2559 1751 2638">
     <span class='ocr_line' id='line_1_41' title="bbox 184 2559 1751 2638; baseline 0.008 -27"><span class='ocrx_word' id='word_1_289' title='bbox 184 2559 485 2625; x_wconf 77' lang='grc' dir='ltr'>συλλαϐὼν,</span> <span class='ocrx_word' id='word_1_290' title='bbox 515 2560 659 2614; x_wconf 88' lang='grc' dir='ltr'>ῶστε</span> <span class='ocrx_word' id='word_1_291' title='bbox 683 2561 781 2632; x_wconf 80' lang='grc' dir='ltr'><strong>τὴν</strong></span> <span class='ocrx_word' id='word_1_292' title='bbox 810 2561 992 2633; x_wconf 85' lang='grc' dir='ltr'>χώραν</span> <span class='ocrx_word' id='word_1_293' title='bbox 1022 2564 1189 2617; x_wconf 83' lang='grc' dir='ltr'>αὑτοῦ</span> <span class='ocrx_word' id='word_1_294' title='bbox 1226 2570 1543 2638; x_wconf 80' lang='grc' dir='ltr'>κατασχεῖν,</span> <span class='ocrx_word' id='word_1_295' title='bbox 1568 2570 1751 2634; x_wconf 79' lang='grc' dir='ltr'>ἐξέκο-</span> 
     </span>
    </p>
   </div>
   <div class='ocr_carea' id='block_1_42' title="bbox 179 2654 1751 2736">
    <p class='ocr_par' dir='ltr' id='par_1_42' title="bbox 179 2654 1751 2736">
     <span class='ocr_line' id='line_1_42' title="bbox 179 2654 1751 2736; baseline 0.008 -30"><span class='ocrx_word' id='word_1_296' title='bbox 179 2665 239 2725; x_wconf 63' lang='grc' dir='ltr'>ψε</span> <span class='ocrx_word' id='word_1_297' title='bbox 273 2656 354 2708; x_wconf 87' lang='grc' dir='ltr'>τὼ</span> <span class='ocrx_word' id='word_1_298' title='bbox 383 2654 668 2725; x_wconf 69' lang='grc' dir='ltr'>ὀφθαλμώ.</span> <span class='ocrx_word' id='word_1_299' title='bbox 698 2656 809 2725; x_wconf 81' lang='grc' dir='ltr'><strong>Τὴν</strong></span> <span class='ocrx_word' id='word_1_300' title='bbox 840 2658 1025 2725; x_wconf 83' lang='grc' dir='ltr'>μέντοι</span> <span class='ocrx_word' id='word_1_301' title='bbox 1050 2660 1234 2730; x_wconf 85' lang='grc' dir='ltr'>χώραν</span> <span class='ocrx_word' id='word_1_302' title='bbox 1256 2662 1431 2726; x_wconf 67' lang='grc' dir='ltr'>οὐδεὶς</span> <span class='ocrx_word' id='word_1_303' title='bbox 1460 2666 1751 2736; x_wconf 85' lang='grc' dir='ltr'>κατεστρέ-</span> 
     </span>
    </p>
   </div>
   <div class='ocr_carea' id='block_1_43' title="bbox 176 2745 1750 2829">
    <p class='ocr_par' dir='ltr' id='par_1_43' title="bbox 176 2745 1750 2829">
     <span class='ocr_line' id='line_1_43' title="bbox 176 2745 1750 2829; baseline 0.01 -34"><span class='ocrx_word' id='word_1_304' title='bbox 176 2745 313 2813; x_wconf 64' lang='grc' dir='ltr'>ψατο</span> <span class='ocrx_word' id='word_1_305' title='bbox 352 2748 453 2814; x_wconf 76' lang='grc' dir='ltr'>τῆς</span> <span class='ocrx_word' id='word_1_306' title='bbox 478 2746 793 2801; x_wconf 86' lang='grc' dir='ltr'>’ῐωαννίνων</span> <span class='ocrx_word' id='word_1_307' title='bbox 818 2748 1048 2811; x_wconf 87' lang='grc' dir='ltr'>πόλεως.</span> <span class='ocrx_word' id='word_1_308' title='bbox 1098 2750 1441 2826; x_wconf 87' lang='grc' dir='ltr'>Ἐπαγομένη</span> <span class='ocrx_word' id='word_1_309' title='bbox 1467 2755 1655 2810; x_wconf 79' lang='grc' dir='ltr'>τοῦτον</span> <span class='ocrx_word' id='word_1_310' title='bbox 1685 2758 1750 2829; x_wconf 81' lang='grc' dir='ltr'><strong>δὴ</strong></span> 
     </span>
    </p>
   </div>
   <div class='ocr_carea' id='block_1_44' title="bbox 176 2838 1753 2921">
    <p class='ocr_par' dir='ltr' id='par_1_44' title="bbox 176 2838 1753 2921">
     <span class='ocr_line' id='line_1_44' title="bbox 176 2838 1753 2921; baseline 0.009 -31"><span class='ocrx_word' id='word_1_311' title='bbox 176 2840 262 2890; x_wconf 78' lang='grc' dir='ltr'><strong>τὸν</strong></span> <span class='ocrx_word' id='word_1_312' title='bbox 295 2838 580 2909; x_wconf 81' lang='grc' dir='ltr'>Κάρουλον</span> <span class='ocrx_word' id='word_1_313' title='bbox 609 2841 701 2892; x_wconf 73' lang='grc' dir='ltr'>ἐπὶ</span> <span class='ocrx_word' id='word_1_314' title='bbox 744 2841 925 2908; x_wconf 85' lang='grc' dir='ltr'>σφίσιν</span> <span class='ocrx_word' id='word_1_315' title='bbox 959 2842 1219 2912; x_wconf 83' lang='grc' dir='ltr'>ἄρχοντα,</span> <span class='ocrx_word' id='word_1_316' title='bbox 1277 2850 1368 2900; x_wconf 82' lang='grc' dir='ltr'><strong>καὶ</strong></span> <span class='ocrx_word' id='word_1_317' title='bbox 1413 2850 1753 2921; x_wconf 78' lang='grc' dir='ltr'>ἐπιτετραμ-</span> 
     </span>
    </p>
   </div>
   <div class='ocr_carea' id='block_1_45' title="bbox 177 2930 1753 3013">
    <p class='ocr_par' dir='ltr' id='par_1_45' title="bbox 177 2930 1753 3013">
     <span class='ocr_line' id='line_1_45' title="bbox 177 2930 1753 3013; baseline 0.01 -31"><span class='ocrx_word' id='word_1_318' title='bbox 177 2931 341 2996; x_wconf 80' lang='grc' dir='ltr'>μένον</span> <span class='ocrx_word' id='word_1_319' title='bbox 378 2930 528 3001; x_wconf 80' lang='grc' dir='ltr'>αὐτῷ</span> <span class='ocrx_word' id='word_1_320' title='bbox 554 2931 759 2987; x_wconf 85' lang='grc' dir='ltr'>δ;έπειν</span> <span class='ocrx_word' id='word_1_321' title='bbox 806 2932 874 2985; x_wconf 74' lang='grc' dir='ltr'>τὰ</span> <span class='ocrx_word' id='word_1_322' title='bbox 913 2938 1011 3003; x_wconf 78' lang='grc' dir='ltr'>τῆς</span> <span class='ocrx_word' id='word_1_323' title='bbox 1042 2938 1250 3003; x_wconf 83' lang='grc' dir='ltr'>πόλεως</span> <span class='ocrx_word' id='word_1_324' title='bbox 1279 2943 1603 3013; x_wconf 73' lang='grc' dir='ltr'>πράγματα,</span> <span class='ocrx_word' id='word_1_325' title='bbox 1656 2946 1753 2999; x_wconf 74' lang='grc' dir='ltr'>καὶ</span> 
     </span>
    </p>
   </div>
   <div class='ocr_carea' id='block_1_46' title="bbox 174 3028 1754 3112">
    <p class='ocr_par' dir='ltr' id='par_1_46' title="bbox 174 3028 1754 3112">
     <span class='ocr_line' id='line_1_46' title="bbox 174 3028 1754 3112; baseline 0.008 -31"><span class='ocrx_word' id='word_1_326' title='bbox 174 3028 544 3098; x_wconf 73' lang='grc' dir='ltr'>ἀντεχομένου</span> <span class='ocrx_word' id='word_1_327' title='bbox 569 3033 625 3089; x_wconf 78' lang='grc' dir='ltr'><strong>ἐς</strong></span> <span class='ocrx_word' id='word_1_328' title='bbox 650 3032 743 3085; x_wconf 81' lang='grc' dir='ltr'>τὸν</span> <span class='ocrx_word' id='word_1_329' title='bbox 768 3034 1002 3105; x_wconf 80' lang='grc' dir='ltr'>πόλεμον</span> <span class='ocrx_word' id='word_1_330' title='bbox 1024 3036 1311 3106; x_wconf 81' lang='grc' dir='ltr'>κράτιστα.</span> <span class='ocrx_word' id='word_1_331' title='bbox 1345 3036 1409 3093; x_wconf 86' lang='grc' dir='ltr'><em>Ἦ</em></span> <span class='ocrx_word' id='word_1_332' title='bbox 1443 3038 1626 3107; x_wconf 85' lang='grc' dir='ltr'>μέντοι</span> <span class='ocrx_word' id='word_1_333' title='bbox 1658 3042 1754 3112; x_wconf 85' lang='grc' dir='ltr'><strong>ἀρ-</strong></span> 
     </span>
    </p>
   </div>
   <div class='ocr_carea' id='block_1_47' title="bbox 173 3122 1752 3196">
    <p class='ocr_par' dir='ltr' id='par_1_47' title="bbox 173 3122 1752 3196">
     <span class='ocr_line' id='line_1_47' title="bbox 173 3122 1752 3196; baseline 0.007 -20"><span class='ocrx_word' id='word_1_334' title='bbox 173 3124 237 3191; x_wconf 77' lang='grc' dir='ltr'>χὴ</span> <span class='ocrx_word' id='word_1_335' title='bbox 294 3122 441 3192; x_wconf 73' lang='grc' dir='ltr'>αὕτη</span> <span class='ocrx_word' id='word_1_336' title='bbox 484 3126 800 3194; x_wconf 81' lang='grc' dir='ltr'>Τριϐαλλῶν</span> <span class='ocrx_word' id='word_1_337' title='bbox 847 3126 983 3182; x_wconf 80' lang='grc' dir='ltr'>οὖσα</span> <span class='ocrx_word' id='word_1_338' title='bbox 1024 3130 1085 3183; x_wconf 81' lang='grc' dir='ltr'><strong>τὸ</strong></span> <span class='ocrx_word' id='word_1_339' title='bbox 1139 3131 1388 3196; x_wconf 69' lang='grc' dir='ltr'>παλαιδν,</span> <span class='ocrx_word' id='word_1_340' title='bbox 1419 3132 1561 3185; x_wconf 75' lang='grc' dir='ltr'>οὕτω</span> <span class='ocrx_word' id='word_1_341' title='bbox 1610 3134 1663 3195; x_wconf 81' lang='grc' dir='ltr'><strong>ἐς</strong></span> <span class='ocrx_word' id='word_1_342' title='bbox 1692 3152 1752 3187; x_wconf 83' lang='grc' dir='ltr'><strong>τε</strong></span> 
     </span>
    </p>
   </div>
   <div class='ocr_carea' id='block_1_48' title="bbox 1852 1996 3431 2065">
    <p class='ocr_par' dir='ltr' id='par_1_48' title="bbox 1852 1996 3431 2065">
     <span class='ocr_line' id='line_1_48' title="bbox 1852 1996 3431 2065; baseline 0 -18"><span class='ocrx_word' id='word_1_343' title='bbox 1852 2009 1949 2065; x_wconf 91' lang='lat' dir='ltr'><strong>pas</strong></span> <span class='ocrx_word' id='word_1_344' title='bbox 1982 1996 2150 2060; x_wconf 87' lang='lat' dir='ltr'><strong>enim,</strong></span> <span class='ocrx_word' id='word_1_345' title='bbox 2188 1998 2280 2065; x_wconf 87' lang='lat' dir='ltr'><strong>qui</strong></span> <span class='ocrx_word' id='word_1_346' title='bbox 2318 1996 2462 2051; x_wconf 89' lang='lat' dir='ltr'><strong>ﬁlius</strong></span> <span class='ocrx_word' id='word_1_347' title='bbox 2519 1998 2640 2065; x_wconf 82' lang='lat' dir='ltr'><strong>ejus</strong></span> <span class='ocrx_word' id='word_1_348' title='bbox 2696 2007 2835 2060; x_wconf 88' lang='lat' dir='ltr'><strong>erat,</strong></span> <span class='ocrx_word' id='word_1_349' title='bbox 2887 1997 3058 2065; x_wconf 82' lang='lat' dir='ltr'><strong>patris</strong></span> <span class='ocrx_word' id='word_1_350' title='bbox 3096 2010 3289 2049; x_wconf 89' lang='lat' dir='ltr'><strong>nomen</strong></span> <span class='ocrx_word' id='word_1_351' title='bbox 3339 2010 3431 2064; x_wconf 80' lang='lat' dir='ltr'><strong>ge-</strong></span> 
     </span>
    </p>
   </div>
   <div class='ocr_carea' id='block_1_49' title="bbox 1854 2088 3432 2158">
    <p class='ocr_par' dir='ltr' id='par_1_49' title="bbox 1854 2088 3432 2158">
     <span class='ocr_line' id='line_1_49' title="bbox 1854 2088 3432 2158; baseline -0.001 -16"><span class='ocrx_word' id='word_1_352' title='bbox 1854 2105 2000 2155; x_wconf 89' lang='lat' dir='ltr'><strong>rens,</strong></span> <span class='ocrx_word' id='word_1_353' title='bbox 2033 2100 2192 2145; x_wconf 87' lang='lat' dir='ltr'><strong>natus</strong></span> <span class='ocrx_word' id='word_1_354' title='bbox 2243 2106 2307 2143; x_wconf 82' lang='lat' dir='ltr'><strong>ex</strong></span> <span class='ocrx_word' id='word_1_355' title='bbox 2342 2092 2447 2144; x_wconf 91' lang='lat' dir='ltr'><strong>ista</strong></span> <span class='ocrx_word' id='word_1_356' title='bbox 2502 2106 2694 2151; x_wconf 80' lang='lat' dir='ltr'><strong>uxore.</strong></span> <span class='ocrx_word' id='word_1_357' title='bbox 2739 2104 2863 2143; x_wconf 83' lang='lat' dir='ltr'><strong>cum</strong></span> <span class='ocrx_word' id='word_1_358' title='bbox 2900 2098 3219 2158; x_wconf 83' lang='lat' dir='ltr'><strong>preperaret</strong></span> <span class='ocrx_word' id='word_1_359' title='bbox 3252 2088 3317 2141; x_wconf 90' lang='lat' dir='ltr'><strong>ad</strong></span> <span class='ocrx_word' id='word_1_360' title='bbox 3346 2103 3432 2141; x_wconf 89' lang='lat' dir='ltr'><strong>re-</strong></span> 
     </span>
    </p>
   </div>
   <div class='ocr_carea' id='block_1_50' title="bbox 1852 2184 3425 2255">
    <p class='ocr_par' dir='ltr' id='par_1_50' title="bbox 1852 2184 3425 2255">
     <span class='ocr_line' id='line_1_50' title="bbox 1852 2184 3425 2255; baseline -0.001 -19"><span class='ocrx_word' id='word_1_361' title='bbox 1852 2198 1969 2253; x_wconf 82' lang='lat' dir='ltr'><strong>gem</strong></span> <span class='ocrx_word' id='word_1_362' title='bbox 2000 2184 2226 2249; x_wconf 85' lang='lat' dir='ltr'><strong>Mosem,</strong></span> <span class='ocrx_word' id='word_1_363' title='bbox 2280 2196 2473 2255; x_wconf 82' lang='lat' dir='ltr'><strong>petens</strong></span> <span class='ocrx_word' id='word_1_364' title='bbox 2508 2185 2775 2238; x_wconf 81' lang='lat' dir='ltr'><strong>auxilium</strong></span> <span class='ocrx_word' id='word_1_365' title='bbox 2810 2192 2863 2239; x_wconf 90' lang='lat' dir='ltr'><strong>et</strong></span> <span class='ocrx_word' id='word_1_366' title='bbox 2892 2184 3208 2253; x_wconf 66' lang='lat' dir='ltr'><strong>przesidiuin</strong></span> <span class='ocrx_word' id='word_1_367' title='bbox 3235 2190 3425 2235; x_wconf 90' lang='lat' dir='ltr'><strong>contra</strong></span> 
     </span>
    </p>
   </div>
   <div class='ocr_carea' id='block_1_51' title="bbox 1851 2274 3429 2349">
    <p class='ocr_par' dir='ltr' id='par_1_51' title="bbox 1851 2274 3429 2349">
     <span class='ocr_line' id='line_1_51' title="bbox 1851 2274 3429 2349; baseline -0.003 -18"><span class='ocrx_word' id='word_1_368' title='bbox 1851 2274 2107 2332; x_wconf 88' lang='lat' dir='ltr'><strong>Carolum</strong></span> <span class='ocrx_word' id='word_1_369' title='bbox 2137 2277 2245 2349; x_wconf 71' lang='lat'><strong>(29)</strong></span> <span class='ocrx_word' id='word_1_370' title='bbox 2275 2278 2597 2333; x_wconf 67' lang='lat' dir='ltr'><strong>Acarnania:</strong></span> <span class='ocrx_word' id='word_1_371' title='bbox 2627 2278 2955 2348; x_wconf 88' lang='lat' dir='ltr'><strong>principem,</strong></span> <span class='ocrx_word' id='word_1_372' title='bbox 2993 2286 3054 2331; x_wconf 90' lang='lat' dir='ltr'><strong>ut</strong></span> <span class='ocrx_word' id='word_1_373' title='bbox 3096 2291 3216 2330; x_wconf 89' lang='lat' dir='ltr'><strong>eam</strong></span> <span class='ocrx_word' id='word_1_374' title='bbox 3253 2274 3429 2344; x_wconf 82' lang='lat' dir='ltr'><strong>regio-</strong></span> 
     </span>
    </p>
   </div>
   <div class='ocr_carea' id='block_1_52' title="bbox 1853 2371 3430 2444">
    <p class='ocr_par' dir='ltr' id='par_1_52' title="bbox 1853 2371 3430 2444">
     <span class='ocr_line' id='line_1_52' title="bbox 1853 2371 3430 2444; baseline -0.003 -17"><span class='ocrx_word' id='word_1_375' title='bbox 1853 2388 1974 2427; x_wconf 88' lang='lat' dir='ltr'><strong>nem</strong></span> <span class='ocrx_word' id='word_1_376' title='bbox 2008 2375 2059 2426; x_wconf 90' lang='lat' dir='ltr'><strong>in</strong></span> <span class='ocrx_word' id='word_1_377' title='bbox 2102 2384 2429 2444; x_wconf 87' lang='lat' dir='ltr'><strong>potestatem</strong></span> <span class='ocrx_word' id='word_1_378' title='bbox 2480 2376 2771 2443; x_wconf 81' lang='lat' dir='ltr'><strong>redigeret,</strong></span> <span class='ocrx_word' id='word_1_379' title='bbox 2814 2384 3006 2442; x_wconf 84' lang='lat' dir='ltr'><strong>captus</strong></span> <span class='ocrx_word' id='word_1_380' title='bbox 3032 2383 3135 2436; x_wconf 90' lang='lat' dir='ltr'><strong>est,</strong></span> <span class='ocrx_word' id='word_1_381' title='bbox 3173 2371 3430 2438; x_wconf 82' lang='lat' dir='ltr'><strong>oculique</strong></span> 
     </span>
    </p>
   </div>
   <div class='ocr_carea' id='block_1_53' title="bbox 1851 2467 3429 2541">
    <p class='ocr_par' dir='ltr' id='par_1_53' title="bbox 1851 2467 3429 2541">
     <span class='ocr_line' id='line_1_53' title="bbox 1851 2467 3429 2541; baseline -0.006 -16"><span class='ocrx_word' id='word_1_382' title='bbox 1851 2470 1970 2537; x_wconf 84' lang='lat' dir='ltr'><strong>ejus</strong></span> <span class='ocrx_word' id='word_1_383' title='bbox 2012 2471 2151 2525; x_wconf 91' lang='lat' dir='ltr'><strong>eruti</strong></span> <span class='ocrx_word' id='word_1_384' title='bbox 2186 2480 2333 2525; x_wconf 93' lang='lat' dir='ltr'><strong>sunt.</strong></span> <span class='ocrx_word' id='word_1_385' title='bbox 2366 2469 2663 2541; x_wconf 82' lang='lat' dir='ltr'><strong>Regionem</strong></span> <span class='ocrx_word' id='word_1_386' title='bbox 2687 2469 2840 2523; x_wconf 89' lang='lat' dir='ltr'><strong>urbis</strong></span> <span class='ocrx_word' id='word_1_387' title='bbox 2873 2467 3230 2523; x_wconf 85' lang='lat' dir='ltr'><strong>Joanniorum</strong></span> <span class='ocrx_word' id='word_1_388' title='bbox 3266 2478 3429 2519; x_wconf 89' lang='lat' dir='ltr'><strong>nemo</strong></span> 
     </span>
    </p>
   </div>
   <div class='ocr_carea' id='block_1_54' title="bbox 1852 2559 3428 2632">
    <p class='ocr_par' dir='ltr' id='par_1_54' title="bbox 1852 2559 3428 2632">
     <span class='ocr_line' id='line_1_54' title="bbox 1852 2559 3428 2632; baseline -0.005 -13"><span class='ocrx_word' id='word_1_389' title='bbox 1852 2564 2090 2632; x_wconf 77' lang='lat' dir='ltr'><strong>subegit.</strong></span> <span class='ocrx_word' id='word_1_390' title='bbox 2126 2563 2289 2618; x_wconf 87' lang='lat' dir='ltr'><strong>Petiit</strong></span> <span class='ocrx_word' id='word_1_391' title='bbox 2336 2565 2483 2618; x_wconf 89' lang='lat' dir='ltr'><strong>enim</strong></span> <span class='ocrx_word' id='word_1_392' title='bbox 2515 2564 2772 2619; x_wconf 90' lang='lat' dir='ltr'><strong>Carolum</strong></span> <span class='ocrx_word' id='word_1_393' title='bbox 2810 2562 2913 2617; x_wconf 88' lang='lat' dir='ltr'><strong>sibi</strong></span> <span class='ocrx_word' id='word_1_394' title='bbox 2945 2562 3141 2616; x_wconf 92' lang='lat' dir='ltr'><strong>ducem</strong></span> <span class='ocrx_word' id='word_1_395' title='bbox 3172 2578 3185 2615; x_wconf 90' lang='lat'><strong>:</strong></span> <span class='ocrx_word' id='word_1_396' title='bbox 3215 2561 3302 2613; x_wconf 88' lang='lat' dir='ltr'><strong>cui</strong></span> <span class='ocrx_word' id='word_1_397' title='bbox 3336 2559 3428 2612; x_wconf 91' lang='lat' dir='ltr'><strong>ubi</strong></span> 
     </span>
    </p>
   </div>
   <div class='ocr_carea' id='block_1_55' title="bbox 1853 2654 3428 2727">
    <p class='ocr_par' dir='ltr' id='par_1_55' title="bbox 1853 2654 3428 2727">
     <span class='ocr_line' id='line_1_55' title="bbox 1853 2654 3428 2727; baseline -0.003 -17"><span class='ocrx_word' id='word_1_398' title='bbox 1853 2658 2087 2727; x_wconf 88' lang='lat' dir='ltr'><strong>primum</strong></span> <span class='ocrx_word' id='word_1_399' title='bbox 2118 2658 2267 2712; x_wconf 90' lang='lat' dir='ltr'><strong>urbis</strong></span> <span class='ocrx_word' id='word_1_400' title='bbox 2300 2658 2710 2712; x_wconf 89' lang='lat' dir='ltr'><strong>administratio</strong></span> <span class='ocrx_word' id='word_1_401' title='bbox 2750 2670 2832 2711; x_wconf 85' lang='lat' dir='ltr'><strong>est</strong></span> <span class='ocrx_word' id='word_1_402' title='bbox 2875 2657 3189 2720; x_wconf 85' lang='lat' dir='ltr'><strong>commissa,</strong></span> <span class='ocrx_word' id='word_1_403' title='bbox 3225 2654 3428 2708; x_wconf 90' lang='lat' dir='ltr'><strong>bellum</strong></span> 
     </span>
    </p>
   </div>
   <div class='ocr_carea' id='block_1_56' title="bbox 1853 2747 3428 2817">
    <p class='ocr_par' dir='ltr' id='par_1_56' title="bbox 1853 2747 3428 2817">
     <span class='ocr_line' id='line_1_56' title="bbox 1853 2747 3428 2817; baseline -0.004 -13"><span class='ocrx_word' id='word_1_404' title='bbox 1853 2749 2070 2805; x_wconf 79' lang='lat' dir='ltr'><strong>fortiter</strong></span> <span class='ocrx_word' id='word_1_405' title='bbox 2134 2748 2431 2803; x_wconf 86' lang='lat' dir='ltr'><strong>admodum</strong></span> <span class='ocrx_word' id='word_1_406' title='bbox 2493 2750 2776 2803; x_wconf 80' lang='lat' dir='ltr'><strong>sustinuit.</strong></span> <span class='ocrx_word' id='word_1_407' title='bbox 2839 2747 3090 2817; x_wconf 80' lang='lat' dir='ltr'><strong>Regnum</strong></span> <span class='ocrx_word' id='word_1_408' title='bbox 3149 2747 3272 2811; x_wconf 91' lang='lat' dir='ltr'><strong>hoc,</strong></span> <span class='ocrx_word' id='word_1_409' title='bbox 3304 2760 3428 2799; x_wconf 91' lang='lat' dir='ltr'><strong>cum</strong></span> 
     </span>
    </p>
   </div>
   <div class='ocr_carea' id='block_1_57' title="bbox 1855 2839 3429 2913">
    <p class='ocr_par' dir='ltr' id='par_1_57' title="bbox 1855 2839 3429 2913">
     <span class='ocr_line' id='line_1_57' title="bbox 1855 2839 3429 2913; baseline -0.004 -17"><span class='ocrx_word' id='word_1_410' title='bbox 1855 2842 2007 2913; x_wconf 87' lang='lat' dir='ltr'><strong>prius</strong></span> <span class='ocrx_word' id='word_1_411' title='bbox 2050 2842 2413 2899; x_wconf 86' lang='lat' dir='ltr'><strong>Triballorum</strong></span> <span class='ocrx_word' id='word_1_412' title='bbox 2468 2841 2632 2907; x_wconf 82' lang='lat' dir='ltr'><strong>foret,</strong></span> <span class='ocrx_word' id='word_1_413' title='bbox 2686 2844 2751 2897; x_wconf 90' lang='lat' dir='ltr'><strong>ad</strong></span> <span class='ocrx_word' id='word_1_414' title='bbox 2808 2842 3050 2897; x_wconf 81' lang='lat' dir='ltr'><strong>lzaulum</strong></span> <span class='ocrx_word' id='word_1_415' title='bbox 3096 2839 3429 2895; x_wconf 86' lang='lat' dir='ltr'><strong>etCarolum</strong></span> 
     </span>
    </p>
   </div>
   <div class='ocr_carea' id='block_1_58' title="bbox 1854 2936 3430 3003">
    <p class='ocr_par' dir='ltr' id='par_1_58' title="bbox 1854 2936 3430 3003">
     <span class='ocr_line' id='line_1_58' title="bbox 1854 2936 3430 3003; baseline -0.003 -12"><span class='ocrx_word' id='word_1_416' title='bbox 1854 2936 2046 2993; x_wconf 88' lang='lat' dir='ltr'><strong>ducem</strong></span> <span class='ocrx_word' id='word_1_417' title='bbox 2089 2938 2141 2991; x_wconf 89' lang='lat' dir='ltr'><strong>in</strong></span> <span class='ocrx_word' id='word_1_418' title='bbox 2201 2938 2344 2993; x_wconf 89' lang='lat' dir='ltr'><strong>hunc</strong></span> <span class='ocrx_word' id='word_1_419' title='bbox 2394 2938 2615 2992; x_wconf 91' lang='lat' dir='ltr'><strong>modum</strong></span> <span class='ocrx_word' id='word_1_420' title='bbox 2659 2938 2965 2991; x_wconf 87' lang='lat' dir='ltr'><strong>descendit.</strong></span> <span class='ocrx_word' id='word_1_421' title='bbox 3013 2936 3150 2991; x_wconf 89' lang='lat' dir='ltr'><strong>Cum</strong></span> <span class='ocrx_word' id='word_1_422' title='bbox 3197 2944 3430 3003; x_wconf 90' lang='lat' dir='ltr'><strong>utraque</strong></span> 
     </span>
    </p>
   </div>
   <div class='ocr_carea' id='block_1_59' title="bbox 1857 3031 3430 3099">
    <p class='ocr_par' dir='ltr' id='par_1_59' title="bbox 1857 3031 3430 3099">
     <span class='ocr_line' id='line_1_59' title="bbox 1857 3031 3430 3099; baseline -0.006 -12"><span class='ocrx_word' id='word_1_423' title='bbox 1857 3039 2068 3087; x_wconf 89' lang='lat' dir='ltr'><strong>teneret</strong></span> <span class='ocrx_word' id='word_1_424' title='bbox 2093 3031 2378 3086; x_wconf 80' lang='lat' dir='ltr'><strong>ﬁnitimam</strong></span> <span class='ocrx_word' id='word_1_425' title='bbox 2419 3031 2671 3085; x_wconf 89' lang='lat' dir='ltr'><strong>Archeloi</strong></span> <span class='ocrx_word' id='word_1_426' title='bbox 2716 3031 3016 3099; x_wconf 81' lang='lat' dir='ltr'><strong>regionem,</strong></span> <span class='ocrx_word' id='word_1_427' title='bbox 3049 3042 3169 3097; x_wconf 84' lang='lat' dir='ltr'><strong>quae</strong></span> <span class='ocrx_word' id='word_1_428' title='bbox 3200 3042 3263 3083; x_wconf 87' lang='lat' dir='ltr'><strong>ea</strong></span> <span class='ocrx_word' id='word_1_429' title='bbox 3292 3036 3430 3080; x_wconf 84' lang='lat' dir='ltr'><strong>tern-</strong></span> 
     </span>
    </p>
   </div>
   <div class='ocr_carea' id='block_1_60' title="bbox 1856 3121 3427 3197">
    <p class='ocr_par' dir='ltr' id='par_1_60' title="bbox 1856 3121 3427 3197">
     <span class='ocr_line' id='line_1_60' title="bbox 1856 3121 3427 3197; baseline -0.006 -16"><span class='ocrx_word' id='word_1_430' title='bbox 1856 3136 2069 3197; x_wconf 88' lang='lat' dir='ltr'><strong>pestate</strong></span> <span class='ocrx_word' id='word_1_431' title='bbox 2144 3127 2312 3180; x_wconf 86' lang='lat' dir='ltr'><strong>Actus</strong></span> <span class='ocrx_word' id='word_1_432' title='bbox 2396 3125 2715 3189; x_wconf 75' lang='lat' dir='ltr'><strong>vocabatur,</strong></span> <span class='ocrx_word' id='word_1_433' title='bbox 2778 3133 2831 3177; x_wconf 90' lang='lat' dir='ltr'><strong>et</strong></span> <span class='ocrx_word' id='word_1_434' title='bbox 2901 3121 3427 3193; x_wconf 72' lang='lat' dir='ltr'><strong>Argyropoliehnam</strong></span> 
     </span>
    </p>
   </div>
   <div class='ocr_carea' id='block_1_61' title="bbox 182 3214 1752 3296">
    <p class='ocr_par' dir='ltr' id='par_1_61' title="bbox 182 3214 1752 3296">
     <span class='ocr_line' id='line_1_61' title="bbox 182 3214 1752 3296; baseline 0.006 -28"><span class='ocrx_word' id='word_1_435' title='bbox 182 3214 478 3283; x_wconf 71' lang='grc' dir='ltr'>ἰξάουλον,</span> <span class='ocrx_word' id='word_1_436' title='bbox 511 3219 604 3273; x_wconf 74' lang='grc' dir='ltr'><strong>καὶ</strong></span> <span class='ocrx_word' id='word_1_437' title='bbox 644 3222 736 3273; x_wconf 81' lang='grc' dir='ltr'>ἐπὶ</span> <span class='ocrx_word' id='word_1_438' title='bbox 772 3222 1053 3291; x_wconf 80' lang='grc' dir='ltr'>Κάρουλον</span> <span class='ocrx_word' id='word_1_439' title='bbox 1094 3224 1188 3276; x_wconf 86' lang='grc' dir='ltr'><strong>τὸν</strong></span> <span class='ocrx_word' id='word_1_440' title='bbox 1223 3226 1467 3296; x_wconf 74' lang='grc' dir='ltr'>ἡγεμόνα</span> <span class='ocrx_word' id='word_1_441' title='bbox 1524 3227 1752 3296; x_wconf 83' lang='grc' dir='ltr'>περιῆλ-</span> 
     </span>
    </p>
   </div>
   <div class='ocr_carea' id='block_1_62' title="bbox 1854 3214 3431 3296">
    <p class='ocr_par' dir='ltr' id='par_1_62' title="bbox 1859 3216 3431 3291">
     <span class='ocr_line' id='line_1_62' title="bbox 1859 3216 3431 3291; baseline -0.004 -17"><span class='ocrx_word' id='word_1_442' title='bbox 1859 3236 2035 3290; x_wconf 90' lang='lat' dir='ltr'><strong>usque</strong></span> <span class='ocrx_word' id='word_1_443' title='bbox 2065 3217 2429 3291; x_wconf 84' lang='lat' dir='ltr'><strong>Naupactum,</strong></span> <span class='ocrx_word' id='word_1_444' title='bbox 2469 3235 2591 3287; x_wconf 74' lang='lat' dir='ltr'><strong>qua:</strong></span> <span class='ocrx_word' id='word_1_445' title='bbox 2636 3229 2717 3273; x_wconf 92' lang='lat' dir='ltr'><strong>est</strong></span> <span class='ocrx_word' id='word_1_446' title='bbox 2745 3233 2774 3270; x_wconf 88' lang='lat' dir='ltr'><strong>e</strong></span> <span class='ocrx_word' id='word_1_447' title='bbox 2802 3217 3023 3289; x_wconf 74' lang='lat' dir='ltr'><strong>regione</strong></span> <span class='ocrx_word' id='word_1_448' title='bbox 3049 3216 3289 3279; x_wconf 73' lang='lat' dir='ltr'><strong>Achaiae,</strong></span> <span class='ocrx_word' id='word_1_449' title='bbox 3326 3229 3431 3269; x_wconf 93' lang='lat' dir='ltr'><strong>suo</strong></span> 
     </span>
    </p>
   </div>
   <div class='ocr_carea' id='block_1_63' title="bbox 172 3309 1752 3389">
    <p class='ocr_par' dir='ltr' id='par_1_63' title="bbox 172 3309 1752 3389">
     <span class='ocr_line' id='line_1_63' title="bbox 172 3309 1752 3389; baseline 0.008 -28"><span class='ocrx_word' id='word_1_450' title='bbox 172 3309 284 3363; x_wconf 77' lang='grc' dir='ltr'><strong>Οξν.</strong></span> <span class='ocrx_word' id='word_1_451' title='bbox 313 3311 476 3365; x_wconf 75' lang='grc' dir='ltr'>Οὕτω</span> <span class='ocrx_word' id='word_1_452' title='bbox 505 3313 563 3365; x_wconf 83' lang='grc' dir='ltr'><strong>δέ</strong></span> <span class='ocrx_word' id='word_1_453' title='bbox 610 3314 778 3383; x_wconf 71' lang='grc' dir='ltr'>ἄμφω</span> <span class='ocrx_word' id='word_1_454' title='bbox 807 3316 886 3369; x_wconf 78' lang='grc' dir='ltr'>τὼ</span> <span class='ocrx_word' id='word_1_455' title='bbox 910 3319 1059 3385; x_wconf 85' lang='grc' dir='ltr'>χεῖρε</span> <span class='ocrx_word' id='word_1_456' title='bbox 1110 3317 1400 3389; x_wconf 84' lang='grc' dir='ltr'>κατασχὼν</span> <span class='ocrx_word' id='word_1_457' title='bbox 1436 3312 1613 3383; x_wconf 75' lang='grc' dir='ltr'>οὗτος,</span> <span class='ocrx_word' id='word_1_458' title='bbox 1656 3321 1752 3374; x_wconf 75' lang='grc' dir='ltr'><strong>καὶ</strong></span> 
     </span>
    </p>
   </div>
   <div class='ocr_carea' id='block_1_64' title="bbox 168 3404 1754 3479">
    <p class='ocr_par' dir='ltr' id='par_1_64' title="bbox 168 3404 1754 3479">
     <span class='ocr_line' id='line_1_64' title="bbox 168 3404 1754 3479; baseline 0.009 -26"><span class='ocrx_word' id='word_1_459' title='bbox 168 3404 267 3472; x_wconf 77' lang='grc' dir='ltr'>τὴν</span> <span class='ocrx_word' id='word_1_460' title='bbox 298 3404 440 3472; x_wconf 67' lang='grc' dir='ltr'>πρὸς</span> <span class='ocrx_word' id='word_1_461' title='bbox 467 3404 545 3474; x_wconf 86' lang='grc' dir='ltr'>τῷ</span> <span class='ocrx_word' id='word_1_462' title='bbox 568 3404 853 3477; x_wconf 81' lang='grc' dir='ltr'>Ἀρχελῴῳ</span> <span class='ocrx_word' id='word_1_463' title='bbox 909 3407 1114 3479; x_wconf 86' lang='grc' dir='ltr'>χώραν,</span> <span class='ocrx_word' id='word_1_464' title='bbox 1148 3410 1208 3462; x_wconf 77' lang='grc' dir='ltr'>τό</span> <span class='ocrx_word' id='word_1_465' title='bbox 1235 3427 1293 3462; x_wconf 86' lang='grc' dir='ltr'><strong>τε</strong></span> <span class='ocrx_word' id='word_1_466' title='bbox 1332 3412 1522 3465; x_wconf 81' lang='grc' dir='ltr'>Αξετὸν</span> <span class='ocrx_word' id='word_1_467' title='bbox 1558 3414 1754 3467; x_wconf 84' lang='grc' dir='ltr'>καλού-</span> 
     </span>
    </p>
   </div>
   <div class='ocr_carea' id='block_1_65' title="bbox 173 3498 1748 3573">
    <p class='ocr_par' dir='ltr' id='par_1_65' title="bbox 173 3498 1748 3573">
     <span class='ocr_line' id='line_1_65' title="bbox 173 3498 1748 3573; baseline 0.009 -25"><span class='ocrx_word' id='word_1_468' title='bbox 173 3515 359 3563; x_wconf 85' lang='grc' dir='ltr'>μενον,</span> <span class='ocrx_word' id='word_1_469' title='bbox 392 3498 487 3551; x_wconf 80' lang='grc' dir='ltr'><strong>καὶ</strong></span> <span class='ocrx_word' id='word_1_470' title='bbox 538 3500 1054 3573; x_wconf 80' lang='grc' dir='ltr'>Ἀγγελοπολίχνην,</span> <span class='ocrx_word' id='word_1_471' title='bbox 1085 3504 1141 3567; x_wconf 78' lang='grc' dir='ltr'><strong>ἐς</strong></span> <span class='ocrx_word' id='word_1_472' title='bbox 1167 3522 1223 3557; x_wconf 83' lang='grc' dir='ltr'><strong>τε</strong></span> <span class='ocrx_word' id='word_1_473' title='bbox 1270 3507 1360 3558; x_wconf 83' lang='grc' dir='ltr'><strong>ἐπὶ</strong></span> <span class='ocrx_word' id='word_1_474' title='bbox 1392 3508 1748 3572; x_wconf 83' lang='grc' dir='ltr'>Ναύπακτον,</span> 
     </span>
    </p>
   </div>
   <div class='ocr_carea' id='block_1_66' title="bbox 169 3592 1752 3672">
    <p class='ocr_par' dir='ltr' id='par_1_66' title="bbox 169 3592 1752 3672">
     <span class='ocr_line' id='line_1_66' title="bbox 169 3592 1752 3672; baseline 0.01 -31"><span class='ocrx_word' id='word_1_475' title='bbox 169 3592 258 3641; x_wconf 72' lang='grc' dir='ltr'>τὸν</span> <span class='ocrx_word' id='word_1_476' title='bbox 289 3594 635 3663; x_wconf 84' lang='grc' dir='ltr'>καταντικρῦ</span> <span class='ocrx_word' id='word_1_477' title='bbox 666 3596 914 3664; x_wconf 76' lang='grc' dir='ltr'>Ἀχαΐας,</span> <span class='ocrx_word' id='word_1_478' title='bbox 966 3597 1261 3666; x_wconf 75' lang='grc' dir='ltr'>ἐπεκράτει</span> <span class='ocrx_word' id='word_1_479' title='bbox 1292 3599 1393 3669; x_wconf 78' lang='grc' dir='ltr'>τῆς</span> <span class='ocrx_word' id='word_1_480' title='bbox 1421 3601 1605 3672; x_wconf 82' lang='grc' dir='ltr'>χώρας</span> <span class='ocrx_word' id='word_1_481' title='bbox 1658 3605 1752 3657; x_wconf 73' lang='grc' dir='ltr'>καὶ</span> 
     </span>
    </p>
   </div>
   <div class='ocr_carea' id='block_1_67' title="bbox 170 3684 1753 3764">
    <p class='ocr_par' dir='ltr' id='par_1_67' title="bbox 170 3684 1753 3764">
     <span class='ocr_line' id='line_1_67' title="bbox 170 3684 1753 3764; baseline 0.008 -29"><span class='ocrx_word' id='word_1_482' title='bbox 170 3684 533 3753; x_wconf 76' lang='grc' dir='ltr'>ἐτυράννευεν</span> <span class='ocrx_word' id='word_1_483' title='bbox 584 3688 678 3739; x_wconf 74' lang='grc' dir='ltr'><strong>ἐπὶ</strong></span> <span class='ocrx_word' id='word_1_484' title='bbox 711 3688 855 3756; x_wconf 76' lang='grc' dir='ltr'>μέγα</span> <span class='ocrx_word' id='word_1_485' title='bbox 888 3690 1145 3759; x_wconf 84' lang='grc' dir='ltr'>χωρήσας</span> <span class='ocrx_word' id='word_1_486' title='bbox 1175 3690 1481 3760; x_wconf 83' lang='grc' dir='ltr'>δυνάμεως,</span> <span class='ocrx_word' id='word_1_487' title='bbox 1513 3693 1652 3764; x_wconf 79' lang='grc' dir='ltr'>ἀνὴρ</span> <span class='ocrx_word' id='word_1_488' title='bbox 1684 3697 1753 3749; x_wconf 75' lang='grc' dir='ltr'><strong>τά.</strong></span> 
     </span>
    </p>
   </div>
   <div class='ocr_carea' id='block_1_68' title="bbox 170 3779 1753 3852">
    <p class='ocr_par' dir='ltr' id='par_1_68' title="bbox 170 3779 1753 3852">
     <span class='ocr_line' id='line_1_68' title="bbox 170 3779 1753 3852; baseline 0.007 -24"><span class='ocrx_word' id='word_1_489' title='bbox 170 3794 224 3828; x_wconf 81' lang='grc' dir='ltr'><strong>τε</strong></span> <span class='ocrx_word' id='word_1_490' title='bbox 266 3781 323 3840; x_wconf 80' lang='grc' dir='ltr'><strong>ἐς</strong></span> <span class='ocrx_word' id='word_1_491' title='bbox 348 3779 551 3848; x_wconf 79' lang='grc' dir='ltr'>ἀρχὴν,</span> <span class='ocrx_word' id='word_1_492' title='bbox 587 3780 684 3832; x_wconf 78' lang='grc' dir='ltr'>καὶ</span> <span class='ocrx_word' id='word_1_493' title='bbox 712 3782 767 3843; x_wconf 86' lang='grc' dir='ltr'><strong>ἐς</strong></span> <span class='ocrx_word' id='word_1_494' title='bbox 793 3780 883 3833; x_wconf 82' lang='grc' dir='ltr'><strong>τὸν</strong></span> <span class='ocrx_word' id='word_1_495' title='bbox 918 3781 1152 3851; x_wconf 78' lang='grc' dir='ltr'>πόλεμον</span> <span class='ocrx_word' id='word_1_496' title='bbox 1176 3783 1348 3838; x_wconf 81' lang='grc' dir='ltr'>δοκῶν</span> <span class='ocrx_word' id='word_1_497' title='bbox 1378 3786 1636 3852; x_wconf 79' lang='grc' dir='ltr'>γενέσθαι</span> <span class='ocrx_word' id='word_1_498' title='bbox 1669 3787 1753 3839; x_wconf 79' lang='grc' dir='ltr'><strong>οὐ·</strong></span> 
     </span>
    </p>
   </div>
   <div class='ocr_carea' id='block_1_69' title="bbox 168 3870 1748 3945">
    <p class='ocr_par' dir='ltr' id='par_1_69' title="bbox 168 3870 1748 3945">
     <span class='ocr_line' id='line_1_69' title="bbox 168 3870 1748 3945; baseline 0.008 -24"><span class='ocrx_word' id='word_1_499' title='bbox 168 3870 319 3934; x_wconf 74' lang='grc' dir='ltr'>δενδς</span> <span class='ocrx_word' id='word_1_500' title='bbox 347 3871 460 3923; x_wconf 84' lang='grc' dir='ltr'><strong>τῶν</strong></span> <span class='ocrx_word' id='word_1_501' title='bbox 481 3870 601 3924; x_wconf 86' lang='grc' dir='ltr'>τότε</span> <span class='ocrx_word' id='word_1_502' title='bbox 636 3873 955 3943; x_wconf 76' lang='grc' dir='ltr'>ἡγουμένων</span> <span class='ocrx_word' id='word_1_503' title='bbox 984 3874 1319 3945; x_wconf 75' lang='grc' dir='ltr'>λειπόμενος.</span> <span class='ocrx_word' id='word_1_504' title='bbox 1357 3879 1469 3932; x_wconf 70' lang='grc' dir='ltr'>Καὶ</span> <span class='ocrx_word' id='word_1_505' title='bbox 1508 3880 1565 3931; x_wconf 75' lang='grc' dir='ltr'><strong>ἐν</strong></span> <span class='ocrx_word' id='word_1_506' title='bbox 1591 3880 1748 3933; x_wconf 83' lang='grc' dir='ltr'>πολέ-</span> 
     </span>
    </p>
   </div>
   <div class='ocr_carea' id='block_1_70' title="bbox 171 3964 1749 4041">
    <p class='ocr_par' dir='ltr' id='par_1_70' title="bbox 171 3964 1749 4041">
     <span class='ocr_line' id='line_1_70' title="bbox 171 3964 1749 4041; baseline 0.007 -27"><span class='ocrx_word' id='word_1_507' title='bbox 171 3981 294 4029; x_wconf 79' lang='grc' dir='ltr'>μοις</span> <span class='ocrx_word' id='word_1_508' title='bbox 323 3964 466 4033; x_wconf 80' lang='grc' dir='ltr'>πρὸς</span> <span class='ocrx_word' id='word_1_509' title='bbox 501 3966 626 4029; x_wconf 82' lang='grc' dir='ltr'>τοὺς</span> <span class='ocrx_word' id='word_1_510' title='bbox 652 3966 960 4037; x_wconf 78' lang='grc' dir='ltr'>περιοίκους</span> <span class='ocrx_word' id='word_1_511' title='bbox 1012 3968 1155 4038; x_wconf 89' lang='grc' dir='ltr'>μέγα</span> <span class='ocrx_word' id='word_1_512' title='bbox 1185 3970 1506 4038; x_wconf 80' lang='grc' dir='ltr'>εὐδοκιμῶν,</span> <span class='ocrx_word' id='word_1_513' title='bbox 1540 3973 1749 4041; x_wconf 77' lang='grc' dir='ltr'>ἠγάγε-</span> 
     </span>
    </p>
   </div>
   <div class='ocr_carea' id='block_1_71' title="bbox 169 4053 1751 4131">
    <p class='ocr_par' dir='ltr' id='par_1_71' title="bbox 169 4053 1751 4131">
     <span class='ocr_line' id='line_1_71' title="bbox 169 4053 1751 4131; baseline 0.006 -26"><span class='ocrx_word' id='word_1_514' title='bbox 169 4072 247 4119; x_wconf 81' lang='grc' dir='ltr'><strong>το,</strong></span> <span class='ocrx_word' id='word_1_515' title='bbox 284 4053 362 4118; x_wconf 85' lang='grc' dir='ltr'>ὡς</span> <span class='ocrx_word' id='word_1_516' title='bbox 401 4056 671 4127; x_wconf 77' lang='grc' dir='ltr'>πρότερόν</span> <span class='ocrx_word' id='word_1_517' title='bbox 706 4075 795 4127; x_wconf 88' lang='grc' dir='ltr'><strong>μοι</strong></span> <span class='ocrx_word' id='word_1_518' title='bbox 854 4058 1092 4125; x_wconf 78' lang='grc' dir='ltr'>ἐλέγετο,</span> <span class='ocrx_word' id='word_1_519' title='bbox 1145 4059 1238 4112; x_wconf 82' lang='grc' dir='ltr'>τοῦ</span> <span class='ocrx_word' id='word_1_520' title='bbox 1268 4060 1510 4131; x_wconf 79' lang='grc' dir='ltr'>Ἀθηνῶν</span> <span class='ocrx_word' id='word_1_521' title='bbox 1564 4079 1623 4115; x_wconf 88' lang='grc' dir='ltr'><strong>τε</strong></span> <span class='ocrx_word' id='word_1_522' title='bbox 1656 4064 1751 4116; x_wconf 57' lang='grc' dir='ltr'><strong>καὶ⁸</strong></span> 
     </span>
    </p>
   </div>
   <div class='ocr_carea' id='block_1_72' title="bbox 170 4148 1752 4224">
    <p class='ocr_par' dir='ltr' id='par_1_72' title="bbox 170 4148 1752 4224">
     <span class='ocr_line' id='line_1_72' title="bbox 170 4148 1752 4224; baseline 0.004 -26"><span class='ocrx_word' id='word_1_523' title='bbox 170 4148 446 4217; x_wconf 78' lang='grc' dir='ltr'>Κορίνθου</span> <span class='ocrx_word' id='word_1_524' title='bbox 500 4149 768 4219; x_wconf 72' lang='grc' dir='ltr'>ἡγεμόνος</span> <span class='ocrx_word' id='word_1_525' title='bbox 809 4150 1085 4220; x_wconf 82' lang='grc' dir='ltr'>θυγατέρα</span> <span class='ocrx_word' id='word_1_526' title='bbox 1140 4154 1195 4215; x_wconf 77' lang='grc' dir='ltr'><strong>ἐς</strong></span> <span class='ocrx_word' id='word_1_527' title='bbox 1231 4153 1427 4223; x_wconf 83' lang='grc' dir='ltr'>γάμον.</span> <span class='ocrx_word' id='word_1_528' title='bbox 1469 4153 1752 4224; x_wconf 87' lang='grc' dir='ltr'>Τούτῳτῷ</span> 
     </span>
    </p>
   </div>
   <div class='ocr_carea' id='block_1_73' title="bbox 169 4239 1754 4315">
    <p class='ocr_par' dir='ltr' id='par_1_73' title="bbox 169 4239 1754 4315">
     <span class='ocr_line' id='line_1_73' title="bbox 169 4239 1754 4315; baseline 0.005 -24"><span class='ocrx_word' id='word_1_529' title='bbox 169 4239 407 4308; x_wconf 80' lang='grc' dir='ltr'>ἡγεμόνι</span> <span class='ocrx_word' id='word_1_530' title='bbox 436 4243 566 4303; x_wconf 75' lang='grc' dir='ltr'>παῖς</span> <span class='ocrx_word' id='word_1_531' title='bbox 594 4240 814 4309; x_wconf 81' lang='grc' dir='ltr'>ἐγένετο</span> <span class='ocrx_word' id='word_1_532' title='bbox 839 4243 991 4306; x_wconf 81' lang='grc' dir='ltr'>νόθος</span> <span class='ocrx_word' id='word_1_533' title='bbox 1011 4258 1025 4273; x_wconf 84' lang='lat'><strong><em>°</em></strong></span> <span class='ocrx_word' id='word_1_534' title='bbox 1060 4243 1167 4296; x_wconf 80' lang='grc' dir='ltr'><strong>ἀπὸ</strong></span> <span class='ocrx_word' id='word_1_535' title='bbox 1216 4246 1323 4315; x_wconf 86' lang='grc' dir='ltr'>γὰρ</span> <span class='ocrx_word' id='word_1_536' title='bbox 1351 4244 1452 4314; x_wconf 81' lang='grc' dir='ltr'>τῆς</span> <span class='ocrx_word' id='word_1_537' title='bbox 1499 4245 1754 4310; x_wconf 77' lang='grc' dir='ltr'>Εὐϐοτδος</span> 
     </span>
    </p>
   </div>
   <div class='ocr_carea' id='block_1_74' title="bbox 170 4333 1750 4409">
    <p class='ocr_par' dir='ltr' id='par_1_74' title="bbox 170 4333 1750 4409">
     <span class='ocr_line' id='line_1_74' title="bbox 170 4333 1750 4409; baseline 0.004 -23"><span class='ocrx_word' id='word_1_538' title='bbox 170 4334 320 4404; x_wconf 65' lang='grc' dir='ltr'>αὐτῷ</span> <span class='ocrx_word' id='word_1_539' title='bbox 369 4335 632 4402; x_wconf 77' lang='grc' dir='ltr'>γυναικὸς</span> <span class='ocrx_word' id='word_1_540' title='bbox 680 4333 909 4405; x_wconf 78' lang='grc' dir='ltr'>ἄρρενος</span> <span class='ocrx_word' id='word_1_541' title='bbox 945 4338 1045 4389; x_wconf 81' lang='grc' dir='ltr'><strong>οὐκ</strong></span> <span class='ocrx_word' id='word_1_542' title='bbox 1080 4337 1238 4407; x_wconf 73' lang='grc' dir='ltr'>ἔτυχε</span> <span class='ocrx_word' id='word_1_543' title='bbox 1292 4338 1476 4404; x_wconf 78' lang='grc' dir='ltr'>γόνου.</span> <span class='ocrx_word' id='word_1_544' title='bbox 1510 4338 1669 4409; x_wconf 83' lang='grc' dir='ltr'>Νόθῳ</span> <span class='ocrx_word' id='word_1_545' title='bbox 1693 4339 1750 4393; x_wconf 70' lang='grc' dir='ltr'>δὲ</span> 
     </span>
    </p>
   </div>
   <div class='ocr_carea' id='block_1_75' title="bbox 170 4422 1752 4502">
    <p class='ocr_par' dir='ltr' id='par_1_75' title="bbox 170 4422 1752 4502">
     <span class='ocr_line' id='line_1_75' title="bbox 170 4422 1752 4502; baseline 0.004 -25"><span class='ocrx_word' id='word_1_546' title='bbox 170 4427 245 4494; x_wconf 73' lang='grc' dir='ltr'><strong>τῷ</strong></span> <span class='ocrx_word' id='word_1_547' title='bbox 282 4427 439 4479; x_wconf 73' lang='grc' dir='ltr'>παιδὶ</span> <span class='ocrx_word' id='word_1_548' title='bbox 486 4422 555 4494; x_wconf 84' lang='grc' dir='ltr'>ἦν</span> <span class='ocrx_word' id='word_1_549' title='bbox 588 4426 760 4495; x_wconf 73' lang='grc' dir='ltr'>ὄνομα</span> <span class='ocrx_word' id='word_1_550' title='bbox 801 4427 1105 4490; x_wconf 84' lang='grc' dir='ltr'>Ἀντώνιος.</span> <span class='ocrx_word' id='word_1_551' title='bbox 1140 4427 1327 4498; x_wconf 86' lang='grc' dir='ltr'>Τούτῳ</span> <span class='ocrx_word' id='word_1_552' title='bbox 1360 4430 1436 4499; x_wconf 83' lang='grc' dir='ltr'>τῷ</span> <span class='ocrx_word' id='word_1_553' title='bbox 1481 4431 1752 4502; x_wconf 84' lang='grc' dir='ltr'>Ἀντωνίῳ</span> 
     </span>
    </p>
   </div>
   <div class='ocr_carea' id='block_1_76' title="bbox 176 4518 1750 4594">
    <p class='ocr_par' dir='ltr' id='par_1_76' title="bbox 176 4518 1750 4594">
     <span class='ocr_line' id='line_1_76' title="bbox 176 4518 1750 4594; baseline 0.004 -27"><span class='ocrx_word' id='word_1_554' title='bbox 176 4521 269 4587; x_wconf 85' lang='grc' dir='ltr'>τήν</span> <span class='ocrx_word' id='word_1_555' title='bbox 291 4537 351 4571; x_wconf 80' lang='grc' dir='ltr'><strong>τε</strong></span> <span class='ocrx_word' id='word_1_556' title='bbox 377 4518 651 4572; x_wconf 86' lang='grc' dir='ltr'>Βοιωτίαν</span> <span class='ocrx_word' id='word_1_557' title='bbox 674 4518 931 4572; x_wconf 83' lang='grc' dir='ltr'>κατέλιπε</span> <span class='ocrx_word' id='word_1_558' title='bbox 961 4522 1054 4572; x_wconf 69' lang='grc' dir='ltr'><strong>καὶ</strong></span> <span class='ocrx_word' id='word_1_559' title='bbox 1086 4521 1183 4589; x_wconf 81' lang='grc' dir='ltr'>τὴν</span> <span class='ocrx_word' id='word_1_560' title='bbox 1212 4520 1403 4589; x_wconf 83' lang='grc' dir='ltr'>Θηϐῶν</span> <span class='ocrx_word' id='word_1_561' title='bbox 1434 4523 1588 4575; x_wconf 80' lang='grc' dir='ltr'>πόλιν</span> <span class='ocrx_word' id='word_1_562' title='bbox 1613 4539 1627 4552; x_wconf 87' lang='grc'><strong>·</strong></span> <span class='ocrx_word' id='word_1_563' title='bbox 1652 4524 1750 4594; x_wconf 83' lang='grc' dir='ltr'><strong>τὴν</strong></span> 
     </span>
    </p>
   </div>
   <div class='ocr_carea' id='block_1_77' title="bbox 177 4609 1748 4686">
    <p class='ocr_par' dir='ltr' id='par_1_77' title="bbox 177 4609 1748 4686">
     <span class='ocr_line' id='line_1_77' title="bbox 177 4609 1748 4686; baseline 0.004 -25"><span class='ocrx_word' id='word_1_564' title='bbox 177 4612 278 4680; x_wconf 68' lang='grc' dir='ltr'>γὰρ</span> <span class='ocrx_word' id='word_1_565' title='bbox 310 4609 583 4679; x_wconf 77' lang='grc' dir='ltr'>Κόρινθον</span> <span class='ocrx_word' id='word_1_566' title='bbox 633 4610 893 4664; x_wconf 81' lang='grc' dir='ltr'>κατέλιπε</span> <span class='ocrx_word' id='word_1_567' title='bbox 921 4612 997 4681; x_wconf 83' lang='grc' dir='ltr'>τῷ</span> <span class='ocrx_word' id='word_1_568' title='bbox 1025 4612 1260 4683; x_wconf 80' lang='grc' dir='ltr'>κηδεστῇ</span> <span class='ocrx_word' id='word_1_569' title='bbox 1292 4613 1456 4666; x_wconf 82' lang='grc' dir='ltr'>αὐτοῦ</span> <span class='ocrx_word' id='word_1_570' title='bbox 1486 4614 1748 4686; x_wconf 85' lang='grc' dir='ltr'>Θεοδώρῳ</span> 
     </span>
    </p>
   </div>
   <div class='ocr_carea' id='block_1_78' title="bbox 178 4702 1744 4774">
    <p class='ocr_par' dir='ltr' id='par_1_78' title="bbox 178 4702 1744 4774">
     <span class='ocr_line' id='line_1_78' title="bbox 178 4702 1744 4774; baseline 0.006 -23"><span class='ocrx_word' id='word_1_571' title='bbox 178 4705 247 4772; x_wconf 74' lang='grc' dir='ltr'>τῷ</span> <span class='ocrx_word' id='word_1_572' title='bbox 273 4704 543 4773; x_wconf 73' lang='grc' dir='ltr'>βασιλέως</span> <span class='ocrx_word' id='word_1_573' title='bbox 574 4702 809 4773; x_wconf 76' lang='grc' dir='ltr'>ἀδελφῷ.</span> <span class='ocrx_word' id='word_1_574' title='bbox 839 4703 950 4773; x_wconf 80' lang='grc' dir='ltr'>Τὴν</span> <span class='ocrx_word' id='word_1_575' title='bbox 982 4704 1039 4755; x_wconf 82' lang='grc' dir='ltr'>δὲ</span> <span class='ocrx_word' id='word_1_576' title='bbox 1069 4704 1313 4772; x_wconf 83' lang='grc' dir='ltr'>Ἀθηνῶν</span> <span class='ocrx_word' id='word_1_577' title='bbox 1344 4706 1518 4769; x_wconf 70' lang='grc' dir='ltr'>πόλιν,</span> <span class='ocrx_word' id='word_1_578' title='bbox 1547 4707 1744 4774; x_wconf 78' lang='grc' dir='ltr'><strong>ἀφελό-</strong></span> 
     </span>
    </p>
   </div>
   <div class='ocr_carea' id='block_1_79' title="bbox 182 4796 1749 4869">
    <p class='ocr_par' dir='ltr' id='par_1_79' title="bbox 182 4796 1749 4869">
     <span class='ocr_line' id='line_1_79' title="bbox 182 4796 1749 4869; baseline 0.004 -22"><span class='ocrx_word' id='word_1_579' title='bbox 182 4813 334 4861; x_wconf 72' lang='grc' dir='ltr'>μενος</span> <span class='ocrx_word' id='word_1_580' title='bbox 360 4796 569 4866; x_wconf 82' lang='grc' dir='ltr'>ταύτην</span> <span class='ocrx_word' id='word_1_581' title='bbox 599 4797 659 4848; x_wconf 75' lang='grc' dir='ltr'>τὸ</span> <span class='ocrx_word' id='word_1_582' title='bbox 700 4797 933 4866; x_wconf 74' lang='grc' dir='ltr'>πρόσθεν</span> <span class='ocrx_word' id='word_1_583' title='bbox 961 4798 1087 4860; x_wconf 73' lang='grc' dir='ltr'>τοὺς</span> <span class='ocrx_word' id='word_1_584' title='bbox 1124 4798 1470 4869; x_wconf 85' lang='grc' dir='ltr'>Κελτίϐηρας</span> <span class='ocrx_word' id='word_1_585' title='bbox 1494 4800 1599 4853; x_wconf 85' lang='grc' dir='ltr'><strong>ἀπὸ</strong></span> <span class='ocrx_word' id='word_1_586' title='bbox 1633 4802 1749 4854; x_wconf 85' lang='grc' dir='ltr'><strong>Να-</strong></span> 
     </span>
    </p>
   </div>
   <div class='ocr_carea' id='block_1_80' title="bbox 179 4883 1749 4962">
    <p class='ocr_par' dir='ltr' id='par_1_80' title="bbox 179 4883 1749 4962">
     <span class='ocr_line' id='line_1_80' title="bbox 179 4883 1749 4962; baseline 0.006 -24"><span class='ocrx_word' id='word_1_587' title='bbox 179 4890 347 4958; x_wconf 70' lang='grc' dir='ltr'>ϐἀρης</span> <span class='ocrx_word' id='word_1_588' title='bbox 384 4890 426 4951; x_wconf 86' lang='grc'><em>³,</em></span> <span class='ocrx_word' id='word_1_589' title='bbox 462 4883 612 4959; x_wconf 83' lang='grc' dir='ltr'>εἶχον</span> <span class='ocrx_word' id='word_1_590' title='bbox 641 4890 748 4958; x_wconf 75' lang='grc' dir='ltr'><strong>γὰρ</strong></span> <span class='ocrx_word' id='word_1_591' title='bbox 771 4889 834 4959; x_wconf 83' lang='grc' dir='ltr'>δὴ</span> <span class='ocrx_word' id='word_1_592' title='bbox 870 4891 963 4942; x_wconf 73' lang='grc' dir='ltr'>καὶ</span> <span class='ocrx_word' id='word_1_593' title='bbox 995 4889 1198 4957; x_wconf 84' lang='grc' dir='ltr'>ταύτην</span> <span class='ocrx_word' id='word_1_594' title='bbox 1232 4891 1281 4942; x_wconf 86' lang='grc' dir='ltr'><strong>οί</strong></span> <span class='ocrx_word' id='word_1_595' title='bbox 1305 4891 1522 4962; x_wconf 85' lang='grc' dir='ltr'>Ἴϐηρες</span> <span class='ocrx_word' id='word_1_596' title='bbox 1582 4910 1749 4947; x_wconf 83' lang='grc' dir='ltr'>κατα-</span> 
     </span>
    </p>
   </div>
   <div class='ocr_carea' id='block_1_81' title="bbox 181 4980 1748 5055">
    <p class='ocr_par' dir='ltr' id='par_1_81' title="bbox 181 4980 1748 5055">
     <span class='ocr_line' id='line_1_81' title="bbox 181 4980 1748 5055; baseline 0.006 -26"><span class='ocrx_word' id='word_1_597' title='bbox 181 4982 570 5050; x_wconf 73' lang='grc' dir='ltr'>στρεψάμενοι,</span> <span class='ocrx_word' id='word_1_598' title='bbox 629 4980 887 5034; x_wconf 79' lang='grc' dir='ltr'>κατέλιπε</span> <span class='ocrx_word' id='word_1_599' title='bbox 933 4983 1044 5044; x_wconf 87' lang='grc' dir='ltr'>τοῖς</span> <span class='ocrx_word' id='word_1_600' title='bbox 1092 4983 1393 5046; x_wconf 83' lang='grc' dir='ltr'>Οὐενετοῖς.</span> <span class='ocrx_word' id='word_1_601' title='bbox 1456 4985 1515 5036; x_wconf 84' lang='grc' dir='ltr'>Ὀ</span> <span class='ocrx_word' id='word_1_602' title='bbox 1563 4986 1748 5055; x_wconf 87' lang='grc' dir='ltr'>μέντοι</span> 
     </span>
    </p>
   </div>
   <div class='ocr_carea' id='block_1_82' title="bbox 183 5068 1753 5145">
    <p class='ocr_par' dir='ltr' id='par_1_82' title="bbox 183 5068 1753 5145">
     <span class='ocr_line' id='line_1_82' title="bbox 183 5068 1753 5145; baseline 0.005 -22"><span class='ocrx_word' id='word_1_603' title='bbox 183 5076 305 5135; x_wconf 71' lang='grc' dir='ltr'>ταῖς</span> <span class='ocrx_word' id='word_1_604' title='bbox 332 5073 498 5125; x_wconf 76' lang='grc' dir='ltr'>αὐτοῦ</span> <span class='ocrx_word' id='word_1_605' title='bbox 542 5073 828 5135; x_wconf 80' lang='grc' dir='ltr'>Ἀντώνιος</span> <span class='ocrx_word' id='word_1_606' title='bbox 858 5068 1033 5138; x_wconf 77' lang='grc' dir='ltr'>οὗτος,</span> <span class='ocrx_word' id='word_1_607' title='bbox 1086 5073 1160 5137; x_wconf 87' lang='grc' dir='ltr'>ὼς</span> <span class='ocrx_word' id='word_1_608' title='bbox 1211 5074 1363 5144; x_wconf 76' lang='grc' dir='ltr'>παρὰ</span> <span class='ocrx_word' id='word_1_609' title='bbox 1408 5075 1503 5129; x_wconf 83' lang='grc' dir='ltr'>τοῦ</span> <span class='ocrx_word' id='word_1_610' title='bbox 1545 5080 1753 5145; x_wconf 82' lang='grc' dir='ltr'>πατρὸς</span> 
     </span>
    </p>
   </div>
   <div class='ocr_carea' id='block_1_83' title="bbox 183 5166 1752 5241">
    <p class='ocr_par' dir='ltr' id='par_1_83' title="bbox 183 5166 1752 5241">
     <span class='ocr_line' id='line_1_83' title="bbox 183 5166 1752 5241; baseline 0.006 -26"><span class='ocrx_word' id='word_1_611' title='bbox 183 5167 514 5234; x_wconf 74' lang='grc' dir='ltr'>παρεδέξατο</span> <span class='ocrx_word' id='word_1_612' title='bbox 569 5167 669 5236; x_wconf 82' lang='grc' dir='ltr'>τὴν</span> <span class='ocrx_word' id='word_1_613' title='bbox 717 5166 818 5235; x_wconf 80' lang='grc' dir='ltr'><strong>τῆς</strong></span> <span class='ocrx_word' id='word_1_614' title='bbox 854 5166 1115 5230; x_wconf 83' lang='grc' dir='ltr'>Βοιωτίας</span> <span class='ocrx_word' id='word_1_615' title='bbox 1150 5168 1353 5237; x_wconf 80' lang='grc' dir='ltr'>ἀρχήν·</span> <span class='ocrx_word' id='word_1_616' title='bbox 1391 5170 1487 5239; x_wconf 83' lang='grc' dir='ltr'>τὴν</span> <span class='ocrx_word' id='word_1_617' title='bbox 1521 5173 1629 5241; x_wconf 77' lang='grc' dir='ltr'><strong>γὰρ</strong></span> <span class='ocrx_word' id='word_1_618' title='bbox 1688 5172 1752 5241; x_wconf 80' lang='grc' dir='ltr'>δὴ</span> 
     </span>
    </p>
   </div>
   <div class='ocr_carea' id='block_1_84' title="bbox 185 5257 1751 5331">
    <p class='ocr_par' dir='ltr' id='par_1_84' title="bbox 185 5257 1751 5331">
     <span class='ocr_line' id='line_1_84' title="bbox 185 5257 1751 5331; baseline 0.006 -25"><span class='ocrx_word' id='word_1_619' title='bbox 185 5257 427 5310; x_wconf 68' lang='grc' dir='ltr'>Φωκαΐδα</span> <span class='ocrx_word' id='word_1_620' title='bbox 460 5257 648 5329; x_wconf 84' lang='grc' dir='ltr'>χώραν</span> <span class='ocrx_word' id='word_1_621' title='bbox 708 5258 898 5326; x_wconf 78' lang='grc' dir='ltr'>ἄλλην,</span> <span class='ocrx_word' id='word_1_622' title='bbox 956 5259 1049 5312; x_wconf 70' lang='grc' dir='ltr'><strong>καὶ</strong></span> <span class='ocrx_word' id='word_1_623' title='bbox 1097 5260 1363 5312; x_wconf 84' lang='grc' dir='ltr'>Λεϐαδίαν</span> <span class='ocrx_word' id='word_1_624' title='bbox 1427 5264 1751 5331; x_wconf 79' lang='grc' dir='ltr'>ὑπηγάγετο</span> 
     </span>
    </p>
   </div>
   <div class='ocr_carea' id='block_1_85' title="bbox 193 5348 1743 5425">
    <p class='ocr_par' dir='ltr' id='par_1_85' title="bbox 193 5348 1743 5425">
     <span class='ocr_line' id='line_1_85' title="bbox 193 5348 1743 5425; baseline 0.006 -26"><span class='ocrx_word' id='word_1_625' title='bbox 193 5348 494 5421; x_wconf 73' lang='grc' dir='ltr'>Παιαζήτης</span> <span class='ocrx_word' id='word_1_626' title='bbox 526 5352 553 5403; x_wconf 89' lang='grc' dir='ltr'>ὁ</span> <span class='ocrx_word' id='word_1_627' title='bbox 586 5351 965 5420; x_wconf 80' lang='grc' dir='ltr'>Ἀμουράτεω,</span> <span class='ocrx_word' id='word_1_628' title='bbox 1025 5352 1398 5423; x_wconf 78' lang='grc' dir='ltr'>προσθέμενος</span> <span class='ocrx_word' id='word_1_629' title='bbox 1429 5357 1494 5425; x_wconf 78' lang='grc' dir='ltr'>τῇ</span> <span class='ocrx_word' id='word_1_630' title='bbox 1544 5356 1743 5409; x_wconf 78' lang='grc' dir='ltr'>ἑαυτοῦ</span> 
     </span>
    </p>
   </div>
   <div class='ocr_carea' id='block_1_86' title="bbox 195 5440 1746 5517">
    <p class='ocr_par' dir='ltr' id='par_1_86' title="bbox 195 5440 1746 5517">
     <span class='ocr_line' id='line_1_86' title="bbox 195 5440 1746 5517; baseline -0.004 -18"><span class='ocrx_word' id='word_1_631' title='bbox 195 5441 352 5511; x_wconf 77' lang='grc' dir='ltr'>ἀρχῇ.</span> <span class='ocrx_word' id='word_1_632' title='bbox 375 5445 443 5506; x_wconf 85' lang='grc' dir='ltr'><strong>ῶς</strong></span> <span class='ocrx_word' id='word_1_633' title='bbox 469 5444 738 5513; x_wconf 76' lang='grc' dir='ltr'>πρότερον</span> <span class='ocrx_word' id='word_1_634' title='bbox 775 5461 865 5512; x_wconf 91' lang='grc' dir='ltr'><strong>μοι</strong></span> <span class='ocrx_word' id='word_1_635' title='bbox 897 5444 1190 5513; x_wconf 72' lang='grc' dir='ltr'>δεδήλωται</span> <span class='ocrx_word' id='word_1_636' title='bbox 1216 5462 1229 5477; x_wconf 79' lang='grc' dir='ltr'><strong><em>ο</em></strong></span> <span class='ocrx_word' id='word_1_637' title='bbox 1266 5440 1419 5509; x_wconf 75' lang='grc' dir='ltr'>οὗτος</span> <span class='ocrx_word' id='word_1_638' title='bbox 1444 5448 1506 5517; x_wconf 79' lang='grc' dir='ltr'>δὴ</span> <span class='ocrx_word' id='word_1_639' title='bbox 1539 5445 1630 5501; x_wconf 78' lang='grc' dir='ltr'>οὖν</span> <span class='ocrx_word' id='word_1_640' title='bbox 1655 5451 1746 5501; x_wconf 68' lang='grc' dir='ltr'><strong>ἐπὶ</strong></span> 
     </span>
    </p>
   </div>
   <div class='ocr_carea' id='block_1_87' title="bbox 196 5536 1749 5614">
    <p class='ocr_par' dir='ltr' id='par_1_87' title="bbox 196 5536 1749 5614">
     <span class='ocr_line' id='line_1_87' title="bbox 196 5536 1749 5614; baseline 0.008 -30"><span class='ocrx_word' id='word_1_641' title='bbox 196 5536 317 5599; x_wconf 63' lang='grc' dir='ltr'>τοὺς</span> <span class='ocrx_word' id='word_1_642' title='bbox 343 5538 631 5600; x_wconf 74' lang='grc' dir='ltr'>Οὐενετοὺς</span> <span class='ocrx_word' id='word_1_643' title='bbox 661 5538 924 5609; x_wconf 76' lang='grc' dir='ltr'>ἐξήνεγκε</span> <span class='ocrx_word' id='word_1_644' title='bbox 974 5540 1227 5610; x_wconf 76' lang='grc' dir='ltr'>πόλεμον,</span> <span class='ocrx_word' id='word_1_645' title='bbox 1270 5545 1360 5595; x_wconf 79' lang='grc' dir='ltr'><strong>καὶ</strong></span> <span class='ocrx_word' id='word_1_646' title='bbox 1391 5544 1489 5607; x_wconf 76' lang='grc' dir='ltr'>τὰς</span> <span class='ocrx_word' id='word_1_647' title='bbox 1518 5545 1749 5614; x_wconf 80' lang='grc' dir='ltr'>Ἀθήνας</span> 
     </span>
    </p>
   </div>
   <div class='ocr_carea' id='block_1_88' title="bbox 1856 3308 3430 3386">
    <p class='ocr_par' dir='ltr' id='par_1_88' title="bbox 1856 3308 3430 3386">
     <span class='ocr_line' id='line_1_88' title="bbox 1856 3308 3430 3386; baseline -0.006 -17"><span class='ocrx_word' id='word_1_648' title='bbox 1856 3316 2085 3386; x_wconf 87' lang='lat' dir='ltr'><strong>imperio</strong></span> <span class='ocrx_word' id='word_1_649' title='bbox 2123 3315 2389 3369; x_wconf 82' lang='lat' dir='ltr'><strong>admovit.</strong></span> <span class='ocrx_word' id='word_1_650' title='bbox 2434 3312 2537 3381; x_wconf 87' lang='lat' dir='ltr'><strong>Qui</strong></span> <span class='ocrx_word' id='word_1_651' title='bbox 2596 3313 2964 3383; x_wconf 84' lang='lat' dir='ltr'><strong>principatum</strong></span> <span class='ocrx_word' id='word_1_652' title='bbox 3025 3308 3430 3363; x_wconf 86' lang='lat' dir='ltr'><strong>administravit</strong></span> 
     </span>
    </p>
   </div>
   <div class='ocr_carea' id='block_1_89' title="bbox 1855 3410 3430 3479">
    <p class='ocr_par' dir='ltr' id='par_1_89' title="bbox 1855 3410 3430 3479">
     <span class='ocr_line' id='line_1_89' title="bbox 1855 3410 3430 3479; baseline -0.006 -16"><span class='ocrx_word' id='word_1_653' title='bbox 1855 3425 1980 3463; x_wconf 91' lang='lat' dir='ltr'><strong>cum</strong></span> <span class='ocrx_word' id='word_1_654' title='bbox 2025 3423 2199 3479; x_wconf 86' lang='lat' dir='ltr'><strong>usque</strong></span> <span class='ocrx_word' id='word_1_655' title='bbox 2247 3424 2332 3463; x_wconf 89' lang='lat' dir='ltr'><strong>res</strong></span> <span class='ocrx_word' id='word_1_656' title='bbox 2395 3423 2509 3463; x_wconf 68' lang='lat' dir='ltr'><strong>sua:</strong></span> <span class='ocrx_word' id='word_1_657' title='bbox 2569 3410 2904 3461; x_wconf 90' lang='lat' dir='ltr'><strong>incrementa</strong></span> <span class='ocrx_word' id='word_1_658' title='bbox 2955 3410 3261 3465; x_wconf 88' lang='lat' dir='ltr'><strong>sumerent,</strong></span> <span class='ocrx_word' id='word_1_659' title='bbox 3297 3416 3430 3471; x_wconf 85' lang='lat' dir='ltr'><strong>pace</strong></span> 
     </span>
    </p>
   </div>
   <div class='ocr_carea' id='block_1_90' title="bbox 1856 3497 3426 3573">
    <p class='ocr_par' dir='ltr' id='par_1_90' title="bbox 1856 3497 3426 3573">
     <span class='ocr_line' id='line_1_90' title="bbox 1856 3497 3426 3573; baseline -0.001 -16"><span class='ocrx_word' id='word_1_660' title='bbox 1856 3504 2108 3573; x_wconf 85' lang='lat' dir='ltr'><strong>belloque</strong></span> <span class='ocrx_word' id='word_1_661' title='bbox 2151 3503 2284 3557; x_wconf 89' lang='lat' dir='ltr'><strong>nulli</strong></span> <span class='ocrx_word' id='word_1_662' title='bbox 2316 3503 2513 3556; x_wconf 89' lang='lat' dir='ltr'><strong>ducum</strong></span> <span class='ocrx_word' id='word_1_663' title='bbox 2557 3503 2809 3567; x_wconf 78' lang='lat' dir='ltr'><strong>cederet;</strong></span> <span class='ocrx_word' id='word_1_664' title='bbox 2840 3499 3061 3554; x_wconf 88' lang='lat' dir='ltr'><strong>tandem</strong></span> <span class='ocrx_word' id='word_1_665' title='bbox 3100 3514 3222 3553; x_wconf 89' lang='lat' dir='ltr'><strong>cum</strong></span> <span class='ocrx_word' id='word_1_666' title='bbox 3251 3497 3426 3555; x_wconf 87' lang='lat' dir='ltr'><strong>bellis.</strong></span> 
     </span>
    </p>
   </div>
   <div class='ocr_carea' id='block_1_91' title="bbox 1854 3591 3428 3667">
    <p class='ocr_par' dir='ltr' id='par_1_91' title="bbox 1854 3591 3428 3667">
     <span class='ocr_line' id='line_1_91' title="bbox 1854 3591 3428 3667; baseline -0.005 -16"><span class='ocrx_word' id='word_1_667' title='bbox 1854 3612 1977 3667; x_wconf 63' lang='lat' dir='ltr'><strong>qua:</strong></span> <span class='ocrx_word' id='word_1_668' title='bbox 2024 3597 2286 3651; x_wconf 86' lang='lat' dir='ltr'><strong>adversus</strong></span> <span class='ocrx_word' id='word_1_669' title='bbox 2337 3596 2603 3651; x_wconf 81' lang='lat' dir='ltr'><strong>ﬁnitimos</strong></span> <span class='ocrx_word' id='word_1_670' title='bbox 2666 3597 2855 3663; x_wconf 71' lang='lat' dir='ltr'><strong>gessit,</strong></span> <span class='ocrx_word' id='word_1_671' title='bbox 2918 3594 3213 3663; x_wconf 89' lang='lat' dir='ltr'><strong>plurimum</strong></span> <span class='ocrx_word' id='word_1_672' title='bbox 3241 3591 3428 3657; x_wconf 68' lang='lat' dir='ltr'><strong>gloriae</strong></span> 
     </span>
    </p>
   </div>
   <div class='ocr_carea' id='block_1_92' title="bbox 1855 3686 3429 3762">
    <p class='ocr_par' dir='ltr' id='par_1_92' title="bbox 1855 3686 3429 3762">
     <span class='ocr_line' id='line_1_92' title="bbox 1855 3686 3429 3762; baseline -0.008 -14"><span class='ocrx_word' id='word_1_673' title='bbox 1855 3693 1959 3748; x_wconf 89' lang='lat' dir='ltr'><strong>sibi</strong></span> <span class='ocrx_word' id='word_1_674' title='bbox 1990 3691 2315 3762; x_wconf 79' lang='lat' dir='ltr'><strong>peperisset,</strong></span> <span class='ocrx_word' id='word_1_675' title='bbox 2358 3690 2534 3753; x_wconf 80' lang='lat' dir='ltr'><strong>duxit,</strong></span> <span class='ocrx_word' id='word_1_676' title='bbox 2582 3700 2641 3743; x_wconf 92' lang='lat' dir='ltr'><strong>ut</strong></span> <span class='ocrx_word' id='word_1_677' title='bbox 2671 3703 2838 3758; x_wconf 89' lang='lat' dir='ltr'><strong>supra</strong></span> <span class='ocrx_word' id='word_1_678' title='bbox 2873 3689 3186 3747; x_wconf 86' lang='lat' dir='ltr'><strong>docuimus.</strong></span> <span class='ocrx_word' id='word_1_679' title='bbox 3223 3686 3429 3740; x_wconf 83' lang='lat' dir='ltr'><strong>Raine-</strong></span> 
     </span>
    </p>
   </div>
   <div class='ocr_carea' id='block_1_93' title="bbox 1855 3777 3428 3852">
    <p class='ocr_par' dir='ltr' id='par_1_93' title="bbox 1855 3777 3428 3852">
     <span class='ocr_line' id='line_1_93' title="bbox 1855 3777 3428 3852; baseline -0.004 -13"><span class='ocrx_word' id='word_1_680' title='bbox 1855 3787 1922 3840; x_wconf 88' lang='lat' dir='ltr'><strong>rii</strong></span> <span class='ocrx_word' id='word_1_681' title='bbox 1961 3786 2294 3840; x_wconf 88' lang='lat' dir='ltr'><strong>Athenarum</strong></span> <span class='ocrx_word' id='word_1_682' title='bbox 2354 3793 2410 3839; x_wconf 84' lang='lat' dir='ltr'><strong>et</strong></span> <span class='ocrx_word' id='word_1_683' title='bbox 2461 3782 2716 3839; x_wconf 89' lang='lat' dir='ltr'><strong>Corinthi</strong></span> <span class='ocrx_word' id='word_1_684' title='bbox 2768 3781 3034 3852; x_wconf 87' lang='lat' dir='ltr'><strong>principis</strong></span> <span class='ocrx_word' id='word_1_685' title='bbox 3070 3777 3428 3833; x_wconf 80' lang='lat' dir='ltr'><strong>ﬁliam.lluic</strong></span> 
     </span>
    </p>
   </div>
   <div class='ocr_carea' id='block_1_94' title="bbox 1854 3868 3429 3939">
    <p class='ocr_par' dir='ltr' id='par_1_94' title="bbox 1854 3868 3429 3939">
     <span class='ocr_line' id='line_1_94' title="bbox 1854 3868 3429 3939; baseline -0.006 -8"><span class='ocrx_word' id='word_1_686' title='bbox 1854 3876 1979 3931; x_wconf 90' lang='lat' dir='ltr'><strong>duci</strong></span> <span class='ocrx_word' id='word_1_687' title='bbox 2040 3884 2205 3931; x_wconf 83' lang='lat' dir='ltr'><strong>natus</strong></span> <span class='ocrx_word' id='word_1_688' title='bbox 2251 3884 2335 3930; x_wconf 90' lang='lat' dir='ltr'><strong>est</strong></span> <span class='ocrx_word' id='word_1_689' title='bbox 2395 3874 2536 3929; x_wconf 88' lang='lat' dir='ltr'><strong>ﬁlius</strong></span> <span class='ocrx_word' id='word_1_690' title='bbox 2589 3874 2824 3939; x_wconf 86' lang='lat' dir='ltr'><strong>nothus;</strong></span> <span class='ocrx_word' id='word_1_691' title='bbox 2863 3887 2986 3925; x_wconf 91' lang='lat' dir='ltr'><strong>nam</strong></span> <span class='ocrx_word' id='word_1_692' title='bbox 3046 3885 3114 3924; x_wconf 74' lang='lat' dir='ltr'><strong>ex</strong></span> <span class='ocrx_word' id='word_1_693' title='bbox 3182 3868 3429 3923; x_wconf 89' lang='lat' dir='ltr'><strong>Euboide</strong></span> 
     </span>
    </p>
   </div>
   <div class='ocr_carea' id='block_1_95' title="bbox 1856 3964 3427 4037">
    <p class='ocr_par' dir='ltr' id='par_1_95' title="bbox 1856 3964 3427 4037">
     <span class='ocr_line' id='line_1_95' title="bbox 1856 3964 3427 4037; baseline -0.004 -14"><span class='ocrx_word' id='word_1_694' title='bbox 1856 3982 2027 4024; x_wconf 82' lang='lat' dir='ltr'><strong>uxore</strong></span> <span class='ocrx_word' id='word_1_695' title='bbox 2049 3969 2216 4037; x_wconf 83' lang='lat' dir='ltr'><strong>stirps</strong></span> <span class='ocrx_word' id='word_1_696' title='bbox 2252 3968 2427 4022; x_wconf 78' lang='lat' dir='ltr'><strong>virilis</strong></span> <span class='ocrx_word' id='word_1_697' title='bbox 2473 3968 2615 4021; x_wconf 87' lang='lat' dir='ltr'><strong>haud</strong></span> <span class='ocrx_word' id='word_1_698' title='bbox 2660 3976 2784 4021; x_wconf 89' lang='lat' dir='ltr'><strong>nata</strong></span> <span class='ocrx_word' id='word_1_699' title='bbox 2818 3975 2922 4021; x_wconf 88' lang='lat' dir='ltr'><strong>est.</strong></span> <span class='ocrx_word' id='word_1_700' title='bbox 2959 3966 3169 4019; x_wconf 85' lang='lat' dir='ltr'><strong>Nomen</strong></span> <span class='ocrx_word' id='word_1_701' title='bbox 3196 3964 3289 4017; x_wconf 92' lang='lat' dir='ltr'><strong>ﬁlii</strong></span> <span class='ocrx_word' id='word_1_702' title='bbox 3326 3980 3427 4016; x_wconf 87' lang='lat' dir='ltr'><strong>no-</strong></span> 
     </span>
    </p>
   </div>
   <div class='ocr_carea' id='block_1_96' title="bbox 1858 4059 3430 4128">
    <p class='ocr_par' dir='ltr' id='par_1_96' title="bbox 1858 4059 3430 4128">
     <span class='ocr_line' id='line_1_96' title="bbox 1858 4059 3430 4128; baseline -0.005 -11"><span class='ocrx_word' id='word_1_703' title='bbox 1858 4062 1933 4117; x_wconf 91' lang='lat' dir='ltr'><strong>thi</strong></span> <span class='ocrx_word' id='word_1_704' title='bbox 1963 4070 2083 4118; x_wconf 84' lang='lat' dir='ltr'><strong>erat</strong></span> <span class='ocrx_word' id='word_1_705' title='bbox 2114 4061 2408 4117; x_wconf 85' lang='lat' dir='ltr'><strong>Antonius.</strong></span> <span class='ocrx_word' id='word_1_706' title='bbox 2453 4060 2591 4115; x_wconf 86' lang='lat' dir='ltr'><strong>Huic</strong></span> <span class='ocrx_word' id='word_1_707' title='bbox 2647 4069 2980 4116; x_wconf 85' lang='lat' dir='ltr'><strong>testamento</strong></span> <span class='ocrx_word' id='word_1_708' title='bbox 3016 4059 3242 4128; x_wconf 92' lang='lat' dir='ltr'><strong>reliquit</strong></span> <span class='ocrx_word' id='word_1_709' title='bbox 3274 4059 3430 4111; x_wconf 80' lang='grc' dir='ltr'>Βωο-</span> 
     </span>
    </p>
   </div>
   <div class='ocr_carea' id='block_1_97' title="bbox 1856 4152 3428 4221">
    <p class='ocr_par' dir='ltr' id='par_1_97' title="bbox 1856 4152 3428 4221">
     <span class='ocr_line' id='line_1_97' title="bbox 1856 4152 3428 4221; baseline -0.004 -11"><span class='ocrx_word' id='word_1_710' title='bbox 1856 4155 2008 4219; x_wconf 88' lang='lat' dir='ltr'><strong>tiam,</strong></span> <span class='ocrx_word' id='word_1_711' title='bbox 2042 4165 2096 4211; x_wconf 88' lang='lat' dir='ltr'><strong>et</strong></span> <span class='ocrx_word' id='word_1_712' title='bbox 2130 4155 2347 4210; x_wconf 85' lang='lat' dir='ltr'><strong>Thebas</strong></span> <span class='ocrx_word' id='word_1_713' title='bbox 2404 4155 2624 4221; x_wconf 91' lang='lat' dir='ltr'><strong>urbem;</strong></span> <span class='ocrx_word' id='word_1_714' title='bbox 2670 4170 2794 4208; x_wconf 90' lang='lat' dir='ltr'><strong>nam</strong></span> <span class='ocrx_word' id='word_1_715' title='bbox 2846 4152 3143 4208; x_wconf 81' lang='lat' dir='ltr'><strong>Corinthus</strong></span> <span class='ocrx_word' id='word_1_716' title='bbox 3187 4160 3428 4205; x_wconf 90' lang='lat' dir='ltr'><strong>cesserat</strong></span> 
     </span>
    </p>
   </div>
   <div class='ocr_carea' id='block_1_98' title="bbox 1854 4246 3423 4320">
    <p class='ocr_par' dir='ltr' id='par_1_98' title="bbox 1854 4246 3423 4320">
     <span class='ocr_line' id='line_1_98' title="bbox 1854 4246 3423 4320; baseline -0.002 -17"><span class='ocrx_word' id='word_1_717' title='bbox 1854 4263 2055 4320; x_wconf 79' lang='lat' dir='ltr'><strong>genero</strong></span> <span class='ocrx_word' id='word_1_718' title='bbox 2116 4248 2425 4311; x_wconf 87' lang='lat' dir='ltr'><strong>Theodoro,</strong></span> <span class='ocrx_word' id='word_1_719' title='bbox 2472 4251 2616 4319; x_wconf 79' lang='lat' dir='ltr'><strong>regis</strong></span> <span class='ocrx_word' id='word_1_720' title='bbox 2671 4246 2852 4302; x_wconf 76' lang='lat' dir='ltr'><strong>fratri.</strong></span> <span class='ocrx_word' id='word_1_721' title='bbox 2905 4246 3107 4302; x_wconf 91' lang='lat' dir='ltr'><strong>Urbem</strong></span> <span class='ocrx_word' id='word_1_722' title='bbox 3159 4247 3423 4311; x_wconf 83' lang='lat' dir='ltr'><strong>Athenas,</strong></span> 
     </span>
    </p>
   </div>
   <div class='ocr_carea' id='block_1_99' title="bbox 1854 4341 3427 4413">
    <p class='ocr_par' dir='ltr' id='par_1_99' title="bbox 1854 4341 3427 4413">
     <span class='ocr_line' id='line_1_99' title="bbox 1854 4341 3427 4413; baseline -0.003 -16"><span class='ocrx_word' id='word_1_723' title='bbox 1854 4358 1977 4413; x_wconf 68' lang='lat' dir='ltr'><strong>quae</strong></span> <span class='ocrx_word' id='word_1_724' title='bbox 2003 4344 2155 4412; x_wconf 89' lang='lat' dir='ltr'><strong>prius</strong></span> <span class='ocrx_word' id='word_1_725' title='bbox 2180 4342 2582 4398; x_wconf 85' lang='lat' dir='ltr'><strong>Celtiberorum</strong></span> <span class='ocrx_word' id='word_1_726' title='bbox 2616 4351 2736 4396; x_wconf 92' lang='lat' dir='ltr'><strong>erat</strong></span> <span class='ocrx_word' id='word_1_727' title='bbox 2765 4349 2914 4412; x_wconf 89' lang='lat' dir='ltr'><strong>(nam</strong></span> <span class='ocrx_word' id='word_1_728' title='bbox 2948 4351 3002 4394; x_wconf 87' lang='lat' dir='ltr'><strong>et</strong></span> <span class='ocrx_word' id='word_1_729' title='bbox 3028 4341 3170 4395; x_wconf 91' lang='lat' dir='ltr'><strong>hanc</strong></span> <span class='ocrx_word' id='word_1_730' title='bbox 3201 4350 3427 4394; x_wconf 88' lang='lat' dir='ltr'><strong>tenuere</strong></span> 
     </span>
    </p>
   </div>
   <div class='ocr_carea' id='block_1_100' title="bbox 1856 4432 3423 4505">
    <p class='ocr_par' dir='ltr' id='par_1_100' title="bbox 1856 4432 3423 4505">
     <span class='ocr_line' id='line_1_100' title="bbox 1856 4432 3423 4505; baseline -0.002 -17"><span class='ocrx_word' id='word_1_731' title='bbox 1856 4434 2019 4504; x_wconf 88' lang='lat' dir='ltr'><strong>lberi)</strong></span> <span class='ocrx_word' id='word_1_732' title='bbox 2078 4436 2178 4491; x_wconf 88' lang='lat' dir='ltr'><strong>sibi</strong></span> <span class='ocrx_word' id='word_1_733' title='bbox 2234 4436 2556 4505; x_wconf 74' lang='lat' dir='ltr'><strong>subiiciens,</strong></span> <span class='ocrx_word' id='word_1_734' title='bbox 2620 4436 2838 4489; x_wconf 87' lang='lat' dir='ltr'><strong>tandem</strong></span> <span class='ocrx_word' id='word_1_735' title='bbox 2903 4432 3127 4488; x_wconf 86' lang='lat' dir='ltr'><strong>Venetis</strong></span> <span class='ocrx_word' id='word_1_736' title='bbox 3183 4433 3423 4501; x_wconf 76' lang='lat' dir='ltr'><strong>reliquit.</strong></span> 
     </span>
    </p>
   </div>
   <div class='ocr_carea' id='block_1_101' title="bbox 1857 4523 3421 4596">
    <p class='ocr_par' dir='ltr' id='par_1_101' title="bbox 1857 4523 3421 4596">
     <span class='ocr_line' id='line_1_101' title="bbox 1857 4523 3421 4596; baseline -0.004 -16"><span class='ocrx_word' id='word_1_737' title='bbox 1857 4523 2030 4580; x_wconf 89' lang='lat' dir='ltr'><strong>Filius</strong></span> <span class='ocrx_word' id='word_1_738' title='bbox 2059 4527 2330 4582; x_wconf 78' lang='lat' dir='ltr'><strong>Antonius</strong></span> <span class='ocrx_word' id='word_1_739' title='bbox 2362 4541 2389 4578; x_wconf 86' lang='lat' dir='ltr'><strong>a</strong></span> <span class='ocrx_word' id='word_1_740' title='bbox 2424 4535 2578 4596; x_wconf 89' lang='lat' dir='ltr'><strong>patre</strong></span> <span class='ocrx_word' id='word_1_741' title='bbox 2631 4526 2841 4593; x_wconf 89' lang='lat' dir='ltr'><strong>accepit</strong></span> <span class='ocrx_word' id='word_1_742' title='bbox 2887 4524 3109 4578; x_wconf 73' lang='lat' dir='ltr'><strong>Bmotize</strong></span> <span class='ocrx_word' id='word_1_743' title='bbox 3156 4538 3421 4593; x_wconf 81' lang='lat' dir='ltr'><strong>regnum;</strong></span> 
     </span>
    </p>
   </div>
   <div class='ocr_carea' id='block_1_102' title="bbox 1856 4614 3427 4687">
    <p class='ocr_par' dir='ltr' id='par_1_102' title="bbox 1856 4614 3427 4687">
     <span class='ocr_line' id='line_1_102' title="bbox 1856 4614 3427 4687; baseline -0.003 -17"><span class='ocrx_word' id='word_1_744' title='bbox 1856 4633 1983 4670; x_wconf 86' lang='lat' dir='ltr'><strong>nam</strong></span> <span class='ocrx_word' id='word_1_745' title='bbox 2024 4617 2233 4685; x_wconf 89' lang='lat' dir='ltr'><strong>reliqua</strong></span> <span class='ocrx_word' id='word_1_746' title='bbox 2268 4617 2630 4673; x_wconf 88' lang='lat' dir='ltr'><strong>Phocensium</strong></span> <span class='ocrx_word' id='word_1_747' title='bbox 2679 4617 2830 4687; x_wconf 80' lang='lat' dir='ltr'><strong>regio</strong></span> <span class='ocrx_word' id='word_1_748' title='bbox 2868 4624 2922 4671; x_wconf 90' lang='lat' dir='ltr'><strong>et</strong></span> <span class='ocrx_word' id='word_1_749' title='bbox 2977 4614 3212 4670; x_wconf 87' lang='lat' dir='ltr'><strong>Lebadia</strong></span> <span class='ocrx_word' id='word_1_750' title='bbox 3264 4630 3427 4669; x_wconf 86' lang='lat' dir='ltr'><strong>vene-</strong></span> 
     </span>
    </p>
   </div>
   <div class='ocr_carea' id='block_1_103' title="bbox 1856 4708 3424 4780">
    <p class='ocr_par' dir='ltr' id='par_1_103' title="bbox 1856 4708 3424 4780">
     <span class='ocr_line' id='line_1_103' title="bbox 1856 4708 3424 4780; baseline -0.003 -17"><span class='ocrx_word' id='word_1_751' title='bbox 1856 4718 1980 4763; x_wconf 90' lang='lat' dir='ltr'><strong>rant</strong></span> <span class='ocrx_word' id='word_1_752' title='bbox 2032 4710 2086 4764; x_wconf 90' lang='lat' dir='ltr'><strong>in</strong></span> <span class='ocrx_word' id='word_1_753' title='bbox 2149 4718 2477 4780; x_wconf 87' lang='lat' dir='ltr'><strong>potestatem</strong></span> <span class='ocrx_word' id='word_1_754' title='bbox 2518 4708 2799 4780; x_wconf 81' lang='lat' dir='ltr'><strong>Pajazitis.</strong></span> <span class='ocrx_word' id='word_1_755' title='bbox 2864 4725 3002 4778; x_wconf 90' lang='lat' dir='ltr'><strong>quas</strong></span> <span class='ocrx_word' id='word_1_756' title='bbox 3043 4725 3144 4763; x_wconf 88' lang='lat' dir='ltr'><strong>suo</strong></span> <span class='ocrx_word' id='word_1_757' title='bbox 3175 4708 3424 4761; x_wconf 91' lang='lat' dir='ltr'><strong>dominio</strong></span> 
     </span>
    </p>
   </div>
   <div class='ocr_carea' id='block_1_104' title="bbox 1856 4803 3421 4873">
    <p class='ocr_par' dir='ltr' id='par_1_104' title="bbox 1856 4803 3421 4873">
     <span class='ocr_line' id='line_1_104' title="bbox 1856 4803 3421 4873; baseline -0.003 -15"><span class='ocrx_word' id='word_1_758' title='bbox 1856 4804 2121 4873; x_wconf 80' lang='lat' dir='ltr'><strong>adjunxit,</strong></span> <span class='ocrx_word' id='word_1_759' title='bbox 2165 4812 2223 4856; x_wconf 93' lang='lat' dir='ltr'><strong>ut</strong></span> <span class='ocrx_word' id='word_1_760' title='bbox 2252 4819 2417 4872; x_wconf 89' lang='lat' dir='ltr'><strong>supra</strong></span> <span class='ocrx_word' id='word_1_761' title='bbox 2448 4804 2892 4857; x_wconf 90' lang='lat' dir='ltr'><strong>memoravimus.</strong></span> <span class='ocrx_word' id='word_1_762' title='bbox 2926 4803 3197 4857; x_wconf 71' lang='lat' dir='ltr'><strong>Antoninus</strong></span> <span class='ocrx_word' id='word_1_763' title='bbox 3229 4812 3421 4856; x_wconf 85' lang='lat' dir='ltr'><strong>centra</strong></span> 
     </span>
    </p>
   </div>
   <div class='ocr_carea' id='block_1_105' title="bbox 1858 4893 3423 4960">
    <p class='ocr_par' dir='ltr' id='par_1_105' title="bbox 1858 4893 3423 4960">
     <span class='ocr_line' id='line_1_105' title="bbox 1858 4893 3423 4960; baseline -0.003 -11"><span class='ocrx_word' id='word_1_764' title='bbox 1858 4894 2095 4951; x_wconf 82' lang='lat' dir='ltr'><strong>Venetos</strong></span> <span class='ocrx_word' id='word_1_765' title='bbox 2124 4897 2324 4949; x_wconf 87' lang='lat' dir='ltr'><strong>bellum</strong></span> <span class='ocrx_word' id='word_1_766' title='bbox 2357 4894 2542 4959; x_wconf 91' lang='lat' dir='ltr'><strong>movit,</strong></span> <span class='ocrx_word' id='word_1_767' title='bbox 2574 4903 2628 4948; x_wconf 91' lang='lat' dir='ltr'><strong>et</strong></span> <span class='ocrx_word' id='word_1_768' title='bbox 2672 4897 2916 4947; x_wconf 85' lang='lat' dir='ltr'><strong>Athenas</strong></span> <span class='ocrx_word' id='word_1_769' title='bbox 2939 4908 3154 4953; x_wconf 84' lang='lat' dir='ltr'><strong>summa</strong></span> <span class='ocrx_word' id='word_1_770' title='bbox 3190 4893 3423 4960; x_wconf 73' lang='lat' dir='ltr'><strong>diligen-</strong></span> 
     </span>
    </p>
   </div>
   <div class='ocr_carea' id='block_1_106' title="bbox 1858 4983 3425 5054">
    <p class='ocr_par' dir='ltr' id='par_1_106' title="bbox 1858 4983 3425 5054">
     <span class='ocr_line' id='line_1_106' title="bbox 1858 4983 3425 5054; baseline -0.003 -12"><span class='ocrx_word' id='word_1_771' title='bbox 1858 4988 1933 5043; x_wconf 88' lang='lat' dir='ltr'><strong>tia</strong></span> <span class='ocrx_word' id='word_1_772' title='bbox 1971 4989 2308 5044; x_wconf 82' lang='lat' dir='ltr'><strong>exercitibus</strong></span> <span class='ocrx_word' id='word_1_773' title='bbox 2343 4987 2725 5043; x_wconf 80' lang='lat' dir='ltr'><strong>circumsedit.</strong></span> <span class='ocrx_word' id='word_1_774' title='bbox 2770 4985 2960 5041; x_wconf 86' lang='lat' dir='ltr'><strong>Veneti</strong></span> <span class='ocrx_word' id='word_1_775' title='bbox 3006 5000 3149 5054; x_wconf 56' lang='grc' dir='ltr'>πετο</span> <span class='ocrx_word' id='word_1_776' title='bbox 3179 4983 3425 5038; x_wconf 82' lang='lat' dir='ltr'><strong>ferebant</strong></span> 
     </span>
    </p>
   </div>
   <div class='ocr_carea' id='block_1_107' title="bbox 1855 5080 3420 5148">
    <p class='ocr_par' dir='ltr' id='par_1_107' title="bbox 1855 5080 3420 5148">
     <span class='ocr_line' id='line_1_107' title="bbox 1855 5080 3420 5148; baseline -0.004 -13"><span class='ocrx_word' id='word_1_777' title='bbox 1855 5082 2045 5137; x_wconf 88' lang='lat' dir='ltr'><strong>urbem</strong></span> <span class='ocrx_word' id='word_1_778' title='bbox 2077 5097 2231 5135; x_wconf 88' lang='lat' dir='ltr'><strong>suam</strong></span> <span class='ocrx_word' id='word_1_779' title='bbox 2274 5080 2561 5136; x_wconf 85' lang='lat' dir='ltr'><strong>obsidione</strong></span> <span class='ocrx_word' id='word_1_780' title='bbox 2609 5080 2781 5148; x_wconf 89' lang='lat' dir='ltr'><strong>premi</strong></span> <span class='ocrx_word' id='word_1_781' title='bbox 2822 5096 2836 5132; x_wconf 91' lang='lat'><strong>:</strong></span> <span class='ocrx_word' id='word_1_782' title='bbox 2874 5086 3074 5146; x_wconf 90' lang='lat' dir='ltr'><strong>parant</strong></span> <span class='ocrx_word' id='word_1_783' title='bbox 3110 5080 3274 5146; x_wconf 75' lang='lat' dir='ltr'><strong>igitur</strong></span> <span class='ocrx_word' id='word_1_784' title='bbox 3301 5091 3420 5129; x_wconf 81' lang='lat' dir='ltr'><strong>eum</strong></span> 
     </span>
    </p>
   </div>
   <div class='ocr_carea' id='block_1_108' title="bbox 1853 5172 3425 5230">
    <p class='ocr_par' dir='ltr' id='par_1_108' title="bbox 1853 5172 3425 5230">
     <span class='ocr_line' id='line_1_108' title="bbox 1853 5172 3425 5230; baseline -0.003 -1"><span class='ocrx_word' id='word_1_785' title='bbox 1853 5176 2137 5230; x_wconf 89' lang='lat' dir='ltr'><strong>obsidione</strong></span> <span class='ocrx_word' id='word_1_786' title='bbox 2168 5174 2400 5228; x_wconf 88' lang='lat' dir='ltr'><strong>solvere.</strong></span> <span class='ocrx_word' id='word_1_787' title='bbox 2458 5172 2520 5226; x_wconf 86' lang='lat' dir='ltr'><strong>Et</strong></span> <span class='ocrx_word' id='word_1_788' title='bbox 2572 5190 2696 5228; x_wconf 87' lang='lat' dir='ltr'><strong>cum</strong></span> <span class='ocrx_word' id='word_1_789' title='bbox 2743 5172 3274 5228; x_wconf 80' lang='lat' dir='ltr'><strong>statuissenthostili</strong></span> <span class='ocrx_word' id='word_1_790' title='bbox 3308 5173 3425 5225; x_wconf 91' lang='lat' dir='ltr'><strong>ani-</strong></span> 
     </span>
    </p>
   </div>
   <div class='ocr_carea' id='block_1_109' title="bbox 1853 5265 3423 5337">
    <p class='ocr_par' dir='ltr' id='par_1_109' title="bbox 1853 5265 3423 5337">
     <span class='ocr_line' id='line_1_109' title="bbox 1853 5265 3423 5337; baseline -0.003 -16"><span class='ocrx_word' id='word_1_791' title='bbox 1853 5284 1942 5322; x_wconf 85' lang='lat' dir='ltr'><strong>mo</strong></span> <span class='ocrx_word' id='word_1_792' title='bbox 1974 5268 2243 5337; x_wconf 82' lang='lat' dir='ltr'><strong>proﬁcisci</strong></span> <span class='ocrx_word' id='word_1_793' title='bbox 2288 5278 2472 5323; x_wconf 84' lang='lat' dir='ltr'><strong>contra</strong></span> <span class='ocrx_word' id='word_1_794' title='bbox 2509 5267 2745 5327; x_wconf 87' lang='lat' dir='ltr'><strong>Thebas.</strong></span> <span class='ocrx_word' id='word_1_795' title='bbox 2790 5270 3089 5323; x_wconf 83' lang='lat' dir='ltr'><strong>exercitum</strong></span> <span class='ocrx_word' id='word_1_796' title='bbox 3120 5282 3183 5319; x_wconf 79' lang='lat' dir='ltr'><strong>ex</strong></span> <span class='ocrx_word' id='word_1_797' title='bbox 3218 5265 3423 5319; x_wconf 86' lang='lat' dir='ltr'><strong>Euhoia</strong></span> 
     </span>
    </p>
   </div>
   <div class='ocr_carea' id='block_1_110' title="bbox 1853 5360 3423 5430">
    <p class='ocr_par' dir='ltr' id='par_1_110' title="bbox 1853 5360 3423 5430">
     <span class='ocr_line' id='line_1_110' title="bbox 1853 5360 3423 5430; baseline -0.001 -17"><span class='ocrx_word' id='word_1_798' title='bbox 1853 5372 2118 5428; x_wconf 85' lang='lat' dir='ltr'><strong>quantum</strong></span> <span class='ocrx_word' id='word_1_799' title='bbox 2183 5370 2406 5430; x_wconf 88' lang='lat' dir='ltr'><strong>potuere</strong></span> <span class='ocrx_word' id='word_1_800' title='bbox 2468 5371 2885 5429; x_wconf 85' lang='lat' dir='ltr'><strong>compararunt,</strong></span> <span class='ocrx_word' id='word_1_801' title='bbox 2946 5376 3156 5415; x_wconf 88' lang='lat' dir='ltr'><strong>necnon</strong></span> <span class='ocrx_word' id='word_1_802' title='bbox 3216 5360 3423 5426; x_wconf 88' lang='lat' dir='ltr'><strong>reliqua</strong></span> 
     </span>
    </p>
   </div>
   <div class='ocr_carea' id='block_1_111' title="bbox 1858 5454 3428 5523">
    <p class='ocr_par' dir='ltr' id='par_1_111' title="bbox 1858 5454 3428 5523">
     <span class='ocr_line' id='line_1_111' title="bbox 1858 5454 3428 5523; baseline -0.003 -16"><span class='ocrx_word' id='word_1_803' title='bbox 1858 5470 1979 5523; x_wconf 75' lang='lat' dir='ltr'><strong>qua:</strong></span> <span class='ocrx_word' id='word_1_804' title='bbox 2008 5456 2070 5508; x_wconf 88' lang='lat' dir='ltr'><strong>ad</strong></span> <span class='ocrx_word' id='word_1_805' title='bbox 2123 5455 2503 5508; x_wconf 81' lang='lat' dir='ltr'><strong>instruendum</strong></span> <span class='ocrx_word' id='word_1_806' title='bbox 2554 5456 2850 5508; x_wconf 80' lang='lat' dir='ltr'><strong>exercitum</strong></span> <span class='ocrx_word' id='word_1_807' title='bbox 2907 5456 3161 5514; x_wconf 81' lang='lat' dir='ltr'><strong>attinent,</strong></span> <span class='ocrx_word' id='word_1_808' title='bbox 3194 5454 3428 5520; x_wconf 79' lang='lat' dir='ltr'><strong>college—</strong></span> 
     </span>
    </p>
   </div>
   <div class='ocr_carea' id='block_1_112' title="bbox 1860 5545 3430 5607">
    <p class='ocr_par' dir='ltr' id='par_1_112' title="bbox 1860 5545 3430 5607">
     <span class='ocr_line' id='line_1_112' title="bbox 1860 5545 3430 5607; baseline -0.003 -8"><span class='ocrx_word' id='word_1_809' title='bbox 1860 5554 2007 5599; x_wconf 91' lang='lat' dir='ltr'><strong>runt.</strong></span> <span class='ocrx_word' id='word_1_810' title='bbox 2044 5546 2107 5599; x_wconf 87' lang='lat' dir='ltr'><strong>Et</strong></span> <span class='ocrx_word' id='word_1_811' title='bbox 2136 5548 2202 5601; x_wconf 86' lang='lat' dir='ltr'><strong>ab</strong></span> <span class='ocrx_word' id='word_1_812' title='bbox 2230 5545 2435 5600; x_wconf 76' lang='lat' dir='ltr'><strong>Eulroia</strong></span> <span class='ocrx_word' id='word_1_813' title='bbox 2486 5559 2630 5601; x_wconf 87' lang='lat' dir='ltr'><strong>recta</strong></span> <span class='ocrx_word' id='word_1_814' title='bbox 2674 5554 2893 5600; x_wconf 87' lang='lat' dir='ltr'><strong>movent</strong></span> <span class='ocrx_word' id='word_1_815' title='bbox 2950 5546 2999 5598; x_wconf 93' lang='lat' dir='ltr'><strong>in</strong></span> <span class='ocrx_word' id='word_1_816' title='bbox 3053 5545 3340 5607; x_wconf 71' lang='lat' dir='ltr'><strong>Bmotiam,</strong></span> <span class='ocrx_word' id='word_1_817' title='bbox 3373 5550 3430 5595; x_wconf 88' lang='lat' dir='ltr'><strong>et</strong></span> 
     </span>
    </p>
   </div>
   <div class='ocr_carea' id='block_1_113' title="bbox 1488 5663 2157 5739">
    <p class='ocr_par' dir='ltr' id='par_1_113' title="bbox 1488 5663 2157 5739">
     <span class='ocr_line' id='line_1_113' title="bbox 1488 5663 2157 5739; baseline 0.003 -17"><span class='ocrx_word' id='word_1_818' title='bbox 1488 5663 1728 5724; x_wconf 66' lang='lat' dir='ltr'><strong>Notulze</strong></span> <span class='ocrx_word' id='word_1_819' title='bbox 1760 5666 2157 5739; x_wconf 78' lang='lat' dir='ltr'><strong>marginales.</strong></span> 
     </span>
    </p>
   </div>
   <div class='ocr_carea' id='block_1_114' title="bbox 284 5754 639 5820">
    <p class='ocr_par' dir='ltr' id='par_1_114' title="bbox 284 5754 639 5820">
     <span class='ocr_line' id='line_1_114' title="bbox 284 5754 639 5820; baseline 0.008 -14"><span class='ocrx_word' id='word_1_820' title='bbox 284 5754 370 5820; x_wconf 62' lang='lat'><strong>‘39)</strong></span> <span class='ocrx_word' id='word_1_821' title='bbox 393 5757 639 5809; x_wconf 79' lang='lat' dir='ltr'><strong>llaulutn.</strong></span> 
     </span>
    </p>
   </div>
   <div class='ocr_carea' id='block_1_115' title="bbox 293 5896 933 5966">
    <p class='ocr_par' dir='ltr' id='par_1_115' title="bbox 293 5896 933 5966">
     <span class='ocr_line' id='line_1_115' title="bbox 293 5896 933 5966; baseline 0.002 -18"><span class='ocrx_word' id='word_1_822' title='bbox 293 5898 311 5924; x_wconf 80' lang='grc'><em>³</em></span> <span class='ocrx_word' id='word_1_823' title='bbox 340 5898 583 5966; x_wconf 64' lang='grc' dir='ltr'>Ναεάρας</span> <span class='ocrx_word' id='word_1_824' title='bbox 616 5896 679 5948; x_wconf 76' lang='lat' dir='ltr'><strong>Ii.</strong></span> <span class='ocrx_word' id='word_1_825' title='bbox 719 5907 770 5948; x_wconf 80' lang='lat' dir='ltr'><strong>ut</strong></span> <span class='ocrx_word' id='word_1_826' title='bbox 803 5897 850 5949; x_wconf 79' lang='lat' dir='ltr'><strong>tn</strong></span> <span class='ocrx_word' id='word_1_827' title='bbox 887 5915 933 5949; x_wconf 50' lang='grc' dir='ltr'><strong>«λ.</strong></span> 
     </span>
    </p>
   </div>
  </div>
