4190 6434
236 419 344 478 217

1326 420 1422 478 DE
1470 418 1722 477 REBliS
1760 415 2116 476 TURCICIS
2157 419 2302 482 LIB.
2356 419 2449 480 IV.

3370 415 3474 479 218

242 531 465 584 πλοῦτον
498 529 672 599 ἐαυτῷ
727 529 1216 599 περιποιούμενος,
1247 531 1340 582 καὶ
1387 530 1483 599 τὴν
1542 530 1694 580 πόλιν
1741 527 1810 587 ὡς

1921 528 1984 580 ad
2026 544 2083 579 se
2111 528 2374 587 venisset.
2409 529 2693 599 magnifice
2735 529 3116 582 venerabatur.
3145 527 3320 580 Vitam
3347 544 3474 580 vero

241 621 348 676 οἷον
370 641 428 674 τε
467 624 696 692 μάλιστα
718 625 958 690 κοσμῶν.
998 623 1214 675 Τούτων
1242 623 1340 690 μὲν
1359 618 1448 673 οὖν
1470 622 1598 689 πέρι
1633 623 1686 680 ἐς
1716 638 1804 672 το-

246 719 436 770 σοῦτον
484 719 945 787 ὲπιμνησάμένος,
977 717 1231 785 ἐπάνειμι
1265 717 1327 785 δὴ
1376 717 1464 768 ἐπὶ
1507 715 1800 781 Θεόδωρον,

242 813 333 860 τ“ν
367 810 626 877 βασιλέως
652 811 834 874 παῖδα,
871 809 1112 877 ἡγεμόνα
1153 809 1406 876 Σπάρτης
1433 825 1491 859 τε
1521 808 1610 857 καί
1641 806 1804 873 ἄλλης

245 903 670 971 Πελοποννήσου,
704 903 777 964 ὡς
813 901 916 954 ὑπὸ
948 901 1219 970 Θεοδώρου
1251 904 1344 954 τοῦ
1394 902 1647 969 πατρωοῦ
1690 902 1805 964 ἐξε-

241 996 470 1062 τρέςοετο
503 997 616 1063 ἄμα
662 998 755 1048 καὶ
812 994 1126 1062 ἐπαιδεύθη.
1162 995 1317 1048 Μετὰ
1351 995 1404 1047 δὲ
1444 997 1615 1046 ταῦτα
1647 1012 1808 1046 κατε-

243 1087 424 1154 λήφθη
482 1089 538 1148 ἐς
565 1088 664 1156 τὴν
696 1087 871 1158 ἀρχὴν
919 1088 1086 1139 αὑτοῦ
1142 1087 1386 1156 ἡγεμών,
1417 1086 1505 1148 Ἐς
1547 1086 1704 1138 τοῦτο
1751 1086 1808 1138 δὲ

242 1172 653 1246 ἀφικόμενος,’δ
679 1179 855 1249 πατὴρ
888 1179 1047 1232 αὑτοῦ
1075 1179 1427 1248 Ἐμμανουὴλ
1463 1181 1490 1230 ὁ
1519 1179 1806 1240 Βυζαντίου

243 1273 520 1340 βασιλεὺς,
566 1275 657 1327 τόν
684 1292 740 1325 τε
770 1275 934 1327 παῖδα
975 1273 1204 1344 καοίστη
1247 1277 1302 1334 ἐς
1334 1277 1431 1340 τὴν
1461 1272 1652 1342 ἀρχὴν,
1716 1273 1810 1326 καὶ

242 1364 336 1416 ἐπὶ
364 1365 442 1434 τῷ
465 1365 675 1433 ἀδελφῷ
725 1365 823 1435 ἢδη
877 1365 1287 1434 τετελευτηκότι
1318 1366 1474 1432 λόγον
1504 1365 1811 1433 ἐπιτήδειον

243 1457 626 1527 ἐξετραγῴδει,
663 1456 904 1521 διεξιὼν·
930 1459 1021 1510 ἐπὶ
1053 1459 1128 1525 τῷ
1180 1459 1335 1527 τάφῳ
1375 1457 1558 1519 αὑτοῦ,
1618 1458 1811 1510 ἀπολο-

246 1551 546 1618 φυρόμενός
574 1568 630 1602 τε
665 1550 778 1619 ἃμα
808 1551 898 1602 τὸν
936 1552 1242 1618 ἐπιτήδειον
1269 1550 1518 1617 ἀδελφόν.
1541 1552 1648 1604 Καὶ
1677 1551 1812 1619 μετὰ

244 1646 417 1698 ταῦτα
485 1647 978 1712 μεταπεμπόμενος
1036 1647 1161 1707 τοὺς
1220 1645 1686 1713 Πελοποννησίους
1755 1645 1813 1707 ἐς

259 1736 491 1806 Ἰσθμὸν,
529 1737 618 1788 τόν
649 1753 707 1788 τε
739 1735 955 1804 Ἰσθμὸν
1011 1737 1266 1806 ἐτείχισε,
1299 1736 1394 1787 καὶ
1431 1735 1680 1804 φυλακὴν
1715 1750 1814 1786 κα-

241 1835 653 1898 ταστησάμενος
699 1830 883 1892 αὐτοῦ,
909 1847 911 1850 ‘
937 1829 1102 1900 ἀπῄει
1139 1830 1426 1882 ἀποπλέων
1483 1829 1576 1881 ἐπὶ
1617 1829 1814 1892 Βυζαν-

241 1921 379 1985 τίου,
406 1922 542 1990 ἔχων
585 1920 699 1990 μεθ’
727 1921 919 1975 ἑαυτοῦ
944 1921 1037 1976 καὶ
1064 1923 1190 1988 τοὺς
1225 1921 1669 1993 Πελοποννησίων
1717 1922 1816 1992 ἄρα

243 2029 442 2081 χοντας
474 2013 530 2064 ιν
560 2012 795 2082 φυλακῇ.

315 2333 501 2391 Ταῦτα
536 2336 636 2406 μὲν
670 2335 763 2388 οῦν
786 2335 929 2390 κατὰ
955 2336 1081 2400 τοὺς
1113 2335 1222 2390 τῶν
1269 2335 1540 2406 Ἑλλήνων
1574 2337 1814 2406 βασιλεῖς

241 2427 549 2498 συνηνέχθη
579 2429 637 2489 ἐς
669 2429 874 2482 ἐκεῖνον
891 2429 982 2482 τὸν
1002 2429 1216 2500 χρόνον.
1250 2429 1378 2484 Ἐπὶ
1407 2430 1463 2483 δὲ
1513 2430 1810 2499 Μεχμέτεω

238 2522 467 2588 ἄμεινον
494 2521 676 2589 σφίσιν
705 2519 916 2590 ἔχοντες
969 2519 1023 2581 ἐς
1055 2536 1116 2572 τε
1145 2519 1243 2590 τὴν
1280 2521 1474 2590 ἀρχὴν,
1507 2521 1600 2572 καὶ
1626 2521 1678 2581 ἐς
1714 2519 1812 2588 τὴν

241 2615 410 2682 ἄλλην
463 2614 639 2666 αὐτῶν
671 2613 878 2683 βιοτὴν,
929 2614 1055 2665 ἐπεὶ
1104 2613 1468 2682 ἠσφαλίζοντο
1514 2613 1610 2683 τὴν
1675 2613 1810 2680 πρὸς

244 2705 470 2773 βασιλέα
524 2706 820 2774 Μεχμέτην
859 2706 1082 2774 εἰρήνην
1110 2723 1190 2766 τε,
1245 2706 1339 2757 καὶ
1379 2706 1608 2765 σπονδὰς
1637 2706 1809 2772 ἐμπε-

240 2799 481 2864 δοῦντες,
514 2799 587 2859 ὼς
634 2793 746 2850 οἷόν
794 2816 850 2850 τε
884 2799 1115 2867 μάλιστα
1148 2801 1360 2860 αὐτοῖς,
1415 2798 1482 2849 δι’
1510 2799 1544 2851 ἃ
1569 2797 1631 2867 δὴ
1662 2797 1755 2852 καὶ
1784 2797 1812 2849 ὁ

245 2890 502 2959 βασιλεὺς
556 2889 846 2958 Μεχμέτης
918 2889 1170 2958 ἐνεργεῖ,
1242 2889 1318 2951 ὡς
1378 2891 1506 2959 περὶ
1554 2887 1809 2940 πλείστου

247 2985 490 3034 ποιοῖντο
534 2983 631 3052 τὴν
661 2981 856 3033 ἑαυτοῦ
886 2981 1132 3051 εἰρήνην,
1176 2983 1270 3034 καὶ
1329 2983 1438 3034 πᾶν
1461 2980 1637 3034 ὁτιοῦν
1681 2979 1814 3049 μᾶλ-

244 3075 340 3125 λον
375 3075 750 3141 πεισομένους,
796 3072 934 3125 ὥστε
969 3073 1068 3141 τὴν
1093 3073 1272 3142 ξενίην
1313 3073 1464 3140 σφίσι
1499 3073 1572 3141 μὴ
1601 3070 1811 3124 διαλύε-

246 3166 394 3227 σοαι,
427 3165 709 3233 ἐχαρίζετο
739 3180 795 3216 τε
829 3164 1010 3225 αὐτοῖς
1043 3166 1071 3216 ὃ
1103 3181 1155 3215 τι
1182 3161 1318 3232 ᾤετο
1347 3166 1404 3215 ἐν
1437 3164 1620 3233 χάριτι
1650 3164 1815 3214 ποιεῖ-

246 3257 376 3308 σθαι
431 3256 614 3317 αὐτοῖς
640 3293 655 3316 ,
712 3257 778 3308 τά
806 3271 864 3308 τε
897 3254 1032 3308 ἄλλα
1076 3255 1169 3307 καὶ
1210 3255 1302 3306 ἐπὶ
1344 3255 1420 3322 τῷ
1469 3254 1620 3306 παιδὶ
1651 3253 1814 3305 αὑτοῦ

257 3349 595 3418 Ἀμουράτῃ.
630 3347 838 3417 ἰΙστην
862 3348 968 3417 γὰρ
998 3345 1144 3414 αὑτῷ
1169 3345 1279 3399 δύω
1326 3347 1498 3410 παῖδε,
1541 3347 1812 3415 Ἀμουρά-

239 3459 344 3506 της
380 3443 479 3509 μὲν
527 3443 554 3493 ὁ
587 3440 975 3510 πρεσϐύτερος,
1027 3439 1356 3506 Μουσταφᾶς
1387 3439 1442 3490 δὲ
1472 3442 1498 3490 ὁ
1531 3437 1813 3509 νεώτερος,

240 3535 340 3584 καὶ
359 3533 440 3584 ἔτι
468 3535 594 3592 παῖς
623 3531 720 3584 ὢν.
755 3531 980 3584 Τούτοιν
1011 3530 1102 3582 τὸν
1131 3530 1230 3599 μὲν
1257 3529 1603 3598 Ἀμουράτην
1633 3534 1688 3592 ἐς
1717 3534 1815 3597 τὴν

239 3625 519 3694 Εὐρώπην
543 3625 799 3676 διενοεῖτο
838 3625 1177 3685 καταλιπεῖν,
1223 3623 1314 3675 τὸν
1341 3623 1395 3676 δὲ
1423 3622 1607 3693 ἕτερον
1632 3625 1687 3685 ἐς
1715 3624 1813 3692 τὴν

252 3717 446 3770 Ἀσίαν
477 3717 720 3786 βασιλέα.
768 3717 875 3769 Καὶ
906 3716 1307 3786 ἐπιδιελόμενος
1335 3717 1543 3778 τούτοις
1585 3718 1680 3786 τὴν
1711 3720 1812 3788 ἀρ-

239 3815 369 3880 χὴν,
405 3811 779 3875 ἐγκατέλιπεν,
807 3809 946 3862 ὥστε
975 3810 1170 3871 παῖδας
1200 3810 1457 3878 ἐμμένειν
1484 3805 1563 3871 οἷς
1590 3810 1813 3880 ἐπέτρε-

234 3906 335 3971 ψε,
369 3903 448 3972 τῷ
471 3901 762 3966 Βυζαντίου
790 3902 1015 3972 βασιλεῖ,
1049 3902 1187 3955 κατὰ
1217 3900 1388 3954 ταῦτα
1415 3902 1811 3971 συλλαμϐάνειν

236 3997 308 4066 ἦν
339 4012 424 4058 τις
476 3995 658 4064 ἀδικῇ,
701 3995 776 4064 μὴ
835 3996 1173 4064 ἐπιτρέπειν,
1212 3994 1347 4046 ἀλλὰ
1369 3993 1443 4064 τῷ
1473 3995 1810 4066 ἀδικουμένῳ

240 4091 514 4158 τιμωρεῖν
556 4089 698 4140 κατὰ
727 4086 1071 4154 δύναμιν.Ἐς
1100 4085 1196 4155 τὴν
1225 4087 1404 4154 μέντοι
1426 4087 1626 4138 Δακίαν
1647 4105 1812 4157 στρα-

236 4179 493 4246 τεύματα
533 4176 867 4244 ἐπιπέμψας,
924 4175 1022 4244 τήν
1083 4191 1143 4226 τε
1196 4178 1380 4242 χώραν
1411 4175 1676 4242 ἐληίζετο,
1715 4177 1807 4229 καὶ

241 4266 653 4327 Παιονοδακίαν,
707 4262 984 4331 Βρενέξεω
1013 4263 1104 4315 τοῦ
1154 4262 1334 4325 Χότζα
1375 4261 1615 4328 Θερίζεω
1649 4265 1809 4334 θερά-

237 4375 440 4420 ποντος
470 4356 770 4425 ἡγουμένου
797 4372 855 4406 τε
881 4355 975 4407 καὶ
1003 4353 1142 4424 ἔργα
1179 4356 1390 4421 μεγαλα
1419 4357 1806 4425 ἀποδεικνυμέο

237 4468 336 4502 νου
356 4464 370 4476 ·
405 4449 539 4517 πρὸς
565 4446 619 4499 δὲ
661 4446 755 4499 καὶ
786 4446 1082 4515 Μιχαήλεω
1113 4447 1204 4498 τοῦ
1239 4448 1336 4514 τῆς
1366 4447 1628 4515 Εὐρώπης
1661 4448 1806 4518 αὐτῷ

236 4537 579 4608 στρατηγοῦ,
626 4536 880 4606 στρατιὰν
910 4553 969 4587 τε
1021 4537 1243 4600 ἄγοντος
1279 4538 1370 4590 ἐπὶ
1396 4540 1522 4601 τοὺς
1550 4540 1800 4604 Παίονας,

1905 635 2059 674 suam
2081 637 2204 674 cum
2227 631 2589 689 temperanter
2608 622 2954 679 instituisset.
2980 626 3044 674 ad
3062 623 3283 674 mullnn
3317 636 3475 674 sene-—

1908 724 2051 767 ctam
2106 715 2375 782 pervenit,
2417 713 2650 768 feliciter
2687 716 2900 770 vivens.
2936 713 3001 767 Et
3036 715 3161 782 quia
3192 714 3475 782 imperium

1910 809 2131 876 pulebre
2184 817 2237 861 et
2259 809 2512 861 decenter
2540 810 2843 870 ordinarat,
2877 809 3079 861 multas
3112 806 3478 873 comportavit

1907 895 2029 956 inde
2059 903 2296 956 divitias.
2320 902 2782 970 Urbemquoque,
2805 917 2965 969 quam
3001 900 3179 968 potuit
3214 900 3471 960 maxime,

1907 995 2151 1049 aediliciis
2183 1005 2236 1047 et
2265 996 2472 1062 reliquo
2506 1004 2763 1062 apparatur
2786 996 3092 1047 exornavit.
3122 992 3323 1044 llnrum
3344 1007 3464 1043 cum

1912 1093 2196 1158 hucusque
2225 1092 2549 1145 mentionem
2570 1091 2813 1151 fecerim,
2832 1101 3046 1158 tempus
3067 1099 3148 1144 est
3175 1100 3229 1141 ιιι
3263 1086 3476 1140 redeam

1910 1185 1974 1238 ad
2007 1183 2351 1237 Theodorum
2387 1185 2532 1254 regis
2559 1183 2727 1236 filium
2767 1184 2978 1249 Sparta:
2995 1192 3042 1235 et
3073 1181 3291 1244 reliqqu
3317 1178 3478 1232 Pelo-

1910 1277 2137 1347 ponnesi
2169 1278 2492 1346 principem,
2520 1277 2609 1346 qui
2637 1276 2900 1329 educatus
2948 1287 2997 1327 et
3049 1273 3354 1339 disciplinis
3401 1273 3483 1323 in-

1911 1371 2141 1423 stitutus
2177 1386 2206 1422 a
2239 1369 2530 1423 Theodoro
2567 1379 2779 1437 patruo,
2806 1365 3254 1435 115postea'ab
3288 1363 3476 1415 eodem

1911 1468 2125 1511 mortuo
2167 1460 2531 1527 principatum
2561 1461 2794 1524 accepit.
2830 1456 2911 1510 Ad
2947 1458 3088 1508 buue
3120 1470 3238 1507 cum
3297 1454 3478 1506 venis~

1911 1563 1991 1606 set
2025 1562 2174 1620 pater
2191 1552 2307 1619 ejus
2334 1550 2650 1603 Emmanuel
2691 1549 2926 1618 Byzantii
2967 1565 3082 1610 rex,
3119 1548 3477 1614 principatum

1917 1645 2210 1699 lirmiorem
2257 1656 2306 1698 et
2343 1644 2682 1698 stabiliorem
2715 1641 3009 1696 Theodoro
3071 1641 3222 1694 fecit.
3260 1641 3479 1692 Sermo-

1915 1753 2034 1790 nem
2075 1755 2292 1807 quoque
2332 1737 2616 1790 funebrem
2649 1737 2865 1798 habuit,
2891 1745 2943 1789 et
2980 1736 3215 1787 maximo
3247 1747 3483 1785 lllml‘OI‘C

1920 1826 2141 1882 allectus
2209 1829 2556 1881 volutabatur
2598 1842 2762 1896 super
2818 1826 2909 1879 lilii
2971 1827 3240 1892 sepulcro.
3291 1824 3484 1876 l’ostea

1919 1919 2195 1974 :nlvocans
2247 1919 2672 1988 Peloponnesios
2727 1936 2780 1974 In
2828 1919 3318 1978 lstbmum,muro
3359 1932 3483 1970 eum

1918 2013 2201 2066 includere
2265 2029 2554 2080 aggressus
2619 2020 2723 2068 est.
2764 2012 2863 2066 Cui
2933 2028 3056 2065 cum
3129 2010 3485 2082 imposoisset

1921 2106 2252 2176 pnesidium,
2281 2105 2595 2175 Byzantium
2646 2105 2879 2175 repetiit,
2935 2104 3141 2159 habens
3170 2118 3354 2158 secum
3432 2103 3485 2155 in

1919 2199 2152 2252 vinculis
2197 2198 2717 2266 Peloponnesiorum
2758 2197 2946 2252 duces.

1990 2289 2112 2344 Haec
2157 2291 2370 2358 quidem
2433 2298 2563 2344 sunt
2612 2305 2730 2360 qua:
2779 2305 2841 2344 ea
2898 2298 3217 2357 tempestate
3270 2287 3488 2355 regibus

1915 2382 2224 2438 Graecorum
2278 2391 2591 2438 evenerunt.
2628 2383 2930 2452 lmperante
2976 2381 3273 2434 Meclunete
3299 2419 3312 2442 ,
3350 2383 3488 2434 bene

1915 2493 1974 2532 se
2008 2493 2092 2530 res
2121 2477 2430 2531 Grmcorum
2478 2476 2900 2537 babebant,tum
2955 2486 3214 2546 quantum
3281 2477 3342 2526 ad
3399 2493 3485 2528 rc-

1919 2589 2105 2643 gnuni,
2130 2581 2240 2625 tum
2280 2584 2534 2639 quantum
2564 2572 2629 2626 ad
2668 2573 2934 2641 reliquum
2997 2571 3206 2625 vivendi
3253 2572 3484 2639 pertinet

1920 2668 2158 2720 modum.
2199 2664 2757 2733 Postquaminfmdus
2789 2675 2839 2719 et
2865 2680 3048 2734 pacem
3092 2665 3485 2718 coierantcum

1919 2757 2215 2812 Meclnnete
2247 2798 2261 2820 ,
2314 2758 2446 2812 nihil
2507 2759 2786 2828 antiquius
2842 2757 3165 2811 Meebmetes
3216 2757 3487 2822 ducebat,

1917 2867 2073 2921 quam
2106 2867 2314 2904 summa
2344 2866 2443 2918 ope
2482 2851 2574 2906 niti
2598 2861 2653 2902 ut
2683 2848 2855 2902 Graeci
2887 2849 3268 2921 quamplurimi
3295 2867 3300 2905 ῖ
3329 2849 3486 2902 istam

1919 2959 2103 3013 pacem
2145 2944 2401 2996 laceri-nt.
2453 2941 2684 2996 Proinde
2729 2942 2944 3010 quidvis
3003 2941 3182 3010 potius
3253 2942 3488 2995 malebat

1922 3051 2082 3105 quain
2122 3047 2175 3089 ιιι
2202 3037 2463 3105 peregrini
2499 3053 2620 3089 cum
2655 3037 2736 3090 bis
2768 3036 2818 3089 in
2839 3035 3161 3104 colloquium
3197 3035 3492 3103 congrede-

1919 3139 2130 3183 rentur.
2162 3127 2270 3182 Nec
2300 3137 2548 3182 cessabat
2580 3130 2632 3183 in
2687 3144 2781 3182 eos
2830 3131 2968 3182 dona
3017 3130 3285 3192 conferre,
3343 3143 3488 3196 qua:-

1923 3236 2135 3288 cunque
2178 3221 2241 3274 iis
2273 3232 2421 3288 grata
2465 3222 2578 3273 fore
2602 3223 2986 3275 arbitrabatur.
3039 3223 3269 3292 Reliqua
3321 3223 3486 3276 etiam

1847 3285 1886 3344 C
1921 3285 2150 3364 far-iebat
2185 3285 2405 3380 propter
2435 3313 2603 3365 lilium
2635 3328 2793 3366 suum
2821 3314 3159 3369 Amuratem.
3180 3285 3376 3371 -l£rant
3430 3333 3492 3372 e-

1923 3404 2030 3454 nim
2059 3403 2106 3456 ei
2138 3402 2243 3458 duo
2276 3403 2388 3465 lilii,
2418 3404 2725 3470 Amurates,
2756 3407 2845 3475 qui
2880 3416 3008 3461 nutu
3031 3418 3146 3462 erat
3191 3410 3484 3473 maximus,

1919 3505 1971 3547 et
2006 3495 2319 3564 lllustapbas
2355 3498 2724 3566 annisjunior,
2749 3500 2995 3553 etadbuc
3015 3501 3274 3569 puerilem
3320 3517 3488 3573 agens

1915 3598 2143 3640 'rtatem.
2177 3589 2816 3658 Eurnpzeimperiumilli,
2841 3593 2964 3646 huic
2989 3594 3128 3649 Asia:
3166 3603 3491 3651 testamento

1916 3681 2214 3748 relinquere
2266 3683 2505 3750 parabat.
2564 3685 2896 3753 Cumqueita
2935 3685 3058 3741 filiis
3111 3705 3229 3755 quin
3286 3688 3349 3741 ad
3403 3705 3491 3743 re-

1914 3787 2077 3839 gnum
2131 3775 2360 3827 attinere
2414 3775 2527 3828 visa
2589 3787 2714 3830 sunt
2774 3778 3154 3846 disposuisset,
3205 3781 3368 3848 jussit
3431 3791 3490 3835 ut

1913 3876 2212 3921 extremam
2245 3882 2399 3920 suam
2461 3869 2790 3923 voluntatem
2841 3881 3120 3926 servarent
3156 3892 3169 3927 :
3202 3874 3490 3944 Byzantio-

1917 3977 2023 4030 que
2058 3963 2166 4030 regi
2203 3963 2445 4015 subsidio
2476 3955 2737 4028 venirent,
2768 3965 3204 4037 quandocunque
3250 3970 3317 4022 ab
3364 3971 3490 4026 hos-

1913 4055 2057 4106 tibus
2088 4054 2190 4105 vim
2224 4063 2512 4122 pateretur,
2559 4064 2613 4110 et
2669 4057 2877 4112 fortiter
2911 4061 3081 4113 virum
3136 4060 3488 4116 defenderent

1909 4147 1975 4198 ab
1998 4146 2081 4200 bis
2105 4147 2195 4215 qui
2221 4147 2268 4224 ei
2311 4147 2560 4214 injuriam
2591 4149 2849 4206 facerent.
2870 4149 3004 4206 Cum
3035 4153 3231 4222 copias
3256 4155 3492 4211 misisset

1910 4236 1961 4290 in
1999 4237 2234 4301 Daciam,
2270 4253 2383 4290 eam
2404 4240 2711 4309 diripiebat.
2742 4243 2848 4298 Nec
2875 4259 2902 4296 a
2926 4243 3268 4300 Pannodacia
3295 4263 3490 4306 manus

1908 4331 2188 4393 abstinuit,
2219 4330 2419 4385 Clioxza
2452 4333 2709 4390 Tberozis
2739 4337 2990 4392 ministro
3027 4342 3320 4394 exercitum
3362 4343 3492 4397 duc-

1909 4430 2054 4476 tante
2088 4434 2276 4478 coutra
2317 4425 2602 4483 Pannones
2649 4440 2702 4483 et
2750 4429 3172 4499 Pannodaciam,
3212 4433 3488 4506 Illyricos-

1907 4531 2028 4585 qne.
2061 4515 2332 4582 Brenezis,
2357 4519 2447 4587 qui
2480 4534 2630 4574 arma
2660 4522 2925 4578 inferebat
2975 4524 3200 4595 Illyricis
3246 4539 3300 4582 et
3353 4529 3494 4583 Pan-

233 4635 335 4686 καὶ
381 4631 792 4692 Παιονοδακίαν,
827 4629 921 4683 καὶ
969 4629 1034 4697 δὴ
1075 4630 1171 4681 καί
1209 4630 1527 4700 Ἰλλυριούς
1566 4634 1803 4705 Βρενέζῃ

1913 4610 2143 4664 nonibus
2211 4620 2264 4664 et
2323 4611 2743 4682 Peloponneso,
2773 4627 2991 4672 exstant
3042 4620 3095 4673 in
3145 4621 3356 4690 Europa
3397 4623 3497 4676 de-

239 4727 432 4794 μέντοι
457 4721 592 4791 ἔργα
625 4720 1056 4787 ἀποδεδειγμένα
1082 4720 1205 4785 ἄξια
1229 4721 1384 4789 λόγου
1413 4723 1553 4775 κατὰ
1585 4725 1682 4793 τὴν
1712 4726 1810 4775 Εὑ-

237 4819 462 4887 ρὼπην,
485 4815 618 4866 ἄλλα
645 4831 702 4865 τε
735 4814 828 4866 καὶ
860 4814 952 4866 ἐπὶ
983 4813 1277 4883 Ἰλλυριοὺς
1303 4817 1397 4868 καὶ
1441 4816 1693 4879 Παίονας,
1720 4820 1809 4870 καὶ

235 4913 334 4962 ἐπὶ
368 4909 773 4976 Πελοπόννησον
802 4907 1257 4976 στρατευσαμένῳ
1286 4923 1301 4937 ο
1340 4908 1566 4960 πλεῖστα
1601 4910 1656 4961 δὲ
1711 4911 1806 4963 τοῦ

234 5004 435 5068 γένους
474 4999 664 5050 τούτου
718 4997 807 5048 ἐπὶ
859 4998 1191 5066 στρατηγίας
1240 4998 1658 5068 καθισταμένου,
1711 5004 1806 5054 σὺν

233 5097 353 5153 τοῖς
382 5091 646 5160 Εὐρώπης
683 5089 1058 5157 ἱπποδρόμοις,
1092 5089 1232 5142 ὥστε
1267 5090 1415 5160 αὑτῷ
1443 5093 1638 5144 αὐτίκα
1680 5095 1805 5145 ἐπο-

239 5188 461 5255 μένους,
496 5185 612 5234 ὅποι
648 5183 711 5233 ἂν
742 5182 988 5250 ἐξηγοῖτο
1017 5181 1388 5250 ἀπσςέρεσθαι
1418 5185 1579 5253 κέρδη
1608 5185 1682 5247 ὡς
1709 5189 1804 5253 μέ-

234 5293 423 5344 γιστα.
465 5275 572 5326 Καὶ
593 5275 683 5325 ἐπὶ
712 5275 818 5324 τῶν
854 5273 1082 5325 Ἐνετῶν
1116 5274 1298 5342 χώραν
1329 5275 1682 5343 ἀφικόμενον,
1711 5280 1802 5328 καὶ

233 5365 771 5438 ἀνδραποδισάμενοι)
793 5364 892 5433 τὴν
925 5363 1132 5432 χώραν,
1179 5363 1485 5431 ἀνδράποδα
1522 5364 1801 5432 ἀπαγαγό-

237 5479 428 5530 μενον,
461 5458 744 5510 πλουτίσαι
800 5457 924 5518 τοὺς
976 5455 1342 5523 ἐφεπομένους
1379 5454 1656 5522 Τούρκων,
1707 5460 1800 5509 καὶ

235 5556 383 5621 μέγα
425 5549 636 5611 ὀλϐίους
687 5547 1064 5601 ἀποδεικνύναι
1103 5547 1177 5610 ὡς
1210 5548 1268 5599 ἐν
1299 5547 1508 5617 βραχεῖ.
1546 5550 1701 5603 Ἐστι
1748 5552 1803 5603 δὲ

231 5649 332 5696 καὶ
362 5641 762 5713 ᾠκοδομημένα
794 5641 896 5692 ἀνὰ
926 5639 1026 5709 τὴν
1071 5638 1340 5708 Εὐρώπην
1372 5641 1656 5710 ἅπανταχῆ
1706 5643 1805 5695 οὐκ

226 5737 395 5797 ὀλίγα
431 5732 672 5803 Βρενέζῃ
700 5734 1064 5802 πεποιημένα,
1114 5730 1254 5782 ὥστε
1289 5730 1363 5793 ὡς
1399 5731 1718 5801 μνημόσυνα
1749 5737 1804 5796 ἐς

225 5847 361 5888 τους
419 5824 870 5894 ἐπιγιγνομένους
921 5822 1263 5878 καταλιπεῖν.
1320 5822 1589 5892 ’Ὕστερον
1620 5824 1802 5891 μέντοι

1913 4701 2121 4765 signata
2185 4717 2348 4772 Opera
2394 4705 2624 4771 plurima
2678 4719 2975 4763 memoratu
3021 4711 3223 4782 digna:
3263 4715 3494 4784 plurima

1913 4810 2128 4862 quoque
2149 4799 2362 4864 egregia
2387 4796 2524 4851 facta
2549 4797 2873 4867 Turcorum,
2899 4818 3022 4856 cum
3065 4804 3293 4876 Europae
3335 4809 3494 4877 equi-

1912 4891 2058 4943 tibus
2095 4892 2329 4958 adjuncti
2353 4894 2619 4961 stipendia
2661 4895 2920 4960 facerent,
2947 4903 3179 4957 maxime
3215 4905 3497 4959 celebran-

1909 4988 2015 5031 tur.
2040 4979 2169 5032 Cum
2218 4983 2362 5034 enim
2417 4984 2649 5050 expediti
2697 4996 3059 5053 sequerentur
3121 4990 3491 5060 quodcunque

1907 5073 2011 5123 dux
2065 5071 2324 5134 duxisset,
2387 5076 2670 5129 commoda
2720 5078 2947 5146 plurima
3002 5084 3368 5148 reportabant.
3422 5083 3496 5144 Et,

1903 5177 2025 5215 cum
2061 5165 2246 5217 eodem
2270 5165 2791 5222 duceincursionem
2842 5171 3100 5226 fecissent
3154 5176 3207 5227 in
3265 5174 3493 5230 Veneto-

1901 5269 2020 5306 rum
2063 5257 2332 5325 regionem
2365 5259 2543 5323 Turci,
2578 5277 2768 5327 magna
2799 5267 2973 5331 prreda
3027 5269 3303 5321 berninum
3357 5271 3494 5323 alia-

1901 5364 2129 5417 rumque
2173 5367 2352 5404 rerum
2422 5354 2610 5406 abacta
2646 5395 2659 5417 ,
2713 5357 3004 5410 admodum
3053 5360 3291 5427 opulenti
3363 5358 3490 5416 facti

1902 5453 2046 5494 sunt.
2081 5441 2426 5510 ltaquebaud
2483 5448 2688 5502 modica
2715 5448 2939 5503 aedilicia
2963 5467 2992 5502 a
3043 5450 3345 5507 Brenezein
3387 5457 3493 5508 Eu-

1917 5547 2047 5600 τι)νῆ
2121 5547 2252 5587 sunt
2333 5539 2602 5605 excitata,
2658 5550 2715 5594 ut
2763 5527 2998 5610 posteris
3081 5556 3490 5601 monumentum

1915 5635 2108 5689 forent.
2139 5627 2329 5682 Postea
2354 5639 2530 5684 autem
2587 5647 2712 5686 cum
2738 5636 2926 5688 relicto
2972 5636 3118 5692 Mose
3144 5639 3210 5691 ad
3267 5639 3491 5694 fratrem

1911 5715 2028 5781 ejus
2064 5720 2393 5783 transiisset,
2431 5722 2831 5790 imperatoriam
2855 5726 3171 5796 dignitatem
3192 5730 3317 5783 li'liis
3367 5745 3495 5784 con-

1911 5810 2093 5862 cessit.
2126 5809 2259 5866 llinc
2287 5828 2408 5868 cum
2441 5814 2691 5872 Bi'enezis
2722 5817 2813 5872 filii
2853 5817 3033 5888 Jesus,
3065 5822 3176 5891 (5i)
3223 5821 3502 5879 Baraucus

1521 5918 1765 5979 Notulae
1804 5926 2215 6002 marginales.

315 6024 425 6092 (Si)
464 6023 647 6080 Jusuc.
