4190 6434
715 369 821 433 223
1874 364 2190 424 LAONICI
2228 364 2903 427 CHALCOCONDYLE
3854 358 3959 422 224

718 494 839 530 sum
864 493 895 531 a
920 475 1030 530 lilio
1055 476 1344 529 sentiebat.
1366 473 1499 528 Nam
1525 476 1786 529 censebat
1840 476 2111 531 fcerierum
2162 477 2289 531 reli-

2397 479 2484 540 ὗες
2515 479 2763 547 πάρεισι.
2802 477 2911 530 Καὶ
2937 475 3097 528 τοῦτο
3148 475 3331 545 μέντοι
3362 474 3748 543 ἀναμιξιλόγως
3780 474 3900 542 ἕχον
3917 476 3958 536 ⁸,

714 574 927 637 giouem
961 582 1059 621 nec
1086 567 1480 631 temerandam,
1524 584 1625 621 nec
1669 568 1973 621 violandam
2017 585 2181 624 esse:
2230 579 2287 624 et

714 660 805 726 qui
836 658 884 711 id
914 656 1158 719 fecisset.
1195 658 1355 727 119
1383 658 1515 711 nihil
1541 660 1730 713 bouici
1769 676 2004 726 unquam
2058 670 2287 713 eventu-

714 764 833 803 rum
860 767 874 803 :
908 764 1008 803 nec
1029 750 1326 818 quidquam
1357 751 1664 819 prohibere,
1697 752 1997 819 quominus
2031 768 2156 806 cum
2196 768 2285 806 er-

716 852 835 896 ran
856 858 958 897 suo
984 849 1167 911 pereat
1201 845 1435 911 penitus.
1482 840 1682 897 Verum
1746 845 1857 897 haec
1914 845 1965 897 in
2012 844 2284 899 delibera-

2397 847 2650 916 μέγισεον
2680 846 3037 916 παρέχεσθαι.

719 934 924 990 tionem
959 936 1316 1005 proponenda
1342 952 1467 990 esse
1497 937 1571 1001 ei,
1599 937 1690 1002 qui
1724 936 1991 991 deliberet
2049 937 2160 990 utri
2227 939 2371 1005 parti
2433 940 2504 992 sit
2558 939 2986 995 adbzerendnm:
3038 938 3107 992 ab
3168 938 3269 993 bac
3322 946 3477 1007 parte
3529 938 3779 992 locantur
3829 952 3959 1003 οιιοις

722 1028 874 1093 regni
904 1037 956 1081 et
981 1029 1393 1097 peregrinorum
1447 1030 1677 1083 militum
1739 1033 1943 1093 robur;
1998 1032 2066 1086 ab
2092 1033 2284 1096 altera,
2322 1048 2443 1102 qua:
2467 1033 2629 1087 modo
2657 1034 2917 1097 diximus,
2978 1044 3274 1103 ponantur.
3336 1032 3430 1087 llla
3477 1033 3696 1102 quidem
3747 1032 3962 1085 dubiam

2393 570 2666 637 ἐμπεδοῦν
2690 570 2899 636 Ergach
2946 569 3045 638 τὴν
3102 568 3338 635 αἰρεσιν,
3401 569 3596 637 ἥντινα
3645 568 3711 619 ἂν
3767 568 3961 620 ἕλοιτο.

2405 663 2619 714 Ἐκεῖνα
2645 661 2781 715 δἀὖ
2822 662 3142 729 ἐνδοιασμδν
3171 660 3545 731 παρεχόμενα,
3584 661 3707 713 ὅποι
3760 679 3819 712 τε
3870 663 3963 713 καὶ

2391 747 2549 825 ﬁtﬁt
2582 756 2674 824 τὴν
2708 754 2989 823 βασιλείαν
3054 754 3326 822 ﬁtP-Immo,
3376 754 3622 806 κίνδυνον
3669 753 3819 821 σφίσι
3872 755 3963 805 τὸν

718 1121 928 1174 faciunt
953 1124 1298 1177 electionem.

792 1216 917 1271 llaec
948 1220 1111 1271 etiam
1140 1218 1557 1289 ambiguitatem
1580 1221 1848 1287 inferunt,
1868 1222 1996 1277 dum
2020 1223 2291 1291 cogitaret

716 1326 822 1376 qua
853 1322 903 1364 et
927 1313 1201 1380 quomodo
1234 1330 1464 1385 regnum
1502 1317 1606 1370 sibi
1631 1316 1947 1383 subjireret,
1984 1327 2039 1369 et
2063 1316 2283 1370 interim

717 1403 1034 1457 Graecorum
1084 1408 1256 1461 resin
1302 1422 1578 1461 summum
1622 1409 1918 1464 adduceret
1958 1408 2285 1462 discrimen.

721 1496 776 1548 lu
813 1498 956 1549 hunc
992 1499 1214 1551 modum
1252 1499 1317 1551 ad
1369 1509 1665 1569 utramque
1708 1512 1918 1567 partem
1968 1501 2283 1556 Grecorum

718 1590 884 1642 animi
944 1593 1381 1661 propenilebaut.
1418 1591 1564 1647 Vicit
1604 1605 1784 1648 tamen
1822 1596 2126 1659 sententia,‘
2166 1610 2287 1665 qua:

711 1681 938 1748 jubebat
965 1700 1142 1751 regem
1164 1686 1444 1753 juvenem,
1473 1687 1565 1756 qui
1594 1704 1777 1741 rerum
1803 1697 1918 1741 tum
1951 1689 2285 1758 potiebatur,

716 1777 869 1843 sequi
898 1792 1234 1846 quocunque
1270 1778 1545 1833 duxisset.
1579 1779 1818 1835 Proinde
1847 1781 2287 1851 adjungehantur

718 1866 1018 1937 Mustapltm
1062 1870 1198 1938 (55),
1265 1886 1508 1941 eumque
1578 1888 1759 1940 regem
1819 1876 2286 1943 pronuntiarunt:

716 1960 818 2015 hac
868 1971 1045 2016 tamen
1083 1964 1424 2032 conditione,
1469 1974 1527 2019 ut
1557 1966 1867 2037 Callipolim
1905 1970 2164 2022 amissam
2201 1984 2290 2022 re-

715 2055 980 2121 ciperent.
1018 2055 1113 2110 llis
1148 2058 1218 2109 ita
1252 2059 1517 2123 decretis,
1558 2062 1736 2131 copiis
1768 2062 2063 2117 navalibus
2092 2062 2287 2126 imple-

715 2161 845 2199 vere
878 2164 1063 2212 naves,
1090 2150 1290 2218 quibus
1326 2151 1638 2208 instructus
1662 2169 1753 2207 rex
1778 2154 1929 2208 venit
1949 2154 2287 2225 Callipolim.

712 2237 849 2293 Cum
900 2251 1080 2295 autem
1123 2243 1367 2297 nondum
1420 2261 1485 2300 eo
1542 2247 1857 2302 advenisset
1905 2246 2227 2319 Mustapbas
2259 2265 2289 2303 e

718 2330 943 2397 Lemno,
999 2334 1191 2390 volens
1244 2337 1359 2406 ipse
1417 2337 1641 2392 interim
1701 2339 1904 2407 aliquid
1953 2356 2117 2411 agere
2144 2343 2288 2413 quod

717 2424 1020 2490 pertineret
1054 2426 1120 2479 ad
1153 2443 1384 2499 regnum
1416 2430 1673 2502 Europae,
1702 2432 2007 2502 Callipolim
2035 2433 2291 2491 obsidere

716 2516 934 2571 statuit.
966 2518 1171 2572 Aderat
1201 2530 1254 2574 et
1286 2520 1547 2576 Zunaites
1583 2523 1833 2595 Smyrna:
1865 2527 2142 2596 princeps,
2170 2526 2289 2581 Mu-

718 2611 927 2678 staphte
961 2610 1336 2667 familiaritate
1354 2614 1610 2684 junctus.
1659 2616 1830 2671 Porro
1871 2619 2123 2673 dicebant
2152 2618 2293 2673 Tur-

717 2705 821 2765 ris,
845 2704 935 2773 qui
970 2717 1364 2776 convenerant,
1394 2706 1742 2778 Mustapham
1778 2710 1931 2765 brevi
1966 2710 2290 2768 atl’utnrum.

715 2794 1123 2865 Oppugnabant
1177 2814 1358 2854 arcem
1400 2801 1687 2871 Callipolis
1740 2821 1755 2856 :
1811 2818 1913 2856 nec
1951 2804 2121 2858 multo
2168 2813 2292 2874 post

718 2886 929 2941 dedidit
977 2905 1037 2943 se
1071 2888 1384 2945 advenienti
1432 2890 1740 2961 Mustaphae
1775 2893 2161 2949 Chersonesus
2194 2914 2208 2948 :
2238 2902 2292 2947 et

720 2980 867 3033 illico
934 2998 1058 3035 eum
1119 2999 1299 3051 regem
1368 2986 1777 3052 consalutavit,
1843 2998 1895 3041 et
1961 3002 2292 3055 quocunque

720 3072 1001 3134 duxisset,
1064 3076 1473 3146 promptissime
1524 3079 1919 3146 sequebantur.
1977 3078 2285 3148 Callipolim

2463 1222 2648 1275 ταῦτα
2681 1222 2868 1293 μέντοι
2915 1223 3030 1285 τοῖς
3064 1221 3327 1292 Ἕλλησιν
3364 1224 3454 1276 ἐπ’
3492 1223 3785 1292 ἀμφότερα
3816 1240 3968 1291 γινο-

2394 1325 2576 1391 μένοις
2617 1324 2737 1383 sui;
2792 1319 3060 1391 γνώμαις,
3112 1319 3210 1373 ᾶτε
3258 1318 3354 1371 τοῦ
3407 1317 3531 1370 νέου
3589 1316 3858 1386 βασιλέως
3904 1317 3966 1369 τὸ

2390 1415 2591 1481 κράτος
2623 1414 2858 1484 ἔχοντος,
2887 1416 3008 1467 τότε
3034 1413 3145 1465 τῶν
3184 1412 3457 1482 Ἐλλήνων
3485 1410 3658 1482 ταύτῃ
3676 1413 3741 1478 τῇ
3768 1409 3965 1479 γνώμῃ

2393 1508 2655 1561 ἐτίθεντοο
2689 1510 2783 1560 καὶ
2812 1509 3133 1577 αἱρούμενοι
3170 1508 3239 1560 τὰ
3270 1506 3599 1575 πράγματα,
3690 1503 3964 1571 ἐξηγεῖτο,

2391 1602 2485 1654 ἐπὶ
2510 1602 2607 1669 τὴν
2636 1602 2941 1668 Μουσταφᾶ
2974 1601 3275 1670 ἐτράποντο
3311 1599 3497 1669 τύχην,
3527 1598 3668 1651 ὥστε
3704 1596 3967 1650 καθιστά-

2394 1711 2483 1745 ναι
2526 1693 2689 1745 αὑτὸν
2741 1693 2987 1761 βασιλέα,
3041 1691 3139 1744 καὶ
3179 1692 3278 1760 τὴν
3320 1688 3719 1743 Καλλιούπολιν
3779 1690 3967 1756 σφίσιν

2392 1779 2764 1839 ἀποδίδοσθαι,
2814 1780 2953 1832 ὥστε
3003 1780 3175 1834 ταῦτα
3226 1780 3491 1845 ὲδέδοκτο,
3544 1781 3639 1833 καὶ
3690 1779 3966 1849 ἐπλήρουν

2390 1874 2490 1935 τὰς
2518 1872 2670 1935 ναῦς.
2698 1871 2954 1939 ’Διρίκετο
2982 1867 3083 1926 οὖν
3107 1875 3134 1925 ὁ
3158 1871 3414 1941 βασιλεὺς
3446 1871 3537 1926 ἐπὶ
3568 1872 3667 1943 τὴν
3699 1872 3966 1925 [(1)0405-

2391 1963 2571 2025 τολιν.
2605 1965 2697 2015 καὶ
2727 1964 2802 2026 ὡς
2832 1964 2985 2017 οὐδὲν
3002 1963 3336 2033 παρεγένετο
3366 1963 3473 2015 ἀπὸ
3497 1963 3720 2031 Λήμνου
3753 1964 3778 2017 ὁ
3812 1964 3965 2017 Μου-

2392 2057 2625 2126 σταφᾶς,
2654 2057 3034 2127 προαγόμενος
3064 2056 3334 2126 πράσσειν
3364 2073 3414 2107 τι
3447 2056 3503 2117 ἐς
3526 2054 3626 2125 τὴν
3655 2055 3831 2124 ἀρχὴν
3862 2054 3965 2123 τῆς

2389 2149 2685 2220 Εὐρώπης,
2715 2150 2808 2202 καὶ
2839 2151 3151 2219 πολιορκεῖν
3180 2149 3279 2219 τὴν
3309 2146 3709 2202 Καλλιούπολιν
3739 2150 3970 2201 Ζουναῖ-

2388 2262 2491 2313 την
2522 2246 2616 2297 τδν
2647 2247 2746 2313 τῆς
2798 2243 3053 2314 Σμύρνης
3102 2244 3363 2314 ἄρχοντα,
3420 2243 3669 2320 παρόντα
3716 2244 3779 2313 δὴ
3842 2242 3967 2295 τότε

2392 2337 2596 2402 σφισιν,
2618 2337 2711 2390 ἅτε
2742 2338 2956 2404 ἑταῖρον
2980 2338 3113 2390 ὄντα
3138 2335 3234 2389 τοῦ
3264 2337 3593 2405 Μουσταφᾶ,
3618 2336 3690 2399 ὡς
3721 2352 3965 2407 παρεσο-

2394 2429 2556 2500 μένου
2608 2428 2673 2499 δὴ
2727 2430 2927 2482 αὖτὲκα
2982 2430 3261 2494 κάκείνου,
3317 2428 3789 2494 ἐξεπιδεπκνύντες
3850 2428 3969 2488 τοῖς

2392 2520 2682 2591 Τούρκοις,
2737 2521 3090 2589 ἐπολιόρκουν
3134 2522 3231 2590 τὴν
3280 2522 3455 2591 ἄκραν
3480 2520 3579 2590 τῆς
3615 2519 3965 2573 Καλλιουπό-

2390 2614 2548 2676 λειος.
2583 2613 2718 2667 Μετ’
2748 2615 2808 2665 οὐ
2846 2615 3017 2667 πολὺν
3069 2614 3125 2666 δὲ
3169 2614 3360 2684 χρόνον
3405 2614 3738 2683 παρεγένετό
3780 2631 3839 2666 τε
3875 2614 3974 2665 rei.

2392 2706 2557 2768 αὐτὸς
2616 2707 2977 2774 Μουσταφᾶς,
3038 2722 3134 2757 και
3185 2706 3252 2758 τά
3298 2724 3356 2758 τε
3409 2708 3555 2777 ἄκρα
3604 2708 3701 2772 τῆς
3751 2706 3969 2766 πόλεως

2395 2797 2818 2866 προσεχώρησεν
2847 2797 3017 2868 αὐτῷ.
3048 2797 3160 2851 Καὶ
3191 2798 3223 2869 ἡ
3255 2798 3601 2869 Χερρόνησος
3630 2798 3830 2851 αὐτίκα
3857 2798 3973 2850 ἐδέ-

2394 2890 2522 2956 ξατο
2556 2889 2811 2959 βασιλέα,
2843 2893 2936 2943 καὶ
2970 2890 3155 2944 εἵπετο
3185 2891 3319 2943 ὅπου
3351 2891 3613 2959 ἐξηγεῖτο.
3644 2888 3755 2958 Τὴν
3780 2890 3970 2954 μέντοι

2394 2982 2792 3037 Καλλιούπολιν
2837 2985 2865 3033 ὁ
2915 2982 3187 3050 Ἐλλήνων
3236 2982 3496 3051 βασιλεὺς
3537 2982 3689 3049 ὴξῖου
3718 2982 3973 3033 ἀποδίδο-

2395 3078 2544 3131 σθαι.
2586 3077 2644 3129 '0
2668 3076 2749 3140 δὲ,
2781 3078 3005 3145 ἕτοιμος
3054 3077 3155 3144 μὲν
3199 3072 3343 3128 εἶναι
3387 3074 3712 3147 ἀποδώσειν,
3760 3075 3854 3127 καὶ
3894 3072 3971 3142 μὴ

720 3168 825 3219 sibi
886 3166 1025 3219 tradi
1079 3169 1389 3235 postulabat
1436 3170 1754 3225 Graecorum
1807 3187 1925 3224 rex.
1976 3168 2291 3239 Mustaphas

2397 3171 2738 3234 ἀντιτείνειν,
2761 3171 2888 3233 τοὺς
2916 3170 3101 3238 μέντοι
3122 3167 3397 3239 Τούρκους
3421 3167 3677 3237 χαλεπῶς
3698 3184 3754 3218 τε
3774 3167 3973 3227 οἴσειν,

718 3267 950 3326 paratus
988 3266 1109 3313 erat
1149 3275 1269 3314 eam
1311 3260 1463 3324 dare,
1498 3275 1603 3315 nec
1652 3261 1916 3314 abnuere.
1956 3259 2124 3314 Turci
2176 3275 2289 3315 rem

2397 3264 2482 3316 καὶ
2513 3264 2667 3332 σφίσι
2706 3262 2782 3333 μὴ
2826 3263 2885 3315 ἐν
2933 3261 3104 3330 καλῷ,
3148 3259 3299 3313 οὔπω
3347 3260 3427 3313 ἔτι
3494 3259 3975 3329 κατειργασμένης

721 3353 879 3406 istam
934 3352 1143 3423 iniquis
1209 3353 1561 3422 patiebantur
1619 3354 1840 3418 animis,
1904 3369 2029 3408 cum
2095 3368 2289 3425 parum

722 3448 1014 3500 honestum
1050 3445 1155 3502 sibi
1202 3445 1323 3502 fore
1367 3447 1798 3512 arbitrarentur,
1838 3462 2005 3517 regno
2051 3447 2293 3501 nondum

722 3540 858 3595 satis
882 3539 1121 3601 ﬁrmato.
1146 3543 1337 3596 urbem
1366 3540 1524 3595 talem
1548 3539 1755 3595 Graecis
1776 3541 2003 3595 donare.
2027 3538 2296 3595 Praeterea

722 3632 775 3685 in
804 3634 971 3687 dubio
1007 3633 1187 3689 adhuc
1220 3648 1365 3694 esse.
1406 3648 1533 3689 cum
1582 3649 1808 3703 regnum
1861 3633 2103 3688 nondum
2155 3633 2295 3687 satis

721 3726 794 3779 sit
826 3727 1119 3791 munitum,
1166 3743 1406 3795 quonam
1442 3744 1532 3783 res
1562 3739 1840 3797 eruptura:
1885 3729 2018 3790 sint,
2073 3728 2304 3796 pollice-

2390 3360 2492 3427 τῆς
2542 3356 2739 3426 ἀρχῆς,
2794 3355 3117 3408 ἀποϐαίνειν
3160 3354 3229 3407 τὰ
3280 3357 3601 3423 πράγματα.
3668 3353 3978 3421 ’Υπὲσχετο

2399 3450 2584 3521 μέντοι
2620 3449 2842 3502 ἐπειδὰν
2873 3451 2933 3510 ἐς
2970 3448 3068 3517 τὴν
3106 3448 3282 3516 ἀρχὴν
3331 3446 3744 3515 παραγένηται,
3778 3446 3882 3512 τήν
3916 3460 3976 3496 τε

2397 3545 2554 3597 πόλιν
2601 3543 2935 3606 ἀποδιδόναι,
2977 3542 3073 3594 καὶ
3112 3543 3167 3593 ετ
3194 3559 3248 3593 τι
3293 3541 3421 3595 ἄλλο
3452 3539 3759 3607 ἐπιτήδειον
3786 3538 3979 3598 αὐτοῖς

2395 3635 2673 3688 clavam"
2709 3633 2930 3686 ἔσεσθαι
2958 3672 2974 3697 ,
3027 3633 3165 3702 μήτε
3211 3630 3302 3683 τοῦ
3348 3629 3538 3683 λοιποῦ
3584 3631 3649 3683 ἂν
3707 3629 3978 3697 στερῆσαι

2399 3724 2601 3788 αὐτούς
2631 3741 2789 3777 ποτε.

722 3821 904 3875 batur.
942 3820 1127 3892 Itaque
1146 3823 1351 3878 Grmcis
1386 3838 1502 3888 rex,
1524 3838 1650 3877 cum
1678 3825 1731 3877 in
1761 3838 1988 3893 regnum
2017 3826 2286 3886 venisset.
2328 3838 2386 3879 se
2412 3822 2551 3892 ipsis
2578 3821 2910 3876 traditurum
2942 3818 3249 3890 Callipolim
3278 3836 3293 3873 :
3319 3827 3584 3890 praeterea
3652 3819 3699 3875 si
3767 3819 3980 3889 aliquid

720 3915 889 3978 aliud,
920 3916 1066 3984 quod
1095 3917 1199 3970 sibi
1230 3916 1362 3971 utile
1394 3916 1512 3971 {ore
1548 3925 1828 3987 putarent,
1858 3918 2285 3989 postulaverint,
2319 3931 2416 3973 eos
2452 3930 2620 3987 porro
2648 3916 2793 3969 haud
2827 3914 3103 3984 repulsam
3134 3929 3420 3985 passuros.

791 4008 1000 4065 Graecis
1033 4008 1084 4063 in
1135 4012 1282 4064 hunc
1310 4010 1532 4065 modum
1568 4010 1873 4079 persuasis.
1904 4021 2053 4066 recta
2093 4011 2149 4065 in
2179 4009 2293 4064 Eu-

722 4114 910 4166 ropam
967 4100 1301 4178 contendit:
1337 4115 1497 4170 quem
1547 4103 1927 4157 advenientem
1982 4117 2177 4157 omnes
2233 4110 2295 4154 ut

726 4210 906 4263 regem
965 4204 1020 4248 et
1068 4193 1333 4263 Pajazitis
1390 4195 1557 4249 lilium
1615 4196 2002 4265 excipiebant,
2064 4180 2297 4266 ejusque

723 4287 956 4355 imperio
1000 4302 1061 4341 se
1105 4288 1528 4344 suhmiltebant.
1560 4288 1698 4343 Cum
1737 4289 2012 4361 Pajazites
2037 4302 2296 4359 comper-

723 4390 838 4432 tum
894 4380 1122 4435 haberet
1187 4380 1532 4449 Mustapham
1590 4380 2007 4449 Adrianopolim
2065 4396 2296 4451 pergere

722 4474 939 4543 (urbem
972 4472 1118 4528 enim
1151 4473 1314 4527 istam
1347 4474 1576 4543 regebat
1618 4473 1779 4541 jussu
1828 4472 2167 4539 Mechmetis,
2200 4473 2296 4543 qui

725 4568 966 4621 moriens
995 4566 1045 4619 id
1073 4568 1122 4621 ei
1153 4566 1484 4635 mandarat)
1529 4567 1779 4622 exercitu
1812 4582 1876 4621 ex
1927 4566 2142 4636 Europa
2167 4581 2300 4620 con-

2475 4008 2683 4071 Πεισας
2714 4008 2815 4076 μὲν
2857 4006 2951 4060 οὖν
2982 4007 3101 4059 τότε
3136 4008 3262 4069 τοὺς
3301 4006 3593 4075 Ἕλληνας,
3640 4005 3875 4076 ἤλαυνεν
3924 4008 3983 4069 ἐς

2400 4101 2465 4153 τὸ
2497 4101 2691 4170 πρόσω
2723 4099 2825 4167 τῆς
2870 4099 3165 4170 Εὐρώπης,
3218 4099 3314 4152 καὶ
3346 4098 3685 4170 προσεχώρει
3719 4116 3779 4151 τε
3828 4101 3983 4168 αὑτῷ

2403 4193 2722 4263 ξύμπαντα,
2749 4192 2827 4255 ὡς
2862 4191 3077 4262 βασιλεῖ
3096 4210 3154 4245 τε
3183 4191 3295 4244 ὄντι
3322 4191 3494 4258 σφῶν,
3527 4190 3624 4244 καὶ
3654 4191 3984 4262 Παιαζήτεω

2403 4289 2561 4342 παιδὶ
2594 4287 2897 4357 γενομένῳ.
2920 4286 3078 4339 Ἐπεὶ
3105 4289 3162 4340 δὲ
3183 4286 3503 4357 Παιαζήτης
3529 4285 3729 4357 ᾔσθετο
3753 4286 3983 4339 ἐπιόντα

2403 4378 3015 4447 ἐπὶῚΔδριανούπολιν,
3069 4380 3402 4449 ἐπετρόπευε
3457 4377 3515 4430 δὲ
3567 4377 3669 4446 τῆς
3731 4378 3981 4441 πόλεως,

2403 4468 2795 4538 καταλειφθεὶς
2829 4468 2935 4522 ὑπὸ
2982 4470 3292 4539 Μεχμὲτεω
3341 4469 3606 4539 βασιλέως
3636 4470 3727 4521 ἐπὶ
3776 4473 3842 4540 τῇ
3898 4487 3986 4521 τε-

2404 4564 2563 4634 λευτῇ
2595 4563 2784 4627 αὑτοῦ,
2834 4563 3130 4633 συνήγειρε
3185 4580 3244 4615 τε
3297 4564 3359 4615 τὸ
3400 4562 3507 4615 ἀπὺ
3555 4562 3656 4630 τῆς
3709 4561 3986 4632 Εὐρώπης

724 4668 968 4730 gregato,
994 4660 1211 4714 obviam
1241 4661 1509 4729 processit
1538 4659 1841 4730 Mustapha:
1862 4675 2024 4728 quam
2052 4661 2292 4729 proxime

2400 4655 2735 4725 στράτευμα,
2791 4658 2885 4707 καὶ
2934 4657 3147 4724 ὑπήντα
3182 4655 3260 4724 τῷ
3302 4655 3612 4722 Μουσταφᾷ
3660 4654 3835 4722 ἀγχοῦ
3882 4656 3987 4721 τῆς

725 4753 1163 4823 Adriauopolitn,
1183 4753 1339 4821 quasi
1364 4760 1713 4822 pugnaturus
1739 4768 1752 4804 :
1781 4767 1881 4806 nec
1902 4753 2295 4821 permissurus,

727 4848 771 4901 si
809 4854 974 4900 tantae
1009 4847 1155 4901 vires
1199 4847 1452 4910 fuissent,
1493 4863 1620 4902 eum
1672 4847 1724 4900 in
1770 4846 1922 4915 regni
1955 4847 2139 4901 sedem
2172 4860 2301 4912 pro-

727 4939 942 4993 cedere.
977 4938 1113 4992 Cum
1160 4937 1480 5005 Mustapha‘s
1531 4939 1749 5006 agmine
1800 4939 2111 5007 composito
2147 4952 2301 4992 acce-

730 5030 904 5092 deret,
939 5027 1105 5083 Turci
1132 5027 1423 5084 confestim
1452 5030 1613 5099 120
1643 5044 1835 5083 omnes
1861 5028 1928 5083 ad
1956 5028 2299 5097 Mustapham

732 5122 1115 5175 transitionem
1155 5120 1385 5187 faciunt,
1440 5136 1678 5192 eumque
1712 5130 1771 5176 ut
1818 5137 1997 5191 regem
2044 5120 2298 5176 adorant.

730 5214 997 5268 Prmterea
1028 5211 1301 5285 Pajazites
1323 5215 1651 5283 provolutus
1678 5214 1743 5269 ad
1770 5208 1947 5285 genua
1977 5213 2298 5281 Mustaphae,

729 5322 855 5360 eum
901 5316 959 5360 ut
1007 5323 1191 5377 regem
1248 5307 1498 5361 adoravit
1533 5325 1547 5361 :
1582 5322 1782 5376 resque
1829 5306 2004 5360 eidem
2051 5306 2300 5367 tradidit,

733 5408 790 5452 ut
816 5412 915 5467 pro
945 5412 1047 5453 suo
1080 5399 1311 5455 arbitrio
1348 5409 1559 5467 ageret.
1606 5399 1765 5452 Hunc
1813 5398 2078 5452 continuo
2122 5398 2304 5451 necari

2419 4747 2942 4818 Ἀδριανουπόλεως,
2986 4747 3061 4808 ὡς
3109 4748 3197 4800 διὰ
3235 4746 3417 4817 μάχης
3467 4746 3850 4815 ὲλευσόμενος.
3889 4748 3986 4798 καὶ

2405 4843 2741 4912 ἐπιτρέπων,
2777 4841 2845 4910 ἢν
2873 4840 3117 4904 δύναιτο,
3176 4839 3269 4893 ἐπὶ
3327 4845 3397 4892 τὰ
3441 4839 3515 4910 μὴ
3574 4837 3829 4905 βασίλεια
3883 4853 3988 4889 πο-

2410 4935 2682 5004 ρεύεσθαι.
2728 4934 2819 4996 Ὠς
2848 4934 3032 5003 μέντοι
3068 4932 3470 5000 συνταξάμενος
3498 4930 3692 5000 ἐπῄει,
3726 4930 3777 4982 οἱ
3808 4928 3986 4999 Toup-

2410 5042 2497 5077 κοι
2526 5021 2619 5078 οὖν
2657 5026 2857 5079 αὐτίκα
2885 5025 3057 5096 ᾔεσαν
3086 5024 3203 5093 ἅμα
3240 5025 3444 5085 πάντες
3475 5023 3565 5075 ἐπὶ
3593 5025 3686 5075 τὸν
3729 5022 3988 5075 Μουστα-

2410 5118 2538 5186 φᾶν,
2571 5117 2666 5169 καὶ
2721 5116 3093 5187 προσεκύνουν
3147 5109 3512 5187 ὡςαβασιλέα.
3566 5114 3674 5167 Καὶ
3729 5113 3895 5176 αὐτὸς
3926 5131 3985 5165 τε

2412 5209 2729 5277 Παιαζήτης
2761 5209 3159 5278 προσεκύνησε,
3193 5208 3290 5261 καὶ
3332 5207 3400 5261 τὰ
3432 5208 3733 5279 πράγματα
3764 5207 3987 5278 παρεδί-

2410 5301 2502 5353 δου
2530 5299 2607 5369 τῷ
2644 5301 2972 5371 Μουσταφᾷ,
2998 5301 3233 5371 χρῆσθαι
3262 5300 3447 5361 αὐτοῖς
3480 5300 3508 5352 ὅ
3536 5317 3590 5352 τι
3620 5299 3689 5354 ἂν
3716 5298 3984 5369 βούλοιτο.

2415 5389 2619 5444 Τοῦτον
2660 5391 2761 5462 μὲν
2790 5390 2887 5447 οὖν
2929 5392 3134 5458 λαϐὼν,
3190 5392 3389 5447 αὐτίκα
3429 5391 3592 5448 αὑτοῦ
3627 5392 3985 5466 διεχρήσατο,

2035 5510 2278 5572 Νοιυιω
2300 5506 2730 5588 marginales.

803 5631 915 5702 (33)
950 5627 1248 5703 Mustaplta:
1277 5634 1653 5706 adjunguutur
1698 5631 1896 5698 Graeci,
1950 5633 2120 5703 (itque
2166 5647 2257 5686 rex
2296 5631 2641 5689 undecimus.

807 5812 1035 5887 ⁸εῐχων.
1074 5814 1136 5871 R.
1174 5825 1227 5872 ut
1258 5817 1307 5872 in
1342 5835 1387 5872 ε.
1467 5818 1580 5851 ¹⁰·¹³
1619 5816 1703 5872 ΑΙ.
1738 5816 1920 5871 οἴοιτο.
1959 5815 2046 5871 Sic
2079 5816 2238 5869 etiam
2270 5813 2336 5871 Ιί.
