4190 6434
193 347 289 411 225

193 463 274 516 καὶ
300 459 639 524 ἀπελαύνων,
673 463 768 529 τήν
800 477 857 512 τε
904 460 1056 512 πόλιν
1097 458 1246 527 ἔσχε,
1285 460 1380 509 καὶ
1412 457 1503 508 ἐπὶ
1539 456 1608 508 τὰ
1637 454 1734 524 βα-
1764 456 1806 511 Δ
1839 452 1998 518 iussit
2044 471 2057 506 :

193 553 354 605 σίλεια
408 553 760 620 παρεγένετο.
826 552 981 605 Μετά
1027 551 1083 602 δὲ
1140 549 1317 601 ταῦτα
1378 548 1734 615 συστραφεὶς,

192 643 291 695 ἵετο
328 645 420 694 ἐπὶ
452 643 553 712 τὴν
588 642 796 704 Ἀσίαν,
846 639 986 693 ὥστε
1021 640 1116 691 καὶ
1158 640 1255 709 τὴν
1298 641 1392 708 τῆς
1429 637 1614 699 Ἀσίας
1649 636 1741 706 βα-

194 736 384 788 σιλείαν
423 734 599 802 ἑαυτῷ
639 733 1144 803 προσκτησάμενος.
1196 731 1397 792 Διαϐὰς
1445 731 1490 782 δ’
1537 731 1591 793 ἐς
1644 729 1740 798 τὴν

202 829 396 890 Ἀσίαν,
439 830 576 898 ἔχων
600 829 660 879 τό
691 846 748 879 τε
783 827 1051 896 Εὐρώπης
1077 826 1420 895 στράτευμα,
1446 824 1542 875 καὶ
1580 823 1740 887 ’Δζά-

194 925 333 986 πιδας
370 923 494 982 τοὺς
521 920 781 989 Τούρκων
811 920 1031 983 πεζοὺς,
1060 917 1204 970 οὕτω
1230 916 1623 986 καλουμένους,
1647 915 1743 966 καὶ

194 1021 244 1076 ἐς
289 1017 383 1084 τὴν
443 1016 632 1068 Ἀσίαν
667 1015 1113 1083 διεπόρθμευσεν.
1156 1013 1332 1080 Ἐχων
1391 1011 1508 1080 μεθ’
1545 1010 1741 1063 ἑαυτοῦ

196 1112 277 1161 καὶ
309 1111 398 1159 τον
442 1107 742 1175 Ζουναῖτην
772 1107 1027 1176 Σμύρνης
1063 1106 1320 1172 ἄρχοντα,
1354 1105 1446 1155 ἐπὶ⁵
1473 1105 1744 1172 Ἀμουρὰ-

193 1220 282 1268 την
333 1203 529 1271 ἧλαυνε
589 1202 680 1254 τὸν
739 1201 1060 1269 Μεχμέτεω.
1127 1200 1232 1252 Τὸν
1290 1200 1472 1268 μέντοι
1520 1197 1744 1267 βασιλέα

204 1298 464 1364 Ἑλλήνων
498 1295 740 1360 πέμπειν
785 1292 1041 1361 πρέσϐεις
1094 1293 1275 1357 ἠξίου,
1338 1290 1504 1360 μηδὲν
1548 1292 1604 1351 ἐς
1647 1290 1745 1357 τὴν

191 1390 360 1452 ξενίαν
392 1386 558 1438 αὑτοῦ
584 1385 950 1455 νεωτερίζειν,
983 1384 1057 1446 ὼς
1087 1383 1186 1453 τὴν
1220 1382 1618 1436 Καλλιούπολιν
1647 1384 1744 1435 αύ-

192 1485 308 1534 τίκα
338 1481 733 1544 ἀποδώσοντος,
758 1479 986 1541 ¹ἐπειδὰν
1016 1479 1114 1548 τὴν
1141 1478 1330 1530 Ἀσίαν
1351 1477 1497 1546 αὐτῷ
1528 1478 1745 1544 ὐπὲγη-

192 1591 294 1633 ται,
337 1572 859 1643 καταστρεψάμενος
905 1572 994 1622 τὸν
1023 1569 1362 1636 ἀδελφιδοῦν,
1405 1570 1663 1638 Παρῆσαν
1690 1570 1746 1620 δὲ

193 1669 279 1717 καὶ
309 1664 685 1732 ’Δμουράτεω,
718 1663 869 1730 παρὰ
903 1662 1128 1732 βασιλέα
1153 1663 1448 1727 Βυζαντίου
1479 1665 1748 1732 ἀφικόμε-

190 1776 284 1822 νοι,
324 1756 754 1825 χρηματίζοντες
789 1758 881 1808 καὶ
922 1749 1091 1819 οῦτοι,
1149 1757 1240 1810 ἐπὶ
1292 1757 1443 1824 σφίσι
1495 1758 1745 1824 γενέσθαι

189 1849 434 1918 βασιλέα,
482 1852 575 1901 καὶ
623 1849 1043 1918 ὑπισχνούμενοι
1090 1850 1304 1911 δώσειν,
1355 1851 1381 1902 ὃ
1428 1868 1480 1902 τι
1527 1850 1593 1902 ἂν
1626 1848 1748 1918 βού-

188 1941 384 1994 λοιντο.
414 1940 482 1992 Οἱ
539 1939 638 2008 μὲν
683 1938 776 1992 οῦν
809 1937 1073 2008 Ἕλληνες
1117 1938 1475 1991 ἀνεϐάλλοντο
1510 1939 1608 2006 μὲν
1658 1939 1750 1989 ἐπὶ

189 2033 379 2101 χρόνον
409 2020 510 2094 τάς
538 2030 860 2099 πρεσϐείας,
889 2030 1043 2092 τέλος
1088 2031 1183 2082 καὶ
1215 2031 1313 2101 τὴν
1351 2032 1450 2098 μὲν
1480 2028 1750 2098 Ἀμουρά-

187 2142 290 2176 τεω
318 2122 712 2193 ἀπεπέμψαντο
755 2120 1076 2192 πρεσϐείαν.
1114 2122 1193 2175 Τὰ
1220 2122 1274 2174 δὲ
1302 2123 1602 2190 Μουσταφᾶ
1633 2122 1751 2174 ἐλό-

192 2233 341 2284 μενοι
388 2216 714 2282 πράγματα,
754 2213 1042 2282 προσίεντό
1089 2231 1149 2264 τε
1198 2215 1292 2265 καὶ
1327 2213 1575 2283 ἐπέσχον,
1607 2210 1750 2264 ὥστε

189 2309 367 2368 αὺτοῖς
411 2306 733 2359 σπένδεσθαι
770 2308 908 2359 κατά
940 2307 1049 2360 πᾶν
1076 2307 1399 2375 δεδογμένον
1432 2307 1642 2368 αὐτοῖς.
1686 2306 1751 2358 Ἦ

193 2404 289 2471 μὲν
329 2400 424 2454 οῦν
455 2401 807 2470 Ἀμουράτεω
838 2400 1105 2469 πρεσϐεία
1137 2401 1440 2469 ἀφικομένη
1472 2400 1622 2468 παρὰ
1660 2399 1752 2452 τὸν

191 2497 428 2566 στρατὸν
456 2497 548 2547 τοῦ
582 2495 959 2564 Ἀμουρατεω,
990 2494 1338 2562 διεφήμισεν,
1363 2493 1434 2555 ὡς
1465 2495 1592 2555 τοὺς
1621 2493 1753 2545 Ἕλ-

189 2590 358 2656 ληνας
387 2591 540 2657 σφίσι
569 2590 1006 2658 προσκτήσαιντο
1050 2587 1396 2658 συμμάχους.
1425 2588 1753 2656 Ἐτύγχανον

190 2683 235 2734 δ’
269 2683 327 2732 ἐν
355 2681 606 2749 Λοπαδίῳ
638 2683 702 2748 τῇ
735 2680 901 2749 λίμνῃ
932 2681 1509 2749 ἐστρατοπεδευμένοι,
1543 2680 1632 2731 καὶ
1655 2681 1755 2749 τήν

191 2790 249 2823 τε
278 2772 463 2842 χώραν
493 2773 743 2826 διέλυσαν
778 2771 873 2822 τοῦ
903 2771 1230 2840 Μιχαλικίου
1269 2772 1458 2836 αὑτοῦ,
1563 2775 1618 2836 ἐς
1656 2774 1754 2841 τὴν

192 2864 473 2916 Θάλασσαν
522 2865 740 2928 ἐξιοῦσα
795 2865 828 2934 ἡ
882 2865 1068 2932 λίμνη,
1120 2864 1205 2916 διὰ
1251 2864 1441 2916 στενοῦ
1482 2867 1572 2916 ἐπὶ
1619 2865 1755 2917 πολὺ

193 2959 459 3026 προῐοῦσα
507 2957 723 3017 ἐκδιδοῖ,
768 2957 983 3025 γέφυρα
1024 2957 1081 3008 δέ
1131 2958 1267 3010 ἐστι.
1314 2958 1648 3024 Μουσταφᾶς
1699 2957 1756 3010 δὲ

193 3054 286 3105 καὶ
322 3052 483 3112 αὐτὸς
516 3051 715 3111 ἐλάσας
747 3049 942 3118 ἀγχοῦ,
990 3049 1476 3119 ἐστρατοπεδεύετο
1518 3050 1666 3120 παρὰ
1697 3049 1758 3102 τὸ

1240 345 1335 402 DE
1377 339 1622 400 llEBUS
1654 337 2012 397 TURClClS
2068 339 2211 398 LIB.
2249 341 2312 398 ν.

3296 348 3404 414 226

2107 454 2426 520 ducensque
2476 453 2754 508 exercitus
2791 454 3229 527 Adrianopolim,
3281 476 3401 514 eam

1843 548 2032 600 urbem
2067 547 2234 615 cepit,
2284 555 2337 600 et
2388 547 2443 600 in
2489 549 2640 617 regni
2695 548 2877 602 sedem
2934 566 3261 620 progressus
3295 565 3398 607 est.

1843 639 1938 694 llis
1994 641 2232 709 peractis
2287 655 2632 701 conversus.
2692 643 3151 712 proﬁciscebatur
3211 659 3402 700 contra

1843 733 2044 786 Asiam.
2082 732 2268 784 volens
2297 742 2350 784 et
2380 731 2521 786 Asia
2568 750 2794 802 regnum
2844 737 3118 806 subigere.
3168 737 3406 807 Trajecit

1845 834 2022 877 autem
2051 825 2103 876 in
2139 826 2344 887 Asiam,
2374 826 2577 879 habens
2601 841 2787 880 secum
2815 827 3044 899 Europa
3071 833 3400 893 exercitum.

1845 927 1899 970 et
1927 915 2236 970 Turcorum
2268 918 2498 986 pedites,
2526 934 2661 987 quos
2688 921 2956 985 Azapidas
2987 935 3206 977 vocant.
3241 925 3407 979 Adhi—

1847 1010 1962 1064 buit
2011 1021 2064 1063 et
2116 1009 2359 1080 Smyrna
2391 1012 2689 1079 principem
2741 1010 3047 1066 Zunaitem.
3098 1015 3192 1068 His
3226 1017 3402 1084 COpiis

1847 1102 1899 1154 in
1949 1103 2132 1156 Asiam
2183 1104 2586 1170 transportatis,
2645 1119 2938 1173 aggressus
2981 1114 3065 1159 est
3096 1107 3408 1161 Amuralvln

1846 1194 2166 1252 Mechmetis
2198 1197 2393 1252 ﬁlium.
2431 1195 2660 1260 Legatos
2699 1199 2848 1253 misit
2876 1198 2942 1252 ad
2983 1215 3163 1270 regem
3193 1198 3412 1254 Gracu-

1849 1303 1989 1351 rum,
2026 1290 2116 1355 qui
2161 1296 2416 1348 orarent,
2457 1304 2524 1339 ne
2568 1289 2727 1356 quid,
2758 1290 2881 1356 quia
2915 1305 3140 1357 peregre
3167 1291 3402 1352 abesset.

1849 1382 2174 1434 innovarent
2209 1395 2223 1433 :
2264 1394 2341 1441 se,
2381 1381 2482 1432 ubi
2537 1382 2768 1448 primum
2806 1382 2997 1435 Asiam
3033 1384 3330 1447 subegerit,
3362 1393 3417 1436 et

1845 1469 2162 1524 Amuratem
2189 1470 2468 1534 devicerit,
2510 1471 2642 1540 ipsis
2689 1473 3028 1526 redditurum
3059 1472 3368 1542 Callipolim
3400 1513 3411 1524 .

1847 1563 2227 1616 Adveniebant
2269 1579 2490 1632 quoque
2538 1565 2601 1616 ad
2657 1579 2840 1633 regem
2883 1566 3199 1636 Byzantium
3253 1566 3412 1634 legati

1850 1658 1919 1710 ab
1958 1656 2244 1721 Ainurate,
2276 1655 2546 1720 dicentes,
2589 1656 2633 1708 si
2678 1672 2827 1709 arma
2868 1657 3149 1713 Amuratis
3182 1674 3420 1726 sequan.

1852 1762 1962 1811 tur,
1996 1748 2114 1802 fore
2148 1759 2204 1801 ut
2230 1748 2493 1816 quidquid
2530 1756 2782 1815 peterent
2814 1749 2880 1803 ab
2909 1750 3191 1811 Amnrale.
3226 1766 3418 1806 consr-

1851 1851 2178 1912 qnerenlur.
2231 1840 2409 1895 Graci
2465 1844 2767 1910 legationes
2807 1843 3135 1897 diﬂ‘erebant
3166 1844 3418 1912 aliquan-

1851 1938 1943 1990 diu
1973 1954 1986 1990 :
2015 1945 2292 2006 postremo
2317 1937 2599 1990 Amuratis
2627 1935 2832 2000 legatos
2856 1937 3208 1990 dimiserunt.
3239 1938 3414 1993 Graeci

1853 2039 2030 2083 autem
2078 2029 2253 2084 secuti
2301 2037 2428 2081 sunt
2462 2037 2648 2098 partes
2679 2027 2980 2098 Mustapha
3015 2048 3027 2083 :
3065 2031 3151 2084 cui
3190 2046 3416 2099 persim-

1853 2131 2066 2186 serunt,
2095 2130 2153 2174 ut
2179 2136 2364 2176 secom
2399 2121 2580 2176 foedus
2613 2121 2818 2176 laceret
2843 2122 3258 2176 conditionibus
3279 2139 3418 2191 quas

1855 2215 1959 2286 ipsi
1991 2215 2489 2285 prascripsissent.
2528 2214 2712 2284 Legati
2741 2215 3022 2269 Amuratis
3053 2231 3174 2269 cum
3208 2216 3412 2269 rediis-

1853 2319 1974 2362 scnt
2032 2308 2083 2360 in
2136 2318 2342 2370 castra,
2396 2322 2676 2362 rumorem
2727 2317 3072 2376 sparserunt,
3114 2325 3170 2363 se
3199 2309 3418 2363 Graecos

1852 2402 1959 2456 sibi
2000 2402 2298 2455 auxiliares
2347 2415 2594 2469 parasse.
2642 2400 2718 2454 Eo
2769 2409 3014 2468 tempore
3046 2400 3418 2457 casti-ametazi

1855 2505 1982 2550 sunt
2012 2508 2180 2562 pr0pe
2212 2493 2511 2558 Lopadium
2562 2493 2766 2558 lacum,
2807 2502 2861 2546 et
2905 2493 3182 2562 regionem
3217 2493 3420 2547 Micha-

1857 2589 1971 2641 licii
2009 2602 2074 2640 eo
2121 2587 2224 2640 loci
2257 2595 2664 2650 erastaverunt,
2702 2586 2793 2639 ubi
2827 2586 2978 2639 lacus
3011 2586 3200 2640 multis
3226 2588 3418 2640 amba—

1859 2679 2016 2746 gibus
2062 2694 2155 2745 per
2208 2676 2491 2744 angustias
2543 2675 2596 2728 in
2652 2691 2798 2729 mare
2837 2674 3159 2740 ell'unditur,
3196 2686 3249 2730 et
3285 2692 3422 2744 pons

1858 2782 1962 2825 est.
1994 2769 2305 2838 Mnstapbas
2331 2771 2498 2838 igitur
2521 2768 2814 2833 accedens,
2834 2778 3014 2822 castra
3041 2768 3241 2822 locavit
3264 2772 3421 2836 jur'a

1859 2864 2008 2918 ﬂuvii
2038 2865 2263 2924 ostium,
2305 2864 2395 2929 qui
2429 2877 2491 2914 ex
2543 2862 2660 2914 lacn
2694 2870 2984 2929 promanat
3019 2877 3032 2914 :
3067 2875 3134 2914 eo
3167 2876 3291 2914 cum
3326 2864 3424 2911 acl-

1860 2961 2137 3014 venissent
2179 2958 2461 3012 Amuratis
2510 2956 2704 3026 legati,
2747 2958 3100 3009 commodum
3142 2971 3275 3008 sane
3305 2960 3426 3007 vul-

1862 3059 2063 3121 garunt
2093 3065 2392 3109 rumorem,
2419 3050 2575 3118 quasi
2608 3064 2705 3102 sua
2733 3050 3006 3116 legatione
3037 3046 3342 3102 ell'ecissent
3371 3059 3428 3100 ut

193 3145 370 3212 χεῖλος
397 3143 492 3195 τοῦ
528 3142 773 3210 ποταμοῦ
803 3143 899 3225 τῆς
929 3141 1145 3210 λίμνης.
1200 3140 1462 3194 Ἐνταῦθα
1507 3141 1582 3203 ὡς
1628 3141 1754 3207 ἀφί-
1784 3171 1826 3228 C

1784 3171 1826 3228 ο
1862 3146 2034 3199 Graci
2075 3146 2179 3199 sibi
2230 3143 2442 3196 auxilio
2486 3144 2754 3196 venirent.
2795 3142 3107 3195 Minitantes
3138 3142 3304 3211 igitur
3330 3156 3426 3194 νου

193 3253 353 3288 κοντο
408 3236 457 3287 οξ
514 3234 775 3302 πρέσϐεις
821 3223 1184 3302 Ἀμουράτου,
1234 3234 1372 3304 τύχῃ
1417 3235 1524 3285 τινὶ
1579 3234 1758 3303 ἀγαθῇ

191 3329 558 3397 χρησάμενοι,
599 3326 944 3396 διεφήμιζον,
982 3326 1057 3388 ὡς
1103 3327 1557 3395 συμμαχομένους
1609 3325 1761 3393 σφίσι

189 3423 319 3481 τοὺς
359 3418 628 3488 Ἕλληνας
656 3421 868 3490 ἔχοντες
929 3420 1114 3488 ἥκοιεν
1149 3420 1213 3480 ¹³,
1251 3419 1342 3472 καλ¹
1378 3420 1470 3472 ἐπὶ
1501 3419 1561 3471 τὸ
1603 3435 1764 3486 στρα-

187 3512 420 3565 τόπεδον
447 3512 538 3565 τοῦ
575 3513 880 3578 Μουσταφᾶ
911 3511 1151 3580 ἐσώνουν
1187 3511 1630 3577 ἐπαπειλοῦντες,
1687 3511 1761 3572 ώς

187 3605 594 3674 ἀπειλημμένῳ
644 3605 700 3654 ἐν
740 3607 804 3673 τῇ
856 3605 1032 3674 ’Δσίᾳ.
1068 3603 1340 3657 Ἐνταῦθα
1375 3605 1564 3674 φήμης
1610 3603 1763 3673 παρὰ

183 3699 249 3749 τὸ
289 3697 656 3767 στρατόπεδον
678 3696 770 3748 τοῦ
793 3696 1098 3763 Μουσταφᾶ
1122 3698 1442 3765 γενομένης,
1469 3697 1540 3760 ὡς
1577 3698 1760 3765 σφίσιν

184 3794 247 3843 οὐ
284 3791 546 3860 παρῆσαν
578 3792 626 3842 oi
655 3790 936 3859 πρέσϐεις,
973 3792 1066 3842 καὶ
1116 3790 1411 3852 δεδοικότες
1450 3791 1525 3860 μὴ
1552 3793 1600 3842 οἱ
1631 3791 1758 3842 ’Έλ-

185 3883 356 3952 ληνες
393 3883 487 3934 τὸν
544 3883 939 3952 Ἑλλήσποντον
989 3883 1376 3952 κατασχόντες,
1425 3882 1518 3934 τοῦ
1573 3881 1761 3934 λοιποῦ

188 3977 267 4046 μὴ
323 3975 666 4042 ἐπιτρέπωσι
698 3973 1039 4037 διαϐαίνεινὴ
1067 3976 1161 4026 καὶ
1204 3974 1370 4026 αὑτοῦ
1406 3974 1578 4044 ταύτῃ
1630 3973 1763 4026 ἀπό-

183 4068 395 4132 λοιντο,
428 4067 587 4136 λόγον
610 4083 668 4119 τε
696 4068 882 4134 σφίσιν
915 4067 1178 4120 ἐδίδοσαν.
1214 4067 1324 4121 Καὶ
1353 4067 1546 4128 νυκτὸς
1577 4068 1764 4133 ἐπιγε-

187 4160 453 4225 νομένης,
510 4157 671 4218 αὐτὸς
719 4159 746 4209 ὁ
793 4157 1114 4225 Ζουναϊτης,
1144 4159 1171 4209 ό
1211 4156 1308 4225 τῆς
1343 4155 1599 4226 Σμύρνης
1635 4159 1762 4225 ἡγε-

189 4247 338 4315 μὼν,
372 4248 584 4317 ἀπέδρα
613 4249 704 4299 ἐπὶ
731 4250 829 4315 τὴν
857 4247 1118 4319 πατρῴαν
1145 4249 1341 4318 ἀρχήν⁹
1381 4250 1477 4301 καὶ
1504 4249 1553 4301 οἱ
1582 4249 1762 4302 λοιποὶ

184 4341 302 4393 τῶν
339 4341 620 4409 ἀρχόντων
652 4340 1072 4408 ἀπεδίδρασκον,
1103 4342 1212 4392 οὐδ’
1235 4340 1483 4392 ὁπωσοῦν
1513 4342 1765 4411 ἐπισχόνο

183 4447 304 4495 τες,
328 4430 471 4499 τύχῃ
501 4430 594 4482 τοῦ
627 4431 932 4498 Μουσταφᾶ⁸
959 4431 1058 4482 ούκ
1081 4431 1158 4483 ἔτι
1184 4431 1363 4499 ἀγαθῇ
1393 4430 1760 4493 πιστεύοντες.

1867 3237 2244 3291 ciferabantur
2283 3243 2476 3312 contra
2527 3233 2829 3300 Mustapha
2875 3233 3214 3295 exercitum.
3264 3233 3422 3301 quasi

1866 3332 2146 3401 periturus
2187 3331 2258 3391 sit
2306 3329 2358 3381 in
2408 3329 2533 3381 Asia
2568 3327 2926 3380 interclusus.
2963 3327 3088 3380 Haec
3120 3327 3261 3380 fama
3303 3341 3426 3379 cum

1865 3425 2072 3478 volaret
2130 3425 2182 3474 in
2235 3423 2438 3476 castris
2495 3420 2817 3489 Mustapba,
2872 3429 2926 3471 et
2980 3420 3212 3473 necdum
3264 3419 3427 3487 legati

1867 3527 2066 3588 prasto
2097 3527 2300 3578 essent,
2340 3530 2482 3584 quos
2519 3515 2636 3582 ipse
2662 3515 2908 3575 miserat,
2957 3513 3114 3565 veriti
3143 3527 3212 3564 ne
3253 3511 3430 3564 Graci

1869 3619 2209 3679 occupantes
2268 3608 2704 3676 Hellespontum,
2742 3621 2843 3658 nec
2879 3603 3169 3657 transitum
3219 3603 3272 3656 in
3320 3603 3430 3654 Eu-

1866 3723 2059 3776 ropam
2094 3707 2312 3767 darent,
2350 3715 2405 3758 et
2443 3704 2645 3756 milites
2679 3701 2975 3770 Mustapba
3017 3701 3070 3753 in
3104 3701 3228 3753 Asia
3267 3701 3434 3752 inter-

1866 3800 2133 3861 cidercnt.
2177 3798 2320 3850 inter
2349 3812 2407 3849 se
2451 3797 2710 3849 collocuti
2760 3803 2886 3846 sunt
2913 3795 3084 3846 varia.
3119 3791 3331 3850 Postea.
3367 3807 3431 3844 ea

1869 3901 2028 3944 nocte
2069 3904 2191 3958 qua
2244 3890 2494 3940 insecuta
2531 3894 2640 3949 est,
2691 3884 2951 3937 Zunaites
2993 3882 3239 3953 Smyrna
3283 3883 3434 3948 prin-

1866 3996 2018 4049 ceps,
2080 3978 2368 4046 Mustapba
2426 3976 2642 4036 relicto,
2706 3979 2770 4027 ad
2833 3983 3120 4042 paternum
3183 3972 3432 4041 profugit

1868 4075 2259 4144 principatum.
2314 4068 2661 4136 Aufugerunt
2690 4076 2743 4120 ct
2777 4067 2974 4135 reliqui
3006 4067 3194 4131 duces,
3243 4081 3433 4134 parum

1872 4165 2097 4218 fidentes
2143 4160 2446 4228 Mustapba
2487 4159 2733 4211 fortuna.
2781 4156 2849 4211 Ut
2898 4155 3288 4209 animadvertit
3319 4155 3437 4206 Mu-

1869 4259 2092 4326 stapbas
2123 4270 2254 4308 suos
2286 4251 2560 4306 exercitus
2600 4250 2791 4314 dilabi,
2821 4248 2923 4302 sibi
2952 4260 3172 4316 quoque
3208 4246 3428 4297 tandem

1871 4352 2089 4414 timens,
2144 4349 2266 4418 luga
2323 4359 2664 4415 prapropera
2702 4343 2767 4396 ad
2819 4356 2969 4394 mare
3022 4356 3082 4393 se
3145 4339 3437 4408 proripuit.

1871 4443 2043 4497 Graci
2081 4444 2172 4510 qui
2209 4441 2488 4507 elegerant
2525 4435 2886 4503 Mustapbam,
2924 4446 3159 4499 eumque
3195 4430 3299 4485 sibi
3346 4444 3440 4481 so-

187 4525 383 4588 Ὠςδέ
435 4523 772 4591 Μουσταφᾶς
824 4522 1002 4574 διιδὼν
1058 4524 1125 4575 τὰ
1180 4525 1566 4591 στρατεύματα
1617 4522 1767 4590 αύτῷ
1801 4519 1842 4574 Ι)

1801 4519 1842 4574 θ
1877 4534 2019 4587 cium
2075 4541 2423 4602 paraverant,
2467 4528 2699 4581 navibus
2751 4527 3064 4594 imposuere
3124 4524 3348 4586 milites,
3385 4532 3438 4574 et

185 4614 687 4684 ἀποδιδράσκοντα,
721 4615 850 4682 περὶ
889 4614 1037 4684 αὐτῷ
1063 4616 1271 4678 δεδιὼς,
1299 4617 1506 4686 ἀπέδρα
1543 4617 1637 4667 καὶ
1668 4617 1766 4667 αύ-

182 4710 280 4770 τδς
320 4710 418 4761 ἐπὶ
489 4706 782 4760 Θάλασσαν.
836 4706 1097 4775 Ἕλληνες
1154 4708 1338 4774 μέντοι
1392 4707 1466 4769 ώς
1520 4708 1767 4775 ἑλόμενοι

182 4803 538 4869 Μουσταφᾶν
570 4802 720 4866 σφίσι
771 4801 1060 4870 σύμμαχον
1092 4796 1255 4864 εἶναι,
1301 4802 1629 4871 ἐπλήρωσαν
1669 4801 1768 4862 τὰς

181 4896 351 4955 ναῦς,
389 4897 482 4944 καὶ
517 4893 780 4946 ἐπέπλεον
811 4895 903 4947 ἐπὶ
937 4893 1348 4962 Ἑλλήσποντον.
1407 4893 1670 4955 Βασιλεὺς
1709 4893 1765 4946 δὲ

180 4988 358 5047 αὐτὸς
394 4985 694 5046 Βυζαντίου
729 4987 785 5036 ἐν
836 4986 1222 5054 Προικοννήσῳ
1256 4985 1569 5054 γενόμενος,
1609 4986 1765 5054 ἐσχό-

179 5078 322 5141 λαζέ
357 5094 418 5128 τε
456 5077 584 5146 περὶ
631 5076 889 5143 γυναικός
921 5076 1118 5145 ἔρωτα,
1156 5073 1223 5149 ἦς
1271 5078 1411 5146 ἐρῶν
1435 5093 1448 5107 ·
1501 5078 1765 5146 ἐτύγχανε

178 5177 301 5241 γὰρ
341 5172 534 5240 ἱερέως
565 5172 830 5239 Θυγάτηρ,
873 5174 967 5222 καὶ
997 5173 1094 5221 οὐκ
1125 5175 1180 5221 ἐν
1208 5171 1380 5223 δέοντι
1407 5173 1764 5240 παρεγένετο,

177 5267 335 5316 ὥστε
367 5259 703 5313 διακωλῦσαι
734 5259 1078 5330 Ἀμουράτην
1108 5263 1164 5322 ἐς
1193 5260 1291 5330 τὴν
1337 5261 1612 5331 Εὐρώπην
1643 5263 1766 5328 ἀφι-

174 5357 414 5411 κέσθαι.
453 5354 794 5422 Ἀμουράτης
827 5353 924 5421 μὲν
949 5353 1034 5421 δὴ,
1070 5353 1143 5416 ώς
1166 5355 1398 5423 τάχιστα
1429 5355 1614 5423 ἡμέρα
1646 5357 1767 5420 ἐγε-

174 5453 370 5520 γόνει,
409 5451 505 5501 καὶ
563 5448 773 5498 κατεῖδε
827 5447 886 5497 τὸ
951 5449 1313 5518 στρατόπεδον
1355 5449 1464 5500 τῶν
1494 5449 1770 5517 πολεμίων

174 5545 378 5605 κενὶν,
413 5543 506 5594 καὶ
536 5543 638 5593 ὑπὸ
686 5541 782 5611 τὴν
831 5543 1123 5610 οἰχομένην
1177 5542 1346 5594 νύκτα
1399 5543 1640 5611 ἀποδρᾷν
1685 5556 1768 5602 τε,

1871 4625 2204 4692 navigarunt
2244 4625 2298 4675 in
2335 4621 2771 4688 Hellespontum.
2811 4617 2922 4670 Rex
2970 4628 3150 4669 autem
3191 4615 3438 4683 Byzantii

1869 4736 1992 4773 cum
2036 4717 2187 4784 121
2223 4715 2363 4768 foret
2398 4714 2452 4766 in
2477 4712 2869 4770 Praconneso.
2918 4708 3090 4762 amori
3124 4707 3438 4774 importuno

1870 4810 2139 4870 mulieris,
2170 4824 2332 4874 quam
2361 4807 2600 4868 amabat,
2631 4818 2850 4872 operam
2878 4799 3222 4854 dabal.-Hac
3251 4806 3434 4850 autem

1872 4903 2178 4958 sacerdotis
2204 4897 2490 4965 cujusdam
2526 4898 2635 4950 lilia
2667 4903 2805 4948 erat.
2842 4893 2949 4946 Nec
2979 4908 3113 4946 sane
3142 4891 3436 4943 admodum

1877 5004 2185 5063 opportune
2215 4991 2289 5044 ibi
2320 4991 2536 5044 vivebat
2573 5007 2586 5042 :
2623 4988 2857 5040 transitu
2891 4986 3038 5039 enim
3072 4984 3124 5036 in
3163 4982 3438 5050 Europam

1875 5089 2163 5140 Amnrates
2209 5082 2481 5136 arcendus
2538 5090 2680 5132 erat.
2738 5080 3048 5138 Amurates,
3099 5082 3159 5126 ut
3205 5074 3438 5140 primum

1876 5181 1993 5232 dies
2044 5178 2244 5236 illuxit.
2279 5185 2462 5227 castra
2510 5169 2752 5224 hostium
2793 5182 2962 5221 vacua
3007 5175 3059 5218 et
3089 5164 3303 5216 deserta
3347 5160 3443 5212 de-

1875 5270 2183 5338 prehendit.
2224 5268 2491 5336 Azapides
2538 5273 2716 5315 autem
2773 5275 2972 5313 manus
3016 5257 3290 5325 suppliCes
3321 5261 3442 5305 ten-

1877 5362 2099 5422 debant,
2145 5370 2402 5428 rogantes
2451 5372 2517 5409 ne
2574 5355 2627 5407 in
2676 5369 2734 5407 se
2765 5369 2793 5404 a
2833 5354 2949 5406 suis
2981 5349 3266 5419 equitibus
3298 5347 3441 5400 laede

1876 5455 2127 5507 desertus
2154 5462 2206 5506 et
2245 5451 2488 5520 proditos
2530 5447 2724 5500 saevire
2751 5454 3042 5500 statueret.
3075 5442 3247 5495 Ponte
3276 5441 3441 5508 igitur

1876 5548 2170 5598 Amm-ales
2235 5545 2410 5597 lacum
2466 5557 2588 5595 eum
2630 5539 2886 5608 jungens,
2944 5552 3107 5608 quam
3154 5532 3442 5588 celerrime

1501 5679 1736 5740 Νυιειιω
1774 5681 2176 5758 marginales.

261 5810 305 5839 ι’
340 5810 534 5860 ἱχοιεν.
592 5804 651 5858 li.
689 5815 744 5857 ut
772 5820 823 5855 ιη
859 5820 906 5856 c.
