4190 6434
187 404 286 466 (229

1285 402 1382 460 DE
1425 398 1685 460 REBUS
1714 397 2077 458 TURCICIS
2112 401 2255 462 LlB.
2311 404 2375 461 ν.

3309 405 3417 467 230

186 516 327 579 σθὸν,
346 517 465 577 ὅσης
499 515 560 568 Ξεν
587 518 768 575 ἱκανλις
803 518 887 586 εἴη
916 518 969 578 ἐς
995 517 1055 569 τὸ
1090 515 1301 585 ἀποζῆν
1338 517 1535 578 αὐτοὺς
1563 516 1748 575 ὲνίοιςο

1855 525 1980 581 post
2016 518 2257 571 citantur
2290 520 2342 572 in
2407 522 2547 587 regis
2598 517 2827 582 Januas,
2868 519 3068 587 quibus
3096 527 3187 573 rex
3222 528 3419 589 suppe—

184 609 364 669 ἆ).λοις
419 610 473 660 δὲ
527 610 697 660 πλείω
734 613 1054 679 παρέχεται,
1084 611 1179 661 καὶ
1223 611 1279 671 ἐς
1326 609 1661 677 δεκαδάρχας
1693 624 1751 658 τε

184 703 278 754 καὶ
325 704 832 769 πεντηκονταρχας,
892 703 986 753 καὶ
1038 702 1363 771 ὲνωμοτίαᾴ,
1422 702 1514 753 καὶ
1564 700 1752 768 λόχους

180 797 509 864 τεταγμένοι
539 812 594 846 τε
622 797 715 847 καὶ
738 794 1172 862 διακεκριμένοι,
1199 793 1590 862 στρατεύονται
1613 793 1753 844 κατὰ

180 889 247 943 τὰ
298 890 546 941 συσσίτιά
595 907 653 941 τε
706 891 801 941 καὶ
855 888 931 958 τῷ
984 888 1067 950 δὶς
1106 888 1281 957 μῆνας
1340 883 1479 940 εἶναι
1532 885 1627 939 σὺν
1676 886 1753 955 τῷ

181 982 493 1053 δεκαδάρχῃ
526 982 581 1042 ἐς
626 981 722 1051 τὴν
760 983 985 1051 σκηνήν.
1023 981 1291 1049 Σκηνοῦσι
1335 978 1391 1033 δὲ
1427 980 1571 1033 οὗτοι
1606 982 1752 1048 ἀμφὶ

180 1079 272 1128 τὸν
310 1077 554 1145 βασιλέα,
587 1077 641 1135 ἐς
664 1076 755 1126 τὸν
788 1074 989 1128 ἑαυτοῦ
1017 1075 1193 1144 χῶρον
1226 1073 1460 1135 ἕκαστος
1494 1075 1752 1142 ἐχόμενος

180 1173 273 1223 τοῦ
306 1171 518 1239 ἑτέρου.
548 1161 731 1232 Ἐντὸς
768 1171 952 1240 μέντοι
976 1171 1180 1221 τούτων
1211 1168 1388 1220 ούδενὶ
1415 1168 1590 1231 ἔξεστι
1622 1176 1749 1237 σκη-

137 1300 145 1306 -
181 1265 326 1327 νοῦν,
368 1265 511 1331 πλὴν
542 1265 649 1316 τῶν
680 1264 771 1315 τοῦ
811 1263 1076 1331 βασιλέως
1112 1262 1353 1323 παίδων,
1392 1266 1484 1313 καὶ
1517 1264 1623 1313 τῶν
1659 1263 1753 1329 θη-

184 1358 403 1427 σαυρῶν
434 1358 526 1408 τοῦ
561 1356 844 1425 βασιλέως,
886 1357 979 1408 καὶ
1008 1355 1102 1407 τοῦ
1159 1355 1437 1415 κοιτῶνος.
1478 1350 1656 1421 Σκηνὴ
1695 1354 1751 1405 δὲ

181 1451 391 1521 ἐρυθρά
419 1449 589 1518 αὐτῷ,
622 1453 711 1503 ὁτὲ
746 1428 846 1517 μὲν
900 1449 1015 1511 δύο,
1046 1447 1133 1499 ὁτὲ
1183 1448 1238 1498 δὲ
1271 1451 1362 1497 καὶ
1398 1450 1543 1515 τρεῖς
1573 1446 1751 1514 ἵδρυν-

177 1563 266 1596 ται
296 1545 444 1612 αὐτῷ
474 1543 550 1611 τῷ
589 1543 816 1613 βασιλεῖ,
848 1543 956 1594 ἀπὸ
1004 1541 1172 1609 πηλοῦ
1201 1540 1436 1610 ἐρυθροῦ
1470 1542 1751 1609 χρυσόπα-

181 1657 322 1699 στ,ι,
355 1638 451 1690 καὶ
504 1628 703 1707 σκηνίαὶ
758 1627 946 1705 ἕτεραι
990 1635 1133 1703 ἀμφὶ
1183 1636 1281 1695 τὰς
1309 1633 1703 1685 πεντεκαίδεκα
1734 1673 1747 1692 ,

178 1735 359 1785 πᾶσαι
392 1732 540 1792 ἐντὸς
574 1731 686 1782 τῶν
714 1729 1009 1798 νεηλύδων.
1043 1727 1234 1789 Ἑκτδς
1278 1727 1333 1777 δὲ
1382 1725 1670 1794 σκηνοῦσιν
1700 1726 1749 1776 ot

177 1826 359 1878 λοιποὶ
389 1826 498 1877 τῶν
530 1822 711 1892 θυρῶν
739 1824 954 1891 ἄνδρες,
983 1822 1037 1874 οἶ
1064 1838 1122 1871 τε
1171 1820 1624 1889 Ἀμουραχόριοι,
1656 1820 1749 1869 καὶ

176 1919 432 1987 οἰνοχόοι,
468 1919 516 1970 ot
546 1916 829 1985 λεγόμενοι
867 1914 997 1983 tap’
1026 1914 1205 1965 αὐτῶν
1236 1911 1629 1980 Σαραπτάριοι,
1660 1912 1753 1963 καὶ

176 2011 536 2081 σημειοφόροι
568 2010 633 2073 ¹⁶,
673 2010 721 2060 οἱ
754 2008 1036 2076 λεγόμενλι
1068 2005 1525 2075 Ἐμουραλὰμιοι.
1557 2006 1664 2056 Καὶ
1702 2006 1751 2056 οἱ

174 2104 285 2155 τῶν
320 2102 503 2168 Θυρῶν
544 2101 862 2169 πρυτάνεις,
920 2098 1184 2168 βιξόριδες
1220 2097 1363 2150 οὓτω
1399 2096 1749 2164 καλούμενοι,

174 2196 271 2249 τοῦ
328 2194 589 2263 βασιλέως
618 2194 1028 2261 ἀγγελιαφόροι.
1065 2187 1226 2245 Οὗτοι
1276 2191 1375 2260 μὶν
1404 2186 1496 2243 οὖν
1526 2191 1749 2257 μεγάλοι

175 2308 236 2343 τε
288 2289 462 2350 ὄντες,
499 2287 593 2338 καὶ
642 2286 718 2349 ὡς
751 2285 970 2346 πλείους
1003 2285 1335 2353 ἐπαγόμενοι
1388 2284 1750 2351 θεράποντας,

172 2385 393 2453 πληθὺν
420 2383 755 2451 παρέχονται
800 2379 1053 2433 ἄπλετον.
1087 2380 1240 2432 Μετὰ
1285 2380 1340 2432 δὲ
1369 2380 1752 2450 Συλικτάριδες

172 2479 345 2529 ἔνεισι
381 2476 492 2526 τῶν
544 2473 807 2543 βασιλέως
838 2473 1021 2543 θυρῶν
1065 2472 1210 2541 ἀμφὶ
1241 2474 1349 2525 τῶν
1399 2475 1751 2542 τριακοσίων,

172 2569 223 2623 οἳ
272 2570 463 2630 ἱππεῖς
516 2567 697 2630 δντες,
753 2565 864 2619 ἀπὸ
918 2566 1027 2618 τῶν
1081 2565 1354 2634 νεηλύδων
1399 2567 1493 2618 ἐπὶ
1548 2566 1752 2635 ταύτην

175 2663 577 2732 παραγίνονται
627 2661 727 2729 τὴν
761 2658 968 2730 χώραν.
1023 2658 1177 2712 Μετὰ
1216 2658 1273 2711 δὲ
1312 2659 1536 2721 τούτους
1580 2660 1751 2726 Καρι-

172 2761 349 2821 πιδες,
402 2759 452 2809 οἱ
492 2754 756 2825 ἐπήλυδες
790 2752 1141 2822 καλούμενοι,
1180 2753 1289 2805 ἀπό
1318 2760 1377 2803 τε
1424 2751 1611 2812 Ἀσίας
1659 2755 1753 2806 καὶ

171 2853 478 2919 Αἰγύπτου,
510 2852 605 2901 καὶ
653 2849 719 2917 δὴ
775 2848 868 2900 καὶ
916 2846 1147 2915 Λιϐύης,
1185 2846 1334 2914 αὐτῷ
1356 2847 1411 2908 ἐς
1438 2845 1537 2907 τὰς
1582 2845 1752 2913 θύρας

173 2942 644 3011 παραγενόμενοι,
698 2941 793 2991 καὶ
833 2937 1038 3009 ἀρετῆς
1086 2937 1525 3004 ἀντιποιούμενοι
1571 2936 1751 2988 ἔναντι

174 3037 465 3106 βασιλέως,
507 3033 919 3103 μεμισθωμένοι
949 3032 1120 3098 αὐτῷ,
1177 3033 1203 3084 ὁ
1266 3032 1364 3099 μὲν
1415 3029 1687 3091 πλείονος,
1723 3032 1750 3081 ὁ

170 3133 225 3182 δὲ
252 3130 561 3189 ἐλάττονος.
598 3126 818 3179 Τούτων
847 3126 901 3178 δὲ
928 3124 1143 3194 ἔχονται
1176 3124 1561 3191 Ἀλοιρατζίδες
1597 3126 1662 3191 ¹⁷,
1700 3125 1747 3175 οἱ

1858 606 1998 660 ditat
2059 610 2365 664 mercedem
2412 610 2792 671 sufﬁcientem.
2830 623 2888 663 ιιι
2918 612 3044 665 Ιιίιιο
3081 612 3265 665 virere
3295 626 3422 681 pos-

1857 700 2008 754 sint:
2069 702 2301 771 aliisque
2350 705 2669 772 ampliorem
2706 701 2903 758 tribuit
2942 703 3280 757 mercedem.
3314 703 3417 768 Qui

1858 794 1960 848 sub
1994 794 2381 849 decurionibus
2412 807 2464 850 et
2502 798 2989 866 quinquagenariis
3021 798 3325 859 constituti,
3368 806 3422 850 et

1858 887 1911 941 in
1952 891 2205 943 cohortes
2237 906 2554 959 cuneosque
2584 892 2829 955 discreti,
2877 892 3147 960 stipendia
3184 890 3413 956 faciunt,

1858 999 2187 1052 manentque
2207 984 2487 1037 mensibus
2511 985 2724 1037 duobus
2745 986 2795 1037 iu
2818 986 3051 1039 tentorio
3081 986 3419 1038 decurionis.

1857 1074 1920 1128 Hi
1995 1080 2228 1131 tentoria
2297 1095 2395 1131 sua
2465 1078 2651 1145 figunt,
2696 1088 2748 1131 ut
2784 1088 2842 1129 se
2880 1088 3069 1131 mutuo
3101 1081 3423 1147 contingant

1857 1188 2018 1239 quani
2054 1172 2300 1239 proxime
2320 1173 2459 1241 apud
2501 1189 2703 1237 regem.
2733 1173 2878 1226 intra
2913 1173 3010 1225 bos
3045 1173 3176 1225 nulli
3199 1172 3423 1225 tendere

1861 1264 2157 1315 tentorium
2194 1264 2339 1328 licet,
2370 1277 2730 1333 przeterquam
2789 1267 2917 1319 filiis
2946 1265 3113 1333 regis.
3148 1265 3296 1317 Inter
3321 1264 3421 1319 bos

1858 1367 1985 1408 sunt
2022 1357 2265 1408 thesauri
2302 1359 2459 1427 regii,
2497 1340 2927 1425 cubiculumque
2966 1344 3195 1427 regium.
3220 1348 3422 1411 Tento—

1855 1451 1997 1504 rium
2028 1450 2273 1514 rubrum,
2335 1454 2663 1519 quandoque
2720 1452 2850 1515 duo,
2897 1460 2951 1503 ct
2989 1451 3287 1518 aliquando
3317 1454 3418 1503 triu

1857 1545 1965 1611 regi
1999 1555 2298 1609 ponuntur,
2332 1560 2452 1613 quae
2486 1544 2620 1596 fiunt
2648 1560 2710 1595 ex
2742 1544 2929 1611 argilla
2963 1544 3157 1607 rubea,
3182 1555 3232 1597 et
3261 1544 3420 1597 inau-

1857 1644 2067 1688 rautur.
2095 1637 2235 1689 Sunt
2262 1648 2322 1690 et
2357 1638 2460 1688 alia
2496 1637 2725 1689 tentoria
2764 1638 2907 1705 regis
2932 1638 3070 1689 intra
3105 1639 3421 1706 peregrinos

1859 1742 2093 1781 numero
2153 1729 2324 1781 ferme
2382 1728 2718 1796 quindecim.
2776 1726 2937 1781 Extra
2966 1729 3197 1781 tendunt
3223 1729 3419 1797 reliqui

1854 1818 2045 1874 Ianum
2096 1822 2318 1886 milites,
2356 1822 2739 1876 Amurachorii
2774 1833 2827 1877 et
2876 1823 3245 1891 pocillatores,
3279 1838 3417 1891 quos

1860 1913 2209 1984 Saraptarios
2264 1925 2500 1969 vocant:
2541 1917 2808 1984 signiferi,
2836 1932 2979 1983 quos
3021 1918 3421 1970 Emuralamios

1856 2009 2177 2063 nominant:
2238 2008 2540 2062 Januarum
2564 2009 2801 2077 judices,
2840 2016 2978 2075 quos
3007 2011 3291 2066 bixOrides
3318 2026 3421 2079 ap-

1856 2101 2079 2169 pellant,
2122 2111 2176 2155 et
2217 2103 2357 2171 regis
2392 2102 2687 2156 tabellarii.
2728 2101 2788 2155 Hi
2820 2119 3011 2157 omnes
3051 2120 3173 2155 cum
3195 2118 3423 2158 numero

1856 2196 1968 2248 siut
1992 2195 2231 2260 plurimi,
2271 2211 2536 2249 numerus
2568 2203 2747 2249 tamen
2787 2212 2980 2251 eorum
3004 2211 3259 2264 augetur.
3296 2214 3419 2251 cum

1855 2287 2124 2341 accedunt
2165 2289 2402 2342 ministri
2463 2298 2515 2342 et
2541 2289 2752 2353 famuli,
2790 2304 2926 2359 quos
2957 2290 3424 2359 babentcomplu-

1856 2394 1965 2431 res.
2017 2378 2143 2432 Illos
2193 2395 2332 2447 quos
2392 2380 2553 2431 modo
2587 2380 2853 2442 diximus,
2886 2383 3079 2435 ordine
3117 2390 3424 2451 sequuntur

1855 2474 1910 2525 iu
1938 2472 2133 2526 Januis
2181 2474 2344 2541 regis.
2391 2472 2752 2543 Sylictorides
2784 2475 3006 2528 circiter
3042 2478 3290 2540 trecenti,
3330 2478 3423 2547 qui

1856 2576 1985 2619 sunt
2016 2569 2231 2635 equites
2252 2583 2312 2618 ex
2334 2566 2643 2634 peregrinis
2672 2567 2723 2619 in
2756 2567 3193 2621 istumoordinem
3220 2570 3422 2626 allecti.

1858 2659 1968 2712 Hos
2024 2662 2299 2727 attingunt
2372 2660 2669 2728 Caripedes
2723 2664 3016 2731 peregrini.
3061 2664 3166 2716 isto
3202 2665 3428 2717 nomine

1856 2755 2049 2814 notati,
2097 2754 2242 2821 quod
2282 2754 2349 2806 ab
2374 2753 2525 2815 Asia,
2557 2752 2793 2823 IEgypto
2842 2766 2894 2809 et
2928 2756 3110 2810 Africa
3148 2759 3199 2811 in
3224 2756 3428 2813 Januas

1852 2848 2076 2900 veniant
2114 2864 2127 2900 :
2186 2856 2240 2900 et
2287 2856 2608 2901 exercentes
2675 2848 3051 2904 fortitudinem
3088 2851 3422 2912 mirabilem,

1855 2940 2111 2991 mercede
2163 2954 2190 2991 a
2239 2955 2364 3009 rege
2435 2940 2840 3004 conducuntur,
2895 2942 3035 2997 alius
3065 2944 3283 3012 quidem
3312 2963 3427 2999 ma-

1850 3031 1990 3099 jore.
2026 3032 2168 3086 alius
2210 3048 2341 3085 vero
2405 3034 2637 3087 minore.
2673 3032 2767 3088 His
2802 3036 2996 3090 ordine
3029 3038 3269 3105 proximi
3297 3054 3427 3092 sunt

1854 3126 2261 3194 Alopbatzides,
2286 3128 2373 3194 qui
2405 3127 2731 3180 mercenarii
2754 3127 3032 3191 dicuntur,
3066 3129 3160 3197 qui
3189 3145 3425 3183 numero

175 3223 444 3293 μισθωτοὶ
473 3222 827 3290 καλούμενοι,
875 3220 1020 3288 ἀμφὶ
1050 3220 1178 3279 τοὺς
1208 3218 1582 3280 ὀκτακοσίους.
1616 3217 1748 3269 Τού-

1859 3230 1989 3272 sunt
2047 3220 2374 3287 octingenti.
2415 3222 2496 3273 Ab
2534 3221 2617 3274 bis
2655 3221 2888 3274 tendunt
2930 3222 3249 3291 Spachides,
3283 3239 3426 3293 quo-

171 3332 284 3367 των
316 3315 373 3365 δὲ
400 3308 554 3373 αὖθις
589 3312 805 3381 ἔχονται
837 3311 886 3362 οἱ
924 3310 1193 3379 Σπαχίδες
1247 3309 1572 3379 καλούμενοι
1607 3311 1749 3377 ἀμφὶ

176 3407 305 3464 τοὺς
358 3406 693 3465 διακοσίους.
727 3402 887 3455 Οὗτοι
923 3403 967 3455 δ’
1021 3403 1162 3455 εἰσὶν
1212 3402 1261 3454 ot
1315 3401 1423 3454 τῶν
1475 3400 1750 3471 ἀρχόντων

174 3500 392 3560 παῖδες,
426 3490 501 3548 ὧν
529 3497 655 3556 τοὺς
690 3496 791 3564 μὲν
820 3496 928 3548 ἀπὸ
956 3494 1050 3547 τοῦ
1082 3496 1342 3557 κοιτῶνος
1390 3492 1659 3558 ἐκϐαλὼν,
1694 3496 1752 3555 ἐς

173 3592 389 3658 ταύτην
430 3590 628 3650 αὐτοὺς
659 3587 948 3657 καθίστησι
978 3590 1076 3658 τὴν
1106 3587 1311 3657 χώραν’
1346 3591 1470 3651 τοὺς
1496 3589 1586 3651 δὲ,
1628 3590 1751 3641 ὲπιο

173 3686 497 3754 λεξάμενος,
534 3682 766 3734 ἐνταῦθα
795 3681 930 3752 ἔχει,
958 3681 1033 3744 ὼς
1057 3681 1267 3750 ἀνδρῶν
1303 3681 1500 3743 παῖδας
1530 3681 1750 3749 ἀγαθῶν

170 3779 531 3848 γενομένουςι
568 3776 678 3829 Καὶ
712 3776 769 3829 at
820 3779 918 3846 μὲν
974 3774 1162 3844 θύραι,
1212 3775 1289 3837 ὡς
1339 3775 1611 3839 ξυνελὸντι
1662 3793 1751 3844 μοι

174 3874 371 3939 φάνεν,
414 3871 556 3923 οὕτω
610 3868 929 3937 τετάχαται.
984 3868 1086 3920 Δύο
1116 3867 1173 3919 δὲ
1232 3867 1337 3919 ὑπὸ
1388 3866 1648 3935 βασιλέως
1695 3869 1752 3929 ἐς

172 3968 477 4034 ξύμπασαν
517 3963 664 4033 αύτῷ
692 3964 794 4033 τὴν
828 3962 1007 4032 ἀρχὴν
1033 3961 1393 4014 καθίστανται
1433 3962 1749 4029 στρατηγοὶ,

171 4062 201 4111 ὁ
232 4061 333 4127 μὲν
362 4060 464 4125 τῆς
500 4057 791 4127 Εὐρώπης,
852 4057 881 4108 ὁ
909 4055 965 4108 δὲ
997 4056 1097 4122 τῆς
1128 4053 1337 4117 Ἀσιας.
1388 4055 1495 4125 Καὶ
1544 4053 1753 4106 τούτων

168 4150 428 4217 ἑκατέρῳ
463 4147 687 4199 ἕπονται
715 4147 783 4198 τά
811 4163 868 4197 τε
907 4145 1313 4214 στρατεύματα,
1347 4146 1441 4195 καὶ
1476 4144 1524 4196 ot
1554 4146 1753 4213 ἄρχον-

168 4260 285 4305 τες,
319 4245 448 4294 ὅποι
480 4242 545 4293 ἂν
572 4240 904 4307 ἐξηγῶνται,
955 4238 1175 4292 ἐπειδὰν
1211 4237 1512 4307 ἐπαγγείλῃ
1564 4238 1752 4298 αὐτοῖς

167 4336 195 4385 ὁ
227 4332 508 4401 βασιλεύς.
544 4330 814 4383 Ἐπονται
845 4330 901 4381 δὲ
934 4330 1117 4391 αὐτοῖς
1142 4330 1240 4380 καὶ
1270 4330 1318 4380 ot
1350 4326 1587 4395 ὕπαρχοι
1620 4327 1750 4395 παρ’

167 4428 359 4487 αὐτοῖς
394 4424 753 4492 σημειοψόροι
787 4423 850 4452 ¹⁷’
880 4421 1228 4489 καλούμενοι.
1271 4420 1520 4472 Ἐπειδὰν
1562 4420 1670 4489 γὰρ
1696 4421 1751 4481 ἐς

164 4516 267 4588 τὴν
324 4515 503 4585 ἀρχὴν
548 4518 754 4583 ταύτην
795 4514 909 4583 ’ὑπὸ
969 4513 1232 4583 βασιλέως
1279 4513 1632 4583 καθίστηται,
1660 4528 1753 4579 cn]-

170 4612 303 4679 μεῖά
335 4610 378 4640 ⁸⁸
411 4626 470 4661 τε
505 4609 762 4677 δωρεῖται
790 4608 952 4659 αὐτὸν
976 4608 1003 4659 ὁ
1040 4605 1312 4675 βασιλεὺς,
1345 4607 1419 4669 ὡς
1452 4610 1747 4676 στρατηγῷ

166 4702 475 4770 γενομένῳ,
521 4702 614 4751 καὶ
664 4699 875 4752 πολλῶν
926 4700 1151 4767 ἄρχοντι
1202 4700 1430 4751 πόλεων.
1487 4700 1673 4769 Τούτῳ
1702 4702 1748 4753 δ’

167 4796 323 4864 αὐτῷ
358 4794 589 4862 ὑπάρχῳ
618 4794 842 4845 ἕπονται
879 4794 927 4844 οἱ
956 4794 1063 4843 τῶν
1096 4793 1305 4845 πόλεων
1336 4794 1599 4862 ἄρχοντες
1623 4794 1745 4847 ὅποι

172 4888 554 4955 στρατεύοιτο,
590 4885 836 4955 Χωροῦσι
872 4886 928 4937 δὲ
967 4885 1207 4946 ἅπαντες
1256 4886 1397 4937 κατὰ
1429 4885 1599 4938 ταῦτα
1626 4887 1750 4938 ἐπό-

170 4996 329 5048 μενοι
360 4982 471 5041 τοῖς
507 4979 789 5047 σφετέροις
819 4976 1001 5030 αὐτῶν
1026 4976 1255 5047 ἄρχουσί
1287 4994 1343 5028 τε
1390 4979 1482 5029 καὶ
1518 4994 1749 5048 στρατη-

168 5076 311 5136 γοῖς,
359 5071 580 5123 ἐπειδὰν
611 5072 669 5132 ἐς
704 5071 765 5123 τὸ
798 5070 1065 5139 βασιλέως
1112 5071 1532 5138 παραγένωνται
1591 5088 1748 5139 στρα-

162 5164 418 5217 τόπεδον.
449 5160 599 5231 Αὕτη
657 5162 845 5231 σχεδὸν
897 5162 931 5229 ἡ
983 5160 1092 5212 τῶν
1144 5164 1574 5229 στρατευμάτων
1601 5163 1748 5231 αὐτῷ

160 5254 434 5317 διάταξις.
464 5255 525 5306 0t
564 5253 747 5323 μέντοι
784 5254 1129 5324 ἱπποδρόμοι,
1162 5253 1445 5305 τάττονται
1479 5255 1571 5305 καὶ
1592 5255 1739 5308 οὗτοι

1859 3329 1978 3367 rum
2016 3315 2211 3368 cohors
2241 3314 2503 3368 ducentos
2523 3316 2928 3383 complectitur.
2963 3315 3026 3367 Hi
3056 3325 3182 3370 sunt
3222 3318 3423 3371 ducum

1858 3413 1906 3457 et
1940 3406 2242 3473 principum
2273 3406 2386 3467 lilii,
2407 3421 2544 3475 quos
2575 3406 2641 3460 de
2663 3421 2761 3460 suo
2783 3406 3037 3460 cubiculo
3058 3410 3148 3460 rex
3174 3408 3424 3475 ejiciens,

1861 3500 1914 3552 in
1953 3500 2116 3552 istum
2157 3498 2367 3551 militia:
2385 3500 2634 3552 ordinem
2667 3499 2851 3560 mittit,
2888 3504 2942 3553 et
2965 3498 3100 3552 alios
3135 3499 3188 3553 in
3216 3501 3425 3568 ej'ei-to-

1864 3606 1982 3643 rum
2052 3592 2227 3643 locum
2272 3591 2575 3644 substituit.
2616 3589 2673 3645 lu
2730 3592 2832 3645 hoc
2881 3606 3043 3658 grege
3074 3606 3167 3645 eos
3205 3595 3424 3657 retinet,

1861 3685 1952 3751 qui
1987 3686 2228 3737 virorum
2256 3685 2522 3739 bonorum
2564 3697 2617 3738 et
2648 3686 2946 3739 illustrium
2984 3686 3081 3738 lilii
3107 3696 3422 3742 censentur.

1863 3775 1960 3829 Hic
2004 3787 2108 3839 est,
2148 3786 2206 3831 ut
2269 3777 2459 3845 paucis
2520 3777 2722 3842 dicam,
2754 3776 3056 3831 Januarum
3100 3779 3256 3834 ordo.
3289 3779 3427 3835 Uni-

1861 3878 2035 3918 versae
2068 3880 2180 3918 sua:
2214 3866 2548 3919 monarcbiaa
2585 3872 2680 3917 rex
2711 3865 2851 3919 duos
2884 3868 3148 3934 praeponit
3189 3868 3428 3938 impera-

1862 3966 2051 4009 tores:
2090 3954 2244 4025 123
2282 3973 2423 4011 unus
2456 3958 2708 4027 Europae,
2771 3973 2930 4027 quem
2971 3957 3193 4013 Bassam
3231 3960 3428 4014 llo-ua-

1862 4050 1913 4102 ni
1945 4051 2261 4116 appellunt:
2299 4052 2437 4102 alter
2465 4052 2608 4103 Asize
2651 4048 2840 4116 (Bassa
2878 4052 3145 4105 Anatolitr
3170 4054 3287 4107 sive
3318 4054 3429 4108 Na-

1861 4142 2001 4194 tolize
2034 4141 2234 4209 dictus)
2260 4142 2556 4209 imperator
2587 4149 2961 4209 nuncupatur.
2982 4142 3091 4197 Hos
3116 4158 3428 4213 sequuntur

1861 4236 2029 4301 copize
2062 4237 2327 4286 universae
2353 4245 2406 4287 et
2437 4235 2607 4288 duces
2683 4235 2905 4302 reliqui,
2942 4251 3276 4304 quocunque
3306 4256 3427 4291 mea

1863 4330 1966 4381 lem
2003 4338 2274 4391 avertunt,
2315 4329 2473 4395 jussu
2508 4330 2671 4395 regis.
2730 4329 2975 4383 Comites
3004 4346 3063 4384 se
3093 4331 3162 4384 iis
3185 4331 3428 4399 jungunt

1860 4429 1913 4473 et
1946 4421 2234 4487 prtesides,
2271 4436 2410 4488 quos
2463 4420 2755 4488 signiferos
2791 4424 3102 4475 nominaut.
3146 4420 3249 4477 Ubi
3277 4425 3424 4477 enim

1864 4512 1914 4562 in
1948 4510 2114 4562 istum
2145 4511 2395 4563 ordinem
2432 4510 2640 4565 fuerint
2690 4512 2870 4565 allecti
2902 4525 2932 4566 a
2968 4528 3117 4583 rege,
3151 4515 3429 4569 donantur

1860 4606 2052 4675 signis,
2106 4613 2165 4659 ut
2217 4607 2309 4673 qui
2346 4608 2532 4661 duces
2567 4616 2619 4661 et
2670 4608 2935 4677 praesides
2988 4610 3097 4664 sint
3129 4611 3425 4666 multarum

1855 4697 2096 4749 urbium.
2177 4696 2335 4751 Hunc
2418 4700 2703 4766 prasidem
2790 4706 3124 4758 comitantur
3210 4706 3422 4758 urbium

1856 4788 2129 4858 principes
2158 4800 2210 4842 et
2250 4792 2627 4858 magistratus,
2660 4798 2989 4863 quocunque
3019 4812 3143 4850 cum
3170 4802 3416 4850 exercitu

1858 4883 2246 4951 proficiscitur,
2302 4898 2425 4935 cum
2462 4886 2707 4940 universi
2756 4897 3059 4957 sequantur
3092 4905 3222 4942 suos
3259 4888 3431 4958 magi-

1851 4986 2056 5031 stratus
2086 4987 2137 5029 et
2168 4975 2358 5031 duces.
2395 4976 2499 5033 Ubi
2528 4989 2752 5033 ventum
2778 4982 3015 5035 fueritiu
3049 4991 3230 5036 castra
3255 4997 3427 5049 regis,

1851 5072 1939 5126 hic
1988 5071 2160 5124 ferme
2205 5073 2339 5125 ordo
2384 5084 2653 5128 servatur.
2706 5077 2929 5144 Equites
2976 5086 3342 5130 secernuntur
3372 5078 3425 5129 iu

1850 5180 1980 5218 suos
2014 5164 2288 5217 tribunos.
2321 5164 2595 5234 Azapides
2631 5168 2731 5221 sub
2762 5184 2872 5222 uno
2903 5168 3042 5222 duce
3083 5167 3304 5221 collecti
3330 5168 3424 5220 sti-

1846 5257 2041 5325 pendia
2072 5256 2299 5308 faciunt.

161 5352 221 5411 ὲς
254 5350 381 5405 τοὺς
426 5347 574 5413 σφῶν
606 5346 783 5398 αὐτῶν
835 5344 1131 5416 ὖπάρχους.
1192 5346 1255 5397 Ut
1312 5345 1369 5397 δὲ
1419 5342 1728 5412 ’Λζάπιδες,
1773 5348 1866 5417 ὑφ’
1898 5350 1979 5401 ἑνὶ
2005 5350 2225 5418 ἄρχοντι
2256 5349 2535 5419 ἑπόμενοι,
2562 5353 2619 5414 ἐς
2667 5351 2832 5403 ταυτὸ
2897 5351 3210 5420 γιγνόμενοι
3270 5366 3428 5415 στρα,

162 5442 441 5494 τεύονται.

251 5535 604 5604 Ἀμουράτης
635 5531 732 5601 μὲν
754 5526 851 5585 οὖν
884 5532 958 5595 ὡς
993 5532 1244 5596 ὲπέλασε,
1285 5530 1377 5584 καὶ
1430 5530 1741 5600 ἐπολιόρκει

163 5631 468 5692 Βυζάντιον
498 5628 605 5677 ἀπὸ
643 5624 910 5694 Θαλάττης
952 5626 1027 5686 εἰς
1088 5624 1383 5687 θάλατταν,
1436 5624 1743 5693 τηλεόόλοις

1922 5534 2213 5588 Amurates
2270 5551 2393 5588 cum
2450 5535 2693 5588 venisset
2747 5535 3092 5604 Byzantium,
3129 5536 3427 5604 urbemque

1853 5642 1971 5680 eam
2002 5628 2333 5689 obsedisset,
2359 5628 2559 5680 muenia
2604 5628 2894 5681 tormentis
2927 5630 3225 5697 quatiebat.
3284 5628 3427 5681 Ten-

1468 5768 1716 5829 Notulte
1750 5769 2155 5845 marginales.

246 5899 293 5931 "
328 5898 412 5952 Al.
450 5914 714 5967 σημαιοφ.

794 5898 856 5929 η’
899 5892 1322 5965 ’Δλοφαντζίόες.
1349 5893 1407 5947 Ii.
1444 5902 1498 5945 ut
1536 5895 1586 5948 iu
1621 5905 1760 5949 cont.
1844 5894 1886 5926 "’
1910 5892 1994 5945 ΑΙ.
2024 5893 2400 5964 οημαισιφὸροι.

2486 5895 2524 5925 ⁸⁸
2556 5894 2638 5947 ΑΙ.
2672 5894 2896 5962 σημαία.
