4190 6434
745 404 845 467 εει

1866 391 2176 454 [.AONlCl
2216 388 2878 452 CIIALCOCONDYLE

3903 400 4003 464 233

744 521 891 572 tabat
911 513 1128 585 quidem
1153 525 1366 565 murum
1383 519 1651 570 sternere,
1672 515 1726 559 at
1743 513 1920 573 empta
1935 519 2124 573 parum
2145 517 2328 557 succe-

2437 520 2496 553 τε
2518 503 2717 557 ἔτυπτε
2743 503 2802 556 τὸ
2826 506 3021 573 τεῖχος,
3059 504 3153 557 καὶ
3177 505 3455 574 ἐπειρᾶτο.
3513 506 3589 558 Οὐ
3633 507 3818 573 μέντοι
3849 513 4002 564 κατέ·

745 612 965 665 dehant.
1003 606 1158 660 Globi
1191 620 1332 672 quos
1351 602 1659 656 hombarda:
1677 597 2026 666 torquebant,
2063 595 2322 665 ponderis

745 714 902 758 crant
932 700 1177 754 maximi.
1199 697 1386 751 Murus
1415 704 1596 749 autem
1615 709 1737 747 cum
1755 693 1895 745 foret
1925 694 2110 743 lirntus
2141 699 2192 744 et
2227 690 2324 743 ad-

747 794 968 848 modum
998 791 1262 850 niunitus,
1288 787 1574 842 tormentis
1593 783 1930 838 nihilcessit.
1961 780 2320 834 Bombardam

747 902 848 955 ego
879 885 1118 938 arbitror
1155 897 1258 934 non
1291 894 1413 934 C>88
1442 878 1723 932 inventum
1765 874 2076 942 antiquum,
2113 879 2170 924 ut
2197 871 2323 937 quis

746 978 932 1033 credat
959 996 988 1031 ιι
1023 975 1297 1030 veteribus
1331 988 1452 1028 esse
1489 980 1779 1039 repertam.
1816 966 1971 1021 Unde
1999 975 2179 1018 autem
2213 963 2324 1016 ori-

746 1075 926 1142 ginem
977 1069 1335 1137 sumpserint,
1373 1073 1468 1118 aut
1518 1063 1610 1131 qui
1678 1061 1937 1114 mortales
1976 1047 2134 1128 primi
2166 1060 2323 1110 honi-

749 1166 948 1221 bardas
1015 1164 1068 1217 in
1128 1177 1230 1215 usu
1299 1160 1630 1221 habuerint,
1699 1154 1841 1208 haud
1899 1162 2052 1206 certo
2111 1151 2323 1203 tradere

751 1274 998 1330 possunt.
1031 1255 1261 1322 Quidam
1288 1253 1592 1306 Germanos
1634 1257 1827 1316 putant
1860 1245 2172 1301 bombardis
2201 1258 2322 1296 esse

753 1374 880 1412 usos
905 1374 919 1411 :
955 1355 1255 1420 iisdemque
1278 1349 1700 1403 bombartlarum
1732 1346 2010 1398 inventum
2035 1352 2321 1408 acceptum

756 1458 959 1505 lerunt.
1007 1445 1216 1513 Reliqui
1273 1452 1453 1496 autem
1513 1437 1884 1493 bombardarii
1931 1452 1994 1489 ex
2030 1434 2322 1490 Germania

751 1541 1048 1610 progressi,
1075 1541 1126 1592 in
1153 1540 1471 1590 universum
1505 1533 1759 1602 paulatim
1787 1545 2082 1599 pervenere
2112 1530 2322 1581 orbem.

751 1637 908 1691 Unde
965 1645 1145 1686 autem
1189 1630 1457 1698 origim-m
1524 1625 1772 1694 ceperint
1809 1621 2139 1683 bombardze,
2174 1632 2324 1675 certo

750 1728 1033 1789 assignare
1065 1737 1173 1776 non
1200 1736 1445 1790 possunt.
1472 1720 1713 1786 Impetus
1736 1730 1864 1769 vero
1897 1712 2321 1766 bomhardarum

750 1834 804 1874 (ιι
840 1819 1103 1873 mirabilis
1133 1817 1212 1868 vis
1244 1817 1598 1882 cognoscitur
1623 1811 1768 1871 inde,
1812 1808 1952 1876 quod
1975 1806 2322 1876 corporibus,

2431 595 2561 649 ϐαλέ
2593 614 2680 661 γε.
2719 590 2916 649 Εἴλκον
2944 597 2987 626 ¹⁹
3020 598 3075 649 δὲ
3097 599 3145 649 0i
3177 599 3312 649 λίθοι
3350 598 3462 654 τῶν
3493 598 3818 665 τηλεϐὀλων,
3849 603 4002 652 σταθ-

2431 690 2534 755 μίν
2559 689 2684 758 τρία
2711 688 3078 758 ἡμιτάλαντα.
3107 690 3270 744 Ὥστε
3291 691 3504 760 ἀντεῖχε
3540 691 3603 743 τὸ
3632 693 3830 760 τεῖχος.
3879 693 4004 763 ὀχυο

2433 781 2524 848 ρϐν
2563 799 2619 833 τε
2647 780 2729 843 ὃν,
2767 782 2902 850 πρός
2931 799 2990 834 τε
3049 784 3276 847 τούτους
3323 785 3450 848 τοὺς
3510 785 3860 853 τηλεϐόλους,
3914 789 4006 840 καὶ

2429 877 2639 946 οὐδαμῆ
2675 879 2920 931 ὑπεῖκον.
2953 879 3110 930 Δοκεῖ
3150 878 3250 947 μὲν
3303 878 3396 933 οὖν
3427 882 3454 932 ὁ
3485 879 3776 950 τηλέϐολος
3814 883 3876 933 οὑ
3906 883 4007 936 πά-

2431 990 2492 1024 νυ
2524 973 2750 1036 παλαιὸς
2781 971 2944 1040 εἶναι,
2965 976 3108 1030 ὥστε
3140 976 3382 1028 συνιέναι
3412 977 3560 1046 ἡμᾶς
3592 979 3684 1032 ἐπὶ
3731 977 3854 1031 νοῦν
3885 979 4008 1048 ἰλη-

2431 1064 2648 1120 λυθέναι
2672 1071 2784 1129 τοῖς
2817 1067 3065 1130 παλαιοῖς
3094 1069 3156 1121 τὸ
3181 1069 3445 1124 τοιοῦτον.
3481 1071 3645 1123 Ὅθεν
3669 1073 3855 1138 μέντοι
3908 1074 4008 1141 ἀρ-

2431 1161 2533 1232 χὴν
2563 1161 2800 1228 ἐγένετο,
2830 1163 2922 1214 καὶ
2951 1162 3092 1223 τίνες
3125 1163 3428 1232 ἀνθρώπων
3453 1163 3510 1226 ἐς
3535 1164 3635 1232 τὴν
3661 1162 3757 1216 τοῦ
3787 1165 4010 1234 τηλεϐό-

2431 1256 2523 1308 λου
2549 1255 2807 1324 ἀφίκοντο
2831 1259 3049 1327 πεῖραν,
3085 1257 3184 1311 οὐκ
3217 1259 3324 1329 ἔχω
3353 1259 3693 1330 διασημῆναι
3727 1263 4007 1332 ἀσφαλῶς.

2432 1349 2647 1401 οἴονται
2674 1347 2857 1416 μέντοι
2891 1350 2998 1401 ἀπὸ
3027 1349 3328 1420 Γερμανῶν
3363 1353 3620 1420 γενέσθαι
3668 1371 3726 1407 τε
3759 1355 4006 1418 τούτους,

2431 1441 2522 1492 καὶ
2553 1440 2760 1502 τούτοις
2790 1441 2880 1494 ἐπὶ
2907 1442 3002 1494 νῦν
3051 1444 3277 1512 ἀφῖχθαι
3330 1448 3537 1516 ταύτην
3585 1447 3685 1514 τὴν
3735 1452 4007 1519 μηχανήν.

2446 1534 2584 1587 Ἀλλ’
2616 1537 2664 1587 οἱ
2709 1536 2809 1604 μὲν
2836 1535 3212 1604 τηλεϐολίσκοι
3233 1538 3341 1591 ἀπὸ
3379 1539 3678 1610 Γερμανῶν
3707 1544 3802 1596 καὶ
3831 1545 3887 1604 ἐς
3911 1543 4010 1612 τὴν

2431 1628 2600 1698 ἄλλην
2641 1629 2782 1685 κατά
2818 1630 2994 1701 βραχὺ
3025 1632 3287 1699 ἀφίκοντο
3315 1635 3652 1705 οἰκουμένην
3682 1639 3765 1690 ὀἱ
3800 1637 3859 1690 δὲ
3916 1655 4012 1707 τη-

2431 1723 2645 1776 λέϐολοι
2703 1725 2804 1777 οὐκ
2861 1726 2927 1778 ἂν
2973 1725 3176 1794 εἰδείην
3230 1727 3418 1796 σαφῶς
3471 1729 3845 1798 ἰσχυρίζεσθαι
3892 1731 4015 1784 ὅθεν

2433 1820 2682 1886 ἐγένοντο
2711 1819 2810 1889 τὴν
2837 1821 3034 1890 ἀρχήν.
3079 1822 3191 1891 Τὴν
3219 1821 3275 1874 δὲ
3311 1821 3470 1892 ἰσχύν
3493 1841 3552 1876 τε
3586 1827 3679 1878 καὶ
3709 1825 3884 1894 φορὰν
3915 1826 4013 1896 τὴν

755 1911 837 1965 vel
871 1912 936 1963 iis
966 1925 1086 1978 quat
1113 1903 1406 1961 resistendi
1442 1904 1548 1956 vim
1584 1902 1804 1966 habent,
1852 1899 2115 1952 damnum
2166 1895 2328 1950 infert

2433 1881 2739 1982 ἀμήχανον,
2834 1881 3234 1984 ἐπιφερόμενος
3253 1916 3282 1968 ὁ
3312 1881 3484 1983 λίθος,
3511 1918 3635 1972 ὅποι
3675 1881 3743 1972 ἂν
3775 1881 4012 1986 γένοιτο,

755 2003 1074 2054 maximum.
1109 1998 1294 2052 Pulvis
1320 2005 1501 2048 autem
1533 1995 1793 2062 impetum
1823 1991 1972 2044 illum
2003 1991 2328 2053 violentum,

752 2112 862 2164 quo
895 2094 1067 2148 fertur
1103 2092 1398 2144 ministrat.
1434 2086 1646 2140 Nitrum
1691 2084 1856 2148 enim,
1887 2100 1951 2138 ex
2015 2098 2124 2153 quo
2151 2083 2328 2152 pulvis

754 2187 1066 2247 ciiiilicitnr,
1100 2183 1285 2234 addito
1315 2182 1553 2234 carbone
1583 2188 1636 2231 et
1674 2179 1959 2248 sulphure,
2005 2177 2113 2230 vim
2166 2176 2327 2231 istaut

755 2289 922 2334 tenet.
948 2275 1330 2344 Orbisjudirat
1362 2272 1689 2326 hmnbardas
1716 2284 1865 2322 arma
1913 2279 1967 2322 et
1994 2268 2331 2321 munimenta

756 2387 877 2426 esse
942 2371 1167 2438 optima.
1229 2366 1572 2434 Quapropter
1628 2367 1793 2417 etiam
1863 2363 2044 2416 minus
2109 2362 2332 2415 virtutis

758 2464 1070 2518 bontbarita:
1102 2461 1324 2524 habent,
1362 2457 1616 2528 quamvis
1668 2472 1858 2510 earnm
1918 2456 2154 2524 impetus
2193 2468 2333 2523 pene

759 2562 830 2612 sit
860 2559 1100 2609 divinus.
1136 2555 1374 2610 Primam
1428 2552 1781 2606 bomhardarn
1847 2550 2106 2605 existimo
2159 2549 2333 2603 fuisse

760 2656 1010 2704 terreant.
1046 2651 1237 2703 Postea
1269 2649 1488 2700 deruunt
1539 2647 1737 2714 Opinor
1772 2645 2043 2699 fusionem
2105 2644 2230 2697 atris
2279 2651 2333 2697 et

757 2745 937 2798 stanni
967 2761 1088 2794 csse
1119 2741 1511 2808 excogitatam,
1547 2754 1666 2807 qme
1697 2754 1789 2807 per
1815 2737 2200 2791 conﬂationem
2248 2735 2330 2790 ﬁt.

759 2843 890 2900 (tua:
920 2835 1140 2902 quidem
1181 2834 1408 2886 materia
1438 2831 1598 2901 juxta
1633 2841 1895 2886 censetur
1923 2847 2043 2886 esse
2079 2831 2333 2886 firmissi-

761 2951 867 2995 ma,
937 2944 990 2986 et
1046 2935 1249 3000 optima
1296 2952 1308 2984 :
1349 2944 1527 2997 eoque
1591 2929 1845 2984 conferre
1907 2927 2224 2997 plurimum,
2273 2935 2333 2980 ut

758 3029 949 3096 globus
990 3027 1043 3078 in
1074 3025 1378 3077 mirandam
1404 3023 1688 3076 emittatur
1736 3022 2158 3091 longitudinem.
2199 3019 2332 3074 For-

763 3137 904 3174 n-am
930 3130 1110 3172 autem
1146 3119 1569 3172 bombardarum
1609 3114 1944 3176 describere,
1977 3128 2099 3167 cum
2131 3114 2333 3182 ubique

760 3213 1040 3267 hominum
1075 3212 1248 3264 oculis
1280 3209 1507 3277 objecta:
1537 3209 1668 3269 sint,
1711 3221 2178 3276 supervacaneum
2212 3204 2331 3260 fore

753 3302 1019 3370 judicavi.
1044 3299 1348 3354 Botnharda
1375 3299 1608 3367 oblonga
1633 3307 1717 3351 est
1747 3315 1761 3351 :
1789 3306 1842 3351 et
1873 3307 2082 3366 quanto
2111 3295 2326 3365 longior

755 3409 858 3460 est,
892 3405 1042 3450 tanto
1099 3395 1315 3461 longius
1368 3392 1674 3462 ejaculatur
1704 3391 1946 3461 globum.
2005 3391 2330 3459 Accepimus

754 3491 902 3544 enim
957 3488 1310 3542 bombardarn
1370 3484 1577 3548 fuisse,
1640 3486 1799 3552 cujus
1861 3483 2058 3553 globus
2122 3484 2326 3552 impetu

755 3585 1008 3645 emissus,
1085 3579 1429 3650 superaverit
1483 3577 1833 3645 septuaginta
1908 3575 2067 3646 124
2128 3576 2326 3638 stadia,

757 3680 882 3729 cum
949 3675 1178 3728 finitima
1218 3682 1362 3724 terra
1417 3686 1537 3740 qua:
1591 3669 1972 3738 ititerjaeebat,
2037 3669 2327 3738 utrobique

759 3779 1089 3824 moveretur.
1127 3765 1374 3819 Potentia
1411 3775 1595 3817 autem
1637 3766 1802 3834 ignis.
1859 3776 1916 3816 ut
1949 3772 2190 3833 apparet,
2251 3773 2333 3817 to-

758 3863 902 3913 nitru
934 3869 1210 3928 procurat.
1246 3873 1457 3910 necnon
1495 3857 1785 3909 violentam
1823 3857 2081 3911 lationem
2107 3856 2326 3926 lapidis.

755 3951 888 4006 Nam
916 3954 960 4006 si
989 3953 1128 4019 ignis
1165 3951 1412 4003 inclusus
1436 3959 1685 4016 COgatur,
1725 3966 1917 4018 magna
1959 3952 2233 4018 quitedant,
2275 3963 2329 4006 et

754 4063 873 4114 qtur
900 4055 1147 4097 nostrum
1174 4043 1328 4110 plane
1354 4050 1574 4108 captum
1602 4044 1896 4106 excedunt,
1923 4043 2132 4096 t-flicere
2156 4045 2326 4096 novit.

756 4141 927 4192 Etiam
959 4138 1167 4205 fulmen
1204 4137 1471 4201 nascitur,
1501 4137 1546 4190 si
1584 4144 1780 4189 ventus
1830 4120 1884 4188 in
1933 4136 2109 4206 ignem
2147 4147 2326 4190 muta-

756 4245 862 4288 tur.
900 4235 1038 4287 liinc
1076 4234 1244 4303 igitur
1279 4241 1331 4285 et
1362 4235 1600 4284 tronitru
1633 4241 1686 4283 et
1717 4231 1850 4283 latio
1901 4231 1956 4284 ﬁt
1991 4245 2004 4283 :
2043 4233 2157 4286 sive
2183 4234 2324 4300 quod

753 4327 1093 4380 concedatur
1139 4342 1248 4378 non
1309 4342 1433 4380 esse
1487 4340 1721 4378 vacuum
1783 4326 1834 4376 in
1879 4340 2056 4377 rerum
2108 4339 2324 4390 natura,

755 4421 866 4471 sive
899 4419 1042 4487 quod
1076 4419 1215 4488 ignis
1249 4418 1488 4472 efficacia
1531 4417 1756 4470 accedat
1785 4433 1798 4470 :
1835 4434 1939 4484 qua
1964 4420 2009 4471 si
2061 4419 2329 4474 violenter

755 4526 1036 4578 urgeatur,
1072 4522 1123 4563 i-t
1159 4513 1440 4564 materiam
1471 4511 1847 4577 apprehendat
1878 4513 1982 4564 sibi
2015 4529 2329 4568 accommo-

2437 2009 2703 2077 μεγίστην
2730 2011 2844 2072 τοῖς
2889 2010 3136 2080 σώμασιν
3191 2013 3516 2083 ἐπιφέρεται
3567 2013 3775 2085 βλάϐην
3807 2031 3824 2048 ·
3871 2015 3908 2086 ἦ
3955 2031 4014 2068 τε

2433 2103 2583 2163 κόνις
2625 2105 2927 2173 παρέχεται
2980 2105 3057 2173 τῷ
3090 2108 3271 2172 παντὶ,
3299 2109 3393 2161 καὶ
3424 2108 3532 2161 ἀπὸ
3569 2110 3774 2179 ταύτης
3831 2111 4014 2180 ἐνήνε-

2434 2209 2586 2246 κται.
2613 2194 2724 2262 Τῆς
2757 2193 2814 2246 δὲ
2842 2197 3048 2257 κόνεως
3077 2199 3138 2248 τὸ
3193 2199 3374 2269 νίτρον
3429 2199 3573 2270 ἔχειν
3623 2205 3723 2268 τὴν
3759 2203 4012 2270 δύναμιν,

2434 2285 2666 2354 ἄνθρακί
2710 2305 2770 2339 τε
2806 2288 2898 2340 καὶ
2959 2289 3090 2360 θείῳ
3147 2293 3581 2364 ἐπιμιγνυμένη.
3644 2293 3802 2347 Οὕτω
3845 2295 3901 2347 δὲ
3943 2295 4019 2356 ὡς

2433 2382 2654 2448 ἄμεινον
2687 2381 2802 2448 ἔχει
2831 2381 2899 2434 τὰ
2928 2384 3025 2450 τῆς
3064 2386 3392 2457 οἰκουμένης
3415 2389 3471 2450 ές
3503 2389 3571 2441 τά
3601 2390 3763 2443 ὅπλα.
3793 2389 3887 2441 Διὸ
3923 2393 4017 2442 καὶ

2433 2475 2633 2544 ἀρετῆς
2665 2475 2888 2529 ἔλαττον
2921 2481 3260 2550 ῖσχειάὖτῇ,
3312 2484 3413 2548 τὴν
3456 2483 3739 2553 δαιμονίαν
3794 2485 4015 2552 ἐκείνην

2436 2567 2628 2636 φοράν.
2664 2571 2823 2621 Δοκεῖ
2842 2569 2900 2622 δὲ
2935 2572 3190 2636 γενέσθαι
3228 2566 3622 2643 σιδηροῦξμὲν
3653 2577 3714 2628 τὸ
3750 2579 3968 2645 πρῶτον
4004 2595 4016 2608 ’

2437 2660 2574 2728 μετά
2604 2661 2659 2712 δὲ
2686 2660 2858 2713 ταῦτα
2887 2662 2985 2730 τὴν
3015 2663 3109 2715 τοῦ
3139 2663 3383 2733 χύματος
3410 2667 3753 2736 καλουμένου
3780 2671 4021 2739 ἐπιφρά-

2435 2754 2635 2806 σασθαι
2660 2756 2875 2824 πεῖραν,
2904 2755 3000 2807 τοῦ
3032 2757 3238 2825 χαλκοῦ
3273 2757 3371 2810 σὺν
3419 2759 3497 2829 τῷ
3549 2763 3860 2833 κασσιτέρῳ
3924 2781 4020 2832 με·

2439 2848 2737 2916 μιγμένου,
2769 2848 3080 2916 εὐδοκιμεῖν
3116 2851 3171 2912 ἐς
3200 2851 3262 2903 τὺ
3304 2854 3522 2920 ἀφιέναι
3556 2845 3828 2908 τὺνλίθον
3859 2857 4021 2926 ἀμει-

2435 2941 2524 2992 νόν
2552 2957 2608 2992 τε
2644 2942 2732 2993 καὶ
2761 2941 3132 3013 βεϐαιότερον.
3157 2945 3229 2997 Τὸ
3273 2945 3455 3013 μέντοι
3522 2948 3709 3018 σχῆμα
3759 2949 4020 3014 διεξιέναι

2433 3030 2544 3086 οἷόν
2573 3036 2711 3094 ἐστι,
2739 3037 3031 3106 περίεργον
3054 3039 3204 3106 μέντ’
3237 3040 3305 3093 ἂν
3353 3043 3462 3111 εἴη,
3519 3046 3655 3097 πᾶσι
3709 3045 4021 3114 καθορῶσιν

2438 3129 2750 3197 ἀπανταχῆ.
2801 3127 3113 3200 Ἐπίμηκες
3149 3132 3192 3184 δ’
3229 3133 3310 3199 ὃν,
3339 3135 3465 3189 ὅσον
3482 3136 3527 3188 δ’
3560 3135 3628 3190 ἂν
3681 3137 3765 3207 εἴη
3817 3141 4023 3212 ἐπιμη-

2358 3252 2398 3308 C
2436 3222 2714 3291 κέστερον,
2749 3224 2994 3296 τοσούτῳ
3034 3228 3129 3280 ἐπὶ
3163 3231 3430 3297 μήκιστον
3459 3231 3656 3297 ἀφίησι
3703 3233 3794 3287 τὸν
3823 3233 3975 3288 λίθον
4003 3253 4018 3268 ο

2432 3315 2561 3368 ὥστ’
2588 3316 2654 3369 ἂν
2680 3318 2935 3384 γενέσθαι
2966 3323 3258 3390 τηλέϐολον
3379 3325 3719 3395 ἐπυθόμεθα,
3787 3330 4022 3397 ἀφιέντα

2430 3410 2522 3462 τὸν
2540 3409 2686 3463 λίθον
2715 3412 2809 3464 ἐπὶ
2838 3413 3218 3484 ἐϐδομήκοντα
3260 3419 3532 3482 σταδίους,
3586 3421 3744 3492 πέριξ
3801 3425 4021 3490 σειομέ-

2432 3520 2536 3572 νην
2561 3503 2659 3573 τὴν
2687 3506 2792 3573 γῆν
2823 3508 2948 3559 κατ’
2979 3507 3151 3577 ἀμφω
3189 3509 3268 3562 τὼ
3299 3510 3666 3582 διαστήματε.
3707 3518 3872 3568 Δοκεῖ
3899 3517 3942 3567 δ’
3989 3520 4019 3585 ἡ

2432 3594 2525 3648 τοῦ
2552 3596 2722 3666 πυρὸς
2755 3598 2897 3668 αὕτη
2930 3599 3165 3671 δύναμις
3228 3604 3320 3656 τόν
3373 3622 3434 3656 τε
3484 3605 3658 3674 ψόφον
3711 3609 3997 3679 ἀπεργάζε

2434 3687 2579 3751 σθαι,
2604 3690 2694 3742 καὶ
2725 3693 2825 3759 τὴν
2860 3693 3054 3763 φορὰν,
3090 3690 3169 3765 ᾖό
3205 3696 3352 3760 λίθος
3393 3699 3642 3768 φέρεται.
3677 3701 4020 3772 Βιαζόμενον

2430 3783 2539 3851 γὰρ
2562 3784 2620 3835 τὸ
2656 3788 2918 3855 στοιχεῖον
2948 3787 3126 3852 τοῦτο,
3170 3790 3442 3859 πάμμεγα
3508 3794 3604 3844 καὶ
3643 3793 3932 3862 δαιμόνιόν
3970 3817 4021 3850 τι

2429 3876 2690 3930 δύνασθαι
2721 3878 2886 3942 δοκεῖ,
2981 3881 3045 3950 δὴ
3069 3882 3162 3933 καὶ
3193 3883 3286 3934 τὸν
3343 3886 3587 3953 σκηπτὸν
3639 3887 4022 3957 ἀπεργάζεται

2429 3969 2493 4021 τὸ
2523 3966 2764 4038 πνεῦμα,
2797 3972 2876 4034 εἰς
2903 3973 2963 4024 τὸ
2995 3972 3107 4042 πῦρ
3147 3975 3505 4042 μεταϐάλλον.
3537 3977 3661 4030 Εἴτε
3712 3982 3812 4049 μὲν
3844 3981 3942 4034 οὖν
3965 3983 4024 4034 τδ

2435 4064 2508 4133 μὴ
2534 4064 2688 4116 κενδν
2723 4067 3156 4136 συγχωρεῖσθαι,
3183 4068 3274 4120 τόν
3301 4086 3360 4122 τε
3404 4069 3578 4138 ψόφον
3624 4073 3877 4140 γίνεσθαι
3929 4078 4024 4128 καὶ

2429 4158 2529 4225 τὴν
2561 4158 2755 4228 φορὰν,
2784 4161 2894 4212 είτε
2929 4159 3099 4231 ταὺτῃ
3123 4159 3218 4213 τοῦ
3271 4163 3441 4232 πυρὸς
3481 4164 3775 4236 τιθεμένου
3806 4171 3874 4238 τῇ
3936 4170 4022 4221 δυ-

2431 4251 2614 4319 νάμει,
2656 4253 2878 4306 ἐπειδὰν
2949 4255 3421 4324 προσϐιαζόμενον
3477 4258 3608 4328 ὕλης
3669 4261 4020 4332 ἐπιλάϐηται,

2431 4346 2643 4412 ἀνάγκη
2672 4346 2848 4399 ταῦτα
2870 4348 3321 4418 ἀπεργαζόμενον
3382 4355 3555 4422 [σχειν
3613 4356 3782 4424 ἀμφω
3822 4359 4018 4413 ταῦτα.

2431 4441 2587 4491 Δοκεῖ
2607 4439 2664 4491 δὲ
2687 4438 2783 4491 τοῦ
2817 4441 2995 4509 πυρὸς
3018 4443 3118 4512 τὴν
3151 4443 3384 4514 δύναμιν
3431 4443 3571 4499 εἶναι
3620 4449 3828 4519 ταύτην
3882 4451 4021 4521 ξύμ-

2431 4530 2757 4594 πασαν,καὶ
2789 4529 2888 4600 τὴν
2923 4532 3073 4584 κόνιν
3131 4533 3314 4598 ὀξεῖαν
3378 4541 3714 4606 πεφυκυῖαν,
3775 4543 3876 4610 τὴν
3929 4543 4022 4596 τοῦ

753 4610 897 4659 dam.
941 4618 1172 4672 ultaque
1207 4607 1307 4657 ista
1368 4613 1632 4671 praestare
1688 4606 1877 4671 possit.
1911 4604 2099 4660 Oatnis
2145 4623 2326 4665 autem

2438 4621 2606 4689 πυρὸς
2632 4622 2887 4691 δύναμιν,
2921 4625 3010 4678 διὰ
3045 4625 3138 4678 τοῦ
3166 4627 3336 4698 tropo;
3390 4633 3562 4684 κινεῖν
3615 4649 3673 4684 τε
3709 4634 4020 4704 ἀμήχανον,

757 4702 857 4755 ista
887 4701 1125 4767 potentia
1159 4699 1210 4749 in
1263 4699 1464 4765 ignem,
1517 4706 1576 4749 ιιι
1604 4714 1850 4763 causam,
1894 4701 2178 4755 referenda
2227 4717 2327 4760 est.

2442 4715 2534 4765 καὶ
2594 4715 2810 4785 βάλλειν
2861 4735 2973 4785 μακ
2983 4720 3206 4788 ρὸτατα.

760 4795 871 4845 Huc
902 4793 1122 4843 additur
1156 4800 1208 4842 et
1232 4790 1432 4857 pulvis,
1466 4792 1555 4860 qui
1600 4801 1796 4846 nactus
1827 4803 1913 4846 est
1956 4796 2095 4864 ignis
2130 4803 2457 4868 potentiam,
2526 4807 2903 4863 intercedente
2978 4811 3123 4882 igne,
3197 4828 3437 4870 movere.
3509 4813 3719 4881 Quibus
3765 4821 4024 4876 omnibus

757 4886 1082 4949 conjunctis,
1120 4882 1174 4934 fit
1207 4893 1264 4936 nt
1294 4884 1453 4949 lapis,
1490 4888 1605 4937 sive
1641 4887 1857 4956 globus,
1892 4891 1948 4942 in
1980 4901 2183 4945 tantam
2213 4897 2607 4966 longitudinem
2635 4903 2887 4969 jaciatur.

827 4981 1113 5030 Amurates
1147 4977 1315 5044 igitur
1349 4976 1668 5032 Mechmetis
1697 4981 2175 5052 filius,aggressus
2211 5007 2331 5042 tnu-

760 5089 898 5132 runi,
941 5071 1140 5138 nb;tpie
1166 5071 1404 5124 admotis
1436 5071 1754 5128 bombardis
1777 5085 1826 5130 et
1867 5078 1988 5131 allis
2039 5083 2329 5147 machinis,

757 5182 880 5216 ρυιιι
910 5179 1108 5230 capere
1171 5164 1475 5217 nitebatur.
1532 5168 1600 5217 At
1632 5164 1809 5221 Graeci
1869 5173 2070 5224 moenia
2118 5175 2332 5229 fortiter

757 5257 1139 5319 defendebant,
1165 5257 1231 5307 de
1255 5256 1419 5309 scalis
1438 5255 1798 5314 dcturbantes
1820 5270 2138 5330 peregrinos
2164 5271 2326 5336 regis.

758 5353 984 5415 Quidam
1011 5350 1309 5415 amputatis
1333 5350 1602 5418 capitibus
1632 5353 2062 5409 devolvebantur
2087 5357 2152 5410 ad
2180 5376 2329 5416 suos.

763 5447 1046 5493 .‘itmn-ates
1078 5457 1197 5492 cum
1229 5440 1364 5493 nihil
1421 5441 1680 5504 ediceret,
1716 5443 1839 5497 licet
1880 5449 2058 5500 omnia
2099 5459 2332 5505 tentaret

757 5547 872 5598 qua:
907 5531 969 5582 ad
1011 5530 1199 5582 urbem
1238 5529 1558 5596 capiendam
1597 5533 1955 5600 pertinerent,
1999 5538 2217 5592 tristitia
2250 5543 2330 5593 af-

761 5631 928 5676 lectus
967 5631 1050 5675 est
1091 5639 1104 5674 :
1149 5633 1199 5674 et
1257 5621 1424 5674 animi
1480 5625 1699 5690 anxius,
1757 5643 1926 5696 usque
1987 5635 2208 5700 putabat
2272 5652 2329 5689 se

2511 4996 2644 5048 Τότε
2679 4997 2778 5064 μὲν
2815 4998 2908 5051 οὖν
2951 4999 3298 5071 Ἀμουράτης
3333 5003 3359 5054 ὁ
3398 5003 3724 5073 Μεχμέτεω,
3792 5009 4023 5077 1111:63-

2441 5087 2554 5149 λοις
2584 5091 2679 5140 καὶ
2702 5091 2891 5154 ἄλλαις
2916 5094 3188 5162 μηχαναῖς
3225 5096 3634 5165 πειρσσὰμενος
3658 5098 3752 5151 τοῦ
3785 5101 4023 5169 τείχους,

2439 5181 2569 5250 περὶ
2597 5182 2807 5251 ἡμέρας
2834 5185 3053 5247 ἱκανὰς,
3086 5187 3392 5252 προσέϐαλε
3433 5191 3512 5258 τῲ
3543 5192 3712 5259 τείχει
3779 5193 4025 5244 ann-.1-

2439 5275 2530 5342 χῆ,
2573 5278 2668 5327 καὶ
2720 5278 2861 5328 ἑλεῖν
2919 5280 3201 5349 ἐπειρᾶτο.
3281 5281 3704 5353 Ἐξεκρούσαντο
3750 5286 3806 5336 δὲ
3863 5287 4024 5337 αὐτὸν

2440 5368 2548 5417 ἀπό
2578 5384 2635 5418 τε
2694 5370 2803 5422 τὼν
2859 5372 3143 5442 κλιμάκων
3206 5377 3596 5439 καταϐαλόντες
3640 5378 3689 5428 οί
3736 5378 4023 5447 Ἕλληνες,

2441 5458 2563 5517 τοὺς
2595 5458 2857 5526 βασιλέως
2905 5464 3190 5531 νεήλυδας.
3233 5467 3343 5517 Kz't
3401 5469 3561 5518 ἐνίων
3612 5470 4022 5534 ἀποτεμόμενοι

2438 5550 2534 5610 τὰς
2567 5551 2832 5616 κεφαλὰς,
2868 5554 3274 5621 ἀπηνέγκαντο.
3322 5559 3664 5627 ’Δμουράτης
3687 5559 3732 5611 δ’
3772 5560 3847 5620 ὡς
3873 5559 4023 5611 οὐδὲν

2438 5642 2746 5713 προσεχώρει
2779 5647 2811 5714 ἡ
2844 5646 2938 5699 τοῦ
2974 5649 3182 5712 ἄστεως
3245 5650 3479 5720 αἵρεσις,
3526 5651 3765 5722 ᾕσχαλλέ
3821 5670 3882 5706 τε
3926 5653 4022 5705 καὶ

2038 5771 2285 5833 Notulte
2321 5778 2727 5848 marginales.

829 5887 867 5914 ³³
902 5883 986 5936 Sir
1029 5894 1153 5950 puto
1184 5884 1448 5953 legraduin
1471 5928 1483 5950 ,
1513 5904 1612 5940 non
1647 5883 1808 5945 εἶκον.
1834 5891 1894 5944 Il.
1929 5903 1985 5946 ut
2017 5894 2068 5945 in
2100 5911 2146 5946 c.
