4190 6434
215 411 322 475 933

1317 411 1414 471 DE
1447 407 1697 467 REBUS
1723 402 2080 464 TUIlClClS
2112 402 2253 463 LIB.
2278 402 2340 462 ν.

3357 390 3467 457 234

213 527 410 595 ἠθύμει
450 542 464 556 ο
490 525 628 594 ῷετο
660 522 715 577 δέ
747 524 998 593 αἱρήσειν
1050 521 1147 591 τὴν
1201 521 1369 575 πόλιν.
1440 518 1785 590 Διατρίϐοντι

1904 512 2081 564 trbem
2148 517 2565 579 occupaturum.
2611 506 2785 559 ltloras
2848 505 3011 574 igitur
3043 517 3163 558 cum
3224 508 3471 558 nectet-et

212 619 265 670 δὲ
298 618 448 686 αὐτῷ
479 616 953 687 ἐπεκηρυκεύοντό
983 633 1041 667 τε
1100 615 1150 665 οἱ
1193 614 1473 681 Ἕλληνες,
1523 611 1638 663 ἀλλ’
1677 610 1785 661 οὐδ’

213 710 285 770 ὡς
308 710 504 779 ἢθελεν
535 710 717 770 αὐτοῖς
775 709 1121 762 σπένδεσθαι.
1167 707 1301 761 Μετ’
1356 708 1416 759 οὐ
1469 704 1526 757 δὲ
1584 704 1783 763 πολλὰς

213 800 427 870 ἡμέρας
472 800 863 871 ἀπεχιῢρειέπ*
912 801 1086 863 οίκου,
1145 799 1240 852 καὶ
1291 798 1361 849 τὰ
1407 796 1784 864 στρατεύματα

212 892 357 960 αὐτῷ
392 892 599 959 διῆκεν.
628 895 690 944 Ol
722 892 818 960 μὲν
846 888 939 944 οὖν
958 891 1221 959 ’Ἕλληνες
1246 889 1509 957 πρέσϐεις
1535 905 1590 939 τε
1616 888 1786 955 ἔπεμ-

211 1000 311 1035 πον
362 983 516 1053 παρὰ
558 982 903 1053 Ἀμουράτην
957 981 1050 1035 καὶ
1075 982 1281 1034 ἐδέοντο
1311 995 1325 1008 ·
1357 982 1385 1033 ό
1440 979 1494 1031 δὲ
1534 980 1788 1047 ἀπεπέμ-

213 1097 367 1139 πετο,
401 1081 496 1130 καὶ
520 1078 582 1131 οὐ
614 1077 873 1146 προσίετο
901 1078 998 1147 τὴν
1026 1076 1272 1140 ἀξίωσιν.
1322 1075 1477 1129 Μετά
1503 1074 1559 1126 δὲ
1592 1071 1785 1137 ταῦτα,

210 1170 284 1233 ὡς
317 1171 684 1239 πειγωμένοις
721 1169 837 1229 τοῖς
890 1166 1115 1234 Ἕλλησι
1159 1166 1266 1219 τῶν
1330 1163 1575 1217 σπονδῶν
1636 1163 1789 1215 οὐδὲν

211 1262 569 1331 προεχώρει,
622 1261 917 1328 τρέπονται
986 1260 1079 1312 ἐπὶ
1136 1258 1228 1312 τὸν
1286 1259 1643 1323 Μουσταφᾶν,
1700 1257 1792 1309 τὸν

207 1355 514 1421 Μεχμέτεω
541 1352 728 1405 παῖδα.
766 1353 965 1421 Ἔτυχε
1005 1352 1060 1404 δὲ
1088 1351 1378 1421 διατρίϐων
1406 1352 1558 1420 παρὰ
1576 1352 1652 1422 τῷ
1680 1342 1793 1405 Κα-

209 1443 443 1512 ραμάπρ
494 1444 596 1511 τὴν
625 1442 838 1496 δίαιταν
860 1442 1207 1510 ποιούμενος.
1249 1443 1515 1511 Πρέσϐεις
1543 1444 1600 1497 δέ
1655 1445 1796 1513 πέμ-

204 1533 433 1600 ψαντες.
458 1535 873 1602 μετεπέμποντο
891 1536 980 1586 ἐπὶ
1003 1535 1295 1598 Βυζάντιον
1312 1536 1403 1587 τὸν
1428 1537 1614 1604 παῖδα,
1640 1554 1797 1603 γεγο-

206 1626 341 1679 νότα
370 1627 517 1693 ἀμφὶ
539 1627 607 1679 τὰ
630 1628 993 1696 τρισκαίδεκα
1027 1628 1144 1696 ἔτη.
1206 1628 1361 1680 Ἐπεὶ
1393 1628 1448 1679 δὲ
1483 1628 1711 1696 ἀφίκετο
1740 1632 1796 1693 ἐς

206 1717 511 1780 Βυζάντιον
537 1718 564 1770 ὁ
590 1719 738 1781 παῖς,
771 1718 987 1787 ἔπεμπε
1012 1718 1205 1785 λόγους
1261 1719 1412 1790 παρά
1458 1720 1585 1783 τοὺς
1623 1721 1799 1791 T0139-

206 1826 361 1871 κους,
405 1808 614 1877 μεγάλα
639 1827 696 1861 τε
750 1810 1210 1879 ὑπισχνούμενος,
1254 1813 1347 1863 καὶ
1408 1813 1612 1881 μετιὼν
1665 1814 1797 1866 ἔκα-

1898 618 1997 656 nec
2026 604 2091 654 ab
2121 602 2270 655 urbis
2298 600 2581 655 obsidione
2608 597 2937 661 discederet,
2968 596 3278 651 Grmcorum
3308 596 3465 666 legali

1896 698 2138 759 veniunt,
2186 711 2372 766 paCem
2410 705 2465 749 et
2502 694 2674 747 foe-lus
2725 699 2984 761 petentes.
3032 688 3102 744 At
3158 690 3271 756 ipse
3323 687 3472 741 Cra:-

1896 807 1989 844 cos
2070 790 2121 843 in
2206 788 2387 842 lenius
2464 785 2738 855 suscipere
2829 785 3225 854 aspernabatur
3286 799 3299 834 :
3371 798 3473 836 nee

1895 880 2080 933 multis
2139 879 2329 933 diebus
2364 885 2487 945 post
2552 891 2609 929 re
2652 875 2851 929 infecta
2905 875 3125 927 domum
3215 886 3471 927 reversus

1896 984 1998 1027 est.
2037 973 2218 1041 Copia:
2270 985 2398 1025 vero
2426 970 2544 1039 ejus
2596 983 2787 1022 omnes
2821 964 3204 1021 dilabebantur
3236 963 3301 1017 ad
3349 980 3468 1016 sua.

1896 1066 2071 1120 Graeci
2100 1065 2311 1133 legatos
2344 1065 2421 1118 ire
2446 1063 2729 1130 jusserunt
2776 1062 2841 1113 ad
2870 1059 3212 1119 Amuratem,
3259 1065 3471 1109 oratum

1899 1171 2087 1224 pacem
2120 1172 2134 1208 :
2166 1170 2302 1223 quos
2319 1153 2524 1207 dimisit
2550 1152 2858 1213 Amurates,
2889 1150 3127 1217 ipsorum
3154 1144 3470 1215 prtitionem

1899 1262 2206 1305 aversatus.
2240 1250 2375 1303 Cum
2438 1248 2599 1317 igitur
2658 1247 2828 1301 διξοὶ
2885 1244 3209 1297 affectarent
3244 1241 3475 1295 summis

1900 1345 2042 1398 votis
2109 1358 2320 1410 pacem,
2382 1355 2484 1395 nec
2544 1350 2727 1393 tamen
2780 1353 2897 1391 eam
2964 1337 3349 1401 impetrarent,
3407 1334 3473 1385 ad

1903 1433 2245 1500 Mustapham
2297 1424 2731 1491 convertuntur:
2788 1426 3108 1482 Meehmetis
3160 1426 3353 1479 tilium.
3402 1426 3473 1478 Ea

1904 1531 2229 1592 tempestate
2262 1524 2307 1576 is
2340 1521 2482 1592 apud
2516 1523 2881 1576 Caratnanum
2935 1519 3147 1587 agebat.
3182 1517 3385 1570 victum
3424 1526 3477 1569 et

1904 1617 2215 1669 necessaria
2266 1616 2333 1669 ab
2397 1630 2463 1668 eo
2520 1615 2765 1684 capiens.
2813 1612 2990 1667 Missis
3036 1612 3204 1682 igitur
3262 1611 3473 1680 legatis,

1905 1704 2079 1760 Graeci
2132 1705 2475 1774 Mustapltam
2531 1705 2851 1759 Meehmetis
2888 1707 3077 1772 tilium,
3137 1720 3261 1759 cum
3317 1712 3477 1757 natus

1906 1807 2052 1853 esset
2087 1813 2261 1854 annos
2298 1796 2578 1863 tredecim,
2624 1808 2940 1852 accersunt.
2967 1796 3107 1851 Puer
3149 1798 3239 1850 ubi
3270 1796 3477 1866 Byzan-

206 1916 358 1964 στον,
392 1899 762 1968 ἐπηγγέλλετο
779 1899 1050 1970 διπλασίῳ
1102 1901 1345 1964 πάντων,
1376 1879 1454 1955 ὧν
1497 1898 1645 1971 εἶχεν
1693 1903 1796 1956 ὑπὸ

1904 1893 2037 1947 tium
2066 1893 2235 1958 venit,
2272 1908 2555 1947 sermones
2583 1892 2787 1962 sparsit
2836 1907 2931 1962 per
2985 1887 3216 1957 Turcos,
3268 1890 3478 1960 magnis

219 1992 604 2059 Ἀμουράτεω.
640 1992 748 2044 Καὶ
790 1993 1174 2062 ηὐτομόλησαν
1218 1994 1321 2062 μέν
1370 2010 1510 2057 τινες
1563 1993 1797 2066 Τοῦρκοι

208 2086 364 2154 παρὰ
394 2086 485 2137 τὸν
517 2085 699 2150 παῖδα,
733 2085 791 2137 οὐ
818 2085 1001 2139 πολλοὶ
1030 2085 1108 2139 δέ.
1150 2084 1207 2137 '0
1237 2087 1422 2153 μέντοι
1445 2088 1597 2148 παῖς,
1621 2088 1678 2149 ἐς
1702 2086 1797 2156 τὴν

220 2179 414 2230 Ἀσίαν
444 2178 653 2243 διαϐὰς,
688 2178 1190 2247 συνεπιλαϐομένου
1236 2178 1328 2230 καὶ
1375 2178 1468 2231 τοῦ
1527 2178 1799 2248 Ἑλλήνων

210 2270 503 2337 βασιλέως,
540 2271 598 2322 τό
632 2287 689 2322 τε
733 2269 903 2340 Ἱερὸν
944 2269 1282 2339 καλούμενον
1341 2269 1791 2340 ἐξεπολιόρκησε.

211 2364 325 2415 Καὶ
351 2362 775 2431 προσελαύνοντι
804 2362 955 2431 αὺτῷ
985 2361 1074 2415 διά
1129 2361 1229 2432 τῆς
1277 2361 1463 2426 Ἀσίας
1519 2365 1799 2435 προσεχώ-

212 2473 344 2525 ρουν
374 2473 430 2508 τε
461 2457 508 2508 ol
536 2457 645 2509 ἀπὸ
670 2456 769 2525 τῆς
814 2455 1001 2519 Ἀσίας
1062 2456 1318 2525 Τοῦρκοι,
1379 2459 1476 2511 ἅτε
1536 2458 1799 2527 βασιλέως

210 2549 368 2600 παιδὶ⁵
398 2548 535 2602 ὄντι.
603 2548 874 2612 Ἐνταῦθα,
907 2548 1163 2616 Ἀλιὰζης
1204 2548 1233 2599 ὀ
1266 2550 1501 2619 οἰνοχόος
1549 2550 1799 2621 ἐπίκλην,

209 2640 402 2692 τοῦτον
433 2641 524 2693 τὸν
556 2640 722 2692 παῖδα
780 2640 1262 2709 ἐπιτετραμμένος
1315 2643 1421 2693 ὑπὸ
1473 2642 1799 2711 Μεχμέτεω,

212 2728 525 2781 συντίθεται
560 2728 854 2799 προδοσίαν
905 2729 983 2799 τῷ
1035 2730 1374 2803 Ἀμουράτῃ,
1440 2732 1581 2785 ὥστε
1626 2750 1801 2789 καταο

211 2821 508 2890 προδοῦναι
531 2820 680 2890 αὑτῷ
708 2822 770 2873 τὸ
795 2820 1037 2876 παιδίον.
1065 2822 1173 2875 Καὶ
1200 2822 1274 2886 ὡς
1309 2824 1567 2878 συνέθετο
1628 2825 1801 2895 αὐτῷ,

211 2916 495 2983 ἔπρασσεν
552 2914 694 2967 ὥστε
740 2916 829 2967 τὸν
872 2916 1038 2969 παῖδα
1072 2916 1226 2987 αὐτῷ
1260 2917 1553 2987 παραδοίη.
1607 2919 1804 2987 Διεσή-

215 3010 383 3076 μαινέ
415 3025 473 3060 τε
508 3009 741 3077 πέμπων
767 3008 1022 3077 ἄγγελον,
1050 3010 1175 3062 ὅποι
1224 3009 1518 3079 διατρίϐων
1549 3013 1805 3082 τυγχάνοι

210 3104 238 3152 ό
263 3102 417 3157 παῖς.
466 3099 555 3163 Ὠς
586 3097 688 3168 μὲν
712 3095 805 3153 οὖν
834 3102 890 3163 ἐς
910 3101 1148 3153 Νίκαιαν
1195 3100 1422 3168 ἀφίκετο
1453 3101 1481 3152 ό
1528 3104 1678 3167 παῖς,
1708 3104 1805 3171 τήν

212 3205 274 3241 τε
328 3189 569 3241 Νίκαιαν
637 3189 975 3258 ὑπηγάγετο,
1019 3192 1113 3243 καὶ
1162 3189 1393 3243 ἐνταῦθα
1438 3191 1727 3262 διατρίϐων
1778 3196 1804 3246 ὁ

215 3280 373 3341 παῖς,
406 3278 597 3348 μετῄει
621 3279 747 3338 τοὺς
792 3279 933 3332 κατὰ
982 3280 1080 3347 τὴν
1121 3279 1308 3331 Ἀσίαν
1369 3280 1646 3348 ἀρίστους.
1693 3281 1805 3333 Καὶ

213 3370 291 3432 ὼς
330 3370 436 3439 ήδη
469 3367 679 3439 χειμὼν
732 3365 820 3437 ἦν,
865 3369 1191 3422 διεκωλύετο
1250 3371 1307 3432 ἐς
1359 3370 1419 3421 τὸ
1464 3371 1649 3438 πρόσω
1708 3372 1804 3439 τῆς

230 3462 424 3522 Ἀτίας
456 3462 610 3513 ίέναι.
640 3459 910 3513 Ἐνταῦθα
936 3460 1240 3531 πυθόμενος
1276 3460 1623 3531 Ἀμουρὰτης
1652 3466 1805 3533 παρὰ

232 3555 500 3618 Ἀλιάξεω
524 3554 617 3607 τοῦ
650 3556 988 3623 Σαραπτάρη
1012 3556 1110 3624 τήν
1139 3573 1197 3609 τε
1223 3556 1509 3625 διατρϐὴν
1532 3555 1625 3608 τοῦ
1672 3572 1804 3609 παι-

216 3649 307 3709 δδς
338 3649 395 3698 ἐν
417 3649 482 3715 τῇ
516 3647 692 3711 πόλει,
718 3645 899 3699 λαϐὼν
930 3645 1076 3713 ἀμφὶ
1106 3644 1235 3708 τοὺς
1268 3646 1671 3714 ἑξακισχιλίους
1697 3646 1806 3698 τῶν

219 3741 425 3811 θυρῶν,
455 3739 530 3803 ὡς
556 3736 668 3809 εἶχε
698 3740 919 3809 τάχους,
949 3739 1278 3807 ἀφικόμενος
1307 3740 1399 3792 ἐπὶ.
1434 3742 1525 3793 τὸν
1579 3740 1806 3810 Ἑλλήσ-

219 3848 422 3885 ποντον
476 3834 570 3884 καὶ
632 3831 842 3895 διαϐὰς,
877 3831 1111 3901 ἤλαυνεν
1161 3832 1291 3884 εὐθὺ
1344 3829 1618 3894 Βιθυνίας.
1652 3832 1805 3885 Ἐπι-

220 3925 411 3977 πεσὼν
442 3925 499 3977 δὲ
525 3924 679 3992 ἄφνω
704 3927 765 3985 ἐς
802 3923 903 3993 τὴν
936 3923 1110 3987 πόλιν,
1165 3922 1540 3993 συλλαμϐάνει
1592 3940 1651 3975 τε
1714 3925 1804 3975 τόν

223 4017 395 4068 παῖδα
423 4015 588 4068 αὑτοῦ
621 4013 813 4084 ταύτῃ,
864 4014 1253 4084 παραδιδόντος
1310 4013 1460 4082 αὑτῷ
1489 4013 1580 4066 τοῦ
1625 4014 1807 4067 Ἀλιάσ

219 4109 353 4173 ζεω.
390 4108 453 4162 Ὀ
482 4108 580 4177 μὲν
610 4107 718 4177 γὰρ
759 4110 911 4171 παῖς,
961 4108 1054 4160 ἆτε
1087 4106 1245 4159 τοῦτο
1300 4107 1621 4174 πυθόμενος,
1645 4110 1807 4160 κατέ-

218 4217 398 4268 φυγεν
419 4199 504 4250 ἐπ’
527 4198 709 4262 αὐτὸν,
734 4197 809 4260 ὡς
840 4198 934 4250 ἐπὶ
982 4198 1256 4269 σωτηρίαν
1281 4199 1431 4267 σφίσι
1450 4201 1799 4268 τράπωνται·

218 4298 249 4345 ὁ
275 4294 334 4346 δὲ
355 4292 593 4344 κελεύων
625 4291 702 4359 μὴ
738 4291 1035 4345 δεδοικέναι
1066 4293 1157 4344 τὸν
1186 4293 1373 4357 παῖδα,
1430 4294 1669 4361 ἐπέμενε
1715 4292 1804 4344 τὸν

220 4385 460 4453 ἀδελφὸν
488 4383 584 4436 τοῦ
610 4383 824 4446 παιδὸς,
849 4385 945 4436 καὶ
975 4382 1184 4434 ἐλθόντι
1210 4384 1265 4447 ές
1299 4385 1367 4437 τά
1402 4383 1650 4452 βασίλεια
1707 4387 1805 4454 τῆς

221 4480 463 4541 πόλεως,
486 4477 788 4546 ἐνεχείρισε
818 4475 909 4527 τὸν
934 4475 1100 4528 παῖδα
1131 4476 1301 4545 αὐτῷ.
1360 4477 1402 4527 Τ
1406 4477 1561 4529 οὖτον
1622 4478 1805 4545 μέντοι

1902 1986 2188 2055 promissis
2258 2001 2355 2040 eos
2385 1986 2691 2040 accendens
2720 2024 2735 2049 ,
2800 1985 3162 2054 prehensabat
3194 1984 3435 2053 singulos
3462 2022 3476 2045 ,

1902 2076 2101 2145 quibus
2134 2076 2486 2145 promittebat
2519 2077 2743 2145 duplum
2781 2092 2970 2131 eorum
3005 2092 3123 2146 qua:
3179 2078 3281 2131 sub
3311 2080 3479 2129 Amu-

1903 2178 2022 2224 rate
2054 2169 2381 2225 habuissent
2425 2178 2771 2238 accepturos.
2829 2171 2897 2224 Et
2933 2171 3154 2238 quidam
3187 2170 3373 2230 Turci.
3426 2182 3479 2221 at

1904 2262 2083 2331 pauci,
2107 2263 2170 2317 ad
2196 2278 2429 2332 puerum
2466 2264 2633 2318 istum
2683 2262 3078 2333 transfugiunt.
3124 2264 3267 2317 Puer
3295 2274 3477 2318 autem

1906 2364 2285 2425 transgressus
2340 2357 2395 2411 in
2450 2358 2654 2422 Asiam,
2704 2358 2909 2413 auxilio
2968 2357 3283 2411 Grecorum
3335 2359 3479 2427 regis

1907 2449 2231 2513 instructus.
2280 2454 2460 2503 locum
2518 2450 2610 2521 qui
2647 2451 2762 2520 (54)
2799 2449 3084 2520 Templum
3144 2451 3477 2515 nominatur,

1905 2542 2257 2611 expugnavit.
2310 2541 2418 2597 lter
2465 2542 2690 2597 facienti
2748 2557 2847 2612 per
2914 2543 3121 2605 Asiam.
3164 2540 3329 2596 Turci
3385 2545 3479 2611 qui

1907 2632 1980 2685 ibi
2014 2642 2169 2686 erant
2193 2632 2654 2702 adiungebantur,
2692 2641 2754 2686 ut
2809 2634 2902 2703 qui
2948 2645 3091 2689 esset
3125 2635 3270 2704 regis
3315 2634 3480 2689 filius.

1907 2721 1986 2776 lbi
2024 2733 2135 2776 tum
2162 2725 2375 2779 Aliazes
2392 2733 2753 2795 cognomento
2783 2726 3125 2797 Saraptares.
3161 2728 3278 2781 sive
3309 2728 3483 2796 pocil-

1909 2812 2070 2881 lator,
2109 2817 2197 2872 cui
2232 2820 2299 2872 ab
2327 2818 2629 2874 Meehmete
2678 2836 2814 2889 puer
2864 2821 2957 2875 ille
2991 2829 3322 2877 commissus
3346 2833 3483 2887 erat,

1908 2923 2005 2978 per
2044 2911 2411 2979 proditionem
2467 2914 2712 2967 Amurati
2754 2928 2986 2983 puerum
3046 2914 3203 2984 125
3266 2918 3485 2969 tradere

1909 3000 2222 3069 paciscitur.
2288 3003 2468 3057 Paetis
2510 3013 2689 3058 autem
2715 3006 2850 3061 satis
2879 3004 3128 3069 ﬁrmatis,
3155 3009 3483 3060 eonelusum

1908 3100 2012 3157 est,
2076 3103 2131 3148 ut
2193 3111 2326 3162 puer
2380 3096 2630 3151 Alnurati
2686 3101 3030 3168 proderetur.
3084 3101 3247 3156 Misso
3304 3104 3487 3173 itaque

1834 3229 1875 3284 ϐ
1912 3189 2102 3241 nuntio
2139 3188 2463 3258 siginﬁeavit
2487 3192 2760 3253 Amnrati.
2797 3192 3016 3247 ubinam
3047 3205 3316 3251 terrarum
3349 3216 3487 3268 puer

1913 3288 2121 3349 ageret.
2148 3280 2281 3336 Cum
2315 3298 2448 3352 puer
2465 3281 2696 3337 Niczeam
2730 3287 2996 3349 venisset,
3033 3289 3219 3342 urbem
3247 3306 3365 3344 eam
3397 3309 3488 3346 ce-

1912 3372 2033 3439 pit:
2072 3382 2276 3425 etcum
2324 3374 2411 3427 ubi
2460 3388 2788 3441 moraretur,
2836 3380 3131 3447 optimates
3178 3382 3484 3439 Tm'eorum

1909 3465 2258 3518 conciliabat.
2316 3464 2500 3520 Hiems
2556 3478 2698 3531 erat.
2755 3485 2861 3537 qua
2913 3473 3305 3540 prohibebatur
3352 3495 3489 3547 puer

1912 3556 2128 3624 longius
2197 3560 2516 3626 procedere.
2574 3565 2871 3617 Amurates
2936 3582 3061 3617 cum
3123 3568 3488 3627 intellexisset

1912 3660 2139 3715 puerum
2175 3647 2365 3703 Nicteae
2394 3652 2622 3715 versari,
2661 3655 2948 3709 nuntiante
3002 3658 3051 3710 id
3085 3661 3268 3713 Aliaze
3326 3664 3488 3718 Sara-

1911 3747 2086 3806 ptare,
2117 3742 2410 3810 assumptis
2460 3744 2639 3799 sexies
2678 3744 2823 3797 mille
2850 3746 3142 3814 januarum
3194 3753 3485 3819 militibus,

1912 3830 2060 3883 venit
2088 3847 2249 3900 quam
2298 3834 2558 3890 ocissime
2592 3837 2643 3890 in
2698 3837 3107 3907 Hellespontum
3143 3859 3157 3896 :
3194 3856 3247 3898 et
3312 3856 3489 3903 trans-

1911 3920 2051 3986 iens,
2116 3934 2263 3977 recta
2300 3926 2434 3978 abiit
2461 3927 2513 3978 in
2545 3927 2876 3999 Bithyniam.
2910 3932 2972 3985 Et
3006 3949 3128 3987 cum
3169 3938 3486 4008 inepinatus

1910 4026 1965 4067 et
1992 4014 2322 4084 improvisus
2350 4019 2601 4073 irruisset
2630 4022 2681 4074 in
2709 4023 2920 4091 urbem,
2952 4041 3179 4093 puerum
3204 4032 3272 4084 ab
3303 4033 3486 4089 Aliuzu

1907 4107 2182 4175 proditum
2201 4111 2794 4179 comprehendit.Puer
2808 4118 2980 4181 enim,
2998 4122 3210 4173 excitus
3230 4124 3483 4187 tumultu,

1910 4200 2229 4267 confugerat
2259 4202 2323 4255 ad
2358 4203 2625 4268 Aliazem,
2659 4208 2746 4260 eui
2777 4206 3093 4275 obediebat,
3129 4224 3185 4264 ut
3210 4231 3268 4267 se
3298 4215 3487 4270 defen-

1909 4289 2065 4361 deret
2090 4294 2158 4346 ab
2196 4292 2507 4349 imminenti
2554 4298 2818 4365 periculo.
2856 4301 3070 4357 Aliazes
3122 4320 3349 4373 puerum
3378 4327 3486 4361 tm:-

1912 4391 2025 4434 tum
2068 4386 2339 4451 omittere,
2392 4396 2446 4442 et
2486 4388 2631 4442 bono
2677 4391 2863 4445 animo
2912 4409 3038 4447 esse
3066 4396 3243 4462 jubet,
3301 4410 3354 4453 et
3404 4403 3484 4454 sie

1909 4478 2029 4546 ejus
2080 4478 2302 4533 fratrem
2347 4490 2647 4552 exspectat.
2697 4484 2798 4537 Cui
2841 4486 2929 4539 ubi
2978 4488 3031 4541 in
3085 4492 3287 4559 regiam
3333 4496 3484 4546 urbis

222 4578 251 4626 ὁ
284 4572 635 4643 Ἀμουράτης
664 4569 868 4633 λαϐὼν,
907 4570 1115 4640 ἀγχόνῃ
1154 4569 1387 4631 ἀνεῖλεν,
1519 4568 1800 4638 νομίζεται

1909 4567 2089 4620 sedem
2148 4579 2509 4636 processerat,
2566 4586 2793 4640 puerum
2854 4576 2907 4628 in
2971 4594 3166 4633 manus
3215 4582 3480 4637 tradidit:

222 4668 359 4736 παρ’
399 4666 606 4726 αὐτοῖς.
632 4664 864 4729 Λέγεται
891 4662 946 4714 δὲ
973 4662 1239 4731 Ἰέζητίνη
1270 4661 1437 4730 ἀνδρα
1472 4662 1667 4727 γένους
1714 4660 1807 4713 τοῦ

223 4760 507 4827 βασιλείου
538 4756 1010 4824 τοῦῈρτζιγάνης
1046 4754 1333 4823 βασιλέως,
1367 4754 1699 4821 ἀφικόμενον
1727 4752 1807 4821 τῷ

222 4853 383 4908 παιδὶ
410 4852 724 4919 σύμμαχον,
764 4849 839 4911 ὡς
886 4847 1119 4899 ἐπύθετο
1178 4847 1306 4907 τοὺς
1362 4847 1655 4914 πολεμίους
1717 4848 1810 4898 ἐπὶ

222 4947 325 5013 τὴν
355 4943 511 4995 πόλιν
535 4939 785 5009 ἀφῖχθαι,
817 4938 1087 4992 ἐλάσαντα
1136 4939 1195 5000 ἐς
1236 4940 1437 5007 μέσους
1482 4939 1608 5000 τοὺς
1654 4937 1810 4989 πολε-

224 5036 410 5105 μίους,
443 5034 536 5084 τόν
561 5048 620 5085 τε
649 5032 919 5101 Μιχαλίην
958 5031 1049 5083 τὸν
1105 5029 1209 5099 τῆς
1262 5030 1529 5099 Εὐρώπης
1572 5045 1806 5098 στρατη-

221 5130 323 5196 γὸν
372 5129 466 5179 καὶ
519 5127 801 5194 πρυτανέα
849 5123 1098 5189 ἀνελεῖν,
1162 5123 1420 5190 πολέμιον
1477 5122 1625 5190 αὑτῴ
1677 5123 1805 5175 ὄντα

224 5221 321 5271 καὶ
354 5218 579 5286 συχνοὺς
606 5216 796 5277 ἀλλους
827 5215 1106 5280 ἀνελόντα,
1140 5216 1235 5267 καὶ
1264 5214 1429 5267 αὑτὸν
1444 5214 1802 5282 τελευτῶντα,

223 5306 547 5361 ἀποθανεῖν.

299 5400 438 5452 Τότε
485 5400 584 5468 μὲν
630 5399 695 5467 δὴ
744 5393 1007 5467 ’Έλληνες
1054 5395 1198 5449 οὕτω
1247 5396 1803 5465 ἑπεπράγεσαν,ἐλό-

228 5510 388 5562 μενοι
422 5491 634 5560 αἰρεσιν
677 5490 926 5543 ἐναντίαν
973 5486 1051 5556 τῷ
1090 5488 1423 5558 Ἀμουράτῃ.
1463 5489 1575 5557 Τὴν
1615 5490 1800 5555 μέντοι

222 5589 455 5655 Θέρμην
484 5584 580 5651 τῆς
606 5581 946 5643 Μακεδονίας
978 5580 1235 5632 ἀπέδοντο
1278 5580 1529 5645 Ἐνετοϊς,
1562 5581 1800 5633 ἀδύνατα

1910 4675 2069 4728 quem
2094 4671 2374 4727 acceptum
2403 4664 2617 4730 laqueo.
2643 4674 2701 4719 ut
2722 4668 2891 4720 moris
2911 4679 2995 4721 est
3023 4686 3211 4740 rogum
3245 4676 3482 4738 illorum,

1914 4753 2246 4821 praefocavit.
2275 4755 2441 4809 Aiunt
2467 4754 2803 4822 Tezetinem,
2833 4761 3011 4814 virum
3045 4768 3190 4833 regio
3214 4771 3483 4837 Sanguine

1910 4856 2090 4898 Ortum
2128 4846 2413 4915 Erziganis
2470 4850 2634 4914 regis,
2681 4852 2889 4905 auxilio
2943 4855 3158 4909 venisse
3199 4874 3386 4926 puero,
3428 4877 3488 4915 ut

1913 4940 2193 4993 audiverat
2220 4940 2405 4995 hostes
2439 4942 2490 4995 in
2532 4946 2725 4997 urbem
2778 4958 3097 5013 penetrasse
3133 4966 3144 5000 :
3187 4960 3241 5003 et
3294 4955 3484 5022 conje-

1914 5032 2053 5085 cisse
2077 5048 2133 5085 se
2170 5033 2220 5085 in
2256 5034 2464 5087 medios
2505 5035 2690 5088 hostes
2716 5052 2731 5091 :
2760 5037 2849 5089 ubi
2895 5046 2950 5089 et
2999 5036 3339 5093 Michalincm
3376 5044 3484 5095 Eu-

1914 5138 2058 5191 ropae
2085 5134 2137 5176 et
2177 5124 2367 5177 ducem
2401 5124 2713 5191 etjudicem
2757 5126 2969 5180 hostem
3020 5145 3178 5181 suum
3221 5132 3481 5185 coniecit.

1915 5213 2159 5267 Tandem
2193 5226 2319 5267 cum
2362 5216 2626 5283 plurimos
2655 5217 2792 5271 alios
2823 5219 2940 5271 neci
2969 5220 3229 5284 dedisset,
3257 5232 3308 5274 ct
3368 5225 3483 5290 ipsi;

1915 5308 2188 5359 occubuit.

1982 5398 2295 5455 Graecorum
2325 5418 2416 5458 res
2451 5413 2568 5457 tum
2604 5407 2684 5460 sic
2722 5408 3065 5471 habuerunt,
3123 5426 3249 5464 cum
3302 5415 3478 5465 secuti

1910 5504 2090 5545 ρεκειιι
2110 5504 2319 5560 partem
2360 5495 2647 5551 Mechmeti
2685 5499 2996 5557 adversarii.
3034 5502 3327 5571 'l‘bermam
3365 5507 3477 5573 (55)

1914 5584 2239 5639 Macedoniae
2275 5586 2494 5643 Venetis
2552 5591 2868 5660 vendidere,
2920 5596 3258 5663 impossibile
3290 5602 3479 5654 existi-

1514 5724 1760 5784 Notulce
1812 5723 2212 5801 marginales.

302 5848 413 5919 ῷῦ)
443 5845 668 5901 Hieron.

556 5943 821 5999 l’A'l'ROL.
870 5937 984 5997 Gn.
1042 5934 1238 5993 CLIX.

1984 5848 2094 5916 (55)
2125 5847 2598 5908 Thessalonicam.
