4190 6434
214 401 304 466 241

1303 399 1398 458 DE
1444 396 1692 457 REBUS
1731 394 2092 455 TURCICIS
2135 396 2278 456 LIB.
2325 395 2391 457 V.

3344 389 3456 452 242

218 519 318 568 θὼν
342 534 396 569 τε
429 519 600 584 ἄφνω,
635 521 726 573 καὶ
775 518 1102 572 καταλαῦὼν
1154 522 1255 587 τὴν
1303 519 1480 595 πόλιν,
1513 520 1780 586 ἠνοραπο-

1889 514 2164 572 Oliherius
2190 517 2337 570 enim
2369 515 2436 570 ab
2467 515 2616 570 Italia
2672 529 3018 585 progressus,
3055 521 3269 566 tenente
3322 512 3453 566 Cla-

217 612 409 676 δὶσατο,
429 615 523 665 καὶ
554 612 653 684 τὴν
681 613 957 684 θυγατέρα
984 614 1252 683 ἡγεμόνος
1284 613 1342 674 ἐς
1369 615 1607 680 γυναῖκα
1631 611 1780 682 αὑτῷ

217 703 466 770 ἠγάγετο.
506 707 616 758 Καὶ
661 706 866 775 ταύτην
905 705 1091 774 μέντοι
1130 701 1287 766 οὗτος
1335 703 1673 771 ἀποδόμενος
1699 702 1779 772 τῷ

215 796 306 862 τῆς
348 797 608 864 Ἠπείρου
636 798 886 866 ἡγεμόνι,
913 799 1088 868 ᾤχετο
1118 798 1174 860 ὲς
1212 797 1466 850 Ἰταλίαν.
1498 797 1609 850 Καὶ
1654 796 1778 848 τότε

218 887 308 953 μὲν
348 887 410 951 δὴ
462 887 694 942 ἀλοῦσαν
742 890 848 944 ὑπὸ
896 891 1007 944 τῶν
1048 890 1350 962 ἀρχιερέως
1383 891 1646 960 τριηρῶν,
1683 885 1778 942 αὖ·

215 979 293 1038 θις
329 981 741 1050 ἐξωνησάμενος
792 983 1055 1038 ἀπέλαϐε.
1087 983 1348 1052 Διέφερον
1397 983 1497 1052 μὲν
1550 978 1646 1036 οὖν
1683 983 1780 1035 καὶ

215 1072 344 1136 πρὸς
381 1072 472 1124 τδν
513 1075 611 1140 τῆς
656 1067 883 1143 Ἀχαῖὰλς
936 1075 1205 1144 ἡγεμόνα,
1260 1074 1523 1128 Ἰταλικὸν
1569 1076 1780 1144 Κεντη-

216 1158 399 1228 ρίωνα,
442 1163 493 1214 οἱ
530 1164 794 1234 Ἕλληνες
834 1165 926 1218 τὸν
967 1167 1204 1235 πόλεμον
1254 1169 1347 1220 ἐπὶ
1409 1167 1604 1237 συχνόν
1656 1184 1778 1220 τινα

166 1273 174 1280 ·
214 1254 421 1322 χρόνον.
459 1256 613 1309 Μετὰ
657 1255 713 1308 δὲ
749 1257 922 1312 ταῦτα
957 1261 1265 1327 ἐπιγαμίαν
1294 1263 1656 1329 ποιησάμενοι
1687 1262 1781 1313 ἐπὶ

212 1341 284 1412 τῷ
311 1345 576 1414 βασιλέως
607 1349 763 1403 παιδὶ
789 1350 868 1419 τῷ
884 1353 1134 1421 νεωτέρῳ
1171 1351 1364 1423 Θωμᾷ,
1399 1354 1781 1423 ἅρμοσάμενοι

211 1434 305 1503 τὴν
340 1436 616 1506 θυγατέρα
651 1438 743 1491 τοῦ
784 1441 1075 1509 ἡγεμόνος,
1102 1443 1196 1495 καὶ
1235 1443 1335 1513 τήν
1379 1460 1436 1496 τε
1491 1443 1674 1514 χώραν
1722 1445 1780 1507 ἐς

215 1527 415 1596 φερνὴν
447 1529 614 1582 αὐτοῦ
656 1532 955 1599 ἐπέδωκαν,
989 1533 1087 1602 τῆς
1115 1535 1375 1604 Μεσήνης
1402 1554 1459 1590 τε
1494 1537 1588 1590 καὶ
1633 1537 1780 1590 Ἰθώ-

212 1635 338 1685 μης.
383 1620 524 1690 πλὴν
578 1621 679 1690 τῆς
733 1625 1006 1694 παραλίου
1068 1627 1379 1696 Ἀρκαδίας,
1427 1629 1660 1692 σπονδάς
1716 1647 1777 1683 τε

210 1709 552 1778 ἐποιήσαντο.
585 1711 694 1764 Καὶ
728 1713 934 1783 ταύτην
985 1714 1087 1785 μὲν
1133 1715 1228 1769 οὖν
1282 1718 1404 1770 ὲπεί
1458 1735 1516 1769 τε
1564 1717 1779 1770 ἐτελεύ-

1886 611 2119 664 rentiam
2147 610 2366 664 Achaia:
2396 609 2664 679 principe,
2683 608 2969 679 inopinato
3005 607 3305 661 adveniens
3330 622 3450 658 eam

1883 702 2175 770 Oppressit,
2205 708 2259 755 et
2305 699 2556 768 diripuit,
2593 699 2756 754 ducta
2820 701 2873 753 in
2909 715 3134 754 uxorem
3190 697 3453 766 principis

1886 793 2014 846 filia.
2042 792 2282 848 Tandem
2311 793 2486 863 pretio
2518 802 2764 861 accepto.
2806 791 2954 862 Epiri
2990 791 3116 846 duci
3150 807 3270 844 eam
3320 806 3455 842 ven-

1883 887 2040 948 deus.
2076 886 2128 940 in
2176 887 2383 942 Italiam
2440 901 2696 941 reversus
2752 893 2856 939 est.
2891 885 3102 939 Etenim
3166 895 3382 952 captam
3426 898 3453 934 a

1883 980 2160 1050 pontificis
2187 981 2500 1036 triremibus
2523 981 2708 1035 denuo
2734 986 2971 1048 emptam
3006 978 3229 1046 recepit.
3276 977 3451 1031 Cra-ci

1880 1073 2046 1142 longo
2081 1082 2321 1142 tempore
2361 1071 2561 1127 bellum
2623 1086 2842 1140 gessere
2895 1069 3056 1139 129
3095 1084 3218 1121 cum
3252 1067 3453 1122 Cente-

1882 1167 2055 1229 rionc,
2082 1165 2177 1234 qui
2212 1165 2432 1220 Achaia
2458 1164 2781 1232 imperabat,
2809 1164 3025 1232 generis
3051 1161 3244 1216 Italici.
3293 1158 3457 1214 Post-

1885 1259 2103 1315 modum
2136 1257 2449 1312 affinitatem
2472 1258 2791 1327 jungentes,
2848 1257 2954 1310 filia
2988 1255 3152 1323 hujus
3206 1254 3369 1310 ducis
3398 1253 3454 1308 in

1883 1350 2292 1406 matrimoniLm
2327 1350 2450 1404 :Iata
2484 1350 2626 1417 regis
2666 1347 2998 1415 flliojuniori
3030 1345 3274 1408 Thomre.
3324 1361 3457 1400 con-

1881 1447 2094 1500 clusum
2122 1453 2208 1501 est
2245 1453 2303 1498 ut
2327 1445 2508 1500 dotem
2538 1443 2813 1513 acciperet
2857 1441 3117 1496 Messenae
3139 1449 3191 1493 et
3235 1438 3456 1492 Ithomae

1883 1540 2180 1610 regionem,
2208 1547 2406 1609 praeter
2432 1537 2763 1592 maritimam
2790 1535 3058 1590 Arcadiae.
3091 1533 3291 1588 Fmdus
3316 1549 3455 1601 qun-

1882 1649 1990 1702 que
2043 1634 2239 1698 ictum,
2297 1632 2498 1687 bellum
2563 1630 2806 1684 diremit.
2866 1630 3012 1684 lianc
3057 1627 3303 1697 quidem.
3361 1625 3452 1678 ubi

1883 1734 2134 1781 mortuus
2165 1734 2248 1778 cst
2274 1724 2546 1793 princeps,
2579 1723 2788 1791 accepit
2827 1722 3066 1775 Thomas
3115 1719 3259 1789 regis
3287 1717 3456 1771 frater

209 1818 360 1870 τησε,
385 1807 659 1874 παρέλασε
690 1808 894 1876 Θωμᾶς
915 1811 944 1864 ό
969 1811 1063 1865 τοῦ
1096 1812 1368 1882 βασιλέως
1398 1812 1650 1881 ἀδελφὸς,
1681 1814 1776 1867 καὶ

1880 1827 1933 1873 et
1975 1816 2321 1874 Ccntertonts
2351 1831 2576 1872 uxorem
2603 1817 2772 1869 donec
2824 1821 3038 1868 mortua
3085 1819 3188 1873 est,
3242 1811 3295 1864 in
3339 1825 3453 1863 car-

209 1896 304 1964 τήν
331 1913 390 1949 τε
429 1904 662 1965 γυναῖκα
697 1902 792 1956 τοῦ
838 1905 1218 1975 Κεντηρίωνος
1252 1901 1399 1976 εἶχεν
1440 1908 1500 1959 ἑν
1534 1907 1773 1978 φυλακῇ,

208 1989 260 2049 ἐς
291 1991 357 2059 ἢν
382 1991 446 2059 δὴ
476 1993 569 2045 καὶ
614 1996 957 2061 ἐτελεύτησε.
989 1997 1148 2052 Οὕτω
1181 2000 1281 2069 μὲν
1311 1995 1404 2054 οὖν
1443 2003 1474 2071 ὴ
1509 1999 1780 2054 Πελοπόν-

209 2096 366 2146 νησος
409 2075 518 2136 ἀπὸ
571 2087 791 2144 Ἰταλῶν
850 2090 908 2152 ἐς
961 2090 1088 2154 τοὺς
1136 2092 1406 2163 ’Έλληνας
1450 2093 1775 2164 περιῆλθεν.

211 2175 432 2244 Ἕλλησι
477 2178 578 2245 μὲν
629 2176 724 2233 οὖν
764 2182 906 2235 οὕτω
965 2185 1272 2255 προσέφερε
1324 2187 1394 2240 τὰ
1449 2188 1772 2258 πράγματα,

206 2264 572 2336 ὑπαγομένοις
598 2272 747 2337 σφίσι
781 2273 881 2344 τὴν
923 2275 1351 2348 Πελοπόννησον.

289 2357 630 2431 Ἀμουρὰτης
661 2364 716 2416 δὲ
743 2367 771 2418 ό
805 2368 1108 2436 Μεχμέτεω
1141 2371 1498 2437 ἐστρατεύετο
1539 2374 1632 2427 ἐπὶ
1675 2376 1773 2448 τὴν

213 2450 524 2519 Τριϐαλλῶν
567 2458 771 2526 χώραν.
805 2460 914 2513 Καὶ
953 2469 1222 2530 πρότερον
1269 2466 1367 2534 μὲν
1396 2468 1518 2520 ἐπεί
1557 2487 1613 2521 τε
1649 2471 1776 2540 ἐξή-

211 2559 365 2609 νεγκε
401 2545 657 2614 πόλεμον,
687 2551 1074 2620 στρατεύματα
1123 2556 1464 2626 ἐπιπέμψας,
1491 2560 1647 2630 ὶδῄου
1676 2548 1775 2630 τὴν

211 2635 411 2703 χώραν.
445 2638 553 2689 Καὶ
592 2639 712 2692 τότε
750 2642 813 2711 δὴ
840 2639 931 2696 οὖν
964 2643 1039 2707 ὡς
1071 2647 1304 2700 ἐπύθετο
1332 2649 1359 2700 ό
1400 2651 1508 2705 ’τῶν
1542 2653 1777 2722 Τριϐαλ-

209 2725 314 2776 λῶν
371 2728 594 2795 ἡγεμὼν
639 2731 852 2783 ιπιέναι
897 2734 984 2786 ἐπ’
1023 2736 1184 2788 αὑτὸν
1224 2737 1472 2806 βασιλέα,
1518 2743 1774 2811 πρέσϐεις

209 2833 264 2867 τε
311 2819 648 2887 ἐπεπόμφει,
676 2825 770 2875 καὶ
806 2825 958 2892 ἠξίου
1004 2829 1240 2890 σπονδὰς
1279 2834 1574 2900 ποιεῖσθαι,
1607 2837 1692 2906 ἐφ’
1731 2832 1776 2906 ᾧ

207 2907 269 2960 ἂν
305 2912 542 2978 ἁπάγειν
572 2917 618 2947 ’⁸
654 2919 815 2984 φόρον
844 2920 902 2972 ὃν
936 2921 1002 2973 ἂν
1049 2924 1278 2993 τάξηται
1310 2927 1459 2998 αὐτῷ
1492 2930 1771 2999 βασιλεὺς,

206 3000 300 3050 καὶ
350 3004 660 3069 πείσεσθαι,
707 3010 735 3060 ὅ
790 3027 841 3062 τι
891 3013 960 3064 ἂν
1021 3014 1235 3070 κελεύοι
1298 3019 1468 3088 αὐτῷ.
1509 3021 1774 3080 Ἐνταῦθα

215 3091 563 3164 ’Λμουράτης
607 3100 799 3166 ἄγεται
849 3103 947 3174 τὴν
987 3107 1267 3177 θυγατέρα
1321 3110 1415 3164 τοῦ
1458 3113 1774 3184 Τριϐαλλῶν

1882 1923 2008 1963 cere
2040 1907 2306 1962 condidit.
2344 1906 2456 1961 Hoc
2491 1907 2650 1960 modo
2705 1904 3117 1973 Peloponnesus
3175 1899 3245 1953 ab
3303 1897 3455 1950 Italis

1882 2003 1949 2056 ad
1981 2001 2200 2056 Graecos
2230 2000 2493 2056 translata
2523 2009 2625 2054 est.
2657 1997 2966 2052 Grrecorutu
3007 2011 3117 2056 res.
3152 2008 3275 2047 cum
3305 1990 3457 2047 subi-

1883 2101 2074 2168 gerent
2097 2093 2559 2163 Peloponnesum,
2595 2091 2697 2146 hoc
2724 2088 2889 2145 modo
2919 2104 2979 2144 se
3014 2088 3280 2142 habuere.

1953 2372 2242 2427 Amurates
2268 2369 2470 2424 bellum
2505 2367 2697 2422 indicit
2724 2365 3002 2420 Triballis.
3047 2363 3231 2418 Primo
3265 2363 3452 2430 itaque

1883 2465 2064 2518 missis
2097 2462 2436 2518 exercitibus
2461 2458 2829 2514 Triballorum
2887 2459 3166 2527 regionem
3220 2457 3453 2526 popula-

1881 2560 2066 2614 batur.
2103 2556 2510 2612 Utnuntiatum
2531 2566 2613 2607 est
2663 2551 3027 2606 Triballortfm
3071 2548 3332 2619 principi,
3363 2563 3454 2602 re-

1885 2667 2002 2720 gem
2038 2649 2313 2704 hostiliter
2336 2648 2620 2711 accedere,
2655 2646 2858 2716 legatos
2881 2649 2962 2698 ire
2985 2645 3140 2712 jubet
3178 2641 3246 2694 ad
3283 2642 3451 2695 Amu-

1885 2751 2079 2803 ratcm,
2117 2753 2330 2794 oratum
2365 2753 2594 2807 pacem:
2630 2745 2878 2806 paratum
2937 2751 2996 2789 se
3051 2750 3191 2800 esse,
3249 2735 3293 2788 si
3347 2749 3448 2803 pax

1884 2836 2082 2894 Coiret.
2113 2835 2375 2889 tributum
2406 2841 2892 2900 quantumcunque
2928 2831 3284 2899 imperasset,
3316 2847 3450 2897 pcn-

1884 2928 2031 2989 dere,
2062 2942 2159 2979 nec
2181 2934 2555 2979 recusaturum
2593 2925 2772 2977 facere
2795 2939 3139 2992 quaecunque
3165 2924 3446 2992 jnssisset.

1884 3019 2170 3072 Amurates
2204 3017 2362 3084 hujus
2391 3017 2651 3086 principis
2685 3016 2848 3070 filiam
2887 3016 2988 3070 sibi
3027 3016 3077 3070 in
3107 3032 3332 3070 uxorem
3363 3033 3452 3071 so-

1883 3112 2065 3173 ciarit.
2102 3126 2262 3178 quam
2293 3110 2449 3179 petiit
2475 3110 2578 3165 sibi
2622 3125 2842 3163 uxorem
2876 3109 3018 3172 dari,
3085 3109 3248 3162 misso
3281 3107 3449 3162 Sara-

205 3187 476 3282 ᾒγεμόνος
499 3208 513 3221 -
554 3193 872 3261 ἐπιπέμψας
913 3197 969 3251 δὲ
1004 3199 1277 3272 Σαραξίην
1313 3205 1404 3259 τὸν
1451 3209 1560 3260 τῶν
1591 3210 1773 3282 θυρῶν

1880 3205 2289 3274 κῖαξῇαιιιιιιτιιιιι
2343 3203 2717 3268 imperatore:
2773 3218 2934 3270 quam
2988 3202 3333 3272 postmodum
3395 3204 3447 3255 in

205 3277 476 3345 ἡγεμόνα,
529 3282 768 3350 ὴγάγετό
829 3303 887 3338 τε
942 3289 1042 3357 τὴν
1089 3294 1323 3356 γυναῖκα
1375 3297 1468 3350 τοῦ
1528 3277 1775 3356 Χαλίλεω

204 3371 542 3438 ἀνάγοντος,
581 3377 710 3446 παρ’
741 3379 890 3448 αὐτῷ
919 3380 1064 3447 μέγα
1098 3382 1534 3454 εὐδοκιμοῦντος,
1577 3394 1670 3445 καὶ
1707 3392 1777 3446 τὰ

206 3464 455 3532 βασίλεια
490 3467 677 3522 αὑτοῦ.
713 3468 859 3523 Μετὰ
893 3473 949 3525 δὲ
979 3473 1152 3528 ταῦτα
1186 3477 1418 3546 ἧλαυνεν
1460 3482 1556 3534 ἐπὶ
1592 3485 1776 3554 Καρα-

205 3557 382 3623 μὶ·;ον
437 3558 527 3611 τὸν
587 3560 879 3631 Ἀλιδέριον
925 3568 1169 3635 ἡγεμόνα
1210 3572 1309 3640 τῆς
1352 3573 1584 3640 Καρὲας,
1618 3577 1685 3630 τά
1715 3596 1774 3631 τε

202 3647 344 3701 ἄλλα
391 3652 794 3721 αἰτιασάμενος,
825 3658 917 3709 καὶ
957 3659 1041 3712 ὃτι
1080 3660 1172 3712 τὸν
1205 3663 1435 3733 ἀδελφὸν
1480 3669 1644 3722 αὑτοῦ
1685 3669 1776 3723 τὸν

201 3740 473 3809 νεώτερον
500 3742 639 3810 ἔχων
673 3743 804 3814 παρ’
835 3746 1032 3817 ἑαυτῷ,
1068 3749 1315 3819 επεμψεν
1344 3754 1433 3808 ἐπὶ
1483 3757 1612 3819 τοὺς
1649 3759 1776 3814 ’Έλ-

203 3830 399 3924 λτγνας.
465 3833 667 3924 ξεπιὼν
723 3837 780 3889 δι
832 3839 929 3892 σὺν
983 3844 1357 3913 στρατεύματι
1422 3850 1633 3920 πολλῷ,
1678 3853 1775 3924 τὴν

202 3922 394 3991 χώραν
428 3922 608 3993 ἐδῄου,
640 3925 1019 3992 ἐκλελοιπότος
1055 3932 1229 4002 αὐτὴν
1275 3936 1369 3989 τοῦ
1420 3922 1773 4010 Καραμάνου,

202 4015 300 4107 καὶ
335 4015 404 4065 τὰ
431 4014 577 4080 ἄκρα
610 4016 926 4086 κατέχοντος
955 4019 1062 4073 τῶν
1089 4024 1278 4092 ὀρέων.
1321 4029 1505 4082 Ἐστὺν
1539 4033 1594 4085 δὲ
1627 4036 1775 4107 αὑτῷ

199 4105 296 4157 δύο
320 4107 507 4168 πόλεε,
549 4108 580 4176 ἠ
614 4109 714 4176 μὲν
737 4111 988 4179 Λάρανδα
1019 4115 1309 4190 λεγομένη.
1345 4123 1454 4192 ἠδὲ
1487 4105 1774 4185 Τοκόνειον

201 4200 360 4286 πόλις
390 4201 602 4268 μεγάλη
630 4219 687 4254 τε
723 4203 855 4257 οὖσα
892 4207 952 4259 τὸ
984 4211 1214 4262 παλαιὸν
1260 4215 1354 4266 καὶ
1388 4217 1684 4286 εὐδαίμων,
1716 4223 1775 4276 ἐν

199 4282 233 4360 ᾖ
270 4290 364 4341 καὶ
397 4289 611 4358 βασιλὶς
644 4288 711 4363 ἦν
741 4297 852 4346 τῶν
885 4299 1120 4366 πρόσθεν
1166 4302 1429 4370 βασιλέων
1458 4282 1554 4361 τού
1586 4282 1776 4377 γένους

199 4380 421 4432 τούτου.
459 4382 589 4434 "At:
642 4388 752 4453 γὰρ
796 4385 904 4438 τῶν
952 4387 1125 4457 ὀρέων
1175 4395 1272 4462 τῆς
1308 4394 1490 4462 χώρας
1537 4400 1775 4470 ἰσχυρῶν

198 4471 402 4533 ὄντων,
450 4474 545 4524 καὶ
599 4475 699 4526 οὐκ
758 4477 1002 4532 εὐπετῶν
1057 4481 1227 4534 ὄντων
1278 4485 1557 4557 ἐπιϐῆναι,
1595 4492 1774 4564 ὁρμώ-

1881 3299 2084 3368 regiam
2105 3297 2334 3351 adduxit
2357 3296 2615 3355 Chaliles.
2646 3295 2738 3364 qui
2762 3296 3059 3364 plurimum
3089 3296 3231 3365 apud
3261 3312 3443 3365 regem

1878 3389 2138 3458 pollebat.
2166 3389 2262 3442 I-lis
2293 3389 2362 3441 ita
2400 3388 2660 3457 peractis,
2695 3387 2847 3456 petiit
2874 3387 3017 3439 bello
3077 3385 3445 3440 Caramanum

1878 3483 2200 3543 Aliderium,
2233 3482 2406 3536 Cariae
2437 3482 2652 3544 ducem.
2690 3481 2904 3536 crimini
2958 3481 3007 3534 ci
3055 3483 3197 3534 inter
3246 3494 3444 3535 caetera

1879 3586 2118 3636 vertens,
2143 3575 2286 3641 quod
2305 3573 2528 3626 fratrem
2560 3589 2717 3625 suum
2746 3573 3042 3640 juniorem,
3069 3574 3155 3626 cui
3188 3573 3445 3627 alimenta

1881 3664 2209 3732 praahuerat.
2272 3663 2337 3718 ad
2368 3664 2586 3718 Grzecos
2651 3662 2910 3718 misisset.
2964 3662 3204 3718 Veniens
3257 3667 3447 3732 itaque

1879 3771 2001 3811 cum
2038 3771 2233 3822 magno
2265 3755 2524 3819 exercitu,
2557 3755 2829 3818 regionem
2873 3756 3116 3824 graviter
3163 3757 3448 3824 afﬂigebat.

1881 3847 2322 3916 populationibus
2345 3861 2506 3914 quam
2535 3845 2873 3900 Garamantis
2922 3847 3264 3910 deseruerat,
3321 3865 3446 3902 cum

1880 3954 1936 3992 se
1968 3937 2262 4006 recepisset
2301 3937 2352 3990 in
2378 3939 2647 3991 montium
2683 3939 2993 3992 cacumina.
3046 3938 3217 4007 Regio
3243 3940 3312 3991 ita
3354 3957 3446 3991 nr-

1880 4031 1976 4086 bes
2013 4031 2174 4084 habet
2205 4031 2339 4084 duas
2374 4048 2389 4085 :
2421 4047 2525 4084 una
2562 4031 2808 4086 Laranda
2866 4043 3116 4092 vocatur,
3155 4034 3308 4086 alteri
3345 4052 3447 4086 na-

1881 4138 2000 4177 tnen
2028 4132 2112 4177 est
2139 4121 2472 4178 Toconeiutn
2513 4124 2645 4191 (38).
2682 4123 3012 4177 Toconeium
3052 4129 3178 4178 urbs
3236 4128 3447 4188 magni-

1879 4216 2065 4269 tudine
2096 4223 2151 4268 et
2171 4215 2364 4284 opibus
2399 4223 2640 4283 praestat,
2677 4215 2730 4267 in
2765 4231 2870 4283 qua
2907 4217 3210 4280 antiquitus
3247 4218 3448 4284 regina:

1879 4310 2261 4364 morabantur.
2311 4307 2446 4362 Cum
2501 4317 2718 4362 montes
2771 4309 3012 4376 regionis
3074 4309 3220 4362 illius
3261 4324 3450 4363 essent

1877 4394 2201 4457 ﬁrmissimi,
2228 4405 2282 4450 et
2329 4398 2619 4454 admodum
2671 4398 2887 4460 muniti,
2928 4414 3028 4451 nec
3065 4399 3225 4452 facile
3246 4401 3446 4455 scandi

1877 4497 2379 4558 possentkomnem
2405 4489 2534 4544 belli
2559 4490 2751 4542 molem
2775 4500 3054 4550 verterunt
3084 4491 3140 4545 in
3158 4492 3445 4549 finitimam

199 4580 382 4629 μενοι,
413 4565 512 4635 τὴν
541 4567 713 4639 ταύτῃ
745 4568 930 4638 χώραν
963 4574 1242 4642 περίοικον
1273 4572 1408 4646 ἦγον
1438 4583 1526 4633 καὶ
1551 4581 1771 4654 ἔφερον.

1878 4583 2202 4652 regionem:
2243 4597 2402 4649 quam
2435 4591 2667 4652 agentes
2722 4589 2789 4635 et.
2841 4582 3100 4643 ferentes.
3187 4585 3446 4652 paulatim

199 4656 312 4706 Καὶ
360 4657 502 4708 κατὰ
552 4657 734 4727 βραχὺ,
778 4662 1066 4729 προϊόντες
1115 4671 1572 4738 κατεστρέφοντο.
1619 4676 1776 4730 Ἔστι

193 4747 242 4798 δ’
280 4749 312 4815 ἡ
349 4747 508 4809 πόλις
561 4748 698 4820 αὕτη
763 4753 1136 4827 εὐνομουμένη
1191 4758 1302 4812 ἀπὸ
1336 4762 1433 4814 τοῦ
1482 4765 1623 4817 πάνυ
1679 4785 1776 4820 πα-

193 4837 382 4890 inio-3.
412 4839 666 4907 Λάρανδα
713 4841 768 4894 δὲ
801 4844 834 4912 ὴ
869 4843 1024 4907 πόλις
1067 4847 1299 4899 οἰκεῖται
1351 4848 1453 4918 μὲν
1481 4849 1620 4921 αὕτη
1671 4854 1776 4907 ὑπὸ

192 4931 298 4999 τὴν
331 4932 618 5001 ὑπώρειαν
658 4935 767 4988 τῶν
800 4937 971 5009 ταύτῃ
997 4939 1186 5008 όριων,
1223 4943 1316 4996 καὶ
1366 4944 1425 4998 οὐ
1466 4948 1607 5000 πάνυ
1634 4949 1791 5010 ἑάλω,

191 5025 305 5076 τινὶ
339 5025 667 5095 ὀχυρώματι
693 5046 708 5061 ⁸
746 5032 778 5100 ἡ
821 5031 876 5084 δὲ
917 5032 1089 5102 χώρα,
1129 5036 1377 5100 ἐπιόντος
1427 5038 1522 5092 τοῦ
1571 5041 1772 5111 Ἄμου-

192 5118 406 5184 pri-rem,
456 5118 698 5188 ὑπέμενέ
746 5140 805 5174 τε
870 5124 968 5178 καὶ
1003 5126 1103 5179 οὐκ
1141 5127 1409 5193 ἐξέλιπεν.
1443 5132 1517 5184 Οὐ
1561 5134 1670 5204 γὰρ
1705 5134 1770 5206 δὴ

190 5209 486 5276 νομίζεται
537 5211 812 5281 Τούρκους
866 5233 930 5283 γε
977 5219 1137 5281 ὄντας
1184 5221 1406 5284 αὐτοὺς.
1447 5224 1773 5294 ἀνδραποδι-

191 5300 396 5362 ζεσθαι
451 5304 510 5363 ἐς
547 5304 616 5356 τὰ
655 5305 794 5359 αὖτᾶ
841 5323 899 5359 τε
945 5309 1062 5376 ἅμα
1101 5311 1227 5381 ἤθη,
1258 5315 1352 5366 καὶ
1381 5315 1436 5375 ἐς
1475 5315 1573 5386 τὴν
1600 5317 1772 5386 αὐτὴν

188 5396 417 5452 δίαιταν
443 5395 899 5468 καθισταμένους.
939 5401 1000 5455 Ὀ
1033 5405 1217 5472 μέντοι
1253 5407 1586 5477 Καραμᾶνος
1617 5401 1772 5472 οὗτος

1873 4671 2150 4744 progressi
2191 4673 2536 4743 subigebant.
2600 4673 2738 4728 Urbs
2786 4673 2889 4727 ista
2941 4675 3161 4740 optimis
3236 4676 3448 4745 legibus

1874 4762 2100 4817 fundata
2134 4773 2218 4817 est
2251 4763 2360 4832 jam
2398 4762 2523 4817 inde
2553 4762 2622 4816 ab
2651 4761 2901 4830 antiquo.
2940 4762 3185 4816 Laranda
3220 4763 3324 4815 sita
3361 4772 3447 4816 est

1875 4857 1929 4911 in
1952 4857 2228 4912 radicibus
2251 4856 2538 4920 montium,
2564 4855 2656 4925 qui
2688 4855 2745 4909 in
2768 4855 2870 4910 ista
2903 4857 3126 4925 regione
3164 4855 3444 4921 visuntur.

1874 4964 1976 5005 nec
2002 4947 2277 5018 aliquibus
2317 4945 2672 5000 munimentis
2717 4945 2981 4999 adversus
3049 4945 3156 4998 vim
3200 4945 3444 5001 hostium

1878 5041 2090 5093 ﬁrmata
2151 5046 2258 5092 est.
2313 5035 2503 5091 lncola:
2529 5036 2779 5106 regionis
2831 5036 3110 5092 Amuratis
3144 5037 3440 5090 adventum

1862 5109 2284 5202 ‘exspectarunt,
2309 5147 2408 5186 nec
2440 5130 2544 5186 sibi
2577 5129 2699 5202 fuga
2719 5130 3137 5185 consuluerunt.
3173 5129 3446 5184 Putabant

1875 5225 2021 5279 enim
2062 5240 2184 5279 cum
2210 5235 2260 5279 et
2284 5224 2388 5294 ipsi
2415 5223 2578 5278 Turei
2611 5223 2809 5288 forent,
2870 5235 2923 5277 et
2945 5223 3139 5278 iisdem
3193 5223 3445 5277 moribus

1875 5316 2191 5384 reliquaque
2243 5317 2367 5368 vita:
2413 5313 2806 5368 consuetudine
2874 5321 3177 5376 uterentur,
3215 5327 3273 5366 se.
3308 5311 3445 5366 nihil

1879 5407 2077 5463 hostile
2095 5423 2375 5478 passuros.
2395 5405 2735 5464 Caramanus
2757 5405 2845 5461 ille
2862 5405 3121 5462 finitimus
3135 5414 3214 5462 est
3236 5404 3444 5465 Pisidas

1477 5549 1724 5609 Notulte
1756 5548 2161 5627 marginales.

264 5659 386 5728 (38)
409 5658 670 5713 Coneium
689 5661 878 5723 Caria,
899 5664 1027 5720 olim
1083 5667 1342 5737 Iconium,
1388 5672 1548 5743 vulgo
1595 5672 1868 5743 Congium.

273 5797 318 5826 "
351 5799 687 5864 ἀπαγαγεῖν,
714 5797 788 5852 al.
815 5809 869 5852 ut
911 5801 966 5853 in
999 5814 1145 5855 (aut.
