4190 6434
170 338 269 400 249

1248 338 1348 396 DE
1382 336 1635 397 REBUS
1667 338 1765 397 TU
1782 338 2024 397 RCICIS
2066 342 2204 402 LIB.
2252 344 2316 402 V.

3304 345 3408 408 9.50

167 454 445 523 βασιλέως.
489 451 596 505 Καὶ
624 451 747 513 τούς
775 469 835 519 γε
864 451 1133 521 ἄρχοντας
1182 450 1280 518 τῆς
1330 452 1513 520 χώρας
1561 451 1730 519 Τούρ-

1861 455 2118 509 iniuratis
2180 456 2479 523 regionem,
2530 471 2695 526 quam
2753 466 2982 525 egerunt
3033 467 3086 511 et
3141 461 3405 527 tulerunt,

166 565 290 605 κως
324 534 624 607 ἀνελόντες,
658 544 959 611 ἐπέδραμον
980 543 1077 612 τὴν
1109 542 1367 612 βασιλέως
1406 542 1611 610 χώραν,
1642 545 1735 595 καὶ

164 637 295 708 ἦγον
330 636 653 705 καὶέφερον.
682 620 879 703 Χῶραν
919 652 975 686 τε
1023 635 1265 704 ἐρυμνὴν
1296 636 1615 703 κατέχοντες
1641 637 1736 686 αὑ-

165 731 380 791 το“ι,κα“ι
430 728 646 797 ὀρεινὴν
678 728 777 792 τὴν
834 726 1127 792 σύμπασαν
1184 726 1275 777 καὶ
1316 728 1601 794 τραχεῖαν.
1648 726 1738 787 Ὠς

170 824 263 891 μὲν
299 819 391 873 οὖν
425 821 596 871 ταῦτα
639 818 937 887 ἠγγέλλετο
977 816 1204 883 βασιλεῖ,
1242 814 1501 883 ἔπεμπεν
1542 814 1732 882 Ἀλίην

166 914 257 964 τὸν
305 912 604 979 Βρενὲζεω,
649 909 956 976 στρατηγὸν
998 903 1312 967 ἀποδείξας,
1340 903 1431 954 καὶ
1459 901 1738 971 παραδοὺς

168 1002 321 1072 αὐτῷ
357 1001 697 1070 στράτευμα,
726 1000 850 1051 ὅσον
879 1014 935 1048 τε
971 998 1125 1064 παρὰ
1162 996 1336 1059 Ἀξιὸν
1370 995 1618 1063 ποταμὸν
1644 994 1738 1044 καὶ

168 1094 267 1160 τῆς
313 1090 808 1161 ’Λργυροπολίχνης
830 1128 843 1149 ,
884 1090 977 1140 καὶ
1006 1087 1403 1156 ἱπποδρόμους,
1437 1087 1552 1137 ὅσοι
1578 1084 1736 1151 τήνδε

166 1184 265 1251 τὴν
318 1182 502 1251 χώραν
552 1179 880 1243 ἐνοικοῦσιν,
934 1178 1192 1230 ἐκέλευεν
1252 1177 1519 1239 ἐπιόντα,
1550 1176 1651 1245 τήν
1682 1192 1739 1226 τε

169 1275 355 1342 χώραν
388 1272 537 1336 αὐτῷ
577 1272 676 1341 τὴν
740 1270 1019 1325 Ἀλϐανῶν
1075 1269 1591 1339 καταστρέψασθαι,
1642 1266 1738 1320 καὶ

168 1366 727 1434 ἁνδραποδισὰμενον,
766 1364 924 1433 ἥκειν
974 1362 1120 1431 αὖτῴ
1157 1363 1358 1429 ἄγοντα
1395 1362 1485 1413 τὸν
1518 1363 1743 1430 Κομνη-

169 1457 262 1509 νοῦ
294 1458 483 1508 παῖδα.
514 1455 679 1517 Οῦτος
714 1456 811 1523 μὲν
833 1450 925 1507 οὖν
954 1454 1138 1506 λαϐὼν
1173 1454 1267 1505 τὸν
1298 1455 1535 1523 στρατὸν
1562 1454 1739 1506 artav-

169 1568 255 1613 τα,
293 1549 548 1602 ἐσέϐαλεν
601 1551 657 1609 ἐς
695 1547 791 1618 τὴν
843 1547 1047 1617 χώραν,
1082 1549 1178 1600 καὶ
1219 1548 1382 1610 πεζὸν
1435 1546 1549 1615 ἅμα
1579 1548 1741 1615 εὑρά-

174 1659 336 1710 μενος
381 1639 481 1692 οὒκ
530 1639 737 1705 ὀλίγον;
780 1639 869 1699 Ὠς
918 1638 973 1691 δὲ
1013 1639 1291 1701 ἐσέϐαλον,
1328 1637 1514 1708 ἐδῄουν
1544 1655 1602 1689 τε
1642 1639 1743 1705 τὴν

170 1732 379 1800 χώραν,
416 1732 513 1783 καὶ
542 1732 899 1800 ἐνεπίμπρων
949 1729 1128 1791 οἰκίας
1159 1747 1216 1782 τε
1260 1732 1353 1782 καὶ
1394 1730 1619 1799 ἀγροὺς,
1646 1730 1737 1781 of).

169 1827 321 1889 δενδς
357 1824 686 1892 φειδόμενοι.
731 1823 790 1874 '0
841 1823 1027 1893 μέντοι
1067 1823 1385 1894 Ἀριανίτης
1415 1822 1744 1889 συναγαγὼν
1778 1802 1817 1857 Β

170 1917 297 1977 τοὺς
319 1918 419 1985 τῆς
461 1914 648 1985 χώρας
683 1914 887 1977 ίππέας
929 1934 989 1969 τε
1033 1918 1127 1969 καὶ
1166 1914 1388 1978 πεζοὺς,
1420 1914 1518 1967 καὶ
1547 1914 1741 1984 ἀφικό-

173 2026 358 2077 μενος,
400 2008 817 2076 καταλαμϐάνει
851 2008 921 2061 τὰ
950 2010 1120 2079 ἄκρα.
1169 2001 1203 2081 ᾖ
1252 2007 1483 2075 ἔμελλεν
1517 2006 1746 2069 ἀναζεύ-

173 2104 266 2167 ξας
312 2103 495 2171 Ἀλίης
543 2104 571 2154 ό
623 2100 718 2154 τοῦ
774 2101 1057 2171 Βρενέξεω
1102 2100 1440 2164 ἐξελαύνειν.
1499 2098 1607 2153 Καὶ
1668 2098 1745 2161 ὡς

172 2195 481 2263 ἐπειρῶντο
524 2194 661 2263 μετὰ
699 2194 876 2246 ταῦτα
924 2193 975 2246 οἱ
1008 2192 1100 2245 τοῦ
1142 2193 1337 2245 Ἀλίεω
1363 2190 1617 2258 διελθεῖν,
1645 2192 1745 2244 οὐκ

172 2289 465 2357 ἠδύναντο,
493 2288 863 2357 ἐνισταμένων
887 2287 996 2340 τῶν
1027 2286 1200 2357 ταύτῃ
1235 2286 1374 2355 μετὰ
1411 2286 1467 2338 Ἀ
1481 2287 1746 2355 ριανίτου,

172 2383 267 2432 καὶ
300 2382 401 2433 οὐκ
430 2381 841 2449 ἐπιτρεπόντων
874 2378 1150 2443 διεξιέναι.
1198 2376 1463 2430 Ἐνταῦθα
1492 2380 1542 2429 οἱ
1574 2376 1746 2446 Τοῦρ-

174 2492 283 2538 κοι,
318 2473 467 2525 ἄλλοι
498 2472 620 2541 μὲν,
651 2471 725 2534 ὡς
757 2470 1171 2540 ἀπελείφθησαν
1196 2471 1257 2524 ἐν
1278 2472 1345 2539 τῇ
1385 2469 1558 2539 χώρᾳ,
1596 2469 1748 2524 ἄλλοι

172 2568 230 2619 δὲ
265 2567 408 2619 κατὰ
440 2567 542 2636 τὴν
577 2566 762 2634 χώραν
795 2566 1118 2634 ἐτράποντο,
1158 2565 1281 2617 ὅποι
1334 2564 1553 2632 ἑκάστῳ
1584 2563 1751 2632 πρού-

174 2658 350 2729 χώρει
396 2656 781 2721 διασώζεσθαι.
828 2656 1046 2710 Τούτων
1081 2659 1131 2710 οι
1175 2657 1417 2710 πλεῖστοι
1446 2654 1746 2724 διεφθάρη-

178 2771 277 2804 σαν
322 2751 426 2803 ὑπὸ
467 2750 576 2801 τῶν
620 2749 893 2802 Ἀλϐανῶν
915 2761 929 2776 ·
970 2752 1018 2801 oi
1050 2750 1110 2801 δέ
1143 2748 1293 2801 ἄλλοι
1328 2749 1572 2802 ἑάλωσαν
1605 2765 1747 2818 παρ-

182 2846 380 2905 ιόντες.
423 2844 486 2895 Οἱ
519 2842 576 2895 δὲ
609 2844 704 2895 σὺν
734 2840 810 2910 τῷ
852 2840 1005 2910 ’Δλίῃ
1034 2840 1508 2909 ἀποτραπόμενοι,
1542 2839 1749 2906 ταύτην

177 2939 277 3003 τὴν
312 2936 541 3005 πορείαν
571 2934 918 3001 πεδινοτέραν
959 2933 1293 3001 ἐποιήσαντο
1341 2933 1437 2984 καὶ
1468 2932 1745 2999 ἐπιμήκη.

179 3030 291 3081 Καὶ
339 3027 651 3091 ἐξελθόντες
706 3028 764 3087 ἐς
816 3025 917 3094 τὴν
955 3024 1239 3094 Ἤπειρον,
1277 3023 1376 3092 τὴν
1422 3024 1562 3075 κατὰ
1607 3024 1752 3092 Κέρ-

1843 545 1901 597 Et
1937 546 2155 610 quidem
2190 563 2276 600 res
2305 549 2526 617 pulchre
2560 549 3055 614 succedebat,cnm
3092 554 3194 622 ipsi
3229 557 3405 622 regio-

1843 654 1962 689 nem
2003 654 2251 703 asperam
2296 649 2347 691 et
2384 649 2723 703 montanam,
2777 643 2828 695 in
2872 658 3034 710 quam
3086 660 3143 696 se
3184 646 3405 712 recipie-

1844 730 1993 789 bant,
2035 730 2358 783 incolerent.
2404 730 2474 785 Ut
2516 747 2705 784 rumor
2736 735 2799 785 ad
2857 749 3036 801 regem
3073 738 3176 788 ista
3217 748 3407 805 pertu-

1844 822 1926 882 lit,
1956 820 2127 874 Alieni
2164 822 2360 875 ducem
2395 822 2763 889 constituens,
2802 827 2889 878 cui
2930 827 3235 890 exercitus,
3271 846 3409 897 quos

1845 913 2033 964 habuit
2058 913 2211 976 juxta
2249 914 2439 966 Axium
2478 914 2678 968 ﬂumen
2713 926 2766 968 ct
2798 919 3204 987 Argyropolim,
3239 923 3409 973 tradi-

1841 1006 1939 1069 dit,
1978 1006 2163 1058 addito
2214 1008 2458 1075 equitatu
2510 1010 2791 1072 universo,
2842 1011 2934 1078 qui
2990 1013 3132 1065 inea
3189 1015 3410 1082 regione

1844 1101 2474 1169 morabatur.jussitque
2501 1114 2555 1155 ut
2581 1106 2917 1156 Albanorum
2958 1106 3235 1173 regionem
3271 1110 3410 1163 sub-

1845 1194 2010 1260 igeret
2045 1213 2058 1247 :
2091 1203 2144 1248 et
2199 1196 2594 1262 mancipiorum
2651 1198 2829 1265 pncda
2882 1208 3142 1264 onustus,
3193 1210 3412 1269 captum

1844 1284 2127 1338 a-ldneens
2177 1286 2340 1339 etiam
2398 1288 2693 1341 Arianitem
2729 1289 2991 1343 Comneni
3026 1290 3220 1354 lilium,
3263 1291 3408 1344 redi-

1844 1392 1947 1437 ret.
1982 1380 2077 1434 llic
2110 1393 2335 1449 accepto
2372 1382 2620 1436 exercitu
2647 1384 2925 1447 universo,
2970 1384 3234 1453 impetum
3264 1384 3413 1439 dedit

1844 1476 1897 1529 in
1924 1475 2178 1528 bosrilem
2214 1474 2513 1539 regionem.
2549 1489 2673 1528 cum
2712 1474 2912 1529 ibidem
2969 1477 3271 1531 invenisset
3319 1491 3412 1530 co-

1844 1568 1961 1635 pias
2002 1566 2279 1632 pedestres
2327 1566 2470 1619 haud
2526 1566 2924 1635 aspernandas.
2970 1567 3264 1637 [legionem
3318 1582 3414 1636 po-

1845 1656 2202 1725 pulabantur,
2248 1656 2402 1709 vicos
2454 1655 2730 1724 villasque
2778 1654 3166 1720 incendebant,
3206 1654 3411 1710 nemini

1849 1749 2168 1812 parcebant.
2232 1746 2529 1811 Arianites,
2592 1749 2942 1818 congregatis
3006 1763 3122 1805 Sum
3175 1749 3415 1816 regionis

1848 1841 2126 1907 equitibus
2157 1847 2211 1893 et
2248 1838 2548 1907 peditibus,
2587 1839 2889 1894 adveniens
2922 1841 3231 1910 occupabat
3264 1857 3416 1894 mou-

1849 1934 1984 1987 tium
2029 1935 2317 1988 cacumina
2350 1945 2405 1987 et
2451 1933 2783 2002 angustias:
2827 1950 2933 2003 qua
2986 1935 3226 1989 reditum
3294 1951 3416 1987 ma-

1848 2038 2064 2089 turans,
2093 2026 2434 2081 transiturus
2466 2033 2586 2079 erat
2628 2040 2752 2080 cum
2786 2025 2981 2095 copiis.
3022 2026 3179 2080 ~Aliis
3214 2027 3417 2079 milites

1848 2134 1972 2172 cum
2005 2126 2339 2171 conarentur
2380 2118 2643 2179 transire,
2672 2133 2779 2171 non
2813 2127 3133 2186 potuerunt,
3164 2118 3417 2170 cmnfor-

1848 2210 1977 2263 titer
2036 2212 2105 2263 ab
2137 2209 2387 2263 Arianite
2443 2210 2683 2264 transitu
2747 2208 3194 2278 prohiberentur.
3226 2208 3413 2279 "Turci

1851 2304 2067 2370 reliqui,
2105 2318 2228 2357 cum
2262 2302 2331 2355 ab
2362 2303 2479 2356 Alie
2518 2309 2706 2357 essent
2737 2302 2788 2356 in
2828 2318 2888 2355 ea
2945 2303 3173 2372 regione
3217 2302 3413 2361 relicti,

1852 2397 1973 2465 fuga
2010 2395 2112 2450 sibi
2141 2395 2433 2449 consulere
2471 2395 2735 2462 parabant
2771 2414 2785 2448 :
2838 2409 2904 2446 eo
2938 2393 3283 2456 festinantes,
3320 2393 3415 2446 ubi

1853 2489 2156 2543 incolumes
2194 2489 2318 2541 vita:
2355 2488 2649 2541 discrimen
2702 2487 2993 2547 imminens
3030 2487 3235 2540 evitare
3289 2500 3421 2555 pos-

1852 2591 1995 2634 sent.
2028 2579 2233 2632 Horum
2264 2580 2513 2647 plerique
2544 2579 2612 2632 ab
2656 2576 2885 2632 Albanis
2920 2578 3257 2647 interempti,
3290 2593 3419 2643 par-

1854 2672 1945 2724 tim
1993 2672 2137 2739 capti
2171 2679 2317 2725 sunt.
2356 2669 2595 2739 R-sliqui,
2631 2669 2722 2739 qui
2758 2686 2817 2724 se
2873 2669 3015 2737 lugm
3044 2670 3145 2721 Alii
3181 2670 3417 2723 comites

1852 2764 2171 2830 iunxerant,
2226 2761 2619 2830 profectionem
2667 2774 3029 2827 campestrem
3087 2772 3140 2814 at
3209 2761 3422 2829 longio-

1856 2866 1991 2911 rem.
2019 2852 2250 2918 ingressi
2285 2861 2434 2905 sunt.
2467 2849 2533 2903 Et
2561 2850 2903 2915 egredientes
2948 2852 3003 2904 in
3047 2853 3419 2905 continentem

1855 2943 2160 3011 quaajuxta
2191 2941 2484 3011 Corcyram
2541 2943 2845 3005 habitatur,
2902 2959 2967 2997 ex
3013 2945 3204 2997 multis
3260 2946 3420 3011 paur-i

1857 3036 1979 3099 fuga
2021 3034 2123 3088 sibi
2167 3036 2540 3096 consulentes.
2578 3035 2769 3089 domos
2811 3036 2892 3089 ire
2946 3046 3200 3104 pergunt.
3250 3036 3320 3089 Ea
3364 3038 3421 3089 in

177 3138 358 3189 κυραν
413 3119 727 3189 ῲκημένην,
784 3117 846 3170 ἐκ
897 3116 1112 3168 πολλῶν
1147 3114 1525 3181 ἀπενόστησαν
1558 3113 1750 3181 διαφυ-

1861 3125 2198 3191 expeditione
2262 3141 2513 3195 magnam
2579 3126 2806 3193 gloriam
2872 3126 3077 3180 invenit
3143 3128 3423 3180 Arianites

175 3221 375 3281 γόντες
432 3214 505 3281 μὴ
538 3211 894 3265 ἀπόλλυσθαι.
941 3207 1211 3263 Ἐνταῦθα
1230 3209 1295 3275 δὴ
1322 3207 1563 3261 ἀνείλετο
1592 3206 1752 3271 δόξαν

177 3308 467 3375 περιφανῆ
510 3308 826 3375 Ἀριανίτης
867 3308 894 3358 ὁ
940 3304 1234 3371 Κομνηνοῦ
1261 3343 1278 3363 ,
1316 3302 1753 3371 ἀποδειξάμενος

180 3400 321 3467 ἔργα
350 3398 510 3460 λόγου
546 3396 691 3459 ἄξια,
732 3397 824 3448 καὶ
852 3397 910 3447 τὸ
944 3395 1198 3448 ἐντεῦθεν
1228 3396 1556 3463 εὐδοκιμῶν.
1596 3394 1753 3447 Οὕτω

184 3491 285 3558 μὲν
311 3488 378 3557 δὴ
418 3487 569 3556 Ἀλίῃ
600 3486 677 3553 τῷ
711 3487 1008 3553 Βρενὲζεω,
1032 3486 1107 3546 ὡς
1154 3484 1531 3538 είσεὸἀλλοντο
1572 3487 1626 3546 ἐς
1656 3484 1757 3555 τὴν

179 3586 321 3653 πρὸς
368 3582 550 3634 Ἰόνιον
586 3581 805 3649 χώραν,
859 3582 887 3631 ὁ
938 3580 1164 3649 στρατὸς
1216 3577 1579 3649 χαλεπώτατα
1631 3578 1759 3629 ιπε-

180 3676 397 3740 πλάγη.
460 3672 522 3723 Οἱ
584 3674 770 3739 μέντοι
805 3670 984 3722 λοιποὶ
1039 3672 1148 3723 τῶν
1200 3671 1334 3738 πρὸς
1387 3669 1756 3738 τῆνἈργους

181 3767 452 3833 πολίχνην
473 3764 544 3825 ⁸⁸,
573 3764 869 3815 οἰκούντων
884 3762 1178 3824 Ἀλϐανῶν,
1195 3762 1268 3823 ὡς
1290 3759 1427 3814 εἶδον
1445 3762 1758 3830 ’Δριανίτην

177 3856 589 3925 νεωτερίσαντα
622 3856 748 3923 περὶ
778 3854 875 3923 τὴν
902 3854 1167 3923 βασιλέως
1196 3852 1393 3921 ἀρχὴν,
1424 3852 1583 3923 ἔργον
1616 3852 1758 3920 λαμ-

181 3951 325 4018 πρὸν
361 3950 516 4016 σφίσι
550 3948 1058 4016 κατεργασάμενον,
1102 3945 1452 3998 ἐϐουλεύοντο
1480 3946 1575 3997 καὶ
1600 3945 1759 3997 αὐτοὶ

179 4046 499 4096 ἀπόστασιν
541 4040 647 4092 ἀπὸ
696 4039 960 4107 βασιλέως
1017 4039 1369 4108 Ἀμουράτιγ
1418 4039 1513 4091 καὶ
1556 4038 1760 4089 ἐπεκα-

176 4138 382 4189 )οῦντο
414 4134 515 4204 μὲν
555 4134 730 4202 δήπου
775 4132 869 4184 τὸν
895 4130 1140 4199 ἡγεμόνα
1186 4130 1385 4182 αὐτῶν.
1414 4128 1619 4182 Τούτου
1650 4129 1758 4196 γὰρ

177 4232 248 4301 δὴ
279 4232 373 4282 τὸν
410 4228 621 4296 πατέρα
658 4225 921 4291 ἐξελάσας
945 4226 1009 4277 ἐκ
1034 4224 1133 4291 τῆς
1165 4222 1347 4293 χώρας
1376 4224 1699 4292 Παιαζήτης
1731 4223 1760 4274 ό

180 4323 586 4390 Ἀμουράτεω,
629 4317 985 4385 καὶ,Μύρξαν
1032 4316 1142 4368 τῶν
1192 4315 1446 4369 Κανίνων
1487 4314 1758 4383 ἡγεμόνα,

178 4416 281 4467 καὶ
316 4412 550 4482 συχνοὺς
584 4410 778 4470 ἄλλους
819 4408 1085 4476 ἄρχοντας
1118 4407 1219 4476 τῆς
1251 4406 1373 4475 τῇδε
1416 4404 1620 4474 χώρας,
1660 4406 1760 4471 τήν

179 4525 246 4558 τε
293 4508 485 4575 χώραν
526 4503 794 4572 κατέσχε,
844 4500 939 4553 καὶ
982 4500 1163 4567 ἐαυτῷ
1199 4498 1757 4569 καταπροῦστήοατο.
1790 4481 1836 4538 D

180 4598 293 4649 Τὸν
327 4594 397 4663 δὴ
450 4588 546 4645 οὖν
595 4592 775 4643 Δέτῖαν
818 4588 1004 4642 τοῦτον
1046 4589 1334 4658 περιιόντα
1365 4631 1380 4655 ,
1412 4591 1506 4642 καὶ
1545 4604 1763 4658 περινο-

182 4690 453 4749 στοῦντα,
493 4686 621 4739 ἄλλο
663 4702 724 4736 τε
769 4683 936 4753 ἀλλην
989 4684 1088 4750 τῆς
1118 4682 1375 4746 Ἰταλίας,
1408 4683 1504 4735 καὶ
1534 4685 1593 4736 ἐν
1621 4684 1763 4752 Κερ-

180 4782 338 4849 κύρᾳ
370 4782 436 4848 τῇ
471 4776 701 4829 Ἐνετῶν
733 4776 880 4845 νήσῳ
924 4774 993 4829 τὰ
1029 4774 1204 4826 πολλὰ
1237 4774 1608 4843 διατρίϐοντα,
1639 4777 1764 4829 ἐπε-

178 4872 458 4926 καλοῦντο
488 4871 536 4922 οι
577 4869 707 4938 περὶ
755 4868 855 4938 τὴν
898 4868 1407 4937 Ἀργυροπολίχνην
1462 4868 1761 4933 οίκοῦντες,

179 4967 285 5017 κ..“ι
318 4963 476 5030 σφίσι
510 4962 731 5030 βασιλέα
763 4978 823 5013 τε
859 4960 1182 5027 ἐστήσαντο.
1221 4960 1325 5011 Καὶ
1350 4960 1581 5027 στρατὸν
1605 4978 1763 5025 ποιη-

180 5061 447 5126 σάμενοι,
485 5055 793 5123 ἐπήλαυνον
829 5052 923 5104 ἐπὶ
973 5052 1073 5120 τὴν
1102 5052 1623 5120 Ἀργυροπολίχνην,
1664 5055 1763 5119 τὴν

178 5152 469 5218 βασιλέως
516 5150 637 5200 τότε
696 5148 761 5215 δὴ
798 5146 976 5207 πόλιν,
1011 5144 1320 5213 ἀνήκουσαν
1363 5145 1419 5197 δέ
1466 5143 1764 5212 προῦθεντο

175 5241 399 5310 τουτῳῒ
442 5240 524 5309 τῷ
573 5239 722 5308 Δὲπα
748 5280 762 5301 ,
811 5238 908 5290 καὶ
936 5237 1286 5307 ἐπολιόρκουν
1314 5234 1411 5305 τὴν
1467 5235 1618 5287 πόλιν
1656 5253 1763 5304 μη-

175 5333 388 5400 χαναῖς
426 5346 485 5381 τε
519 5327 598 5395 τῷ
642 5326 813 5394 τείχει
850 5326 1272 5395 προσφέροντες.
1300 5321 1481 5377 Ἱισαν
1511 5324 1566 5376 δὲ
1594 5325 1761 5378 αὐτοῦ

174 5427 250 5475 ὲν
278 5424 346 5490 τῇ
378 5420 535 5472 πόλει
562 5417 815 5486 νεήλυδές
862 5434 922 5469 τε
961 5416 1056 5469 τοῦ
1093 5416 1355 5484 βασιλέως
1392 5419 1605 5485 φρουρᾷ
1626 5457 1639 5479 ,
1669 5417 1763 5469 καί

176 5530 336 5573 τινες
378 5509 532 5562 ἄλλοι
584 5508 644 5560 οὐ
694 5507 881 5559 πολλοὶ
926 5506 1034 5560 τῶν
1074 5506 1354 5576 Τοὺρκων,
1407 5506 1764 5574 διαφυγόντες

1855 3218 2117 3271 Comneni
2146 3218 2311 3280 filius,
2342 3220 2717 3287 operibusque
2747 3220 3199 3274 memorabilibus
3251 3221 3421 3289 gestis

1856 3309 2148 3389 a'dnzodnm
2204 3309 2517 3362 celebratus
2572 3319 2674 3364 est.
2713 3312 2769 3364 lu
2807 3313 2949 3364 hunc
3004 3314 3221 3365 modum
3289 3311 3423 3366 Ali's

1856 3402 2156 3461 exercitus,
2197 3416 2321 3452 cum
2360 3400 2412 3453 in
2443 3400 2718 3469 regionem
2773 3418 2893 3466 qure
2946 3403 3161 3454 Ionium
3216 3412 3424 3469 spectat

1859 3492 2132 3553 irruisset,
2169 3491 2403 3544 afflictus
2437 3499 2542 3546 est.
2577 3491 2773 3544 Caneri
2798 3492 3011 3555 Albani,
3040 3493 3131 3559 qui
3180 3493 3423 3546 incolunt

1858 3584 2046 3637 urbem
2081 3598 2201 3651 qnte
2250 3584 2422 3651 Argos
2452 3584 2697 3649 respicit,
2745 3592 2805 3637 ut
2845 3594 3220 3652 c0gnovernnt
3267 3586 3423 3637 Aria-

1858 3676 2029 3729 nitem
2065 3691 2153 3729 res
2210 3691 2376 3729 novas
2414 3676 2727 3730 instituisse
2765 3676 3027 3730 adversus
3080 3678 3423 3739 Amnratem,

1859 3783 1979 3835 qum
2014 3768 2223 3823 felicem
2266 3769 2477 3823 sortitae
2525 3771 2933 3831 sinteventum,
2969 3770 3134 3823 etiam
3169 3770 3268 3835 ipsi
3328 3770 3423 3823 de-

1863 3860 2111 3915 fectionis
2169 3860 2237 3913 ab
2297 3876 2422 3929 rege
2490 3862 2723 3917 consilia
2779 3864 3058 3929 agitarent
3119 3880 3133 3915 :
3191 3872 3243 3914 ct
3296 3862 3427 3915 deli—

1860 3954 2087 4015 cientes,
2124 3951 2307 4018 Depan
2353 3960 2636 4004 evocatum
2671 3951 2775 4005 sibi
2801 3952 2994 4004 ducem
3038 3960 3089 4004 et
3122 3951 3425 4020 principem

1860 4044 2161 4111 elegerunt.
2202 4042 2376 4109 Hujus
2402 4044 2545 4098 cnim
2582 4052 2790 4110 patrem
2824 4059 2947 4097 cum
2987 4043 3234 4111 eiecisset
3265 4059 3294 4096 e
3324 4058 3421 4097 sua

1862 4139 2085 4203 regione
2115 4135 2383 4201 Pajazites
2434 4135 2712 4187 Amnratis
2767 4134 2931 4195 filius,
2970 4134 3180 4187 exactis
3210 4149 3431 4201 quoque

1864 4227 2048 4297 Myrxa
2094 4237 2146 4280 et
2174 4228 2510 4281 Caninorum
2542 4226 2809 4294 principe,
2847 4242 3057 4279 necnon
3115 4226 3240 4279 aliis
3275 4227 3429 4278 duci—

1862 4320 1965 4373 hns
2022 4319 2291 4387 plurimis,
2374 4316 2478 4370 ista
2557 4316 2779 4385 regione
2832 4316 2991 4387 135
3056 4317 3261 4384 potitus
3318 4324 3426 4368 est.

1867 4411 2045 4479 Depan
2081 4411 2247 4479 igitur
2277 4410 2429 4463 illum
2482 4408 2707 4462 incertis
2739 4419 3025 4476 vagantem
3053 4408 3280 4462 sedibus
3331 4422 3430 4472 per

1864 4503 2091 4565 Italiam,
2143 4510 2198 4555 et
2238 4500 2558 4570 plerumque
2606 4510 2909 4553 morantem
2946 4500 3001 4554 in
3034 4499 3272 4568 Corcyra
3332 4498 3435 4551 Ve—

1861 4607 2111 4649 netorum
2163 4594 2358 4653 insula.
2414 4594 2630 4659 Albani,
2682 4594 2776 4657 qui
2833 4593 2987 4660 juxta
3044 4590 3429 4661 Argyropolim

1862 4687 2242 4749 versabantur,
2310 4694 2677 4747 aceersentes.
2730 4700 2914 4752 regem
2972 4681 3075 4737 sibi
3141 4688 3428 4739 crearunt,

1862 4778 2264 4846 contractisque
2298 4778 2492 4844 copiis,
2542 4775 2946 4845 Argyropolim,
2989 4789 3114 4840 qua:
3142 4782 3252 4825 tum
3292 4780 3434 4823 tem-

1861 4870 2009 4937 poris
2061 4872 2204 4937 regis
2242 4877 2382 4932 erat,
2449 4868 2589 4921 bello
2650 4868 2947 4936 petierunt.
2994 4866 3192 4919 Urbem
3255 4879 3433 4932 oppu-

1868 4961 2107 5027 gnabant
2159 4960 2329 5013 variis
2391 4960 2629 5013 admotis
2661 4960 2957 5013 machinis.
3016 4959 3072 5029 In
3129 4958 3263 5010 urbe
3320 4966 3435 5008 erat

1871 5051 2183 5120 prmsidinm
2224 5052 2367 5118 regis
2417 5052 2829 5121 peregrinorum
2862 5070 2874 5104 :
2926 5052 3152 5103 aderant
3180 5057 3234 5102 et
3267 5048 3431 5101 Τειτοί

1870 5143 2109 5213 plurimi,
2165 5144 2255 5212 qui
2304 5144 2666 5211 confugerant
2712 5160 2800 5205 eo,
2863 5144 3164 5208 urbemque
3223 5141 3437 5192 fortiter

1869 5244 1921 5287 et
1953 5245 2177 5287 strenue
2227 5234 2296 5288 ab
2353 5235 2609 5288 hostibus
2646 5233 3025 5287 defensabant.
3084 5231 3278 5283 Albani
3310 5243 3436 5282 cum

1870 5328 1973 5380 ista
2000 5328 2332 5396 inciperent,
2373 5329 2677 5395 urbemque
2717 5342 2931 5382 summa
2989 5326 3038 5378 vi
3093 5324 3434 5381 obsiderent.

1869 5418 2161 5472 admodum
2193 5419 2585 5487 Oppugnationi
2636 5418 2853 5482 intenti,
2906 5416 3113 5485 regioni
3145 5414 3313 5481 regis,
3342 5412 3433 5479 qui

1871 5517 1985 5562 tum
2017 5511 2206 5564 aberat
2230 5510 2281 5562 in
2331 5508 2457 5564 Asia
2501 5509 2699 5566 bellum
2746 5524 2941 5581 gerens
2970 5523 3095 5562 cum
3129 5508 3435 5560 Carsulano

1464 5648 1707 5709 Notulm
1758 5651 2159 5719 marginales.

271 5778 311 5803 “
344 5772 408 5827 In
445 5790 544 5824 uno
574 5771 927 5835 cumndatum,
964 5768 1482 5841 Ἀργυροπολίχενην.
