4190 6434
234 400 330 471 965

1321 411 1419 469 DE
1464 408 1716 471 REBUS
1751 405 2117 468 Τυιιειιςιςς
2159 406 2305 465 LIB.
2349 405 2413 462 Υ.

3375 397 3486 466 266

229 521 504 592 ὑπουργῶν
540 523 653 577 ἅττ’
697 525 763 578 ἄν
798 526 946 594 αὐτῷ
972 525 1108 590 πρὸς
1135 527 1298 595 χάριν
1353 527 1625 597 ἡγήσαιτο
1659 527 1777 596 ἣδε-

1895 526 2087 582 tifieari
2140 525 2560 590 qnibnseunqne
2611 520 2663 572 in
2736 518 2902 574 rebus
2960 517 3158 586 potuit,
3193 527 3488 573 cunctatus

230 615 362 680 σθαι,
391 617 494 670 οὐκ
514 618 790 672 ἐπαύσατο
819 620 1136 681 διαπαντὸς,
1172 622 1230 683 ἐς
1259 621 1286 673 ὃ
1332 620 1397 689 δὴ
1424 625 1451 674 6
1476 623 1570 675 τοῦ
1600 623 1792 676 Μεδιο-

226 706 376 762 λάνου
409 711 639 781 ἡγεμὼν
671 713 1050 780 ἐτελεύτησεν.
1083 707 1254 777 Οὗτος
1300 716 1357 768 δὲ
1411 718 1439 768 6
1470 716 1798 785 Ταρακονη-

228 801 346 854 σίων
399 803 674 871 βασιλεὺς,
730 805 832 876 τῆς
866 823 925 859 τε
970 807 1274 870 Βαλεντίας
1326 809 1648 877 βασιλεύων,
1700 814 1795 862 καὶ

226 895 564 964 Ταρακῶνος,
599 900 692 952 καὶ
726 903 826 970 τῆς
852 919 912 954 τε
957 903 1223 973 Σαρδόνος
1255 905 1449 974 νήσου,
1506 905 1598 956 καί
1646 904 1793 973 Κύρ-

224 1007 330 1056 νου,
358 992 452 1043 καὶ
484 993 743 1065 ἐπάρχων
783 996 883 1065 τῆς
928 993 1294 1066 Βαρκενὼνης
1347 996 1558 1058 πόλεως
1610 997 1792 1049 εὐδαί-

224 1098 371 1149 μονος
399 1083 541 1137 κατὰ
581 1085 680 1153 τὴν
707 1085 976 1156 ’16ηρίαν,
1011 1088 1244 1156 ἀφίκετο
1275 1090 1332 1146 ἐς
1377 1087 1635 1141 Σικελίαν
1693 1089 1794 1157 μὲν

221 1172 443 1240 πρῶτον,
487 1174 625 1242 μετὰ
650 1176 709 1228 δὲ
739 1176 911 1232 ταῦτα
943 1180 1000 1240 ἐς
1047 1178 1306 1244 Ἰταλίαν,
1336 1180 1431 1231 καὶ
1457 1180 1550 1231 ἐπὶ
1577 1179 1792 1246 Παρθε-

218 1265 402 1334 νόπην,
432 1268 526 1321 καὶ
557 1271 659 1339 τὴν
688 1268 974 1338 βασιλείαν
1020 1272 1261 1342 κατέσχε
1325 1271 1517 1342 τρόπῳ
1567 1273 1786 1342 τοιῷδε·

215 1357 309 1426 τὴν
337 1362 444 1430 γὰρ
488 1361 766 1416 Νεαπολιν
825 1363 1034 1434 ταύτην
1064 1366 1163 1434 τῆς
1201 1364 1460 1430 Ἰταλίας,
1497 1365 1793 1435 προελθοῦ-

215 1467 310 1503 σαν
339 1455 398 1504 τὸ
429 1455 662 1508 παλαιὸν
695 1458 750 1519 ἐς
777 1441 869 1510 τὸν
898 1458 1122 1511 Κελτῶν
1157 1458 1781 1528 βασι).έα,ἁπεδεξκνυτο

212 1544 314 1594 ἀπὸ
351 1545 503 1597 οτκου
538 1547 631 1599 τοῦ
669 1549 941 1618 βασιλέως
1004 1553 1063 1614 ἐς
1115 1554 1272 1620 τήνδε
1319 1553 1415 1621 τὴν
1470 1553 1652 1622 χώραν
1690 1554 1794 1622 τῆς

225 1635 471 1701 Ἰταλίας,
515 1638 740 1708 βασιλέα
770 1639 868 1695 καὶ
910 1643 1174 1712 ἄρχοντα.
1216 1646 1282 1697 Ἦ
1317 1645 1374 1698 δὲ
1404 1646 1653 1715 βασιλεία
1701 1647 1798 1715 ἄρ..

212 1747 361 1799 χεται
389 1733 488 1800 μὲν
517 1735 623 1786 ἀπὸ
663 1734 940 1804 Ἰαπυγίας
968 1739 1173 1804 ἄκρας,
1207 1741 1302 1793 καὶ
1328 1741 1673 1805 Μεσαπείας,
1701 1740 1793 1794 καὶ

211 1823 298 1874 ἐπὶ
325 1824 462 1877 πολὺ
505 1829 773 1897 προῖούσα
802 1831 945 1882 κατὰ
984 1831 1073 1883 τὸν
1112 1827 1302 1886 Ἰόνιον
1332 1835 1535 1887 κόλπον
1565 1833 1789 1901 ἐπ’ὰρι-

212 1917 375 1983 στερὰ
408 1919 738 1986 εἰσπλέοντι,
770 1923 996 1992 ἀμείϐει
1029 1941 1087 1977 τε
1122 1925 1223 1996 τὴν
1249 1923 1437 1996 χώραν
1471 1929 1570 1996 τῆς
1598 1928 1784 1999 Βάρης

209 2007 348 2060 οὕτω
377 2011 744 2083 καλουμένης.
781 2015 889 2068 Καί
916 2032 982 2084 γε
1017 2017 1117 2086 τὴν
1160 2015 1602 2089 βασιλικωτάτην
1652 2022 1784 2077 ἐπέ-

204 2115 286 2169 χιι
310 2097 470 2169 λόγοο
499 2100 659 2166 ἀξίαν
684 2102 828 2156 οὕτω
862 2105 1069 2175 χώραν.
1127 2107 1285 2161 Μετὰ
1313 2107 1372 2162 δὲ
1396 2110 1498 2178 τὴν
1537 2109 1783 2180 Γήπονον

207 2193 546 2266 καλουμένην
571 2196 748 2268 διήκει
780 2200 875 2252 ἐπὶ
905 2199 1140 2269 Γαέτην,
1171 2203 1266 2254 καὶ
1311 2203 1404 2256 ἐπὶ
1437 2204 1652 2274 Δεδίην,
1682 2206 1782 2258 πό-

204 2287 286 2339 λιν
315 2288 625 2359 ὁμοροῦσαν
653 2291 712 2344 τὸ
748 2293 886 2363 πρὸς
913 2294 1165 2365 ἑσπέραν
1187 2297 1254 2364 τῇ
1291 2294 1584 2365 Ῥωμαίων
1601 2298 1780 2368 χώρα,

201 2380 263 2431 τὸ
309 2380 364 2433 δὲ
407 2383 546 2451 πρὸς
591 2384 667 2435 ἓω
702 2384 781 2454 τῷ
844 2385 1033 2455 Γωνίῳ
1069 2387 1138 2440 ⁸⁷.
1177 2388 1332 2455 Ἔχει
1373 2387 1429 2440 δὲ
1485 2390 1587 2459 τὴν
1644 2391 1781 2461 πρὸς

202 2473 456 2527 Σικελίαν
486 2477 881 2548 τετραμμένην
922 2479 1134 2548 χώραν,
1172 2479 1402 2533 Ἐλλάδα
1436 2482 1499 2534 τὸ
1548 2483 1780 2536 παλαιὸν

201 2565 569 2635 καλουμένην,
592 2569 662 2622 τὰ
705 2568 799 2623 νῦν
820 2568 879 2623 δὲ
916 2570 1256 2641 Καλαὸρίαν.
1306 2574 1396 2636 Ὧς
1428 2574 1493 2644 δὴ
1537 2573 1632 2628 οὖν
1686 2577 1778 2629 ἐπὶ

198 2658 305 2709 τῶν
329 2660 551 2713 Κελτῶν
573 2661 801 2731 βασιλέα
826 2663 1222 2735 περιελήλυθεν
1253 2665 1286 2735 ἡ
1312 2666 1413 2734 τῆς
1449 2667 1776 2731 Νεαπόλεως

199 2749 469 2818 βασιλεία,
496 2755 814 2824 ἐπέστησαν
854 2755 991 2826 αὐτῇ
1027 2755 1252 2825 βασιλέα
1298 2759 1409 2812 τῶν
1467 2763 1765 2830 προσηκόν-

195 2859 304 2898 ¹διον
326 2843 494 2896 αὑτοῦ
517 2844 614 2897 ἕνα
639 2847 793 2901 οἴκου
826 2846 922 2899 τοῦ
959 2847 1246 2917 βασιλέως.
1291 2850 1378 2913 Ὠς
1402 2851 1457 2904 δὲ
1503 2853 1775 2923 ἀφικόμε-

195 2953 284 3000 νος
313 2938 370 3002 ἒς
405 2941 505 3007 τὴν
543 2939 843 3006 Νεάπολιν,
888 2943 1188 3006 Δαντίλαος
1220 2944 1263 2996 δ’
1292 2939 1359 3014 ἧν
1391 2944 1563 3015 ὄνομα
1596 2947 1772 3017 αὐτῷ,

193 3027 479 3082 ισασίλευέ
525 3049 581 3082 τε
627 3033 726 3103 τῆς
762 3033 985 3104 χώρας·
1019 3036 1114 3087 καὶ
1166 3036 1256 3087 ἐπὶ
1299 3037 1441 3106 μέγα
1487 3038 1773 3110 δυνάμεως

192 3121 304 3173 τῶν
325 3123 469 3175 κατὰ
503 3123 600 3194 τὴν
645 3125 896 3189 Ἰταλίαν,
933 3127 1026 3178 ὲπί
1054 3144 1114 3179 τε
1143 3128 1242 3199 τὴν
1266 3129 1568 3199 Τυρρηνῶν
1595 3134 1772 3204 ἀρχὴν

191 3216 583 3285 ἐστρατεύετο,
620 3220 713 3271 καὶ
757 3220 846 3273 ἐπὶ
885 3220 984 3289 τὴν
1023 3220 1224 3290 λοιπὴν
1265 3223 1520 3287 Ἰταλίαν,
1558 3229 1773 3295 μεγάλα
1801 3251 1843 3306 c

189 3309 655 3379 ἀποδεικνύμενος
690 3310 848 3381 ἔργα.
877 3313 983 3366 Καὶ
1011 3313 1075 3384 δὴ
1093 3314 1190 3366 καὶ
1228 3315 1323 3367 ἐπὶ
1355 3315 1456 3384 τὴν
1497 3314 1607 3369 τῶν
1632 3319 1773 3388 Τυρ-

191 3404 377 3472 ῥηνῶν
407 3403 744 3474 μητρόπολιν
767 3405 1113 3473 Φλωρεντίαν
1149 3408 1382 3477 στρατὸν
1409 3409 1771 3478 ἐπαγόμενος,

187 3500 283 3552 καὶ
325 3497 867 3568 προσκαθεζόμενος,
919 3500 1250 3572 ἐπολιόρκει.
1305 3502 1393 3566 Ὠς
1439 3502 1497 3556 δὲ
1547 3522 1773 3574 χρονιω-

183 3593 327 3661 τέρα
354 3592 579 3659 ἐγένετο
607 3593 640 3660 ἠ
678 3591 989 3662 πολιορκία,
1037 3593 1287 3660 λέγεται,
1318 3594 1394 3657 ὡς
1416 3597 1476 3658 ὲς
1507 3596 1567 3649 τὸ
1609 3596 1774 3667 ἔσχααο

183 3703 281 3737 τον
314 3687 494 3737 κακοῦ
525 3685 851 3755 ἀφικόμενοι
880 3687 928 3739 oi
957 3685 1059 3755 τῆς
1091 3685 1329 3753 πόλεως,
1362 3687 1556 3755 λόγους
1601 3707 1774 3758 προσ·

183 3780 392 3848 ἔφερον
421 3777 515 3829 επὶ
554 3779 801 3849 εἰρήνης,
837 3778 1147 3846 φάσκοντες
1184 3781 1513 3835 σπείσεσθαι
1553 3783 1770 3851 αὐτοὺς,

183 3873 212 3924 ὃ
239 3888 296 3925 τι
332 3871 403 3924 ἂν
441 3872 676 3934 κελεύοι,
701 3871 797 3925 καὶ
830 3871 925 3925 ἐπὶ
958 3872 1175 3936 τούτοις
1201 3873 1545 3929 διαλύεσθαι.
1576 3876 1681 3928 Τὸν
1717 3877 1773 3929 δὲ

184 3965 562 4036 ξυμϐαίνοντα
587 3966 861 4018 αίτεῖσοαι
913 3965 1020 4018 τῶν
1054 3964 1237 4019 ἀστῶν
1295 3984 1438 4029 τινος
1470 3967 1772 4038 Θυγατέρα,

181 4059 452 4130 εὐπρεπῆ
475 4076 532 4112 τε
553 4058 723 4112 οὖσαν
771 4059 867 4113 καὶ
900 4058 1091 4111 πασῶν
1120 4058 1185 4129 δὴ
1231 4059 1340 4111 τῶν
1385 4062 1443 4113 ὲν
1495 4065 1560 4130 τῇ
1617 4062 1773 4114 πόλει

179 4153 513 4222 λεγομένων
545 4151 686 4205 εἶναι
717 4151 946 4207 καλλίω.
1000 4151 1222 4220 Ταύτην
1247 4151 1324 4215 ῶς
1365 4153 1599 4206 ἐπύθετο
1637 4155 1769 4207 κὰλο

175 4252 262 4303 λει
294 4250 610 4314 διενεγκεῖν
638 4246 745 4298 τῶν
789 4249 846 4299 ἐν
876 4248 942 4316 τῇ
997 4246 1154 4298 πόλει
1196 4247 1513 4317 λεγομένων
1551 4248 1595 4278 ⁸³
1627 4243 1770 4302 εἶναι

176 4344 373 4413 (φέρει
404 4342 463 4395 δὲ
486 4338 627 4409 αὕτη
665 4342 699 4409 ἡ
743 4338 897 4401 πόλις
939 4340 1182 4408 μάλιστα
1225 4341 1290 4411 δὴ
1319 4343 1589 4408 γυναῖκας
1639 4342 1770 4395 κάλ-

173 4435 263 4488 λει
294 4435 669 4502 διαφερούσας
707 4430 820 4484 τῶν
850 4431 906 4481 ἰν
936 4429 1144 4500 Ἰταλία
1177 4431 1292 4499 μετ’
1316 4434 1487 4500 αύτήν
1526 4450 1591 4501 γε
1626 4451 1770 4502 παρ-

174 4528 437 4594 θένους)ο
478 4527 689 4593 ταύτην
725 4523 782 4575 δὲ
821 4523 1346 4592 ἀναπυνθανόμενος
1397 4524 1570 4588 οὕτως
1621 4526 1768 4595 ἔχειν

1900 629 2006 683 est,
2046 618 2289 688 qnandiu
2327 618 2435 670 (lux
2464 621 2750 682 superstes
2790 614 3014 667 mansit.
3068 610 3168 666 Ilic
3212 613 3486 668 Tarraco-

1901 715 2154 770 nensinm
2181 727 2276 765 rex
2299 709 2530 780 imperio
2561 719 2874 778 temperans
2905 706 3243 771 Valentiam,
3282 707 3486 760 Tarra-

1899 823 2117 872 conem,
2151 804 2467 862 Sardiniam
2507 803 2770 869 insulam,
2801 802 3043 874 Cyrnum
3076 811 3128 857 et
3165 803 3486 857 Barcenoua

1901 900 2096 955 Iberia:
2119 899 2312 953 urbem
2333 897 2678 966 opulentam,
2704 895 2939 964 primum
2963 894 3016 946 in
3042 893 3286 947 Siciliam
3316 908 3486 964 appu-

1900 993 1982 1056 lit,
2016 1004 2205 1062 postea
2234 993 2382 1046 venit
2411 990 2468 1043 in
2496 989 2709 1044 Italiam
2742 995 2796 1043 et
2824 988 3237 1056 Parthenopen,
3285 1002 3404 1056 qua:
3429 1003 3484 1042 et

1898 1085 2178 1154 Neapolis,
2217 1096 2558 1153 regnumque
2610 1082 2665 1136 itt
2698 1081 2841 1136 hunc
2891 1081 3108 1135 modum
3164 1084 3480 1151 occupavit.

1898 1176 2154 1246 Neapolis
2190 1174 2469 1244 quondam
2501 1173 2673 1228 Italiae
2703 1175 2877 1243 subjel
2893 1179 2973 1237 ta,
3012 1175 3280 1229 translata
3310 1176 3483 1229 estad

1897 1271 2176 1325 Gallorum
2208 1286 2412 1340 regem,
2443 1270 2535 1339 qni
2567 1269 2634 1323 de
2673 1284 2775 1323 sua
2812 1267 3017 1322 fantilia
3054 1283 3274 1339 semper
3299 1286 3483 1338 regem

1897 1373 1950 1418 et
1984 1364 2282 1433 principem
2315 1363 2442 1416 huic
2467 1362 2820 1432 praelii-iebat.
2860 1361 3123 1432 IIegnum-
3164 1373 3345 1418 autem
3381 1366 3484 1420 hoc

1902 1457 2096 1526 incipit
2145 1459 2212 1511 ab
2243 1456 2471 1526 Iapygia
2503 1471 2718 1510 summa
2771 1465 2825 1510 et
2859 1457 3096 1524 IlIcsapia
3130 1475 3142 1510 :
3187 1466 3239 1510 et
3274 1459 3327 1512 in
3364 1460 3484 1512 lon-

1899 1566 2023 1618 gum
2075 1549 2432 1618 progrediens
2485 1564 2680 1601 versus
2745 1547 2987 1603 Ionicum
3034 1550 3241 1615 sinum,
3286 1551 3480 1606 dextra

1899 1642 2072 1696 ambit
2129 1642 2412 1711 regionem
2448 1638 2618 1694 Van-es
2652 1641 2769 1694 sive
2816 1642 3013 1695 Barum
3044 1643 3268 1699 dictam.
3308 1644 3482 1717 Regio

1901 1735 2002 1787 ista
2034 1738 2195 1802 plane
2235 1733 2606 1802 regalissima,
2639 1744 2691 1787 et
2728 1735 2882 1803 regio
2928 1737 3149 1792 nomine
3173 1738 3334 1808 digna
3371 1747 3477 1795 est.

1900 1828 2027 1882 Post
2069 1825 2354 1896 Gepanom
2393 1826 2528 1898 (sive
2555 1826 2800 1894 Brutios,’
2829 1826 3056 1884 Terram
3111 1829 3362 1902 Laboris)
3398 1836 3482 1888 sic

1897 1923 2217 1976 nominatim
2279 1923 2528 1978 extendit
2585 1938 2644 1978 se
2700 1939 2878 1995 usque
2947 1924 3106 1997 142
3166 1926 3372 1984 Gaeten
3424 1941 3481 1984 et

1896 2015 2050 2070 Diam
2083 2016 2220 2084 (48),
2253 2017 2448 2072 urbem
2487 2016 2865 2072 Romanorum
2918 2021 3130 2090 regioni
3165 2020 3474 2078 finitimam.

1893 2110 1960 2166 Et
1993 2111 2079 2165 hic
2133 2111 2356 2181 quidem
2403 2112 2674 2167 terminus
2725 2122 2808 2168 cst
2846 2115 3231 2171 occidentalis.
3270 2118 3476 2174 Versus

1892 2204 2156 2257 orientem
2190 2204 2412 2276 attingit
2442 2203 2682 2260 Genium
2717 2206 2856 2275 (I9).
2890 2207 3009 2274 Qua
3047 2219 3231 2266 autem
3259 2223 3476 2283 spectat

1892 2296 2161 2362 Siciliam,
2187 2299 2466 2368 regionem
2486 2300 2653 2356 habet
2678 2303 2986 2372 antiquitus
3007 2305 3294 2371 Graaciam,
3328 2327 3474 2366 nunc

1888 2407 2018 2446 vero
2052 2392 2364 2448 Calabriam
2396 2405 2795 2466 nuncupatam.
2829 2396 2933 2453 Ubi
2959 2399 3194 2469 primunt
3225 2403 3277 2457 in
3311 2404 3472 2458 ditio-
3558 2403 3563 2409 ’

1891 2500 2010 2538 nem
2031 2486 2175 2557 regis
2204 2485 2487 2542 Gallorum
2509 2488 2656 2543 istud
2680 2505 2913 2560 regnum
2939 2497 3237 2560 concessit,
3256 2500 3474 2568 accepit

1891 2589 2069 2640 regem
2090 2578 2458 2647 propinquum
2481 2595 2682 2648 genere
2695 2584 2814 2652 regi
2831 2581 3138 2658 Gallorum.
3161 2589 3260 2653 Qui
3280 2600 3339 2644 ut
3354 2607 3467 2658 per-

1886 2667 2037 2719 venit
2069 2667 2122 2720 in
2166 2684 2391 2738 regnutn
2424 2671 2653 2743 (nomen
2693 2674 2816 2745 ejus
2850 2652 2968 2732 erat
2998 2652 3282 2736 Lantilaus
3307 2652 3470 2756 (ειη),

1887 2760 2100 2827 regioni
2174 2761 2264 2815 isti
2336 2764 2611 2820 universae
2671 2767 2984 2838 imperavit.
3027 2772 3163 2827 Cum
3201 2775 3312 2844 jam
3347 2780 3470 2847 opi-

1888 2850 1990 2904 bus
2019 2853 2340 2924 reliquaque
2384 2859 2628 2926 potentia
2666 2861 2962 2930 plurimum
3015 2867 3267 2934 polleret,
3315 2888 3468 2926 arma

1882 2946 2031 3014 cepit
2084 2947 2352 3006 adversus
2397 2947 2808 3022 Tyrrhenorum
2851 2974 3101 3029 regnum.
3134 2972 3300 3032 atque
3332 2966 3471 3020 adeo

1883 3046 2077 3093 contra
2097 3041 2361 3110 reliquam
2390 3043 2628 3111 Italiam,
2671 3049 2876 3120 ubique
2924 3055 3185 3121 prmelara
3221 3058 3466 3115 facinora

1881 3131 2196 3201 designans.
2249 3136 2311 3188 Et
2355 3137 2580 3207 quidem
2641 3158 2870 3200 movens
2929 3151 3236 3206 exercitum
3273 3166 3464 3210 contra

1883 3224 2294 3296 Tyrrhenorum
2319 3230 2508 3287 urbem
2541 3232 2909 3304 Florentiam,
2932 3257 3164 3313 eamque
3197 3247 3466 3304 obsidens

1881 3331 2204 3387 expugnare
2239 3320 2519 3375 nitebatur
2549 3323 2686 3393 (51).
2735 3327 2871 3382 Cum
2908 3340 3088 3386 autem
3132 3334 3183 3388 in
3244 3337 3465 3409 longum

1883 3407 2039 3462 urbis
2063 3409 2289 3465 obsidio
2319 3414 2712 3470 extraheretur
2741 3429 2980 3490 tempus,
3021 3434 3073 3478 et
3112 3427 3324 3484 obsessi
3343 3407 3465 3500 ijant

1881 3502 1948 3556 ad
1995 3513 2294 3558 extremam
2354 3509 2637 3564 venissent
2692 3515 3103 3583 necessitatem,
3135 3522 3317 3578 ferunt
3367 3541 3465 3583 eos

1880 3595 1933 3650 in
1961 3597 2298 3667 colloquium
2325 3604 2546 3659 venisse
2568 3620 2692 3660 cum
2733 3623 2882 3676 rege,
2935 3622 3185 3679 petentes
3226 3635 3410 3688 parem
3447 3643 3460 3677 :

1879 3690 2265 3757 promittentes
2308 3693 2529 3749 interim
2569 3712 2628 3752 se
2657 3713 2941 3770 promptos
2996 3715 3049 3760 et
3095 3722 3314 3776 paratos
3343 3730 3467 3770 esse

1881 3780 2062 3837 facere
2090 3800 2436 3859 quaecunque
2493 3789 2841 3860 imperasset,
2882 3797 3079 3852 saltem
3126 3817 3316 3871 pacem
3366 3810 3467 3860 da—

1881 3886 1962 3929 ret
1997 3878 2337 3945 petentibus.
2369 3882 2615 3947 Quorum
2647 3887 2908 3954 precibus
2938 3893 3138 3957 vietus,
3167 3899 3465 3966 postulavit

1878 3969 2014 4023 civis
2045 3973 2330 4041 cujusdam
2355 3974 2518 4028 filiant
2547 3975 2722 4031 forma
2749 3983 3105 4040 excellentem
3131 4003 3322 4047 omnes
3344 4011 3466 4063 quae

1881 4073 1996 4120 tum
2025 4067 2078 4120 in
2107 4083 2168 4121 ea
2204 4069 2339 4125 urbe
2366 4069 2621 4127 formosa:
2649 4074 3021 4135 habebantur.
3047 4082 3201 4140 lianc
3222 4103 3346 4142 cum
3374 4107 3465 4144 ac-

1880 4160 2323 4228 cepisselformte
2348 4163 2616 4235 elegantia
2649 4184 2842 4224 omnes
2864 4185 3130 4242 superare
3155 4177 3282 4248 (fert
3313 4183 3459 4237 enim

1883 4251 2015 4304 urbs
2061 4250 2160 4304 ista
2225 4255 2484 4308 mulieres
2556 4257 2844 4328 inprimis
2902 4263 3081 4319 forma
3138 4280 3464 4336 prmstantes

1879 4343 2227 4414 virginesque
2261 4347 2734 4418 vennstissimas),
2762 4368 2881 4406 eam
2915 4358 3069 4423 petiit
3096 4361 3201 4414 sibi
3236 4379 3460 4420 uxorem

1877 4436 2017 4502 dari,
2039 4452 2162 4490 cum
2199 4441 2251 4491 in
2286 4439 2626 4510 colloquium
2652 4457 2777 4497 cum
2805 4445 3104 4518 Tyrrhenis
3137 4469 3298 4525 super
3329 4476 3462 4528 pace

1871 4526 2150 4597 jnngenda
2177 4530 2436 4584 venisset.
2467 4530 2601 4588 Erat
2628 4535 2775 4589 enim
2802 4554 2895 4592 rex
2921 4540 3011 4596 ille
3043 4555 3241 4602 caetera
3265 4526 3461 4606 illICIll-

171 4621 232 4679 ἐς
262 4588 506 4678 κάλλοςο
536 4611 604 4685 ἦν
642 4588 700 4669 δὲ
733 4614 910 4678 ἄλλως
944 4616 972 4666 ὀ
1026 4588 1287 4685 βασιλεὺς
1350 4611 1507 4682 οὗτος
1568 4588 1682 4671 καί⁷
1715 4620 1770 4681 ὲς

1887 4633 2079 4688 perans
2111 4632 2163 4675 et
2199 4622 2720 4694 Iibidinosissimus,
2753 4640 2810 4685 et
2844 4641 3055 4689 tantum
3083 4655 3192 4694 non
3227 4642 3462 4702 insanie-

169 4711 455 4776 γυναῖκας
491 4707 770 4777 ἐπιμανὴς
810 4711 901 4760 καὶ
932 4707 1259 4771 ἀκόλαστος·
1299 4709 1622 4778 αἰτούμενος
1641 4712 1770 4763 ταύ-

167 4821 278 4874 την
330 4801 482 4869 αὐτῷ
535 4799 756 4866 δοθῆναι
788 4798 884 4867 τὴν
915 4799 1174 4866 γυναῖκα,
1234 4800 1326 4853 ἐπὶ
1379 4804 1444 4871 τῇ
1499 4801 1770 4872 ξυμϐάσει

167 4895 352 4948 αὑτὸν
380 4894 700 4946 συναινέσαι
734 4894 862 4954 τοὺς
896 4892 1234 4963 Τυρρηνοὺς,
1275 4895 1370 4946 καλ.
1406 4895 1768 4949 κελεῦσαιτὶν

166 4990 428 5057 πατέρα,
464 4989 878 5056 σκευασάμενον
899 4987 998 5057 τὴν
1024 4989 1303 5059 Θυγατέρα
1335 4987 1502 5040 αὐτοῦ
1529 4989 1609 5059 τῷ
1638 4989 1769 5042 καλ-

165 5083 358 5152 λίστῳ
387 5082 456 5149 δὴ
489 5080 706 5152 κόσμῳ,
761 5082 1015 5136 ἐκδοῦναι
1052 5084 1131 5153 τῷ
1190 5083 1421 5152 βασιλεῖ.
1465 5084 1664 5153 Τυχεῖν
1711 5084 1768 5135 δὲ

169 5175 377 5246 ἰατρὸν
408 5176 503 5226 τὸν
537 5175 635 5243 τῆς
682 5176 880 5239 παιδὸς
935 5177 1142 5247 ταύτης
1183 5179 1418 5248 πατέρα,
1453 5177 1660 5248 ἥκοντα
1709 5195 1767 5229 τε

165 5266 227 5325 ἐς
252 5265 334 5316 τὰ
357 5263 558 5332 πρῶτα
598 5266 697 5334 τῆς
735 5265 954 5337 τέχνης,
1006 5267 1102 5319 καὶ
1155 5268 1246 5319 ἐπὶ
1301 5270 1498 5338 πεῖραν
1553 5267 1767 5322 πολλῶν

1876 4714 1969 4767 bat
2017 4730 2206 4770 amore
2244 4716 2567 4773 mulierum.
2599 4718 2896 4779 Iusserunt
2944 4727 3131 4798 itaque
3164 4733 3458 4805 Tyrrheni,

1879 4814 1938 4859 ut
1974 4814 2129 4877 pater
2164 4808 2392 4878 virginis
2425 4825 2546 4865 eam
2582 4827 2748 4882 quam
2808 4817 3182 4886 pulcherrime
3226 4842 3462 4884 exorna-

1880 4908 1989 4952 tam
2023 4905 2131 4970 regl
2167 4902 2428 4957 traderet.
2462 4903 2654 4972 Aiunt,
2677 4908 2872 4975 puclla:
2905 4923 3111 4978 patrem
3143 4916 3314 4973 fuisse
3344 4939 3460 4978 nte-

1875 4989 2056 5044 dicum
2083 4991 2374 5062 insignem,
2416 4994 2556 5048 adeo
2593 5004 2653 5050 ut
2686 4995 2850 5054 facile
2882 5015 3072 5057 omnes
3098 5019 3160 5060 ea
3193 5006 3456 5069 facultate

1873 5094 2180 5151 superaret.
2220 5084 2356 5139 Cum
2413 5086 2584 5157 igitur
2628 5088 2799 5143 multa
2835 5101 3095 5159 tentaret.
3129 5114 3229 5156 nec
3270 5109 3453 5160 tamen

1875 5185 2062 5245 posset
2084 5176 2190 5231 ulla
2225 5180 2438 5234 ratione
2477 5179 2584 5234 sibi
2618 5182 2941 5252 consulere,
2977 5189 3110 5254 quin
3143 5190 3308 5246 filiam
3342 5197 3453 5266 regi

1875 5269 2051 5337 daret,
2083 5272 2436 5328 commiscuit
2465 5275 2704 5332 cicutam
2741 5292 2907 5349 quam
2933 5283 3110 5351 potuit
3137 5284 3456 5347 emcacissi-

1451 5387 1696 5448 Nolulee
1733 5391 2142 5469 marginales.

246 5491 372 5558 (.58)
411 5487 659 5542 Caietam
695 5497 748 5541 et
773 5489 1096 5558 Agnaniam.

243 5563 370 5626 ($9)
409 5558 537 5612 Sive
564 5559 826 5627 Rhegium
864 5563 945 5612 vel
981 5560 1268 5612 Dauniam.

244 5631 372 5699 (50)
397 5629 686 5683 Ladislans
705 5630 1091 5697 Neapolitanus
1112 5646 1225 5694 rex,
1246 5629 1424 5683 Caroli
1448 5629 1613 5694 ﬁlius,
1657 5644 1767 5684 non

165 5719 196 5756 c
217 5703 432 5764 Gallis,
464 5703 558 5754 sed
583 5716 646 5753 ex
675 5699 923 5769 Ungat'ia:
950 5703 1170 5765 regibus
1219 5701 1483 5767 originem
1551 5701 1758 5754 habuit.

247 5841 298 5872 ⁶τ
339 5841 533 5909 Ὶισνῖῳ.
571 5841 652 5890 Al.
689 5854 742 5891 ut
766 5841 817 5891 in
860 5857 906 5894 c.
982 5839 1024 5870 “
1071 5839 1132 5891 In
1159 5842 1263 5892 alio
1288 5841 1498 5892 desiuit.

519 5939 780 5997 ΡΛτιιυι..
829 5947 936 6003 [λη.
989 5947 1185 6008 CLIX.

1878 5490 2035 5570 poni”.
2064 5492 2262 5570 dec._3_.
2284 5493 2380 5548 lib.
2416 5511 2482 5558 u;
2514 5495 2646 5570 Bo/t.
2689 5499 2831 5556 Hist.
2866 5502 2960 5559 ιη).
2994 5520 3116 5560 xxv.
3149 5509 3277 5564 Sab.
3307 5510 3448 5570 Enn.

1873 5563 1927 5624 9,
1957 5563 2049 5616 lih.
2085 5578 2159 5616 tx.
2194 5564 2359 5632 quue
2391 5578 2571 5620 actum
2614 5569 2771 5624 ΜΠ.

1947 5633 2059 5701 (51)
2101 5632 2243 5689 Idem
2273 5633 2426 5690 Bonl'.
2465 5637 2559 5696 lib.
2593 5655 2651 5705 ll,
2682 5643 2802 5697 dcc.
2831 5645 2883 5698 5.
