4190 6434
245 381 353 446 269

1372 378 1471 438 DE
1513 368 1765 436 ΗΕΒυὸ
1794 373 2147 433 TUllClClS
2179 372 2330 434 ΗΒ.
2368 371 2431 429 l'.

3379 370 3487 435 270

250 496 459 563 λιόρκει
515 509 571 544 τε
627 490 724 560 τὴν
782 490 957 553 πόλιν,
1012 491 1103 543 καὶ
1164 490 1413 559 μηχανὰς
1474 490 1821 559 προσφέρων,

1950 495 2073 539 ctus
2127 484 2406 536 mcubuit.
2460 480 2569 536 Nec
2611 480 2782 536 multo
2836 489 2957 550 post
3013 481 3147 536 urbs
3200 482 3255 535 in
3307 497 3505 539 manus

248 584 511 657 trstpdto
554 586 717 639 ἑλεῖν.
755 582 922 638 Ἔνθα
964 584 1056 638 καὶ
1087 586 1114 637 ό
1142 584 1371 650 ἀδελφὸς
1405 582 1572 636 αὐτοῦ
1605 582 1825 653 βληθεὶς

245 683 548 753 τηλεϐόλῳ.
582 681 929 749 ἐτελεύτησε.
961 678 1098 733 Μετ’
1143 679 1205 731 οὐ
1256 677 1393 730 πολὺ
1428 676 1485 729 δὲ
1541 691 1826 743 παραστη-

248 776 483 842 σάμενος
514 768 622 825 εἷλέ
653 790 712 825 τε
740 774 834 826 καὶ
860 772 1098 841 κατέσχε
1138 771 1236 841 τὴν
1264 771 1438 824 πόλιν.
1466 769 1623 822 Μετὰ
1652 767 1825 820 ταῦτα

246 865 350 935 τήν
382 880 441 918 τε
481 865 780 933 ἀκρόπολιν
822 865 1154 934 ἐπολιόρκει,
1200 864 1299 933 τήν
1333 881 1389 916 τε
1438 858 1704 931 παράλιον
1733 859 1829 912 καὶ

248 955 349 1023 τὴν
387 956 705 1025 μεσόγαιον.
739 954 849 1023 Τὴν
894 955 1076 1023 μέντοι
1112 954 1407 1022 μεσόγαιον
1464 948 1826 1021 παραστησά-

253 1066 440 1118 μενος,
482 1048 627 1119 λιμῷ
701 1046 1129 1116 ἐξεπολιόρκησε
1158 1063 1178 1078 σ
1246 1046 1346 1116 τὴν
1420 1046 1477 1097 δὲ
1532 1043 1823 1113 παράλιον,

252 1141 659 1211 παραδιδόντων
706 1140 855 1207 αὐτῷ
909 1142 1021 1193 τῶν
1076 1140 1356 1209 φυλάκων.
1410 1138 1685 1206 κατέσχεο
1734 1137 1830 1187 καὶ

251 1236 501 1307 φρουρὰν
553 1235 965 1305 ἐγκαθίστησιν.
1007 1233 1068 1287 'H
1110 1234 1166 1286 δὲ
1221 1233 1315 1286 τοῦ
1364 1228 1629 1302 βασιλέως
1689 1231 1829 1299 γυνὴ

253 1329 627 1397 ἐπολιορκεῖτο
658 1329 756 1396 μιν
786 1329 844 1380 ὲν
872 1330 937 1398 τῇ
972 1327 1109 1398 πρὸς
1148 1327 1227 1396 τῷ
1259 1326 1357 1397 τῆς
1389 1327 1599 1388 πόλεως
1647 1325 1830 1394 λιμένι

252 1421 578 1487 ἀκροπόλει.
599 1422 706 1473 Kal
730 1421 758 1473 ὅ
781 1434 839 1472 τε
874 1420 1017 1491 ἀνὴρ
1045 1421 1217 1487 αὐτῆς
1243 1418 1550 1487 ὑπεξῆλθεν
1583 1416 1829 1471 ἀπελαυ-

252 1512 507 1579 νόμενος,
541 1516 636 1565 καὶ
684 1512 924 1566 ἀπέπλει
953 1514 1047 1566 ἰπὶ
1083 1512 1444 1579 Προϐεντίας,
1476 1510 1550 1574 ὼς
1602 1510 1830 1577 στρατόν

250 1617 313 1653 τε
346 1602 563 1665 ἐπάξων
595 1603 675 1655 ὅτι
708 1605 957 1673 τάχιστα,
987 1604 1083 1656 καὶ
1117 1605 1454 1673 τιμωρήσων
1492 1604 1559 1672 τῇ
1588 1600 1829 1666 γυναικί.

256 1693 358 1744 Ἔν
402 1694 446 1723 ⁷³
492 1710 550 1745 τε
585 1692 853 1762 βασίλεια,
880 1693 1114 1764 Φορτίαν
1170 1693 1260 1747 τὸν
1288 1695 1387 1764 τῆς
1433 1693 1668 1761 Μάρκης
1698 1691 1830 1758 ἡγε-

255 1784 397 1850 μόνα
438 1784 940 1855 μεταπεμψάμενος
965 1785 1031 1850 ”,
1063 1787 1159 1839 καὶ
1204 1785 1266 1838 τό
1305 1802 1364 1838 τε
1420 1784 1484 1854 δὴ
1534 1785 1591 1835 ἐν
1631 1781 1831 1851 Ἰταλίᾳ

254 1875 402 1942 μέγα
433 1874 732 1945 δυνάμενον
780 1878 850 1931 τὰ
897 1879 954 1941 ἐς
992 1878 1352 1949 στρατηγίαν,
1384 1883 1478 1930 τόν
1520 1892 1581 1928 τε
1611 1875 1832 1941 Ἀλφόν·

252 1983 351 2019 σον
380 1965 614 2037 ἐξήλασε
643 1969 742 2039 τῆς
787 1968 996 2032 πόλεως
1020 1980 1036 1996 ⁵
1071 1969 1379 2022 έκϐαλοῦσα
1424 1969 1653 2032 ἐκεῖνον,
1689 1965 1831 2036 ίσχει

251 2061 357 2129 τὴν
389 2060 567 2126 πόλιν,
606 2061 1106 2132 συνεπιλαϐομένου
1139 2061 1233 2114 τοῦ
1282 2059 1487 2131 Φορτία
1534 2060 1696 2129 αὐτῇ.
1742 2056 1831 2122 Ὦς

250 2150 314 2204 δὲ
343 2151 431 2204 ἐπ’
464 2152 602 2223 αὑτῇ
632 2156 701 2206 τὰ
737 2154 1043 2225 πράγματα
1071 2153 1312 2221 ἐγένετο,
1343 2154 1441 2224 τήν
1480 2169 1538 2205 τε
1591 2154 1834 2222 ἀκρόπο-

251 2240 343 2294 λιν
375 2242 685 2313 ἐπολιόρκει
719 2244 819 2314 τὴν
849 2244 985 2315 πρὸς
1014 2242 1092 2313 τῷ
1127 2243 1245 2315 δρει
1271 2244 1568 2314 μεσόγαιον
1588 2258 1601 2272 °
1636 2243 1731 2298 καὶ
1756 2243 1831 2309 ὼς

254 2333 360 2385 οὐκ
385 2333 616 2403 ἠδύνατο
646 2334 790 2387 ἑλεῖν
820 2333 1289 2406 προκαθεζομένη,
1321 2333 1469 2405 λιμῷ
1498 2336 1830 2407 ἐπολιόρκει.

256 2424 418 2479 Πετᾶ
473 2424 531 2476 δὲ
600 2424 799 2487 ταῦτα,
864 2425 1061 2494 χρόνον
1127 2425 1190 2478 οὐ
1250 2424 1448 2478 πολλοῦ
1510 2426 1833 2491 διελθόντος,

254 2516 353 2568 τοῦ
378 2518 609 2587 Φορτίας
639 2517 681 2547 ⁷⁸
714 2516 1085 2588 διατρίϐοντος
1138 2519 1194 2568 έν
1226 2515 1449 2588 Ἰταλία,
1483 2520 1578 2569 καὶ
1619 2515 1835 2586 ἔχοντος

256 2610 405 2679 ἀμφὶ
472 2611 601 2669 τοὺς
665 2609 899 2671 οἰκείους
952 2608 1246 2677 πολέμους,
1322 2606 1658 2681 ὡρμημένος
1730 2606 1835 2659 ὅῖπὸ

258 2701 514 2763 Σικελίας
564 2704 591 2753 ό
624 2702 954 2772 Ταρακῶνος
1003 2700 1255 2771 βασιλεὺς
1305 2699 1618 2766 ’Λλφόνσος,
1647 2700 1746 2768 τήν
1777 2716 1836 2751 τε

256 2791 584 2860 Καλαϐρίαν
619 2790 937 2861 ὑπηγάγετο
985 2791 1085 2861 μὲν
1114 2791 1331 2861 πρῶτα,
1365 2788 1505 2857 μετὰ
1536 2790 1593 2843 δὲ
1638 2788 1837 2851 ταῦτα,

262 2882 588 2952 στράτευμα
642 2882 921 2946 συλλέξας,
975 2881 1217 2950 ἐπήλασέ
1273 2897 1334 2934 τε
1398 2881 1678 2950 δεύτερον,
1744 2880 1840 2932 καὶ

260 2974 496 3043 κατέσχε
554 2974 655 3043 τὴν
703 2973 881 3027 πόλιν.
917 2973 1027 3025 Kal
1059 2972 1094 3042 ἦ
1139 2989 1196 3024 τε
1227 2971 1480 3041 βασίλεια
1531 2971 1838 3038 Ῥαινερίου

259 3066 533 3135 ὑπεξέσχε
561 3068 625 3118 ἐκ
657 3068 755 3135 τῆς
793 3066 1168 3133 ἀκροπόλεως,
1200 3066 1296 3118 ἐπὶ
1332 3066 1425 3117 τὸν
1454 3065 1624 3118 παῖδα
1663 3066 1838 3132 αὐτῆς

1930 580 2097 633 venit.
2126 579 2265 632 Hinc
2287 578 2473 647 cupias
2496 578 2560 631 ad
2597 578 2928 632 maritimam
2959 586 3013 631 et
3039 577 3501 632 mediterraneum

1930 673 2124 727 movit.
2160 672 2637 726 Mediterraneam'
2664 671 2811 726 fame
2862 672 3199 740 expugnavit
3225 710 3241 734 ,
3296 672 3507 725 mariti-

1931 781 2073 820 mam
2109 768 2279 832 cepit,
2316 780 2444 818 cum
2473 779 2592 817 eam
2635 762 2904 818 dederent
2940 762 3147 819 milites
3195 763 3291 833 qui
3348 766 3400 817 in
3442 779 3504 817 ca

1928 869 2088 913 crant
2123 877 2136 913 :
2172 860 2258 911 cui
2315 869 2369 912 et
2420 857 2735 926 praesidium
2789 856 3073 925 imposuit.
3128 856 3278 913 Uxor
3322 865 3505 910 autem

1934 951 2079 1020 regis
2114 950 2403 1004 obsidione
2440 949 2745 1019 urgebatur
2776 950 2831 1002 in
2867 964 3016 1014 arce,
3047 964 3169 1018 qua:
3192 951 3295 1003 sita
3331 959 3417 1003 cst
3450 951 3503 1003 in

1934 1056 2099 1113 portu
2153 1056 2323 1111 prope
2358 1042 2569 1095 urbem.
2606 1040 2839 1095 Maritus
2880 1056 3011 1095 vero
3041 1045 3182 1095 clam
3224 1057 3507 1110 egressus,

1935 1137 2233 1204 navigabat
2274 1136 2326 1187 in
2352 1134 2728 1197 Provinciam.
2761 1134 2887 1189 inde
2920 1134 3262 1189 adducturus
3298 1134 3511 1188 excrci-

1938 1245 2077 1294 tum,
2115 1247 2226 1299 quo
2258 1231 2501 1284 munitus
2538 1230 2697 1283 usori
2734 1230 2978 1285 obsessae
3002 1232 3287 1300 suppetias
3315 1232 3507 1285 ferret.

1933 1322 2148 1379 Interea
2181 1327 2393 1394 regina,
2431 1340 2555 1380 cum
2592 1323 2886 1378 obsidione
2925 1332 3289 1392 premeretur,
3324 1340 3511 1378 accer-

1935 1432 2063 1472 sens
2118 1417 2377 1471 Sfortiam
2428 1415 2683 1470 Marchia:
2735 1417 3066 1485 principem,
3118 1416 3212 1485 qui
3259 1431 3323 1470 ca
3378 1426 3511 1469 tem-

1937 1519 2149 1580 pestate
2180 1509 2290 1562 dux
2321 1511 2447 1564 belli
2480 1509 2850 1579 peritissimus
2888 1508 3213 1572 habebatur,
3259 1508 3510 1577 Alphon-

1934 1617 2053 1658 sum
2088 1601 2333 1670 expulit,
2369 1604 2671 1670 orbemque
2704 1599 2891 1670 adjuta
2938 1601 3008 1654 ab
3054 1600 3257 1655 Sfortia
3282 1614 3513 1669 recupe-

1935 1694 2095 1747 ravit.
2157 1691 2294 1747 Cum
2360 1704 2539 1747 autem
2598 1693 2786 1763 regina
2840 1691 2954 1762 jam
3026 1707 3208 1747 rermn
3294 1709 3511 1748 summa

1940 1787 2236 1856 potiretur,
2275 1802 2459 1841 arcem
2507 1786 2970 1841 mediterraneam
3024 1785 3078 1841 in
3127 1794 3314 1841 monte
3348 1788 3509 1841 sitam

1938 1876 2229 1931 obsidione
2277 1876 2591 1930 circumdat
2628 1892 2642 1928 :
2675 1890 2841 1945 quam
2880 1891 3005 1931 cttm
3063 1877 3114 1931 vi
3163 1890 3363 1945 capere
3397 1892 3511 1930 non

1938 1978 2144 2040 posset,
2200 1970 2348 2025 {ante
2377 1969 2540 2041 1“
2571 1971 2931 2041 expugnavit.
2964 1971 3161 2027 Postea
3208 1987 3317 2026 non
3349 1972 3513 2041 longo

1937 2071 2186 2133 tempore
2236 2064 2555 2133 interjecto,
2588 2078 2712 2118 cum
2756 2062 2960 2119 Siortia
2989 2064 3312 2123 domesticis
3342 2066 3512 2122 disti-

1936 2165 2166 2211 neretur
2220 2156 2400 2222 bellis,
2463 2158 2779 2227 Alpbonsus
2830 2156 3369 2214 Tarraconnensium
3417 2175 3513 2216 rex

1935 2263 2001 2303 ex
2053 2243 2243 2304 Sicilia
2282 2249 2600 2319 proiectura.
2654 2250 2968 2305 Calabriam
3022 2253 3203 2321 primo
3248 2251 3513 2323 subegit:

1936 2342 2287 2411 postumium
2316 2351 2637 2411 comparato
2667 2343 2941 2405 exercitu.
2976 2344 3175 2399 iterum
3212 2343 3516 2400 Partheno-

1938 2448 2043 2503 pen
2084 2434 2359 2497 accessit,
2414 2450 2649 2500 eamque
2696 2435 3015 2505 occupavit.
3067 2435 3276 2506 Reglna
3326 2446 3513 2493 autem

1939 2525 2227 2581 Rhainerii
2277 2544 2342 2583 ex
2402 2542 2533 2583 arce
2580 2528 2722 2583 clam
2767 2528 3073 2599 eﬂugiens,
3112 2531 3398 2586 contendit
3445 2530 3513 2586 ad

1940 2619 2113 2673 ﬁlium
2152 2635 2338 2685 suum,
2368 2617 2595 2675 Tarenti
2631 2629 2684 2675 et
2718 2617 2959 2691 Iapygia:
2979 2610 3332 2693 ‘principem.
3377 2622 3516 2679 Nam

1941 2720 2207 2782 nupserat
2258 2722 2384 2782 post
2434 2711 2673 2768 Lantilai
2707 2724 2941 2769 mortem
2972 2715 3207 2787 Japygiz
3237 2717 3516 2787 principi:

1940 2820 2004 2859 ex
2058 2819 2162 2875 qua
2197 2805 2367 2859 lilium
2404 2806 2552 2860 hunc
2599 2804 2841 2876 Iapygia:
2882 2807 3189 2879 principem
3226 2810 3378 2866 tulit.
3418 2808 3520 2866 Al-

1941 2898 2209 2968 phonsus,
2266 2899 2402 2953 urbe
2455 2908 2640 2970 capta,
2696 2910 2752 2957 et
2812 2902 3036 2973 regione
3083 2918 3203 2974 qua:
3232 2905 3516 2977 Gepanmn

1946 2994 2260 3045 nominatur
2297 2993 2554 3057 subacta,
2592 2994 2738 3048 bello
2779 2998 3037 3067 persequi
3092 3012 3387 3068 aggressus
3432 3010 3521 3055 est

1944 3076 2181 3153 Japygize
2208 3080 2533 3155 principem,
2564 3084 2748 3141 Mariae
2776 3088 2979 3157 regium
3011 3089 3206 3145 lilium.
3232 3090 3519 3146 Accedens

261 3161 532 3230 ἡγεμόνα
568 3159 875 3229 Ταράντου,
924 3161 1019 3212 καὶ
1088 3158 1395 3227 Ἰαπυγίας.
1444 3158 1551 3209 Τὸν
1610 3157 1719 3227 γὰρ
1778 3157 1837 3226 δὴ

1948 3175 2115 3246 igitur
2161 3176 2339 3244 copiis
2386 3177 2817 3247 quamplurimis
2855 3181 3185 3248 instructus,
3234 3182 3516 3253 regionem

258 3253 516 3323 ἡγεμόνα
547 3255 645 3321 τῆς
690 3254 973 3320 Ἰαπυγίας
1000 3252 1249 3323 ἐγήματο
1280 3251 1419 3322 μετὰ
1453 3252 1556 3321 τὴν
1584 3249 1841 3321 τελευτὴν

262 3345 627 3409 Λαντισ).άου,
661 3344 756 3413 ἀφ’
780 3340 849 3417 ἧς
894 3345 1018 3414 ἔσχε
1048 3345 1243 3407 παῖδας
1284 3345 1331 3375 ⁷⁸
1360 3342 1553 3397 τοῦτον
1606 3343 1698 3395 τὸν
1744 3342 1777 3394 ‘l
1791 3363 1844 3393 1-

262 3440 470 3509 πυγίας
500 3438 769 3509 ἡγεμόνα.
799 3440 889 3502 Ὠς
924 3439 1111 3508 μέντοι
1154 3438 1449 3507 Ἀλφόνσος
1475 3436 1710 3505 κατέσχε
1745 3436 1845 3505 τὴν

262 3533 448 3598 πόλιν,
482 3536 576 3585 καί
600 3532 782 3603 χώραν
816 3532 915 3602 τὴν
947 3531 1193 3599 Γήπονον
1242 3529 1622 3600 καλουμένην,
1651 3527 1844 3581 ἐπολέ-

264 3644 365 3697 μει
416 3628 552 3694 πρὸς
601 3626 693 3677 τὸν
744 3625 1029 3693 Ἰαπυγίας
1078 3624 1344 3694 ἡγεμόνα,
1410 3621 1579 3676 παῖδᾶ
1632 3638 1693 3674 τε
1749 3621 1844 3691 τῆς

263 3720 489 3788 Μαρίας
548 3718 859 3788 βασιλίδος,
912 3718 1008 3770 καὶ
1056 3718 1225 3769 ἐπιὼν
1279 3715 1687 3784 κατεστρέφετο
1747 3715 1847 3782 τὴν

264 3819 479 3889 χώραν.
511 3814 719 3887 Χρόνου
748 3814 805 3867 δὲ
855 3812 1239 3879 ἐπιγινομένου
1303 3806 1563 3876 πρέσϐεις
1594 3823 1653 3858 τε
1701 3806 1846 3875 πέμ-

267 3933 390 3969 πων
431 3914 565 3981 παρ⁹
592 3912 756 3965 αὐτὸν
786 3911 815 3962 ό
857 3910 957 3977 τῆς
989 3908 1277 3973 Ἰαπυγίας
1320 3904 1569 3975 ἡγεμὼν,
1601 3902 1758 3972 ἠξίου
1788 3920 1845 3953 τε

265 4007 420 4075 αὐτῷ
472 4002 816 4057 σπένδεσθαι.
861 4000 976 4069 Ἐφ’
1029 3992 1074 4067 ᾧ
1123 4001 1220 4052 καὶ
1266 3997 1569 4066 ἐπιγαμίαν
1608 3997 1846 4061 ποιησά-

268 4114 437 4169 μενος
464 4112 478 4127 ο
526 4095 807 4167 ἡρμόσατο
850 4092 960 4162 γὰρ
992 4091 1057 4162 δὴ
1082 4093 1110 4144 ὁ
1138 4090 1393 4160 βασιλεὺς
1441 4089 1533 4140 ἐπὶ
1566 4088 1644 4157 τῷ
1694 4088 1849 4140 παιδὶ

265 4189 435 4247 αὐτοῦ
481 4188 619 4257 νόθῳ
657 4185 982 4258 Ἰνφεράνδῳ
1026 4185 1124 4254 τὴν
1164 4179 1483 4249 ἀδελφιδοῦν
1512 4178 1609 4231 τοῦ
1664 4179 1848 4231 Ἰαπυ-

267 4286 397 4352 γίας
423 4283 710 4353 ἄρχοντος,
740 4277 1016 4347 θυγατέρα
1060 4276 1119 4328 δὲ
1148 4272 1245 4326 τοῦ
1277 4272 1511 4340 Βενόζης
1540 4271 1805 4340 ἡγεμόνος
1830 4285 1844 4297 ·

267 4379 369 4431 καὶ
416 4374 651 4436 σπονδὰς
708 4371 1091 4441 ποιησάμενοι,
1151 4366 1236 4435 ita”
1295 4359 1340 4433 ᾧ
1393 4365 1581 4432 ξένους
1643 4380 1703 4417 τε
1754 4363 1850 4415 καὶ

268 4468 553 4537 ὑπηκόους
598 4462 736 4517 εἶναι
766 4463 845 4533 τῷ
878 4462 1093 4532 βασιλεῖ
1129 4459 1431 4528 ’Δλφόνσῳ,
1462 4458 1850 4527 μετεπέμπετο

1946 3268 2299 3339 subjiciebat.
2354 3269 2623 3341 Princeps
2671 3271 2841 3341 igitur
2897 3271 3137 3345 Japygie
3187 3276 3521 3337 necessitote

1947 3369 2152 3427 motus,
2189 3362 2399 3432 legatos
2432 3363 2585 3419 misit
2631 3364 2728 3435 qui
2785 3380 2977 3431 pacem
3030 3378 3251 3422 orarent
3289 3386 3303 3423 :
3344 3364 3509 3438 quam

1947 3461 2281 3509 consecutus
2318 3466 2422 3511 est.
2464 3455 2590 3509 Paci
2622 3466 2806 3511 autem
2842 3456 3145 3525 junxerunt
3174 3460 3519 3516 afﬁnitatem.

1947 3546 2084 3600 Nam
2124 3561 2217 3601 rex
2251 3545 2362 3600 ﬁlio
2411 3560 2515 3601 suo
2561 3548 2753 3611 notho,
2809 3547 2967 3616 cuius
3007 3564 3208 3604 nomen
3257 3559 3375 3606 erat
3411 3551 3522 3606 .lm-

1949 3639 2304 3709 phernandus
2337 3638 2473 3709 (ει),
2516 3638 2571 3693 in
2610 3640 3023 3696 matrimonium
3067 3642 3361 3699 collocavit
3393 3662 3525 3701 con-

1949 3727 2230 3784 sobrinam
2261 3730 2530 3800 principis
2562 3727 2828 3802 Japygiaz,
2865 3731 3030 3785 tiliam
3080 3748 3211 3788 vero
3265 3736 3527 3807 principis

1952 3824 2045 3890 qui
2076 3819 2349 3875 Veuozam
2381 3823 2495 3893 (55)
2523 3833 2761 3877 rexerat.
2793 3824 3027 3878 Peracto
3061 3823 3293 3887 fmdere.
3333 3828 3387 3881 in
3415 3842 3527 3896 quo

1951 3914 2262 3976 tenebatur,
2314 3923 2372 3968 ut
2429 3914 2484 3967 in
2539 3924 2823 3984 posterum
2878 3923 2934 3969 et
2994 3915 3242 3985 hospites
3295 3918 3525 3987 regique

1951 4006 2271 4060 obedieutcs
2312 4016 2517 4069 essent,
2551 4004 2794 4077 Japygia‘:
2828 4006 3089 4075 princeps
3140 4006 3524 4079 Parthenopen

1954 4101 2275 4153 vocabatur.
2309 4099 2387 4152 Eo
2414 4115 2537 4153 cum
2575 4100 2819 4154 venisset
2846 4100 3149 4156 admodum
3178 4102 3531 4158 metuebatur

1954 4202 2014 4247 ut
2051 4202 2341 4260 caperetur
2374 4192 2443 4246 ab
2485 4208 2632 4263 rege.
2672 4192 2902 4262 Pr0pter
2953 4194 3101 4247 hunc
3151 4202 3383 4259 metum,
3433 4198 3530 4263 qui

1954 4288 2091 4338 adeo
2123 4299 2355 4353 magnus
2375 4293 2515 4346 erat,
2544 4283 2804 4353 phrenesi
2833 4284 3088 4338 laborare
3126 4285 3372 4338 creditus
3420 4296 3527 4340 est.

1955 4377 2071 4432 Hoc
2105 4377 2271 4432 modo
2308 4380 2361 4430 in
2410 4376 2620 4430 Italiam
2654 4376 2725 4431 ab
2760 4374 3077 4431 Tarracone
3128 4377 3410 4446 profectus
3438 4377 3532 4432 AI-

1956 4471 2226 4539 phonsus,
2266 4469 2456 4523 Sicilia
2489 4480 2543 4522 et
2577 4468 2941 4536 Neapolitano
2977 4484 3148 4538 regno
3177 4469 3387 4540 patitus
3422 4477 3530 4525 est.

268 4563 365 4614 ἐπὶ
408 4560 508 4630 τὴν
553 4556 844 4612 Νεάπολιν.
900 4554 1070 4607 Ἐνθα
1114 4553 1179 4623 δὴ
1231 4552 1589 4620 ἀφικόμενος,
1626 4550 1681 4613 ὲς
1730 4548 1837 4610 δέος

1956 4561 2094 4615 Cum
2148 4561 2393 4615 venisset
2444 4562 2497 4615 in
2544 4560 2779 4623 Italiam,
2842 4561 2916 4616 ibi
2969 4570 3218 4615 moratus
3245 4570 3351 4627 est,
3380 4574 3532 4616 nunc

268 4652 575 4705 καθίστατο
600 4649 677 4720 μὴ
710 4648 824 4719 ἁλῷ
854 4648 959 4701 ὑπὸ
986 4646 1081 4699 τοῦ
1121 4644 1407 4716 βασιλέως.
1443 4644 1554 4695 Καὶ
1604 4642 1694 4695 διὰ
1722 4640 1843 4693 τόδε

265 4748 331 4799 τὸ
384 4746 508 4807 δέος
557 4742 702 4806 εδοξε
752 4740 943 4794 παθεῖν
975 4739 1043 4792 τὰ
1078 4741 1135 4801 ἐς
1192 4738 1419 4808 φρένας.
1451 4734 1608 4789 Οὕτω
1641 4734 1742 4804 μὲν
1789 4735 1847 4795 ὲς

276 4835 517 4893 Ἰταλίαν
572 4838 663 4888 ἐπὶ
713 4835 812 4904 τὴν
868 4832 1148 4902 βασιλείαν
1181 4831 1280 4893 τῆς
1330 4848 1389 4882 τε
1452 4828 1705 4890 Σικελίας
1755 4830 1851 4879 καὶ

268 4931 631 5000 Παρθενόπης
691 4928 920 4996 ἀφίκετο
979 4924 1269 4991 Ἀλγοόνσος
1323 4923 1431 4975 ἀπὸ
1491 4921 1847 4991 Ταρακῶνος.

277 5022 488 5076 Ἐλθὼν
545 5022 601 5073 δὲ
657 5023 714 5083 ὲς
778 5019 1031 5082 Ἰταλίαν,
1079 5015 1349 5085 διέτριϐεν
1404 5014 1593 5078 αὐτοῦ,
1626 5016 1692 5066 τὰ.
1755 5015 1853 5082 μὲν

267 5120 411 5187 πρὸς
454 5118 579 5178 τοὺς
613 5116 951 5184 Τυρῤηνοὺς.
992 5114 1059 5166 τὰ
1106 5111 1162 5163 δὲ
1210 5112 1346 5180 πρὸς
1392 5112 1518 5172 τοὺς
1550 5110 1843 5172 Οὑενετοὺς
1892 5116 2159 5184 πολεμῶν,
2183 5120 2251 5172 τὰ
2286 5118 2343 5170 δὲ
2376 5119 2470 5170 καὶ
2508 5117 2870 5187 σπενδόμενος
2940 5118 3190 5171 διετέλει.

1956 4667 2080 4706 cum
2109 4652 2355 4719 Venetis,
2384 4669 2532 4708 nunc
2562 4669 2688 4708 cum
2735 4653 3037 4724 Tyrrhenis
3067 4654 3209 4708 bella
3234 4669 3435 4723 gerens
3472 4663 3534 4709 σι

1958 4747 2165 4801 foedera
2208 4763 2475 4817 pangens.
2504 4748 2616 4802 [lex
2648 4747 2981 4802 Rhainerius
3014 4747 3127 4819 (56)
3163 4746 3531 4803 .lanuensium

1956 4841 2135 4895 classe
2167 4855 2364 4909 magna
2396 4840 2462 4893 ad
2493 4839 2689 4894 urbem
2714 4826 2967 4894 accessit.
2993 4838 3128 4895 Cum
3155 4849 3339 4894 autem
3363 4855 3533 4895 cona-

1962 4942 2155 4985 rentur
2211 4933 2414 4987 milites
2455 4947 2486 4988 e
2532 4933 2770 4987 navibus
2811 4933 3002 4987 urbem
3056 4924 3357 4997 invadere,
3426 4948 3531 4988 nec

1960 5035 2140 5091 coepta
2173 5025 2562 5087 succederent,
2600 5038 2657 5078 re
2684 5023 2888 5078 infecta
2922 5024 3120 5079 domos
3152 5025 3389 5079 rediere.

3269 5117 3533 5178 ἰανυῖους

272 5215 375 5284 μὲν
424 5211 597 5278 ὲπῆγε
634 5210 806 5278 στόλῳ
843 5208 1062 5277 μεγάλῳ
1102 5206 1400 5272 Ῥαινέριος
1435 5204 1687 5275 βασιλεὺς
1732 5206 1826 5257 ἐπὶ
1902 5215 2002 5276 τὴν
2054 5210 2229 5275 πόλιν,
2301 5212 2399 5263 καὶ
2441 5212 2747 5282 ἐπειρῶντο
2796 5210 3094 5281 ἀποϐῆναι.
3136 5211 3248 5263 Καὶ
3296 5211 3373 5277 ὡς
3428 5217 3531 5283 οὐχ

269 5300 376 5361 οἷοί
415 5321 476 5358 τε
506 5302 777 5372 ἐγένοντο,
820 5301 1092 5353 ἀπέπλεον
1125 5298 1210 5351 ἐπ’
1244 5298 1418 5353 οἴκου.

1538 5418 1782 5479 Notulte
1814 5418 2217 5494 marginales.

347 5528 463 5597 (54)
499 5524 897 5585 Ferdinandus,
924 5521 1060 5576 Dom
1092 5519 1438 5576 Fcrnaudus.

347 5602 462 5668 (55)
490 5596 804 5651 Venusiam.

2034 5518 2145 5589 (56)
2181 5516 2490 5572 Ludovicus
2526 5516 2957 5587 Andegavcnsis.

347 5738 394 5766 ⁷³
420 5737 569 5790 ἔνθα.
614 5735 677 5787 Ii.
702 5736 755 5787 ἐν
784 5750 838 5787 τε
878 5732 1107 5805 βασιλεῖ.
1189 5732 1233 5763 ⁷⁸
1262 5730 1756 5802 μεταπεμψαμένη.
1788 5728 1831 5780 It

1966 5728 2016 5778 in
2045 5741 2091 5777 ε.
2171 5725 2215 5754 τ’
2255 5719 2504 5793 Φορτιου.
2588 5721 2630 5751 ⁷⁸
2673 5718 2738 5773 In
2764 5736 2886 5789 uno,
2916 5718 3099 5773 παῖδα.
3131 5717 3196 5774 η.
3233 5730 3288 5771 ut
3310 5719 3364 5775 in
3389 5726 3529 5773 cont.

281 5809 364 5859 Al.
397 5810 573 5863 παῖδα.
