4190 6434
682 369 794 433 2·ίῦ

1844 372 2144 431 ΙΛΟΝΙιΣΙ
2190 371 2850 432 (ΞΙΙΛΙΛΣυΕΟΝΒΥιΕ

3836 367 3951 430 (276

684 502 834 541 rnnm
881 486 1207 538 honoratum
1246 484 1546 538 declaravit
1581 485 1818 551 regionis
1855 502 1966 538 Sili?
2017 486 2260 553 impera-

2366 489 2640 554 ἐπίσημον
2671 488 2985 554 γενόμενον,
3017 485 3089 548 ὡς
3122 484 3468 553 παραχρῆμα
3500 483 3744 535 ἐπεδίδου
3779 485 3948 551 μέγα,

688 595 886 636 torem.
949 579 1052 644 Qui
1115 578 1414 649 imperator
1469 587 1717 643 creatus,
1764 595 2096 648 quocunque
2147 581 2263 634 bel-

685 675 796 727 lum
864 672 1141 734 vertisset,
1203 687 1420 742 semper
1475 672 1649 741 gloria
1727 687 2027 727 coruscans
2088 684 2142 728 et
2203 688 2262 728 re

685 768 827 822 bene
887 777 1039 836 gesta
1098 767 1332 820 redibat.
1393 765 1578 835 Itaque
1644 781 1769 819 cum
1831 765 1902 818 ab
1969 766 2257 820 lberorum

684 875 816 930 rege
867 868 1058 915 contra
1101 858 1444 926 Alpliousum
1502 867 1649 913 esset
1698 858 1928 925 missus,
1967 860 2109 913 haud
2169 874 2260 914 so-

684 955 888 1008 cordia:
929 953 1105 1006 locum
1139 953 1255 1007 fore
1289 961 1443 1006 ratus
1483 953 1804 1022 Alpliousus
1840 969 1963 1006 cum
2015 953 2261 1007 exercitu

688 1046 895 1100 Albaro
925 1047 980 1101 in
1015 1047 1239 1114 regione
1277 1047 1546 1110 occurrit,
1601 1048 1763 1115 quasi
1799 1049 1975 1117 praelii
2017 1056 2266 1115 potesta-

684 1145 795 1190 tem
840 1139 1106 1193 facturus.
1157 1138 1356 1192 Postea
1404 1138 1722 1206 Alphousus
1757 1139 2006 1192 adhibito
2048 1138 2102 1191 in
2165 1153 2264 1192 au-

683 1227 876 1282 xilium
930 1229 1119 1294 fratre,
1160 1230 1216 1283 in
1254 1228 1483 1283 lberiam
1522 1231 1802 1298 ingressus
1832 1241 1941 1292 est,
1979 1238 2039 1283 ut
2068 1239 2262 1285 contra

690 1337 868 1391 regem
903 1321 1232 1376 decertaret.
1264 1322 1494 1376 Obviam
1529 1333 1712 1376 autem
1764 1323 2066 1391 procedens
2095 1324 2264 1378 Alba-

684 1429 804 1476 rus,
834 1415 1008 1469 misso
1033 1429 1282 1482 praecone
1306 1414 1478 1484 jussit
1510 1430 1635 1468 eum
1668 1416 1962 1477 excedere.
1988 1416 2034 1470 si
2064 1417 2260 1486 sapiat,

683 1521 849 1574 quam
873 1507 1167 1561 celerrime
1182 1523 1248 1562 ex
1272 1522 1369 1562 sua
1391 1507 1635 1577 regione.
1656 1507 1792 1562 Cum
1817 1517 1999 1563 autem
2021 1508 2264 1579 Alplion-

683 1611 779 1651 sus
839 1598 1204 1666 responderet
1238 1613 1298 1652 se
1333 1614 1442 1652 non
1472 1599 1739 1654 accedere
1789 1611 1845 1653 ut
1909 1600 2082 1669 patris
2139 1599 2260 1668 ejus

683 1689 874 1743 asinos
910 1693 966 1743 in
999 1705 1197 1756 pascua
1239 1691 1491 1756 duceret,
1553 1691 1650 1745 sed
1686 1706 1744 1745 se
1779 1692 1974 1746 adesse
2032 1705 2091 1747 ut
2141 1695 2260 1747 acie

683 1783 931 1845 dimicet,
999 1785 1191 1854 copias
1221 1785 1272 1837 in
1300 1787 1474 1839 aciem
1515 1785 1744 1840 deduxit
1776 1803 1790 1838 :
1821 1796 1875 1839 et
1925 1803 2048 1840 cum
2110 1796 2258 1840 utro-

2366 580 2471 630 ὑπὸ
2523 580 2741 631 πάντων
2787 579 2858 631 δι’
2884 577 3088 646 ἀρετὴν
3135 575 3480 645 τιμώμενον,
3534 574 3953 644 στρατηγόναε

2367 669 2616 735 ἀπέδειξε
2657 670 2801 724 κατά
2833 670 2930 740 τὴν
2966 669 3151 739 χώραν
3190 669 3380 722 αὐτοῦ.
3417 669 3527 721 Καὶ
3571 669 3666 720 ἐπὶ
3708 685 3953 738 στρατη-

2366 764 2492 830 γίας
2519 763 2943 831 καθιστάμενος,
2978 763 3120 830 μέγα
3145 761 3462 832 ἅπανταχοῦ
3488 761 3786 831 εὐδοκίμει.
3813 761 3953 815 Τότε

2366 854 2429 923 δὴ
2458 854 2533 917 ὼς
2561 855 2713 924 παρὰ
2739 855 2817 924 τῷ
2848 855 3076 925 Ἰϐήρων
3103 855 3336 925 βασιλεῖ,
3363 857 3459 908 ἐπὶ
3490 853 3782 923 ’Δλφόνσον
3807 871 3953 922 πεμ-

2370 946 2527 1014 φθεὶς
2562 948 2661 1000 σὺν
2690 947 2768 1016 τῷ
2799 947 3210 1016 στρατεύματι,
3248 947 3466 1017 ὑπήντα
3495 947 3644 1016 αύτῷ
3675 947 3821 1001 κατά
3850 948 3954 1017 τὴν

2368 1038 2581 1109 χώραν,
2610 1039 2686 1102 ὡς
2717 1042 3178 1110 ἐναντιωσόμενος
3195 1041 3262 1092 ⁸⁸.
3301 1041 3456 1096 Ἐπεὶ
3484 1041 3542 1094 δέ
3570 1041 3743 1095 ἐπιὼν
3765 1042 3795 1095 ὁ
3827 1042 3952 1095 ’Λλ-

2367 1133 2582 1199 φόνσος,
2613 1136 3066 1204 συμπαραλαϐὼν
3094 1138 3192 1191 καὶ
3214 1136 3308 1190 τδν
3336 1137 3588 1204 ἀδελφὸν,
3621 1138 3679 1189 ἐν
3703 1139 3772 1207 τῇ
3803 1136 3953 1206 Ἰϐη-

2369 1229 2459 1300 ρίᾳ
2491 1231 2741 1298 ἐγένετο,
2777 1232 2872 1284 καὶ
2906 1234 3236 1302 ἐπήλαυνεν.
3280 1232 3548 1285 Ἐνταῦθα
3583 1230 3732 1299 αύτῷ
3768 1230 3948 1284 ὕπαν-

2363 1323 2559 1386 τιάσας
2606 1325 2634 1374 ό
2663 1324 2959 1393 Ἀλϐαρος,
3011 1323 3536 1395 ἐστρατοπεδεύετο.
3583 1325 3681 1377 καὶ
3725 1324 3949 1394 κήρυκα

2365 1416 2720 1486 ἐπιπέμπων,
2771 1419 3151 1487 προηγόρευεν
3200 1417 3674 1480 ἀπαλλάττεσθαι,
3725 1417 3795 1488 ἢν
3845 1434 3952 1468 σω-

2365 1511 2559 1577 φρονῇ,
2587 1509 2662 1572 ὡς
2693 1510 2808 1578 ἔχει
2836 1512 3072 1578 τάχιστα
3104 1512 3166 1563 ἐκ
3199 1509 3299 1579 τῆς
3331 1509 3537 1581 χώρας.
3569 1509 3680 1564 Καὶ
3712 1510 3948 1576 ἀποκρι-

2366 1602 2619 1669 ναμένου,
2655 1604 2729 1663 ὡς
2770 1604 2871 1655 οὐκ
2907 1603 3003 1657 ἐπί
3036 1605 3162 1667 τοὺς
3203 1605 3359 1667 ϐνους
3393 1605 3486 1656 τοῦ
3531 1605 3733 1670 πατρὸς
3779 1601 3948 1656 αὐτοῦ

2363 1691 2582 1746 ἄπεισιν
2619 1695 2674 1754 ἐς
2714 1696 2887 1764 νομὴν
2924 1697 3126 1758 αὐτοὺς
3150 1695 3332 1761 νάξων,
3367 1696 3503 1750 ἀλλὰ
3547 1697 3949 1766 στρατηγήσων

2364 1785 2513 1852 αύτῷ
2541 1786 2828 1856 πάρεστιν,
2860 1790 2919 1850 ἐς
2952 1789 3136 1858 μάχην
3165 1789 3430 1842 ἐτάσσετο
3450 1806 3464 1819 ο
3500 1789 3592 1842 καὶ
3625 1786 3945 1856 συμϐαλὼν,

683 1890 793 1941 que
845 1875 1018 1928 fratre
1066 1876 1390 1947 conﬂigens,
1437 1877 1669 1933 victoria
1719 1879 1926 1946 potitus
1958 1889 2064 1935 est.
2123 1877 2258 1934 Cum

2366 1876 2602 1946 ἐμάχετο
2642 1880 2847 1948 ἀμφοῖν
2881 1881 2993 1934 τοῖν
3029 1880 3299 1948 ἀδελφοῖν.
3338 1881 3536 1951 Μὰχης
3573 1881 3632 1934 δέ
3671 1883 3947 1949 καρτερᾶς

682 1975 866 2023 autem
937 1969 1184 2040 praelium
1255 1970 1700 2025 committeretur
1772 1981 1950 2036 atros,
2024 1973 2259 2028 Albarus

683 2060 1173 2119 'l'arraconueuses
1206 2073 1354 2134 terga
1403 2075 1616 2119 vertere
1652 2066 1873 2134 coegit:
1907 2074 1961 2119 et
1985 2065 2259 2134 fugientes

688 2168 1036 2223 persecutus,
1092 2155 1293 2213 fratres
1320 2158 1511 2213 ambos
1561 2160 2003 2228 comprehendit,
2035 2175 2260 2230 magna-

683 2265 792 2316 que
831 2249 1376 2308 Tarraconnensium
1409 2259 1623 2321 strages
1651 2251 1798 2308 facta
1848 2261 1956 2310 est.
1987 2253 2057 2308 Ut
2099 2269 2259 2321 reges

681 2343 847 2398 ambo
902 2343 969 2397 ad
1030 2344 1316 2399 lberurum
1393 2359 1576 2414 regem
1633 2353 1766 2400 sunt
1821 2346 2070 2409 adducti,
2119 2347 2258 2401 nihil

685 2436 814 2491 mali
855 2445 980 2492 sunt
1018 2437 1410 2508 passl.Verum
1440 2439 1742 2509 juramenti
1794 2439 2066 2510 religione
2099 2438 2256 2512 147

687 2527 824 2582 ﬁdes
851 2540 1075 2600 accepta
1106 2539 1213 2597 est,
1239 2545 1307 2586 ne
1365 2530 1500 2602 quid
1535 2541 1728 2602 postea
1769 2532 1896 2586 novi
1925 2534 1978 2586 in
2019 2549 2118 2587 sua
2172 2548 2259 2586 re-

680 2623 843 2691 gione
867 2624 1197 2678 molirentur
1232 2639 1249 2690 ;
1285 2636 1340 2680 et
1380 2623 1610 2694 impune
1639 2625 1858 2680 dimissi
1888 2634 2017 2680 sunt
2049 2626 2114 2679 ad
2134 2640 2257 2680 sua.

681 2714 878 2770 Postea
946 2717 1294 2786 Alpliousus,
1375 2727 1433 2774 ut
1512 2734 1678 2787 supra
1760 2719 2143 2782 ostendimus,
2201 2720 2255 2773 in

681 2806 899 2860 italiam
919 2815 971 2862 et
1005 2808 1058 2861 in
1096 2808 1339 2863 Siciliam
1391 2811 1586 2864 venit:
1621 2809 1717 2879 qui
1765 2810 1832 2863 ab
1900 2809 2093 2865 iisdem
2160 2823 2257 2864 ca-

681 2907 834 2966 ptus,
884 2898 951 2953 ad
1008 2898 1296 2954 Mediolani
1344 2900 1565 2967 ducem,
1612 2909 1672 2954 ut
1711 2910 1872 2956 antea
1928 2903 2249 2967 docuimus,

685 2987 920 3054 ductus,
983 2990 1052 3044 ab
1093 2991 1284 3046 eodem
1365 2991 1662 3047 inviolatus
1715 3002 1772 3046 et
1825 2994 2122 3048 incolumis
2189 2992 2256 3045 ad

683 3095 784 3134 sua
854 3083 1123 3139 remissus
1202 3092 1307 3139 est.
1388 3081 1627 3140 Uxorem
1698 3101 1856 3139 suam
1943 3087 2257 3155 Alplionsus

682 3171 736 3225 in
794 3171 1114 3228 Tarracone
1195 3174 1441 3243 reliquit,
1493 3190 1593 3229 nec
1669 3175 1861 3230 multis
1941 3174 2103 3228 annis
2169 3173 2255 3226 in-

2367 1968 2704 2039 γενομένης,
2749 1970 2824 2033 ὡς
2874 1972 2925 2025 οί
2977 1973 3106 2042 περὶ
3145 1973 3416 2041 ’Λλϐαρον
3467 1975 3772 2044 ἐτρέψαντο
3817 1974 3947 2036 τοὺς

2368 2060 2739 2128 Ταρακῶνας,
2777 2065 3080 2119 ἐπεδίωκον
3113 2067 3216 2120 ἀνὰ
3259 2067 3497 2134 κράτος,
3531 2068 3626 2120 καὶ
3666 2068 3836 2136 ἄμφω
3869 2065 3948 2119 τὼ

2366 2152 2580 2223 ἀδελφὼ
2618 2154 3059 2225 συλλαμϐάνουσι
3083 2195 3099 2220 ,
3135 2157 3231 2210 καὶ
3271 2157 3501 2220 πολλοὺς
3533 2156 3644 2209 τῶν
3679 2155 3950 2225 Ταρακώ-

2367 2264 2475 2300 νων
2529 2249 2835 2303 κατέϐαλον
2884 2252 2943 2304 ἐν
2991 2254 3058 2322 τῇ
3109 2251 3312 2318 διώξει.
3369 2252 3456 2314 Ὠς
3505 2251 3564 2305 δέ
3614 2250 3949 2321 ἀπήχθησαν

2367 2342 2517 2410 παρά
2537 2342 2630 2394 τδν
2658 2341 2886 2412 Ίδήρων
2911 2342 3142 2414 βασιλέα
3165 2345 3337 2416 ἄμφω
3358 2345 3437 2398 τὼ
3463 2343 3698 2413 βασιλέι,
3724 2342 3880 2412 κακῷ
3895 2340 3946 2375 ⁸⁷

2369 2433 2468 2504 μὲν
2499 2434 2652 2488 οὐδὲν
2685 2436 2983 2507 είργάσατο
3015 2436 3250 2502 αὐτοὺς.
3285 2439 3470 2510 ὅρκοις
3504 2439 3560 2492 δέ
3597 2436 3693 2490 καὶ
3726 2439 3947 2490 πίστεσι

2367 2526 2726 2592 καταλαϐὼν,
2779 2527 2875 2581 τοῦ
2926 2528 3113 2583 λοιποῦ
3173 2530 3340 2599 μηδὲν
3389 2531 3554 2584 πλέον
3598 2528 3948 2599 νεωτερίζειν

2365 2618 2522 2687 περιρ
2539 2619 2639 2687 τὴν
2685 2618 2884 2673 ἐαυτοῦ
2933 2619 3138 2690 χώραν,
3183 2621 3397 2690 ἀφῆκεν
3441 2621 3649 2684 ἀσινεῖς
3697 2619 3945 2674 ἀπιέναι.

2365 2709 2520 2761 Μετά
2558 2708 2614 2761 δὲ
2657 2707 2832 2762 ταῦτα
2870 2708 3165 2776 ’Δλιρόνσος
3208 2707 3438 2777 ἀφίκετό
3474 2725 3536 2760 τε
3580 2709 3636 2770 ἐς
3673 2705 3941 2767 Ἰταλίαν,

2364 2803 2438 2862 ὡς
2472 2801 2740 2872 πρότερόν
2777 2819 2869 2871 μοι
2905 2802 3234 2871 δεδήλωται,
3273 2801 3368 2856 καὶ
3407 2800 3502 2853 ἐπὶ
3536 2800 3636 2868 τὴν
3671 2798 3943 2852 Σικελίαν.

2367 2896 2480 2950 Καὶ
2520 2897 2813 2966 κατασχὼν
2846 2897 2947 2966 τὴν
2979 2897 3311 2959 Νεαπόλεως
3355 2895 3638 2964 βασιλείαν
3660 2938 3674 2960 ,
3711 2892 3851 2964 πρός
3884 2907 3945 2943 τε

2364 2989 2489 3050 τοῦς
2516 2989 2777 3052 Ἰανυῖους
2805 2990 3062 3059 ἐπολέμει
3085 3005 3100 3022 ⁶
3134 2990 3263 3044 ἔνθα
3291 2991 3357 3057 δὴ
3389 2991 3485 3043 xui.
3516 2989 3658 3042 ἐάλω
3689 2989 3794 3042 ὑπο
3823 2986 3946 3039 τού-

2363 3098 2492 3149 των,
2533 3083 2609 3146 ὡς
2650 3084 2706 3136 ἐν
2746 3082 2822 3153 τῷ
2867 3084 3178 3153 ἔμπροσθεν
3201 3082 3248 3116 ⁸⁸
3286 3084 3587 3154 ἐπεξῆλθον
3622 3083 3786 3153 λόγῳ.
3833 3081 3946 3136 Καὶ

2365 3175 2554 3243 ἀχθεὶς
2595 3177 2746 3247 παρά
2788 3176 2882 3230 τὸν
2923 3176 3253 3232 Μεδιολάνου
3302 3177 3567 3248 ἡγεμόνα,
3612 3171 3768 3238 αὖθις
3812 3177 3947 3228 ἀπε-

683 3265 953 3336 terjectis,
990 3284 1058 3322 co
1123 3283 1380 3323 reversus
1423 3277 1533 3327 est.
1595 3279 1650 3322 ιιι
1676 3283 1796 3323 eam
1859 3269 2082 3323 viseret.
2121 3265 2255 3321 Nam

2366 3265 2520 3336 λύθη.
2556 3267 2668 3336 Τὴν
2705 3267 2893 3337 μέντοι
2929 3270 3164 3336 γυναῖκα
3196 3268 3364 3323 αὐτοῦ
3400 3270 3716 3322 καταλιπὼν
3747 3269 3804 3321 ἐν
3839 3267 3946 3320 Τα-

679 3360 735 3414 in
793 3360 949 3415 ltalia
1011 3370 1065 3416 et
1123 3360 1313 3416 Sicilia
1365 3364 1716 3428 versabatur,
1780 3363 2108 3432 plerumque
2160 3372 2258 3417 aut

687 3455 865 3508 amori
902 3465 996 3509 aut
1026 3455 1102 3509 rvi
1135 3454 1358 3509 militari
1397 3470 1623 3523 operam
1670 3456 1832 3510 dans.
1864 3455 2150 3520 Quomodo
2205 3454 2256 3510 ei

681 3549 737 3602 in
767 3547 920 3600 Italia
947 3563 1035 3602 res
1082 3549 1475 3609 successerint,
1524 3547 1784 3617 deinceps
1839 3549 2069 3602 dicetur.
2127 3547 2257 3619 Regi

681 3635 994 3703 llu-rorum,
1044 3639 1112 3692 de
1154 3655 1265 3709 quo
1303 3656 1469 3709 Supra
1523 3641 1687 3694 verba
1737 3639 1866 3701 feci,
1907 3641 2108 3694 bellum
2157 3639 2260 3693 fuit

681 3749 805 3784 cum
835 3731 1096 3786 Granum
1124 3747 1250 3801 regi:
1275 3731 1460 3788 Poeno.
1503 3731 1654 3787 Pceui
1681 3731 1791 3798 jam
1815 3731 1945 3786 olim
1981 3732 2261 3800 trajicien-

686 3836 791 3886 tes,
867 3826 1149 3881 Marcliam
1191 3827 1305 3894 (65)
1333 3827 1568 3894 Europae
1613 3827 1830 3890 urbem,
1861 3843 1981 3898 quae
2021 3826 2263 3882 distabat

683 3936 713 3970 a
760 3917 924 3988 Libya
979 3918 1176 3971 studiis
1225 3919 1476 3973 ducentis
1524 3919 1950 3988 quinquaginta,
2016 3933 2258 3988 occupa.

683 4020 812 4062 runt
846 4009 980 4078 (65).
1019 4007 1157 4063 lliuc
1213 4011 1515 4079 progressi,
1574 4011 1810 4065 lberiam
1871 3999 1972 4066 suo
2028 4012 2261 4082 imperio

680 4103 984 4170 junxerunt
1019 4121 1032 4156 :
1071 4110 1281 4172 postea,
1305 4119 1430 4157 cum
1470 4104 1848 4159 memorabilia
1891 4107 2094 4175 ubique
2117 4105 2260 4159 facta

683 4195 930 4260 ederunt,
959 4197 1336 4250 etianrcoutra
1368 4195 1599 4251 Galliam
1617 4196 1820 4251 bellum
1843 4209 2262 4266 promoverum,

688 4290 891 4342 mirum
942 4289 993 4342 iu
1028 4288 1253 4342 modum
1289 4303 1375 4343 res
1410 4303 1543 4344 suas
1599 4295 1886 4357 augentes.
1919 4289 2034 4343 Nec
2097 4290 2262 4344 etiam

692 4383 761 4435 ab
814 4381 1127 4435 Tarracone
1156 4389 1208 4434 et
1242 4379 1486 4434 Valentia
1519 4381 1859 4435 abstinuere.
1902 4380 2040 4435 Galli
2099 4380 2266 4445 igitur

692 4475 938 4544 adjuncli
992 4471 1178 4527 lbet-iac
1240 4474 1485 4541 regibus,
1538 4483 1731 4527 contra
1797 4471 2001 4527 Pwuos
2063 4475 2262 4526 bellum

2369 3359 2612 3429 ρακῶνι,
2669 3361 2855 3416 οὐκέτι
2909 3364 3075 3416 πάλιν
3128 3363 3360 3432 ἀφίκετο
3410 3361 3678 3432 ὀψόμενος
3732 3359 3946 3415 πολλῶν

2365 3454 2524 3509 ἐτῶν.
2554 3453 2733 3507 Αὐτοῦ
2763 3456 2820 3509 δὲ
2851 3457 2908 3518 ἐς
2936 3456 3145 3526 ἔρωτας
3174 3458 3244 3510 τά
3273 3456 3447 3510 πολλὰ
3478 3457 3804 3526 διατρίϐων,
3836 3456 3945 3507 διε-

2366 3544 2556 3611 γένετο
2582 3545 2940 3615 χρηματίζων
2966 3564 3026 3600 τε
3053 3547 3218 3619 ἐρωτι
3248 3548 3341 3602 καὶ
3363 3550 3475 3611 τοῖς
3500 3548 3710 3610 ὅπλοις.
3735 3539 3810 3617 ᾝ
3845 3545 3946 3615 μὲν

2367 3637 2514 3707 αὖτῷ
2544 3638 2611 3691 τὰ
2646 3639 2787 3692 κατά
2821 3640 2919 3710 τὴν
2950 3640 3182 3694 Ἰταλίαν
3217 3641 3548 3704 ἀπέϐαινεν,
3587 3641 3814 3712 ὕστερόν
3856 3657 3948 3708 μοι

2366 3730 2715 3800 δηλοῦνται⁸’
2755 3733 3000 3803 προῖόντι
3034 3734 3112 3803 τῷ
3148 3734 3292 3806 λόγῳ
3331 3738 3389 3801 ἐς
3425 3737 3735 3808 ἀφήγησινο
3774 3738 3855 3807 τῷ
3889 3735 3946 3790 δὲ

2372 3820 2581 3888 βασιλεῖ
2608 3821 2870 3893 Ἰϐηρίας,
2903 3825 3032 3894 περὶ
3059 3824 3120 3878 οὗ
3155 3843 3248 3895 μοι
3279 3825 3516 3895 ἐλέγετο,
3551 3833 3819 3899 συνῆπται
3853 3829 3948 3881 πό-

2369 3914 2424 3964 λε
2435 3931 2532 3982 μος
2563 3915 2698 3985 πρὸς
2725 3917 2817 3968 τὸν
2851 3915 3080 3986 βασιλέα
3112 3917 3332 3972 Λιϐύων
3366 3919 3454 3972 τὸν
3484 3923 3543 3974 ἐν
3573 3921 3824 3990 Γρανάτῃ
3845 3935 3862 3951 ·
3896 3919 3945 3972 οῖ

2369 4005 2433 4075 δὴ
2467 4005 2572 4059 ἀπὸ
2601 4006 2812 4079 Λιϐύης
2840 4008 2901 4061 τὸ
2928 4010 3158 4064 παλαιὸν
3185 4011 3471 4075 διαϐάντες
3491 4052 3507 4076 ,
3538 4014 3632 4064 καὶ
3663 4013 3949 4082 Μαρέλιαν

2371 4095 2526 4149 πόλιν
2555 4096 2827 4164 παράλιον
2857 4099 2953 4167 τῆς
2990 4100 3266 4170 Εὐρώπης
3299 4104 3701 4171 κατασχόντες,
3732 4101 3948 4171 διέχου-

2324 4204 2329 4208 ’
2374 4205 2474 4241 σαν
2507 4189 2616 4242 ἀπὸ
2645 4188 2852 4260 Λιϐύης
2882 4191 3015 4243 ὡσεὶ
3048 4191 3300 4256 σταδίους
3331 4195 3674 4264 πεντήκοντα
3702 4195 3796 4248 καὶ
3826 4195 3947 4247 δια-

2371 4279 2590 4342 κοσίους
2617 4297 2632 4312 ο
2669 4280 2766 4333 καὶ
2805 4282 3054 4338 ἐντεῦθεν
3086 4284 3436 4354 ὁρμώμενοι,
3473 4287 3576 4355 τήν
3609 4303 3669 4339 τε
3707 4285 3949 4357 Ἰϐηρίαν

2374 4374 2558 4438 σφίσιν
2589 4373 2961 4441 ὑπηγάγοντο,
2995 4378 3090 4427 καὶ
3125 4376 3263 4447 ἔργα
3292 4377 3523 4448 λαμπρά
3549 4378 3954 4446 ἀποδεικνύμε-

2373 4483 2485 4529 νοι,
2521 4466 2616 4516 ἐπὶ
2657 4467 2930 4537 Κελτικὴν
2962 4469 3060 4539 τὴν
3093 4469 3279 4539 χώραν
3313 4471 3492 4526 αὐτῶν
3526 4472 3619 4525 ἐπὶ
3662 4473 3807 4541 μέγα
3847 4473 3952 4527 αὖα

692 4575 1083 4636 susceperunt,
1104 4581 1316 4635 eosque
1339 4567 1392 4619 iu
1422 4566 1612 4620 urbem
1644 4565 1912 4619 munitam
1935 4581 1994 4620 se
2019 4567 2260 4634 recipere

2377 4558 2590 4622 ξοντες,
2621 4562 3001 4632 προηγάγοντο
3031 4565 3127 4617 καὶ
3155 4565 3249 4617 ἐπὶ
3280 4566 3587 4635 Ταρακῶνα
3617 4568 3712 4620 καὶ
3747 4567 3950 4620 Balar-

688 4659 1336 4729 cumpulcrunt:urbem
1397 4673 1529 4713 vero
1591 4669 1781 4726 postea
1857 4667 2262 4728 expugnarunt.

686 4754 883 4807 Adhuc
927 4753 1086 4806 hodie
1106 4751 1173 4805 ad
1220 4751 1410 4805 urbem
1457 4750 1601 4806 banc
1650 4751 1946 4816 accedunt,
1991 4752 2267 4806 hostiliter

688 4845 1064 4899 incursionem
1140 4843 1436 4911 facientes,
1489 4853 1545 4899 et
1601 4843 1905 4899 exercitum
1985 4844 2263 4901 interdum

687 4938 1052 4995 adducentes.

760 5209 823 5262 Et
848 5224 979 5263 sane
1007 5206 1286 5261 lberoruu:
1329 5223 1422 5264 rex
1448 5206 1706 5262 dominus
1726 5206 1990 5269 Joannes,
2015 5216 2071 5259 ut
2104 5213 2262 5257 antea

688 5301 1148 5368 s’guiticivimus,
1169 5310 1363 5353 contra
1389 5315 1486 5354 eos
1528 5297 1812 5368 profectus
1844 5307 1949 5358 est,
1980 5297 2265 5364 ιιι-ωιιιίεεο

686 5397 893 5449 Albaro
955 5393 1116 5455 duce,
1175 5394 1269 5463 qui
1329 5407 1512 5462 regem
1563 5391 1629 5445 ad
1661 5390 1922 5446 delendas
1955 5388 2262 5443 Pwnosin-

2295 4617 2348 4678 D

2373 4651 2516 4703 τίαν.
2547 4654 2691 4723 Πρὸς
2718 4654 2941 4719 τούτους
2971 4657 3034 4725 δὴ
3066 4657 3172 4709 ἀπὸ
3197 4658 3308 4710 τῶν
3341 4658 3562 4711 Κελτῶν
3590 4660 3872 4723 κατιόντες
3899 4662 3953 4714 οἱ

2373 4741 2482 4794 τῶν
2519 4743 2743 4814 Ἰϐήρων
2781 4744 3057 4813 βασιλεῖς,
3094 4749 3401 4813 διεδέξαντο
3433 4752 3526 4804 τὸν
3563 4752 3699 4821 πρὸς
3743 4755 3956 4814 Λίϐυας

2371 4833 2594 4898 τούτους
2645 4836 2919 4905 πόλεμον,
2975 4840 3033 4901 ἐς
3086 4840 3241 4893 πόλιν
3294 4843 3500 4912 ἐχυρὰν
3532 4845 3950 4908 συνελάσαντες.

2371 4926 2526 4980 Μετά
2565 4927 2624 4980 δέ
2663 4932 2836 4982 ταῦτα
2881 4930 3257 5000 ἐπολιόρκουν,
3301 4935 3395 4986 καὶ
3437 4936 3494 4997 ἐς
3535 4935 3698 5004 δεῦρο
3740 4938 3822 4990 ἐτι
3862 4955 3954 4990 τε-

2373 5019 2544 5084 λοῦσι,
2579 5023 2645 5091 τῇ
2702 5023 2857 5076 πόλει
2893 5043 2950 5078 τε
2988 5026 3383 5092 ἐπελαύνοντες
3415 5028 3524 5082 αίεί
3556 5046 3617 5083 τε
3653 5032 3747 5084 καὶ
3783 5049 3954 5103 στρα-

2372 5112 2462 5166 τὸν
2496 5115 2816 5180 ἐπάγοντες.

2443 5206 2555 5259 Καὶ
2585 5209 2648 5272 δὴ
2680 5211 2708 5261 ό
2742 5209 2848 5260 τῶν
2888 5210 3113 5278 Ἰϐήρων
3150 5211 3405 5279 βασιλεὺς
3439 5213 3631 5282 δόμνος
3671 5216 3949 5285 Ἰωάννης,

2370 5297 2427 5358 ὃς
2461 5299 2722 5367 πρότερόν
2758 5318 2846 5370 μοι
2883 5302 3118 5370 ἐλέγετο,
3153 5305 3485 5366 ἐπελαύνων,
3519 5307 3859 5376 προάγοντός
3884 5328 3953 5362 τε

2371 5390 2465 5442 τοῦ
2509 5392 2793 5464 Ἀῗι.6ἁρ;υ,
2847 5397 2939 5448 καὶ
2992 5397 3384 5468 ἐποτρύνοντος
3439 5400 3687 5471 βασιλέα,
3739 5403 3951 5468 ἐξελεῖν

1951 5503 2198 5562 Νυιυιω
2230 5503 2639 5579 marginales.

759 5633 870 5703 (64)
902 5633 1280 5690 Gibelterram.

760 5701 874 5775 (65)
905 5707 1301 5760 Saracc-uorum
1335 5706 1387 5760 iu
1426 5706 1693 5776 Europam
1746 5704 1979 5771 irruptio
2027 5703 2248 5769 contigit
2291 5717 2432 5756 anno
2457 5701 2576 5754 7l2.

765 5863 810 5896 ⁸⁸
836 5869 1322 5939 ἑναντιωσέῳενος.
1359 5867 1418 5922 Ii.
1454 5879 1506 5920 ut
1537 5871 1585 5922 in
1615 5885 1660 5921 τ.

1775 5869 1813 5898 ετ
1853 5866 2043 5923 κακοῦ.
2079 5865 2137 5920 Ii.
2170 5884 2260 5919 και

2437 5868 2481 5898 θθ
2504 5867 2569 5921 1η
2603 5884 2702 5921 uno
2737 5868 2984 5939 πρόσθεν,
3073 5868 3112 5899 ”
3147 5867 3430 5938 εηλυυνια.
3478 5867 3564 5922 δι(
3589 5877 3755 5922 etiam
3795 5863 3858 5920 R.
