4190 6434
207 389 307 454 281

1250 409 1345 466 DE
1383 408 1630 471 ΗΕΒυὸ
1653 413 2007 474 TUBCICIS
2053 418 2203 476 LIB.
2237 418 2341 476 VI.

3345 420 3466 483 282

283 509 297 541 ε
344 530 493 547 φουοοο
554 517 742 547 ε¹.“.λ...
788 522 895 547 -.’...
952 524 1010 547 -2

204 517 296 561 καί
344 530 493 572 τινας
552 517 742 580 ἄλλους
788 522 895 574 τῶν
950 524 1049 592 τῆς
1114 523 1341 591 Ἀσίας,
1386 531 1682 595 ἐλπίζουσα
1738 534 1784 567 ’⁸

1888 548 2134 606 Speraret
2187 538 2473 594 Pannones
2531 538 2679 593 brevi
2740 551 2932 606 magna
2985 552 3146 591 manu
3210 540 3454 595 subsidio

204 602 439 666 Παίονας
495 608 570 670 ὡς
641 611 698 661 ἐν
748 612 942 683 βραχεῖ
996 621 1407 689 παρεσομένους
1470 623 1556 676 ἐπ’
1614 626 1775 679 αὑτὸν

205 696 421 799 στρατῷ
452 702 631 771 πολλῷ
662 705 913 769 ἐπιόντας
944 710 1012 773 ⁸⁸,
1045 712 1137 763 καὶ
1170 714 1295 776 τούς
1325 733 1383 766 τε
1416 716 1639 781 λοιποὺς
1668 720 1775 771 τῶν

363 790 545 895 Ἀτίας
600 798 879 866 τυράννων
944 805 1249 873 παρεκάλει
1309 809 1400 859 ἐπὶ
1451 810 1773 866 ἀπόστασιν.

216 881 339 934 Ἐπὶ
369 885 563 940 τοῦτον
586 890 649 959 δὴ
686 892 990 960 ἀναζεύξας
1021 898 1368 970 ’Ᾱμουράτης
1409 904 1436 955 6
1467 906 1777 974 Μεχμέτεω

204 974 579 1043 ἐστρατεύετο,
617 986 708 1037 καὶ
752 989 1045 1060 Τυραχάνη
1093 992 1185 1046 τὸν
1243 994 1542 1060 Θετταλίας
1598 998 1779 1069 ὓπαρ-

203 1086 297 1134 χον
353 1073 679 1130 ἐπέστελλεν
733 1082 982 1137 ἐλαύνειν
1040 1087 1134 1140 ἐπὶ
1207 1089 1298 1141 τὸν
1365 1092 1776 1160 Πελοποννήσου

207 1160 543 1232 ίσθμδν,καὶ
605 1173 856 1227 καθελεῖν
908 1195 966 1229 τε
1023 1178 1113 1231 τὸν
1165 1182 1378 1249 ἰσθμὸν,
1422 1186 1516 1235 καὶ
1552 1186 1776 1254 ἐπιδρα-

206 1256 373 1321 μόντα
438 1260 537 1329 τὴν
598 1262 1009 1336 Πελοποννήσου
1070 1270 1277 1339 χώραν,
1330 1275 1427 1344 ὅση
1490 1275 1595 1327 ὑπὸ
1667 1280 1778 1339 τοῖς

213 1346 486 1417 Ἐλλήνων
534 1355 769 1424 ἡγεμόσι
806 1363 1063 1430 τυγχάνει
1115 1362 1275 1428 οῦσα,
1330 1366 1681 1422 ἀπελαύνειν.
1720 1368 1779 1421 Ὀ

206 1439 305 1506 μὲν
352 1439 446 1497 οῦν
491 1447 673 1501 λαϐὼν
724 1452 1039 1524 στράτευμα
1095 1458 1157 1511 τδ
1204 1460 1303 1530 τῆς
1336 1460 1653 1525 Θετταλίας.
1686 1463 1780 1516 καὶ

203 1534 504 1604 Περαιϐἱας
530 1541 629 1609 τῆς
660 1543 883 1615 λίμνης,
908 1548 1141 1617 ἀφίκετο
1169 1554 1262 1606 ἐπὶ
1294 1553 1383 1605 τὸν
1416 1554 1651 1624 Ἰσθμὸν,
1686 1557 1780 1609 καὶ

204 1630 528 1685 καταλαϐὼν
585 1637 747 1689 αὑτὸν
799 1639 1027 1710 ἔρημον,
1068 1645 1289 1697 καθεῖλέ
1347 1664 1407 1699 τε
1465 1648 1628 1701 αὑτὸν
1681 1650 1777 1702 καὶ

204 1722 447 1778 ἐσϐαλὼν
498 1728 553 1789 ἐς
611 1729 711 1798 τὴν
762 1734 1192 1803 Πελοπόννησον,
1240 1738 1391 1808 ἐδῄου
1428 1742 1442 1771 ί
1491 1758 1551 1792 τε
1610 1742 1781 1812 αὐτὴν

202 1815 301 1884 τὴν
350 1819 558 1886 χώραν.
605 1822 715 1875 Καὶ
753 1825 846 1876 ἐπὶ
892 1826 1152 1897 Σπάρτην
1198 1832 1553 1900 ἀφικόμενος,
1582 1834 1683 1903 τήν
1719 1853 1777 1887 τε

1879 643 2161 695 venturos,
2200 648 2295 702 spe
2320 632 2531 686 externi
2576 631 2763 685 auxilii
2811 630 3050 692 illectus,
3075 632 3219 685 Asiae
3246 632 3453 699 princi-

1880 739 1976 790 pes
2008 724 2073 777 ad
2124 723 2486 777 defectionem
2535 722 2888 776 sollicitabat.
2952 725 3245 776 Amurates
3284 721 3453 791 igitur

1879 814 2191 870 Mechmctis
2229 816 2393 879 filius,
2431 816 2520 869 ubi
2560 814 2608 867 id
2650 817 2830 883 parari
2862 814 3274 873 animadvertit,
3330 831 3453 869 mu-

1879 915 1992 961 tato
2013 907 2247 960 consilio
2271 916 2503 975 emptam
2524 903 2923 974 expeditionem
2944 904 3153 963 omisit,
3170 915 3219 957 et
3245 905 3446 957 bellum

1880 1016 2043 1054 omne
2081 1001 2133 1053 in
2172 1000 2538 1053 (laramanum
2588 999 2811 1051 avertit.
2866 996 3250 1049 Turachanem
3290 994 3451 1063 150

1881 1092 2178 1148 Thessaliae
2205 1092 2523 1159 przefeclum
2556 1092 2719 1157 jnssrt
2744 1090 3049 1142 exercitum
3070 1098 3258 1142 contra
3299 1086 3453 1140 Pelo-

1882 1184 2107 1253 ponnesi
2131 1183 2391 1236 Isthmum
2414 1184 2611 1236 ducere
2632 1196 2865 1249 eumque
2887 1180 2937 1232 in
2966 1186 3283 1245 potestatem
3308 1178 3453 1230 redi-

1883 1290 2006 1343 gere
2032 1293 2045 1327 :
2079 1276 2275 1331 deinde
2306 1275 2579 1343 regionem
2606 1271 2989 1341 Peloponnesi,
3028 1286 3147 1339 quze
3175 1269 3449 1322 sume-

1883 1371 1964 1424 cis
1991 1378 2098 1435 est,
2120 1369 2528 1423 incursionibus
2562 1364 3007 1430 vexare.Quibus
3036 1364 3295 1431 pereatis,
3323 1377 3448 1415 eum

1884 1462 2009 1516 inde
2073 1462 2224 1515 abire
2254 1461 2517 1527 iusserat.
2572 1458 2927 1512 Turachanes
2982 1470 3196 1524 quoque
3228 1464 3452 1522 accepto

1884 1554 2177 1608 Thessalia:
2196 1562 2248 1607 et
2265 1551 2680 1619 Pereshiae(68),
2700 1565 2819 1619 qua:
2844 1558 3035 1618 stagno
3054 1547 3285 1615 adiacet,
3301 1560 3458 1597 excr-

1885 1650 2021 1711 citu,
2057 1648 2122 1701 ad
2192 1648 2456 1701 Isthmum
2518 1645 2778 1713 perrexit,
2833 1658 2995 1709 quem
3066 1641 3349 1694 desertum
3385 1635 3452 1687 ab

1885 1738 2138 1793 hostibus
2163 1736 2466 1799 inveniens,
2522 1734 2935 1800 occupavitzet
2990 1728 3120 1782 hinc
3176 1725 3454 1780 incursio-

1888 1845 2009 1885 nem
2047 1830 2252 1883 faciens
2285 1829 2337 1881 in
2365 1825 2724 1895 Peloponnesi
2760 1823 3067 1893 regionem,
3126 1819 3444 1874 vastitatem

205 1910 531 1981 Λακωνικὴν
583 1915 860 1985 ἐπέδραμε
915 1896 1027 1972 καί
1071 1896 1382 1991 ἀπήλαυνεξ
1419 1896 1687 1991 Βασιλεύς
1733 1927 1778 1980 δ’

1888 1923 2172 1977 maximam
2198 1920 2453 1975 reddidit.
2494 1918 2669 1971 Etiam
2696 1915 2949 1985 Spartam
2985 1912 3139 1974 adiit,
3176 1907 3454 1962 Laconia!-

205 2002 282 2062 είς
308 2003 411 2071 τὴν
453 2005 640 2058 Ἀσίαν
685 2009 895 2074 διαϐὰς,
939 2012 1036 2064 ἐπὶ
1086 2015 1425 2084 Καραμᾶνον
1470 2018 1671 2088 ἤλαυνε
1719 2021 1778 2073 to

205 2094 477 2163 δεύτερον,
514 2101 608 2153 καὶ
641 2102 741 2172 τήν
791 2121 849 2156 τε
903 2106 1088 2175 χώραν
1122 2108 1278 2181 ἐδῄου
1335 2115 1428 2164 καὶ
1459 2112 1775 2182 ἐπεκράτει.

218 2188 304 2239 Ἐν
453 2191 509 2243 δέ
564 2193 736 2247 ταῦτα
794 2196 1035 2264 ἐγένετο,
1072 2201 1347 2272 Γεώργιος
1395 2207 1421 2257 ό
1460 2206 1779 2274 Τριϐαλλῶν

204 2280 448 2350 ἡγεμὼν,
485 2285 538 2346 ἐς
571 2286 759 2353 λόγ·.υς
794 2288 868 2359 τῷ
899 2307 957 2343 τε
998 2293 1199 2363 Ἰάγγῳ
1229 2298 1270 2360 ¹,
1311 2298 1403 2349 κα)⁸
1425 2297 1501 2367 τῷ
1539 2299 1780 2352 Παιόνων

208 2372 419 2441 βασιλεῖ
447 2378 805 2447 ἀφικόμενος,
840 2385 934 2436 καὶ
965 2386 1074 2437 τῶν
1102 2387 1345 2456 ἀρῖστων
1385 2391 1486 2460 τῆς
1524 2393 1784 2457 Παιονίας

212 2470 416 2537 μετιὼν
483 2471 739 2541 ἕκαστον,
799 2476 994 2545 ἐνῆγεν
1058 2480 1151 2532 ἐπὶ
1239 2482 1551 2552 ’Ᾱμουράτη
1619 2500 1782 2551 ατρα-

204 2562 481 2627 τεύεσθαι,
513 2566 604 2620 καὶ
632 2570 894 2638 χρήματα
939 2572 997 2633 ἐς
1027 2572 1125 2641 τὴν
1168 2575 1526 2645 ἐκστρατείαν
1579 2576 1784 2646 ταύτην

207 2658 475 2727 ὑπέσχετο
518 2662 680 2714 ίκανὰ
733 2662 919 2717 δοῦναι
959 2667 1074 2728 τοῖς
1105 2666 1355 2733 Παίοσιν,
1382 2668 1416 2721 ἃ
1444 2667 1506 2739 δὴ
1542 2670 1636 2723 καὶ
1667 2672 1783 2722 εἰσ-

205 2750 469 2817 ενέγκατο
520 2753 709 2807 αὑτοῦ.
766 2754 956 2810 Ταῦτα
1002 2756 1058 2809 δέ
1099 2758 1249 2827 αὐτῷ
1286 2761 1786 2829 συγκατειργάζετο

207 2846 301 2897 καὶ
346 2846 553 2914 Ἰἀγγος
610 2848 651 2909 ³,
692 2851 803 2911 τοῖς
854 2850 956 2917 μὲν
1008 2851 1237 2920 Ἕλλησι
1287 2852 1460 2921 φίλιος
1508 2850 1596 2923 ἦν,
1636 2854 1787 2925 αὐτῷ

208 2938 363 3005 φίλος
402 2956 459 2991 τε
524 2940 599 2991 ὼν
632 2943 923 3011 ἐτύγχανε.
980 2944 1231 3014 Ἰωάννης
1273 2946 1317 2998 δ’
1354 2946 1420 2999 αὖ
1449 2947 1468 2975 ⁸
1498 2950 1526 3001 6
1555 2947 1647 2998 τοῦ
1686 2949 1789 2999 Βυ-

206 3030 427 3096 ζαντίου
482 3033 737 3101 βασιλεὺς
799 3037 1059 3107 ἐπολέμει
1109 3040 1246 3109 πρὸς
1310 3043 1438 3104 τοὺς
1498 3042 1787 3105 Ἰανυῖους,

205 3126 504 3194 διενεχθεὶς
534 3129 640 3180 ἀπο
671 3130 847 3192 αἰτίας
883 3132 1124 3197 τοιᾶσδε,
1163 3134 1264 3201 τῆς
1301 3136 1410 3188 ἀπὸ
1440 3135 1790 3204 κουμερκιῶν

1883 2032 1990 2084 quc
2064 2016 2345 2082 regionem
2392 2011 2685 2081 populatus
2758 2014 2863 2063 est.
2924 2005 3134 2071 Quibus
3172 2002 3453 2063 omnibus,

1883 2104 2340 2179 quemadmodum
2391 2110 2724 2172 praccperat
2769 2113 2885 2163 rex,
2949 2094 3242 2164 expeditis,
3299 2091 3457 2145 abiit.

1883 2200 1993 2254 Rex
2024 2200 2313 2252 Amurates
2342 2197 2396 2251 in
2422 2195 2605 2250 Asiam
2645 2200 3034 2252 transvectus,
3067 2195 3257 2241 contra
3286 2185 3458 2240 Cara-

1885 2308 2108 2349 manum
2141 2291 2446 2345 exercitum
2468 2285 2751 2349 ductabat,
2772 2293 2827 2338 et
2860 2282 3105 2336 secundo
3130 2280 3250 2349 ejus
3281 2276 3459 2346 regio-

1886 2404 2007 2443 nem
2037 2392 2339 2443 evastatam
2373 2383 2677 2450 subigebat.
2709 2381 2779 2434 Ea
2816 2381 3164 2444 tempestate,
3213 2384 3319 2441 qua
3344 2371 3457 2423 haec

1884 2481 2213 2552 agebantur,
2242 2476 2515 2546 Georgius
2540 2472 2921 2544 Tryhallorum
2955 2467 3214 2537 princeps
3249 2466 3303 2517 in
3346 2462 3461 2517 col-

1887 2573 2135 2642 loquium
2165 2574 2313 2624 venit
2345 2584 2468 2624 cum
2512 2566 2679 2635 lango
2711 2562 2823 2633 (69)
2861 2568 2915 2615 et
2952 2574 3076 2614 cum
3137 2559 3461 2613 Pannonum

1888 2681 2013 2736 rege
2045 2678 2060 2717 :
2092 2663 2542 2734 prehensansque
2571 2655 2823 2726 singulos
2847 2651 3146 2707 Pannonia:
3179 2664 3460 2719 proceres,

1888 2756 2161 2829 persuasit
2182 2762 2444 2809 utcontra
2469 2752 2786 2803 Amuratem
2817 2758 2972 2799 arma
2996 2750 3276 2811 caperent.
3311 2739 3462 2808 Opes

1889 2860 2071 2905 autem
2106 2847 2369 2917 plurimas
2407 2844 2859 2908 immensamque
2899 2833 3145 2906 pecunia:
3177 2832 3281 2886 vim
3316 2830 3463 2886 Pan—

1891 2943 2126 2997 nonibus
2160 2939 2227 2992 ad
2290 2952 2409 2992 eam
2456 2933 2861 3003 expeditionem
2914 2926 3298 2998 pollicebatur.
3352 2924 3464 2978 Nec

1891 3035 2065 3091 solum
2100 3032 2377 3101 promisit,
2418 3042 2609 3081 verum
2645 3022 2934 3093 pecuniam
3000 3017 3383 3079 Pannonihus,
3410 3024 3471 3070 ut

1891 3143 1985 3182 cos
2016 3124 2363 3194 experiretur
2392 3120 2719 3179 auxiliares,
2757 3114 3009 3182 tradidit.
3043 3111 3188 3166 Usus
3215 3117 3301 3164 est
3351 3109 3470 3177 plu-

204 3217 302 3271 τοῦ
363 3218 607 3274 Γαλάτου
660 3222 843 3277 ἕνεκα.
912 3223 1181 3278 Ἐνταῦθα
1236 3227 1285 3279 οἱ
1358 3226 1581 3281 ’ίανύῖοι
1658 3229 1785 3292 ναῦς

1894 3220 2090 3270 rimum
2142 3229 2306 3284 opera
2340 3214 2405 3267 ad
2444 3227 2560 3266 eam
2607 3225 2720 3264 rem
2773 3208 2947 3273 langi,
3001 3205 3095 3275 qui
3153 3202 3358 3257 Graecis
3391 3201 3469 3253 fa-

207 3309 603 3378 ττληρὼσαντες
656 3314 919 3382 μεγίστας
976 3315 1041 3386 δὴ
1100 3317 1211 3368 τῶν
1262 3317 1395 3388 παρ’
1449 3320 1657 3384 αὐτοῖς,
1691 3320 1784 3373 καὶ

206 3404 456 3473 τριήρεις
506 3408 886 3473 τρισκαίδεκα,
948 3410 1043 3463 καὶ
1109 3410 1508 3481 ἐμϐιϐάσαντες
1570 3412 1627 3474 ἐς
1687 3412 1785 3474 τὰς

205 3496 340 3554 ναῦς
409 3494 634 3559 ὁπλίτας
706 3498 885 3551 αὐτῶν
962 3500 1107 3569 ἀμφί¹
1163 3502 1289 3563 τοὺς
1321 3500 1782 3571 ὀκτακισχιλίους,

207 3584 479 3639 ἐπέπλεον
535 3588 626 3638 ἐπὶ
692 3587 1007 3655 Βυζάντιον,
1052 3591 1256 3655 ἐξελεῖν
1308 3592 1644 3661 βουλόμενοι.
1678 3592 1787 3645 Καὶ

206 3680 300 3732 ἐπὶ
329 3680 456 3741 τοὺς
490 3680 705 3744 Σκύθας
737 3684 863 3746 τοὺς
904 3686 1035 3753 περὶ
1063 3685 1340 3752 Βόσπορον
1372 3683 1780 3755 ἐστρατεύοντο.

207 3772 323 3842 Τὴν
352 3775 458 3843 γὰρ
491 3774 646 3827 πόλιν
693 3775 875 3828 αὐτῶν
922 3777 1119 3845 Καφὶν
1170 3780 1538 3848 καλουμένην,
1568 3779 1660 3832 ἐπὶ
1709 3779 1786 3848 τῷ
1818 3781 1825 3783 “

207 3867 475 3937 Βοσπόρῳ
524 3869 571 3919 οί
625 3868 824 3920 Σκύθαι
873 3869 1013 3939 πρὸς
1045 3871 1169 3933 τοὺς
1219 3873 1275 3923 ἐν
1322 3876 1386 3942 τῇ
1426 3874 1573 3926 πόλει
1614 3874 1786 3943 ταύτῃ

206 3958 616 4026 διαφερόμενοι,
670 3953 808 4029 ἦγόν
858 3976 918 4011 τε
973 3962 1068 4014 καὶ
1121 3961 1337 4031 ἐφερον.
1378 3964 1454 4015 Δι’
1507 3964 1541 4017 a
1580 3962 1643 4033 δὴ
1692 3967 1785 4016 καὶ

207 4052 357 4119 πρὸς
400 4053 493 4103 τὸν
539 4051 767 4120 βασιλέα
813 4054 919 4105 τῶν
951 4054 1080 4124 τῇδε
1120 4056 1287 4109 αὐτοῦ
1343 4056 1566 4109 Σκυθῶν
1606 4058 1785 4121 Ἀτζι-

209 4144 423 4212 καρέην
456 4144 478 4175 ⁸
514 4144 776 4213 πρέσϐεις
823 4145 1164 4215 πέμψαντες,
1198 4147 1272 4210 ὼς
1319 4148 1643 4217 ξυμϐαίνειν
1692 4149 1785 4201 ἐπὶ

206 4239 324 4299 τοῖς
363 4237 667 4307 διαφόροις.
713 4238 799 4301 Ὠς
849 4240 1003 4292 οὐδὲν
1054 4240 1207 4307 σφίσι
1240 4240 1348 4293 τῶν
1385 4242 1612 4293 δεόντων
1644 4240 1784 4293 ἀπέ-

209 4328 423 4391 ϐαινεν,
473 4330 778 4397 ἀνήνεγκαν
808 4330 906 4399 τὴν
952 4330 1107 4383 πόλιν
1151 4332 1244 4384 ἐπὶ
1288 4333 1387 4402 τὴν
1428 4333 1681 4396 Ἰταλίαν,
1712 4332 1786 4395 ὡς

208 4420 258 4471 οί
316 4420 535 4473 Ἰανύῖοι
596 4420 773 4473 δεινοῦ
830 4421 850 4452 ⁸
905 4440 956 4474 τι
1010 4423 1342 4492 ποιούμενοι,
1400 4426 1526 4487 τοὺς
1575 4425 1785 4488 Σκύθας

207 4512 570 4580 λυμαίνεσθαι
610 4515 679 4582 τῇ
710 4514 863 4565 πόλει
913 4515 1093 4568 αὐτῶν
1126 4517 1449 4584 ἀνήκεστον.
1486 4516 1783 4586 Ἐτύγχανε

1892 3308 2178 3363 ιιιὶιίιιτὶιει·
2201 3308 2432 3374 junctus
2464 3312 2606 3357 erat.
2628 3300 2828 3354 Joanni
2851 3297 3097 3370 Byzantii
3131 3296 3241 3363 regi
3266 3293 3467 3346 bellmn

1892 3416 2017 3456 cum
2048 3398 2423 3455 Januensibus
2467 3403 2587 3450 erat
2629 3402 2853 3462 propter
2923 3388 3259 3445 commercia
3325 3382 3466 3437 Galli

1891 3490 2199 3560 cujusdam.
2235 3488 2545 3542 Janncnses
2583 3487 2886 3554 implebant
2914 3496 3085 3535 naves
3115 3496 3256 3550 quas
3296 3477 3470 3530 habe-

1890 3585 2024 3639 bant
2052 3582 2346 3645 maximas,
2390 3594 2599 3633 necnon
2633 3579 2886 3630 triremes
2920 3572 3186 3627 tredecim
3222 3572 3472 3639 :quibus

1891 3679 2271 3748 imposuerunt
2322 3687 2552 3727 suorum
2609 3678 2733 3723 octo
2767 3666 2933 3721 millia
2989 3674 3350 3725 armatorum,
3411 3672 3469 3716 et

1898 3767 2265 3839 properabant
2305 3772 2498 3818 contra
2549 3762 2899 3830 Byzantium,
2976 3758 3225 3811 volentes
3273 3755 3474 3809 urbem-

1889 3878 2011 3917 eam
2062 3875 2280 3927 capere.
2332 3856 2532 3912 Eodem
2586 3865 2834 3923 tempore
2894 3854 3061 3907 etiam
3098 3850 3321 3921 Scythis
3352 3849 3477 3919 (qui

1889 3965 1942 4009 et
1974 3951 2180 4021 Tatari)
2227 3950 2425 4005 bellum
2482 3946 2791 4001 inferebant
2860 3942 3188 3997 Januenses.
3250 3942 3470 4009 Scyllam

1889 4058 2126 4113 namque
2180 4042 2274 4111 qui
2329 4042 2478 4094 circa
2522 4040 2826 4107 Bosporum
2875 4036 3103 4093 colunt,
3156 4032 3466 4086 inimicitiis

1892 4139 2045 4201 moti,
2064 4148 2226 4204 quam
2251 4148 2370 4187 cum
2395 4130 2773 4201 Caphensibus
2793 4127 3075 4194 gerebant,
3096 4124 3333 4194 Capham
3353 4122 3469 4191 (70)

1890 4236 2079 4288 urbem
2111 4236 2343 4299 egerunt
2377 4234 2431 4280 et
2458 4225 2724 4279 tulerunt.
2782 4223 3015 4290 Propter
3037 4236 3162 4289 qua:
3204 4218 3469 4271 miserant

1889 4325 2094 4391 legatos
2122 4323 2185 4375 ad
2222 4335 2398 4389 regem
2461 4316 2791 4387 Scytharum
2852 4312 3188 4371 Atzikarem,
3239 4310 3467 4378 petitum

1891 4433 2078 4487 pacem
2111 4435 2124 4470 :
2160 4417 2259 4468 hac
2282 4424 2461 4466 tamen
2503 4409 2837 4471 conditione,
2872 4415 2927 4458 ut
2952 4420 3048 4459 sua
3118 4402 3453 4469 reciperent.

1888 4505 2024 4559 Cum
2058 4505 2194 4557 nihil
2231 4518 2418 4557 eorum
2458 4517 2577 4570 qua:
2612 4499 2901 4569 petiissent
2930 4495 3224 4563 impetrare
3255 4491 3469 4559 potuis-

207 4606 265 4657 δέ
331 4607 475 4658 κατὰ
524 4605 691 4657 ταυτὸ
736 4608 830 4659 καὶ
870 4608 901 4675 ἠ
947 4609 1081 4676 πρὸς
1132 4583 1255 4671 τοῦς
1301 4609 1567 4678 ’Έλληνας
1612 4583 1785 4661 αῦ-τῶν

1896 4606 2021 4654 sent
2047 4595 2381 4665 Caphenses,
2417 4593 2607 4645 urbem
2648 4595 2713 4642 ad
2750 4588 2963 4641 Italiam
3012 4585 3303 4646 reduxere,
3338 4598 3460 4635 cum

206 4695 466 4763 διαφορά.
552 4696 1040 4765 Παρεσκευάζοντο
1125 4700 1219 4751 καὶ
1293 4699 1379 4751 ἐπ’
1446 4699 1790 4767 ἀμφοτέρους

214 4787 612 4856 στρατεύεσθαι
670 4788 745 4851 ὼς
799 4788 1129 4855 ἐξελοῦντες.
1190 4790 1538 4859 Ἀφικόμενοι
1614 4790 1670 4842 δέ
1734 4791 1789 4851 ἐς

212 4880 538 4943 Βυζάντιον,
600 4881 694 4933 καὶ
761 4883 998 4951 πόλεμον
1056 4887 1119 4953 τῇ
1176 4884 1584 4935 Κωνσταντίνου
1638 4882 1792 4934 πόλει

212 4973 706 5042 προαγορεύοντες,
736 4976 1166 5037 ἐπιπλεύσαντες
1216 4976 1280 5047 δὴ
1320 4978 1377 5038 ἐς
1408 4977 1499 5029 τὸν
1536 4975 1790 5040 Εὔξεινον

214 5064 435 5125 πόντον,
471 5065 723 5133 παρῆσαν
780 5068 836 5127 ἐς
892 5068 983 5119 τὸν
1028 5068 1245 5134 Καφᾶν.
1293 5066 1561 5120 Ἐνταῦθα
1597 5066 1659 5135 δὴ
1696 5068 1792 5131 τῆς

207 5156 563 5223 Χερρονήσου
602 5157 925 5223 ἀποϐάντες,
963 5159 1105 5211 ίεντο
1154 5160 1315 5220 εὐθὺς
1350 5159 1518 5224 ὁμόσε
1548 5158 1639 5209 ἐπὶ
1670 5157 1793 5220 τοὺς

207 5244 451 5305 Σκύθας.
495 5246 760 5311 Ἐξιόντες
815 5248 870 5301 δὲ
927 5250 1033 5302 ἀπ’)
1094 5250 1194 5319 τῆς
1248 5250 1477 5313 πόλεως,
1526 5249 1785 5319 ἐπῄεσαν.

224 5335 499 5389 Ἐνταῦθα
529 5339 577 5389 οί
613 5338 834 5403 Σκύθαι,
873 5339 948 5403 ὡς
988 5340 1175 5410 ἐώρων
1207 5342 1330 5403 τοὺς
1364 5340 1618 5403 Ἰανυτους
1644 5339 1788 5392 οὕτω

1894 4690 2200 4744 Jannenses
2231 4685 2438 4754 iniquis
2468 4682 2672 4737 animis
2698 4685 3018 4749 paterentur
3060 4675 3254 4728 urbem
3311 4686 3466 4726 suam

1898 4782 1964 4834 ab
1999 4779 2216 4848 Scythis
2252 4778 2386 4830 adeo
2414 4775 2655 4845 graviter
2684 4769 2955 4825 divexari.
2988 4766 3193 4820 Eodem
3225 4776 3475 4831 tempore

1897 4876 1963 4929 iis
1994 4874 2272 4927 discordia
2294 4869 2638 4923 cumGraacis
2674 4867 2795 4918 fuit.
2822 4862 3095 4916 Parabant
3119 4861 3305 4925 itaque
3333 4872 3475 4909 con-

1900 4977 1982 5020 tra
2016 4976 2283 5031 utrosque
2315 4961 2479 5017 simul
2514 4975 2627 5013 rem
2659 4970 2870 5028 gerere,
2904 4966 2959 5007 et
2987 4962 3250 5017 utrosque
3301 4948 3469 5001 armis

1894 5060 2140 5112 domare.
2178 5053 2527 5124 Appulerunt
2554 5051 2737 5117 itaque
2764 5041 3113 5115 Byzantium,
3152 5038 3461 5091 indicentes

1895 5149 2172 5222 Byzantiis
2212 5147 2418 5201 bellum
2458 5162 2470 5197 :
2510 5153 2564 5197 et
2595 5142 2719 5195 inde
2751 5141 2990 5207 legentes
3025 5133 3298 5187 Euxinum
3341 5142 3475 5193 pon—

1891 5220 2007 5299 tum
2054 5257 2251 5297 venere
2306 5239 2572 5308 Capham.
2622 5234 2699 5287 lbi
2756 5232 2924 5299 igitur
2982 5226 3189 5296 egressi
3240 5220 3476 5275 navibus

1889 5336 1943 5391 in
1988 5336 2417 5397 Chersonesum,
2451 5339 2597 5384 recta
2626 5324 2921 5397 pergebant
2976 5328 3166 5375 contra
3212 5313 3476 5383 Scythas,

1504 5456 1754 5517 Nolulte
1780 5452 2183 5529 marginales.

290 5583 408 5645 (69)
455 5585 759 5640 Ρεττωὺῐερ.

285 5656 405 5723 (69)
433 5653 641 5709 Joanne
681 5656 945 5721 Huniade,
973 5658 1142 5726 quiet
1190 5657 1484 5720 Corvinus,
1536 5666 1583 5709 cl
1650 5655 1792 5708 Cho-

289 5796 338 5829 "
368 5796 627 5858 ἐλπίζων.
653 5796 714 5849 1η
749 5817 869 5852 uno.
900 5800 1206 5860 ἐλπίζοντα.
1247 5801 1327 5853 ΑΙ.
1364 5813 1414 5852 ιιι
1452 5818 1496 5852 c.
1564 5800 1605 5829 ”
1645 5798 1703 5850 In
1734 5810 1859 5857 uno,
1894 5792 2139 5845 ἐπιόντα.

1160 5874 1178 5903 ³
1226 5872 1570 5933 ’Λκικαοέην.
1620 5868 1699 5920 .ll.
1735 5876 1788 5919 ut
1820 5881 1865 5917 c.

213 5871 235 5898 ³
268 5866 505 5935 Ἰαγχος.
536 5870 606 5919 al.
646 5882 699 5922 ιιι
724 5888 768 5922 ι’.
844 5872 858 5899 ³
887 5871 968 5922 ΑΙ.
999 5871 1082 5933 ἦν.

1905 5582 2099 5635 niates,
2132 5588 2178 5627 et
2213 5576 2515 5629 Candidus.
2902 5602 2905 5607 -

1973 5650 2081 5717 (70)
2110 5645 2416 5703 Cembalunt
2446 5645 2604 5697 habet
2634 5637 2995 5695 Justinianus.

2222 5787 2233 5816 '
2273 5784 2334 5840 In
2358 5801 2480 5845 uno,
2516 5781 2589 5831 ἐδ.
2633 5775 2727 5843 τὴν
2752 5793 2799 5842 χ.
2902 5772 2938 5845 _’
2977 5766 3191 5845 Ίᾲγχω.
3219 5762 3292 5814 al.
3325 5769 3382 5815 ut
3416 5775 3467 5812 c.

1983 5868 2001 5896 ⁸
2036 5860 2205 5912 δεινόν
2238 5838 2311 5910 τὶ.
2349 5856 2434 5908 Sic
2460 5838 2619 5907 etiam
2646 5838 2699 5900 oi
2726 5838 2848 5898 uno.
2894 5842 2952 5896 In
2992 5838 3063 5890 al.
3097 5847 3150 5887 ut
3185 5850 3226 5886 ε.
