4190 6434
220 371 324 432 285

1311 372 1408 432 DE
1462 375 1713 435 [lEBUS
1753 378 2117 441 TURCICIS
2149 383 2301 447 LIB.
2347 387 2438 447 VI.

3364 398 3471 464 285

222 487 279 551 ἐξ
325 480 403 540 ὧν
439 486 841 557 έχαλάσθησαν,
870 491 962 542 καὶ
1011 490 1109 559 τὴν
1169 493 1414 561 σημαίαν
1472 496 1651 565 αἴρειν
1698 495 1788 548 τοῦ

1898 519 2017 572 qua!
2051 505 2105 559 in
2149 506 2327 560 medio
2378 508 2567 575 positae
2611 517 2789 573 erant,
2827 508 3163 577 destructas,
3200 522 3259 567 nt
3307 518 3469 583 petiti

219 578 489 645 βασιλέως
557 580 849 650 Ἑλλήνιον.
894 582 1084 636 Ταῦτα
1125 586 1224 653 μὲν
1264 587 1323 648 ἐς
1377 586 1633 642 τοσοῦτον
1680 591 1793 652 τοῖς

219 668 447 741 Ἕλλησι
488 675 925 742 προσενήνεκται
964 676 1006 707 ¹⁷
1032 677 1091 739 ές
1118 678 1248 740 τοὺς
1282 678 1568 743 Ἰανυῖους.

286 856 545 929 Ἰωάννης
584 859 770 929 μέντοι
813 862 841 915 ό
902 861 1011 915 τῶν
1062 863 1335 934 Ἑλλήνιον
1385 866 1661 932 βασιλεὺς.
1709 872 1794 922 ὲν-

215 949 393 1003 ταῡθα
451 951 990 1023 διαπρεσϐευόμενος
1055 956 1191 1026 πρὸς
1237 958 1326 1009 τὸν
1372 958 1664 1026 Ῥωμαίων
1693 961 1795 1031 ἀρ·

221 1042 419 1114 χιερὲα
476 1044 766 1112 Εὐγένειον
820 1045 1060 1119 τοῦνομα
1115 1049 1332 1118 ἔχοντα,
1368 1050 1512 1104 ὥστε
1542 1054 1597 1115 ὲς
1627 1053 1794 1107 ταυτδ

214 1130 486 1194 συνιέναι,
540 1132 635 1186 καὶ
686 1132 785 1203 τὴν
854 1136 945 1188 ἐπὶ
1006 1137 1108 1205 τῆς
1177 1139 1476 1210 θρησκείας
1528 1143 1795 1213 διαφοράν

212 1218 538 1286 συνεξελεῖν,
590 1226 853 1294 έπειρᾶτο
893 1228 992 1296 τῆς
1050 1229 1162 1283 τῶν
1219 1233 1492 1301 ἑσπερίων
1544 1236 1792 1306 γνώμης,

211 1315 258 1366 εί
310 1315 443 1385 περὶ
494 1315 690 1371 πολλοῦ
738 1320 1001 1390 Ῥωμαῖοι
1044 1325 1302 1388 ποιοῖντο,
1352 1326 1629 1397 ξυμϐῆναι
1681 1332 1796 1394 τοϊς

210 1406 494 1473 Ἕλλησιν.
565 1409 656 1474 Ὠς
710 1410 768 1465 δὲ
820 1414 917 1465 καὶ
968 1416 1061 1467 ἐπὶ
1109 1417 1237 1479 τοὺς
1304 1418 1625 1488 Γερμανοὺς
1669 1422 1797 1490 ἀφί-

210 1518 341 1555 κετο
392 1502 543 1572 αὐτῷ
569 1506 602 1572 ἠ
638 1505 927 1575 πρεσϐεία,
962 1508 1259 1578 ἐτύγχανον
1310 1511 1369 1564 δι
1413 1514 1533 1567 τότε
1581 1515 1631 1569 οί
1661 1516 1796 1587 Γερ-

214 1598 375 1664 μανοὶ
423 1600 553 1668 περὶ
612 1598 885 1669 Βασιλήαν
955 1605 1131 1666 πόλιν,
1182 1604 1553 1675 διενεχθέντες
1597 1609 1794 1682 γνώμῃ

209 1687 351 1755 πρὸς
386 1688 479 1740 τὸν
512 1687 795 1756 [εὐγένειον
834 1692 1124 1763 ἀρχιερέα,
1157 1696 1250 1748 καὶ
1286 1696 1790 1767 ἀποδοκιμάζοντες

208 1778 398 1845 αὑτὸν,
432 1779 773 1835 καθίστασαν
832 1785 989 1839 αὐτοὶ⁵
1051 1787 1316 1857 ἀρχιερέα
1372 1791 1620 1845 Φελίκιον
1664 1793 1791 1847 τοῦ-

210 1890 378 1943 νομα,
414 1874 585 1946 ἄνδρα
618 1877 727 1929 τῶν
759 1880 891 1947 παρ’
944 1880 1128 1944 αὐτοῖς
1181 1883 1446 1953 δοκίμων,
1481 1886 1695 1950 ξύνοδον
1726 1906 1787 1941 τε

206 1970 573 2039 ποιησάμενοι
604 1974 783 2041 κοινῇ,
823 1974 1333 2043 κάποδεδειγμένοι.
1375 1978 1538 2031 Οὗτοι
1574 1980 1670 2048 μὲν
1697 1980 1789 2034 οὖν

207 2060 381 2127 ἄμφω
402 2062 791 2132 πληρώσαντες
808 2066 935 2135 τριή
946 2083 1081 2135 ρεις,
1101 2070 1521 2139 μετεπέμποντο
1538 2071 1788 2142 ἑκάτερτι

208 2151 303 2204 ἐπ’
326 2151 526 2214 αὐτοὺς
559 2152 813 2224 Ἰωάννην
838 2156 929 2209 τὸν
962 2156 1261 2218 Βυζαντίου
1294 2160 1548 2229 βασιλέα,
1592 2163 1695 2233 τήν
1728 2181 1789 2217 τε

204 2242 429 2309 ξύνοδον
482 2245 575 2297 ἰπὶ
616 2247 769 2315 σφίσι
816 2248 1152 2315 ποιήσασθαι
1185 2251 1441 2321 ἑκάτεροι
1485 2254 1788 2324 ἀξιοῦντες,

202 2338 302 2391 καὶ
329 2335 640 2402 συνεξελεῖν
669 2338 821 2407 σφίσι
851 2339 921 2393 τὰ
960 2340 1195 2413 διάφορα
1229 2343 1436 2415 ξυνῳδά
1472 2347 1789 2403 ὑποδεικνυ-

209 2426 437 2497 μένους.
485 2427 574 2493 Ὠς
605 2429 660 2483 δι
710 2430 973 2501 ἀφίκοντο
1023 2434 1136 2487 άπὸ
1186 2435 1296 2488 τῶν
1333 2438 1637 2510 ἀρχιερέων
1682 2441 1789 2512 ἀμ-

205 2522 331 2589 φοῖν
356 2523 623 2593 τριήρεις,
654 2522 754 2593 τὴν
784 2525 967 2592 μέντοι
997 2524 1214 2593 ξύνοδον
1245 2527 1340 2581 τὸν
1366 2529 1469 2600 τῆς
1513 2531 1787 2603 Βασιλήας

202 2611 378 2668 πλοῦν
417 2614 784 2683 ἀπεπέμψατο
825 2616 1028 2687 ἠπίως,
1061 2618 1307 2687 φάμενος
1350 2622 1446 2675 έπὶ
1488 2622 1616 2687 τοὺς
1656 2624 1789 2679 Ῥω-

203 2706 405 2775 μαίους
458 2707 622 2761 αὐτὸν
675 2708 983 2763 ἐνδεδέσθαι
1042 2713 1337 2784 πρότερον,
1395 2717 1490 2769 καὶ
1544 2717 1673 2781 τούς
1726 2735 1786 2771 τε

202 2794 528 2863 Οὐενετοῦς,
566 2798 660 2851 καὶ
690 2798 794 2870 τὴν
837 2800 1008 2869 ἀλλην
1046 2803 1300 2869 Ἰταλίαν,
1341 2806 1574 2860 ἐνταῦθα
1619 2810 1786 2862 αὐτὸν

202 2886 358 2959 ίέναι-
379 2889 705 2953 κελεύοντας
728 2905 741 2919 ·
776 2893 1117 2961 παραλαϐὼν
1146 2895 1203 2948 δὲ
1239 2897 1369 2961 τούς
1392 2916 1451 2954 τε
1484 2898 1784 2964 Βυζαντίου

199 2981 509 3051 ἀρχιερεῖς,
564 2984 659 3035 καὶ
708 2984 982 3053 Ἐλλήνων
1040 2988 1169 3051 τοὺς
1214 2990 1560 3060 ἐλλογίμους,
1610 2992 1787 3064 ᾧχετο

200 3072 499 3127 ἀποπλέων
561 3076 654 3127 ἐπὶ
716 3075 970 3133 Ἰταλίαν.
1026 3081 1139 3133 Καὶ
1203 3083 1258 3143 ἐς
1311 3085 1439 3147 τοὺς
1487 3086 1785 3151 Οὐενετοὺς

1898 607 2122 666 possent
2145 600 2381 669 imagine
2405 600 2520 654 sive
2537 599 2694 668 signo
2725 602 2869 671 regis
2893 602 3230 659 Graecorum.
3259 604 3465 660 Bellum

1899 690 2045 743 inter
2078 691 2377 761 Byzantios
2422 700 2476 747 et
2521 690 2829 749 Januenses
2888 695 3207 765 bujusmodi
3261 699 3469 753 exitum

1897 780 2111 834 habuit.

1966 874 2115 929 Bello
2140 875 2245 930 isto
2280 876 2456 943 ﬁnito,
2486 876 2751 944 Joannes,
2781 879 3092 936 Grecorum
3118 896 3239 944 rex,
3265 881 3475 949 legatos

1899 968 1979 1023 ire
2008 968 2162 1037 jubet
2191 968 2261 1023 ad
2291 968 2599 1027 Romanum
2659 974 2972 1040 pontiﬁcem
3020 975 3327 1042 Eugenium
3374 990 3474 1029 no-

1900 1061 2067 1125 mine,
2104 1072 2353 1131 petentes
2389 1072 2447 1116 ut
2470 1066 2766 1119 concilium
2793 1066 3187 1129 celebraretur.
3240 1081 3352 1136 quo
3385 1067 3474 1120 in-

1898 1164 1985 1208 ter
2015 1164 2277 1223 utrosque
2312 1155 2593 1224 religionis
2617 1158 3021 1212 contentionem
3047 1157 3306 1212 decenter
3325 1173 3475 1213 com-

1899 1256 2187 1317 ponerent.
2224 1248 2499 1305 Tentabat
2562 1265 2629 1304 eo
2660 1250 2824 1304 modo
2862 1250 3297 1305 Occidentalium
3349 1252 3475 1307 ani—

1897 1356 2041 1401 mos.
2066 1358 2194 1395 num
2232 1341 2453 1409 plurimi
2513 1342 2759 1397 facerent
2791 1342 3145 1397 concordiam
3194 1344 3475 1399 constabi-

1898 1433 1984 1487 liri
2018 1449 2141 1487 cum
2166 1433 2374 1489 Graecis
2404 1434 2458 1488 in
2498 1435 2785 1505 religionis
2821 1436 3228 1491 controversia.
3282 1435 3473 1507 Legati

1897 1527 1951 1581 in
1986 1524 2335 1581 Germaniam
2407 1542 2628 1582 venere.
2682 1527 2756 1581 Ea
2816 1536 3145 1597 tempestate
3208 1527 3471 1583 Germani

1897 1618 2121 1673 Basilea:
2154 1629 2313 1674 erant
2369 1621 2710 1690 congregati,
2774 1621 3109 1678 dissidentes
3177 1624 3473 1678 sententiis

1898 1719 2089 1765 contra
2150 1712 2453 1780 Eugenium
2486 1712 2799 1780 pontificem
2832 1730 2846 1769 :
2888 1730 3050 1781 quem
3086 1715 3472 1779 reprobantes.

1899 1804 2487 1874 crearuntpontitlcem
2532 1807 2756 1860 nomine
2799 1806 3059 1872 Felicem,
3091 1807 3290 1860 virnm'
3330 1807 3474 1859 inter

1894 1895 2044 1958 ipsos
2070 1894 2124 1949 in
2181 1895 2374 1965 primis
2410 1905 2671 1965 spectatae
2697 1897 3008 1965 probitatis.
3044 1896 3201 1951 Hunc
3253 1896 3471 1952 concilii

1893 2002 2166 2043 consensu
2227 1988 2542 2055 pontiﬁcem
2619 1989 2999 2045 declararunt.
3076 1990 3250 2044 Ambo
3305 1991 3472 2059 igitur

1892 2081 2179 2150 pontifices
2222 2082 2482 2138 triremes
2510 2083 2820 2147 instruunt,
2844 2094 2895 2138 et
2921 2082 3190 2137 Joannem
3222 2082 3467 2155 Byzantii

1895 2185 2074 2240 regem
2113 2172 2494 2228 accersebant.
2539 2171 2785 2241 Uterque
2847 2174 2990 2228 enim
3026 2173 3129 2227 sub
3173 2188 3230 2227 se
3282 2175 3475 2227 conci-

1893 2262 2025 2316 lium
2091 2262 2309 2332 agitari,
2378 2274 2433 2319 et
2490 2264 2778 2333 religionis
2832 2265 3294 2327 controversiam,
3352 2280 3473 2333 qua:

1890 2371 2013 2413 cum
2044 2357 2249 2414 Graecis
2280 2358 2695 2423 intercesserat,
2740 2362 2883 2413 tlniri
2933 2361 3167 2415 volebat.
3199 2360 3336 2416 Cum
3400 2359 3474 2414 ab

1894 2461 2130 2522 utroque
2150 2453 2436 2509 venissent
2476 2454 2753 2516 triremes.
2790 2472 2882 2510 rex
2946 2456 3166 2527 quidem
3220 2458 3473 2528 benignis

1892 2543 2078 2599 verbis
2107 2554 2163 2600 et
2197 2544 2410 2613 placide
2437 2546 2659 2601 concilii
2687 2546 3019 2603 Basileensis
3045 2548 3368 2616 legationem
3388 2549 3475 2604 di-

1892 2634 2169 2699 mittebat,
2200 2637 2414 2699 dicens,
2472 2653 2532 2693 se
2561 2653 2687 2693 cum
2728 2617 2990 2693 Romanis
3039 2648 3094 2694 et
3124 2639 3356 2695 Venetis
3414 2650 3470 2696 et

1891 2740 2017 2780 cum
2055 2726 2268 2795 reliqua
2295 2726 2448 2783 Italia
2482 2728 2593 2796 jam
2627 2738 2755 2784 ante
2806 2731 3165 2793 collocutum.
3219 2729 3313 2802 qui
3350 2748 3470 2787 om-

1893 2834 1991 2873 nes
2024 2836 2082 2874 se
2114 2819 2344 2875 Romam
2378 2821 2654 2889 proﬁcisci
2721 2824 2973 2891 jubeant.
3026 2827 3332 2881 Assumens
3367 2827 3473 2880 ita-

1890 2929 1997 2982 que
2031 2913 2277 2984 Byzantii
2311 2915 2654 2979 sacerdotes,
2681 2923 2735 2970 et
2784 2914 3104 2971 Graecorum
3169 2918 3469 2987 sapientis-

1891 3006 2063 3060 simos
2084 3013 2136 3059 et
2166 3005 2543 3071 doctissimos,
2587 3007 2881 3077 navigabat
2922 3008 2977 3062 in
3030 3008 3266 3065 Italiam.
3330 3010 3468 3065 Cum

1891 3100 2132 3154 venisset
2172 3100 2239 3153 ad
2267 3100 2529 3162 Venetos.
2590 3100 2719 3155 inde
2767 3103 2991 3157 solvens
3025 3103 3308 3159 ferebatur
3336 3105 3473 3160 Fer-

198 3164 561 3265 ἀφικόμενος,
592 3167 883 3238 ἐκομίζετο
917 3172 1013 3226 έπὶ
1055 3174 1370 3246 Φερῤαρίας
1406 3171 1440 3251 ᾖ
1478 3179 1784 3249 διατρίϐειν

1892 3193 2127 3255 rariam,
2164 3193 2255 3247 ubi
2294 3194 2498 3248 morari
2530 3194 2849 3261 pontiﬁcem
2882 3195 3190 3264 Eugenium
3247 3211 3474 3265 accepe—

196 3256 295 3307 τὸν
342 3255 604 3326 ἀρχιερέα
636 3259 926 3327 Εὑγένετον
971 3263 1341 3319 ἐπυνθάνετο*
1393 3268 1681 3337 ἐκομίζετο
1731 3270 1788 3324 δὲ

196 3347 288 3401 διὰ
340 3349 437 3401 τοῦ
491 3348 805 3419 Ἠριδανοῦ.
838 3354 1018 3424 Διέχει
1059 3357 1105 3407 δ’
1141 3355 1282 3427 αὕτη
1332 3358 1486 3421 πόλις
1538 3361 1645 3413 ἀπὸ
1680 3361 1789 3414 τῶν

198 3443 486 3497 Οὐενετῶν
516 3446 764 3508 σταδίους
798 3449 927 3518 περ)⁸
975 3451 1100 3512 τοὺς
1145 3453 1525 3521 τριακοσίους.
1557 3456 1789 3525 ι’Ᾱρχον-

196 3552 300 3599 τας
348 3536 409 3589 δὲ
462 3537 578 3607 ἔχει
620 3538 840 3607 ἀνδρας,
872 3541 1054 3606 οίκίας
1084 3544 1190 3595 τῶν
1234 3544 1537 3617 Ἐστησίων
1586 3548 1786 3603 καλου-

204 3629 427 3698 μένους.
459 3630 615 3683 Ἔστι
661 3630 709 3683 δ’
766 3634 798 3701 ή
865 3635 1021 3697 πόλις
1074 3636 1215 3708 αὕτη
1267 3638 1541 3711 εὐδαίμων
1583 3659 1641 3696 τε
1690 3644 1786 3697 καὶ

196 3719 656 3791 πολυάνθρωπος,
690 3725 784 3776 καὶ
822 3727 951 3796 περὶ
1002 3726 1175 3798 αὑτῂν
1207 3730 1321 3798 ῥέει
1378 3732 1628 3801 ποταμὸς
1660 3732 1786 3788 τοῦ·

194 3830 345 3881 νομα
382 3813 575 3877 Πάδος.
607 3816 854 3868 Οίκετται
883 3818 939 3869 δὲ
975 3818 1008 3887 ἠ
1041 3818 1193 3879 πόλις
1246 3820 1302 3883 ἐς
1350 3821 1450 3891 τὴν
1491 3824 1786 3891 Ῥωμαίων

198 3907 403 3974 μοῖραν
440 3905 891 3977 ἀποτεταγμένη.
928 3908 1215 3977 Ἐγένοντο
1242 3913 1288 3965 δ’
1315 3913 1487 3976 οὗτοι,
1524 3913 1619 3977 οὓς
1654 3918 1784 3986 ἐσήο

196 4016 382 4068 μαναν
412 4000 680 4069 ἄρχοντας
716 4003 815 4070 τῆς
846 4004 1054 4066 πόλεως
1090 3997 1214 4058 ὧδε.
1247 4006 1415 4077 Ἀνὴρ
1448 4007 1506 4059 δὲ
1537 4002 1717 4072 οὗτος,
1757 4010 1785 4061 ό

194 4093 325 4146 τότε
392 4094 491 4161 τῆς
546 4094 755 4153 πόλεως
810 4094 1035 4164 ἄρχων,
1099 4098 1351 4167 ἐπιεικής
1403 4116 1462 4152 τε
1524 4102 1619 4153 καὶ
1680 4103 1785 4155 οὐκ

194 4186 484 4249 ἀσύνετος.
532 4186 801 4256 Ξυμφορά
853 4187 911 4240 δὲ
963 4189 1326 4261 συνεϐεϐήκει
1386 4192 1533 4262 αὐτῷ
1580 4194 1783 4252 τοιάδε.

193 4281 344 4350 Γυνὴ
388 4276 458 4351 ἦν
498 4280 669 4349 αὐτῷ,
700 4279 951 4352 θυγάτηρ
981 4282 1077 4335 τοῦ
1122 4284 1545 4355 Μονφερραρίας
1578 4286 1623 4319 ¹⁸
1654 4289 1786 4359 ήγευ

195 4374 389 4441 μόνος,
432 4371 494 4422 τό
538 4388 597 4422 τε
649 4368 790 4451 εἶδος
821 4373 1042 4443 ἀρίστη,
1083 4376 1297 4429 καὶτὸν
1331 4377 1533 4445 τρόπον
1576 4379 1636 4432 τὸ
1683 4380 1785 4449 ἔμ-

1893 3290 1997 3337 rat.
2025 3282 2149 3338 Haec
2173 3284 2305 3339 urbs
2337 3285 2502 3340 distat
2537 3283 2788 3342 Venetiis
2818 3285 3013 3344 stadiis
3032 3288 3146 3344 fere
3183 3290 3466 3344 trecentis.

1893 3374 2070 3428 Duces
2135 3383 2190 3430 et
2245 3376 2522 3448 principes
2586 3378 2749 3431 habet
2806 3379 2898 3447 qui
2955 3391 3086 3434 sunt
3141 3381 3208 3434 tle
3266 3380 3471 3434 familia

1890 3465 2227 3532 Estensinm;
2256 3469 2453 3535 opibus
2484 3470 2883 3541 hominmnque
2945 3473 3304 3528 multitudine
3370 3489 3468 3528 ex-

1890 3559 2065 3613 cellit.
2089 3558 2237 3615 Pado
2274 3560 2441 3615 ﬂuvio
2495 3562 2744 3617 alluitur.
2781 3563 3036 3632 Subjccta
3088 3575 3173 3619 est
3222 3564 3470 3620 Romano

1891 3653 2159 3723 pontiﬁci.
2198 3653 2379 3709 Duces
2438 3670 2535 3711 seu
2578 3657 2876 3726 principes,
2923 3673 3060 3727 quos
3111 3657 3271 3711 modo
3321 3658 3470 3711 dixi-

1891 3761 2039 3808 mus.
2077 3746 2304 3815 accipit.
2358 3749 2449 3804 Vir
2483 3749 2577 3803 ille
2632 3750 2746 3818 (7i)
2786 3751 2877 3818 qui
2933 3759 3042 3803 tum
3096 3750 3362 3819 temporis
3414 3751 3468 3806 in

1890 3837 2023 3890 urbe
2049 3852 2233 3891 rerum
2260 3852 2472 3893 summa
2497 3838 2832 3908 potiebatur,
2869 3839 3150 3907 aequitatis
3185 3839 3469 3894 studiosus

1890 3945 1992 3984 nec
2026 3938 2223 3985 caetera
2251 3931 2571 4000 imprudens
2602 3942 2742 3987 erat.
2797 3931 3123 4000 Hujnsmodi
3173 3942 3356 3987 autem
3419 3934 3467 3987 ei

1889 4022 2092 4077 accidit
2122 4024 2434 4079 calamitas.
2493 4022 2730 4079 Uxorem
2792 4026 3037 4079 habebat
3090 4025 3253 4079 tiliam
3308 4025 3469 4079 ducis

1888 4114 2263 4171 Monierraria‘.
2306 4114 2443 4184 (72),
2475 4115 2886 4184 pulchritudine
2924 4116 3221 4185 forumque
3244 4119 3470 4187 elegan-

1890 4209 1965 4263 tia
2002 4215 2375 4278 praestantem.
2400 4207 2579 4263 Mores
2611 4208 2882 4273 mulieris,
2924 4219 3222 4278 antequam
3258 4209 3310 4263 id
3338 4226 3471 4263 con-

1891 4299 2127 4369 tigisset,
2159 4298 2427 4354 modestia
2461 4300 2665 4369 insigni
2716 4300 3107 4355 coruscabant.
3168 4298 3293 4354 Haec
3322 4301 3471 4356 insa-

1890 4392 2076 4447 niebat
2113 4406 2302 4446 amore
2345 4392 2611 4461 privigni,
2664 4393 2756 4461 qui
2820 4393 2965 4447 tilius
3011 4393 3169 4448 ducis
3218 4401 3337 4447 erat
3372 4409 3471 4447 no-

199 4462 443 4531 προσθεν
470 4463 573 4515 οὐκ
620 4465 841 4533 ἀγενής.
885 4464 1035 4535 Αὕτη
1066 4467 1281 4538 ἠράσθη
1312 4469 1468 4522 νόθου
1500 4472 1645 4534 υίέος
1686 4472 1784 4525 τοῦ

1893 4486 2021 4539 thus
2057 4484 2193 4555 (7'5).
2222 4483 2324 4550 Qui
2356 4500 2482 4539 cum
2530 4486 2711 4540 serius
2737 4486 2803 4539 ad
2836 4500 2955 4538 eam
3012 4486 3248 4549 veniret,
3305 4500 3469 4554 quam

194 4556 396 4624 άνδρδς
440 4554 634 4620 αὐτῆς.
666 4557 764 4617 ⁸ος
799 4556 920 4608 ἐπεί
964 4574 1024 4609 τε
1063 4560 1250 4625 ὲφοίτα
1284 4564 1415 4631 παρ’
1448 4562 1618 4631 αὐτὴν
1665 4563 1786 4633 ὄψι-

197 4666 326 4714 μος,
359 4648 393 4719 ἢ
430 4649 729 4716 νομίζεται,
764 4648 1170 4719 ἀπλοῖκώτερον
1220 4656 1424 4721 μᾶλλον
1475 4659 1590 4716 τοῖς
1640 4658 1784 4711 κατά

192 4739 297 4808 τὴν
348 4738 578 4792 Ἰταλίαν
610 4738 845 4803 οἰκοῦσι,
874 4741 1270 4811 προύκαλεῖτο,
1313 4747 1371 4797 ἐν
1408 4748 1601 4816 παιδιᾷ
1636 4764 1786 4813 γενοο

199 4833 344 4900 μὲνη
380 4833 482 4884 σὺν
509 4833 587 4898 τῷ
636 4832 825 4903 νεανίᾳ
860 4834 954 4887 ἐπὶ
981 4836 1072 4887 τὸν
1107 4835 1311 4905 ἔρωτα.
1347 4840 1456 4891 Καὶ
1487 4840 1561 4903 ὡς
1590 4842 1790 4912 ᾔσθετο

194 4925 262 4996 δὴ
294 4925 590 4994 ἐρωμένην
619 4925 807 4990 αὑτοῦ,
842 4924 993 4996 ἐσῄει
1026 4945 1086 4979 τε
1122 4929 1287 4981 αὐτὸν
1334 4932 1362 4982 ὁ
1390 4930 1493 4997 τῆς
1526 4936 1790 5000 γυναικὸς

192 5017 363 5089 ἔρως.
429 5017 540 5068 Καὶ
605 5017 703 5068 ἐπὶ
753 5017 946 5086 χρόνον
1022 5020 1353 5089 ἐπεμαίνετο
1408 5026 1474 5093 τῇ
1540 5030 1785 5094 γυναικὶ,

199 5110 451 5182 μητρυιᾷ
491 5108 627 5179 οὔσῃ
651 5110 870 5164 ἑαυτοῦ.
904 5112 1027 5166 Τῶν
1056 5112 1112 5166 δὲ
1147 5114 1550 5184 θεραπαινίδων
1582 5139 1687 5189 τις,
1713 5124 1790 5188 ὡς

192 5204 405 5274 ᾔσθετο
448 5203 653 5256 τούτων
685 5202 861 5266 οὓτως
895 5205 1143 5274 ἀλλήλων
1192 5209 1470 5279 ἐρώντων,
1517 5217 1609 5267 καὶ
1657 5234 1790 5285 συγ-

193 5297 538 5366 γενομένων,
572 5295 939 5364 καταγορεύει
978 5298 1055 5365 τῷ
1093 5299 1300 5371 ἑαυτῆς
1361 5305 1586 5374 ἐραστῇ,
1635 5300 1679 5371 ᾧ
1726 5309 1790 5383 δὴ

1892 4578 2061 4633 moris
2079 4588 2163 4633 est
2194 4593 2386 4633 eorum
2415 4580 2505 4642 qui
2532 4579 2584 4631 in
2625 4577 2776 4631 Italia
2812 4578 3015 4632 lautius
3046 4579 3256 4639 vivunt,
3315 4578 3472 4645 juve-

1889 4683 2015 4721 nem
2044 4668 2184 4721 inter
2211 4668 2514 4722 ludendum
2553 4668 2620 4720 ad
2655 4683 2900 4721 amorem
2934 4678 3217 4737 provocat.
3254 4667 3352 4720 llic
3381 4667 3467 4719 in-

1889 4758 2143 4827 telligens
2197 4774 2257 4813 se
2302 4774 2331 4811 a
2390 4759 2619 4813 muliere
2684 4760 2882 4821 amari,
2953 4769 3004 4813 et
3065 4760 3179 4827 ipse
3226 4759 3471 4812 mulieris

1889 4863 2079 4906 amore
2109 4852 2341 4915 exarsit,
2373 4860 2428 4906 ct
2468 4854 2751 4920 aliquanto
2805 4862 3051 4923 tempore
3108 4854 3281 4921 stupri
3339 4867 3470 4905 con-

1890 4944 2238 4997 suetudinem
2302 4959 2428 4997 cum
2492 4958 2727 4998 noverca
2798 4959 2895 4997 sua
2974 4930 3181 4997 habuit.
3256 4943 3468 4997 Ancilla

1891 5046 2071 5091 autem
2100 5038 2347 5107 quaedam
2382 5035 2440 5091 'ut
2477 5039 2731 5105 cognovit
2762 5053 3004 5092 amorem
3044 5037 3285 5100 illorum,
3314 5052 3468 5088 anna-

1892 5129 1998 5181 tori
2023 5144 2125 5183 suo
2152 5145 2263 5183 rem
2290 5144 2508 5184 omnem
2534 5139 2773 5182 enarrat.
2810 5130 2857 5183 Is
2918 5144 3049 5183 vero
3100 5128 3226 5182 duci
3280 5128 3467 5181 admo~

1891 5219 2019 5274 dum
2054 5221 2259 5275 cbarus
2297 5231 2434 5286 erat,
2468 5230 2523 5274 et
2570 5222 2636 5273 ab
2688 5237 2752 5275 eo
2822 5220 2978 5290 153
3015 5219 3312 5273 honoriﬁce
3367 5217 3469 5270 atl-

1895 5316 2116 5368 Inodunt
2162 5315 2525 5371 tractabatur.
2585 5315 2635 5369 Is
2666 5315 2836 5383 igitur
2889 5315 2979 5368 ubi
3047 5331 3157 5367 rem
3209 5311 3470 5384 cognovit

1483 5421 1729 5484 Notulce
1760 5429 2167 5507 marginales.

272 5534 390 5604 (7|)
416 5535 662 5587 BorsEus.

270 5607 388 5669 (7:!)
415 5604 827 5661 “omisit-nati.

275 5677 393 5746 (73)
436 5676 650 5731 Aecidit
692 5675 1027 5735 facinuslioc
1051 5698 1195 5736 circa
1227 5698 1427 5738 annum
1471 5688 1625 5756 “00,
1672 5694 1779 5749 sub

274 5863 313 5891 ιτ
352 5880 539 5931 “Paw,
624 5864 665 5892 ¹¹⁴
694 5861 1113 5932 Μονφερράιον.
1153 5861 1215 5916 In
1242 5863 1317 5921 ai.
1359 5875 1412 5918 ut
1445 5883 1491 5920 c.

1890 5557 2333 5687 Nicolaorqontil.
2369 5562 2514 5619 Uxor
2543 5575 2606 5616 ea
2627 5559 2726 5615 fuit
2754 5558 2967 5623 Ziliola,
3009 5554 3201 5610 Franci
3270 5555 3464 5608 Carra~

1890 5647 2086 5687 rtensrs
2135 5649 2248 5687 ita.

1890 5647 2086 5688 ειυιιδιε
2118 5647 2248 5687 Ulla.
