4190 6434
706 329 812 391 287

1835 331 2144 394 LAONICI
2184 332 2284 396 CII
2295 331 2632 394 ALCOCON
2646 332 2862 392 DYLE

3868 323 3968 390 288

707 443 910 500 indicio
945 442 1178 506 ancillae,
1209 457 1424 499 necnon
1458 444 1573 512 ipse
1623 445 1876 502 eamdem
1915 449 2284 519 explorasset,
2315 488 2322 506 α

2423 446 2613 499 πάντων
2650 446 2923 515 ἠρέσκετο
2957 446 2984 498 ὁ
3015 443 3244 515 ἡγεμὼν
3274 445 3373 514 τῆς
3406 441 3639 505 πόλεως,
3682 439 3776 494 καὶ
3804 440 3968 508 ἐτίμα

708 536 919 592 accedit
944 536 1253 601 dominum,
1278 537 1572 606 inquiens:
1606 537 1652 593 0
1683 537 1929 604 domine,
1966 541 2098 594 mihi
2149 558 2282 597 con-

711 630 885 704 tingat
915 625 1271 695 magisterrte
1298 627 1450 682 hiatu
1491 631 1731 700 contegi,
1759 648 1924 700 quam
1967 641 2025 687 ut
2071 634 2283 691 diutius

709 735 929 775 cernam
963 720 1018 774 in
1045 720 1257 776 adibus
1289 721 1400 777 tuis
1457 723 1598 778 adeo
1623 724 1854 780 nefanda
1891 727 2100 782 scelera
2137 745 2290 784 com-

710 813 876 868 mitti.
905 812 1036 867 Nam
1066 830 1292 869 uxorem
1325 825 1472 871 tuam
1505 833 1618 872 rem
1644 820 1846 874 habere
1895 836 2020 876 cum
2051 820 2161 877 ﬁlio
2194 831 2288 877 tuo

713 908 906 972 notho,
932 907 1257 976 impiissima
1284 919 1690 981 perpetrantes,
1748 914 1879 968 vidi.
1927 912 2165 970 Proinde
2218 916 2286 971 da

715 1012 940 1067 operam
972 998 1041 1051 ab
1063 999 1166 1053 ista
1191 1001 1422 1056 muliere
1450 1001 1724 1066 libereris,
1755 1021 1856 1058 nec
1886 1007 2122 1074 amplius
2157 1023 2281 1061 cum

713 1093 831 1160 ipsa
853 1095 1222 1149 converseris.
1261 1093 1464 1149 Filium
1493 1113 1714 1167 quoque
1766 1097 1854 1153 fac
1905 1099 2090 1169 aliquo
2139 1101 2294 1156 able-

711 1199 830 1253 ges.
866 1183 964 1238 His
993 1186 1228 1252 'auditis,
1294 1187 1402 1242 dux
1433 1191 1742 1259 obstupuit.
1796 1191 2004 1248 Deinde
2061 1210 2294 1264 percun-

713 1285 896 1331 ctatus
929 1288 1033 1344 est,
1070 1281 1351 1350 quomodo
1376 1299 1488 1336 rem
1519 1285 1682 1337 istam
1714 1286 2086 1352 cognovisset.
2146 1288 2296 1343 Dixit

715 1383 954 1438 quoque.
985 1386 1046 1426 sc
1071 1373 1213 1428 velle
1239 1390 1355 1428 eam
1383 1391 1498 1430 rem
1517 1378 1829 1448 explorare,
1877 1388 1932 1434 et
1962 1391 2292 1450 praesentem

716 1461 797 1515 “ei
827 1461 975 1518 illius
1009 1463 1126 1520 fore
1176 1476 1568 1536 spectatorem.
1625 1469 1860 1526 Faciens
1908 1472 2089 1543 itaque
2133 1488 2298 1543 supra

718 1561 928 1616 lectum
971 1559 1216 1614 foramen
1259 1561 1405 1616 haud
1468 1562 1698 1632 perinde
1747 1580 2026 1632 magnum,
2082 1583 2152 1623 ne
2204 1567 2301 1623 de-

722 1653 1160 1720 prehenderetur
1183 1653 1254 1708 ab
1298 1654 1630 1718 amantibus,
1665 1669 1762 1723 per
1813 1655 1866 1709 id
1908 1656 2187 1727 spectabat
2224 1658 2300 1712 fl-

721 1749 857 1802 lium
879 1764 1038 1804 suum
1063 1749 1293 1802 nothum
1316 1750 1687 1804 concumbere
1708 1764 1833 1804 cum
1863 1765 2034 1804 uxore
2061 1752 2111 1804 in
2133 1750 2297 1807 lecto.

724 1841 1075 1897 Descendens
1120 1841 1288 1909 igitur
1333 1841 1530 1896 ambos
1573 1843 1834 1912 opprimit
1882 1842 2189 1912 inopinato,
2245 1854 2301 1900 et

733 1949 957 1988 uxorem
1003 1936 1054 1988 in
1118 1936 1264 1988 hunc
1338 1935 1556 1989 modum
1611 1935 1915 2005 alloquitur
1956 1935 2051 1992 :0
2083 1937 2299 2003 mitlier,

725 2029 852 2097 quis
878 2031 1087 2084 tlaztnon
1113 2045 1178 2084 eo
1204 2030 1492 2085 dementia
1516 2037 1568 2084 te
1617 2030 1818 2100 adegit,
1874 2039 1933 2084 ut
1982 2033 2304 2087 commisce-

730 2126 867 2178 icris
901 2125 1132 2192 turpiter
1162 2123 1271 2178 filio
1306 2140 1449 2183 meo.
1481 2125 1810 2195 impiissima
1872 2126 2121 2180 omnium
2159 2142 2299 2195 quas

730 2216 986 2270 novimus
1013 2215 1035 2267 ?
1068 2215 1185 2280 Qua
1214 2217 1426 2270 ratione
1455 2215 1506 2269 id
1558 2226 1748 2272 nostro
1799 2219 2152 2275 matrimonio
2208 2220 2306 2276 ho-

732 2318 946 2364 nestum
988 2311 1104 2364 fore
1156 2311 1416 2363 arbitrata
1455 2312 1563 2364 es?
1615 2309 1744 2376 Quae
1803 2311 2144 2380 respondens
2190 2313 2301 2367 ait:

729 2402 887 2468 Quod
957 2402 1088 2456 talia
1128 2402 1346 2458 fecerim
1379 2443 1392 2464 ,
1445 2402 1702 2468 domine,
1760 2405 2092 2459 matrimonii
2147 2406 2308 2460 fidem

733 2497 969 2559 violans,
995 2512 1102 2548 non
1135 2511 1202 2550 eo
1263 2495 1496 2560 inlicias,
1533 2513 1722 2550 verum
1773 2498 1992 2567 culpam
2049 2513 2308 2568 agnosco,

735 2591 963 2659 ejusque
990 2591 1063 2643 rei
1092 2590 1270 2657 impia:
1291 2605 1394 2657 ego
1422 2590 1535 2644 sola
1559 2600 1725 2658 caput
1755 2601 1810 2646 et
1840 2593 2001 2661 origo
2026 2608 2169 2647 sum.
2196 2595 2312 2662 Ego

733 2681 998 2737 scelerata
1032 2696 1196 2750 opera
1227 2681 1419 2734 animo
1437 2683 1782 2750 concipiens,
1801 2686 1849 2736 vi
1874 2684 2080 2753 majore
2099 2694 2310 2752 coacta,

736 2774 924 2827 nescio
947 2788 1058 2841 quo
1089 2772 1252 2826 modo
1275 2772 1340 2826 ad
1362 2773 1522 2828 istam
1556 2775 1894 2843 impietatem
1916 2777 2313 2840 concesserim,

736 2865 1220 2920 etadolescenlcm
1262 2867 1494 2921 invitum
1549 2868 1604 2922 in
1645 2869 1786 2921 istud
1841 2867 2110 2923 nefarium
2178 2885 2317 2937 opus

738 2949 1022 3012 traxerim.
1069 2958 1262 3013 Merito
1320 2961 1490 3027 igitur
1537 2976 1639 3029 ego
1675 2977 1870 3031 poenas
1922 2962 2124 3031 pendo.
2169 2961 2319 3028 Rogo

738 3051 1028 3115 tamen,in
1065 3051 1494 3115 adolescentem,
1529 3055 1688 3124 cujus
1718 3057 1870 3109 nulla
1902 3056 2066 3126 culpa
2108 3065 2216 3121 est,
2254 3072 2320 3112 ne

2393 537 2671 608 μεγάλως.
2707 538 2861 590 Ἐπεί
2909 554 2966 588 τε
2999 536 3236 606 ἐξέμαθε
3293 537 3389 589 καὶ
3420 534 3583 597 αὐτὸς
3619 531 3968 600 αἰσθόμενος,

2390 630 2708 700 ἐξαγορεύει
2738 630 2815 700 τῷ
2849 631 3086 701 δεσπότῃ
3117 629 3282 685 αὐτοῦ
3310 645 3325 660 ⁸
3355 624 3428 681 '0
3463 629 3505 659 "
3536 626 3803 687 δέσποτα,
3851 625 3975 694 ἐμοὶ

2394 727 2582 794 μέντοι
2612 726 2753 778 κατά
2784 725 2888 793 γῆς
2920 726 3032 779 είθε
3062 727 3126 779 ἃν
3158 726 3395 793 γένοιτο,
3422 723 3721 777 καταδῦναι
3747 721 3975 792 μᾶλλον,

2391 818 2589 889 ἦὸρᾷν
2619 817 2866 876 τοιαῦτα.
2902 821 2962 871 ἐν
3010 819 3088 886 τῷ
3136 816 3215 888 σῷ
3262 817 3398 886 οἴκῳ
3447 816 3684 885 ἀθέμιτα
3715 817 3977 883 γινόμενα

2394 912 2719 981 πράγματα.
2757 912 2872 980 Τὴν
2905 911 3015 980 γάρ
3063 928 3148 966 τοι
3184 911 3477 964 δέσποιναν
3507 911 3634 979 ἐμοὶ
3661 907 3980 974 ἐθεασάμην

2398 1004 2497 1057 σὺν
2536 1004 2616 1074 τῷ
2668 1005 2822 1059 παιδὶ
2852 1005 2995 1075 νόθῳ
3042 1006 3340 1075 μίσγεσθαι
3371 1006 3431 1056 ὲν
3456 1003 3729 1072 φιλότητι,
3761 1001 3983 1067 ἄθεσμα

2395 1095 2822 1165 ἐργαζομένους.
2857 1096 3008 1150 Ποίει
3061 1113 3122 1148 τε
3169 1097 3319 1159 ὅπως
3358 1095 3747 1163 agamnam;
3774 1094 3986 1158 ταύτης

2396 1191 2496 1258 τῆς
2535 1191 2817 1258 γυναικὸς,
2873 1191 3073 1261 μηκέτι
3123 1191 3264 1260 αὐτῇ
3316 1189 3652 1258 συνοικοίης,
3686 1186 3801 1241 ἀλλ’
3849 1187 4009 1238 ἀπόο’

2398 1281 2616 1352 πεμψον
2641 1285 2735 1335 καὶ
2764 1283 2855 1335 τὸν
2887 1282 3130 1337 νεανίαν.
3173 1283 3233 1333 Ὀ
3262 1281 3317 1334 δὲ
3366 1281 3442 1342 ὡς
3480 1280 3737 1340 ἐπύθετο,
3768 1282 3827 1332 ἐν
3858 1277 3988 1330 θαύ-

2401 1393 2534 1445 ματι
2591 1377 2688 1443 μὲν
2754 1377 2934 1446 εἴχετο
3004 1377 3098 1429 ἐπὶ
3148 1375 3228 1446 τῷ
3285 1376 3559 1445 γεγονότι.
3615 1376 3884 1444 Ἰμείρετο
3932 1371 3987 1424 δὲ

2401 1473 2508 1539 ὅτῳ
2541 1473 2729 1543 τρὸπῳ
2779 1470 3101 1541 ἐξαγορεύοι
3145 1470 3206 1523 τδ
3253 1469 3502 1537 γεγονὸς,
3532 1468 3623 1521 καὶ
3670 1469 3834 1531 αὐτὸς
3884 1467 3986 1536 ἔφη

2405 1566 2610 1619 ἐθέλειν
2671 1565 3000 1629 θεάσασθαι,
3053 1567 3150 1617 καὶ
3199 1565 3480 1631 αὐτόπτης
3533 1561 3810 1629 γενέσθαι.
3862 1560 3989 1613 Ἐν-

2404 1660 2583 1713 ταῦθα
2626 1659 2719 1711 ἐπὶ
2770 1659 2872 1727 τὴν
2923 1659 3115 1725 κοίτην
3166 1656 3377 1711 ἀνωθεν
3427 1655 3568 1725 ὀπὴν
3619 1652 4023 1722 ποιησάμενος“

2410 1753 2692 1823 βραχεῖαν,
2722 1753 2864 1806 ὥστε
2903 1752 2978 1822 μὴ
3011 1750 3372 1804 αίσθάνεσθαι
3407 1750 3652 1812 ἐκείνους
3679 1749 3779 1817 τῆς
3823 1748 3988 1813 ὀπῆς,

2405 1845 2596 1899 ἐθεᾶτο
2622 1845 2828 1899 ἀνωθεν
2877 1843 2976 1914 τὴν
3016 1846 3250 1910 γυναῖκα
3303 1841 3473 1896 αὑτοῦ
3526 1840 3871 1911 μισγομένην
3913 1838 3988 1904 τῷ

2405 1937 2559 1990 παιδὶ
2609 1935 2776 1990 αὑτοῦ
2818 1939 2877 1990 ἐν
2926 1939 2992 2006 τῇ
3036 1935 3216 2010 κοίτῃ.
3258 1936 3346 1998 Ὠς
3404 1935 3462 1989 δέ
3517 1934 3733 1988 κατεῖδε
3787 1949 3848 1985 τε
3900 1932 3996 1985 καὶ

2405 2031 2636 2102 ἐξέμαθε
2675 2032 2736 2086 τὺ
2762 2031 3011 2101 γεγονὸς,
3055 2031 3483 2100 μεταπέμπεται
3518 2029 3712 2099 πρῶτα
3750 2027 3851 2096 μέν
3898 2023 3996 2096 τὴν

2406 2129 2642 2196 γυναῖκα
2667 2142 2682 2158 ο
2724 2127 2848 2179 ἐπεὶ
2897 2126 2955 2179 δέ
3015 2124 3219 2194 παρῆν,
3245 2122 3400 2190 ἔλεγε
3436 2122 3616 2177 τοιάδε
3647 2138 3660 2152 ο
3692 2115 3763 2172 Ὅ
3805 2119 3993 2186 γύναι,

2409 2221 2561 2286 ποῖός
2595 2238 2654 2274 σε
2684 2221 2897 2290 δαίμων
2917 2220 2975 2282 ἐς
2999 2219 3162 2273 τοῦτο
3196 2217 3396 2288 μανίας
3430 2215 3737 2277 συνελάσας
3761 2213 3829 2276 ⁸⁸,
3855 2212 3998 2265 ὥστε

2409 2313 2564 2369 παιδὶ
2602 2311 2682 2382 τῷ
2731 2311 2850 2382 ἐμῷ
2883 2309 3266 2378 συγγενέσθαι,
3302 2307 3647 2361 ἀνοσιώτατα
3703 2303 3896 2357 πασῶν
3934 2301 3998 2371 δὴ

2411 2406 2689 2475 γυναικῶν
2752 2398 2828 2461 ῶν
2888 2405 3048 2476 ίσμεν
3106 2405 3288 2474 ἡμεῖς,
3348 2402 3444 2456 καλ⁸
3499 2400 3615 2463 πῶς
3670 2400 3770 2452 οἴει
3839 2395 4000 2449 τοῦτο

2414 2503 2600 2565 καλῶς
2653 2502 2802 2572 ἔχειν
2839 2502 2964 2572 ἐμοί
3013 2517 3072 2553 τε
3118 2501 3211 2552 καὶ
3244 2497 3330 2550 σοὶ
3378 2499 3434 2561 ἐς
3467 2495 3556 2549 τὸν
3590 2495 3804 2563 γάμονς
3853 2491 3916 2544 'H
3946 2491 4000 2544 δὲ

2416 2593 2765 2649 ὑπολαϐοῦσα
2790 2592 2895 2661 ἐφη
2920 2607 2935 2623 ο
2973 2590 3118 2645 Ἀλλ’
3174 2590 3346 2653 ὅπως,
3381 2581 3427 2641 ὦ
3477 2587 3736 2644 δέσποτα,
3773 2581 4002 2635 τοιαῦτα

2418 2690 2765 2760 εἰργασάμην
2811 2689 2906 2742 τδν
2973 2687 3065 2740 σὺν
3107 2687 3310 2756 γάμον,
3346 2682 3536 2737 οὐκέτι
3577 2678 3694 2750 είμὶ
3752 2678 4000 2748 ἔξαρνος.

2417 2784 2534 2837 ἀλλ’
2581 2778 2723 2835 εἶναι
2760 2779 2937 2850 ἀληθῆ
2990 2779 3166 2832 ταῦτα
3208 2775 3486 2846 ὁμολογῶ.
3525 2775 3678 2842 Μάνη
3721 2771 3776 2823 δέ
3809 2769 4002 2822 τούτου

2419 2873 2530 2943 ἐγὼ
2569 2871 2719 2926 αίτία
2751 2872 3047 2940 κατέστην,
3069 2868 3209 2938 αὐτή
3262 2884 3321 2920 τε
3375 2864 3722 2920 ἀνοσιώτατα
3772 2860 3914 2928 ἔργα
3949 2861 4002 2920 ἐς

2422 2966 2547 3019 νοῦν
2580 2963 2862 3033 τιθεμένη.
2902 2962 3006 3016 ὑπὸ
3039 2962 3290 3031 ἀνάγκης
3343 2958 3592 3030 μείζονος
3643 2954 4004 3024 προαχθείσα,

2423 3060 2524 3113 οὒκ
2563 3054 2661 3112 οἶδ’
2705 3059 2855 3119 ὅπως
2884 3057 2941 3118 ἐς
2979 3053 3140 3109 τοῦτο
3188 3055 3479 3124 γενομένη,
3515 3050 3610 3105 καὶ
3657 3050 3751 3103 τὸν
3789 3047 4006 3102 νεανίαν

741 3145 1111 3200 saevirevelis.
1163 3144 1372 3201 Deinde
1433 3145 1604 3200 lilium
1663 3150 1902 3215 vocavit,
1948 3153 2317 3221 interrogans,

2423 3149 2626 3202 ἄκοντα
2654 3148 2997 3218 ἐφελκομένη
3040 3147 3096 3209 ἐς
3128 3146 3218 3198 τὸν
3251 3141 3619 3199 ἀνοσιώτατον
3656 3141 3860 3212 ἔρωτα.
3895 3136 4009 3191 Καὶ

743 3251 812 3289 an
839 3237 989 3304 justa
1024 3235 1138 3290 hmo
1173 3237 1307 3300 sint,
1361 3251 1484 3306 quae
1530 3237 1722 3292 fecerit
1751 3241 1800 3292 in
1856 3241 1977 3310 ipso
2029 3257 2194 3311 opere
2233 3242 2324 3296 de-

746 3330 1074 3395 prehensus.
1115 3329 1455 3386 Adolescens
1492 3333 1767 3387 attonitus
1796 3348 1921 3387 cum
1969 3349 2168 3400 negare
2215 3348 2323 3388 non

746 3430 953 3487 posset,
984 3420 1048 3474 ad
1081 3422 1368 3490 petendam
1399 3424 1615 3476 veniam
1665 3424 2119 3479 convertebatur.
2153 3423 2326 3479 Secu-

746 3523 837 3569 tus
861 3525 946 3570 est
974 3514 1061 3568 vir
1103 3516 1306 3569 amoris
1372 3515 1536 3571 istius
1595 3516 1823 3571 nefandi
1881 3517 2164 3581 conscius,
2229 3517 2322 3587 qui

749 3609 1001 3676 utrisque
1029 3623 1278 3678 operam,
1318 3616 1377 3662 ut
1426 3609 1628 3677 cupitis
1662 3610 1993 3678 potirentur.
2052 3609 2329 3664 locaverat

750 3701 1109 3759 indefessam.
1146 3702 1275 3757 Erat
1299 3712 1485 3758 autem
1522 3704 1726 3758 mimus
1753 3704 1892 3776 (74),
1922 3704 2015 3774 qui
2057 3703 2128 3760 ab
2176 3706 2331 3760 initio

751 3794 1157 3851 adolescentem
1191 3795 1246 3850 in
1274 3797 1441 3851 istum
1475 3812 1719 3852 amorem
1749 3799 2060 3868 impulerat.
2094 3798 2159 3852 Et
2189 3799 2333 3854 hunc

751 3904 1041 3944 accersens
1080 3889 1455 3960 interrogabat
1485 3890 1771 3946 dominus:
1801 3891 1946 3956 Quid
1990 3907 2172 3945 causa:
2207 3892 2330 3957 fuit,

755 3997 926 4050 quare
959 3981 1095 4035 adeo
1124 3980 1352 4052 impium
1391 3983 1444 4038 in
1504 3999 1590 4038 me
1625 3984 1860 4052 patraris
1921 3983 2176 4039 facinus?
2237 3982 2336 4039 Hic

760 4071 1064 4141 respondit:
1089 4071 1226 4138 Quia
1265 4081 1321 4126 tu
1348 4074 1582 4144 rapuisti
1609 4075 1846 4156 amicam
1881 4075 1980 4130 filii
2003 4075 2105 4141 tui,
2137 4087 2190 4131 et
2212 4091 2337 4130 cum

756 4181 820 4220 ea
843 4167 1213 4228 concubuisti,
1250 4177 1589 4239 quapropter
1641 4169 1841 4224 merito
1906 4169 2008 4225 ista
2060 4170 2364 4239 contigere

759 4268 875 4313 tuo.
904 4256 1040 4314 Nam
1081 4260 1240 4314 ducis
1263 4260 1647 4316 filius'amabat
1679 4259 1964 4315 mulierem
2001 4259 2124 4329 ejus
2165 4260 2339 4326 urbis,

762 4350 995 4406 necdum
1027 4360 1209 4406 tamen
1237 4368 1360 4409 cum
1391 4368 1453 4408 ea
1501 4354 1730 4409 coierat.
1790 4353 1954 4408 Pater
2002 4355 2170 4425 igitur
2216 4371 2340 4410 cum

763 4444 1129 4499 intellexisset
1153 4461 1272 4500 eam
1313 4461 1438 4501 esse
1480 4446 1652 4500 forma
1710 4447 1994 4516 praeditam
2021 4462 2187 4517 supra
2222 4464 2340 4504 mo-

763 4537 894 4589 dum
935 4537 1256 4596 venusta.vi
1284 4552 1406 4591 eam
1433 4538 1774 4607 opprimens,
1815 4538 2041 4592 Veneris
2084 4537 2341 4608 gaudium

763 4627 813 4682 ei
837 4628 1084 4682 abstulit.
1113 4627 1312 4683 Mimus
1345 4630 1511 4699 igitur
1540 4631 1702 4700 hujus
1730 4632 1936 4686 amoris
1969 4646 2192 4687 causam
2229 4647 2346 4687 om-

767 4737 889 4775 nem
921 4723 972 4774 in
1001 4722 1146 4776 istud
1181 4721 1399 4777 facinus
1425 4724 1733 4791 rejiciebat.
1770 4721 1895 4777 Haec
1921 4722 2199 4793 sigillatim
2221 4739 2343 4778 cum

768 4812 1051 4876 audisset,
1100 4813 1553 4877 adolescentem,
1605 4814 1809 4869 deinde
1862 4815 2184 4877 mulierem,
2251 4830 2347 4882 po-

767 4917 974 4962 stremo
1001 4907 1225 4960 mimum
1258 4909 1435 4976 capite
1467 4910 1711 4962 truncari
1756 4908 1915 4980 154
1960 4909 2156 4977 jussit.
2223 4907 2348 4962 ﬂare

768 4999 1190 5060 cstcalamitas,
1236 5015 1357 5069 quae
1416 4999 1680 5052 Fcrrariae
1744 5001 2047 5070 principem
2106 5015 2168 5054 ea
2213 5009 2352 5054 teut-

772 5099 982 5157 pcstate
1011 5103 1379 5159 oppresserat.
1412 5090 1522 5146 Nec
1553 5094 1724 5146 multo
1759 5103 1878 5162 post
1905 5093 2168 5162 Ligurum
2198 5094 2350 5161 prin-

774 5186 912 5252 cipis
961 5184 1077 5251 (75)
1139 5184 1301 5237 liliam
1353 5200 1576 5239 uxorem
1611 5185 1790 5248 duxit,
1828 5198 1882 5239 ct
1941 5186 2129 5240 missis
2166 5187 2349 5251 seriis,

775 5274 1099 5345 plerumque
1154 5278 1298 5346 jocis
1339 5295 1396 5332 sc
1429 5279 1674 5343 tradens,
1743 5277 2020 5333 fortunam
2057 5279 2346 5332 adversam

777 5367 1014 5423 levabat.

2426 3243 2563 3310 αὐτῇ
2617 3241 2715 3305 μὲν
2762 3239 2992 3301 δικαίως
3027 3237 3094 3292 ἂν
3120 3234 3223 3306 τὴν
3273 3235 3432 3303 δίκην
3480 3233 3764 3302 ὑπέχοιμι.
3802 3229 4006 3296 Δέομαι

2427 3336 2483 3388 δέ
2531 3350 2650 3396 σου,
2710 3333 2785 3403 μὴ
2836 3332 2965 3401 περὶ
3001 3330 3094 3383 τδν
3138 3327 3358 3382 νεανίαν
3392 3326 3672 3398 ἀνήκεστα
3715 3319 4010 3394 βουλεὺσα-

2431 3428 2579 3491 σθαι,
2629 3424 2845 3494 οὐδαμῆ
2898 3423 3092 3477 τούτου
3144 3423 3321 3476 αῐτιον
3371 3422 3526 3475 ὄντα.
3586 3415 3865 3472 Ἐνταῦθα
3921 3413 4013 3465 τὸν

2431 3520 2596 3572 παῖδα
2628 3518 2766 3588 μετά
2793 3516 2966 3569 ταῦτα
2991 3515 3194 3568 αὐτίκα
3224 3509 3751 3584 μεταπεμψάμενος,
3774 3506 4015 3574 ἐπήρετο

2431 3610 2481 3662 εἰ
2511 3608 2695 3661 δίκαιά
2726 3608 2874 3659 ἐστιν
2907 3605 3044 3659 am
3071 3602 3161 3657 ἐπ’
3187 3602 3478 3672 αὑτοφὸρῳ
3504 3600 3648 3654 ἐάλω
3681 3596 3875 3650 ποιῶν.
3905 3594 4018 3647 Καὶ

2432 3702 2508 3764 ὡς
2559 3701 2661 3754 οὐκ
2717 3695 2866 3770 εἶχεν
2921 3697 3208 3768 ἀρνεῖσθαι
3264 3695 3630 3763 ἐκπλαγέντα,
3683 3686 4020 3759 συγγνώμην

2435 3793 2618 3863 ζητῶν
2668 3793 3037 3863 ἐπετράπετο.
3069 3789 3272 3843 Εἵπετο
3302 3788 3360 3841 δέ
3409 3785 3487 3858 τῷ
3535 3784 3725 3856 νεανίᾳ
3773 3783 3871 3837 καὶ
3928 3782 4022 3834 ἀν·

2437 3889 2675 3958 θρωπος,
2712 3885 2770 3948 ὃς
2813 3883 3030 3955 συνῄδει
3076 3899 3136 3935 τε
3172 3882 3358 3944 αὐτοῖς
3386 3880 3478 3933 τὸν
3513 3878 3690 3948 ἔρωτα
3721 3877 3815 3929 καὶ
3853 3891 4025 3942 συνη-

2438 3985 2701 4046 πίστατο,
2756 3981 2852 4036 καὶ
2913 3979 3214 4055 ὑπουργῶν
3260 3976 3488 4031 διετέλει
3546 3975 3793 4044 ἀμφοῖν⁹
3859 3971 4028 4041 μῖμος

2437 4079 2484 4133 δ’
2519 4075 2606 4148 ἦν.
2655 4079 2752 4138 Ὃς
2781 4077 2884 4146 τήν
2906 4091 2966 4127 τε
2997 4073 3176 4144 ἀρχὴν
3205 4071 3284 4142 τῷ
3303 4072 3493 4140 νεανίᾳ
3520 4068 3762 4136 ὤτρυνεν
3794 4067 3892 4118 ἐπὶ
3935 4063 4031 4116 τδν

2442 4173 2639 4243 ἔρωτα.
2668 4170 2780 4223 Καὶ
2810 4168 3002 4222 τοῦτον
3026 4167 3266 4228 καλέσας
3290 4165 3454 4235 ἧρετο
3480 4165 3508 4216 ὁ
3539 4162 3832 4228 δεσπότης,
3864 4157 4034 4210 πόθεν

2442 4263 2695 4316 τοσοῦτον
2726 4259 2885 4331 ἔργον
2913 4258 3106 4311 ἑαυτὸν
3137 4252 3460 4323 πεποιηκὼς
3511 4249 3597 4318 εἴη
3633 4247 4031 4301 ἀνοσιώτατον.

2462 4355 2518 4408 '0
2554 4354 2611 4408 δὲ
2663 4353 2873 4419 ἔλεγεν,
2912 4351 2994 4404 ὅτι
3047 4350 3160 4418 Τὴν
3205 4345 3493 4415 ἐρωμένην
3550 4340 3644 4393 τοῦ
3696 4338 3789 4391 σοῦ
3846 4335 4038 4394 παιδὸς

2454 4449 2708 4516 ἑλόμενος
2747 4443 3062 4512 συνεγένου.
3089 4440 3190 4492 Διά
3220 4439 3395 4491 ταῦτα
3431 4437 3528 4488 σὺν
3559 4435 3684 4503 δίκῃ
3713 4431 3942 4500 ἐποίησέ
3980 4445 4038 4480 τε

2452 4539 2696 4594 τοιαῦτα.
2749 4539 2806 4589 '0
2845 4537 2952 4606 γάρ
2992 4553 3075 4588 τοι
3127 4535 3254 4594 παῖς
3295 4529 3458 4584 αὑτοῦ
3509 4531 3616 4598 ἤρα
3663 4525 3926 4592 γυναικὸς
3985 4523 4043 4573 ἐν

2454 4636 2518 4702 τῇ
2573 4632 2745 4692 πόλει,
2781 4630 2841 4681 οὗ
2893 4628 3074 4696 μέντοι
3127 4626 3447 4692 συνεγένετο
3480 4625 3545 4691 τῇ
3584 4618 3809 4687 γυναικὶ
3840 4617 4040 4685 ταύτῃ.

2454 4723 2565 4775 Καὶ
2595 4722 2714 4774 ἐπεί
2758 4738 2815 4773 τε
2850 4718 3184 4772 ἐπυνθάνετο
3235 4715 3534 4784 καλλίστην
3581 4709 3721 4765 εἶναι
3753 4712 3780 4763 ὁ
3831 4709 4041 4774 πατὴρ,

2456 4816 2684 4883 ὕστερον
2722 4810 2980 4866 ίὸιάσατό
3032 4828 3090 4863 τε
3133 4809 3228 4861 καὶ
3275 4807 3617 4874 συνεγένετο.
3655 4803 3767 4870 Τὴν
3802 4800 3990 4852 αἰτίαν
4021 4797 4049 4847 ὁ

2459 4909 2626 4976 μίμος
2659 4905 2748 4957 τόν
2795 4921 2852 4955 τε
2903 4903 3121 4955 νεανίαν
3164 4900 3256 4952 ἐπὶ
3302 4899 3394 4950 τὸν
3434 4897 3614 4968 ἔρωτα
3648 4894 3748 4962 τῆς
3773 4891 4050 4960 γυναικὸς

2455 5001 2668 5067 ἐκείνης
2723 4996 3121 5067 προετρέψατο.
3157 4993 3344 5046 Ταῦτα
3408 4977 3508 5060 μὶν
3563 4987 3660 5041 οὖν
3711 4987 3784 5048 ὡς
3832 4986 4051 5036 ἕκαστα

2454 5095 2701 5158 mem,
2739 5093 2994 5145 ἐκέλευσε
3035 5092 3078 5122 ²¹
3122 5091 3222 5156 τὴν
3255 5086 3501 5155 κεφαλὴν
3537 5082 3632 5134 τοῦ
3663 5080 3862 5141 παιδὸς
3908 5079 4053 5129 ἀπο⁴

2453 5183 2823 5251 ταμομένους,
2866 5181 3005 5250 μετά
3051 5177 3228 5232 ταῦτα
3255 5176 3455 5229 αὐτίκα
3506 5173 3600 5225 καὶ
3645 5171 3743 5239 τῆς
3778 5168 4052 5236 γυναικὸς

2453 5278 2778 5348 ῥποταμεῖν,
2824 5276 2919 5327 καὶ
2977 5274 3205 5341 ὕστερον
3255 5270 3350 5323 τοῦ
3410 5268 3600 5337 μίμου.
3639 5264 3888 5334 Τοιαύτῃ
3948 5261 4053 5330 μέν

2457 5369 2597 5440 τύχῃ
2631 5371 2657 5419 ὁ
2688 5368 2787 5435 τῆς
2824 5366 3030 5428 πόλεως
3081 5365 3265 5433 ἄρχων
3309 5360 3647 5433 περιπεσὼν,
3686 5355 3959 5426 συμφορᾷ
3990 5367 4055 5405 τε

2052 5510 2299 5572 Νοιυιω
2336 5508 2749 5584 marginales.

849 5660 962 5731 ('M)
992 5659 1297 5714 Parasitus.

864 5832 905 5862 ”
938 5831 1131 5896 λέγων,
1169 5829 1220 5882 in
1258 5827 1330 5880 al.
1355 5833 1511 5880 ιίττδε.
1592 5826 1635 5856 ¹⁰
1674 5824 1891 5888 Dion.
1919 5823 1980 5878 In
2020 5842 2143 5891 uno,
2179 5827 2495 5880 σννέὶασεν.

2549 5657 2660 5728 (75)
2693 5655 3008 5714 Rizardam,
3043 5649 3377 5705 marcltionis
3402 5647 3737 5702 Salutiarnm
3783 5644 3990 5699 ﬁliam.

2569 5829 2606 5858 “
2652 5824 2867 5878 ἐκέλευε
2905 5821 2965 5875 R.
3003 5830 3057 5873 ut
3093 5821 3145 5872 in
3189 5835 3234 5872 ε.
3273 5815 3336 5871 In
3381 5833 3510 5877 uno,
3535 5816 3776 5873 ἀποτεμ.
