4190 6434
203 366 304 428 289

1294 368 1393 429 DE
1431 370 1688 431 REBUS
1732 368 2095 432 TURClClS
2138 372 2285 434 LIB.
2329 372 2429 435 VI.

3364 379 3471 446 290

206 481 420 549 εχρῆτο,
477 481 568 532 καὶ
622 481 681 533 οὐ
749 482 925 549 πολλῴ
990 481 1215 552 ὕστερον
1263 484 1439 554 ἔγημε
1476 482 1755 554 θυγατέρα
1793 485 1885 538 τοῦ
1910 484 2162 557 Λιγύρων
2195 486 2242 518 ³³
2276 485 2562 558 τυράννου,
2596 488 2693 541 xei.
2739 490 2928 562 παιδιᾷ
2972 491 3122 555 ἀνεὶς
3167 494 3471 575 ἑαυτὸν,τά

206 574 396 639 πολλὰ,
425 577 795 645 παρεμυθεῖτο
818 578 915 648 τὴν
949 579 1140 647 τύχην.

284 672 342 721 Ὅ
374 670 563 740 μέντοι
604 671 877 742 Ἐλλήνων
913 673 1194 741 βασιλεὺς,
1231 675 1306 735 ὡς
1336 676 1519 745 παρῆν
1559 676 1617 728 ὲν
1643 675 1776 746 Φερ-

1961 668 2075 724 Rex
2134 671 2451 728 Gr:ecorum
2521 690 2644 729 cum
2706 676 2949 733 venisset
3000 678 3339 748 Ferrariam,
3399 684 3466 738 ad

206 764 371 833 ραρίᾳ
406 764 560 835 παρὰ
589 765 680 817 τὸν
729 764 948 835 Ῥώμης
977 766 1265 836 ἀρχιερέα,
1315 766 1392 829 ὡς
1443 766 1610 821 αὐτοῦ
1656 768 1778 820 τότε

200 855 496 927 διατρίϐων
558 844 880 928 ἐτύγχανεν,
948 859 1059 911 ἀπὸ
1128 859 1349 929 Ῥώμης
1402 860 1775 930 ἀφικόμενοςο

204 947 590 1017 Οὑενετδςγάρ
624 946 693 1021 ἦν
726 951 820 1003 καὶ
854 951 954 1019 τῆς
984 951 1270 1021 πατρίδος,
1304 951 1478 1005 ὲδεϊτο
1517 956 1781 1024 τιμωρεῖν

203 1039 351 1109 αὐτῷ
374 1041 432 1103 eg
456 1041 555 1111 τὴν
578 1042 713 1112 πρὸς
740 1044 1058 1114 Γερμανοὺς
1085 1044 1373 1115 διαφοράν.
1434 1045 1521 1110 Ἐς
1546 1045 1781 1111 διάλεξῐν

200 1147 259 1183 τε
293 1134 640 1203 κατέστησαν
688 1137 1287 1206 πολυπραγμονοῦντες
1339 1138 1439 1209 τὴν
1487 1139 1779 1211 διαφορὰν,

200 1224 323 1277 ὅποι
356 1223 470 1293 ἔχει
502 1226 727 1296 ἄμεινον
761 1229 977 1281 κεῖσθαι
1023 1231 1206 1293 αὐτοῖς
1236 1232 1460 1301 ἀμφοῖν.
1500 1234 1781 1287 Ἐντεῦθεν

163 1319 257 1369 ’δὲ
305 1318 806 1389 ἀπαλλαττόμενοι,
852 1323 1116 1390 ἀφίκοντο
1177 1327 1233 1387 ἐς
1294 1328 1635 1399 Φλωρεντίαν
1681 1331 1781 1398 τὴν

202 1410 511 1481 Τυρρηνῶν
550 1416 912 1485 μητρόπολιν,
952 1418 1106 1471 πόλιν
1137 1420 1383 1490 μεγάλην
1434 1439 1495 1473 τε
1536 1423 1630 1475 καὶ
1687 1424 1777 1476 sti-

196 1504 452 1574 δαίμονα,
482 1510 577 1559 καὶ
611 1508 907 1579 καλλίστην
949 1512 1061 1564 τῶν
1092 1513 1149 1565 ὲν
1215 1513 1413 1584 Ἰταλίᾳ
1439 1514 1673 1571 πόλεων.
1714 1516 1780 1569 Ἦ

195 1595 250 1647 δὲ
304 1597 587 1668 Τυρρηνία
640 1601 873 1669 ἄρχεται
930 1604 1032 1672 μὲν
1067 1604 1175 1657 ἀπὸ
1235 1604 1499 1676 Περώζης
1549 1607 1778 1671 πόλεως,

196 1687 291 1737 καὶ
319 1689 659 1757 ἀπείργουσα
702 1693 760 1743 ὲν
790 1691 941 1763 δεξιᾷ
974 1693 1132 1747 πόλιν
1159 1695 1450 1766 εὐδαίμονα
1486 1694 1777 1763 Βονωνίαν,

192 1778 372 1844 διήκει
412 1780 501 1830 ἐπὶ
526 1782 623 1850 τὴν
648 1780 891 1853 Δοὺκην.
924 1784 1084 1836 Ἔστι
1119 1785 1175 1839 δὲ
1220 1786 1254 1856 ἦ
1286 1803 1345 1839 τε
1408 1787 1617 1858 Λούκη,
1686 1790 1780 1841 καὶ

191 1867 252 1919 τὸ
309 1868 625 1939 Περούζιον,
695 1875 876 1937 πῦλεις
941 1876 1259 1945 αὐτόνομοι,
1363 1878 1423 1942 ἐς
1499 1880 1779 1952 δημοκρα-

192 1961 320 2013 τίαν
370 1962 790 2020 ἀποκλίνουσαι.
860 1968 926 2021 'H
967 1969 1023 2022 δὲ
1065 1970 1377 2037 Φλωρεντία
1425 1974 1579 2036 πόλις
1632 1976 1779 2029 ἐστὶν

1885 765 2192 819 Romanum
2232 768 2549 835 pontificem
2586 770 2885 841 Eugenium
2920 789 3203 842 quartum,
3256 779 3347 847 qui
3389 764 3468 831 ibi

1885 858 2231 924 versabatur,
2275 874 2399 912 cum
2434 878 2499 915 eo
2542 861 2611 916 ab
2645 863 2781 917 urbe
2800 862 2971 919 Roma
3004 876 3151 922 esset
3187 869 3470 938 profectus

1885 950 2026 1019 (eral
2063 950 2208 1003 enim
2239 949 2526 1023 Venetus),
2554 956 2807 1023 precibus
2840 956 3099 1027 fatigatur
3123 974 3152 1012 a
3189 961 3464 1029 pontifice,

1886 1052 1944 1093 ut
1978 1056 2036 1096 se
2095 1043 2314 1111 juvaret
2383 1047 2437 1099 in
2516 1048 2887 1112 contentione,
2923 1064 3044 1117 qua:
3081 1051 3468 1108 intervenisset

1888 1136 1989 1188 sibi
2044 1152 2166 1190 cum
2201 1137 2519 1193 Germanis.
2562 1140 2627 1194 Et
2695 1158 2817 1197 cum
2882 1144 2937 1197 in
2977 1147 3313 1216 colloquium
3376 1166 3471 1204 ve-

1883 1230 2112 1293 nissent,
2160 1232 2396 1300 plurima
2424 1235 2490 1288 de
2526 1237 2887 1293 contentione
2924 1239 3012 1291 illa
3058 1241 3463 1307 disseruerunt,

1885 1322 2155 1376 rationem
2190 1326 2442 1381 ineuntes
2490 1343 2598 1397 qua
2667 1330 2890 1399 utrique
2926 1347 3011 1387 res
3072 1335 3352 1402 pulchrius
3412 1349 3467 1391 ct

1882 1409 2100 1468 felicius
2135 1419 2516 1473 succederent.
2556 1421 2695 1476 Hinc
2727 1422 2983 1491 profecti,
3011 1441 3207 1481 venere
3243 1425 3466 1483 Floren-

1883 1502 2014 1557 tiam
2056 1505 2466 1576 Tyrrhenorum
2533 1512 2673 1580 (sive
2745 1512 3035 1585 Hetruriae)
3095 1520 3463 1585 metropolim,

1885 1594 2075 1650 urbem
2137 1614 2387 1669 magnam
2416 1612 2468 1657 et
2495 1605 2832 1673 cpulcntam,
2872 1624 2993 1676 quae
3055 1611 3465 1679 pulchritudine

1883 1700 2075 1744 omnes
2100 1689 2269 1745 Italia:
2309 1695 2471 1749 urbes
2502 1709 2817 1766 exsuperat.
2884 1698 3191 1771 Tyrrhenia
3232 1705 3377 1775 (qua:
3410 1716 3465 1761 et

1884 1785 2163 1855 lietruria)
2195 1788 2387 1856 incipit
2425 1792 2492 1843 ab
2520 1791 2653 1847 urbe
2683 1791 2934 1860 Perusio,
2963 1804 3017 1849 et
3043 1796 3233 1851 dextra
3271 1808 3466 1855 tenens

1887 1878 2193 1933 Bononiam
2234 1881 2424 1934 urbem
2459 1883 2798 1952 Opulentam,
2840 1886 3103 1958 pertingit
3143 1905 3315 1960 usque
3355 1890 3463 1945 Luc

1885 1986 2027 2025 cam.
2065 1970 2210 2025 Luca
2274 1981 2453 2026 autem
2489 1985 2543 2029 et
2581 1975 2871 2031 Perusium
2910 1990 3040 2034 sunt
3080 1980 3335 2037 civitates
3404 1985 3465 2038 li-

192 2052 505 2136 όλόιωτάτη
556 2058 698 2125 μετά
727 2075 791 2124 γε
825 2060 926 2129 τὴν
970 2062 1250 2117 Οὑενετῶν
1284 2065 1460 2130 πόλιν,
1488 2066 1580 2119 ἐπὶ
1607 2068 1776 2137 ἐμπο-

1882 2062 2043 2129 berae,
2081 2073 2133 2116 et
2162 2066 2216 2117 in
2251 2062 2642 2121 democratiam
2681 2084 2852 2125 versae
2893 2084 3180 2140 reguntur.
3237 2076 3465 2133 Floren-

194 2149 323 2215 ρίαν
348 2149 468 2218 ἆμα
519 2150 613 2203 καὶ
636 2155 919 2223 γεωργοὺς
973 2162 1323 2228 παρεχομένη
1371 2161 1500 2223 τοὺς
1555 2160 1775 2227 ἀστούς.

192 2240 425 2294 Συνέσει
456 2243 511 2296 δὲ
544 2243 654 2296 τῶν
677 2246 852 2300 ἄλλων
884 2249 1135 2303 δοκοῦσιν
1158 2247 1307 2306 οὗτοι
1349 2254 1627 2324 προέχειν,
1682 2257 1779 2310 καὶ

193 2334 639 2405 διαπράττεσθαι
679 2339 923 2408 ἄμεινον,
958 2343 1061 2405 ἑςὸ
1092 2360 1144 2396 τι
1176 2344 1242 2398 ἂν
1280 2345 1492 2413 γένοιτο
1515 2349 1565 2402 oi
1612 2348 1775 2419 τῆσδε

190 2427 293 2495 τῆς
332 2429 541 2492 πόλεως
576 2430 792 2501 ἄνδρες.
852 2433 1187 2490 Εὐθύνονται
1224 2436 1270 2468 ’³
1319 2439 1376 2493 δὲ
1429 2439 1569 2493 κατὰ
1629 2441 1777 2497 τάδε.

193 2521 371 2592 Boniti)
406 2524 554 2577 ἐστιν
585 2524 766 2587 αὐτοῖς
796 2527 850 2587 ἐς
899 2530 1315 2597 πεντακοσίους,
1378 2533 1510 2601 περὶ
1540 2531 1648 2584 τῶν
1676 2536 1775 2603 τῆς

190 2613 402 2676 πόλεως
438 2617 783 2684 πραγμάτων
816 2617 915 2687 τὴν
944 2619 1126 2689 ψῆφον
1174 2621 1461 2693 τιθεμένη,
1514 2623 1611 2675 καὶ
1649 2623 1773 2692 περὶ

190 2705 440 2775 πολέμου
472 2708 563 2760 καὶ
600 2709 829 2778 εἰρήνης
867 2712 960 2763 καὶ
994 2711 1308 2780 πρεσϐειῶν
1358 2713 1774 2785 χρηματίζουσα

191 2798 375 2865 σφίσι.
402 2801 511 2852 Καὶ
537 2800 730 2869 ἄνδρες
772 2801 866 2856 δύο
903 2804 1175 2872 πάρεστον
1230 2805 1417 2868 αὐτοῖς
1486 2808 1774 2875 ἐπήλυδες,

188 2892 738 2962 οὒ;μεταπέμπεται
792 2896 826 2963 ἡ
882 2895 1150 2962 πολιτεία,
1208 2898 1501 2967 τιμῶντες.
1543 2901 1647 2953 Τὸν
1679 2901 1779 2971 μὲν

186 2980 459 3050 δικαστὴν
478 2981 766 3047 ἐφιστᾶσιν
792 2982 929 3052 αὐτῇ
957 2983 1063 3036 τῶν
1113 2984 1482 3055 ἐγκλημάτων
1534 2989 1634 3055 τῆς
1674 2989 1775 3041 πό-

186 3074 353 3134 λεως’
378 3075 469 3125 τὸν
497 3074 555 3126 δὲ
583 3076 641 3137 ἐς
663 3075 725 3126 τὸ
756 3074 855 3137 τάς
883 3074 1050 3138 ἄλλας
1080 3076 1233 3139 δίκας
1264 3077 1509 3142 δικάζειν
1538 3079 1635 3148 τῆς
1675 3081 1773 3132 πό-

183 3165 329 3226 λεως
352 3166 516 3218 αὑτὸν
558 3167 703 3235 ἀμφὶ
733 3167 831 3237 τὴν
862 3167 962 3236 τῆς
1013 3168 1223 3232 πόλεως
1285 3170 1453 3240 ἀλλην
1507 3172 1773 3243 διοίκησιν

185 3259 432 3324 ἔχουσιν.
480 3260 785 3329 Ἐπήλυδας
805 3261 860 3314 δὲ
887 3261 1043 3325 οὗτος
1070 3264 1375 3330 ἐπάγονται
1420 3267 1549 3328 τοὺς
1577 3265 1774 3335 ἄνδρας

184 3354 415 3415 αὐτοὺς,
458 3353 533 3414 ὡς
565 3352 632 3405 ἂν
668 3355 742 3424 μὴ
772 3355 1007 3420 πολῖται,
1057 3356 1198 3407 οἵτε
1250 3355 1567 3420 δικάζοντες
1621 3358 1775 3429 δίκην
1800 3383 1844 3445 C

182 3446 335 3518 τινὰ,
370 3445 464 3495 ἐπὶ
498 3443 703 3514 θάτερα
763 3446 1199 3501 ταλαντεύοιντο.
1234 3448 1526 3518 Αίροῦνται
1555 3448 1611 3501 δὲ
1675 3452 1772 3519 ἀρε

181 3549 388 3600 χοντας
424 3532 536 3585 τῶν
586 3537 936 3604 πραγμάτων
986 3537 1087 3605 τῆς
1136 3539 1364 3601 πόλεως,
1422 3540 1514 3593 καὶ
1550 3558 1775 3611 σημαιο-

183 3627 360 3694 φόρον
417 3626 549 3696 παρ’
581 3628 765 3691 αὐτοῖς
830 3628 1187 3700 καλούμενον,
1255 3634 1635 3703 τριμηνιαίους
1677 3636 1776 3705 τὴν

183 3721 389 3790 ἀρχὴν,
422 3724 477 3783 ὲς
501 3721 592 3783 οὓς
620 3722 687 3774 τὰ
718 3725 1028 3791 πράγματα
1060 3724 1158 3793 τῆς
1188 3725 1419 3791 πόλεως,
1454 3727 1522 3778 τά
1549 3744 1607 3778 τε
1640 3730 1774 3797 χρή-

186 3830 338 3882 ματα
370 3814 467 3865 καὶ
494 3816 524 3884 ή
564 3816 829 3881 πρόσοδος
856 3818 1215 3885 ἀναφέρεται.
1250 3818 1355 3871 Καὶ
1383 3820 1606 3872 ἐπειδάν
1631 3838 1774 3883 τινες

182 3906 433 3975 πόλεμον
481 3907 740 3976 φέροντες
799 3908 1085 3977 ἥείρήνην
1131 3909 1403 3978 ἀνηνέχθη
1460 3911 1516 3973 ὲς
1548 3910 1770 3975 αὐτοὺς,

181 4000 333 4054 οὗτοι
371 3996 443 4051 αὖ
469 4000 561 4051 ἐπὶ
592 4000 686 4069 τὴν
722 4001 1094 4053 πεντακοσίων
1120 4001 1333 4069 βουλήν,
1394 4001 1532 4063 Τοὺς
1587 4001 1641 4053 δὲ
1676 4002 1772 4072 ἄρ-

183 4110 387 4162 χοντας
418 4091 706 4161 αἱροῦνται
739 4093 851 4144 ἀπὶ)
880 4092 973 4144 τοῦ
1012 4093 1207 4162 δήμου,
1228 4093 1472 4163 δημότας
1502 4110 1560 4146 τε
1589 4095 1769 4157 ὄντας,

184 4186 278 4238 καὶ
308 4184 525 4253 τεχνῶν
544 4201 705 4237 τινων
738 4185 1062 4242 ἐπιστάτας.
1107 4184 1323 4248 Ἔξεστι
1356 4184 1411 4236 δὲ
1449 4185 1541 4237 καὶ
1574 4188 1773 4254 ὁτῳοῦν

183 4281 325 4348 ξένῳ
358 4281 416 4329 ὲν
463 4277 634 4347 ταύτῃ
661 4280 725 4347 τῇ
768 4276 920 4329 πόλει
953 4277 1211 4345 γενέσθαι
1241 4277 1457 4348 πολίτῃ,
1494 4276 1773 4346 ξυνεισφέ-

184 4390 337 4439 ροντι
372 4374 429 4434 ἐς
469 4371 569 4442 τὴν
604 4372 781 4435 πόλιν,
808 4371 951 4423 καθὰ
985 4371 1268 4440 νομίζεται
1301 4374 1505 4433 αὐτοῖς.
1553 4373 1617 4424 Ἢ
1649 4372 1773 4437 μέν·

183 4480 261 4515 τοι
295 4464 493 4533 βουλὴ,
526 4463 753 4515 ἐπειδάν
783 4480 891 4515 τινι
921 4462 1089 4532 ψήφῳ
1141 4463 1489 4531 προσκέοιτο,
1552 4466 1663 4523 τοῖς
1717 4476 1774 4513 τε

183 4558 455 4626 ἄρχουσιν
490 4556 777 4625 ἐπιτρέπει
809 4554 1241 4623 διαπράττεσθαι
1296 4554 1371 4617 ὡς
1400 4554 1668 4606 κάλλιστά
1713 4570 1772 4605 τε

185 4655 277 4702 καὶ
304 4652 531 4717 ἄριστα.
586 4648 675 4710 Ἐς
705 4647 873 4700 ταυτὸ
898 4646 961 4715 δὴ
991 4648 1050 4698 τὸ
1080 4646 1179 4715 τῆς
1211 4646 1491 4709 πολιτείας
1516 4640 1660 4708 εἶδος
1684 4664 1771 4698 τε-

1882 2155 1979 2219 tia,
2048 2166 2200 2211 extra
2245 2155 2579 2213 Venetorum
2642 2163 2874 2230 urbem,
2913 2165 3084 2221 Italia:
3142 2170 3274 2225 urbs
3324 2187 3430 2241 opu

1882 2248 2185 2304 lentissima
2217 2260 2323 2316 est,
2367 2253 2632 2324 civesque
2686 2256 2753 2309 ad
2791 2259 3183 2327 agriculturam
3217 2273 3271 2317 et
3318 2282 3463 2320 mer-

1880 2348 2126 2395 caturam
2152 2347 2419 2401 extrudit.
2456 2345 2517 2398 lli
2578 2346 2937 2418 intelligentia
2986 2354 3226 2425 reliquos
3280 2362 3462 2414 excel—

1881 2435 1991 2488 lere
2048 2436 2325 2503 videntur,
2368 2438 2683 2510 optimeque
2743 2443 2979 2499 eliicitur
3037 2448 3305 2520 quidquid
3358 2453 3462 2508 viri

1881 2528 1971 2582 isti
2006 2528 2209 2583 fuerint
2244 2532 2511 2600 aggressi.
2553 2532 2885 2604 Respublica
2923 2538 3027 2595 hoc
3069 2544 3233 2599 modo
3283 2545 3463 2601 admi—

1880 2623 2167 2675 nistratur.
2192 2622 2284 2677 Est
2326 2625 2379 2679 in
2412 2639 2474 2678 ea
2511 2627 2804 2683 consilium
2833 2632 3260 2708 quipgentorum
3309 2638 3463 2693 viro-

1882 2725 2024 2775 rum,
2050 2712 2145 2781 qui
2181 2712 2247 2766 de
2272 2712 2509 2770 civitatis
2538 2719 2700 2773 rebus
2757 2722 3090 2787 consultant,
3115 2726 3182 2780 de
3210 2728 3369 2796 bello,
3395 2730 3463 2785 de

1881 2819 2035 2873 pace,
2070 2806 2137 2859 de
2161 2806 2354 2875 legatis
2387 2811 2717 2865 sententiam
2762 2812 3023 2871 ferentes.
3069 2817 3283 2873 Habent
3316 2824 3461 2878 viros

1878 2894 2016 2948 duos
2048 2897 2365 2965 peregrinos
2403 2898 2538 2969 (76),
2605 2917 2743 2971 quos
2778 2917 3127 2964 accersentes
3159 2913 3458 2980 plurimum

1879 3000 2229 3044 venerantur.
2269 2991 2450 3046 linum
2484 2996 2781 3051 criminum
2841 3002 3159 3071 capitalium
3215 3006 3457 3074 judicem

1880 3084 2247 3149 constituunt,
2311 3089 2544 3144 alterum
2614 3093 2855 3164 reliquas
2920 3098 3073 3153 urbis
3132 3110 3459 3156 controver-

1880 3175 1991 3228 sias
2036 3176 2287 3243 judicare
2321 3180 2539 3247 jubent.
2573 3181 2736 3239 Cives
2789 3194 2973 3242 autem
3008 3190 3215 3259 reliqua
3276 3196 3460 3264 reipu-

1876 3264 2033 3320 blica:
2067 3270 2253 3322 munia
2286 3270 2513 3327 obeunt.
2568 3275 2900 3345 Peregrinos
2952 3289 3134 3335 autem
3174 3296 3459 3353 propterea

1878 3358 2180 3425 asciscunt,
2211 3379 2277 3417 ne
2313 3368 2460 3421 cives
2503 3367 2688 3423 favore
2719 3378 2815 3425 aut
2844 3373 2970 3429 odio
3002 3376 3251 3441 adducti,
3288 3380 3339 3432 in
3376 3383 3459 3432 ul-

1882 3460 2146 3506 terutram
2206 3464 2417 3523 partem
2481 3459 2571 3525 jus
2627 3462 2872 3519 dicentes
2928 3465 3286 3523 abducantur.
3352 3470 3461 3525 Du-

1877 3556 1994 3595 cem
2020 3558 2113 3598 seu
2142 3547 2453 3618 principem
2486 3551 2798 3621 reipublicae
2827 3566 3040 3619 creant,
3087 3574 3248 3627 quem
3290 3564 3462 3628 signi-

1877 3634 2053 3689 ferum
2121 3651 2494 3710 nuncupant:
2536 3644 2630 3713 qui
2697 3646 2975 3703 trimestre
3013 3657 3229 3719 tempus
3292 3655 3462 3723 magi-

1879 3737 2111 3780 Stratum
2146 3732 2305 3798 gerit,
2342 3734 2407 3785 ad
2440 3748 2602 3803 quem
2656 3737 2927 3792 universa:
2977 3740 3219 3796 civitatis
3253 3743 3462 3800 reditus

1877 3824 1930 3867 et
1959 3817 2159 3871 tributa
2189 3821 2525 3876 referuntur.
2560 3822 2616 3877 Si
2639 3826 2731 3894 qui
2797 3827 2944 3881 hunc
2998 3832 3221 3898 adeunt,
3271 3848 3460 3900 pacem

1877 3917 1969 3960 aut
1991 3910 2193 3963 bellum
2226 3910 2542 3978 afferentes,
2574 3915 2760 3970 statim
2805 3918 3155 3975 deducuntur
3199 3924 3265 3976 ad
3299 3925 3463 3993 quin-

1876 4010 2166 4070 gentorum
2194 4008 2514 4062 consilium.
2547 4008 2907 4080 Magistratus
2933 4013 3121 4083 legunt
3162 4016 3228 4071 de
3260 4023 3463 4086 populo

1878 4094 2189 4163 populares,
2217 4106 2270 4151 et
2328 4101 2692 4167 quorumdam
2748 4103 3108 4158 artiﬁciorum
3174 4110 3457 4176 prasidiis.

1877 4182 2023 4237 Licet
2051 4187 2276 4239 cuilibet
2333 4189 2454 4255 ejus
2516 4190 2669 4245 urbis
2732 4193 2846 4247 fieri
2880 4195 3012 4257 civi,
3087 4196 3132 4251 si
3190 4208 3456 4255 statutum

1878 4275 2111 4343 pretium
2179 4278 2468 4332 intulerit:
2506 4282 2798 4337 consilium
2834 4284 2965 4338 illud
2998 4288 3041 4341 si
3082 4290 3211 4356 quid
3272 4292 3464 4345 decre-

1878 4368 2037 4431 verit,
2069 4368 2122 4420 id
2159 4378 2215 4421 ut
2239 4373 2653 4426 exsecutionem
2691 4379 2979 4440 sortiatur,
3027 4379 3266 4437 ducibus
3304 4398 3460 4437 man-

1878 4460 2028 4514 dant.
2067 4459 2190 4515 Haec
2231 4463 2540 4530 reipublicm
2596 4466 2771 4518 forma
2832 4483 2970 4536 pene
3024 4477 3267 4525 omnium
3320 4474 3458 4545 Tyr~

1882 4552 2085 4606 rhenia:
2116 4552 2335 4607 urbium
2370 4563 2471 4608 est.
2524 4554 2659 4609 Nam
2693 4558 2849 4626 juxta
2903 4560 3043 4615 hanc
3082 4564 3460 4631 gubernantur

1878 4643 2185 4708 Perusium,
2220 4646 2385 4711 Luca,
2412 4648 2655 4702 Aretium
2686 4659 2738 4704 et
2790 4649 2965 4706 Sena.
2997 4652 3115 4709 Huc
3154 4672 3275 4709 cum
3337 4674 3461 4727 per-

184 4744 509 4811 τραμμέναι
544 4741 653 4792 εἰσὶ
684 4740 874 4809 σχεδόν
900 4756 982 4791 τοι
1030 4736 1320 4805 σύμπασαι
1373 4738 1429 4789 αἱ
1459 4738 1560 4806 τῆς
1617 4738 1766 4808 Τυρ-

1880 4739 2155 4792 venissent
2203 4739 2399 4805 Graeci,
2443 4742 2612 4796 multa
2661 4743 2753 4797 diu
2800 4759 2962 4814 egere
3009 4762 3134 4800 cum
3201 4753 3460 4817 pontifice

188 4836 379 4901 (invia,-
415 4832 619 4894 πόλεις,
656 4833 715 4884 τό
750 4847 809 4882 τε
852 4830 1172 4898 Περούσιον,
1242 4830 1273 4896 ἡ
1328 4829 1531 4897 Λοόκη.
1572 4831 1664 4882 καὶ
1711 4836 1768 4881 τὸ

198 4928 468 4996 ’Δρέτιον,
495 4926 591 4978 καὶ
631 4926 687 4977 αἱ
716 4925 910 4994 Σῆναι,
935 4924 1141 4985 πόλεις.
1182 4923 1239 4975 Ἐ
1256 4924 1455 4977 κταῧΘα
1506 4924 1570 4993 δὴ
1608 4925 1771 4992 ἀφιγ-

194 5023 343 5088 μένοι
380 5023 429 5071 οἱ
467 5018 728 5087 Ἕλληνες
784 5018 881 5070 σὺν
913 5015 989 5086 τῷ
1049 5017 1319 5086 ἀρχιερεῖ,
1373 5016 1771 5087 πολυπραγμο-

189 5113 411 5172 νοῦντες
443 5110 543 5179 μὲν
577 5111 664 5161 ἐπί
716 5126 840 5161 τινα
904 5109 1095 5178 χρόνον
1156 5108 1255 5178 τὴν
1317 5110 1416 5179 τῆς
1469 5108 1769 5177 Θρησκείας

185 5205 475 5273 ὄιαῳορὰν,
508 5204 630 5255 ὅποι
656 5219 709 5253 τε
745 5202 858 5270 ἔχει
882 5201 1106 5270 ἄμεινον
1142 5202 1398 5271 εἰρῆσθαι
1429 5203 1635 5265 αὐτοῖς,
1674 5202 1768 5254 καὶ

182 5296 554 5357 τελευτῶντες
597 5295 900 5363 ξυνέϐησαν
935 5296 991 5356 ἐς
1023 5294 1082 5345 τὸ
1112 5294 1261 5356 αὐτὸ,
1298 5293 1504 5361 ξυνῳδά
1551 5294 1768 5362 ἀποφη-

184 5389 411 5453 νάμενοι
439 5387 741 5454 ἀμφότεροι
777 5386 930 5453 σφίσι
952 5387 1019 5439 τὰ
1045 5388 1297 5455 διὰφορι,
1322 5387 1396 5448 ὡς
1456 5390 1520 5455 τῇ
1546 5385 1767 5454 ,γνώμῃ

1881 4831 1932 4884 in
1964 4831 2243 4901 religionis
2279 4836 2521 4902 negotio,
2560 4835 2805 4891 volentes
2833 4839 2888 4890 id
2932 4839 2999 4891 ad
3048 4840 3316 4909 optimum
3367 4845 3460 4898 de-

1880 4926 2081 4979 ducere
2115 4925 2298 4979 linem.
2333 4924 2623 4982 Posuemo
2668 4927 2825 4998 155
2878 4944 2943 4983 eo
2980 4940 3200 5002 ventum
3229 4945 3335 4997 est,
3401 4944 3460 4989 ut

1882 5017 2026 5069 inter
2049 5031 2108 5068 se
2156 5020 2537 5071 consentirent
2568 5028 2622 5070 θῑ
2654 5020 3009 5074 concordiam
3056 5021 3202 5077 inter
3237 5040 3296 5079 $8
3328 5040 3459 5079 COII-

1880 5108 2234 5176 glutinarent.
2260 5108 2447 5178 Itaque
2473 5110 2526 5163 in
2565 5111 2709 5166 hanc
2747 5115 3078 5169 sententiam
3110 5126 3323 5177 euntes.
3358 5118 3457 5172 de-

1879 5212 2169 5255 creverunt
2194 5203 2247 5256 in
2282 5213 2563 5272 posterum
2598 5205 2737 5260 nihil
2789 5207 2843 5259 in
2900 5207 3183 5277 religionis
3241 5214 3460 5281 negotio

1879 5294 2159 5349 innovare.
2201 5297 2268 5350 Et
2322 5306 2381 5350 ut
2448 5298 2549 5352 ista
2582 5307 2700 5353 rata
2744 5311 3071 5367 manerent,
3119 5303 3340 5371 scriptis
3403 5312 3458 5358 et

1879 5398 2196 5442 sanctorum
2262 5390 2630 5446 obtestatione
2691 5405 3037 5461 sanxerunt,
3086 5410 3145 5451 se
3199 5394 3460 5465 deinceps

1464 5527 1706 5587 Νοιυιω
1742 5527 2152 5605 marginaies.

270 5675 377 5741 (ili)
414 5673 518 5726 Em
556 5683 819 5741 praetores
858 5674 973 5727 sive
1008 5681 1308 5743 potestates
1351 5684 1569 5727 vocant.

260 5849 299 5876 ”
337 5844 359 5900 I
466 5865 474 5873 '
574 5842 641 5885 ντ·
770 5848 781 5860 ⁸
814 5844 841 5897 δ
878 5844 901 5876 ⁷
996 5863 1013 5873 ⁸
1046 5843 1307 5897 ὶῘπόοσοί
1348 5837 1435 5893 τε).
1519 5842 1561 5872 ³³
1595 5840 1776 5895 εὐθύ-λε

369 5864 535 5911 itera,
580 5863 730 5915 δμαι
760 5863 786 5896 ο
846 5862 1011 5908 amat,
1047 5878 1059 5898 .
1181 5892 1191 5912 ,
1284 5882 1303 5905 ,
1345 5861 1379 5911 η

1890 5884 1901 5897 .
1941 5842 2030 5897 Sic
2052 5845 2211 5896 etiam
2249 5842 2313 5896 Β.
