4190 6434
704 412 806 478 291
1821 390 2127 452 LAONlCI
2155 385 2595 447 CllALCOCON
2607 385 2822 446 ω’ωι
3845 381 3950 444 902

700 517 1058 578 unanimesin
1095 514 1376 585 religionis
1400 511 1618 582 negotio
1653 507 1792 562 fore.
1830 506 1964 559 lliuc
1990 503 2271 556 Romanus
2302 513 2346 567 Α

2302 513 2346 567 Α
2375 504 2429 562 ὲς
2463 500 2630 554 ταυτδ
2667 500 2838 570 ἄμφω
2865 499 2945 570 τῷ
2976 499 3120 567 γένει
3187 498 3378 562 ἰόντες,
3429 498 3704 569 μηδεμίαν
3762 496 3951 566 βούλε-

699 614 943 686 pontifex
971 608 1153 678 allegit
1206 607 1259 658 in
1295 603 1655 659 cardinalium
1688 599 1937 652 ordinem
1991 598 2108 665 (qui
2155 596 2265 664 pri-

2377 597 2505 644 σθαι
2527 594 2678 659 σφίσι
2704 593 3062 661 καινοτομίαν
3091 592 3298 655 αὐτοῖς.
3327 593 3438 644 Καὶ
3464 592 3726 658 ἐξέφερον
3789 590 3951 642 τοῦτο

700 683 827 760 inus
884 701 1025 772 apud
1087 696 1396 768 pontiﬁcem
1426 701 1531 760 est)
1583 693 1732 746 viros
1762 690 1900 744 duos
1949 687 2264 741 Grecorum

2373 685 2694 754 γράμμασι,
2727 685 2823 736 καὶ
2866 685 2926 747 ὲς
2973 685 3101 746 τοὺς
3152 685 3343 750 ἁγίους
3403 683 3951 753 ὲπιμαρτυρούμενοι

702 796 1099 856 nobilissimos,
1124 805 1332 859 eosque
1356 787 1457 843 sibi
1505 781 2108 851 familiaritatejunxit.
2156 778 2268 833 Vo-

2381 777 2679 848 μηδέτερον
2710 777 3066 846 νεωτερίζειν
3095 777 3230 845 πρδς
3255 778 3356 845 τὴν
3380 777 3702 848 θρησκείαν.
3734 775 3952 828 Ἐντεῦ-

698 897 902 942 cantur
929 900 1077 939 enim
1113 882 1445 939 cardinales.
1478 879 1638 949 quasi
1673 874 1958 944 religionis
2013 872 2184 926 duces
2216 880 2271 925 et

2379 870 2471 921 θεν
2500 869 2894 939 ἐπιλεξάμενος
2919 873 2946 923 ὁ
2977 869 3086 922 τῶν
3131 868 3422 939 Ῥωμαίων
3469 870 3766 939 ἀρχιερεὺς
3795 869 3955 938 ἀνδρα

699 979 998 1030 antistites.
1029 975 1140 1026 llos
1158 974 1302 1025 enim
1325 973 1536 1025 honore
1568 969 1668 1022 sibi
1708 967 1986 1036 proximos
2044 964 2268 1032 triginta

2378 963 2494 1025 δύο,
2525 963 2636 1015 τῶν
2669 963 2939 1033 Ἑλλήνων
2989 964 3430 1031 εὖδοκιμωτὰτω,
3501 961 3822 1034 ᾡκειώσατό
3883 962 3954 1022 οἱ,

703 1069 872 1138 elegit
899 1063 1166 1136 pontifex,
1203 1065 1381 1133 iisque
1412 1063 1578 1114 sociis
1609 1071 1662 1114 et
1691 1057 2021 1112 consiliariis
2077 1055 2269 1108 utitur.

2382 1058 2769 1124 ἀνακτώμενος
2810 1059 2856 1088 ’⁸
2912 1061 2981 1110 τὰ
3039 1058 3279 1126 μάλιστα
3331 1055 3497 1118 ἀξίως
3559 1071 3620 1106 τε
3673 1057 3772 1122 τῆς
3826 1052 3958 1125 παρ’

703 1159 1027 1229 Suppeditat
1069 1156 1155 1210 his
1184 1156 1392 1210 reditus
1435 1151 1788 1215 suﬂieieutcs,
1839 1148 2128 1217 assignans
2177 1146 2273 1199 iis-

2384 1148 2564 1219 ἑαυτῷ
2604 1151 2772 1219 τιμῆς
2807 1151 2906 1218 τῆς
2941 1150 3233 1218 μεγίστης.
3261 1147 3606 1216 καρδινάλεις
3632 1163 3690 1199 τε
3733 1146 3961 1198 ἀπέδει·

703 1255 826 1307 dem
879 1253 1154 1320 regiones,
1212 1249 1355 1302 unde
1410 1262 1542 1316 opes
1595 1243 1927 1298 sufﬁcientes
1977 1241 2272 1310 accipiant.

2387 1244 2497 1309 ξεν,
2527 1239 2616 1297 οἷα
2641 1245 2740 1313 τῆς
2770 1243 3074 1314 θρησκείας
3097 1243 3337 1313 ἡγεμόνε
3368 1244 3436 1295 ⁸⁸.
3465 1239 3707 1303 Τούτους
3757 1241 3868 1308 γὰρ
3892 1240 3958 1309 δὴ

704 1345 806 1400 Hic
824 1344 1044 1412 quidem
1081 1339 1509 1402 minores.alius
1551 1337 1784 1405 majores
1841 1333 2076 1402 acquirit
2116 1345 2276 1400 opes.

2388 1338 2445 1399 ὲς
2477 1336 2576 1407 τὴν
2599 1338 2732 1406 παρ’
2765 1337 2944 1406 ἑαυτῷ
2985 1336 3167 1406 χώραν
3227 1336 3569 1406 ἱδρυμένους,
3626 1336 3771 1403 ἀμφὶ
3834 1333 3962 1395 τοὺς

705 1435 1014 1492 secundum
1079 1435 1334 1502 regiones
1382 1446 1522 1500 quas
1579 1428 1779 1499 singuli
1825 1426 2167 1482 sortiuntur.
2217 1422 2278 1476 In

2386 1428 2704 1495 τριάκοντα,
2738 1429 2992 1497 ἑταίρους
3017 1445 3076 1481 τε
3125 1428 3275 1496 αῦτῷ
3301 1429 3569 1495 ἐπάγεται
3594 1427 3691 1478 καὶ
3725 1422 3968 1492 συμϐού-

708 1531 905 1584 horum
958 1530 1126 1598 igitur
1184 1528 1365 1579 album
1414 1522 1600 1577 retulit
1659 1520 1906 1590 pontifex
1952 1519 2100 1572 viros
2143 1516 2281 1570 duos

2387 1519 2536 1584 λους,
2569 1522 2945 1590 παρεχόμενός
2969 1538 3029 1573 τε
3065 1521 3332 1589 πρόσοδον
3385 1517 3604 1590 ίκανὴν,
3657 1518 3751 1569 καὶ
3780 1516 3970 1586 χώραν

708 1620 1048 1684 Graecorum,
1135 1617 1512 1669 llessnrinnem
1576 1611 2032 1681 Trapeznntiuui,
2088 1607 2283 1661 Nicw

2390 1612 2484 1678 ἀφ’
2513 1607 2580 1682 ἧς
2611 1611 2676 1664 ἀν
2697 1612 2882 1674 αὐτοῖς
2926 1613 3147 1681 προσίοι
3203 1615 3484 1682 χρήματα,
3518 1609 3597 1679 τῷ
3636 1611 3738 1678 μὲν
3791 1607 3968 1667 πλέω.

709 1714 1052 1782 episcopum,
1094 1718 1145 1761 ct
1169 1708 1435 1761 lsidorum
1469 1706 1754 1759 Sarmatiae
1805 1707 1948 1772 (quae
1979 1712 2031 1755 et
2059 1699 2283 1769 Russia)

2390 1703 2470 1772 τῷ
2498 1703 2556 1756 δὲ
2584 1705 2820 1768 ἐλάττω,
2845 1704 3016 1771 ἀξιῶν
3045 1704 3121 1767 ὡς
3144 1704 3258 1773 ἔχει
3280 1721 3342 1756 τε
3379 1703 3600 1771 έκάστῳ
3642 1699 3739 1753 καὶ
3761 1698 3970 1769 χώρας.

711 1807 1054 1874 episc0pum.
1083 1800 1218 1856 Nam
1260 1803 1455 1856 horum
1511 1814 1676 1862 opera
1726 1797 2022 1866 plurimum
2068 1794 2287 1863 adjutus

2405 1795 2494 1858 Ἐς
2526 1795 2748 1859 τούτους
2775 1798 2841 1868 δὴ
2871 1796 3278 1867 ἀπολεξάμενος
3323 1797 3525 1865 ἄνδρας
3559 1794 3654 1847 δύο
3704 1793 3814 1846 τῶν
3857 1792 3977 1843 Ἐλ-

711 1899 872 1952 estin
925 1896 1218 1951 concordia
1252 1910 1372 1948 cum
1424 1891 1628 1946 Graecis
1679 1889 1938 1944 ineunda.
1988 1885 2065 1941 De
2098 1886 2290 1940 Bessa-
2320 1877 2365 1934 Β

2320 1877 2365 1934 Β
2391 1887 2592 1959 λήνων,
2623 1889 2973 1959 Βησσαρίονα
3005 1891 3098 1942 τὸν
3122 1889 3232 1942 ἀπὸ
3268 1886 3708 1957 Τραπεζοῦντος,
3735 1884 3973 1946 Νικαίας

717 1990 872 2045 rioue
897 2004 1020 2060 qua:
1047 1987 1254 2056 accepi,
1292 1985 1580 2056 diligenter
1636 1980 1938 2035 adnotabo.
1995 1978 2287 2033 Bessarion

2394 1981 2696 2052 ἀρχιερέα,
2768 1983 2862 2035 καὶ
2927 1980 3202 2050 Ἰσίδωρον
3257 1980 3349 2032 τὸν
3411 1978 3734 2049 Σαρματίας
3780 1978 3978 2047 ἀρχιε-

718 2090 872 2136 tanto
894 2081 1340 2136 eratinstructus
1375 2093 1405 2131 a
1465 2086 1661 2130 natura
1698 2075 2001 2139 intellectu,
2045 2079 2102 2125 ut
2156 2084 2295 2140 pra:-

2396 2075 2518 2140 ρέα,
2541 2071 2803 2141 ὑπουργὼ
2835 2088 2893 2123 τε
2922 2071 3082 2140 ἔσχεν
3114 2071 3264 2124 αὐτὼ
3311 2072 3405 2124 καὶ
3463 2068 3718 2141 συνεργὼ
3763 2071 3822 2132 ες
3873 2071 3982 2138 τὴν

718 2175 1093 2231 stantissiinos
1131 2173 1444 2228 Graecorum
1475 2185 1583 2223 non
1623 2167 1747 2223 dico
1778 2173 2044 2237 aequaret,
2101 2178 2290 2219 verum

2395 2163 2530 2233 πρὸς
2565 2164 2690 2225 τοὺς
2714 2162 2983 2233 Ἕλληνας
3036 2163 3280 2217 διάλυσιν
3331 2164 3432 2232 τῆς
3488 2163 3773 2232 διαφορᾶς.
3842 2161 3984 2231 Περὶ

717 2276 1027 2339 superaret.
1063 2265 1282 2320 Iudicio
1315 2265 1368 2318 in
1396 2279 1457 2318 re
1479 2263 1728 2333 qualibet
1774 2261 2070 2331 plurimum
2121 2258 2296 2328 polle-

2399 2255 2498 2326 μὲν
2520 2251 2616 2308 οὖν
2643 2256 3024 2329 Βησσαρίωνος
3073 2257 3289 2309 τοσόνδε
3324 2257 3690 2326 ἐπιστάμενος
3754 2254 3984 2324 μνήμην

721 2365 837 2417 bal.
887 2361 1200 2416 Graecarum
1283 2357 1719 2425 Latinarumque
1780 2355 2084 2408 litterarum
2143 2358 2294 2404 tanta

2397 2349 2720 2420 ποιήσομαι·
2749 2349 2824 2413 ὡς
2858 2349 3072 2414 ξυνέσει
3104 2352 3171 2422 τῇ
3196 2352 3302 2405 ἀπὸ
3329 2351 3575 2418 φύσεως,
3633 2347 3849 2401 πολλῶν
3913 2347 3983 2419 δὴ

719 2453 918 2523 peritia
954 2451 1084 2504 huic
1116 2449 1233 2502 viro
1281 2449 1481 2512 inerat,
1515 2458 1572 2499 ut
1595 2445 1752 2498 facile
1797 2442 2127 2498 eruditionis
2173 2441 2294 2510 pal-

2398 2443 2507 2495 τῶν
2528 2445 2585 2504 ις
2614 2442 2775 2496 τοῦτο
2809 2443 3252 2513 εὐδοκιμούντων
3291 2445 3588 2514 Ἑλλήνων,
3630 2442 3833 2512 μακρῷ
3877 2459 3978 2509 γεο

725 2559 868 2597 mam
903 2544 1047 2596 inter
1067 2556 1259 2596 omnes
1285 2547 1524 2608 caperet.
1571 2536 1854 2600 Nicolaus,
1915 2535 2008 2605 qui
2056 2532 2300 2600 Eugenio

2399 2533 2647 2600 νόμενος,
2735 2533 2830 2587 καὶ
2908 2534 3120 2603 κρίνειν
3172 2551 3230 2586 τε
3283 2535 3371 2604 ἐφ’
3421 2535 3450 2586 ὅ
3497 2550 3551 2586 τι
3607 2536 3674 2587 ἀν
3725 2535 3983 2601 γένοιτο,

723 2636 1015 2700 successit,
1050 2634 1223 2686 virum
1273 2633 1420 2684 hunc
1473 2629 1642 2684 coluit
1699 2627 2016 2696 plurimum.
2051 2625 2301 2694 Quapro-

2401 2625 2694 2695 κράτιστος
2717 2624 2898 2677 δοκεῖν
2955 2626 3234 2692 γενέσθαι,
3289 2627 3357 2680 τὰ
3408 2626 3467 2680 δι
3503 2627 3562 2688 ές
3630 2627 3831 2694 σοφίαν
3881 2627 3989 2696 τὴν

722 2739 846 2798 pter
881 2725 1142 2780 Bononiae
1171 2723 1293 2777 urbi
1325 2723 1603 2790 opulentae
1633 2734 1758 2772 eum
1795 2717 2062 2787 praefecit,
2091 2729 2148 2770 ut
2179 2731 2300 2770 eam

2413 2715 2688 2784 Ἐλλήνων
2718 2725 2776 2769 τε
2807 2717 2902 2770 καὶ
2951 2717 3245 2787 Ῥωμαίων
3267 2719 3486 2782 οὐδενὸς
3518 2718 3801 2788 δεύτερος.
3845 2717 3991 2770 Τοῦ-

723 2827 1016 2874 tutaretur.
1050 2817 1182 2871 Cum
1209 2825 1391 2869 autem
1427 2828 1490 2867 ea
1547 2813 1678 2866 urbs
1741 2827 1915 2880 usque
1968 2810 2299 2864 seditionum

2402 2824 2495 2860 τον
2528 2809 2593 2878 δὴ
2615 2807 2926 2877 ἀγασθέντα
2952 2809 3045 2862 τὸν
3083 2809 3305 2882 Ῥώμης
3333 2811 3609 2882 ἀρχιερέα·
3627 2810 3898 2864 Νικόλαον
3917 2813 3992 2875 ’⁸,

726 2907 980 2976 procellis
1028 2906 1359 2975 jactaretur,
1414 2911 1468 2956 et
1522 2902 1771 2956 seditiosi
1828 2915 2002 2970 usque
2037 2900 2180 2953 inter
2244 2913 2304 2953 se

2403 2900 2496 2953 τὸν
2523 2901 2663 2970 μετά
2690 2900 2891 2966 ταῦτα,
2926 2901 3222 2972 ἐπιτρέψαι
3244 2903 3343 2971 τῆς
3401 2902 3678 2966 Βονωνίας
3701 2902 3864 2955 πόλιν
3895 2905 3994 2955 εὑ-

724 2999 1062 3054 contendere
1091 3012 1200 3050 non
1231 3003 1535 3060 cessarent,
1567 2994 1726 3063 plane
1761 2993 1903 3047 inter
1939 2994 2074 3046 istos
2102 2991 2306 3044 tumul-

2404 2991 2638 3062 δαίμονα
2667 2991 3053 3063 ιπιτροπεύειν
3081 2991 3258 3061 αὐτῷ.
3290 2994 3383 3047 Ἐν
3416 2994 3593 3068 ταύτῃ
3638 3011 3698 3048 τε
3748 2995 3851 3065 τῆς
3887 2995 3998 3048 1:6-

727 3103 817 3147 tus
846 3092 929 3145 vir
952 3091 1042 3144 ille
1071 3089 1294 3144 divinus
1324 3087 1599 3157 apparuit.
1664 3085 1803 3140 Urbs
1867 3085 1972 3137 ista
2005 3083 2203 3152 opibus
2250 3090 2306 3136 et

2406 3085 2546 3147 λεως
2593 3084 2844 3139 ὲνστάσει
2885 3086 2962 3150 ὡς
3019 3087 3089 3140 τά
3120 3086 3292 3140 πολλὰ
3343 3089 3671 3159 γενομένης.
3735 3089 3834 3142 καὶ
3880 3089 4002 3141 τῶν

731 3187 940 3255 reliqua
983 3183 1245 3238 felicitate
1298 3181 1433 3236 nihil
1483 3179 1629 3234 cedit
1674 3178 1755 3233 vel
1812 3176 2101 3248 praecipuis
2138 3175 2307 3277 ltalim
2328 3214 2377 3277 Ο

2351 3214 2377 3277 3
2410 3177 2728 3232 στασιωτῶν
2763 3179 2858 3232 επὶ
2879 3179 3149 3250 διαφορὰν
3183 3180 3372 3249 σφίσιν
3400 3181 3846 3251 ἀφικνουμένων,
3876 3181 4006 3235 δαιρ

725 3280 944 3347 oppidis
982 3295 996 3329 :
1041 3277 1346 3330 litterarum
1403 3272 1587 3328 studio
1633 3270 2105 3340 praestantissimis
2137 3267 2304 3322 Italia:
2338 3267 2377 3277 “’

2345 3267 2377 3277 “’
2412 3271 2595 3342 μόνιόν
2627 3289 2746 3324 τινα
2784 3271 2896 3325 τῶν
2929 3273 2986 3324 ὲν
3035 3275 3103 3343 τῇ
3156 3273 3333 3334 πόλει.
3401 3273 3580 3345 ταύτῃ
3629 3273 4000 3344 ἐπιφανῆναι.

730 3371 957 3425 urbibus
983 3377 1431 3424 connumeratur.
1460 3366 1727 3420 Isidorum
1753 3365 1929 3417 virum
1976 3362 2303 3433 prudentem

2413 3365 2640 3418 Ἐστιδ⁹
2668 3366 2701 3434 ἡ
2725 3364 2883 3428 πόλις
2915 3365 3056 3434 αῦτη
3111 3366 3172 3420 ιν
3226 3367 3349 3428 ταῖς
3389 3367 3533 3420 κατὰ
3589 3366 3690 3436 τὴν
3760 3367 4002 3422 Ἰταλίαν

730 3463 1028 3530 patriasque
1052 3469 1345 3521 amantem,
1385 3473 1508 3510 cum
1547 3455 1795 3527 Byzantii
1832 3469 1935 3518 pro
1983 3453 2158 3523 patria
2211 3467 2310 3520 pu-

2412 3455 2631 3508 πόλεσιν
2665 3455 3016 3525 εὐδαιμονίας
3055 3455 3118 3509 οὐ
3166 3456 3348 3526 πολλῷ
3369 3457 3478 3511 τῶν
3529 3457 3762 3528 πρῶτων
3811 3455 4009 3513 λειπο-

731 3557 949 3616 gnaret,
977 3563 1005 3600 a
1040 3547 1299 3601 Barbaris
1328 3555 1548 3614 captum
1587 3561 1712 3600 esse
1763 3553 1998 3600 constat.
2052 3542 2304 3597 Pontifex

2413 3548 2551 3617 μένη
2575 3546 2807 3600 πόλεων.
2856 3547 3218 3618 Κεκόσμηται
3243 3547 3300 3601 δι
3331 3550 3426 3601 καὶ
3449 3550 3508 3611 ες
3537 3549 3638 3618 τὴν
3665 3551 3776 3602 τῶν
3814 3549 4006 3617 λόγων

733 3641 1010 3711 Eugcttius
1045 3642 1190 3693 hunc
1223 3639 1425 3703 virum,
1480 3655 1604 3693 cum
1647 3639 1765 3709 ejus
1835 3639 2138 3692 auctoritas
2194 3652 2311 3690 ma-

2411 3641 2648 3709 ἄσκησιν
2684 3641 2741 3700 ές
2765 3638 2833 3692 τὰ
2862 3639 3056 3708 πρῶτα
3107 3640 3423 3710 ἀνήκουσαν
3449 3641 3495 3672 ’⁷
3555 3641 3815 3705 Ἰταλίας.
3886 3643 4003 3696 τὸν

729 3736 876 3787 xima
908 3733 1048 3802 apud
1075 3731 1293 3787 Graecos
1340 3733 1652 3794 haberetur,
1702 3732 1884 3800 elegit,
1937 3739 2134 3800 putans
2180 3746 2305 3784 cum

2410 3733 2466 3784 δὲ
2502 3730 2794 3800 Ἰσίδωρον,
2827 3730 3117 3800 ἐλλόγιμόν
3171 3747 3230 3782 τε
3265 3731 3421 3795 ὄντα,
3477 3734 3575 3786 καὶ
3629 3733 4003 3804 φιλόπατριν,

730 3828 894 3880 rebus
915 3829 1029 3881 suis
1059 3826 1352 3895 plurimum
1403 3825 1663 3878 momenti
1711 3824 2005 3877 allaturum
2063 3824 2118 3876 in
2174 3838 2308 3875 cou-

2414 3824 2611 3876 ἁλόντα
2647 3839 2707 3874 τε
2756 3821 2984 3892 ὕστερον
3038 3825 3098 3875 έν
3154 3822 3443 3892 Βυζαντίῳ
3503 3823 3608 3876 ὑπὸ
3673 3823 4009 3894 βαρϐάρων,

729 3923 914 3971 cordia
949 3934 1070 3971 cum
1103 3919 1309 3971 Graecis
1338 3916 1643 3985 jungenda,
1679 3917 1827 3985 quod
1856 3925 1910 3969 et
1943 3916 2150 3969 evenit.
2194 3913 2307 3967 Rex

2415 3914 2764 3983 έπαμῦνοντα
2814 3915 2881 3984 τῇ
2915 3913 3159 3983 πατρίδι.
3223 3914 3413 3982 Τούτῳ
3458 3915 3514 3967 δὲ
3549 3915 3625 3978 ὡς
3658 3915 3885 3980 ἀξιώσει
3940 3935 4011 3969 τε

729 4009 1045 4064 Graecorum
1073 4023 1196 4064 cum
1233 4009 1550 4077 praesidium
1605 4008 1672 4061 ad
1707 4007 2054 4062 retinendum
2103 4006 2313 4077 Byzan-

2415 4009 2566 4075 παρὰ
2593 4009 2704 4067 τοῖς
2731 4006 2958 4074 Ἕλλησι
2985 4006 3238 4059 δοκοῦντι
3296 4008 3576 4076 προέχειν,
3615 4011 3706 4060 καὶ
3737 4010 4013 4078 συμπρά-

731 4101 867 4153 tium
898 4106 1126 4168 peteret,
1163 4100 1403 4168 pontifex
1468 4099 1750 4168 respondit
1803 4099 2153 4168 promittens,
2209 4097 2313 4153 sibi

2416 4101 2530 4167 ξειν
2557 4099 2708 4168 αὐτῷ
2738 4101 2808 4152 τά
2841 4099 2980 4171 πρὸς
3035 4100 3164 4160 τοὺς
3191 4099 3492 4168 Ἕλληνας,
3543 4099 3945 4170 ἐπιλεξάμενος
3975 4105 4015 4156 ὁ

735 4193 790 4246 in
815 4199 1092 4262 posterqu
1124 4203 1178 4245 et
1211 4207 1434 4259 reguqu
1471 4191 1605 4245 illud
1642 4189 1972 4260 Graccusque
1995 4204 2144 4243 cura:
2172 4187 2313 4255 fore;
2352 4226 2355 4228 -

2419 4193 2542 4245 τότε
2570 4192 2860 4259 Εὐγενειος
2911 4193 3234 4262 ἀρχιερεὺς,
3304 4193 3505 4261 ξυνέϐη
3551 4193 3611 4255 ις
3661 4194 3834 4246 ταυτδ
3889 4196 4018 4258 τοῖς

734 4293 996 4352 praetcrea
1030 4298 1091 4336 se
1116 4297 1227 4336 non
1275 4291 1622 4337 cessaturum
1659 4281 1953 4335 Panuones
1982 4293 2031 4334 et
2090 4278 2316 4334 Genna-

2419 4285 2674 4354 Ἕλλησι·
2712 4285 2808 4337 καὶ
2830 4284 3156 4354 ιπικουρίας
3179 4300 3240 4336 τε
3290 4285 3531 4354 δεομένῳ
3579 4284 3660 4354 τῷ
3724 4286 4021 4356 Ἑλλήνων

735 4387 840 4428 nos
872 4374 1128 4437 incitare,
1161 4383 1388 4428 utarma
1414 4384 1607 4428 contra
1637 4371 1849 4427 Turcos
1872 4373 2116 4441 capiant,
2175 4387 2314 4440 qua-

2425 4376 2660 4447 βασι).εϊ,
2681 4377 2782 4429 ὅσα
2809 4377 2867 4439 ές
2897 4373 3145 4445 φυλακὴν
3171 4376 3273 4444 τῆς
3318 4377 3527 4439 πόλεως
3582 4379 4010 4447 παρεχόμενον,

735 4474 900 4520 tenus
926 4465 1132 4520 Graecis
1158 4473 1212 4519 et
1240 4465 1364 4520 aliis
1394 4467 1598 4520 bonum
1635 4465 1904 4519 videatur.
1945 4465 2041 4520 llis
2077 4466 2149 4518 ita
2172 4481 2320 4519 com-

2423 4469 2695 4538 ὑπέσχετο
2736 4467 2832 4520 τοῦ
2873 4467 3064 4520 λοιποῦ
3118 4469 3380 4538 μελήσειν
3442 4469 3596 4538 αῦτῷ
3638 4471 3847 4533 ίκανῶς
3902 4471 4023 4538 τῆς

738 4560 958 4627 positis,
1003 4573 1095 4611 rex
1125 4557 1450 4627 Byzantium
1491 4557 1882 4626 proficiscitur.
2342 4555 2386 4608 D

2370 4559 2386 4606 )
2415 4561 2694 4628 βασιλείας
2725 4559 2892 4613 αὑτοῦ
2933 4561 3160 4613 καὶτῶν
3203 4561 3494 4630 Ἑλλήνων,
3537 4563 3632 4614 καὶ
3663 4564 3792 4625 τοὺς
3833 4564 4025 4616 Παίο-

737 4667 834 4711 νας
892 4651 988 4701 καὶ
1043 4648 1360 4718 Γερμανοὺς
1430 4647 1522 4698 ἐπὶ
1575 4647 1853 4719 Τούρκους
1910 4649 2319 4716 ἀναγνώσονται
2351 4651 2872 4722 στρατεύεσθαι,μὴ
2893 4651 3102 4705 ἀνεῖναί
3162 4669 3293 4705 ποτε
3355 4655 3724 4724 ιποτρύνοντα
3754 4657 3815 4719 ἐς
3843 4655 4032 4710 τοῦτο

743 4742 1114 4806 αὐτοῖς,ὦστε
1139 4741 1342 4809 ἀγαθόν
1383 4741 1609 4811 ἥδεσθαι
1666 4745 1780 4804 τοῖς
1838 4761 1896 4795 τε
1938 4743 2167 4812 Ἕλλησι
2216 4747 2313 4798 καὶ
2349 4749 2461 4808 τοῖς
2492 4746 2697 4808 ἀλλοις.
2749 4746 2934 4799 Ταῦτα
2985 4747 3393 4818 ὑποδεξαμένου
3471 4748 3566 4802 τοῦ
3649 4752 4008 4821 ἀρχιερέως,

742 4835 1034 4902 ἐκομίζετο
1055 4834 1148 4885 ἐπὶ
1169 4835 1268 4903 τὴν
1287 4834 1332 4864 ⁸⁸
1358 4833 1636 4902 βασιλείαν
1670 4835 1964 4897 Βυζαντίου
2029 4836 2167 4904 μετά
2198 4837 2370 4889 ταῦτα
2405 4841 2434 4890 ὁ
2465 4839 2572 4891 τῶν
2610 4839 2880 4908 Ἐλλήνων
2901 4840 3179 4908 βασιλεύς.

811 4923 1178 4993 Grznci156
1242 4923 1464 4977 domum
1507 4929 1737 4991 reversi,
1793 4943 1898 4980 non
1957 4928 2192 4997 amplius
2233 4929 2318 4984 his

2497 4931 2564 4986 Οί
2595 4931 2696 5001 μὲν
2720 4927 2814 4984 οὖν
2852 4931 3138 5002 Ἕλληνες,
3167 4933 3242 4997 ὡς
3275 4935 3363 4988 ἐπ’
3389 4936 3542 4990 οἴκου
3570 4939 3842 5005 ἐγένοντο,
3879 4942 4041 4996 οὐκ·

743 5035 864 5087 qua:
895 5025 1268 5070 convenerunt
1290 5016 1340 5068 in
1373 5015 1544 5080 Italia,
1582 5027 1728 5070 stare
1761 5017 2094 5071 voluerunt:
2129 5034 2316 5071 verum

2422 5023 2504 5076 έτι
2557 5023 2765 5090 ἔφασαν
2821 5024 3082 5092 ἐμμένειν
3148 5027 3264 5086 τοῖς
3337 5027 3812 5098 ὡμολογημένοις,
3868 5036 4040 5089 ἀλλὰ

744 5109 1214 5181 apprehendentes
1266 5109 1594 5161 sententiam
1660 5109 1960 5171 diversam,
2027 5110 2321 5165 noluerunt

2420 5115 2734 5168 τούναντίον
2785 5117 3044 5185 κατέστη,
3081 5119 3282 5186 μηκέτι
3338 5121 3686 5190 βουλομένοις
3747 5128 4038 5180 συντίθε-

745 5203 980 5272 amplius
1029 5201 1085 5254 in
1111 5201 1391 5269 religionis
1449 5202 1666 5269 negotio
1703 5202 1982 5255 adhaerere
2036 5201 2318 5257 Romanis.

2425 5207 2548 5258 σθαι
2582 5210 2694 5269 τοῖς
2737 5207 3055 5275 Ῥωμαίοις.
3109 5209 3170 5261 ὐ
3203 5211 3392 5279 μέντοι
3427 5213 3728 5284 ἀρχιερεὺς
3767 5218 3862 5268 καὶ
3920 5236 4044 5272 σο-

748 5295 887 5350 Ilinc
947 5305 1130 5349 motus
1191 5293 1434 5362 pontifex
1493 5293 1794 5359 Romanus,
1834 5295 1984 5351 viros
2048 5297 2316 5365 quosdam

2428 5300 2546 5365 φῶν
2573 5317 2725 5362 τινας
2755 5301 3068 5370 ἐπεπόμφει
3101 5302 3196 5354 ἐπὶ
3248 5305 3307 5356 τὸ
3343 5305 3639 5368 Βυζάντιον
3679 5311 3828 5376 παρὰ
3876 5313 4042 5377 τοὺς

747 5391 937 5445 doctos
971 5388 1292 5460 Byzantium
1320 5389 1388 5442 ad
1422 5387 1638 5442 Graecos
1691 5390 1861 5453 misit,
1897 5401 1952 5442 ut
1976 5406 2100 5444 cum
2132 5392 2215 5444 liis
2267 5391 2320 5442 in

2432 5389 2721 5458 Ἕλληνας.
2750 5393 2806 5453 ἐς
2838 5390 3078 5455 διάλεξιν
3107 5393 3473 5464 ἀφιξομένους
3524 5401 3636 5461 τοῖς
3665 5399 3776 5451 τῶν
3813 5401 4049 5474 Ἐλλή-

748 5482 1081 5551 colloquium
1120 5481 1374 5536 venirent
1400 5498 1412 5533 :
1441 5482 1532 5550 qui
1559 5481 1778 5551 quidem
1808 5482 2078 5552 synodum
2108 5494 2162 5536 et
2187 5499 2317 5535 con-

2426 5501 2531 5536 νων
2566 5485 2773 5552 σοφοῖς,
2808 5484 2859 5536 οἳ
2892 5483 2955 5537 οὐ
2982 5485 3274 5557 προσίεντο
3321 5488 3420 5559 τὴν
3469 5491 3784 5562 γενομένην
3847 5499 4049 5564 σφισι

2025 5641 2275 5702 Notulte
2311 5641 2727 5716 marginales.

821 5769 865 5800 "
902 5767 1298 5833 ἁνχκτώμενοι.
1340 5765 1400 5820 R.
1437 5777 1488 5818 ut
1527 5769 1581 5818 in
1618 5785 1661 5821 ι’.
1750 5771 1794 5800 ³⁵
1839 5769 2129 5838 ἡγεμόιες.
2169 5768 2228 5820 Β.
2267 5778 2322 5820 ut
2366 5769 2416 5820 in
2453 5784 2476 5818 c

827 5857 906 5888 cm
950 5839 1008 5888 If.
1125 5839 1168 5868 "
1208 5835 1268 5888 In
1312 5854 1408 5886 uno
1445 5841 1606 5888 (ίιίἒδί.

2404 5785 2416 5818 ι
2453 5784 2498 5818 c.
2618 5769 2663 5798 '°
2703 5769 2996 5821 Νικόλῖων.
3040 5769 3115 5822 εἰς
3147 5771 3306 5824 alia-it
3347 5769 3406 5821 Ῑέ.
3491 5770 3532 5798 ³⁷
3576 5770 3887 5839 ἁνῇκουσα.
3925 5771 4058 5831 Sic

748 5843 906 5895 etiam
950 5839 1008 5890 If.
1125 5839 1168 5868 "
1208 5839 1268 5888 In
1312 5854 1408 5886 ttttu
1445 5841 1606 5891 ιίιυδι.
