  <div class='ocr_page' id='page_1' title='image "/cluster/home/n/w/nwhite01/storage/ocr_20150623/159/nnc1.0046980628/156.png"; bbox 0 0 4190 6434; ppageno 0'>
   <div class='ocr_carea' id='block_1_1' title="bbox 221 414 325 483">
    <p class='ocr_par' dir='ltr' id='par_1_1' title="bbox 221 414 325 483">
     <span class='ocr_line' id='line_1_1' title="bbox 221 414 325 483; baseline 0.058 -6"><span class='ocrx_word' id='word_1_1' title='bbox 221 414 325 483; x_wconf 70' lang='lat'><strong>293</strong></span> 
     </span>
    </p>
   </div>
   <div class='ocr_carea' id='block_1_2' title="bbox 1316 415 2436 483">
    <p class='ocr_par' dir='ltr' id='par_1_2' title="bbox 1316 415 2436 483">
     <span class='ocr_line' id='line_1_2' title="bbox 1316 415 2436 483; baseline 0.006 -7"><span class='ocrx_word' id='word_1_2' title='bbox 1316 419 1411 477; x_wconf 85' lang='lat' dir='ltr'><strong>DE</strong></span> <span class='ocrx_word' id='word_1_3' title='bbox 1461 415 2111 478; x_wconf 78' lang='lat' dir='ltr'><strong>REBUSTURCICIS</strong></span> <span class='ocrx_word' id='word_1_4' title='bbox 2156 420 2304 481; x_wconf 79' lang='lat' dir='ltr'><strong>LIB.</strong></span> <span class='ocrx_word' id='word_1_5' title='bbox 2341 424 2436 483; x_wconf 80' lang='lat' dir='ltr'><strong>VI.</strong></span> 
     </span>
    </p>
   </div>
   <div class='ocr_carea' id='block_1_3' title="bbox 3376 436 3485 502">
    <p class='ocr_par' dir='ltr' id='par_1_3' title="bbox 3376 436 3485 502">
     <span class='ocr_line' id='line_1_3' title="bbox 3376 436 3485 502; baseline 0.028 -4"><span class='ocrx_word' id='word_1_6' title='bbox 3376 436 3485 502; x_wconf 71' lang='grc'><strong>294</strong></span> 
     </span>
    </p>
   </div>
   <div class='ocr_carea' id='block_1_4' title="bbox 224 528 1779 607">
    <p class='ocr_par' dir='ltr' id='par_1_4' title="bbox 224 528 1779 602">
     <span class='ocr_line' id='line_1_4' title="bbox 224 528 1779 602; baseline 0.001 -22"><span class='ocrx_word' id='word_1_7' title='bbox 224 528 440 592; x_wconf 75' lang='grc' dir='ltr'>ξύνοδον</span> <span class='ocrx_word' id='word_1_8' title='bbox 472 528 611 581; x_wconf 86' lang='grc' dir='ltr'><strong>κατά</strong></span> <span class='ocrx_word' id='word_1_9' title='bbox 648 529 747 596; x_wconf 80' lang='grc' dir='ltr'>τὴν</span> <span class='ocrx_word' id='word_1_10' title='bbox 794 529 1046 596; x_wconf 83' lang='grc' dir='ltr'>Ἰταλίαν,</span> <span class='ocrx_word' id='word_1_11' title='bbox 1084 528 1298 601; x_wconf 82' lang='grc' dir='ltr'><strong>Μάρκῳ</strong></span> <span class='ocrx_word' id='word_1_12' title='bbox 1338 549 1397 585; x_wconf 83' lang='grc' dir='ltr'><strong>τε</strong></span> <span class='ocrx_word' id='word_1_13' title='bbox 1443 534 1520 602; x_wconf 78' lang='grc' dir='ltr'>τῷ</span> <span class='ocrx_word' id='word_1_14' title='bbox 1557 531 1779 599; x_wconf 67' lang='grc' dir='ltr'>Ἑφέσου</span> 
     </span>
    </p>
   </div>
   <div class='ocr_carea' id='block_1_5' title="bbox 1887 528 3478 607">
    <p class='ocr_par' dir='ltr' id='par_1_5' title="bbox 1893 530 3478 607">
     <span class='ocr_line' id='line_1_5' title="bbox 1893 530 3478 607; baseline 0.016 -26"><span class='ocrx_word' id='word_1_15' title='bbox 1893 530 2135 584; x_wconf 73' lang='lat' dir='ltr'><strong>cordiam</strong></span> <span class='ocrx_word' id='word_1_16' title='bbox 2176 534 2411 589; x_wconf 77' lang='lat' dir='ltr'><strong>inltnlia</strong></span> <span class='ocrx_word' id='word_1_17' title='bbox 2459 536 2657 591; x_wconf 81' lang='lat' dir='ltr'><strong>factam</strong></span> <span class='ocrx_word' id='word_1_18' title='bbox 2725 556 2833 596; x_wconf 89' lang='lat' dir='ltr'><strong>non</strong></span> <span class='ocrx_word' id='word_1_19' title='bbox 2898 542 3278 601; x_wconf 87' lang='lat' dir='ltr'><strong>admittebant.</strong></span> <span class='ocrx_word' id='word_1_20' title='bbox 3343 550 3478 607; x_wconf 80' lang='lat' dir='ltr'><strong>Nam</strong></span> 
     </span>
    </p>
   </div>
   <div class='ocr_carea' id='block_1_6' title="bbox 220 620 1799 691">
    <p class='ocr_par' dir='ltr' id='par_1_6' title="bbox 220 620 1799 691">
     <span class='ocr_line' id='line_1_6' title="bbox 220 620 1799 691; baseline 0.003 -20"><span class='ocrx_word' id='word_1_21' title='bbox 220 620 495 688; x_wconf 80' lang='grc' dir='ltr'><strong>ἀρχιερεῖ,</strong></span> <span class='ocrx_word' id='word_1_22' title='bbox 522 621 643 674; x_wconf 83' lang='grc' dir='ltr'><strong>οὐδὲ</strong></span> <span class='ocrx_word' id='word_1_23' title='bbox 678 620 777 690; x_wconf 85' lang='grc' dir='ltr'>τὴν</span> <span class='ocrx_word' id='word_1_24' title='bbox 805 622 981 691; x_wconf 79' lang='grc' dir='ltr'>ἀρχὴν</span> <span class='ocrx_word' id='word_1_25' title='bbox 1004 621 1282 691; x_wconf 81' lang='grc' dir='ltr'><strong>τιθεμένῳ</strong></span> <span class='ocrx_word' id='word_1_26' title='bbox 1304 623 1383 690; x_wconf 81' lang='grc' dir='ltr'>τῷ</span> <span class='ocrx_word' id='word_1_27' title='bbox 1415 624 1523 675; x_wconf 83' lang='grc' dir='ltr'>τῶν</span> <span class='ocrx_word' id='word_1_28' title='bbox 1553 622 1799 675; x_wconf 82' lang='grc' dir='ltr'><strong>Λατίνων</strong></span> 
     </span>
    </p>
   </div>
   <div class='ocr_carea' id='block_1_7' title="bbox 217 710 1798 785">
    <p class='ocr_par' dir='ltr' id='par_1_7' title="bbox 217 710 1798 785">
     <span class='ocr_line' id='line_1_7' title="bbox 217 710 1798 785; baseline 0.004 -23"><span class='ocrx_word' id='word_1_29' title='bbox 217 710 453 778; x_wconf 83' lang='grc' dir='ltr'>δόγματι</span> <span class='ocrx_word' id='word_1_30' title='bbox 485 713 545 764; x_wconf 78' lang='grc' dir='ltr'>τὸ</span> <span class='ocrx_word' id='word_1_31' title='bbox 576 714 861 781; x_wconf 82' lang='grc' dir='ltr'>παράπαν,</span> <span class='ocrx_word' id='word_1_32' title='bbox 902 716 997 767; x_wconf 78' lang='grc' dir='ltr'>καὶ</span> <span class='ocrx_word' id='word_1_33' title='bbox 1031 715 1333 784; x_wconf 82' lang='grc' dir='ltr'>Σχολαρίῳ,</span> <span class='ocrx_word' id='word_1_34' title='bbox 1380 715 1458 784; x_wconf 82' lang='grc' dir='ltr'><strong>τῷ</strong></span> <span class='ocrx_word' id='word_1_35' title='bbox 1489 715 1612 769; x_wconf 87' lang='grc' dir='ltr'>τότε</span> <span class='ocrx_word' id='word_1_36' title='bbox 1669 714 1798 785; x_wconf 81' lang='grc' dir='ltr'>παρ’</span> 
     </span>
    </p>
   </div>
   <div class='ocr_carea' id='block_1_8' title="bbox 221 802 1795 876">
    <p class='ocr_par' dir='ltr' id='par_1_8' title="bbox 221 802 1795 876">
     <span class='ocr_line' id='line_1_8' title="bbox 221 802 1795 876; baseline 0.003 -22"><span class='ocrx_word' id='word_1_37' title='bbox 221 802 454 871; x_wconf 82' lang='grc' dir='ltr'>Ἕλλησι</span> <span class='ocrx_word' id='word_1_38' title='bbox 507 806 576 856; x_wconf 71' lang='grc' dir='ltr'>τὰ</span> <span class='ocrx_word' id='word_1_39' title='bbox 623 809 680 867; x_wconf 81' lang='grc' dir='ltr'>ἐς</span> <span class='ocrx_word' id='word_1_40' title='bbox 755 807 950 873; x_wconf 83' lang='grc' dir='ltr'>σοφίαν</span> <span class='ocrx_word' id='word_1_41' title='bbox 1011 806 1415 874; x_wconf 77' lang='grc' dir='ltr'>εὐδοκιμοῦντι.</span> <span class='ocrx_word' id='word_1_42' title='bbox 1474 807 1550 861; x_wconf 81' lang='grc' dir='ltr'><strong>Οὐ</strong></span> <span class='ocrx_word' id='word_1_43' title='bbox 1613 808 1795 876; x_wconf 87' lang='grc' dir='ltr'>μέντοι</span> 
     </span>
    </p>
   </div>
   <div class='ocr_carea' id='block_1_9' title="bbox 216 893 1796 966">
    <p class='ocr_par' dir='ltr' id='par_1_9' title="bbox 216 893 1796 966">
     <span class='ocr_line' id='line_1_9' title="bbox 216 893 1796 966; baseline 0.003 -22"><span class='ocrx_word' id='word_1_44' title='bbox 216 893 415 959; x_wconf 73' lang='grc' dir='ltr'>ἠνύετο</span> <span class='ocrx_word' id='word_1_45' title='bbox 468 895 650 956; x_wconf 81' lang='grc' dir='ltr'>αὐτοῖς</span> <span class='ocrx_word' id='word_1_46' title='bbox 700 895 855 948; x_wconf 83' lang='grc' dir='ltr'>οὐδὲν</span> <span class='ocrx_word' id='word_1_47' title='bbox 894 898 949 959; x_wconf 82' lang='grc' dir='ltr'><strong>ές</strong></span> <span class='ocrx_word' id='word_1_48' title='bbox 980 896 1154 963; x_wconf 86' lang='grc' dir='ltr'>λόγων</span> <span class='ocrx_word' id='word_1_49' title='bbox 1201 895 1433 966; x_wconf 78' lang='grc' dir='ltr'><strong>ἅμιλλαν</strong></span> <span class='ocrx_word' id='word_1_50' title='bbox 1460 896 1796 966; x_wconf 80' lang='grc' dir='ltr'>ἀφικνουμέ-</span> 
     </span>
    </p>
   </div>
   <div class='ocr_carea' id='block_1_10' title="bbox 217 986 1797 1056">
    <p class='ocr_par' dir='ltr' id='par_1_10' title="bbox 217 986 1797 1056">
     <span class='ocr_line' id='line_1_10' title="bbox 217 986 1797 1056; baseline 0.004 -19"><span class='ocrx_word' id='word_1_51' title='bbox 217 1002 350 1046; x_wconf 84' lang='grc' dir='ltr'>νοις,</span> <span class='ocrx_word' id='word_1_52' title='bbox 382 986 501 1038; x_wconf 88' lang='grc' dir='ltr'>ἀλλ’</span> <span class='ocrx_word' id='word_1_53' title='bbox 528 986 854 1056; x_wconf 82' lang='grc' dir='ltr'><strong>ἀπεχώρουν</strong></span> <span class='ocrx_word' id='word_1_54' title='bbox 898 988 1174 1055; x_wconf 78' lang='grc' dir='ltr'><strong>ἄπρακτοι</strong></span> <span class='ocrx_word' id='word_1_55' title='bbox 1209 988 1300 1041; x_wconf 75' lang='grc' dir='ltr'><strong>ἐπὶ</strong></span> <span class='ocrx_word' id='word_1_56' title='bbox 1346 987 1598 1050; x_wconf 81' lang='grc' dir='ltr'>Ἰταλίας.</span> <span class='ocrx_word' id='word_1_57' title='bbox 1648 991 1707 1041; x_wconf 86' lang='lat'><strong>&#39;0</strong></span> <span class='ocrx_word' id='word_1_58' title='bbox 1740 992 1797 1043; x_wconf 77' lang='grc' dir='ltr'>δὲ</span> 
     </span>
    </p>
   </div>
   <div class='ocr_carea' id='block_1_11' title="bbox 217 1077 1793 1153">
    <p class='ocr_par' dir='ltr' id='par_1_11' title="bbox 217 1077 1793 1153">
     <span class='ocr_line' id='line_1_11' title="bbox 217 1077 1793 1153; baseline 0.004 -24"><span class='ocrx_word' id='word_1_59' title='bbox 217 1077 506 1144; x_wconf 80' lang='grc' dir='ltr'>Εὐγένειος</span> <span class='ocrx_word' id='word_1_60' title='bbox 540 1080 602 1130; x_wconf 83' lang='grc' dir='ltr'><strong>οὐ</strong></span> <span class='ocrx_word' id='word_1_61' title='bbox 647 1078 828 1148; x_wconf 81' lang='grc' dir='ltr'>πολλῷ</span> <span class='ocrx_word' id='word_1_62' title='bbox 890 1081 1121 1150; x_wconf 79' lang='grc' dir='ltr'>ὕστερον</span> <span class='ocrx_word' id='word_1_63' title='bbox 1175 1082 1409 1150; x_wconf 76' lang='grc' dir='ltr'>ἀφίκετο</span> <span class='ocrx_word' id='word_1_64' title='bbox 1452 1083 1510 1144; x_wconf 69' lang='grc' dir='ltr'>ἐς</span> <span class='ocrx_word' id='word_1_65' title='bbox 1553 1083 1793 1153; x_wconf 76' lang='grc' dir='ltr'>Ῥώμην,</span> 
     </span>
    </p>
   </div>
   <div class='ocr_carea' id='block_1_12' title="bbox 216 1171 1796 1244">
    <p class='ocr_par' dir='ltr' id='par_1_12' title="bbox 216 1171 1796 1244">
     <span class='ocr_line' id='line_1_12' title="bbox 216 1171 1796 1244; baseline 0.003 -23"><span class='ocrx_word' id='word_1_66' title='bbox 216 1171 688 1241; x_wconf 90' lang='grc' dir='ltr'>συμϐαλλομένων</span> <span class='ocrx_word' id='word_1_67' title='bbox 744 1174 895 1244; x_wconf 83' lang='grc' dir='ltr'>αὐτῷ</span> <span class='ocrx_word' id='word_1_68' title='bbox 957 1174 1067 1227; x_wconf 83' lang='grc' dir='ltr'>τῶν</span> <span class='ocrx_word' id='word_1_69' title='bbox 1125 1176 1430 1239; x_wconf 80' lang='grc' dir='ltr'>Οὑενετῶν,</span> <span class='ocrx_word' id='word_1_70' title='bbox 1470 1177 1796 1244; x_wconf 80' lang='grc' dir='ltr'>φερομένων</span> 
     </span>
    </p>
   </div>
   <div class='ocr_carea' id='block_1_13' title="bbox 213 1263 1792 1338">
    <p class='ocr_par' dir='ltr' id='par_1_13' title="bbox 213 1263 1792 1338">
     <span class='ocr_line' id='line_1_13' title="bbox 213 1263 1792 1338; baseline 0.002 -22"><span class='ocrx_word' id='word_1_71' title='bbox 213 1264 335 1316; x_wconf 81' lang='grc' dir='ltr'>τότε</span> <span class='ocrx_word' id='word_1_72' title='bbox 368 1263 447 1331; x_wconf 83' lang='grc' dir='ltr'>τῷ</span> <span class='ocrx_word' id='word_1_73' title='bbox 474 1265 699 1335; x_wconf 81' lang='grc' dir='ltr'>πολέμῳ</span> <span class='ocrx_word' id='word_1_74' title='bbox 729 1265 953 1335; x_wconf 80' lang='grc' dir='ltr'>ἄμεινον</span> <span class='ocrx_word' id='word_1_75' title='bbox 986 1269 1124 1337; x_wconf 78' lang='grc' dir='ltr'>πρὸς</span> <span class='ocrx_word' id='word_1_76' title='bbox 1156 1268 1249 1321; x_wconf 79' lang='grc' dir='ltr'>τὸν</span> <span class='ocrx_word' id='word_1_77' title='bbox 1291 1268 1560 1338; x_wconf 80' lang='grc' dir='ltr'>Λιγυρίας</span> <span class='ocrx_word' id='word_1_78' title='bbox 1594 1268 1792 1337; x_wconf 80' lang='grc' dir='ltr'>τύραν-</span> 
     </span>
    </p>
   </div>
   <div class='ocr_carea' id='block_1_14' title="bbox 214 1358 1791 1433">
    <p class='ocr_par' dir='ltr' id='par_1_14' title="bbox 214 1358 1791 1433">
     <span class='ocr_line' id='line_1_14' title="bbox 214 1358 1791 1433; baseline 0.001 -24"><span class='ocrx_word' id='word_1_79' title='bbox 214 1374 324 1410; x_wconf 90' lang='grc' dir='ltr'>νον.</span> <span class='ocrx_word' id='word_1_80' title='bbox 364 1360 428 1410; x_wconf 77' lang='lat' dir='ltr'><strong>Ol</strong></span> <span class='ocrx_word' id='word_1_81' title='bbox 462 1358 569 1428; x_wconf 74' lang='grc' dir='ltr'><strong>γὰρ</strong></span> <span class='ocrx_word' id='word_1_82' title='bbox 601 1360 1225 1429; x_wconf 76' lang='grc' dir='ltr'>Οὖενετοὶ.ὲπαγόμενοι</span> <span class='ocrx_word' id='word_1_83' title='bbox 1250 1362 1557 1433; x_wconf 84' lang='grc' dir='ltr'>στρατηγὸν</span> <span class='ocrx_word' id='word_1_84' title='bbox 1589 1362 1791 1430; x_wconf 84' lang='grc' dir='ltr'>σφίσιν,</span> 
     </span>
    </p>
   </div>
   <div class='ocr_carea' id='block_1_15' title="bbox 212 1450 1793 1523">
    <p class='ocr_par' dir='ltr' id='par_1_15' title="bbox 212 1450 1793 1523">
     <span class='ocr_line' id='line_1_15' title="bbox 212 1450 1793 1523; baseline 0.002 -20"><span class='ocrx_word' id='word_1_85' title='bbox 212 1450 388 1520; x_wconf 79' lang='grc' dir='ltr'>ἄνδρα</span> <span class='ocrx_word' id='word_1_86' title='bbox 413 1451 651 1522; x_wconf 81' lang='grc' dir='ltr'>Λίγυρα,</span> <span class='ocrx_word' id='word_1_87' title='bbox 690 1454 1084 1522; x_wconf 84' lang='grc' dir='ltr'>Καρμανιόλαν</span> <span class='ocrx_word' id='word_1_88' title='bbox 1120 1456 1163 1486; x_wconf 74' lang='grc'><strong>’³</strong></span> <span class='ocrx_word' id='word_1_89' title='bbox 1204 1454 1466 1523; x_wconf 70' lang='grc' dir='ltr'>τοῦνομα,</span> <span class='ocrx_word' id='word_1_90' title='bbox 1523 1455 1793 1523; x_wconf 81' lang='grc' dir='ltr'>κηδεστὴν</span> 
     </span>
    </p>
   </div>
   <div class='ocr_carea' id='block_1_16' title="bbox 214 1544 1793 1617">
    <p class='ocr_par' dir='ltr' id='par_1_16' title="bbox 214 1544 1793 1617">
     <span class='ocr_line' id='line_1_16' title="bbox 214 1544 1793 1617; baseline 0.004 -25"><span class='ocrx_word' id='word_1_91' title='bbox 214 1544 513 1611; x_wconf 80' lang='grc' dir='ltr'>γενόμενον</span> <span class='ocrx_word' id='word_1_92' title='bbox 550 1544 647 1596; x_wconf 81' lang='grc' dir='ltr'>τοῦ</span> <span class='ocrx_word' id='word_1_93' title='bbox 681 1544 939 1615; x_wconf 81' lang='grc' dir='ltr'><strong>Λιγύρων</strong></span> <span class='ocrx_word' id='word_1_94' title='bbox 978 1548 1266 1615; x_wconf 79' lang='grc' dir='ltr'>τυράννου,</span> <span class='ocrx_word' id='word_1_95' title='bbox 1314 1548 1439 1601; x_wconf 86' lang='grc' dir='ltr'>τότε</span> <span class='ocrx_word' id='word_1_96' title='bbox 1474 1548 1793 1617; x_wconf 82' lang='grc' dir='ltr'>στράτευμα</span> 
     </span>
    </p>
   </div>
   <div class='ocr_carea' id='block_1_17' title="bbox 212 1635 1791 1711">
    <p class='ocr_par' dir='ltr' id='par_1_17' title="bbox 212 1635 1791 1711">
     <span class='ocr_line' id='line_1_17' title="bbox 212 1635 1791 1711; baseline 0.005 -26"><span class='ocrx_word' id='word_1_97' title='bbox 212 1635 532 1705; x_wconf 74' lang='grc' dir='ltr'><strong>ἐπέτρεψαν</strong></span> <span class='ocrx_word' id='word_1_98' title='bbox 584 1637 751 1707; x_wconf 84' lang='grc' dir='ltr'>αὐτῷ.</span> <span class='ocrx_word' id='word_1_99' title='bbox 794 1639 903 1691; x_wconf 68' lang='grc' dir='ltr'><strong>Καὶ</strong></span> <span class='ocrx_word' id='word_1_100' title='bbox 938 1638 998 1703; x_wconf 79' lang='grc' dir='ltr'>ὃς</span> <span class='ocrx_word' id='word_1_101' title='bbox 1051 1639 1387 1711; x_wconf 84' lang='grc' dir='ltr'>παραλαϐὼν</span> <span class='ocrx_word' id='word_1_102' title='bbox 1421 1640 1480 1692; x_wconf 80' lang='grc' dir='ltr'><strong>τό</strong></span> <span class='ocrx_word' id='word_1_103' title='bbox 1530 1657 1589 1691; x_wconf 83' lang='grc' dir='ltr'><strong>τε</strong></span> <span class='ocrx_word' id='word_1_104' title='bbox 1626 1643 1791 1709; x_wconf 84' lang='grc' dir='ltr'>στρά-</span> 
     </span>
    </p>
   </div>
   <div class='ocr_carea' id='block_1_18' title="bbox 210 1729 1791 1802">
    <p class='ocr_par' dir='ltr' id='par_1_18' title="bbox 210 1729 1791 1802">
     <span class='ocr_line' id='line_1_18' title="bbox 210 1729 1791 1802; baseline 0.004 -22"><span class='ocrx_word' id='word_1_105' title='bbox 210 1746 391 1797; x_wconf 82' lang='grc' dir='ltr'>τευμα</span> <span class='ocrx_word' id='word_1_106' title='bbox 416 1731 512 1781; x_wconf 74' lang='grc' dir='ltr'>καὶ</span> <span class='ocrx_word' id='word_1_107' title='bbox 539 1729 635 1792; x_wconf 75' lang='grc' dir='ltr'>τὰς</span> <span class='ocrx_word' id='word_1_108' title='bbox 662 1730 795 1793; x_wconf 84' lang='grc' dir='ltr'>ναῦς</span> <span class='ocrx_word' id='word_1_109' title='bbox 824 1732 958 1795; x_wconf 79' lang='grc' dir='ltr'>ὅσας</span> <span class='ocrx_word' id='word_1_110' title='bbox 988 1732 1143 1801; x_wconf 78' lang='grc' dir='ltr'>ἠξίου</span> <span class='ocrx_word' id='word_1_111' title='bbox 1172 1732 1463 1802; x_wconf 83' lang='grc' dir='ltr'>πληρῶσαι</span> <span class='ocrx_word' id='word_1_112' title='bbox 1489 1731 1637 1801; x_wconf 82' lang='grc' dir='ltr'>αὐτῷ</span> <span class='ocrx_word' id='word_1_113' title='bbox 1662 1735 1791 1796; x_wconf 77' lang='grc' dir='ltr'>τοὺς</span> 
     </span>
    </p>
   </div>
   <div class='ocr_carea' id='block_1_19' title="bbox 212 1821 1787 1897">
    <p class='ocr_par' dir='ltr' id='par_1_19' title="bbox 212 1821 1787 1897">
     <span class='ocr_line' id='line_1_19' title="bbox 212 1821 1787 1897; baseline 0.004 -23"><span class='ocrx_word' id='word_1_114' title='bbox 212 1821 534 1885; x_wconf 80' lang='grc' dir='ltr'>Οὑενετοὺς,</span> <span class='ocrx_word' id='word_1_115' title='bbox 568 1823 931 1892; x_wconf 78' lang='grc' dir='ltr'><strong>ἐστρατεύετο</strong></span> <span class='ocrx_word' id='word_1_116' title='bbox 973 1824 1117 1895; x_wconf 78' lang='grc' dir='ltr'>πεζῇ</span> <span class='ocrx_word' id='word_1_117' title='bbox 1142 1842 1229 1888; x_wconf 87' lang='grc' dir='ltr'><strong>τε,</strong></span> <span class='ocrx_word' id='word_1_118' title='bbox 1261 1826 1357 1879; x_wconf 76' lang='grc' dir='ltr'>καὶ</span> <span class='ocrx_word' id='word_1_119' title='bbox 1381 1825 1471 1879; x_wconf 83' lang='grc' dir='ltr'>διὰ</span> <span class='ocrx_word' id='word_1_120' title='bbox 1497 1826 1589 1879; x_wconf 81' lang='grc' dir='ltr'><strong>τοῦ</strong></span> <span class='ocrx_word' id='word_1_121' title='bbox 1637 1827 1787 1897; x_wconf 83' lang='grc' dir='ltr'>Ἥρι-</span> 
     </span>
    </p>
   </div>
   <div class='ocr_carea' id='block_1_20' title="bbox 208 1913 1786 1987">
    <p class='ocr_par' dir='ltr' id='par_1_20' title="bbox 208 1913 1786 1987">
     <span class='ocr_line' id='line_1_20' title="bbox 208 1913 1786 1987; baseline 0.004 -21"><span class='ocrx_word' id='word_1_122' title='bbox 208 1913 394 1976; x_wconf 82' lang='grc' dir='ltr'>δανοῦ,</span> <span class='ocrx_word' id='word_1_123' title='bbox 448 1915 587 1985; x_wconf 75' lang='grc' dir='ltr'>ἔχων</span> <span class='ocrx_word' id='word_1_124' title='bbox 647 1916 778 1980; x_wconf 82' lang='grc' dir='ltr'>ναῦς</span> <span class='ocrx_word' id='word_1_125' title='bbox 818 1918 1238 1987; x_wconf 79' lang='grc' dir='ltr'>ὲξωπλισμένας</span> <span class='ocrx_word' id='word_1_126' title='bbox 1270 1920 1330 1982; x_wconf 86' lang='grc' dir='ltr'>ἐς</span> <span class='ocrx_word' id='word_1_127' title='bbox 1377 1920 1475 1982; x_wconf 82' lang='grc' dir='ltr'>τὰς</span> <span class='ocrx_word' id='word_1_128' title='bbox 1531 1920 1786 1985; x_wconf 73' lang='grc' dir='ltr'><strong>ἐπάλξεις</strong></span> 
     </span>
    </p>
   </div>
   <div class='ocr_carea' id='block_1_21' title="bbox 210 2003 1788 2082">
    <p class='ocr_par' dir='ltr' id='par_1_21' title="bbox 210 2003 1788 2082">
     <span class='ocr_line' id='line_1_21' title="bbox 210 2003 1788 2082; baseline 0.006 -25"><span class='ocrx_word' id='word_1_129' title='bbox 210 2003 431 2070; x_wconf 79' lang='grc' dir='ltr'>ξυλίνας</span> <span class='ocrx_word' id='word_1_130' title='bbox 465 2008 611 2082; x_wconf 81' lang='grc' dir='ltr'>ἀμφὶ</span> <span class='ocrx_word' id='word_1_131' title='bbox 643 2009 739 2071; x_wconf 78' lang='grc' dir='ltr'><strong>τὰς</strong></span> <span class='ocrx_word' id='word_1_132' title='bbox 795 2009 1199 2080; x_wconf 82' lang='grc' dir='ltr'>ἐϐδομήκοντα,</span> <span class='ocrx_word' id='word_1_133' title='bbox 1258 2013 1352 2064; x_wconf 68' lang='grc' dir='ltr'><strong>ἐπὶ</strong></span> <span class='ocrx_word' id='word_1_134' title='bbox 1392 2012 1486 2066; x_wconf 80' lang='grc' dir='ltr'>τὸν</span> <span class='ocrx_word' id='word_1_135' title='bbox 1524 2013 1788 2067; x_wconf 79' lang='grc' dir='ltr'>Μεδιολά-</span> 
     </span>
    </p>
   </div>
   <div class='ocr_carea' id='block_1_22' title="bbox 209 2099 1787 2175">
    <p class='ocr_par' dir='ltr' id='par_1_22' title="bbox 209 2099 1787 2175">
     <span class='ocr_line' id='line_1_22' title="bbox 209 2099 1787 2175; baseline 0.005 -26"><span class='ocrx_word' id='word_1_136' title='bbox 209 2116 300 2150; x_wconf 85' lang='grc' dir='ltr'><strong>νου</strong></span> <span class='ocrx_word' id='word_1_137' title='bbox 334 2099 584 2168; x_wconf 78' lang='grc' dir='ltr'>ἡγεμόνα</span> <span class='ocrx_word' id='word_1_138' title='bbox 610 2100 701 2153; x_wconf 81' lang='grc' dir='ltr'>τὸν</span> <span class='ocrx_word' id='word_1_139' title='bbox 736 2102 1025 2157; x_wconf 81' lang='grc' dir='ltr'>Φίλιππον.</span> <span class='ocrx_word' id='word_1_140' title='bbox 1074 2103 1248 2174; x_wconf 86' lang='grc' dir='ltr'>’Υπῆν</span> <span class='ocrx_word' id='word_1_141' title='bbox 1280 2104 1337 2156; x_wconf 80' lang='grc' dir='ltr'>δὲ</span> <span class='ocrx_word' id='word_1_142' title='bbox 1375 2105 1569 2175; x_wconf 66' lang='grc' dir='ltr'>δκείνῳ</span> <span class='ocrx_word' id='word_1_143' title='bbox 1616 2124 1787 2175; x_wconf 76' lang='grc' dir='ltr'><strong>στρα⁴</strong></span> 
     </span>
    </p>
   </div>
   <div class='ocr_carea' id='block_1_23' title="bbox 206 2189 1786 2268">
    <p class='ocr_par' dir='ltr' id='par_1_23' title="bbox 206 2189 1786 2268">
     <span class='ocr_line' id='line_1_23' title="bbox 206 2189 1786 2268; baseline 0.006 -27"><span class='ocrx_word' id='word_1_144' title='bbox 206 2189 375 2256; x_wconf 78' lang='grc' dir='ltr'>τηγὸς</span> <span class='ocrx_word' id='word_1_145' title='bbox 410 2189 681 2254; x_wconf 78' lang='grc' dir='ltr'>Νικόλεως</span> <span class='ocrx_word' id='word_1_146' title='bbox 715 2194 741 2245; x_wconf 85' lang='grc' dir='ltr'>ὁ</span> <span class='ocrx_word' id='word_1_147' title='bbox 771 2192 987 2263; x_wconf 82' lang='grc' dir='ltr'>Βραχὺς</span> <span class='ocrx_word' id='word_1_148' title='bbox 1031 2194 1290 2264; x_wconf 72' lang='grc' dir='ltr'>ἐπίκλην,</span> <span class='ocrx_word' id='word_1_149' title='bbox 1319 2198 1460 2268; x_wconf 75' lang='grc' dir='ltr'>ἀνὴρ</span> <span class='ocrx_word' id='word_1_150' title='bbox 1512 2201 1580 2251; x_wconf 79' lang='grc' dir='ltr'>τὰ</span> <span class='ocrx_word' id='word_1_151' title='bbox 1627 2200 1786 2252; x_wconf 82' lang='grc' dir='ltr'>πολέ-</span> 
     </span>
    </p>
   </div>
   <div class='ocr_carea' id='block_1_24' title="bbox 210 2283 1781 2361">
    <p class='ocr_par' dir='ltr' id='par_1_24' title="bbox 210 2283 1781 2361">
     <span class='ocr_line' id='line_1_24' title="bbox 210 2283 1781 2361; baseline 0.008 -28"><span class='ocrx_word' id='word_1_152' title='bbox 210 2299 309 2349; x_wconf 86' lang='grc' dir='ltr'><strong>μια</strong></span> <span class='ocrx_word' id='word_1_153' title='bbox 337 2283 566 2349; x_wconf 82' lang='grc' dir='ltr'>ἀγαθὸς,</span> <span class='ocrx_word' id='word_1_154' title='bbox 604 2285 695 2338; x_wconf 78' lang='grc' dir='ltr'>καὶ</span> <span class='ocrx_word' id='word_1_155' title='bbox 727 2287 782 2347; x_wconf 72' lang='grc' dir='ltr'>ἐς</span> <span class='ocrx_word' id='word_1_156' title='bbox 811 2286 881 2338; x_wconf 70' lang='grc' dir='ltr'><strong>τὰ</strong></span> <span class='ocrx_word' id='word_1_157' title='bbox 916 2287 1112 2356; x_wconf 83' lang='grc' dir='ltr'>πρῶτα</span> <span class='ocrx_word' id='word_1_158' title='bbox 1148 2290 1367 2358; x_wconf 83' lang='grc' dir='ltr'>ἀνήκων</span> <span class='ocrx_word' id='word_1_159' title='bbox 1400 2290 1492 2343; x_wconf 83' lang='grc' dir='ltr'><strong>τοῦ</strong></span> <span class='ocrx_word' id='word_1_160' title='bbox 1521 2290 1781 2361; x_wconf 86' lang='grc' dir='ltr'>πολέμου.</span> 
     </span>
    </p>
   </div>
   <div class='ocr_carea' id='block_1_25' title="bbox 206 2374 1783 2447">
    <p class='ocr_par' dir='ltr' id='par_1_25' title="bbox 206 2374 1783 2447">
     <span class='ocr_line' id='line_1_25' title="bbox 206 2374 1783 2447; baseline 0.007 -20"><span class='ocrx_word' id='word_1_161' title='bbox 206 2374 315 2427; x_wconf 80' lang='grc' dir='ltr'><strong>Καὶ</strong></span> <span class='ocrx_word' id='word_1_162' title='bbox 359 2374 554 2442; x_wconf 80' lang='grc' dir='ltr'>πρῶτα</span> <span class='ocrx_word' id='word_1_163' title='bbox 587 2376 684 2445; x_wconf 76' lang='grc' dir='ltr'>μὲν</span> <span class='ocrx_word' id='word_1_164' title='bbox 726 2376 986 2447; x_wconf 74' lang='grc' dir='ltr'>ἐφέροντο</span> <span class='ocrx_word' id='word_1_165' title='bbox 1016 2380 1065 2431; x_wconf 77' lang='lat' dir='ltr'><strong>oi</strong></span> <span class='ocrx_word' id='word_1_166' title='bbox 1097 2380 1350 2434; x_wconf 84' lang='grc' dir='ltr'>οὺενετο“ι</span> <span class='ocrx_word' id='word_1_167' title='bbox 1386 2384 1441 2447; x_wconf 79' lang='grc' dir='ltr'><strong>ές</strong></span> <span class='ocrx_word' id='word_1_168' title='bbox 1482 2386 1571 2437; x_wconf 73' lang='grc' dir='ltr'>τὸν</span> <span class='ocrx_word' id='word_1_169' title='bbox 1621 2386 1783 2438; x_wconf 85' lang='grc' dir='ltr'>πόλε-</span> 
     </span>
    </p>
   </div>
   <div class='ocr_carea' id='block_1_26' title="bbox 209 2470 1781 2549">
    <p class='ocr_par' dir='ltr' id='par_1_26' title="bbox 209 2470 1781 2549">
     <span class='ocr_line' id='line_1_26' title="bbox 209 2470 1781 2549; baseline 0.008 -28"><span class='ocrx_word' id='word_1_170' title='bbox 209 2485 313 2537; x_wconf 82' lang='grc' dir='ltr'><strong>μον</strong></span> <span class='ocrx_word' id='word_1_171' title='bbox 364 2470 461 2523; x_wconf 69' lang='grc' dir='ltr'><strong>ἐπὶ</strong></span> <span class='ocrx_word' id='word_1_172' title='bbox 495 2471 663 2524; x_wconf 79' lang='grc' dir='ltr'>πολὺν</span> <span class='ocrx_word' id='word_1_173' title='bbox 692 2475 885 2542; x_wconf 83' lang='grc' dir='ltr'>χρόνον</span> <span class='ocrx_word' id='word_1_174' title='bbox 911 2474 1055 2538; x_wconf 85' lang='grc' dir='ltr'>τινὰ,</span> <span class='ocrx_word' id='word_1_175' title='bbox 1082 2475 1136 2539; x_wconf 75' lang='grc' dir='ltr'>ἐς</span> <span class='ocrx_word' id='word_1_176' title='bbox 1163 2494 1221 2528; x_wconf 91' lang='grc' dir='ltr'><strong>τε</strong></span> <span class='ocrx_word' id='word_1_177' title='bbox 1254 2478 1352 2548; x_wconf 79' lang='grc' dir='ltr'>τὴν</span> <span class='ocrx_word' id='word_1_178' title='bbox 1381 2479 1578 2549; x_wconf 83' lang='grc' dir='ltr'>λίμνην</span> <span class='ocrx_word' id='word_1_179' title='bbox 1610 2480 1653 2511; x_wconf 72' lang='grc' dir='ltr'><strong>⁸ο</strong></span> <span class='ocrx_word' id='word_1_180' title='bbox 1684 2481 1781 2547; x_wconf 81' lang='grc' dir='ltr'>τῆς</span> 
     </span>
    </p>
   </div>
   <div class='ocr_carea' id='block_1_27' title="bbox 208 2564 1780 2644">
    <p class='ocr_par' dir='ltr' id='par_1_27' title="bbox 208 2564 1780 2644">
     <span class='ocr_line' id='line_1_27' title="bbox 208 2564 1780 2644; baseline 0.01 -29"><span class='ocrx_word' id='word_1_181' title='bbox 208 2564 459 2633; x_wconf 74' lang='grc' dir='ltr'>φυλακῆς</span> <span class='ocrx_word' id='word_1_182' title='bbox 483 2566 936 2635; x_wconf 72' lang='grc' dir='ltr'>διαπολεμοῦντες</span> <span class='ocrx_word' id='word_1_183' title='bbox 968 2570 1239 2639; x_wconf 77' lang='grc' dir='ltr'>ἀλλήλοις.</span> <span class='ocrx_word' id='word_1_184' title='bbox 1284 2573 1392 2625; x_wconf 77' lang='grc' dir='ltr'><strong>Καὶ</strong></span> <span class='ocrx_word' id='word_1_185' title='bbox 1424 2576 1518 2627; x_wconf 78' lang='grc' dir='ltr'><strong>ἐπὶ</strong></span> <span class='ocrx_word' id='word_1_186' title='bbox 1556 2575 1780 2644; x_wconf 81' lang='grc' dir='ltr'>Βρίξιαν</span> 
     </span>
    </p>
   </div>
   <div class='ocr_carea' id='block_1_28' title="bbox 205 2655 1781 2739">
    <p class='ocr_par' dir='ltr' id='par_1_28' title="bbox 205 2655 1781 2739">
     <span class='ocr_line' id='line_1_28' title="bbox 205 2655 1781 2739; baseline 0.009 -33"><span class='ocrx_word' id='word_1_187' title='bbox 205 2655 361 2709; x_wconf 62' lang='lat' dir='ltr'><strong>milva</strong></span> <span class='ocrx_word' id='word_1_188' title='bbox 390 2657 635 2722; x_wconf 76' lang='grc' dir='ltr'>ἐλθόντος</span> <span class='ocrx_word' id='word_1_189' title='bbox 667 2657 914 2714; x_wconf 84' lang='grc' dir='ltr'>Νικόλεω</span> <span class='ocrx_word' id='word_1_190' title='bbox 949 2663 1045 2715; x_wconf 83' lang='grc' dir='ltr'>τοῦ</span> <span class='ocrx_word' id='word_1_191' title='bbox 1091 2664 1370 2733; x_wconf 84' lang='grc' dir='ltr'>Βραχέως,</span> <span class='ocrx_word' id='word_1_192' title='bbox 1420 2668 1515 2719; x_wconf 74' lang='grc' dir='ltr'>καὶ</span> <span class='ocrx_word' id='word_1_193' title='bbox 1562 2670 1781 2739; x_wconf 79' lang='grc' dir='ltr'>πολιορ-</span> 
     </span>
    </p>
   </div>
   <div class='ocr_carea' id='block_1_29' title="bbox 202 2745 1779 2830">
    <p class='ocr_par' dir='ltr' id='par_1_29' title="bbox 202 2745 1779 2830">
     <span class='ocr_line' id='line_1_29' title="bbox 202 2745 1779 2830; baseline 0.011 -34"><span class='ocrx_word' id='word_1_194' title='bbox 202 2745 430 2811; x_wconf 79' lang='grc' dir='ltr'>κοῦντος</span> <span class='ocrx_word' id='word_1_195' title='bbox 460 2752 560 2819; x_wconf 74' lang='grc' dir='ltr'>τὴν</span> <span class='ocrx_word' id='word_1_196' title='bbox 600 2750 754 2803; x_wconf 89' lang='grc' dir='ltr'>πόλιν</span> <span class='ocrx_word' id='word_1_197' title='bbox 782 2752 857 2815; x_wconf 87' lang='grc' dir='ltr'>ὠς</span> <span class='ocrx_word' id='word_1_198' title='bbox 879 2754 1282 2824; x_wconf 80' lang='grc' dir='ltr'>ὲξαιρήσοντος,</span> <span class='ocrx_word' id='word_1_199' title='bbox 1318 2759 1654 2830; x_wconf 77' lang='grc' dir='ltr'>ἀντέστησαν</span> <span class='ocrx_word' id='word_1_200' title='bbox 1685 2762 1779 2814; x_wconf 70' lang='grc' dir='ltr'><strong>ἐπὶ</strong></span> 
     </span>
    </p>
   </div>
   <div class='ocr_carea' id='block_1_30' title="bbox 207 2842 1779 2925">
    <p class='ocr_par' dir='ltr' id='par_1_30' title="bbox 207 2842 1779 2925">
     <span class='ocr_line' id='line_1_30' title="bbox 207 2842 1779 2925; baseline 0.01 -34"><span class='ocrx_word' id='word_1_201' title='bbox 207 2842 401 2910; x_wconf 83' lang='grc' dir='ltr'>συχνόν</span> <span class='ocrx_word' id='word_1_202' title='bbox 440 2860 563 2895; x_wconf 88' lang='grc' dir='ltr'>τινα</span> <span class='ocrx_word' id='word_1_203' title='bbox 592 2844 805 2913; x_wconf 87' lang='grc' dir='ltr'>χρόνον,</span> <span class='ocrx_word' id='word_1_204' title='bbox 841 2848 931 2899; x_wconf 82' lang='grc' dir='ltr'>καὶ</span> <span class='ocrx_word' id='word_1_205' title='bbox 971 2849 1027 2910; x_wconf 84' lang='grc' dir='ltr'><strong>ές</strong></span> <span class='ocrx_word' id='word_1_206' title='bbox 1080 2847 1237 2903; x_wconf 78' lang='grc' dir='ltr'>τοῦτο</span> <span class='ocrx_word' id='word_1_207' title='bbox 1289 2852 1534 2922; x_wconf 81' lang='grc' dir='ltr'>ἀνάγκης</span> <span class='ocrx_word' id='word_1_208' title='bbox 1585 2855 1779 2925; x_wconf 78' lang='grc' dir='ltr'>ἐληλυ-</span> 
     </span>
    </p>
   </div>
   <div class='ocr_carea' id='block_1_31' title="bbox 204 2928 1780 3012">
    <p class='ocr_par' dir='ltr' id='par_1_31' title="bbox 204 2928 1780 3012">
     <span class='ocr_line' id='line_1_31' title="bbox 204 2928 1780 3012; baseline 0.011 -30"><span class='ocrx_word' id='word_1_209' title='bbox 204 2928 379 2997; x_wconf 73' lang='grc' dir='ltr'>θέναι,</span> <span class='ocrx_word' id='word_1_210' title='bbox 410 2932 552 2985; x_wconf 75' lang='grc' dir='ltr'>ὥστε</span> <span class='ocrx_word' id='word_1_211' title='bbox 586 2936 682 2987; x_wconf 79' lang='grc' dir='ltr'>καὶ</span> <span class='ocrx_word' id='word_1_212' title='bbox 740 2937 902 3004; x_wconf 90' lang='grc' dir='ltr'>μυίας</span> <span class='ocrx_word' id='word_1_213' title='bbox 950 2937 1042 2991; x_wconf 77' lang='grc' dir='ltr'>καὶ</span> <span class='ocrx_word' id='word_1_214' title='bbox 1088 2940 1259 3007; x_wconf 70' lang='grc' dir='ltr'>γαλᾶς</span> <span class='ocrx_word' id='word_1_215' title='bbox 1304 2942 1641 3012; x_wconf 69' lang='grc' dir='ltr'>ἐδηδοκέναι,</span> <span class='ocrx_word' id='word_1_216' title='bbox 1686 2950 1780 3000; x_wconf 76' lang='grc' dir='ltr'>καὶ</span> 
     </span>
    </p>
   </div>
   <div class='ocr_carea' id='block_1_32' title="bbox 198 3024 1777 3105">
    <p class='ocr_par' dir='ltr' id='par_1_32' title="bbox 198 3024 1777 3105">
     <span class='ocr_line' id='line_1_32' title="bbox 198 3024 1777 3105; baseline 0.011 -31"><span class='ocrx_word' id='word_1_217' title='bbox 198 3024 349 3101; x_wconf 78' lang='grc' dir='ltr'>δεινᾲ</span> <span class='ocrx_word' id='word_1_218' title='bbox 412 3026 733 3094; x_wconf 80' lang='grc' dir='ltr'>ὑπενεγκεῖν</span> <span class='ocrx_word' id='word_1_219' title='bbox 772 3028 849 3098; x_wconf 78' lang='grc' dir='ltr'>μὴ</span> <span class='ocrx_word' id='word_1_220' title='bbox 899 3030 1201 3094; x_wconf 74' lang='grc' dir='ltr'>ἐνδιδόντας</span> <span class='ocrx_word' id='word_1_221' title='bbox 1248 3034 1307 3086; x_wconf 87' lang='grc' dir='ltr'>τὸ</span> <span class='ocrx_word' id='word_1_222' title='bbox 1364 3036 1624 3105; x_wconf 83' lang='grc' dir='ltr'>παράπαν</span> <span class='ocrx_word' id='word_1_223' title='bbox 1651 3038 1777 3103; x_wconf 87' lang='grc' dir='ltr'>τοὺς</span> 
     </span>
    </p>
   </div>
   <div class='ocr_carea' id='block_1_33' title="bbox 196 3115 1772 3198">
    <p class='ocr_par' dir='ltr' id='par_1_33' title="bbox 196 3115 1772 3198">
     <span class='ocr_line' id='line_1_33' title="bbox 196 3115 1772 3198; baseline 0.01 -31"><span class='ocrx_word' id='word_1_224' title='bbox 196 3115 411 3181; x_wconf 86' lang='grc' dir='ltr'>Λίγυας</span> <span class='ocrx_word' id='word_1_225' title='bbox 441 3132 454 3147; x_wconf 77' lang='grc'><strong><em>⁸</em></strong></span> <span class='ocrx_word' id='word_1_226' title='bbox 498 3118 784 3187; x_wconf 78' lang='grc' dir='ltr'>Γουέλιρων</span> <span class='ocrx_word' id='word_1_227' title='bbox 832 3121 887 3173; x_wconf 81' lang='grc' dir='ltr'>δὲ</span> <span class='ocrx_word' id='word_1_228' title='bbox 940 3126 1138 3192; x_wconf 85' lang='grc' dir='ltr'>μοῖραν</span> <span class='ocrx_word' id='word_1_229' title='bbox 1172 3121 1336 3178; x_wconf 80' lang='grc' dir='ltr'>οὖσαν</span> <span class='ocrx_word' id='word_1_230' title='bbox 1369 3130 1428 3179; x_wconf 79' lang='grc' dir='ltr'>ὲν</span> <span class='ocrx_word' id='word_1_231' title='bbox 1482 3132 1546 3198; x_wconf 82' lang='grc' dir='ltr'>τῇ</span> <span class='ocrx_word' id='word_1_232' title='bbox 1600 3130 1772 3192; x_wconf 86' lang='grc' dir='ltr'>πόλει,</span> 
     </span>
    </p>
   </div>
   <div class='ocr_carea' id='block_1_34' title="bbox 1820 1872 1868 1932">
    <p class='ocr_par' dir='ltr' id='par_1_34' title="bbox 1820 1872 1868 1932">
     <span class='ocr_line' id='line_1_34' title="bbox 1820 1872 1868 1932; baseline 0 0"><span class='ocrx_word' id='word_1_233' title='bbox 1820 1872 1868 1932; x_wconf 85' lang='grc' dir='ltr'>Β</span> 
     </span>
    </p>
   </div>
   <div class='ocr_carea' id='block_1_35' title="bbox 1904 618 3484 699">
    <p class='ocr_par' dir='ltr' id='par_1_35' title="bbox 1904 618 3484 699">
     <span class='ocr_line' id='line_1_35' title="bbox 1904 618 3484 699; baseline 0.017 -28"><span class='ocrx_word' id='word_1_234' title='bbox 1904 618 2121 675; x_wconf 82' lang='lat' dir='ltr'><strong>Marcus</strong></span> <span class='ocrx_word' id='word_1_235' title='bbox 2169 622 2370 693; x_wconf 73' lang='lat' dir='ltr'><strong>Ephesi</strong></span> <span class='ocrx_word' id='word_1_236' title='bbox 2414 628 2727 699; x_wconf 86' lang='lat' dir='ltr'><strong>cpiscopus.</strong></span> <span class='ocrx_word' id='word_1_237' title='bbox 2784 641 2837 686; x_wconf 90' lang='lat' dir='ltr'><strong>et</strong></span> <span class='ocrx_word' id='word_1_238' title='bbox 2896 634 3218 693; x_wconf 89' lang='lat' dir='ltr'><strong>Scholarius</strong></span> <span class='ocrx_word' id='word_1_239' title='bbox 3268 640 3484 698; x_wconf 80' lang='lat' dir='ltr'><strong>Cra-eo-</strong></span> 
     </span>
    </p>
   </div>
   <div class='ocr_carea' id='block_1_36' title="bbox 1903 714 3481 791">
    <p class='ocr_par' dir='ltr' id='par_1_36' title="bbox 1903 714 3481 791">
     <span class='ocr_line' id='line_1_36' title="bbox 1903 714 3481 791; baseline 0.016 -27"><span class='ocrx_word' id='word_1_240' title='bbox 1903 727 2024 764; x_wconf 91' lang='lat' dir='ltr'><strong>rum</strong></span> <span class='ocrx_word' id='word_1_241' title='bbox 2053 714 2435 780; x_wconf 82' lang='lat' dir='ltr'><strong>doetissimus,</strong></span> <span class='ocrx_word' id='word_1_242' title='bbox 2477 736 2544 776; x_wconf 92' lang='lat' dir='ltr'><strong>ne</strong></span> <span class='ocrx_word' id='word_1_243' title='bbox 2575 723 2794 791; x_wconf 87' lang='lat' dir='ltr'><strong>quidem</strong></span> <span class='ocrx_word' id='word_1_244' title='bbox 2849 728 2915 780; x_wconf 88' lang='lat' dir='ltr'><strong>ab</strong></span> <span class='ocrx_word' id='word_1_245' title='bbox 2960 728 3115 783; x_wconf 90' lang='lat' dir='ltr'><strong>initio</strong></span> <span class='ocrx_word' id='word_1_246' title='bbox 3161 731 3481 789; x_wconf 86' lang='lat' dir='ltr'><strong>Latinorum</strong></span> 
     </span>
    </p>
   </div>
   <div class='ocr_carea' id='block_1_37' title="bbox 1904 804 3480 884">
    <p class='ocr_par' dir='ltr' id='par_1_37' title="bbox 1904 804 3480 884">
     <span class='ocr_line' id='line_1_37' title="bbox 1904 804 3480 884; baseline 0.015 -27"><span class='ocrx_word' id='word_1_247' title='bbox 1904 804 2143 871; x_wconf 81' lang='lat' dir='ltr'><strong>dogmati</strong></span> <span class='ocrx_word' id='word_1_248' title='bbox 2178 825 2512 867; x_wconf 88' lang='lat' dir='ltr'><strong>consensum</strong></span> <span class='ocrx_word' id='word_1_249' title='bbox 2576 826 2837 884; x_wconf 61' lang='lat' dir='ltr'><strong>prastare</strong></span> <span class='ocrx_word' id='word_1_250' title='bbox 2870 821 3184 880; x_wconf 84' lang='lat' dir='ltr'><strong>voluerunt.</strong></span> <span class='ocrx_word' id='word_1_251' title='bbox 3249 828 3355 881; x_wconf 91' lang='lat' dir='ltr'><strong>Ubi</strong></span> <span class='ocrx_word' id='word_1_252' title='bbox 3413 830 3480 881; x_wconf 92' lang='lat' dir='ltr'><strong>ad</strong></span> 
     </span>
    </p>
   </div>
   <div class='ocr_carea' id='block_1_38' title="bbox 1902 900 3480 980">
    <p class='ocr_par' dir='ltr' id='par_1_38' title="bbox 1902 900 3480 980">
     <span class='ocr_line' id='line_1_38' title="bbox 1902 900 3480 980; baseline 0.013 -27"><span class='ocrx_word' id='word_1_253' title='bbox 1902 900 2239 969; x_wconf 85' lang='lat' dir='ltr'><strong>colloquium</strong></span> <span class='ocrx_word' id='word_1_254' title='bbox 2293 914 2346 959; x_wconf 86' lang='lat' dir='ltr'><strong>et</strong></span> <span class='ocrx_word' id='word_1_255' title='bbox 2376 906 2441 959; x_wconf 89' lang='lat' dir='ltr'><strong>ad</strong></span> <span class='ocrx_word' id='word_1_256' title='bbox 2484 905 2914 977; x_wconf 75' lang='lat' dir='ltr'><strong>disputationem</strong></span> <span class='ocrx_word' id='word_1_257' title='bbox 2969 925 3187 970; x_wconf 80' lang='lat' dir='ltr'><strong>ventum</strong></span> <span class='ocrx_word' id='word_1_258' title='bbox 3215 929 3316 980; x_wconf 87' lang='lat' dir='ltr'><strong>est,</strong></span> <span class='ocrx_word' id='word_1_259' title='bbox 3374 921 3480 973; x_wconf 78' lang='lat' dir='ltr'><strong>Ro-</strong></span> 
     </span>
    </p>
   </div>
   <div class='ocr_carea' id='block_1_39' title="bbox 1903 996 3479 1070">
    <p class='ocr_par' dir='ltr' id='par_1_39' title="bbox 1903 996 3479 1070">
     <span class='ocr_line' id='line_1_39' title="bbox 1903 996 3479 1070; baseline 0.014 -26"><span class='ocrx_word' id='word_1_260' title='bbox 1903 996 2044 1047; x_wconf 90' lang='lat' dir='ltr'><strong>mani</strong></span> <span class='ocrx_word' id='word_1_261' title='bbox 2103 998 2235 1051; x_wconf 86' lang='lat' dir='ltr'><strong>nihil</strong></span> <span class='ocrx_word' id='word_1_262' title='bbox 2283 1000 2495 1055; x_wconf 77' lang='lat' dir='ltr'><strong>efficere</strong></span> <span class='ocrx_word' id='word_1_263' title='bbox 2544 1013 2868 1070; x_wconf 89' lang='lat' dir='ltr'><strong>potuerunt,</strong></span> <span class='ocrx_word' id='word_1_264' title='bbox 2923 1023 3115 1061; x_wconf 82' lang='lat' dir='ltr'><strong>verum</strong></span> <span class='ocrx_word' id='word_1_265' title='bbox 3164 1026 3223 1064; x_wconf 93' lang='lat' dir='ltr'><strong>re</strong></span> <span class='ocrx_word' id='word_1_266' title='bbox 3281 1012 3479 1066; x_wconf 75' lang='lat' dir='ltr'><strong>infecta</strong></span> 
     </span>
    </p>
   </div>
   <div class='ocr_carea' id='block_1_40' title="bbox 1901 1085 3481 1174">
    <p class='ocr_par' dir='ltr' id='par_1_40' title="bbox 1901 1085 3481 1174">
     <span class='ocr_line' id='line_1_40' title="bbox 1901 1085 3481 1174; baseline 0.012 -35"><span class='ocrx_word' id='word_1_267' title='bbox 1901 1085 2121 1142; x_wconf 87' lang='lat' dir='ltr'><strong>domum</strong></span> <span class='ocrx_word' id='word_1_268' title='bbox 2150 1094 2354 1146; x_wconf 81' lang='lat' dir='ltr'><strong>reversi</strong></span> <span class='ocrx_word' id='word_1_269' title='bbox 2402 1106 2557 1149; x_wconf 89' lang='lat' dir='ltr'><strong>sunt.</strong></span> <span class='ocrx_word' id='word_1_270' title='bbox 2595 1094 2876 1166; x_wconf 78' lang='lat' dir='ltr'><strong>Eugenius</strong></span> <span class='ocrx_word' id='word_1_271' title='bbox 2935 1101 3079 1157; x_wconf 93' lang='lat' dir='ltr'><strong>haud</strong></span> <span class='ocrx_word' id='word_1_272' title='bbox 3137 1106 3310 1158; x_wconf 91' lang='lat' dir='ltr'><strong>multo</strong></span> <span class='ocrx_word' id='word_1_273' title='bbox 3356 1121 3481 1174; x_wconf 85' lang='lat' dir='ltr'><strong>post</strong></span> 
     </span>
    </p>
   </div>
   <div class='ocr_carea' id='block_1_41' title="bbox 1904 1176 3481 1263">
    <p class='ocr_par' dir='ltr' id='par_1_41' title="bbox 1904 1176 3481 1263">
     <span class='ocr_line' id='line_1_41' title="bbox 1904 1176 3481 1263; baseline 0.015 -35"><span class='ocrx_word' id='word_1_274' title='bbox 1904 1176 2130 1233; x_wconf 74' lang='lat' dir='ltr'><strong>Romam</strong></span> <span class='ocrx_word' id='word_1_275' title='bbox 2158 1183 2337 1245; x_wconf 78' lang='lat' dir='ltr'><strong>rediit,</strong></span> <span class='ocrx_word' id='word_1_276' title='bbox 2369 1186 2589 1253; x_wconf 90' lang='lat' dir='ltr'><strong>adjutus</strong></span> <span class='ocrx_word' id='word_1_277' title='bbox 2618 1203 2645 1240; x_wconf 88' lang='lat' dir='ltr'><strong>a</strong></span> <span class='ocrx_word' id='word_1_278' title='bbox 2678 1187 2918 1255; x_wconf 87' lang='lat' dir='ltr'><strong>Venetis,</strong></span> <span class='ocrx_word' id='word_1_279' title='bbox 2951 1194 3044 1261; x_wconf 91' lang='lat' dir='ltr'><strong>qui</strong></span> <span class='ocrx_word' id='word_1_280' title='bbox 3069 1209 3129 1247; x_wconf 89' lang='lat' dir='ltr'><strong>ea</strong></span> <span class='ocrx_word' id='word_1_281' title='bbox 3156 1205 3481 1263; x_wconf 75' lang='lat' dir='ltr'><strong>tempesmte</strong></span> 
     </span>
    </p>
   </div>
   <div class='ocr_carea' id='block_1_42' title="bbox 1900 1269 3475 1358">
    <p class='ocr_par' dir='ltr' id='par_1_42' title="bbox 1900 1269 3475 1358">
     <span class='ocr_line' id='line_1_42' title="bbox 1900 1269 3475 1358; baseline 0.014 -39"><span class='ocrx_word' id='word_1_282' title='bbox 1900 1269 2195 1325; x_wconf 80' lang='lat' dir='ltr'><strong>admodum</strong></span> <span class='ocrx_word' id='word_1_283' title='bbox 2243 1274 2474 1330; x_wconf 73' lang='lat' dir='ltr'><strong>feliciter</strong></span> <span class='ocrx_word' id='word_1_284' title='bbox 2513 1279 2710 1333; x_wconf 87' lang='lat' dir='ltr'><strong>bellum</strong></span> <span class='ocrx_word' id='word_1_285' title='bbox 2766 1284 3025 1353; x_wconf 74' lang='lat' dir='ltr'><strong>gerebant</strong></span> <span class='ocrx_word' id='word_1_286' title='bbox 3056 1302 3179 1339; x_wconf 84' lang='lat' dir='ltr'><strong>cum</strong></span> <span class='ocrx_word' id='word_1_287' title='bbox 3213 1286 3475 1358; x_wconf 80' lang='lat' dir='ltr'><strong>Ligurum</strong></span> 
     </span>
    </p>
   </div>
   <div class='ocr_carea' id='block_1_43' title="bbox 1901 1363 3472 1433">
    <p class='ocr_par' dir='ltr' id='par_1_43' title="bbox 1901 1363 3472 1433">
     <span class='ocr_line' id='line_1_43' title="bbox 1901 1363 3472 1433; baseline 0.012 -21"><span class='ocrx_word' id='word_1_288' title='bbox 1901 1368 2155 1430; x_wconf 84' lang='lat' dir='ltr'><strong>tyranno.</strong></span> <span class='ocrx_word' id='word_1_289' title='bbox 2186 1363 2321 1418; x_wconf 88' lang='lat' dir='ltr'><strong>Nam</strong></span> <span class='ocrx_word' id='word_1_290' title='bbox 2371 1366 2558 1423; x_wconf 88' lang='lat' dir='ltr'><strong>Veneti</strong></span> <span class='ocrx_word' id='word_1_291' title='bbox 2585 1370 2709 1425; x_wconf 91' lang='lat' dir='ltr'><strong>belli</strong></span> <span class='ocrx_word' id='word_1_292' title='bbox 2742 1374 2934 1429; x_wconf 90' lang='lat' dir='ltr'><strong>ducem</strong></span> <span class='ocrx_word' id='word_1_293' title='bbox 2991 1387 3249 1431; x_wconf 85' lang='lat' dir='ltr'><strong>crearunt</strong></span> <span class='ocrx_word' id='word_1_294' title='bbox 3297 1381 3472 1433; x_wconf 76' lang='lat' dir='ltr'><strong>virum</strong></span> 
     </span>
    </p>
   </div>
   <div class='ocr_carea' id='block_1_44' title="bbox 1900 1455 3476 1531">
    <p class='ocr_par' dir='ltr' id='par_1_44' title="bbox 1900 1455 3476 1531">
     <span class='ocr_line' id='line_1_44' title="bbox 1900 1455 3476 1531; baseline 0.013 -26"><span class='ocrx_word' id='word_1_295' title='bbox 1900 1456 2073 1518; x_wconf 86' lang='lat' dir='ltr'><strong>patria</strong></span> <span class='ocrx_word' id='word_1_296' title='bbox 2102 1455 2380 1524; x_wconf 84' lang='lat' dir='ltr'><strong>Ligurem,</strong></span> <span class='ocrx_word' id='word_1_297' title='bbox 2412 1463 2505 1531; x_wconf 89' lang='lat' dir='ltr'><strong>qui</strong></span> <span class='ocrx_word' id='word_1_298' title='bbox 2537 1474 2695 1519; x_wconf 88' lang='lat' dir='ltr'><strong>antea</strong></span> <span class='ocrx_word' id='word_1_299' title='bbox 2728 1466 2903 1521; x_wconf 80' lang='lat' dir='ltr'><strong>fuerat</strong></span> <span class='ocrx_word' id='word_1_300' title='bbox 2930 1470 3139 1524; x_wconf 89' lang='lat' dir='ltr'><strong>amicus</strong></span> <span class='ocrx_word' id='word_1_301' title='bbox 3196 1481 3248 1523; x_wconf 89' lang='lat' dir='ltr'><strong>et</strong></span> <span class='ocrx_word' id='word_1_302' title='bbox 3298 1472 3476 1525; x_wconf 72' lang='lat' dir='ltr'><strong>affinis</strong></span> 
     </span>
    </p>
   </div>
   <div class='ocr_carea' id='block_1_45' title="bbox 1900 1544 3475 1629">
    <p class='ocr_par' dir='ltr' id='par_1_45' title="bbox 1900 1544 3475 1629">
     <span class='ocr_line' id='line_1_45' title="bbox 1900 1544 3475 1629; baseline 0.012 -31"><span class='ocrx_word' id='word_1_303' title='bbox 1900 1544 2159 1616; x_wconf 83' lang='lat' dir='ltr'><strong>Ligurum</strong></span> <span class='ocrx_word' id='word_1_304' title='bbox 2202 1558 2441 1623; x_wconf 82' lang='lat' dir='ltr'><strong>tyranni.</strong></span> <span class='ocrx_word' id='word_1_305' title='bbox 2491 1558 2698 1614; x_wconf 87' lang='lat' dir='ltr'><strong>Nomen</strong></span> <span class='ocrx_word' id='word_1_306' title='bbox 2766 1561 2922 1617; x_wconf 88' lang='lat' dir='ltr'><strong>ducis</strong></span> <span class='ocrx_word' id='word_1_307' title='bbox 2970 1564 3302 1621; x_wconf 80' lang='lat' dir='ltr'><strong>Carminiola</strong></span> <span class='ocrx_word' id='word_1_308' title='bbox 3350 1567 3475 1629; x_wconf 88' lang='lat' dir='ltr'><strong>fuit,</strong></span> 
     </span>
    </p>
   </div>
   <div class='ocr_carea' id='block_1_46' title="bbox 1898 1640 3469 1721">
    <p class='ocr_par' dir='ltr' id='par_1_46' title="bbox 1898 1640 3469 1721">
     <span class='ocr_line' id='line_1_46' title="bbox 1898 1640 3469 1721; baseline 0.013 -30"><span class='ocrx_word' id='word_1_309' title='bbox 1898 1640 2060 1708; x_wconf 84' lang='lat' dir='ltr'><strong>eique</strong></span> <span class='ocrx_word' id='word_1_310' title='bbox 2087 1647 2389 1699; x_wconf 78' lang='lat' dir='ltr'><strong>exercitum</strong></span> <span class='ocrx_word' id='word_1_311' title='bbox 2438 1655 2852 1709; x_wconf 84' lang='lat' dir='ltr'><strong>commiserunt.</strong></span> <span class='ocrx_word' id='word_1_312' title='bbox 2914 1656 3014 1721; x_wconf 89' lang='lat' dir='ltr'><strong>Qui</strong></span> <span class='ocrx_word' id='word_1_313' title='bbox 3072 1667 3128 1711; x_wconf 93' lang='lat' dir='ltr'><strong>ut</strong></span> <span class='ocrx_word' id='word_1_314' title='bbox 3168 1661 3469 1714; x_wconf 81' lang='lat' dir='ltr'><strong>exercitum</strong></span> 
     </span>
    </p>
   </div>
   <div class='ocr_carea' id='block_1_47' title="bbox 1897 1736 3471 1821">
    <p class='ocr_par' dir='ltr' id='par_1_47' title="bbox 1897 1736 3471 1821">
     <span class='ocr_line' id='line_1_47' title="bbox 1897 1736 3471 1821; baseline 0.013 -35"><span class='ocrx_word' id='word_1_315' title='bbox 1897 1736 2127 1803; x_wconf 88' lang='lat' dir='ltr'><strong>accepit,</strong></span> <span class='ocrx_word' id='word_1_316' title='bbox 2162 1747 2215 1791; x_wconf 89' lang='lat' dir='ltr'><strong>et</strong></span> <span class='ocrx_word' id='word_1_317' title='bbox 2270 1756 2435 1795; x_wconf 81' lang='lat' dir='ltr'><strong>naves</strong></span> <span class='ocrx_word' id='word_1_318' title='bbox 2471 1753 2548 1798; x_wconf 92' lang='lat' dir='ltr'><strong>tot</strong></span> <span class='ocrx_word' id='word_1_319' title='bbox 2608 1755 2742 1815; x_wconf 82' lang='lat' dir='ltr'><strong>quot</strong></span> <span class='ocrx_word' id='word_1_320' title='bbox 2791 1750 3061 1805; x_wconf 88' lang='lat' dir='ltr'><strong>militibus</strong></span> <span class='ocrx_word' id='word_1_321' title='bbox 3107 1753 3335 1821; x_wconf 87' lang='lat' dir='ltr'><strong>implere</strong></span> <span class='ocrx_word' id='word_1_322' title='bbox 3366 1754 3471 1808; x_wconf 67' lang='grc' dir='ltr'>νιο-</span> 
     </span>
    </p>
   </div>
   <div class='ocr_carea' id='block_1_48' title="bbox 1897 1828 3471 1913">
    <p class='ocr_par' dir='ltr' id='par_1_48' title="bbox 1897 1828 3471 1913">
     <span class='ocr_line' id='line_1_48' title="bbox 1897 1828 3471 1913; baseline 0.015 -36"><span class='ocrx_word' id='word_1_323' title='bbox 1897 1828 2346 1898; x_wconf 85' lang='lat' dir='ltr'><strong>netosjnsserat,</strong></span> <span class='ocrx_word' id='word_1_324' title='bbox 2386 1836 2582 1892; x_wconf 88' lang='lat' dir='ltr'><strong>itinere</strong></span> <span class='ocrx_word' id='word_1_325' title='bbox 2630 1841 2867 1908; x_wconf 87' lang='lat' dir='ltr'><strong>pedestri</strong></span> <span class='ocrx_word' id='word_1_326' title='bbox 2898 1852 2953 1897; x_wconf 88' lang='lat' dir='ltr'><strong>et</strong></span> <span class='ocrx_word' id='word_1_327' title='bbox 3014 1859 3109 1913; x_wconf 91' lang='lat' dir='ltr'><strong>per</strong></span> <span class='ocrx_word' id='word_1_328' title='bbox 3168 1844 3471 1901; x_wconf 83' lang='lat' dir='ltr'><strong>Eridanum</strong></span> 
     </span>
    </p>
   </div>
   <div class='ocr_carea' id='block_1_49' title="bbox 1899 1921 3475 2012">
    <p class='ocr_par' dir='ltr' id='par_1_49' title="bbox 1899 1921 3475 2012">
     <span class='ocr_line' id='line_1_49' title="bbox 1899 1921 3475 2012; baseline 0.016 -41"><span class='ocrx_word' id='word_1_329' title='bbox 1899 1921 2379 1988; x_wconf 80' lang='lat' dir='ltr'><strong>proficiscebatur.</strong></span> <span class='ocrx_word' id='word_1_330' title='bbox 2439 1930 2647 1988; x_wconf 83' lang='lat' dir='ltr'><strong>habens</strong></span> <span class='ocrx_word' id='word_1_331' title='bbox 2713 1952 2881 1991; x_wconf 85' lang='lat' dir='ltr'><strong>naves</strong></span> <span class='ocrx_word' id='word_1_332' title='bbox 2924 1938 3115 2008; x_wconf 84' lang='lat' dir='ltr'><strong>ligneis</strong></span> <span class='ocrx_word' id='word_1_333' title='bbox 3166 1956 3475 2012; x_wconf 84' lang='lat' dir='ltr'><strong>propugna-</strong></span> 
     </span>
    </p>
   </div>
   <div class='ocr_carea' id='block_1_50' title="bbox 1895 2011 3473 2099">
    <p class='ocr_par' dir='ltr' id='par_1_50' title="bbox 1895 2011 3473 2099">
     <span class='ocr_line' id='line_1_50' title="bbox 1895 2011 3473 2099; baseline 0.013 -36"><span class='ocrx_word' id='word_1_334' title='bbox 1895 2011 2034 2063; x_wconf 80' lang='lat' dir='ltr'><strong>CuIis</strong></span> <span class='ocrx_word' id='word_1_335' title='bbox 2059 2021 2113 2067; x_wconf 90' lang='lat' dir='ltr'><strong>et</strong></span> <span class='ocrx_word' id='word_1_336' title='bbox 2158 2018 2405 2072; x_wconf 88' lang='lat' dir='ltr'><strong>turribus</strong></span> <span class='ocrx_word' id='word_1_337' title='bbox 2436 2022 2665 2088; x_wconf 86' lang='lat' dir='ltr'><strong>pulchre</strong></span> <span class='ocrx_word' id='word_1_338' title='bbox 2721 2026 3044 2095; x_wconf 88' lang='lat' dir='ltr'><strong>instructas,</strong></span> <span class='ocrx_word' id='word_1_339' title='bbox 3095 2046 3218 2099; x_wconf 69' lang='lat' dir='ltr'><strong>quae</strong></span> <span class='ocrx_word' id='word_1_340' title='bbox 3245 2011 3473 2087; x_wconf 86' lang='lat' dir='ltr'><strong>numero</strong></span> 
     </span>
    </p>
   </div>
   <div class='ocr_carea' id='block_1_51' title="bbox 1893 2111 3471 2189">
    <p class='ocr_par' dir='ltr' id='par_1_51' title="bbox 1893 2111 3471 2189">
     <span class='ocr_line' id='line_1_51' title="bbox 1893 2111 3471 2189; baseline 0.014 -35"><span class='ocrx_word' id='word_1_341' title='bbox 1893 2112 2049 2156; x_wconf 88' lang='lat' dir='ltr'><strong>erant</strong></span> <span class='ocrx_word' id='word_1_342' title='bbox 2100 2111 2475 2177; x_wconf 78' lang='lat' dir='ltr'><strong>septuaginta.</strong></span> <span class='ocrx_word' id='word_1_343' title='bbox 2536 2114 2631 2170; x_wconf 75' lang='lat' dir='ltr'><strong>His</strong></span> <span class='ocrx_word' id='word_1_344' title='bbox 2695 2118 2869 2187; x_wconf 88' lang='lat' dir='ltr'><strong>copiis</strong></span> <span class='ocrx_word' id='word_1_345' title='bbox 2921 2120 3168 2174; x_wconf 91' lang='lat' dir='ltr'><strong>munitus</strong></span> <span class='ocrx_word' id='word_1_346' title='bbox 3214 2123 3471 2189; x_wconf 79' lang='lat' dir='ltr'><strong>pergebat</strong></span> 
     </span>
    </p>
   </div>
   <div class='ocr_carea' id='block_1_52' title="bbox 1893 2199 3469 2282">
    <p class='ocr_par' dir='ltr' id='par_1_52' title="bbox 1893 2199 3469 2282">
     <span class='ocr_line' id='line_1_52' title="bbox 1893 2199 3469 2282; baseline 0.013 -35"><span class='ocrx_word' id='word_1_347' title='bbox 1893 2206 2082 2250; x_wconf 88' lang='lat' dir='ltr'><strong>contra</strong></span> <span class='ocrx_word' id='word_1_348' title='bbox 2146 2199 2437 2258; x_wconf 75' lang='lat' dir='ltr'><strong>Mediolani</strong></span> <span class='ocrx_word' id='word_1_349' title='bbox 2502 2218 2792 2277; x_wconf 89' lang='lat' dir='ltr'><strong>tyrannum</strong></span> <span class='ocrx_word' id='word_1_350' title='bbox 2860 2216 3080 2266; x_wconf 89' lang='lat' dir='ltr'><strong>nomine</strong></span> <span class='ocrx_word' id='word_1_351' title='bbox 3135 2213 3469 2282; x_wconf 84' lang='lat' dir='ltr'><strong>Philippum.</strong></span> 
     </span>
    </p>
   </div>
   <div class='ocr_carea' id='block_1_53' title="bbox 1891 2287 3470 2378">
    <p class='ocr_par' dir='ltr' id='par_1_53' title="bbox 1891 2287 3470 2378">
     <span class='ocr_line' id='line_1_53' title="bbox 1891 2287 3470 2378; baseline 0.013 -38"><span class='ocrx_word' id='word_1_352' title='bbox 1891 2287 2236 2350; x_wconf 70' lang='lat' dir='ltr'><strong>Carmiuiola:</strong></span> <span class='ocrx_word' id='word_1_353' title='bbox 2303 2298 2513 2367; x_wconf 77' lang='lat' dir='ltr'><strong>legatus</strong></span> <span class='ocrx_word' id='word_1_354' title='bbox 2574 2313 2693 2357; x_wconf 91' lang='lat' dir='ltr'><strong>erat</strong></span> <span class='ocrx_word' id='word_1_355' title='bbox 2771 2303 3030 2360; x_wconf 83' lang='lat' dir='ltr'><strong>Nicolaus</strong></span> <span class='ocrx_word' id='word_1_356' title='bbox 3104 2319 3470 2378; x_wconf 80' lang='lat' dir='ltr'><strong>cognomento</strong></span> 
     </span>
    </p>
   </div>
   <div class='ocr_carea' id='block_1_54' title="bbox 1892 2380 3464 2468">
    <p class='ocr_par' dir='ltr' id='par_1_54' title="bbox 1892 2380 3464 2468">
     <span class='ocr_line' id='line_1_54' title="bbox 1892 2380 3464 2468; baseline 0.015 -35"><span class='ocrx_word' id='word_1_357' title='bbox 1892 2380 2324 2457; x_wconf 80' lang='lat' dir='ltr'><strong>Brachius(77),</strong></span> <span class='ocrx_word' id='word_1_358' title='bbox 2356 2391 2436 2443; x_wconf 83' lang='lat' dir='ltr'><strong>vir</strong></span> <span class='ocrx_word' id='word_1_359' title='bbox 2478 2394 2733 2450; x_wconf 83' lang='lat' dir='ltr'><strong>militaris</strong></span> <span class='ocrx_word' id='word_1_360' title='bbox 2790 2399 2867 2451; x_wconf 90' lang='lat' dir='ltr'><strong>rei</strong></span> <span class='ocrx_word' id='word_1_361' title='bbox 2924 2399 3319 2467; x_wconf 87' lang='lat' dir='ltr'><strong>peritissimus,</strong></span> <span class='ocrx_word' id='word_1_362' title='bbox 3370 2402 3464 2468; x_wconf 86' lang='lat' dir='ltr'><strong>qui</strong></span> 
     </span>
    </p>
   </div>
   <div class='ocr_carea' id='block_1_55' title="bbox 1890 2479 3465 2557">
    <p class='ocr_par' dir='ltr' id='par_1_55' title="bbox 1890 2479 3465 2557">
     <span class='ocr_line' id='line_1_55' title="bbox 1890 2479 3465 2557; baseline 0.013 -31"><span class='ocrx_word' id='word_1_363' title='bbox 1890 2479 1955 2528; x_wconf 90' lang='lat' dir='ltr'><strong>ad</strong></span> <span class='ocrx_word' id='word_1_364' title='bbox 1981 2493 2253 2533; x_wconf 83' lang='lat' dir='ltr'><strong>summam</strong></span> <span class='ocrx_word' id='word_1_365' title='bbox 2311 2483 2627 2540; x_wconf 81' lang='lat' dir='ltr'><strong>bellicarum</strong></span> <span class='ocrx_word' id='word_1_366' title='bbox 2668 2504 2850 2543; x_wconf 86' lang='lat' dir='ltr'><strong>rerum</strong></span> <span class='ocrx_word' id='word_1_367' title='bbox 2906 2491 3129 2557; x_wconf 75' lang='lat' dir='ltr'><strong>gloriam</strong></span> <span class='ocrx_word' id='word_1_368' title='bbox 3190 2504 3465 2547; x_wconf 73' lang='lat' dir='ltr'><strong>evaserat.</strong></span> 
     </span>
    </p>
   </div>
   <div class='ocr_carea' id='block_1_56' title="bbox 1896 2568 3463 2655">
    <p class='ocr_par' dir='ltr' id='par_1_56' title="bbox 1896 2568 3463 2655">
     <span class='ocr_line' id='line_1_56' title="bbox 1896 2568 3463 2655; baseline 0.013 -35"><span class='ocrx_word' id='word_1_369' title='bbox 1896 2568 2082 2624; x_wconf 81' lang='lat' dir='ltr'><strong>Veneti</strong></span> <span class='ocrx_word' id='word_1_370' title='bbox 2118 2574 2171 2625; x_wconf 93' lang='lat' dir='ltr'><strong>in</strong></span> <span class='ocrx_word' id='word_1_371' title='bbox 2209 2590 2274 2628; x_wconf 87' lang='lat' dir='ltr'><strong>co</strong></span> <span class='ocrx_word' id='word_1_372' title='bbox 2324 2575 2468 2631; x_wconf 89' lang='lat' dir='ltr'><strong>bello</strong></span> <span class='ocrx_word' id='word_1_373' title='bbox 2510 2579 2750 2634; x_wconf 77' lang='lat' dir='ltr'><strong>victores</strong></span> <span class='ocrx_word' id='word_1_374' title='bbox 2805 2590 3049 2651; x_wconf 88' lang='lat' dir='ltr'><strong>tempore</strong></span> <span class='ocrx_word' id='word_1_375' title='bbox 3088 2587 3248 2655; x_wconf 78' lang='lat' dir='ltr'><strong>longo</strong></span> <span class='ocrx_word' id='word_1_376' title='bbox 3292 2586 3463 2641; x_wconf 82' lang='lat' dir='ltr'><strong>fuere.</strong></span> 
     </span>
    </p>
   </div>
   <div class='ocr_carea' id='block_1_57' title="bbox 1887 2662 3462 2739">
    <p class='ocr_par' dir='ltr' id='par_1_57' title="bbox 1887 2662 3462 2739">
     <span class='ocr_line' id='line_1_57' title="bbox 1887 2662 3462 2739; baseline 0.01 -23"><span class='ocrx_word' id='word_1_377' title='bbox 1887 2662 2281 2718; x_wconf 66' lang='lat' dir='ltr'><strong>Prieliabautur</strong></span> <span class='ocrx_word' id='word_1_378' title='bbox 2309 2668 2422 2730; x_wconf 88' lang='lat' dir='ltr'><strong>diu,</strong></span> <span class='ocrx_word' id='word_1_379' title='bbox 2445 2685 2567 2722; x_wconf 89' lang='lat' dir='ltr'><strong>cum</strong></span> <span class='ocrx_word' id='word_1_380' title='bbox 2596 2674 2848 2739; x_wconf 82' lang='lat' dir='ltr'><strong>pra-sidio</strong></span> <span class='ocrx_word' id='word_1_381' title='bbox 2878 2677 2942 2729; x_wconf 88' lang='lat' dir='ltr'><strong>ad</strong></span> <span class='ocrx_word' id='word_1_382' title='bbox 2963 2678 3115 2732; x_wconf 88' lang='lat' dir='ltr'><strong>lacus</strong></span> <span class='ocrx_word' id='word_1_383' title='bbox 3152 2680 3462 2733; x_wconf 76' lang='lat' dir='ltr'><strong>custodiam</strong></span> 
     </span>
    </p>
   </div>
   <div class='ocr_carea' id='block_1_58' title="bbox 1887 2755 3461 2825">
    <p class='ocr_par' dir='ltr' id='par_1_58' title="bbox 1887 2755 3461 2825">
     <span class='ocr_line' id='line_1_58' title="bbox 1887 2755 3461 2825; baseline 0.01 -17"><span class='ocrx_word' id='word_1_384' title='bbox 1887 2756 2086 2823; x_wconf 87' lang='lat' dir='ltr'><strong>posito.</strong></span> <span class='ocrx_word' id='word_1_385' title='bbox 2119 2755 2377 2815; x_wconf 86' lang='lat' dir='ltr'><strong>Nicolaus</strong></span> <span class='ocrx_word' id='word_1_386' title='bbox 2408 2760 2677 2819; x_wconf 79' lang='lat' dir='ltr'><strong>Brachius</strong></span> <span class='ocrx_word' id='word_1_387' title='bbox 2740 2765 2978 2821; x_wconf 78' lang='lat' dir='ltr'><strong>Brixiam</strong></span> <span class='ocrx_word' id='word_1_388' title='bbox 3034 2783 3157 2823; x_wconf 85' lang='lat' dir='ltr'><strong>cuin</strong></span> <span class='ocrx_word' id='word_1_389' title='bbox 3216 2771 3461 2825; x_wconf 79' lang='lat' dir='ltr'><strong>exercitu</strong></span> 
     </span>
    </p>
   </div>
   <div class='ocr_carea' id='block_1_59' title="bbox 1886 2849 3463 2930">
    <p class='ocr_par' dir='ltr' id='par_1_59' title="bbox 1886 2849 3463 2930">
     <span class='ocr_line' id='line_1_59' title="bbox 1886 2849 3463 2930; baseline 0.011 -33"><span class='ocrx_word' id='word_1_390' title='bbox 1886 2849 2055 2913; x_wconf 86' lang='lat' dir='ltr'><strong>venit,</strong></span> <span class='ocrx_word' id='word_1_391' title='bbox 2090 2865 2322 2921; x_wconf 76' lang='lat' dir='ltr'><strong>eamque.</strong></span> <span class='ocrx_word' id='word_1_392' title='bbox 2368 2869 2564 2924; x_wconf 88' lang='lat' dir='ltr'><strong>capere</strong></span> <span class='ocrx_word' id='word_1_393' title='bbox 2618 2858 2916 2914; x_wconf 83' lang='lat' dir='ltr'><strong>nitebatur.</strong></span> <span class='ocrx_word' id='word_1_394' title='bbox 2951 2858 3151 2916; x_wconf 87' lang='lat' dir='ltr'><strong>Verum</strong></span> <span class='ocrx_word' id='word_1_395' title='bbox 3204 2863 3463 2930; x_wconf 79' lang='lat' dir='ltr'><strong>oppidani</strong></span> 
     </span>
    </p>
   </div>
   <div class='ocr_carea' id='block_1_60' title="bbox 1886 2938 3463 3024">
    <p class='ocr_par' dir='ltr' id='par_1_60' title="bbox 1886 2938 3463 3024">
     <span class='ocr_line' id='line_1_60' title="bbox 1886 2938 3463 3024; baseline 0.011 -31"><span class='ocrx_word' id='word_1_396' title='bbox 1886 2938 2229 2995; x_wconf 80' lang='lat' dir='ltr'><strong>obsidionem</strong></span> <span class='ocrx_word' id='word_1_397' title='bbox 2263 2944 2425 3014; x_wconf 78' lang='lat' dir='ltr'><strong>longo</strong></span> <span class='ocrx_word' id='word_1_398' title='bbox 2477 2946 2789 3001; x_wconf 87' lang='lat' dir='ltr'><strong>tolerarunt</strong></span> <span class='ocrx_word' id='word_1_399' title='bbox 2820 2958 3065 3020; x_wconf 85' lang='lat' dir='ltr'><strong>tempore</strong></span> <span class='ocrx_word' id='word_1_400' title='bbox 3123 2969 3296 3024; x_wconf 86' lang='lat' dir='ltr'><strong>eoque</strong></span> <span class='ocrx_word' id='word_1_401' title='bbox 3361 2972 3463 3010; x_wconf 89' lang='lat' dir='ltr'><strong>nc-</strong></span> 
     </span>
    </p>
   </div>
   <div class='ocr_carea' id='block_1_61' title="bbox 1886 3032 3461 3115">
    <p class='ocr_par' dir='ltr' id='par_1_61' title="bbox 1886 3032 3461 3115">
     <span class='ocr_line' id='line_1_61' title="bbox 1886 3032 3461 3115; baseline 0.011 -30"><span class='ocrx_word' id='word_1_402' title='bbox 1886 3032 2159 3087; x_wconf 88' lang='lat' dir='ltr'><strong>cessitatis</strong></span> <span class='ocrx_word' id='word_1_403' title='bbox 2197 3044 2418 3089; x_wconf 87' lang='lat' dir='ltr'><strong>ventum</strong></span> <span class='ocrx_word' id='word_1_404' title='bbox 2462 3048 2565 3101; x_wconf 91' lang='lat' dir='ltr'><strong>est,</strong></span> <span class='ocrx_word' id='word_1_405' title='bbox 2604 3050 2661 3093; x_wconf 91' lang='lat' dir='ltr'><strong>ut</strong></span> <span class='ocrx_word' id='word_1_406' title='bbox 2706 3057 2893 3096; x_wconf 87' lang='lat' dir='ltr'><strong>mures</strong></span> <span class='ocrx_word' id='word_1_407' title='bbox 2928 3043 3171 3115; x_wconf 82' lang='lat' dir='ltr'><strong>felesque</strong></span> <span class='ocrx_word' id='word_1_408' title='bbox 3211 3046 3461 3109; x_wconf 85' lang='lat' dir='ltr'><strong>ederent.</strong></span> 
     </span>
    </p>
   </div>
   <div class='ocr_carea' id='block_1_62' title="bbox 1887 3125 3460 3209">
    <p class='ocr_par' dir='ltr' id='par_1_62' title="bbox 1887 3125 3460 3209">
     <span class='ocr_line' id='line_1_62' title="bbox 1887 3125 3460 3209; baseline 0.011 -33"><span class='ocrx_word' id='word_1_409' title='bbox 1887 3135 1939 3177; x_wconf 86' lang='lat' dir='ltr'><strong>et</strong></span> <span class='ocrx_word' id='word_1_410' title='bbox 1970 3125 2266 3182; x_wconf 85' lang='lat' dir='ltr'><strong>durissima</strong></span> <span class='ocrx_word' id='word_1_411' title='bbox 2303 3144 2531 3198; x_wconf 71' lang='lat' dir='ltr'><strong>qumque</strong></span> <span class='ocrx_word' id='word_1_412' title='bbox 2566 3132 2905 3188; x_wconf 87' lang='lat' dir='ltr'><strong>sustinerent</strong></span> <span class='ocrx_word' id='word_1_413' title='bbox 2953 3138 3159 3205; x_wconf 89' lang='lat' dir='ltr'><strong>potius,</strong></span> <span class='ocrx_word' id='word_1_414' title='bbox 3197 3155 3362 3209; x_wconf 87' lang='lat' dir='ltr'><strong>quam</strong></span> <span class='ocrx_word' id='word_1_415' title='bbox 3401 3154 3460 3194; x_wconf 92' lang='grc' dir='ltr'><strong>ιιι</strong></span> 
     </span>
    </p>
   </div>
   <div class='ocr_carea' id='block_1_63' title="bbox 197 3210 1779 3299">
    <p class='ocr_par' dir='ltr' id='par_1_63' title="bbox 197 3210 1778 3287">
     <span class='ocr_line' id='line_1_63' title="bbox 197 3210 1778 3287; baseline 0.012 -30"><span class='ocrx_word' id='word_1_416' title='bbox 197 3210 517 3279; x_wconf 82' lang='grc' dir='ltr'>ἀντιστῆναι</span> <span class='ocrx_word' id='word_1_417' title='bbox 570 3213 663 3264; x_wconf 79' lang='grc' dir='ltr'><strong>ἐπὶ</strong></span> <span class='ocrx_word' id='word_1_418' title='bbox 721 3214 992 3267; x_wconf 77' lang='grc' dir='ltr'>τοσοῦτον.</span> <span class='ocrx_word' id='word_1_419' title='bbox 1052 3217 1164 3286; x_wconf 82' lang='grc' dir='ltr'><strong>Τὴν</strong></span> <span class='ocrx_word' id='word_1_420' title='bbox 1228 3220 1337 3287; x_wconf 79' lang='grc' dir='ltr'>γάρ</span> <span class='ocrx_word' id='word_1_421' title='bbox 1392 3237 1473 3272; x_wconf 88' lang='grc' dir='ltr'><strong>τοι</strong></span> <span class='ocrx_word' id='word_1_422' title='bbox 1546 3222 1778 3276; x_wconf 85' lang='grc' dir='ltr'>Ἰταλίαν</span> 
     </span>
    </p>
   </div>
   <div class='ocr_carea' id='block_1_64' title="bbox 1887 3210 3459 3299">
    <p class='ocr_par' dir='ltr' id='par_1_64' title="bbox 1887 3216 3459 3299">
     <span class='ocr_line' id='line_1_64' title="bbox 1887 3216 3459 3299; baseline 0.011 -30"><span class='ocrx_word' id='word_1_423' title='bbox 1887 3216 2027 3272; x_wconf 92' lang='lat' dir='ltr'><strong>bosti</strong></span> <span class='ocrx_word' id='word_1_424' title='bbox 2066 3219 2324 3273; x_wconf 82' lang='lat' dir='ltr'><strong>cederent</strong></span> <span class='ocrx_word' id='word_1_425' title='bbox 2367 3239 2381 3275; x_wconf 92' lang='lat'>:</span> <span class='ocrx_word' id='word_1_426' title='bbox 2420 3222 2583 3278; x_wconf 87' lang='lat' dir='ltr'><strong>factio</strong></span> <span class='ocrx_word' id='word_1_427' title='bbox 2617 3224 3011 3294; x_wconf 87' lang='lat' dir='ltr'><strong>Guelphorutn,</strong></span> <span class='ocrx_word' id='word_1_428' title='bbox 3050 3245 3171 3299; x_wconf 59' lang='lat' dir='ltr'><strong>qua</strong></span> <span class='ocrx_word' id='word_1_429' title='bbox 3230 3233 3284 3286; x_wconf 92' lang='lat' dir='ltr'><strong>in</strong></span> <span class='ocrx_word' id='word_1_430' title='bbox 3322 3234 3459 3288; x_wconf 85' lang='lat' dir='ltr'><strong>urbe</strong></span> 
     </span>
    </p>
   </div>
   <div class='ocr_carea' id='block_1_65' title="bbox 197 3300 1775 3383">
    <p class='ocr_par' dir='ltr' id='par_1_65' title="bbox 197 3300 1775 3383">
     <span class='ocr_line' id='line_1_65' title="bbox 197 3300 1775 3383; baseline 0.011 -30"><span class='ocrx_word' id='word_1_431' title='bbox 197 3300 503 3369; x_wconf 81' lang='grc' dir='ltr'>σύμπασαν</span> <span class='ocrx_word' id='word_1_432' title='bbox 546 3306 604 3366; x_wconf 73' lang='grc' dir='ltr'>ἐς</span> <span class='ocrx_word' id='word_1_433' title='bbox 634 3305 727 3357; x_wconf 85' lang='grc' dir='ltr'><strong>δύο</strong></span> <span class='ocrx_word' id='word_1_434' title='bbox 761 3310 955 3376; x_wconf 83' lang='grc' dir='ltr'>μοίρας</span> <span class='ocrx_word' id='word_1_435' title='bbox 1001 3309 1385 3380; x_wconf 80' lang='grc' dir='ltr'>διακεκρίσθαι</span> <span class='ocrx_word' id='word_1_436' title='bbox 1433 3315 1775 3383; x_wconf 73' lang='grc' dir='ltr'>ἐπυθόμεθα,</span> 
     </span>
    </p>
   </div>
   <div class='ocr_carea' id='block_1_66' title="bbox 194 3394 1779 3477">
    <p class='ocr_par' dir='ltr' id='par_1_66' title="bbox 194 3394 1779 3477">
     <span class='ocr_line' id='line_1_66' title="bbox 194 3394 1779 3477; baseline 0.012 -33"><span class='ocrx_word' id='word_1_437' title='bbox 194 3394 297 3464; x_wconf 82' lang='grc' dir='ltr'>τήν</span> <span class='ocrx_word' id='word_1_438' title='bbox 346 3412 407 3447; x_wconf 87' lang='grc' dir='ltr'><strong>τε</strong></span> <span class='ocrx_word' id='word_1_439' title='bbox 456 3397 743 3464; x_wconf 80' lang='grc' dir='ltr'>Γουέλφων</span> <span class='ocrx_word' id='word_1_440' title='bbox 794 3401 889 3452; x_wconf 85' lang='grc' dir='ltr'>καὶ</span> <span class='ocrx_word' id='word_1_441' title='bbox 942 3402 1284 3459; x_wconf 86' lang='grc' dir='ltr'>Γιϐελλίνων.</span> <span class='ocrx_word' id='word_1_442' title='bbox 1319 3406 1465 3476; x_wconf 85' lang='grc' dir='ltr'><strong>Ὀτῳ</strong></span> <span class='ocrx_word' id='word_1_443' title='bbox 1526 3409 1626 3477; x_wconf 79' lang='grc' dir='ltr'>μὲν</span> <span class='ocrx_word' id='word_1_444' title='bbox 1686 3410 1779 3462; x_wconf 75' lang='grc' dir='ltr'><strong>οὖν</strong></span> 
     </span>
    </p>
   </div>
   <div class='ocr_carea' id='block_1_67' title="bbox 194 3488 1777 3567">
    <p class='ocr_par' dir='ltr' id='par_1_67' title="bbox 194 3488 1777 3567">
     <span class='ocr_line' id='line_1_67' title="bbox 194 3488 1777 3567; baseline 0.012 -32"><span class='ocrx_word' id='word_1_445' title='bbox 194 3488 385 3555; x_wconf 83' lang='grc' dir='ltr'>τρόπῳ</span> <span class='ocrx_word' id='word_1_446' title='bbox 416 3490 511 3540; x_wconf 84' lang='grc' dir='ltr'>καὶ</span> <span class='ocrx_word' id='word_1_447' title='bbox 546 3489 703 3557; x_wconf 83' lang='grc' dir='ltr'>γένος</span> <span class='ocrx_word' id='word_1_448' title='bbox 736 3493 831 3544; x_wconf 74' lang='grc' dir='ltr'>καὶ</span> <span class='ocrx_word' id='word_1_449' title='bbox 862 3492 1044 3555; x_wconf 87' lang='grc' dir='ltr'>πόλεις</span> <span class='ocrx_word' id='word_1_450' title='bbox 1076 3495 1182 3547; x_wconf 85' lang='grc' dir='ltr'>τῶν</span> <span class='ocrx_word' id='word_1_451' title='bbox 1222 3500 1361 3551; x_wconf 66' lang='grc' dir='ltr'>κατὰ</span> <span class='ocrx_word' id='word_1_452' title='bbox 1399 3500 1499 3567; x_wconf 80' lang='grc' dir='ltr'>τὴν</span> <span class='ocrx_word' id='word_1_453' title='bbox 1538 3500 1777 3554; x_wconf 76' lang='grc' dir='ltr'>Ἰταλίαν</span> 
     </span>
    </p>
   </div>
   <div class='ocr_carea' id='block_1_68' title="bbox 190 3579 1775 3662">
    <p class='ocr_par' dir='ltr' id='par_1_68' title="bbox 190 3579 1775 3662">
     <span class='ocr_line' id='line_1_68' title="bbox 190 3579 1775 3662; baseline 0.012 -32"><span class='ocrx_word' id='word_1_454' title='bbox 190 3579 491 3649; x_wconf 81' lang='grc' dir='ltr'>ἁπανταχῆ</span> <span class='ocrx_word' id='word_1_455' title='bbox 531 3584 588 3644; x_wconf 86' lang='grc' dir='ltr'>ὲς</span> <span class='ocrx_word' id='word_1_456' title='bbox 639 3584 732 3636; x_wconf 75' lang='grc' dir='ltr'><strong>δύο</strong></span> <span class='ocrx_word' id='word_1_457' title='bbox 776 3585 951 3653; x_wconf 83' lang='grc' dir='ltr'>τούτῳ</span> <span class='ocrx_word' id='word_1_458' title='bbox 1010 3589 1208 3657; x_wconf 89' lang='grc' dir='ltr'>μοίρας</span> <span class='ocrx_word' id='word_1_459' title='bbox 1259 3592 1464 3662; x_wconf 80' lang='grc' dir='ltr'>διέστη,</span> <span class='ocrx_word' id='word_1_460' title='bbox 1504 3593 1645 3647; x_wconf 76' lang='grc' dir='ltr'>ὥστε</span> <span class='ocrx_word' id='word_1_461' title='bbox 1679 3597 1775 3650; x_wconf 83' lang='grc' dir='ltr'>ἀλ-</span> 
     </span>
    </p>
   </div>
   <div class='ocr_carea' id='block_1_69' title="bbox 188 3668 1775 3756">
    <p class='ocr_par' dir='ltr' id='par_1_69' title="bbox 188 3668 1775 3756">
     <span class='ocr_line' id='line_1_69' title="bbox 188 3668 1775 3756; baseline 0.009 -35"><span class='ocrx_word' id='word_1_462' title='bbox 188 3668 393 3738; x_wconf 76' lang='grc' dir='ltr'>λήλους</span> <span class='ocrx_word' id='word_1_463' title='bbox 448 3672 492 3703; x_wconf 86' lang='grc'><strong>³¹</strong></span> <span class='ocrx_word' id='word_1_464' title='bbox 542 3673 806 3740; x_wconf 80' lang='grc' dir='ltr'>πολεμίας</span> <span class='ocrx_word' id='word_1_465' title='bbox 862 3671 1023 3741; x_wconf 81' lang='grc' dir='ltr'>εἶναι,</span> <span class='ocrx_word' id='word_1_466' title='bbox 1056 3679 1414 3748; x_wconf 81' lang='grc' dir='ltr'>διενεχθεῖσαι</span> <span class='ocrx_word' id='word_1_467' title='bbox 1464 3687 1529 3753; x_wconf 76' lang='grc' dir='ltr'>τῇ</span> <span class='ocrx_word' id='word_1_468' title='bbox 1580 3686 1775 3756; x_wconf 79' lang='grc' dir='ltr'>γνώμῃ</span> 
     </span>
    </p>
   </div>
   <div class='ocr_carea' id='block_1_70' title="bbox 186 3764 1776 3848">
    <p class='ocr_par' dir='ltr' id='par_1_70' title="bbox 186 3764 1776 3848">
     <span class='ocr_line' id='line_1_70' title="bbox 186 3764 1776 3848; baseline 0.012 -35"><span class='ocrx_word' id='word_1_469' title='bbox 186 3764 516 3828; x_wconf 80' lang='grc' dir='ltr'>διαπαντὸς,</span> <span class='ocrx_word' id='word_1_470' title='bbox 551 3767 640 3817; x_wconf 78' lang='grc' dir='ltr'>καὶ</span> <span class='ocrx_word' id='word_1_471' title='bbox 671 3766 794 3819; x_wconf 76' lang='grc' dir='ltr'>ὅθεν</span> <span class='ocrx_word' id='word_1_472' title='bbox 844 3769 944 3838; x_wconf 81' lang='grc' dir='ltr'>τὴν</span> <span class='ocrx_word' id='word_1_473' title='bbox 1000 3771 1175 3840; x_wconf 81' lang='grc' dir='ltr'>ἀρχὴν</span> <span class='ocrx_word' id='word_1_474' title='bbox 1208 3772 1331 3843; x_wconf 77' lang='grc' dir='ltr'>ἔσχε</span> <span class='ocrx_word' id='word_1_475' title='bbox 1364 3774 1463 3842; x_wconf 84' lang='grc' dir='ltr'>τῆς</span> <span class='ocrx_word' id='word_1_476' title='bbox 1508 3776 1776 3848; x_wconf 69' lang='grc' dir='ltr'>διαφορᾶς</span> 
     </span>
    </p>
   </div>
   <div class='ocr_carea' id='block_1_71' title="bbox 185 3852 1772 3934">
    <p class='ocr_par' dir='ltr' id='par_1_71' title="bbox 185 3852 1772 3934">
     <span class='ocr_line' id='line_1_71' title="bbox 185 3852 1772 3934; baseline 0.011 -29"><span class='ocrx_word' id='word_1_477' title='bbox 185 3852 318 3906; x_wconf 70' lang='grc' dir='ltr'>οὔτε</span> <span class='ocrx_word' id='word_1_478' title='bbox 350 3855 497 3918; x_wconf 72' lang='grc' dir='ltr'>τινος</span> <span class='ocrx_word' id='word_1_479' title='bbox 542 3855 844 3927; x_wconf 73' lang='grc' dir='ltr'>ἐπυθόμην,</span> <span class='ocrx_word' id='word_1_480' title='bbox 885 3858 1024 3911; x_wconf 78' lang='grc' dir='ltr'>ὥστε</span> <span class='ocrx_word' id='word_1_481' title='bbox 1083 3861 1281 3925; x_wconf 84' lang='grc' dir='ltr'>ἀληθές</span> <span class='ocrx_word' id='word_1_482' title='bbox 1325 3881 1377 3915; x_wconf 90' lang='grc' dir='ltr'><strong>τι</strong></span> <span class='ocrx_word' id='word_1_483' title='bbox 1416 3869 1544 3934; x_wconf 72' lang='grc' dir='ltr'>περὶ</span> <span class='ocrx_word' id='word_1_484' title='bbox 1593 3869 1772 3922; x_wconf 80' lang='grc' dir='ltr'>αὐτῶν</span> 
     </span>
    </p>
   </div>
   <div class='ocr_carea' id='block_1_72' title="bbox 184 3947 1774 4028">
    <p class='ocr_par' dir='ltr' id='par_1_72' title="bbox 184 3947 1774 4028">
     <span class='ocr_line' id='line_1_72' title="bbox 184 3947 1774 4028; baseline 0.011 -31"><span class='ocrx_word' id='word_1_485' title='bbox 184 3947 564 4017; x_wconf 68' lang='grc' dir='ltr'>ἱπισημῆναι,</span> <span class='ocrx_word' id='word_1_486' title='bbox 616 3948 913 4013; x_wconf 76' lang='grc' dir='ltr'>οὕτάὑτὸς</span> <span class='ocrx_word' id='word_1_487' title='bbox 975 3954 1407 4023; x_wconf 74' lang='grc' dir='ltr'>συμϐαλλόμενος</span> <span class='ocrx_word' id='word_1_488' title='bbox 1472 3959 1645 4028; x_wconf 81' lang='grc' dir='ltr'>ἔχοιμ’</span> <span class='ocrx_word' id='word_1_489' title='bbox 1709 3964 1774 4015; x_wconf 83' lang='grc' dir='ltr'>ἂν</span> 
     </span>
    </p>
   </div>
   <div class='ocr_carea' id='block_1_73' title="bbox 182 4038 1773 4121">
    <p class='ocr_par' dir='ltr' id='par_1_73' title="bbox 182 4038 1773 4121">
     <span class='ocr_line' id='line_1_73' title="bbox 182 4038 1773 4121; baseline 0.011 -31"><span class='ocrx_word' id='word_1_490' title='bbox 182 4038 373 4106; x_wconf 81' lang='grc' dir='ltr'>λέγειν</span> <span class='ocrx_word' id='word_1_491' title='bbox 412 4057 465 4092; x_wconf 85' lang='grc' dir='ltr'><strong>τι</strong></span> <span class='ocrx_word' id='word_1_492' title='bbox 495 4042 733 4107; x_wconf 76' lang='grc' dir='ltr'>ἀσφαλὲς</span> <span class='ocrx_word' id='word_1_493' title='bbox 766 4044 894 4113; x_wconf 82' lang='grc' dir='ltr'>περὶ</span> <span class='ocrx_word' id='word_1_494' title='bbox 922 4045 1124 4099; x_wconf 80' lang='grc' dir='ltr'>αὐτῶν.</span> <span class='ocrx_word' id='word_1_495' title='bbox 1167 4046 1226 4100; x_wconf 84' lang='grc' dir='ltr'><strong>’ίΙ</strong></span> <span class='ocrx_word' id='word_1_496' title='bbox 1260 4050 1359 4116; x_wconf 85' lang='grc' dir='ltr'><strong>μέν</strong></span> <span class='ocrx_word' id='word_1_497' title='bbox 1394 4066 1476 4102; x_wconf 92' lang='grc' dir='ltr'><strong>τοι</strong></span> <span class='ocrx_word' id='word_1_498' title='bbox 1516 4054 1773 4121; x_wconf 76' lang='grc' dir='ltr'>Λιγύρων</span> 
     </span>
    </p>
   </div>
   <div class='ocr_carea' id='block_1_74' title="bbox 179 4130 1773 4208">
    <p class='ocr_par' dir='ltr' id='par_1_74' title="bbox 179 4130 1773 4208">
     <span class='ocr_line' id='line_1_74' title="bbox 179 4130 1773 4208; baseline 0.011 -27"><span class='ocrx_word' id='word_1_499' title='bbox 179 4130 369 4200; x_wconf 81' lang='grc' dir='ltr'>χώρα,</span> <span class='ocrx_word' id='word_1_500' title='bbox 404 4134 501 4185; x_wconf 79' lang='grc' dir='ltr'>καὶ</span> <span class='ocrx_word' id='word_1_501' title='bbox 537 4135 570 4202; x_wconf 82' lang='grc' dir='ltr'><strong>ἡ</strong></span> <span class='ocrx_word' id='word_1_502' title='bbox 601 4134 709 4185; x_wconf 85' lang='grc' dir='ltr'>τῶν</span> <span class='ocrx_word' id='word_1_503' title='bbox 752 4136 1019 4200; x_wconf 64' lang='grc' dir='ltr'>’ίανυῖω-ι,</span> <span class='ocrx_word' id='word_1_504' title='bbox 1052 4155 1107 4197; x_wconf 91' lang='grc' dir='ltr'><strong>ες</strong></span> <span class='ocrx_word' id='word_1_505' title='bbox 1147 4150 1246 4208; x_wconf 82' lang='grc' dir='ltr'><strong>την</strong></span> <span class='ocrx_word' id='word_1_506' title='bbox 1287 4141 1608 4196; x_wconf 66' lang='grc' dir='ltr'>ι“ι6ε).λίόων</span> <span class='ocrx_word' id='word_1_507' title='bbox 1640 4147 1773 4197; x_wconf 82' lang='grc' dir='ltr'>ἀπο-</span> 
     </span>
    </p>
   </div>
   <div class='ocr_carea' id='block_1_75' title="bbox 178 4226 1771 4302">
    <p class='ocr_par' dir='ltr' id='par_1_75' title="bbox 178 4226 1771 4302">
     <span class='ocr_line' id='line_1_75' title="bbox 178 4226 1771 4302; baseline 0.011 -24"><span class='ocrx_word' id='word_1_508' title='bbox 178 4226 457 4293; x_wconf 79' lang='grc' dir='ltr'>κέκριται</span> <span class='ocrx_word' id='word_1_509' title='bbox 516 4228 750 4295; x_wconf 75' lang='grc' dir='ltr'>μοῖρανο</span> <span class='ocrx_word' id='word_1_510' title='bbox 802 4231 851 4279; x_wconf 88' lang='grc' dir='ltr'>οί</span> <span class='ocrx_word' id='word_1_511' title='bbox 904 4230 959 4281; x_wconf 74' lang='grc' dir='ltr'>δὲ</span> <span class='ocrx_word' id='word_1_512' title='bbox 1012 4231 1122 4284; x_wconf 85' lang='grc' dir='ltr'>τῶν</span> <span class='ocrx_word' id='word_1_513' title='bbox 1173 4233 1475 4302; x_wconf 80' lang='grc' dir='ltr'>Οὑενετῶν,</span> <span class='ocrx_word' id='word_1_514' title='bbox 1512 4242 1607 4293; x_wconf 77' lang='grc' dir='ltr'>καὶ</span> <span class='ocrx_word' id='word_1_515' title='bbox 1664 4242 1771 4294; x_wconf 83' lang='grc' dir='ltr'>τῶν</span> 
     </span>
    </p>
   </div>
   <div class='ocr_carea' id='block_1_76' title="bbox 189 4316 1768 4403">
    <p class='ocr_par' dir='ltr' id='par_1_76' title="bbox 189 4316 1768 4403">
     <span class='ocr_line' id='line_1_76' title="bbox 189 4316 1768 4403; baseline 0.012 -35"><span class='ocrx_word' id='word_1_516' title='bbox 189 4316 524 4387; x_wconf 83' lang='grc' dir='ltr'>Ῥωμαίων,</span> <span class='ocrx_word' id='word_1_517' title='bbox 556 4319 650 4370; x_wconf 76' lang='grc' dir='ltr'>καὶ</span> <span class='ocrx_word' id='word_1_518' title='bbox 698 4320 730 4387; x_wconf 78' lang='grc' dir='ltr'><strong>ἡ</strong></span> <span class='ocrx_word' id='word_1_519' title='bbox 778 4320 1002 4391; x_wconf 78' lang='grc' dir='ltr'>Μάρκη,</span> <span class='ocrx_word' id='word_1_520' title='bbox 1030 4325 1087 4386; x_wconf 80' lang='grc' dir='ltr'>ἐς</span> <span class='ocrx_word' id='word_1_521' title='bbox 1115 4324 1213 4394; x_wconf 83' lang='grc' dir='ltr'>τὴν</span> <span class='ocrx_word' id='word_1_522' title='bbox 1245 4327 1530 4397; x_wconf 78' lang='grc' dir='ltr'>Γουέλφων</span> <span class='ocrx_word' id='word_1_523' title='bbox 1583 4333 1768 4403; x_wconf 81' lang='grc' dir='ltr'>διέστη</span> 
     </span>
    </p>
   </div>
   <div class='ocr_carea' id='block_1_77' title="bbox 176 4410 1770 4492">
    <p class='ocr_par' dir='ltr' id='par_1_77' title="bbox 176 4410 1770 4492">
     <span class='ocr_line' id='line_1_77' title="bbox 176 4410 1770 4492; baseline 0.01 -31"><span class='ocrx_word' id='word_1_524' title='bbox 176 4410 481 4479; x_wconf 57' lang='grc' dir='ltr'>διαφοράν.</span> <span class='ocrx_word' id='word_1_525' title='bbox 521 4412 792 4480; x_wconf 61' lang='grc' dir='ltr'>Τυρρηνοὶ</span> <span class='ocrx_word' id='word_1_526' title='bbox 844 4413 1029 4481; x_wconf 84' lang='grc' dir='ltr'>μέντοι</span> <span class='ocrx_word' id='word_1_527' title='bbox 1076 4419 1172 4470; x_wconf 82' lang='grc' dir='ltr'>καὶ</span> <span class='ocrx_word' id='word_1_528' title='bbox 1226 4420 1257 4487; x_wconf 77' lang='grc' dir='ltr'><strong>ἠ</strong></span> <span class='ocrx_word' id='word_1_529' title='bbox 1316 4420 1467 4489; x_wconf 84' lang='grc' dir='ltr'>χώρα</span> <span class='ocrx_word' id='word_1_530' title='bbox 1516 4424 1611 4492; x_wconf 81' lang='grc' dir='ltr'>τῆς</span> <span class='ocrx_word' id='word_1_531' title='bbox 1662 4426 1770 4477; x_wconf 72' lang='grc' dir='ltr'><strong>Βα-</strong></span> 
     </span>
    </p>
   </div>
   <div class='ocr_carea' id='block_1_78' title="bbox 176 4502 1766 4581">
    <p class='ocr_par' dir='ltr' id='par_1_78' title="bbox 176 4502 1766 4581">
     <span class='ocr_line' id='line_1_78' title="bbox 176 4502 1766 4581; baseline 0.011 -28"><span class='ocrx_word' id='word_1_532' title='bbox 176 4504 377 4565; x_wconf 76' lang='grc' dir='ltr'>σιλέας</span> <span class='ocrx_word' id='word_1_533' title='bbox 430 4505 496 4568; x_wconf 86' lang='grc'><strong>³¹,</strong></span> <span class='ocrx_word' id='word_1_534' title='bbox 532 4505 626 4555; x_wconf 76' lang='grc' dir='ltr'><strong>ἐπὶ</strong></span> <span class='ocrx_word' id='word_1_535' title='bbox 678 4502 961 4572; x_wconf 86' lang='grc' dir='ltr'>Ἰαπυγίαν</span> <span class='ocrx_word' id='word_1_536' title='bbox 1015 4509 1231 4577; x_wconf 83' lang='grc' dir='ltr'>μακρὰν</span> <span class='ocrx_word' id='word_1_537' title='bbox 1279 4512 1642 4581; x_wconf 81' lang='grc' dir='ltr'>διατείνουσα,</span> <span class='ocrx_word' id='word_1_538' title='bbox 1679 4520 1766 4570; x_wconf 67' lang='grc' dir='ltr'><strong>ἐπ’</strong></span> 
     </span>
    </p>
   </div>
   <div class='ocr_carea' id='block_1_79' title="bbox 172 4596 1767 4672">
    <p class='ocr_par' dir='ltr' id='par_1_79' title="bbox 172 4596 1767 4672">
     <span class='ocr_line' id='line_1_79' title="bbox 172 4596 1767 4672; baseline 0.009 -26"><span class='ocrx_word' id='word_1_539' title='bbox 172 4596 481 4664; x_wconf 75' lang='grc' dir='ltr'>ἀμφότερα</span> <span class='ocrx_word' id='word_1_540' title='bbox 536 4596 972 4650; x_wconf 68' lang='grc' dir='ltr'>ταλαντεύοντιι.</span> <span class='ocrx_word' id='word_1_541' title='bbox 1005 4600 1067 4651; x_wconf 81' lang='lat' dir='ltr'><strong>Ol</strong></span> <span class='ocrx_word' id='word_1_542' title='bbox 1134 4601 1233 4669; x_wconf 85' lang='grc' dir='ltr'>μὲν</span> <span class='ocrx_word' id='word_1_543' title='bbox 1290 4603 1399 4671; x_wconf 76' lang='grc' dir='ltr'>γὰρ</span> <span class='ocrx_word' id='word_1_544' title='bbox 1459 4607 1663 4660; x_wconf 84' lang='grc' dir='ltr'>τούτων</span> <span class='ocrx_word' id='word_1_545' title='bbox 1713 4612 1767 4672; x_wconf 84' lang='grc' dir='ltr'>ἐς</span> 
     </span>
    </p>
   </div>
   <div class='ocr_carea' id='block_1_80' title="bbox 170 4687 1775 4768">
    <p class='ocr_par' dir='ltr' id='par_1_80' title="bbox 170 4687 1775 4768">
     <span class='ocr_line' id='line_1_80' title="bbox 170 4687 1775 4768; baseline 0.009 -29"><span class='ocrx_word' id='word_1_546' title='bbox 170 4690 293 4757; x_wconf 74' lang='grc' dir='ltr'>τὴν</span> <span class='ocrx_word' id='word_1_547' title='bbox 318 4687 632 4754; x_wconf 70' lang='grc' dir='ltr'>Γουέλφων,</span> <span class='ocrx_word' id='word_1_548' title='bbox 659 4690 707 4740; x_wconf 92' lang='grc' dir='ltr'>οί</span> <span class='ocrx_word' id='word_1_549' title='bbox 736 4689 792 4740; x_wconf 81' lang='grc' dir='ltr'>δὲ</span> <span class='ocrx_word' id='word_1_550' title='bbox 827 4690 883 4751; x_wconf 72' lang='grc' dir='ltr'>ἐς</span> <span class='ocrx_word' id='word_1_551' title='bbox 932 4691 1033 4758; x_wconf 81' lang='grc' dir='ltr'>τὴν</span> <span class='ocrx_word' id='word_1_552' title='bbox 1064 4692 1389 4747; x_wconf 84' lang='grc' dir='ltr'>Γιϐελλίνων</span> <span class='ocrx_word' id='word_1_553' title='bbox 1439 4699 1775 4768; x_wconf 73' lang='grc' dir='ltr'>ἀποκέκρινο</span> 
     </span>
    </p>
   </div>
   <div class='ocr_carea' id='block_1_81' title="bbox 170 4781 1772 4857">
    <p class='ocr_par' dir='ltr' id='par_1_81' title="bbox 170 4781 1772 4857">
     <span class='ocr_line' id='line_1_81' title="bbox 170 4781 1772 4857; baseline 0.007 -26"><span class='ocrx_word' id='word_1_554' title='bbox 170 4796 284 4831; x_wconf 81' lang='grc' dir='ltr'><strong>ται</strong></span> <span class='ocrx_word' id='word_1_555' title='bbox 350 4781 567 4847; x_wconf 83' lang='grc' dir='ltr'>μοῖραν.</span> <span class='ocrx_word' id='word_1_556' title='bbox 611 4781 718 4831; x_wconf 82' lang='grc' dir='ltr'><strong>Καὶ</strong></span> <span class='ocrx_word' id='word_1_557' title='bbox 782 4782 840 4833; x_wconf 82' lang='grc' dir='ltr'>ἐν</span> <span class='ocrx_word' id='word_1_558' title='bbox 906 4783 1004 4853; x_wconf 79' lang='grc' dir='ltr'><strong>μιᾷ</strong></span> <span class='ocrx_word' id='word_1_559' title='bbox 1056 4799 1116 4835; x_wconf 88' lang='grc' dir='ltr'><strong>τε</strong></span> <span class='ocrx_word' id='word_1_560' title='bbox 1164 4785 1257 4837; x_wconf 75' lang='grc' dir='ltr'>καὶ</span> <span class='ocrx_word' id='word_1_561' title='bbox 1306 4788 1369 4855; x_wconf 84' lang='grc' dir='ltr'>τῇ</span> <span class='ocrx_word' id='word_1_562' title='bbox 1426 4790 1561 4857; x_wconf 71' lang='grc' dir='ltr'>αὐτῇ</span> <span class='ocrx_word' id='word_1_563' title='bbox 1621 4791 1772 4843; x_wconf 77' lang='grc' dir='ltr'>πόλει</span> 
     </span>
    </p>
   </div>
   <div class='ocr_carea' id='block_1_82' title="bbox 210 4872 1765 4949">
    <p class='ocr_par' dir='ltr' id='par_1_82' title="bbox 210 4872 1765 4949">
     <span class='ocr_line' id='line_1_82' title="bbox 210 4872 1765 4949; baseline 0.008 -27"><span class='ocrx_word' id='word_1_564' title='bbox 210 4889 339 4923; x_wconf 75' lang='grc' dir='ltr'>στιν</span> <span class='ocrx_word' id='word_1_565' title='bbox 374 4873 504 4923; x_wconf 80' lang='grc' dir='ltr'><strong>ίδείν</strong></span> <span class='ocrx_word' id='word_1_566' title='bbox 550 4874 719 4938; x_wconf 78' lang='grc' dir='ltr'>ἄμφω</span> <span class='ocrx_word' id='word_1_567' title='bbox 750 4872 826 4923; x_wconf 87' lang='grc' dir='ltr'>τὼ</span> <span class='ocrx_word' id='word_1_568' title='bbox 881 4873 1043 4943; x_wconf 83' lang='grc' dir='ltr'>μοίρα</span> <span class='ocrx_word' id='word_1_569' title='bbox 1076 4876 1390 4945; x_wconf 83' lang='grc' dir='ltr'>διεστηκυία</span> <span class='ocrx_word' id='word_1_570' title='bbox 1438 4896 1493 4930; x_wconf 81' lang='grc' dir='ltr'><strong>τε</strong></span> <span class='ocrx_word' id='word_1_571' title='bbox 1529 4884 1621 4932; x_wconf 72' lang='grc' dir='ltr'>καὶ</span> <span class='ocrx_word' id='word_1_572' title='bbox 1658 4899 1765 4949; x_wconf 79' lang='grc' dir='ltr'>μα-</span> 
     </span>
    </p>
   </div>
   <div class='ocr_carea' id='block_1_83' title="bbox 168 4963 1765 5036">
    <p class='ocr_par' dir='ltr' id='par_1_83' title="bbox 168 4963 1765 5036">
     <span class='ocr_line' id='line_1_83' title="bbox 168 4963 1765 5036; baseline 0.008 -23"><span class='ocrx_word' id='word_1_573' title='bbox 168 4964 395 5033; x_wconf 66' lang='grc' dir='ltr'>χουμένα</span> <span class='ocrx_word' id='word_1_574' title='bbox 448 4963 727 5033; x_wconf 75' lang='grc' dir='ltr'>ἀλλήλαις.</span> <span class='ocrx_word' id='word_1_575' title='bbox 764 4964 840 5016; x_wconf 87' lang='grc' dir='ltr'><strong>Δι’</strong></span> <span class='ocrx_word' id='word_1_576' title='bbox 892 4965 927 5016; x_wconf 81' lang='grc' dir='ltr'>ἂ</span> <span class='ocrx_word' id='word_1_577' title='bbox 979 4966 1041 5033; x_wconf 83' lang='grc' dir='ltr'>δὴ</span> <span class='ocrx_word' id='word_1_578' title='bbox 1093 4968 1184 5019; x_wconf 72' lang='grc' dir='ltr'>καὶ</span> <span class='ocrx_word' id='word_1_579' title='bbox 1229 4970 1301 5031; x_wconf 86' lang='grc' dir='ltr'>ὡς</span> <span class='ocrx_word' id='word_1_580' title='bbox 1348 4972 1413 5023; x_wconf 73' lang='grc' dir='ltr'>τὰ</span> <span class='ocrx_word' id='word_1_581' title='bbox 1465 4974 1610 5024; x_wconf 84' lang='grc' dir='ltr'>πλέω</span> <span class='ocrx_word' id='word_1_582' title='bbox 1664 4975 1765 5036; x_wconf 74' lang='grc' dir='ltr'><strong>τὰς</strong></span> 
     </span>
    </p>
   </div>
   <div class='ocr_carea' id='block_1_84' title="bbox 166 5057 1765 5135">
    <p class='ocr_par' dir='ltr' id='par_1_84' title="bbox 166 5057 1765 5135">
     <span class='ocr_line' id='line_1_84' title="bbox 166 5057 1765 5135; baseline 0.005 -26"><span class='ocrx_word' id='word_1_583' title='bbox 166 5060 409 5118; x_wconf 64' lang='grc' dir='ltr'>στάσεις</span> <span class='ocrx_word' id='word_1_584' title='bbox 449 5057 739 5124; x_wconf 72' lang='grc' dir='ltr'>λογίζομαι</span> <span class='ocrx_word' id='word_1_585' title='bbox 791 5059 1115 5127; x_wconf 74' lang='grc' dir='ltr'>συμϐαίνειν</span> <span class='ocrx_word' id='word_1_586' title='bbox 1162 5066 1273 5123; x_wconf 83' lang='grc' dir='ltr'>τοῖς</span> <span class='ocrx_word' id='word_1_587' title='bbox 1302 5069 1442 5117; x_wconf 83' lang='grc' dir='ltr'><strong>κατά</strong></span> <span class='ocrx_word' id='word_1_588' title='bbox 1490 5067 1586 5135; x_wconf 76' lang='grc' dir='ltr'>τὴν</span> <span class='ocrx_word' id='word_1_589' title='bbox 1632 5066 1765 5118; x_wconf 83' lang='grc' dir='ltr'>Ἰτα-</span> 
     </span>
    </p>
   </div>
   <div class='ocr_carea' id='block_1_85' title="bbox 161 5150 1765 5225">
    <p class='ocr_par' dir='ltr' id='par_1_85' title="bbox 161 5150 1765 5225">
     <span class='ocr_line' id='line_1_85' title="bbox 161 5150 1765 5225; baseline 0.007 -24"><span class='ocrx_word' id='word_1_590' title='bbox 161 5152 312 5201; x_wconf 70' lang='grc' dir='ltr'>λίαν</span> <span class='ocrx_word' id='word_1_591' title='bbox 366 5150 631 5216; x_wconf 78' lang='grc' dir='ltr'>γίνεσθαι.</span> <span class='ocrx_word' id='word_1_592' title='bbox 688 5151 895 5219; x_wconf 84' lang='grc' dir='ltr'>Συνέϐη</span> <span class='ocrx_word' id='word_1_593' title='bbox 956 5152 1010 5204; x_wconf 80' lang='grc' dir='ltr'>δὲ</span> <span class='ocrx_word' id='word_1_594' title='bbox 1060 5154 1118 5204; x_wconf 79' lang='grc' dir='ltr'>ἐν</span> <span class='ocrx_word' id='word_1_595' title='bbox 1180 5154 1356 5225; x_wconf 77' lang='grc' dir='ltr'>τούτῳ</span> <span class='ocrx_word' id='word_1_596' title='bbox 1421 5160 1512 5209; x_wconf 82' lang='grc' dir='ltr'><strong>καὶ</strong></span> <span class='ocrx_word' id='word_1_597' title='bbox 1552 5160 1673 5222; x_wconf 76' lang='grc' dir='ltr'>τοὺς</span> <span class='ocrx_word' id='word_1_598' title='bbox 1710 5162 1765 5211; x_wconf 84' lang='grc' dir='ltr'>ἐν</span> 
     </span>
    </p>
   </div>
   <div class='ocr_carea' id='block_1_86' title="bbox 163 5244 1761 5320">
    <p class='ocr_par' dir='ltr' id='par_1_86' title="bbox 163 5244 1761 5320">
     <span class='ocr_line' id='line_1_86' title="bbox 163 5244 1761 5320; baseline 0.005 -24"><span class='ocrx_word' id='word_1_599' title='bbox 163 5249 215 5296; x_wconf 86' lang='grc' dir='ltr'><strong>ιι</strong></span> <span class='ocrx_word' id='word_1_600' title='bbox 232 5245 449 5313; x_wconf 62' lang='grc' dir='ltr'><strong>λταῦἔῳ</strong></span> <span class='ocrx_word' id='word_1_601' title='bbox 494 5244 871 5312; x_wconf 68' lang='grc' dir='ltr'>ἐπαγομένους</span> <span class='ocrx_word' id='word_1_602' title='bbox 911 5246 1033 5306; x_wconf 65' lang='grc' dir='ltr'>τοὺς</span> <span class='ocrx_word' id='word_1_603' title='bbox 1075 5247 1221 5314; x_wconf 78' lang='grc' dir='ltr'>σφῶν</span> <span class='ocrx_word' id='word_1_604' title='bbox 1260 5249 1560 5317; x_wconf 75' lang='grc' dir='ltr'>ἡγεμόνας,</span> <span class='ocrx_word' id='word_1_605' title='bbox 1603 5252 1761 5320; x_wconf 78' lang='grc' dir='ltr'>Μαρ-</span> 
     </span>
    </p>
   </div>
   <div class='ocr_carea' id='block_1_87' title="bbox 160 5332 1761 5406">
    <p class='ocr_par' dir='ltr' id='par_1_87' title="bbox 160 5332 1761 5406">
     <span class='ocr_line' id='line_1_87' title="bbox 160 5332 1761 5406; baseline 0.007 -20"><span class='ocrx_word' id='word_1_606' title='bbox 160 5336 360 5386; x_wconf 71' lang='grc' dir='ltr'>σί).ιον</span> <span class='ocrx_word' id='word_1_607' title='bbox 393 5333 628 5403; x_wconf 69' lang='grc' dir='ltr'>τοῦνομα</span> <span class='ocrx_word' id='word_1_608' title='bbox 669 5332 818 5384; x_wconf 81' lang='grc' dir='ltr'>οἴκου</span> <span class='ocrx_word' id='word_1_609' title='bbox 862 5352 968 5386; x_wconf 74' lang='grc' dir='ltr'>τ-,ν</span> <span class='ocrx_word' id='word_1_610' title='bbox 1020 5337 1376 5406; x_wconf 72' lang='grc' dir='ltr'>Καρραρίων,</span> <span class='ocrx_word' id='word_1_611' title='bbox 1416 5343 1761 5397; x_wconf 78' lang='grc' dir='ltr'>συντίθεσθαι</span> 
     </span>
    </p>
   </div>
   <div class='ocr_carea' id='block_1_88' title="bbox 157 5424 1765 5506">
    <p class='ocr_par' dir='ltr' id='par_1_88' title="bbox 157 5424 1765 5506">
     <span class='ocr_line' id='line_1_88' title="bbox 157 5424 1765 5506; baseline 0.009 -30"><span class='ocrx_word' id='word_1_612' title='bbox 157 5430 244 5481; x_wconf 57' lang='grc' dir='ltr'>αὖ</span> <span class='ocrx_word' id='word_1_613' title='bbox 268 5427 343 5495; x_wconf 67' lang='grc' dir='ltr'>τῷ</span> <span class='ocrx_word' id='word_1_614' title='bbox 382 5424 708 5495; x_wconf 69' lang='grc' dir='ltr'>παραδοῦναι</span> <span class='ocrx_word' id='word_1_615' title='bbox 742 5427 839 5497; x_wconf 79' lang='grc' dir='ltr'>τὴν</span> <span class='ocrx_word' id='word_1_616' title='bbox 870 5427 1046 5479; x_wconf 79' lang='grc' dir='ltr'>πόλιν.</span> <span class='ocrx_word' id='word_1_617' title='bbox 1082 5431 1235 5482; x_wconf 78' lang='grc' dir='ltr'>Ἔστι</span> <span class='ocrx_word' id='word_1_618' title='bbox 1264 5431 1319 5483; x_wconf 76' lang='grc' dir='ltr'>δὲ</span> <span class='ocrx_word' id='word_1_619' title='bbox 1355 5433 1495 5503; x_wconf 80' lang='grc' dir='ltr'>αὕτη</span> <span class='ocrx_word' id='word_1_620' title='bbox 1525 5438 1555 5506; x_wconf 78' lang='grc' dir='ltr'>ἡ</span> <span class='ocrx_word' id='word_1_621' title='bbox 1610 5439 1765 5501; x_wconf 78' lang='grc' dir='ltr'>πόλις</span> 
     </span>
    </p>
   </div>
   <div class='ocr_carea' id='block_1_89' title="bbox 1883 3310 3458 3385">
    <p class='ocr_par' dir='ltr' id='par_1_89' title="bbox 1883 3310 3458 3385">
     <span class='ocr_line' id='line_1_89' title="bbox 1883 3310 3458 3385; baseline 0.011 -21"><span class='ocrx_word' id='word_1_622' title='bbox 1883 3320 2021 3370; x_wconf 90' lang='lat' dir='ltr'><strong>erat,</strong></span> <span class='ocrx_word' id='word_1_623' title='bbox 2052 3311 2188 3363; x_wconf 86' lang='lat' dir='ltr'><strong>adeo</strong></span> <span class='ocrx_word' id='word_1_624' title='bbox 2225 3310 2441 3367; x_wconf 88' lang='lat' dir='ltr'><strong>fortiter</strong></span> <span class='ocrx_word' id='word_1_625' title='bbox 2497 3318 2841 3385; x_wconf 72' lang='lat' dir='ltr'><strong>repugnavit.</strong></span> <span class='ocrx_word' id='word_1_626' title='bbox 2892 3321 3160 3378; x_wconf 73' lang='lat' dir='ltr'><strong>Universa</strong></span> <span class='ocrx_word' id='word_1_627' title='bbox 3210 3324 3356 3381; x_wconf 87' lang='lat' dir='ltr'><strong>Italia</strong></span> <span class='ocrx_word' id='word_1_628' title='bbox 3404 3328 3458 3381; x_wconf 91' lang='lat' dir='ltr'><strong>in</strong></span> 
     </span>
    </p>
   </div>
   <div class='ocr_carea' id='block_1_90' title="bbox 1883 3401 3457 3482">
    <p class='ocr_par' dir='ltr' id='par_1_90' title="bbox 1883 3401 3457 3482">
     <span class='ocr_line' id='line_1_90' title="bbox 1883 3401 3457 3482; baseline 0.013 -28"><span class='ocrx_word' id='word_1_629' title='bbox 1883 3401 2020 3455; x_wconf 92' lang='lat' dir='ltr'><strong>duas</strong></span> <span class='ocrx_word' id='word_1_630' title='bbox 2043 3401 2313 3458; x_wconf 76' lang='lat' dir='ltr'><strong>factiones</strong></span> <span class='ocrx_word' id='word_1_631' title='bbox 2354 3406 2529 3461; x_wconf 86' lang='lat' dir='ltr'><strong>divisa</strong></span> <span class='ocrx_word' id='word_1_632' title='bbox 2563 3417 2668 3469; x_wconf 90' lang='lat' dir='ltr'><strong>est,</strong></span> <span class='ocrx_word' id='word_1_633' title='bbox 2716 3411 2769 3463; x_wconf 91' lang='lat' dir='ltr'><strong>in</strong></span> <span class='ocrx_word' id='word_1_634' title='bbox 2808 3410 3183 3482; x_wconf 82' lang='lat' dir='ltr'><strong>Guclphoruui</strong></span> <span class='ocrx_word' id='word_1_635' title='bbox 3246 3421 3457 3473; x_wconf 82' lang='lat' dir='ltr'><strong>scilicet</strong></span> 
     </span>
    </p>
   </div>
   <div class='ocr_carea' id='block_1_91' title="bbox 1882 3493 3455 3565">
    <p class='ocr_par' dir='ltr' id='par_1_91' title="bbox 1882 3493 3455 3565">
     <span class='ocr_line' id='line_1_91' title="bbox 1882 3493 3455 3565; baseline 0.013 -21"><span class='ocrx_word' id='word_1_636' title='bbox 1882 3501 1935 3544; x_wconf 82' lang='lat' dir='ltr'><strong>et</strong></span> <span class='ocrx_word' id='word_1_637' title='bbox 1998 3493 2422 3550; x_wconf 85' lang='lat' dir='ltr'><strong>Gibellinorum.</strong></span> <span class='ocrx_word' id='word_1_638' title='bbox 2476 3498 2762 3563; x_wconf 83' lang='lat' dir='ltr'><strong>Quomodo</strong></span> <span class='ocrx_word' id='word_1_639' title='bbox 2820 3512 3001 3556; x_wconf 89' lang='lat' dir='ltr'><strong>autem</strong></span> <span class='ocrx_word' id='word_1_640' title='bbox 3048 3507 3212 3561; x_wconf 88' lang='lat' dir='ltr'><strong>urbes</strong></span> <span class='ocrx_word' id='word_1_641' title='bbox 3288 3511 3455 3565; x_wconf 87' lang='lat' dir='ltr'><strong>totius</strong></span> 
     </span>
    </p>
   </div>
   <div class='ocr_carea' id='block_1_92' title="bbox 1885 3584 3458 3667">
    <p class='ocr_par' dir='ltr' id='par_1_92' title="bbox 1885 3584 3458 3667">
     <span class='ocr_line' id='line_1_92' title="bbox 1885 3584 3458 3667; baseline 0.014 -32"><span class='ocrx_word' id='word_1_642' title='bbox 1885 3584 2046 3640; x_wconf 69' lang='lat' dir='ltr'><strong>Italia;</strong></span> <span class='ocrx_word' id='word_1_643' title='bbox 2072 3587 2124 3640; x_wconf 89' lang='lat' dir='ltr'><strong>in</strong></span> <span class='ocrx_word' id='word_1_644' title='bbox 2150 3589 2249 3643; x_wconf 62' lang='lat' dir='ltr'><strong>ltus</strong></span> <span class='ocrx_word' id='word_1_645' title='bbox 2281 3589 2548 3645; x_wconf 83' lang='lat' dir='ltr'><strong>factiones</strong></span> <span class='ocrx_word' id='word_1_646' title='bbox 2587 3592 2845 3658; x_wconf 87' lang='lat' dir='ltr'><strong>abierint,</strong></span> <span class='ocrx_word' id='word_1_647' title='bbox 2883 3605 2937 3648; x_wconf 91' lang='lat' dir='ltr'><strong>et</strong></span> <span class='ocrx_word' id='word_1_648' title='bbox 2971 3597 3113 3651; x_wconf 91' lang='lat' dir='ltr'><strong>inter</strong></span> <span class='ocrx_word' id='word_1_649' title='bbox 3144 3615 3202 3653; x_wconf 89' lang='lat' dir='ltr'><strong>se</strong></span> <span class='ocrx_word' id='word_1_650' title='bbox 3240 3617 3458 3667; x_wconf 88' lang='lat' dir='ltr'><strong>semper</strong></span> 
     </span>
    </p>
   </div>
   <div class='ocr_carea' id='block_1_93' title="bbox 1881 3678 3455 3753">
    <p class='ocr_par' dir='ltr' id='par_1_93' title="bbox 1881 3678 3455 3753">
     <span class='ocr_line' id='line_1_93' title="bbox 1881 3678 3455 3753; baseline 0.012 -23"><span class='ocrx_word' id='word_1_651' title='bbox 1881 3678 2213 3734; x_wconf 86' lang='lat' dir='ltr'><strong>dissidentes</strong></span> <span class='ocrx_word' id='word_1_652' title='bbox 2268 3682 2465 3737; x_wconf 89' lang='lat' dir='ltr'><strong>animis</strong></span> <span class='ocrx_word' id='word_1_653' title='bbox 2527 3696 2791 3753; x_wconf 80' lang='lat' dir='ltr'><strong>pugnent,</strong></span> <span class='ocrx_word' id='word_1_654' title='bbox 2850 3695 2903 3740; x_wconf 92' lang='lat' dir='ltr'><strong>et</strong></span> <span class='ocrx_word' id='word_1_655' title='bbox 2961 3695 3106 3743; x_wconf 91' lang='lat' dir='ltr'><strong>unde</strong></span> <span class='ocrx_word' id='word_1_656' title='bbox 3156 3692 3455 3749; x_wconf 82' lang='lat' dir='ltr'><strong>dissidentli</strong></span> 
     </span>
    </p>
   </div>
   <div class='ocr_carea' id='block_1_94' title="bbox 1882 3769 3453 3849">
    <p class='ocr_par' dir='ltr' id='par_1_94' title="bbox 1882 3769 3453 3849">
     <span class='ocr_line' id='line_1_94' title="bbox 1882 3769 3453 3849; baseline 0.01 -27"><span class='ocrx_word' id='word_1_657' title='bbox 1882 3769 2098 3823; x_wconf 89' lang='lat' dir='ltr'><strong>initium</strong></span> <span class='ocrx_word' id='word_1_658' title='bbox 2162 3783 2410 3827; x_wconf 79' lang='lat' dir='ltr'><strong>exortum</strong></span> <span class='ocrx_word' id='word_1_659' title='bbox 2441 3775 2536 3839; x_wconf 87' lang='lat' dir='ltr'><strong>sit,</strong></span> <span class='ocrx_word' id='word_1_660' title='bbox 2592 3791 2657 3829; x_wconf 78' lang='lat' dir='ltr'><strong>ex</strong></span> <span class='ocrx_word' id='word_1_661' title='bbox 2709 3779 2931 3832; x_wconf 85' lang='lat' dir='ltr'><strong>nemine</strong></span> <span class='ocrx_word' id='word_1_662' title='bbox 2980 3796 3216 3849; x_wconf 87' lang='lat' dir='ltr'><strong>unquam</strong></span> <span class='ocrx_word' id='word_1_663' title='bbox 3272 3787 3453 3838; x_wconf 86' lang='lat' dir='ltr'><strong>audivi</strong></span> 
     </span>
    </p>
   </div>
   <div class='ocr_carea' id='block_1_95' title="bbox 1878 3862 3457 3934">
    <p class='ocr_par' dir='ltr' id='par_1_95' title="bbox 1878 3862 3457 3934">
     <span class='ocr_line' id='line_1_95' title="bbox 1878 3862 3457 3934; baseline 0.011 -21"><span class='ocrx_word' id='word_1_664' title='bbox 1878 3862 2218 3931; x_wconf 84' lang='lat' dir='ltr'><strong>quidquam,</strong></span> <span class='ocrx_word' id='word_1_665' title='bbox 2276 3873 2335 3917; x_wconf 86' lang='grc' dir='ltr'><strong>ιιι</strong></span> <span class='ocrx_word' id='word_1_666' title='bbox 2393 3865 2503 3917; x_wconf 81' lang='lat' dir='ltr'><strong>reri</strong></span> <span class='ocrx_word' id='word_1_667' title='bbox 2570 3866 2775 3934; x_wconf 91' lang='lat' dir='ltr'><strong>aliquid</strong></span> <span class='ocrx_word' id='word_1_668' title='bbox 2846 3868 2913 3920; x_wconf 90' lang='lat' dir='ltr'><strong>de</strong></span> <span class='ocrx_word' id='word_1_669' title='bbox 2970 3869 3034 3923; x_wconf 85' lang='lat' dir='ltr'><strong>iis</strong></span> <span class='ocrx_word' id='word_1_670' title='bbox 3092 3870 3457 3930; x_wconf 81' lang='lat' dir='ltr'><strong>determinare</strong></span> 
     </span>
    </p>
   </div>
   <div class='ocr_carea' id='block_1_96' title="bbox 1880 3956 3453 4028">
    <p class='ocr_par' dir='ltr' id='par_1_96' title="bbox 1880 3956 3453 4028">
     <span class='ocr_line' id='line_1_96' title="bbox 1880 3956 3453 4028; baseline 0.009 -26"><span class='ocrx_word' id='word_1_671' title='bbox 1880 3956 2125 4021; x_wconf 80' lang='lat' dir='ltr'><strong>anSim:</strong></span> <span class='ocrx_word' id='word_1_672' title='bbox 2192 3970 2293 4009; x_wconf 87' lang='lat' dir='ltr'><strong>nec</strong></span> <span class='ocrx_word' id='word_1_673' title='bbox 2348 3956 2462 4024; x_wconf 87' lang='lat' dir='ltr'><strong>ipse</strong></span> <span class='ocrx_word' id='word_1_674' title='bbox 2522 3958 2901 4025; x_wconf 87' lang='lat' dir='ltr'><strong>conjecturam</strong></span> <span class='ocrx_word' id='word_1_675' title='bbox 2954 3958 3185 4024; x_wconf 76' lang='lat' dir='ltr'><strong>faciens,</strong></span> <span class='ocrx_word' id='word_1_676' title='bbox 3249 3964 3453 4028; x_wconf 68' lang='lat' dir='ltr'><strong>possim</strong></span> 
     </span>
    </p>
   </div>
   <div class='ocr_carea' id='block_1_97' title="bbox 1878 4047 3451 4118">
    <p class='ocr_par' dir='ltr' id='par_1_97' title="bbox 1878 4047 3451 4118">
     <span class='ocr_line' id='line_1_97' title="bbox 1878 4047 3451 4118; baseline 0.008 -24"><span class='ocrx_word' id='word_1_677' title='bbox 1878 4047 2004 4113; x_wconf 80' lang='lat' dir='ltr'><strong>quid</strong></span> <span class='ocrx_word' id='word_1_678' title='bbox 2031 4049 2163 4099; x_wconf 77' lang='lat' dir='ltr'><strong>certi</strong></span> <span class='ocrx_word' id='word_1_679' title='bbox 2191 4048 2257 4101; x_wconf 88' lang='lat' dir='ltr'><strong>de</strong></span> <span class='ocrx_word' id='word_1_680' title='bbox 2299 4047 2364 4100; x_wconf 88' lang='lat' dir='ltr'><strong>iis</strong></span> <span class='ocrx_word' id='word_1_681' title='bbox 2409 4048 2645 4102; x_wconf 86' lang='lat' dir='ltr'><strong>tradere.</strong></span> <span class='ocrx_word' id='word_1_682' title='bbox 2686 4049 2951 4118; x_wconf 77' lang='lat' dir='ltr'><strong>Ligurum</strong></span> <span class='ocrx_word' id='word_1_683' title='bbox 3010 4061 3062 4106; x_wconf 93' lang='lat' dir='ltr'><strong>et</strong></span> <span class='ocrx_word' id='word_1_684' title='bbox 3096 4051 3451 4108; x_wconf 83' lang='lat' dir='ltr'><strong>Janucnsium</strong></span> 
     </span>
    </p>
   </div>
   <div class='ocr_carea' id='block_1_98' title="bbox 1879 4137 3452 4206">
    <p class='ocr_par' dir='ltr' id='par_1_98' title="bbox 1879 4137 3452 4206">
     <span class='ocr_line' id='line_1_98' title="bbox 1879 4137 3452 4206; baseline 0.007 -17"><span class='ocrx_word' id='word_1_685' title='bbox 1879 4140 2028 4206; x_wconf 82' lang='lat' dir='ltr'><strong>regio</strong></span> <span class='ocrx_word' id='word_1_686' title='bbox 2062 4137 2457 4193; x_wconf 77' lang='lat' dir='ltr'><strong>Gibellinoruin</strong></span> <span class='ocrx_word' id='word_1_687' title='bbox 2493 4140 2788 4195; x_wconf 86' lang='lat' dir='ltr'><strong>factionem</strong></span> <span class='ocrx_word' id='word_1_688' title='bbox 2840 4152 3106 4198; x_wconf 83' lang='lat' dir='ltr'><strong>sectatur.</strong></span> <span class='ocrx_word' id='word_1_689' title='bbox 3149 4144 3336 4199; x_wconf 86' lang='lat' dir='ltr'><strong>Veneti</strong></span> <span class='ocrx_word' id='word_1_690' title='bbox 3398 4159 3452 4200; x_wconf 76' lang='lat' dir='ltr'><strong>et</strong></span> 
     </span>
    </p>
   </div>
   <div class='ocr_carea' id='block_1_99' title="bbox 1878 4233 3446 4305">
    <p class='ocr_par' dir='ltr' id='par_1_99' title="bbox 1878 4233 3446 4305">
     <span class='ocr_line' id='line_1_99' title="bbox 1878 4233 3446 4305; baseline 0.008 -20"><span class='ocrx_word' id='word_1_691' title='bbox 1878 4234 2131 4296; x_wconf 77' lang='lat' dir='ltr'><strong>Romani,</strong></span> <span class='ocrx_word' id='word_1_692' title='bbox 2198 4249 2407 4287; x_wconf 90' lang='lat' dir='ltr'><strong>necnon</strong></span> <span class='ocrx_word' id='word_1_693' title='bbox 2470 4233 2733 4299; x_wconf 79' lang='lat' dir='ltr'><strong>Marcltia,</strong></span> <span class='ocrx_word' id='word_1_694' title='bbox 2801 4236 3065 4305; x_wconf 83' lang='lat' dir='ltr'><strong>Guelphis</strong></span> <span class='ocrx_word' id='word_1_695' title='bbox 3140 4240 3446 4297; x_wconf 66' lang='lat' dir='ltr'><strong>adhaerent.</strong></span> 
     </span>
    </p>
   </div>
   <div class='ocr_carea' id='block_1_100' title="bbox 1876 4326 3449 4401">
    <p class='ocr_par' dir='ltr' id='par_1_100' title="bbox 1876 4326 3449 4401">
     <span class='ocr_line' id='line_1_100' title="bbox 1876 4326 3449 4401; baseline 0.005 -22"><span class='ocrx_word' id='word_1_696' title='bbox 1876 4326 2148 4396; x_wconf 79' lang='lat' dir='ltr'><strong>Tyrrheni</strong></span> <span class='ocrx_word' id='word_1_697' title='bbox 2174 4335 2225 4380; x_wconf 89' lang='lat' dir='ltr'><strong>et</strong></span> <span class='ocrx_word' id='word_1_698' title='bbox 2250 4326 2471 4395; x_wconf 62' lang='lat' dir='ltr'><strong>Regina}</strong></span> <span class='ocrx_word' id='word_1_699' title='bbox 2500 4328 2649 4397; x_wconf 77' lang='lat' dir='ltr'><strong>regio</strong></span> <span class='ocrx_word' id='word_1_700' title='bbox 2675 4344 2796 4395; x_wconf 66' lang='lat' dir='ltr'><strong>qua:</strong></span> <span class='ocrx_word' id='word_1_701' title='bbox 2829 4329 2895 4382; x_wconf 86' lang='lat' dir='ltr'><strong>ad</strong></span> <span class='ocrx_word' id='word_1_702' title='bbox 2926 4329 3207 4401; x_wconf 79' lang='lat' dir='ltr'><strong>Japygiam</strong></span> <span class='ocrx_word' id='word_1_703' title='bbox 3239 4333 3292 4386; x_wconf 86' lang='lat' dir='ltr'><strong>in</strong></span> <span class='ocrx_word' id='word_1_704' title='bbox 3327 4334 3449 4387; x_wconf 88' lang='lat' dir='ltr'><strong>lou-</strong></span> 
     </span>
    </p>
   </div>
   <div class='ocr_carea' id='block_1_101' title="bbox 1874 4416 3447 4485">
    <p class='ocr_par' dir='ltr' id='par_1_101' title="bbox 1874 4416 3447 4485">
     <span class='ocr_line' id='line_1_101' title="bbox 1874 4416 3447 4485; baseline 0.008 -22"><span class='ocrx_word' id='word_1_705' title='bbox 1874 4416 2173 4485; x_wconf 75' lang='lat' dir='ltr'><strong>gitudinem</strong></span> <span class='ocrx_word' id='word_1_706' title='bbox 2208 4424 2376 4483; x_wconf 87' lang='lat' dir='ltr'><strong>patet,</strong></span> <span class='ocrx_word' id='word_1_707' title='bbox 2405 4416 2659 4483; x_wconf 86' lang='lat' dir='ltr'><strong>utrisque</strong></span> <span class='ocrx_word' id='word_1_708' title='bbox 2692 4416 2856 4471; x_wconf 88' lang='lat' dir='ltr'><strong>favet.</strong></span> <span class='ocrx_word' id='word_1_709' title='bbox 2887 4417 3119 4482; x_wconf 82' lang='lat' dir='ltr'><strong>Quidam</strong></span> <span class='ocrx_word' id='word_1_710' title='bbox 3149 4423 3291 4474; x_wconf 87' lang='lat' dir='ltr'><strong>enim</strong></span> <span class='ocrx_word' id='word_1_711' title='bbox 3350 4426 3447 4475; x_wconf 88' lang='lat' dir='ltr'><strong>ho-</strong></span> 
     </span>
    </p>
   </div>
   <div class='ocr_carea' id='block_1_102' title="bbox 1874 4506 3446 4575">
    <p class='ocr_par' dir='ltr' id='par_1_102' title="bbox 1874 4506 3446 4575">
     <span class='ocr_line' id='line_1_102' title="bbox 1874 4506 3446 4575; baseline 0.006 -18"><span class='ocrx_word' id='word_1_712' title='bbox 1874 4523 1992 4557; x_wconf 85' lang='lat' dir='ltr'><strong>rum</strong></span> <span class='ocrx_word' id='word_1_713' title='bbox 2025 4508 2078 4559; x_wconf 92' lang='lat' dir='ltr'><strong>in</strong></span> <span class='ocrx_word' id='word_1_714' title='bbox 2129 4506 2522 4574; x_wconf 84' lang='lat' dir='ltr'><strong>Guclpliorutn,</strong></span> <span class='ocrx_word' id='word_1_715' title='bbox 2556 4507 2776 4575; x_wconf 84' lang='lat' dir='ltr'><strong>quidam</strong></span> <span class='ocrx_word' id='word_1_716' title='bbox 2836 4509 2889 4563; x_wconf 89' lang='lat' dir='ltr'><strong>in</strong></span> <span class='ocrx_word' id='word_1_717' title='bbox 2920 4509 3321 4566; x_wconf 87' lang='lat' dir='ltr'><strong>Gibellinorum</strong></span> <span class='ocrx_word' id='word_1_718' title='bbox 3362 4515 3446 4567; x_wconf 84' lang='lat' dir='ltr'><strong>fa-</strong></span> 
     </span>
    </p>
   </div>
   <div class='ocr_carea' id='block_1_103' title="bbox 1875 4598 3448 4671">
    <p class='ocr_par' dir='ltr' id='par_1_103' title="bbox 1875 4598 3448 4671">
     <span class='ocr_line' id='line_1_103' title="bbox 1875 4598 3448 4671; baseline 0.006 -20"><span class='ocrx_word' id='word_1_719' title='bbox 1875 4601 2111 4651; x_wconf 85' lang='lat' dir='ltr'><strong>ctionem</strong></span> <span class='ocrx_word' id='word_1_720' title='bbox 2156 4598 2311 4667; x_wconf 81' lang='lat'><strong>157</strong></span> <span class='ocrx_word' id='word_1_721' title='bbox 2343 4598 2565 4654; x_wconf 86' lang='lat' dir='ltr'><strong>discreti</strong></span> <span class='ocrx_word' id='word_1_722' title='bbox 2596 4610 2743 4654; x_wconf 90' lang='lat' dir='ltr'><strong>sunt.</strong></span> <span class='ocrx_word' id='word_1_723' title='bbox 2776 4602 2956 4655; x_wconf 86' lang='lat' dir='ltr'><strong>Etiam</strong></span> <span class='ocrx_word' id='word_1_724' title='bbox 2995 4603 3047 4656; x_wconf 94' lang='lat' dir='ltr'><strong>in</strong></span> <span class='ocrx_word' id='word_1_725' title='bbox 3076 4620 3181 4671; x_wconf 78' lang='lat' dir='ltr'><strong>una</strong></span> <span class='ocrx_word' id='word_1_726' title='bbox 3224 4606 3448 4660; x_wconf 76' lang='lat' dir='ltr'><strong>eadi-m-</strong></span> 
     </span>
    </p>
   </div>
   <div class='ocr_carea' id='block_1_104' title="bbox 1874 4691 3449 4759">
    <p class='ocr_par' dir='ltr' id='par_1_104' title="bbox 1874 4691 3449 4759">
     <span class='ocr_line' id='line_1_104' title="bbox 1874 4691 3449 4759; baseline 0.003 -16"><span class='ocrx_word' id='word_1_727' title='bbox 1874 4706 1980 4759; x_wconf 90' lang='lat' dir='ltr'><strong>que</strong></span> <span class='ocrx_word' id='word_1_728' title='bbox 2024 4693 2158 4745; x_wconf 78' lang='lat' dir='ltr'><strong>urbe</strong></span> <span class='ocrx_word' id='word_1_729' title='bbox 2194 4702 2453 4759; x_wconf 81' lang='lat' dir='ltr'><strong>utrasque</strong></span> <span class='ocrx_word' id='word_1_730' title='bbox 2503 4692 2639 4746; x_wconf 86' lang='lat' dir='ltr'><strong>istas</strong></span> <span class='ocrx_word' id='word_1_731' title='bbox 2677 4691 2942 4747; x_wconf 77' lang='lat' dir='ltr'><strong>factiones</strong></span> <span class='ocrx_word' id='word_1_732' title='bbox 3013 4694 3155 4749; x_wconf 89' lang='lat' dir='ltr'><strong>inter</strong></span> <span class='ocrx_word' id='word_1_733' title='bbox 3181 4712 3237 4749; x_wconf 90' lang='lat' dir='ltr'><strong>se</strong></span> <span class='ocrx_word' id='word_1_734' title='bbox 3286 4698 3449 4750; x_wconf 74' lang='lat' dir='ltr'><strong>dissi-</strong></span> 
     </span>
    </p>
   </div>
   <div class='ocr_carea' id='block_1_105' title="bbox 1872 4783 3447 4855">
    <p class='ocr_par' dir='ltr' id='par_1_105' title="bbox 1872 4783 3447 4855">
     <span class='ocr_line' id='line_1_105' title="bbox 1872 4783 3447 4855; baseline 0.004 -21"><span class='ocrx_word' id='word_1_735' title='bbox 1872 4783 2065 4835; x_wconf 86' lang='lat' dir='ltr'><strong>dentes</strong></span> <span class='ocrx_word' id='word_1_736' title='bbox 2089 4792 2140 4835; x_wconf 89' lang='lat' dir='ltr'><strong>et</strong></span> <span class='ocrx_word' id='word_1_737' title='bbox 2174 4794 2480 4850; x_wconf 78' lang='lat' dir='ltr'><strong>pugnantes</strong></span> <span class='ocrx_word' id='word_1_738' title='bbox 2507 4798 2729 4837; x_wconf 82' lang='lat' dir='ltr'><strong>cernere</strong></span> <span class='ocrx_word' id='word_1_739' title='bbox 2782 4794 2885 4839; x_wconf 75' lang='lat' dir='ltr'><strong>est.</strong></span> <span class='ocrx_word' id='word_1_740' title='bbox 2927 4783 3065 4837; x_wconf 85' lang='lat' dir='ltr'><strong>Hinc</strong></span> <span class='ocrx_word' id='word_1_741' title='bbox 3129 4788 3447 4855; x_wconf 82' lang='lat' dir='ltr'><strong>plerumque</strong></span> 
     </span>
    </p>
   </div>
   <div class='ocr_carea' id='block_1_106' title="bbox 1874 4873 3444 4949">
    <p class='ocr_par' dir='ltr' id='par_1_106' title="bbox 1874 4873 3444 4949">
     <span class='ocr_line' id='line_1_106' title="bbox 1874 4873 3444 4949; baseline 0.003 -22"><span class='ocrx_word' id='word_1_742' title='bbox 1874 4873 2174 4928; x_wconf 70' lang='lat' dir='ltr'><strong>seditiones</strong></span> <span class='ocrx_word' id='word_1_743' title='bbox 2210 4875 2416 4928; x_wconf 85' lang='lat' dir='ltr'><strong>Italiam</strong></span> <span class='ocrx_word' id='word_1_744' title='bbox 2485 4876 2798 4929; x_wconf 82' lang='lat' dir='ltr'><strong>colentibus</strong></span> <span class='ocrx_word' id='word_1_745' title='bbox 2839 4877 3087 4949; x_wconf 61' lang='lat' dir='ltr'><strong>accidere</strong></span> <span class='ocrx_word' id='word_1_746' title='bbox 3148 4888 3296 4944; x_wconf 89' lang='lat' dir='ltr'><strong>puto.</strong></span> <span class='ocrx_word' id='word_1_747' title='bbox 3335 4881 3444 4932; x_wconf 77' lang='lat' dir='ltr'><strong>Ac—</strong></span> 
     </span>
    </p>
   </div>
   <div class='ocr_carea' id='block_1_107' title="bbox 1868 4967 3444 5022">
    <p class='ocr_par' dir='ltr' id='par_1_107' title="bbox 1868 4967 3444 5022">
     <span class='ocr_line' id='line_1_107' title="bbox 1868 4967 3444 5022; baseline 0.002 -3"><span class='ocrx_word' id='word_1_748' title='bbox 1868 4967 2231 5021; x_wconf 65' lang='lat' dir='ltr'><strong>ciditintcrea</strong></span> <span class='ocrx_word' id='word_1_749' title='bbox 2284 4978 2338 5020; x_wconf 92' lang='lat' dir='ltr'><strong>ut</strong></span> <span class='ocrx_word' id='word_1_750' title='bbox 2397 4968 2560 5020; x_wconf 88' lang='lat' dir='ltr'><strong>etiam</strong></span> <span class='ocrx_word' id='word_1_751' title='bbox 2618 4968 2867 5020; x_wconf 80' lang='lat' dir='ltr'><strong>Patavini</strong></span> <span class='ocrx_word' id='word_1_752' title='bbox 2922 4967 3253 5022; x_wconf 86' lang='lat' dir='ltr'><strong>adducerent</strong></span> <span class='ocrx_word' id='word_1_753' title='bbox 3312 4986 3444 5022; x_wconf 80' lang='lat' dir='ltr'><strong>suos</strong></span> 
     </span>
    </p>
   </div>
   <div class='ocr_carea' id='block_1_108' title="bbox 1867 5057 3441 5127">
    <p class='ocr_par' dir='ltr' id='par_1_108' title="bbox 1867 5057 3441 5127">
     <span class='ocr_line' id='line_1_108' title="bbox 1867 5057 3441 5127; baseline 0.002 -17"><span class='ocrx_word' id='word_1_754' title='bbox 1867 5057 2053 5118; x_wconf 80' lang='lat' dir='ltr'><strong>duces.</strong></span> <span class='ocrx_word' id='word_1_755' title='bbox 2088 5060 2229 5110; x_wconf 63' lang='lat' dir='ltr'><strong>inter</strong></span> <span class='ocrx_word' id='word_1_756' title='bbox 2256 5074 2394 5127; x_wconf 89' lang='lat' dir='ltr'><strong>quos</strong></span> <span class='ocrx_word' id='word_1_757' title='bbox 2419 5068 2610 5112; x_wconf 89' lang='lat' dir='ltr'><strong>eratet</strong></span> <span class='ocrx_word' id='word_1_758' title='bbox 2630 5058 2924 5121; x_wconf 74' lang='lat' dir='ltr'><strong>Mat-silius,</strong></span> <span class='ocrx_word' id='word_1_759' title='bbox 2955 5071 3113 5111; x_wconf 74' lang='lat' dir='ltr'><strong>natus</strong></span> <span class='ocrx_word' id='word_1_760' title='bbox 3142 5075 3201 5113; x_wconf 80' lang='lat' dir='ltr'><strong>ex</strong></span> <span class='ocrx_word' id='word_1_761' title='bbox 3233 5063 3441 5113; x_wconf 74' lang='lat' dir='ltr'><strong>familia</strong></span> 
     </span>
    </p>
   </div>
   <div class='ocr_carea' id='block_1_109' title="bbox 1866 5149 3441 5221">
    <p class='ocr_par' dir='ltr' id='par_1_109' title="bbox 1866 5149 3441 5221">
     <span class='ocr_line' id='line_1_109' title="bbox 1866 5149 3441 5221; baseline 0.001 -19"><span class='ocrx_word' id='word_1_762' title='bbox 1866 5149 2236 5214; x_wconf 79' lang='lat' dir='ltr'><strong>Cara:io:um,</strong></span> <span class='ocrx_word' id='word_1_763' title='bbox 2268 5152 2356 5216; x_wconf 83' lang='lat' dir='ltr'><strong>qui</strong></span> <span class='ocrx_word' id='word_1_764' title='bbox 2399 5151 2620 5217; x_wconf 76' lang='lat' dir='ltr'><strong>parabat</strong></span> <span class='ocrx_word' id='word_1_765' title='bbox 2661 5150 3010 5203; x_wconf 78' lang='lat' dir='ltr'><strong>Carminiole</strong></span> <span class='ocrx_word' id='word_1_766' title='bbox 3082 5154 3311 5221; x_wconf 80' lang='lat' dir='ltr'><strong>prodere</strong></span> <span class='ocrx_word' id='word_1_767' title='bbox 3347 5169 3441 5204; x_wconf 83' lang='lat' dir='ltr'><strong>ur-</strong></span> 
     </span>
    </p>
   </div>
   <div class='ocr_carea' id='block_1_110' title="bbox 1871 5240 3440 5311">
    <p class='ocr_par' dir='ltr' id='par_1_110' title="bbox 1871 5240 3440 5311">
     <span class='ocr_line' id='line_1_110' title="bbox 1871 5240 3440 5311; baseline 0.003 -19"><span class='ocrx_word' id='word_1_768' title='bbox 1871 5240 2011 5293; x_wconf 89' lang='lat' dir='ltr'><strong>bem.</strong></span> <span class='ocrx_word' id='word_1_769' title='bbox 2054 5242 2145 5293; x_wconf 83' lang='lat' dir='ltr'><strong>Est</strong></span> <span class='ocrx_word' id='word_1_770' title='bbox 2176 5252 2354 5294; x_wconf 74' lang='lat' dir='ltr'><strong>autem</strong></span> <span class='ocrx_word' id='word_1_771' title='bbox 2412 5259 2473 5295; x_wconf 82' lang='lat' dir='ltr'><strong>ea</strong></span> <span class='ocrx_word' id='word_1_772' title='bbox 2530 5243 2660 5295; x_wconf 90' lang='lat' dir='ltr'><strong>urbs</strong></span> <span class='ocrx_word' id='word_1_773' title='bbox 2730 5258 2923 5311; x_wconf 69' lang='lat' dir='ltr'><strong>magna</strong></span> <span class='ocrx_word' id='word_1_774' title='bbox 2949 5253 3001 5294; x_wconf 87' lang='lat' dir='ltr'><strong>et</strong></span> <span class='ocrx_word' id='word_1_775' title='bbox 3052 5245 3332 5310; x_wconf 66' lang='lat' dir='ltr'><strong>opulenta,</strong></span> <span class='ocrx_word' id='word_1_776' title='bbox 3388 5246 3440 5297; x_wconf 90' lang='lat' dir='ltr'><strong>in</strong></span> 
     </span>
    </p>
   </div>
   <div class='ocr_carea' id='block_1_111' title="bbox 1868 5333 3444 5404">
    <p class='ocr_par' dir='ltr' id='par_1_111' title="bbox 1868 5333 3444 5404">
     <span class='ocr_line' id='line_1_111' title="bbox 1868 5333 3444 5404; baseline 0.003 -19"><span class='ocrx_word' id='word_1_777' title='bbox 1868 5333 2076 5385; x_wconf 77' lang='lat' dir='ltr'><strong>ambitu</strong></span> <span class='ocrx_word' id='word_1_778' title='bbox 2114 5337 2399 5387; x_wconf 73' lang='lat' dir='ltr'><strong>continens</strong></span> <span class='ocrx_word' id='word_1_779' title='bbox 2436 5335 2613 5389; x_wconf 83' lang='lat' dir='ltr'><strong>stadia</strong></span> <span class='ocrx_word' id='word_1_780' title='bbox 2663 5334 3031 5404; x_wconf 78' lang='lat' dir='ltr'><strong>septuaginta,</strong></span> <span class='ocrx_word' id='word_1_781' title='bbox 3091 5335 3286 5389; x_wconf 87' lang='lat' dir='ltr'><strong>ﬂuvius</strong></span> <span class='ocrx_word' id='word_1_782' title='bbox 3344 5354 3444 5390; x_wconf 85' lang='lat' dir='ltr'><strong>no-</strong></span> 
     </span>
    </p>
   </div>
   <div class='ocr_carea' id='block_1_112' title="bbox 1872 5423 3438 5495">
    <p class='ocr_par' dir='ltr' id='par_1_112' title="bbox 1872 5423 3438 5495">
     <span class='ocr_line' id='line_1_112' title="bbox 1872 5423 3438 5495; baseline 0.002 -18"><span class='ocrx_word' id='word_1_783' title='bbox 1872 5424 2015 5477; x_wconf 80' lang='lat' dir='ltr'><strong>mine</strong></span> <span class='ocrx_word' id='word_1_784' title='bbox 2045 5423 2239 5478; x_wconf 80' lang='lat' dir='ltr'><strong>Brenta</strong></span> <span class='ocrx_word' id='word_1_785' title='bbox 2266 5441 2383 5479; x_wconf 85' lang='lat' dir='ltr'><strong>cam</strong></span> <span class='ocrx_word' id='word_1_786' title='bbox 2414 5435 2562 5481; x_wconf 84' lang='lat' dir='ltr'><strong>secat</strong></span> <span class='ocrx_word' id='word_1_787' title='bbox 2588 5443 2599 5477; x_wconf 89' lang='lat'>:</span> <span class='ocrx_word' id='word_1_788' title='bbox 2631 5441 2736 5492; x_wconf 88' lang='lat' dir='ltr'><strong>quo</strong></span> <span class='ocrx_word' id='word_1_789' title='bbox 2761 5441 2884 5479; x_wconf 90' lang='lat' dir='ltr'><strong>cum</strong></span> <span class='ocrx_word' id='word_1_790' title='bbox 2920 5426 3157 5494; x_wconf 83' lang='lat' dir='ltr'><strong>undique</strong></span> <span class='ocrx_word' id='word_1_791' title='bbox 3182 5427 3438 5495; x_wconf 84' lang='lat' dir='ltr'><strong>alluatur,</strong></span> 
     </span>
    </p>
   </div>
   <div class='ocr_carea' id='block_1_113' title="bbox 1464 5584 2146 5667">
    <p class='ocr_par' dir='ltr' id='par_1_113' title="bbox 1464 5584 2146 5667">
     <span class='ocr_line' id='line_1_113' title="bbox 1464 5584 2146 5667; baseline 0.016 -25"><span class='ocrx_word' id='word_1_792' title='bbox 1464 5584 1711 5645; x_wconf 73' lang='lat' dir='ltr'><strong>Notulm</strong></span> <span class='ocrx_word' id='word_1_793' title='bbox 1743 5592 2146 5667; x_wconf 67' lang='lat' dir='ltr'><strong>ma&#39;ginoles.</strong></span> 
     </span>
    </p>
   </div>
   <div class='ocr_carea' id='block_1_114' title="bbox 250 5677 704 5748">
    <p class='ocr_par' dir='ltr' id='par_1_114' title="bbox 250 5677 704 5748">
     <span class='ocr_line' id='line_1_114' title="bbox 250 5677 704 5748; baseline 0.011 -21"><span class='ocrx_word' id='word_1_794' title='bbox 250 5678 373 5748; x_wconf 52' lang='grc' dir='ltr'><strong>(ῖῖ)</strong></span> <span class='ocrx_word' id='word_1_795' title='bbox 401 5677 704 5732; x_wconf 73' lang='grc' dir='ltr'>Ριςὶιιῖιιεις.</span> 
     </span>
    </p>
   </div>
   <div class='ocr_carea' id='block_1_115' title="bbox 247 5819 1023 5889">
    <p class='ocr_par' dir='ltr' id='par_1_115' title="bbox 247 5819 1023 5889">
     <span class='ocr_line' id='line_1_115' title="bbox 247 5819 1023 5889; baseline 0.012 -23"><span class='ocrx_word' id='word_1_796' title='bbox 247 5819 310 5845; x_wconf 64' lang='grc'>²⁴</span> <span class='ocrx_word' id='word_1_797' title='bbox 341 5820 390 5867; x_wconf 83' lang='lat' dir='ltr'><strong>In</strong></span> <span class='ocrx_word' id='word_1_798' title='bbox 425 5837 524 5875; x_wconf 78' lang='lat' dir='ltr'><strong>uno</strong></span> <span class='ocrx_word' id='word_1_799' title='bbox 588 5822 1023 5889; x_wconf 65' lang='grc' dir='ltr'>Καραμανιόλον.</span> 
     </span>
    </p>
   </div>
   <div class='ocr_carea' id='block_1_116' title="bbox 152 5891 1086 5959">
    <p class='ocr_par' dir='ltr' id='par_1_116' title="bbox 152 5891 1086 5959">
     <span class='ocr_line' id='line_1_116' title="bbox 152 5891 1086 5959; baseline 0.009 -19"><span class='ocrx_word' id='word_1_800' title='bbox 152 5896 283 5957; x_wconf 72' lang='grc' dir='ltr'>τῆς</span> <span class='ocrx_word' id='word_1_801' title='bbox 324 5892 506 5959; x_wconf 50' lang='lat' dir='ltr'><strong>papae.</strong></span> <span class='ocrx_word' id='word_1_802' title='bbox 555 5891 620 5942; x_wconf 84' lang='lat' dir='ltr'><strong>in</strong></span> <span class='ocrx_word' id='word_1_803' title='bbox 652 5897 723 5944; x_wconf 83' lang='lat' dir='ltr'><strong>al.</strong></span> <span class='ocrx_word' id='word_1_804' title='bbox 771 5907 823 5946; x_wconf 78' lang='lat' dir='ltr'><strong>ut</strong></span> <span class='ocrx_word' id='word_1_805' title='bbox 860 5895 909 5945; x_wconf 82' lang='lat' dir='ltr'><strong>in</strong></span> <span class='ocrx_word' id='word_1_806' title='bbox 947 5908 1086 5949; x_wconf 88' lang='lat' dir='ltr'><strong>con&#39;.</strong></span> 
     </span>
    </p>
   </div>
   <div class='ocr_carea' id='block_1_117' title="bbox 1109 5827 1871 5908">
    <p class='ocr_par' dir='ltr' id='par_1_117' title="bbox 1109 5827 1871 5908">
     <span class='ocr_line' id='line_1_117' title="bbox 1109 5827 1871 5908; baseline 0.014 -30"><span class='ocrx_word' id='word_1_807' title='bbox 1109 5829 1151 5859; x_wconf 82' lang='grc' dir='ltr'><strong>³ο</strong></span> <span class='ocrx_word' id='word_1_808' title='bbox 1184 5827 1246 5880; x_wconf 82' lang='lat' dir='ltr'><strong>In</strong></span> <span class='ocrx_word' id='word_1_809' title='bbox 1274 5849 1387 5897; x_wconf 81' lang='lat' dir='ltr'><strong>ora,</strong></span> <span class='ocrx_word' id='word_1_810' title='bbox 1424 5835 1573 5901; x_wconf 65' lang='grc' dir='ltr'>λέγω</span> <span class='ocrx_word' id='word_1_811' title='bbox 1600 5838 1653 5888; x_wconf 78' lang='grc' dir='ltr'>δὲ</span> <span class='ocrx_word' id='word_1_812' title='bbox 1682 5840 1871 5908; x_wconf 62' lang='lat' dir='ltr'><strong>ripae.</strong></span> 
     </span>
    </p>
   </div>
   <div class='ocr_carea' id='block_1_118' title="bbox 1954 5835 3437 5909">
    <p class='ocr_par' dir='ltr' id='par_1_118' title="bbox 1954 5835 3437 5909">
     <span class='ocr_line' id='line_1_118' title="bbox 1954 5835 3437 5909; baseline 0 -22"><span class='ocrx_word' id='word_1_813' title='bbox 1954 5839 1989 5869; x_wconf 75' lang='grc'><strong>³⁸</strong></span> <span class='ocrx_word' id='word_1_814' title='bbox 2029 5838 2281 5909; x_wconf 68' lang='grc' dir='ltr'>ἀλλήλας.</span> <span class='ocrx_word' id='word_1_815' title='bbox 2324 5838 2409 5892; x_wconf 71' lang='lat' dir='ltr'><strong>Si:</strong></span> <span class='ocrx_word' id='word_1_816' title='bbox 2446 5839 2605 5889; x_wconf 74' lang='lat' dir='ltr'><strong>etiam</strong></span> <span class='ocrx_word' id='word_1_817' title='bbox 2651 5836 2710 5889; x_wconf 73' lang='lat' dir='ltr'><strong>fl.</strong></span> <span class='ocrx_word' id='word_1_818' title='bbox 2794 5835 2837 5865; x_wconf 84' lang='lat'>&quot;</span> <span class='ocrx_word' id='word_1_819' title='bbox 2868 5835 3143 5904; x_wconf 67' lang='grc' dir='ltr'>βασιλείας</span> <span class='ocrx_word' id='word_1_820' title='bbox 3214 5835 3276 5888; x_wconf 81' lang='lat' dir='ltr'><strong>In</strong></span> <span class='ocrx_word' id='word_1_821' title='bbox 3312 5850 3437 5897; x_wconf 74' lang='lat' dir='ltr'><strong>uno.</strong></span> 
     </span>
    </p>
   </div>
  </div>
