4190 6434
712 418 818 480 295

714 532 1081 586 munitissima
1120 530 1382 585 redditur.
1425 529 1576 582 llnnc
1612 528 1778 597 igitur
1807 525 2109 578 Marsilittm
2155 537 2278 578 cum
2312 532 2354 586 Α

714 625 1092 688 adduxissent,
1143 625 1554 677 constituerunt
1610 622 1778 681 diem,
1840 619 1905 671 ad
1943 632 2104 687 quem
2162 631 2288 684 pro-

713 717 851 770 ditio
875 725 1250 786 perageretur.
1307 715 1512 770 Verum
1555 729 1621 768 eo
1674 715 1761 767 die
1793 714 2032 767 maxima
2089 711 2290 780 ingruit

715 818 1031 875 tempestas,
1076 824 1180 876 qua
1208 809 1472 862 inhibitus
1505 807 1753 874 nequivit
1794 808 1860 859 ad
1912 805 2284 874 pra‘stitututn

715 915 1036 968 comparere
1093 901 1258 954 diem.
1326 898 1559 964 Quidam
1619 898 1950 967 proditionis
2010 896 2288 958 conscius.

717 992 917 1044 anxius
957 991 1245 1044 admodum
1306 1007 1372 1044 ne
1424 990 1624 1055 aliquis
1659 992 1981 1058 przeveniret
2008 997 2062 1042 et
2109 989 2294 1058 prodi-

717 1084 922 1137 tionem
980 1082 1354 1151 patefaeeret,
1423 1082 1721 1136 adveniens
1794 1084 1912 1151 ipse
1966 1080 2292 1150 proditionis

715 1175 945 1228 consilia
975 1176 1172 1243 aperit.
1204 1176 1308 1240 Qui
1343 1184 1400 1228 ttt
1442 1191 1557 1229 rem
1589 1189 1920 1243 cognovere.
1980 1175 2167 1226 urbem
2205 1172 2294 1225 fir-

716 1275 1002 1320 maverunt
1037 1268 1310 1321 custodiis
1338 1284 1350 1319 :
1378 1267 1757 1320 subornarunt
1789 1281 2012 1335 quoque
2058 1267 2292 1319 insidias

716 1357 980 1419 Marsilio.
1010 1375 1115 1426 qua
1151 1357 1369 1411 volebat
1393 1358 1543 1412 exire
1569 1359 1634 1410 ad
1664 1358 1869 1411 hostes.
1930 1359 2292 1411 Accedentem

716 1449 886 1518 igitur
915 1459 1180 1519 ceperunt
1212 1465 1319 1503 una
1343 1465 1469 1504 cum
1500 1459 1720 1504 centum
1747 1450 1982 1513 civibus,
2017 1465 2155 1517 quos
2186 1466 2293 1501 una

718 1543 1128 1597 cumnxoribus
1154 1551 1442 1608 necarunt,
1484 1543 1761 1596 trucidato
1819 1543 1982 1596 etiam
2030 1541 2292 1596 Blarsilio.

723 1633 845 1688 llaec
890 1651 1014 1688 cum
1057 1636 1156 1688 sub
1208 1635 1350 1689 idem
1415 1635 1617 1690 bellum
1692 1636 2010 1689 acciderent
2049 1636 2294 1702 Venetis,

718 1727 970 1781 t-ﬂ‘ectum
1019 1737 1099 1782 est
1123 1727 1330 1782 ntduci
1365 1727 1715 1783 Carminiola:
1760 1729 2049 1794 imperium
2106 1743 2300 1797 proru-

721 1829 959 1889 garetur.
987 1819 1054 1873 At
1087 1821 1438 1891 postmodum
1472 1835 1596 1874 cum
1637 1821 1964 1890 proditionis
2038 1836 2298 1889 arguere-

719 1921 812 1966 tur
841 1912 1203 1978 Carminiola,
1233 1923 1288 1968 et
1322 1913 1373 1966 in
1400 1913 1521 1982 ipso
1545 1928 1707 1980 opere
1731 1923 1878 1968 esset
1897 1913 2291 1982 deprehensus.
2327 1893 2369 1949 θ

721 1996 954 2060 insidias
983 2006 1105 2059 urbi
1129 2015 1371 2070 struens,
1448 2005 1768 2061 interfectus
1807 2015 1912 2060 est.
1951 2005 2161 2060 Dicitur
2200 2021 2296 2060 au-

725 2108 853 2164 tem,
877 2114 1000 2152 cum
1021 2097 1322 2153 duceretur
1353 2098 1421 2153 ad
1455 2100 1805 2170 supplicium,
1862 2101 1915 2154 in
1950 2115 2072 2154 eum
2118 2101 2296 2156 locum

723 2193 813 2245 ubi
833 2193 1010 2260 capite
1041 2193 1383 2248 truncandus
1409 2204 1551 2256 erat,
1588 2193 1767 2246 velato
1798 2202 1855 2248 et
1887 2194 2178 2247 obstructo
2202 2209 2298 2248 ore

723 2283 1042 2347 incessisse,
1076 2299 1142 2337 ne
1197 2293 1378 2353 posset
1415 2285 1748 2351 compellare
1772 2295 1827 2339 et
1881 2286 2149 2340 obtestari
2202 2301 2298 2341 eos

723 2374 816 2443 qni
859 2375 925 2428 ad
963 2375 1320 2442 spectandum
1353 2374 1683 2442 supplicium
1731 2385 2120 2431 convenerant.
2170 2378 2300 2432 Post

727 2461 894 2528 hujus
938 2461 1038 2514 viri
1105 2462 1313 2516 obitum
1360 2473 1697 2517 vocaverunt
1755 2463 2116 2520 Franciscum
2150 2465 2302 2520 Sl‘or-

724 2555 856 2607 tiam
885 2553 1229 2623 cognomine,
1284 2569 1445 2622 quem
1510 2553 1702 2609 ducem
1766 2558 2207 2625 pronuntiantes,
2251 2556 2296 2612 ei

725 2645 1124 2700 commiserunt
1175 2646 1376 2700 bellum
1425 2647 1574 2716 quod
1631 2660 1846 2718 gereret
1894 2665 2016 2703 cum
2066 2649 2302 2718 Liguriae

727 2739 993 2808 principe.
1027 2739 1270 2794 Tandem
1299 2754 1366 2794 eo
1389 2754 1479 2794 res
1501 2742 1673 2804 venit,
1714 2757 1838 2796 cum
1878 2743 2110 2812 impigre
2141 2745 2302 2814 adju~

728 2841 951 2885 varelur
980 2833 1050 2886 ab
1100 2831 1345 2898 Venetis,
1381 2841 1440 2885 ut
1472 2847 1583 2886 non
1617 2834 1788 2889 multo
1842 2845 2087 2904 tempore
2135 2837 2304 2890 inter-

731 2923 901 2990 jecto,
961 2923 1070 2977 dux
1105 2923 1396 2983 Mediolani
1425 2926 1737 2996 eligeretur.
1772 2928 1908 2980 Cum
1960 2937 2140 2982 autem
2196 2929 2302 2985 Ve-

733 3024 981 3066 netorum
1023 3024 1169 3068 esset
1219 3015 1542 3084 imperator,
1599 3017 2010 3087 plurimumque
2065 3023 2136 3074 ob
2180 3036 2300 3076 eam

735 3121 846 3158 rem
873 3106 1376 3172 commendaretur,
1434 3107 1661 3162 Lodiam
1694 3125 1888 3178 usque,
1919 3127 2041 3179 quae
2105 3113 2308 3168 Medio-

731 3197 859 3251 lano
883 3200 1125 3266 proxima
1154 3207 1260 3261 est,
1309 3202 1566 3262 accessit,
1597 3201 1843 3269 Pergami
1896 3209 2197 3272 regionem,
2252 3215 2305 3258 et
2332 3230 2375 3284 ο

737 3290 840 3342 alia
887 3291 1134 3359 quadam
1182 3293 1439 3361 oppidula
1479 3291 1716 3360 Liguriae
1775 3297 1914 3348 ultra
1967 3298 2136 3350 Adam
2188 3298 2300 3368 (78)

732 3381 935 3435 ﬂumen
963 3383 1239 3452 subigens.
1268 3384 1474 3438 Deinde
1502 3400 1625 3439 cum
1655 3386 1859 3441 bellum
1886 3387 2030 3442 inter
2073 3389 2305 3444 Venetus

733 3483 789 3528 et
817 3473 1040 3544 Ligures
1065 3483 1214 3530 esset
1276 3477 1642 3545 compositum
1680 3517 1697 3542 ,
1755 3493 1998 3548 paceque
2033 3482 2305 3550 sopitum,

733 3567 901 3623 tiliam
973 3569 1128 3624 ducis
1189 3569 1532 3639 illegitimam
1599 3586 1824 3626 uxorem
1886 3572 2061 3638 duxit,
2103 3584 2305 3629 etcum

735 3661 892 3730 quasi
927 3661 1142 3717 medius
1207 3674 1351 3716 esset
1388 3664 1532 3716 inter
1571 3673 1853 3733 utrosque,
1889 3668 2122 3719 cessavit
2152 3666 2311 3719 Nico-

735 3753 882 3806 laum
935 3752 1077 3807 bello
1119 3753 1398 3822 persequi.
1461 3753 1534 3817 ls,
1587 3769 1710 3808 cum
1781 3770 1885 3822 pax
1939 3757 2306 3822 convenisset,

735 3847 886 3899 venit
911 3845 1294 3914 Parthenopen
1331 3849 1448 3901 sive
1481 3846 1763 3916 Neapolim
1796 3850 1862 3902 ad
1888 3849 2310 3904 Tarraconnen-

736 3938 882 3991 sinm
914 3953 1117 4005 regem,
1152 3940 1341 3992 volens
1363 3955 1487 3992 eum
1530 3941 1791 4009 adjuvare
1817 3979 1832 4004 ,
1888 3943 1933 3995 si
1991 3958 2156 4008 opera
2211 3960 2308 3996 sua

737 4032 1026 4100 indigeret,
1060 4031 1112 4084 in
1138 4031 1280 4084 bello
1311 4032 1458 4098 quod
1481 4035 1710 4100 parabat
1757 4035 1959 4087 inferre
1992 4033 2310 4103 Tyrrhenis.

744 4121 905 4190 158
941 4121 1076 4175 Cum
1111 4132 1291 4175 autem
1318 4123 1453 4174 nihil
1487 4125 1648 4177 isthic
1673 4125 1977 4177 invenisset
2009 4125 2127 4178 suis
2151 4125 2315 4177 rebus

741 4207 1178 4280 accommodum,
1210 4217 1274 4270 ad
1312 4215 1601 4270 Mediolani
1658 4216 1855 4269 ducem
1916 4231 2170 4270 reversus
2209 4228 2312 4270 est.

740 4305 1042 4361 Nectnulto
1083 4318 1206 4379 post
1268 4310 1573 4378 exspiravit
1615 4307 1893 4370 Nicolaus,
1943 4324 2067 4361 cum
2125 4311 2317 4363 luisset

745 4400 870 4454 belli
893 4402 1000 4454 dux
1020 4403 1286 4471 optimus,
1321 4403 1554 4455 ducendi
1604 4405 1883 4455 exercitus
1931 4401 2318 4470 pugnandique

745 4494 1131 4562 peritissimus.
1197 4493 1334 4547 Cum
1385 4507 1568 4547 autem
1616 4494 1779 4562 longo
1830 4504 2075 4562 tempore
2122 4508 2312 4546 renum

745 4585 936 4637 dolore
960 4585 1150 4637 luisset
1187 4587 1562 4646 excruciatus,
1621 4586 1846 4638 tandem
1904 4597 2155 4638 mortuus
2208 4596 2311 4645 est,

748 4674 1066 4742 relinquens
1096 4675 1180 4729 sui
1231 4691 1325 4743 per
1369 4675 1682 4728 universam
1721 4675 1936 4727 Italiam
1988 4676 2314 4728 memoriam

747 4765 1194 4819 honestissimam
1219 4783 1236 4832 ;
1268 4765 1368 4818 l'uit
1396 4780 1560 4833 porro
1588 4783 1785 4834 genere
1814 4766 2140 4819 Perusinus.

1829 411 2021 472 LAON
2040 412 2132 468 lCl
2175 409 2272 467 CII
2285 415 2321 467 Α
2337 409 2621 468 LCUCth
2634 407 2846 468 ΟΥῙ..-Ε

2350 4556 2395 4612 D

3869 400 3966 462 5298

2388 524 2596 594 μεγάλη
2650 540 2708 574 τε
2765 523 2859 574 καὶ
2921 523 3195 587 εὐδαίμων
3239 522 3439 590 ἔχουσα
3491 517 3783 588 περίϐολον
3825 519 3970 586 ἀμφὶ

2394 620 2519 678 τοὺς
2556 616 2930 685 ἐϐδομήκοντα
2976 615 3243 675 σταδίους.
3291 614 3400 667 Ῥεῖ
3430 613 3484 664 δὲ
3516 613 3602 664 διέι
3633 612 3732 679 τῆς
3764 611 3970 671 πόλεως

2398 709 2637 775 ποταμὸς
2678 708 2915 776 Βρέντας
2955 707 3196 776 τοῦνομα
3245 708 3309 768 ³³,
3353 707 3443 758 καὶ
3490 706 3664 773 τούτῳ
3700 703 3972 772 περιιόντι

2393 800 2660 871 γενομένη
2723 800 3019 870 ὠχύρωται
3081 802 3139 860 ἐς
3195 800 3263 851 τὰ
3327 801 3582 869 μάλιστα.
3646 797 3851 850 Τοῦτον
3899 797 3972 859 th;

2393 897 2662 964 ἐπήγοντο
2692 894 2787 946 τδν
2814 893 3121 961 Μαρσίλιον
3154 893 3499 961 συνθέμενοι,
3533 893 3714 963 ἡμέρα
3814 890 3976 943 αύτέν

2392 988 2501 1040 δέοι
2533 989 2789 1057 παρεῖναι
2826 987 2882 1048 ἐς
2932 986 3186 1056 τοῦργον.
3219 987 3571 1051 ἐπιγενέσθαι
3623 1003 3683 1038 τε
3723 986 3974 1055 χειμῶνα

2399 1082 2674 1148 μέγιστον,
2721 1081 2815 1132 καὶ
2855 1080 3193 1133 διακωλῦσαι
3238 1080 3331 1131 τὸν
3373 1079 3544 1145 ἄνδρα
3601 1081 3878 1146 παρεῖναι,
3923 1079 3978 1139 ἐς

2393 1172 2460 1240 ἡν
2494 1172 2752 1224 συνέθετο
2805 1173 3040 1242 ἡμέραν.
3078 1173 3215 1226 Ἕνα
3260 1172 3317 1225 δὲ
3359 1173 3468 1224 τῶν
3517 1172 3839 1224 συνειδότων
3879 1170 3978 1239 τὴν

2397 1265 2716 1334 προδοσίαν,
2749 1265 3029 1318 δεδοικότα
3069 1267 3204 1336 περὶ
3225 1265 3405 1334 αὐτῷ,
3445 1267 3518 1334 μὴ
3557 1265 3770 1331 ςθάσας
3793 1264 3980 1334 ἔτερος

2398 1358 2758 1429 καταμηνύσῃ
2783 1359 2882 1429 τὴν
2923 1360 3243 1428 προδοσίαν,
3279 1361 3615 1429 ἀφικόμενος
3653 1359 3818 1421 αὐτὸς
3853 1359 3980 1412 ἁνα-

2396 1451 2613 1516 γορεύει
2665 1452 2767 1521 τὴν
2809 1451 3125 1511 προδοσίαν.
3159 1451 3226 1503 Ol
3275 1450 3332 1503 δέ
3362 1452 3438 1513 th;
3487 1450 3739 1521 ᾔσθοντο,
3772 1451 3876 1518 τὴν
3920 1467 3978 1502 τε

2397 1542 2554 1593 πόλιν
2581 1523 2950 1612 ὠχυρώσαντο
2978 1544 3275 1610 φυλακαῖς,
3303 1541 3380 1604 th;
3412 1537 3526 1595 οἷόν
3554 1543 3602 1594 τ’
3635 1538 3704 1612 ἦν
3741 1542 3980 1608 μάλιστα

2396 1637 2605 1700 αὐτοῖς.
2651 1639 2760 1692 Καὶ
2810 1639 2905 1690 τὸν
2954 1639 3261 1706 Μαρσίλιον
3309 1637 3628 1706 λοχίσαντες
3782 1637 3981 1702 ἔμελλε

2397 1729 2652 1794 διεξιέναι
2684 1730 2913 1783 ἐπιόντα
2941 1732 3009 1799 τῇ
3046 1731 3224 1794 πόλει,
3260 1730 3403 1783 ἑλεῖν
3449 1747 3507 1782 τε
3535 1730 3633 1784 καὶ
3664 1731 3791 1790 τοὺς
3824 1731 3883 1781 ἐν
3914 1730 3980 1798 τῇ

2401 1817 2554 1870 πόλει
2607 1818 2827 1887 ἄνδρας,
2863 1819 2938 1881 th;
2993 1820 3190 1872 ἑκατόν
3248 1837 3352 1872 που
3421 1822 3512 1873 τὸν
3569 1820 3827 1889 ἀριθμὸν,
3884 1821 3984 1872 σὺν

2398 1911 2612 1978 γυναιξί
2644 1930 2702 1965 τε
2732 1913 2854 1982 ἃμα
2883 1913 3115 1979 ἀνελεῖν,
3143 1914 3240 1966 καὶ
3287 1916 3453 1966 αὑτὸν
3503 1913 3808 1982 Μαρσίλιον
3859 1912 3984 1966 δια·-

2400 2004 2732 2073 χρήσασθαι.
2764 2004 2951 2060 Ταῦτα
3001 2007 3059 2059 δέ
3108 2005 3167 2069 ἐς
3213 2008 3305 2060 τὸν
3334 2007 3574 2076 πόλεμον
3623 2006 3816 2059 τοῦτον
3847 2006 3986 2077 ξυμ.

2400 2096 2653 2152 ϐαίνοντα
2679 2099 2964 2162 Οὐενετοῖς
2993 2098 3280 2169 ἐπέρρωσε
3309 2116 3368 2152 τε
3403 2099 3626 2169 μᾶλλον,
3664 2101 3760 2152 καὶ
3789 2102 3848 2161 ἐς
3881 2100 3984 2163 τὰς

2402 2192 2734 2261 στρατηγίας
2773 2193 3218 2262 Καραμανιὸλου,
3249 2194 3316 2247 τὰ
3346 2193 3541 2264 πρῶτα
3575 2193 3676 2263 μέν
3709 2194 3802 2246 ἐπὶ
3846 2195 3982 2247 πολὺ

2399 2288 2659 2357 ἐφέροντο
2689 2287 2916 2356 ἄμεινον
2946 2289 3004 2349 ἐς
3034 2289 3127 2339 τὸν
3154 2286 3391 2354 πόλεμον
3423 2286 3518 2338 τοῦ
3566 2285 3822 2356 Λιγύρων
3851 2286 3984 2353 ἡγεο

2405 2382 2600 2447 μόνος⁶
2650 2382 2789 2449 μετὰ
2855 2380 2913 2432 δέ
2979 2380 3153 2432 ταῦτα
3212 2380 3560 2448 προδιδόντος
3616 2377 3834 2442 τούτου,
3904 2379 3985 2442 ὡς

2401 2473 2645 2543 ἐμηνύθη
2675 2477 2881 2538 αὐτοῖς,
2993 2475 3231 2542 λέγεται,
3265 2473 3408 2528 tam
3435 2491 3494 2526 τε
3541 2471 3632 2526 ἐπ’
3674 2472 3987 2542 αὐτοφώρῳ

2403 2565 2770 2620 ἐπιϐουλεύων
2794 2569 2860 2638 τῇ
2894 2567 3068 2629 πόλει,
3104 2572 3197 2620 καὶ
3247 2567 3508 2631 ἀπέθανε,
3538 2565 3758 2620 τοσόνδε
3791 2566 3986 2634 μέντοι

2403 2657 2644 2724 λέγεται,
2677 2659 2753 2720 th;
2807 2657 3097 2726 μέλλοντος
3147 2656 3314 2710 αὐτοῦ
3363 2657 3422 2720 ἐς
3468 2654 3562 2708 τὸν
3598 2656 3797 2725 χῶρον,
3841 2657 3896 2718 ἐς
3925 2655 3989 2706 ὃν

2405 2752 2513 2805 ἔδει
2541 2752 2888 2820 τελευτῆσαι,
2930 2750 3278 2804 ἀποϐαλόντα
3310 2751 3411 2818 τὴν
3445 2750 3709 2821 κεφαλὴν,
3739 2752 3990 2816 ἐπεσφα-

2404 2843 2648 2914 λισμίνῳ
2676 2843 2756 2913 τῷ
2795 2843 3027 2912 στόματι
3059 2841 3378 2909 ἀφικέσθαι,
3405 2840 3479 2903 th;
3534 2839 3601 2892 ἂν
3640 2839 3714 2908 μὴ
3745 2839 3992 2908 διαμαρ-

2406 2939 2671 3006 τύρασθαι
2720 2937 2830 3005 ἔχοι
2865 2936 2924 2997 ἐς
2964 2935 3091 2997 τοὺς
3141 2934 3418 3002 παρόντας
3448 2933 3599 3000 αὐτῷ
3630 2932 3986 2985 τελευτῶντι.

2406 3031 2561 3082 Μετὰ
2611 3029 2710 3098 μὲν
2754 3023 2848 3080 οὖν
2893 3027 2992 3094 τὴν
3039 3025 3300 3090 τελευτὴν
3329 3026 3520 3078 τούτου
3571 3025 3994 3092 μετεπέμποντο

2408 3122 2755 3192 Φραγκίσκον
2806 3119 2897 3172 τὸν
2943 3120 3210 3189 Σφορτίαν
3242 3117 3493 3188 ἐπίκλην,
3524 3119 3620 3171 καὶ
3671 3117 3993 3186 στρατηγδν

2409 3213 2846 3282 ἀποδειξάμενοι,
2883 3213 3220 3281 ἐνεχείρισαν
3255 3210 3405 3278 αὐτῷ
3453 3211 3522 3263 τὰ
3572 3210 3874 3279 πράγματα
3934 3214 3994 3273 ἐς

2406 3307 2497 3359 τὸν
2557 3307 2817 3374 πόλεμον.
2844 3303 3036 3372 Τούτῳ
3103 3305 3202 3371 μέν
3269 3304 3570 3372 συνήνεγκε
3632 3319 3989 3371 χρηματισα-

2413 3399 2558 3467 μένῳ
2583 3397 2690 3450 ἀπὸ
2717 3395 2998 3449 υύενετῶν
3029 3395 3178 3464 αὐτῷ
3227 3393 3458 3463 ὕστερον
3493 3393 3554 3447 οὐ
3591 3396 3774 3463 πολλῷ
3805 3396 3993 3465 χρόνῳ

2410 3493 2469 3553 ἐς
2515 3492 2616 3558 τὴν
2671 3489 3005 3543 Μεδιολάνου
3041 3489 3343 3558 ἡγεμονίαν
3369 3488 3582 3540 ἐλθεῖν·
3626 3489 3995 3556 χρηματίζων

2409 3579 2466 3630 δέ
2497 3578 2682 3641 αὐτοῖς
2712 3579 2767 3640 ἐς
2805 3578 2903 3640 τὰς
2938 3577 3292 3647 στρατηγίας,
3325 3579 3419 3631 καὶ
3462 3579 3604 3647 μέγα
3654 3579 3994 3649 εὐδοκιμῶν,

2412 3673 2542 3741 ἄχρι
2595 3671 2791 3742 Δοδίης
2849 3671 3061 3734 πόλεως
3131 3671 3231 3740 τῆς
3296 3673 3584 3739 ἐγγυτάτω
3654 3672 3998 3727 Μεδιολὰνου

2413 3767 2665 3833 ἀφίκετο,
2697 3745 3211 3833 καταστρεφόμεν)ς
3252 3766 3353 3834 τὴν
3401 3783 3461 3817 τε
3503 3766 3794 3834 Πέργαμον
3824 3764 3872 3797 ⁸³
3895 3784 4001 3819 καο

2414 3860 2682 3930 λουμένην
2730 3858 2932 3927 χώραν.
2958 3861 3052 3913 καὶ⁸
3093 3858 3228 3911 ἄλλα
3265 3859 3402 3912 ἄττα
3449 3860 3550 3922 τῆς
3577 3862 3853 3929 Λιγυρίας
3889 3879 3994 3914 πο-

2415 3948 2674 4016 λίσματα,
2705 3951 2771 4000 τὰ
2804 3950 3064 4000 ἐπέκεινα
3091 3949 3188 4000 τοῦ
3235 3951 3371 4002 ’Δδα
3425 3953 3701 4021 ποταμοῦ.
3733 3954 3894 4006 Μετὰ
3935 3953 4005 4006 δὶ

2416 4041 2586 4094 ταῦτα
2615 4041 2855 4094 σπονδῶν
2884 4042 3194 4108 γενομένων
3221 4044 3447 4111 ἀμφοῖν,
3478 4045 3587 4104 τοῖς
3618 4061 3677 4095 τε
3707 4045 3780 4097 Οὐ
3793 4048 4005 4109 ενετοῖς

2417 4135 2510 4186 καὶ
2564 4131 2642 4201 τῷ
2700 4132 3033 4185 Μεδιολάνου
3097 4135 3347 4201 ἡγεμόνι,
3402 4134 3644 4202 ἠγάγετο
3707 4135 4005 4205 θυγατέρα

2418 4227 2572 4278 νόθον
2603 4225 2695 4279 τοῦ
2721 4227 2984 4294 ἡγεμόνος
3017 4228 3072 4287 ἐς
3102 4227 3338 4292 γυναῖκα
3370 4225 3541 4296 αὒτῷ.
3574 4228 3682 4279 Καὶ
3715 4229 3778 4280 ἐκ
3819 4229 4002 4298 μέσον

2419 4321 2625 4388 ἀμφοῖν
2670 4320 2964 4388 γενόμενος
3015 4319 3245 4371 διετέλει
3285 4320 3518 4388 ἡσυχίαν
3569 4321 3718 4386 ἄγων
3755 4323 3895 4390 πρός
3931 4339 4009 4375 τε

2420 4415 2511 4466 τὸν
2561 4413 2841 4466 Νικόλεων
2911 4414 3149 4479 πόλεμον
3204 4413 3271 4464 ³⁸.
3306 4407 3476 4474 Οὗτος
3535 4413 3634 4481 μὲν
3681 4412 3798 4474 οὖν,
3829 4415 3906 4475 th;
3938 4418 4014 4468 αἱ

2425 4506 2648 4560 σπονδαὶ
2701 4505 2946 4570 ἐγένοντο
2977 4506 3070 4556 καὶ
3119 4505 3313 4573 είρήνη
3355 4508 3444 4575 ἢν,
3481 4506 3708 4574 ἀφίκετο
3756 4509 3854 4559 ἐπὶ
3897 4509 4022 4579 τὴν

2428 4599 2779 4668 Παρθενόπην
2820 4600 2971 4666 παρὰ
3003 4598 3094 4649 τὸν
3125 4598 3608 4667 Ταρῤακωνησίων
3645 4599 3895 4667 βασιλέα,
3920 4601 4022 4666 ὼς

2423 4691 2821 4759 συστησόμενός
2865 4706 2924 4740 τι
2965 4690 3158 4742 ἐαυτὸν
3201 4690 3279 4759 τῷ
3310 4690 3535 4760 βασιλεῖ,
3569 4695 3662 4745 καὶ
3711 4694 4028 4765 ὑπουργή-

2424 4801 2532 4836 σων
2562 4783 2733 4850 αὐτῷ,
2759 4783 2919 4834 εῐτον
2949 4781 3122 4835 δέοιτο
3155 4785 3208 4844 ἐς
3239 4783 3333 4836 τὸν
3356 4784 3491 4851 πρὸς
3522 4787 3647 4846 τοὺς
3674 4786 4029 4857 Τυρρηνοὺς

750 4883 1004 4953 πόλεμον.
1053 4885 1139 4945 Ὠς
1176 4885 1359 4949 μέντοι
1389 4883 1536 4951 αὐτῷ
1576 4883 1725 4936 οὐδὲν
1753 4884 1954 4950 εὕρατο
1979 4882 2304 4952 ἐπιτήδειον,
2349 4882 2576 4952 ἐπανῄει
2623 4882 2774 4947 παρὰ
2824 4885 2913 4932 τ’,ν
2958 4881 3289 4936 Μεδιολάνου
3341 4884 3601 4952 ἡγεμόνα.
3641 4884 3750 4937 Καὶ
3812 4886 3870 4949 ὃς
3945 4891 4032 4942 οὐ
4073 4866 4080 4871 ι

748 4977 916 5026 πολὺν
969 4978 1163 5044 χρόνον
1216 4976 1354 5044 μετὰ
1409 4973 1583 5026 ταῦτα
1614 4975 1990 5040 ἐτελεύτησεν,
2039 4977 2175 5044 ἀνὴρ
2217 4975 2284 5026 τὰ
2357 4976 2413 5036 ἐς

2482 4973 2817 5042 στρατηγίαν
2846 4975 3139 5041 κράτιστος
3189 4977 3506 5042 γενόμενος,
3545 4975 3702 5045 ἄγειν
3734 4997 3792 5032 τε
3829 4999 4037 5050 στρα-

749 5075 841 5124 τὸν
872 5072 963 5122 καὶ
1011 5067 1398 5137 διαμάχεσθαι.
1444 5069 1714 5137 Διαϐήτην
1761 5069 1816 5119 δὲ
1857 5069 1995 5137 ἔχων
2042 5071 2196 5122 νόσον
2227 5071 2320 5121 ἐπὶ
2395 5068 2565 5120 πολλὰ.
2622 5067 2717 5136 ἐτη
2801 5069 3142 5137 ἐτελεύτησε,
3191 5069 3509 5123 καταλιπὼν
3556 5071 3753 5124 ἑαυτοῦ
3807 5079 4044 5143 μνείαν

749 5170 844 5238 τῆς
915 5167 1142 5226 Ἰταλίας
1193 5165 1503 5233 ἀπανταχῆ,
1551 5165 1613 5216 τὺ
1651 5167 1805 5230 γένος
1863 5166 2152 5235 γενόμενος
2208 5165 2525 5235 Περούσος.

822 5265 1153 5319 Franciscus
1189 5281 1294 5317 non
1338 5263 1507 5316 multo
1538 5274 1680 5332 post,
1714 5279 1836 5314 eum
1861 5261 2154 5318 defunctus
2179 5276 2322 5320 esset

752 5357 1038 5411 Mediolani
1072 5358 1205 5418 dux,
1238 5371 1363 5408 cum
1405 5353 1630 5408 Venetis
1682 5353 2005 5407 inimicitias
2055 5357 2319 5423 suscepit,

752 5448 995 5501 animqu
1027 5449 1079 5500 in
1112 5445 1398 5500 Mediolani
1438 5445 1784 5514 tyrannidem
1822 5446 2133 5497 intendens.
2184 5445 2317 5497 Nam

2500 5265 2844 5334 Φρὰγγισκος
2892 5267 2991 5334 μὲν
3034 5262 3148 5329 οὖν,
3188 5268 3264 5330 th;
3321 5268 3382 5320 ού
3455 5268 3636 5338 πο).λῷ
3689 5268 3940 5339 ὕστερον
4015 5279 4052 5328 ὁ

2427 5356 2757 5410 Μεδιόλανον
2793 5359 3022 5428 ἡγεμὼν
3052 5360 3367 5430 ἐτελεύτησε
3419 5361 3579 5432 νόσῳ,
3613 5363 3707 5415 τὸν
3752 5361 3868 5430 βίον
3921 5383 4056 5418 κα-

2424 5449 2686 5516 ταλιπὼν,
2750 5454 2986 5522 κατέστη
3043 5453 3106 5521 δὴ
3163 5456 3219 5514 ἐς
3298 5454 3561 5526 διαφορὰν
3640 5453 3842 5508 αὐτίκα
3899 5463 4057 5522 τοῖς

2030 5563 2276 5623 Νυιλιιω
2318 5569 2726 5644 marginales.

823 5695 933 5762 (78)
973 5694 1237 5747 Abduam.

821 5869 864 5898 ³³
900 5866 964 5920 In
994 5883 1107 5933 ora,
1141 5869 1165 5916 ὁ
1205 5866 1369 5920 πάλαι
1403 5864 1690 5926 Mai/.120;

1773 5867 1813 5895 ³³
1854 5865 2145 5934 Περγάλιο)
2180 5865 2265 5917 Sic
2292 5865 2450 5917 uiam
2497 5864 2558 5918 li.

2640 5866 2682 5894 “
2722 5864 2973 5933 πολεμῶν
3005 5864 3096 5918 Sic
3129 5868 3290 5920 etiam
3315 5865 3376 5918 Ii.
