4190 6434
190 444 287 507 3‘21

1281 452 1378 512 DE
1416 421 1671 514 nanos
1700 452 2059 513 TURClClS
2090 454 2216 515 LIB
2266 456 2368 517 vr.

3324 462 3429 524 322

184 561 343 625 μέχρι
381 556 693 628 Καστορίας
726 559 1043 628 ἐπηγάγετο
1066 562 1130 614 ⁷⁵.
1176 564 1445 617 Ἐνταῦθα
1482 567 1546 634 δὴ
1595 565 1737 633 Θερὶ-

1857 577 2187 633 progressus
2222 582 2326 623 est.
2348 566 2639 621 Festinans
2667 576 2869 634 autem,
2899 570 3197 639 imparatos
3223 571 3431 638 hostes,

183 648 280 716 ζης
324 653 353 703 ὁ
388 653 647 721 Βερῤοέας
706 653 970 724 ὕπαρχος,
1035 654 1357 725 ξυναγαγὼν
1414 659 1542 721 τοὺς
1602 660 1753 728 παρὰ

197 744 377 810 Ἀξίνη
439 744 652 808 Σκύθας
699 763 754 797 τε
808 746 946 813 ἅμα,
982 753 1078 800 καὶ
1106 749 1387 818 Τούρκους
1421 754 1546 813 τοὺς
1597 752 1753 821 βασι-

185 833 343 899 λέως,
372 838 759 906 ἐπισπομένων
800 839 951 908 αὑτῷ
990 842 1083 893 καὶ
1134 843 1347 913 συχνῶν
1374 845 1483 895 τῶν
1515 844 1623 897 ἀπὸ
1657 846 1753 914 τῆς

188 928 405 999 Θέρμης
444 950 502 984 τε
538 934 631 986 καὶ
660 935 873 1003 Λίμνης
905 934 1005 1003 τῆς
1051 936 1399 1006 Περῤαιϐὡν,
1429 938 1666 991 ἐπιλασέ
1696 956 1753 990 τε

184 1023 358 1089 ἄφνω,
433 1026 529 1078 καὶ
586 1026 1003 1097 ἀπαρασκεύοις
1060 1029 1384 1095 ἐπιπεσὼν,
1438 1031 1753 1101 ὲσκηνωμέι

180 1134 291 1178 νοις
340 1118 504 1170 αὑτοῦ
555 1120 731 1191 ταύτῃ
776 1138 881 1173 που
942 1124 1074 1192 περὶ
1122 1123 1223 1193 τὴν
1278 1124 1377 1191 τῆς
1430 1124 1751 1195 Καστορίας

183 1210 387 1280 χώραν,
416 1213 541 1273 τοὺς
572 1214 858 1276 πλείστους
886 1232 949 1267 τε
986 1215 1168 1267 αὐτῶν
1205 1216 1484 1269 Ἀλϐανῶν
1515 1217 1752 1285 διέφθει-

186 1321 267 1369 ρε,
304 1305 398 1355 καὶ
452 1305 619 1357 αὑτὸν
670 1309 1011 1377 Ζενεμπισαν
1069 1309 1157 1360 τὸν
1207 1309 1457 1379 ἡγεμόνα
1510 1310 1749 1375 ἀνελὼν,

180 1397 273 1446 ἐπὶ
306 1396 440 1448 πολὺ
471 1398 639 1466 ἢλασε
686 1400 870 1467 φόνου,
900 1400 1138 1454 ἐνταῦθα
1170 1405 1297 1464 τοὺς
1347 1402 1541 1464 ἄλλους
1575 1420 1751 1457 κατα-

177 1489 398 1542 ϐαίνων.
452 1492 638 1562 Ταύτῃ
687 1495 876 1562 μέντοι
923 1495 1026 1547 ἀνὰ
1060 1498 1161 1563 τὴν
1198 1493 1471 1566 Εὐρώπην
1505 1498 1747 1561 ἐγένετο,

176 1581 272 1631 καὶ
320 1583 378 1643 ἐς
435 1582 667 1652 Θόρυϐον
712 1585 1061 1652 καθίσταντο,
1114 1588 1189 1651 ὡς
1246 1588 1467 1641 ἕκαστοι
1528 1591 1623 1643 ἐπὶ
1682 1594 1749 1642 τα

178 1674 416 1741 σφέτερα
447 1674 629 1726 αὐτῶν
664 1675 986 1746 ὡρμημένοι
1017 1680 1341 1750 πράγματα,
1376 1682 1472 1733 καὶ
1500 1684 1547 1735 οἱ
1578 1684 1749 1749 T069-

178 1784 265 1816 κοι
307 1768 364 1826 ἐς
397 1766 561 1834 φόϐον
607 1785 664 1818 τε
706 1770 955 1835 ἐγένοντο
990 1774 1200 1839 μέγαν,
1262 1774 1499 1843 οἰόμενοι
1546 1775 1745 1828 αὐτίκα

178 1858 519 1911 ἀπόλλυσθαι
560 1862 663 1912 ὑπὸ
701 1862 811 1914 τῶν
847 1864 1120 1926 Παιόνων,
1180 1868 1275 1921 καὶ
1324 1867 1435 1918 τῶν
1466 1870 1745 1937 παροίκων

1859 672 1983 709 cum
2010 658 2184 711 adhuc
2204 658 2257 711 in
2280 659 2542 713 Caetoria:
2570 660 2793 729 regione
2818 674 3190 729 versarentur,
3210 680 3438 733 oppres-

1858 752 1949 804 sit.
1977 751 2310 805 Albanorum
2336 752 2603 819 plurimos
2631 754 2844 809 necavit
2872 772 2884 808 :
2913 753 3294 824 Zeuempisam
3327 760 3432 811 du-

1856 857 1974 895 cem
2016 842 2264 909 peremit,
2323 850 2378 895 et
2422 842 2561 896 alios
2612 844 2938 911 complures.
2976 842 3098 897 llaec
3124 844 3342 912 quidem
3376 846 3431 899 in

1860 935 2075 1003 EurOpa
2110 944 2432 989 evenerunt.
2466 932 2531 989 Et
2583 935 2783 1004 ubique
2817 937 3083 990 tumultus
3113 948 3250 1002 erat,
3305 955 3429 992 cum

1857 1029 2058 1095 singuli
2092 1027 2158 1079 ad
2188 1042 2284 1080 sua
2310 1028 2627 1097 recipienda
2653 1038 3036 1098 properarent.
3059 1029 3271 1084 Turc0s
3308 1048 3427 1084 ma-

1857 1137 1959 1189 gna
1988 1122 2291 1175 incesserat
2323 1122 2577 1185 formido,
2614 1131 2871 1191 putantes
2905 1138 2963 1177 se
2997 1124 3265 1192 perituros
3291 1123 3431 1176 Pan-

1858 1231 2058 1267 nonum
2112 1223 2165 1269 et
2205 1214 2556 1267 ﬁnitimarum
2591 1216 2830 1284 gentiqu
2869 1224 3064 1269 marte.
3107 1213 3431 1294 Ubicunque

1856 1308 2021 1377 igitur
2068 1318 2342 1375 poterant,
2398 1308 2599 1360 iurenia
2640 1320 2694 1361 et
2738 1323 2927 1363 muros
2962 1307 3278 1371 firmabant,
3332 1326 3428 1362 ex—

1853 1402 2161 1463 spectantes
2188 1410 2475 1463 quemnam
2511 1411 2752 1465 pr:eseus
2784 1399 3051 1451 tumultus
3104 1399 3309 1451 exitum
3342 1414 3432 1451 es—

1854 1498 1938 1540 set
1971 1484 2275 1542 babiturus.
2304 1487 2560 1556 Legatus,
2596 1489 2686 1556 qui
2725 1499 3005 1543 venerata
3036 1492 3291 1559 pontiﬁce
3315 1490 3427 1543 lto-

1856 1591 2038 1642 mano,
2084 1576 2336 1631 Julianus
2406 1579 2648 1642 nOmine,
2722 1590 2978 1633 eatterum
3033 1581 3327 1635 cardinalis
3374 1591 3429 1635 et

1854 1670 1935 1723 vir
1954 1671 2154 1734 bonus.
2203 1680 2258 1725 et
2284 1671 2546 1726 Romana:
2577 1673 2910 1727 eruditionis
2950 1674 3249 1727 admodum
3284 1678 3430 1743 peri-

1853 1775 1958 1828 tus,
1994 1761 2281 1818 Pannones
2340 1765 2405 1815 ad
2465 1764 2661 1817 bellum
2716 1766 3123 1829 suscipiendum
3160 1768 3426 1822 adversus

1852 1853 2059 1907 Turcos
2089 1854 2483 1907 cohortabatur
2516 1873 2529 1907 :
2568 1865 2620 1908 ct
2647 1854 3212 1925 jusjurandum.quod
3255 1859 3427 1911 maxi-

148 1951 344 2015 ,EO‘ILBV
384 1953 697 2023 ἀλλοφύλων
745 1956 952 2019 αὐτοῖς.
992 1957 1101 2009 Καὶ
1132 1959 1237 2030 ὅπη
1267 1959 1502 2029 τύχοιεν,
1536 1962 1603 2013 τὰ
1636 1962 1737 2013 τεί-

1853 1964 1998 2001 mum
2031 1958 2149 2001 erat
2181 1949 2234 2001 in
2275 1949 2501 2015 foedere,
2538 1965 2599 2003 ex
2626 1951 2903 2019 pontificis
2937 1952 3195 2005 mandato
3239 1955 3418 2006 solve-

170 2064 239 2115 χη
276 2047 597 2116 ὲκράτυνον,
630 2050 1085 2119 καραδοκοῦντες,
1224 2054 1566 2124 ἀποϐήσεται
1618 2055 1747 2108 ἕκα-

172 2156 273 2191 στα
304 2142 360 2199 ἐς
390 2141 449 2191 τὸ
484 2141 530 2171 ’⁸
569 2142 798 2195 τοιόνδε.
852 2144 1080 2207 Παίονες
1133 2146 1189 2199 δὲ
1239 2145 1314 2209 ὡς
1349 2147 1592 2216 πρέσϐυς
1620 2150 1745 2216 ἀφί-

168 2250 293 2285 κετο
330 2236 464 2302 παρ’
504 2235 669 2289 αὐτοῦ
696 2239 790 2289 τοῦ
828 2238 1118 2305 Ῥωμαίων
1169 2242 1497 2309 ἀρχιερέως,
1522 2241 1743 2296 Ἰουλια-

168 2327 258 2388 νὸς
312 2329 684 2398 καρδινὰλιος,
738 2330 877 2400 ἀνὴρ
921 2332 989 2383 τά
1036 2350 1095 2383 τε
1156 2334 1290 2386 ἄλλα
1335 2335 1587 2402 ἐπιεικὴς
1650 2337 1743 2387 καὶ

166 2422 223 2482 ἐς
279 2420 380 2491 τὴν
425 2422 716 2492 Ῥωμαίων
770 2427 961 2490 σοφίαν
994 2427 1305 2495 εὐδόκιμος,
1335 2429 1639 2497 παρεκάλει
1684 2447 1743 2481 τε

166 2514 263 2564 ἐπὶ
293 2516 387 2566 τὸν
433 2517 689 2583 πόλεμον,
721 2518 809 2569 τόν
837 2536 895 2569 τε
932 2519 1116 2586 ὅρκον,
1159 2518 1216 2582 ὃς
1256 2521 1512 2590 μέγιστος
1552 2517 1618 2593 ἦν
1648 2522 1743 2575 αὐ-

164 2610 275 2666 τοῖς
309 2610 366 2658 ἐν
392 2610 511 2670 ταῖς
541 2612 818 2673 σπονδαῖς,
874 2609 1104 2664 ἐλύσατο
1165 2614 1441 2684 ἐπιτροπῇ
1495 2614 1588 2666 τοῦ
1642 2619 1741 2685 ἀρ-

164 2699 421 2765 χιερέως,
446 2699 654 2766 ἀνέγνω
676 2702 735 2753 δὲ
759 2702 826 2754 τὰ
872 2703 1081 2758 αὐτόθι.
1125 2705 1233 2757 Καὶ
1279 2705 1538 2775 ὥρμηντο
1576 2725 1743 2779 στρα-

164 2792 423 2843 τεᾲεσθαι
470 2795 564 2844 ἐπὶ
590 2795 685 2863 τὴν
724 2796 1018 2865 Εὐρώπην,
1057 2800 1296 2867 οἰόμενοι
1328 2801 1741 2872 καταλήψεσθαι

164 2885 339 2952 αὐτὴν
390 2886 619 2955 ἔρημον,
660 2890 891 2952 ἀπόντος
930 2890 1025 2943 τοῦ
1057 2893 1416 2963 ’Δμουρὰτεω
1447 2898 1587 2966 κατὰ
1643 2897 1740 2966 τὴν

177 2979 388 3045 Ἀσίαν,
434 2986 527 3034 καί
586 2984 977 3053 διατρίϐοντος,
1032 2990 1127 3039 καὶ
1173 2990 1285 3039 τῶν
1336 2989 1473 3041 νεῶν
1520 2991 1611 3045 τοῦ
1644 2994 1742 3062 ἁρ-

166 3074 399 3140 χιερέως
430 3073 593 3125 αὑτοῦ
655 3077 712 3126 ἐν
768 3077 845 3143 τῷ
888 3077 1268 3150 Ἑλλησπόντῳ
1326 3081 1736 3151 διαπλέουσών,

164 3166 241 3224 ὡς
297 3166 375 3233 μὴ
412 3167 734 3233 ἐπιτρέπειν
764 3168 1038 3238 διαϐῆναι·
1070 3173 1165 3224 καὶ
1206 3174 1312 3225 ὑπὸ
1334 3174 1427 3226 τοῦ
1469 3175 1739 3245 Ἐλλήνων

1852 2044 1962 2105 bat,
2009 2044 2153 2111 quod
2189 2053 2241 2095 et
2301 2060 2484 2095 coram
2529 2044 2787 2098 omnibus
2842 2044 3146 2113 legebatur.
3211 2047 3420 2099 Deinde

1851 2138 2053 2203 impetu
2085 2137 2319 2205 quodam
2347 2140 2669 2191 ferebantur
2700 2139 2967 2192 adversus
2993 2138 3288 2209 Europam,
3327 2159 3427 2209 pu-

1849 2240 2033 2287 tantes
2056 2248 2113 2286 se
2158 2234 2330 2302 ipsam
2365 2233 2685 2286 destitutam
2739 2236 2965 2294 auxilio.
3015 2234 3280 2288 Atnurate
3331 2236 3428 2289 ab-

1849 2338 2002 2379 sentc
2024 2335 2078 2379 et
2101 2327 2152 2379 in
2175 2329 2301 2380 Asia
2338 2342 2519 2381 moras
2550 2337 2820 2390 nrctente,
2871 2339 3259 2398 Occupaturos.
3285 2330 3427 2384 Pon-

1850 2418 2012 2473 tiﬁcis
2050 2436 2289 2489 namque
2321 2422 2579 2475 triremes
2616 2424 2667 2473 in
2714 2422 3068 2490 Hellesponto
3103 2433 3282 2487 erant,
3324 2440 3425 2477 nec

1822 2513 2099 2572 sinebant
2132 2513 2450 2567 Amuratem
2477 2501 2530 2566 in
2565 2513 2836 2583 Europam
2872 2517 3128 2569 transire.
3155 2518 3423 2570 Prietcrea

1846 2602 2159 2657 Grzecorum
2224 2621 2314 2659 rex
2382 2607 3041 2667 nuntiabat,Amuratem
3094 2624 3203 2661 non
3263 2625 3425 2678 posse

1849 2698 2103 2765 trajicere
2141 2697 2194 2753 in
2261 2700 2553 2767 Europam,
2614 2701 2831 2753 etiamsi
2892 2703 3078 2754 omnia
3131 2717 3427 2757 conaretur

1846 2804 2173 2859 omnemque
2207 2792 2439 2859 lapidem
2480 2801 2744 2846 moveret.
2804 2795 3099 2847 Pannones
3131 2796 3294 2849 etiam
3334 2814 3424 2865 pa-

1846 2897 1961 2935 cem
2004 2883 2179 2937 iecere
2208 2865 2593 2948 cuufBoemis,
2622 2894 2844 2953 propter
2862 2902 2980 2939 eam
3016 2887 3418 2943 dissensionem

1846 2991 1948 3043 qua
1978 2976 2106 3027 moti
2145 2975 2323 3032 ftedus
2357 2992 2478 3029 cum
2516 2980 2774 3031 Amurate
2813 2981 3069 3035 inierant.
3108 2965 3290 3033 Boemi
3323 2985 3423 3049 igi-

1846 3079 1932 3122 tur
1955 3080 2009 3123 ct
2038 3070 2137 3138 ipsi
2173 3070 2602 3139 accmgebantur
2632 3072 2699 3124 ad
2748 3088 2992 3140 prajsens
3030 3074 3251 3127 bellum.
3283 3076 3420 3130 Nam

1846 3172 2125 3230 pr0pterea
2162 3177 2262 3231 pax
2291 3174 2646 3227 convenerat,
2690 3167 2818 3232 quia
2852 3168 3141 3233 pulcbrunt
3181 3170 3375 3221 videba
3402 3201 3421 3208 -

164 3258 439 3323 βασιλέως
474 3261 939 3328 ὑποσημαίνωντος
979 3268 1131 3334 σφίσι
1175 3267 1343 3321 ταῦτα
1373 3307 1388 3331 ,
1432 3271 1506 3331 ὡς
1535 3272 1634 3323 οὐκ
1672 3270 1735 3322 ἄν

1849 3262 1955 3316 tur,
1983 3262 2042 3304 ut
2074 3254 2124 3305 in
2154 3254 2570 3321 pra-sentiarum
2597 3255 2908 3309 discordias
2937 3270 3224 3325 ponerent,
3256 3273 3309 3313 et
3345 3262 3423 3313 si—

165 3369 301 3405 ποτε
328 3354 548 3423 διαϐαίη
591 3358 648 3419 ἐς
677 3359 776 3426 τὴν
806 3359 1096 3429 Εὐρώπην.
1132 3362 1271 3425 Τούς
1315 3380 1373 3416 τε
1409 3365 1650 3434 Βοέμους
1682 3368 1739 3418 ὲν

165 3446 428 3506 σπονδαῖς
454 3448 606 3514 σφίσι
640 3452 1004 3521 ποιησάμενοι
1035 3455 1177 3507 κατὰ
1221 3457 1319 3524 τὴν
1351 3458 1638 3528 διαφορὰν,
1674 3459 1740 3511 δι’

163 3537 197 3587 ἃ
232 3554 329 3605 μοι
390 3538 538 3591 δοκεῖ
592 3543 685 3592 καὶ
735 3544 835 3606 τὰς
873 3544 1233 3615 ’Δμουράτεω
1294 3551 1529 3610 σπονδὰς
1576 3552 1734 3621 ποιή-

163 3629 389 3691 σασθαι,
425 3633 726 3701 πράγματα
758 3636 910 3714 σςρίσι
939 3639 1309 3705 παρεχόντων,
1346 3644 1440 3691 καὶ
1470 3640 1544 3704 ὡς
1575 3660 1740 3711 παρε-

161 3722 397 3785 σομένου
437 3724 622 3785 αὐτοῖς
670 3726 779 3777 ἀπὸ
816 3727 937 3779 τῶν
989 3730 1210 3799 Βοέμων
1257 3731 1442 3803 χώρας
1476 3736 1737 3805 πολέμου,

158 3812 417 3877 ἐδέξαντο
473 3816 576 3883 τὴν
630 3816 891 3885 βασιλέως
924 3821 1277 3892 Ἀμουράτεω
1306 3829 1549 3897 εἰρήνην.
1604 3829 1738 3882 Τότε

158 3903 221 3972 δὴ
275 3907 601 3975 συνθέμενοι
658 3912 929 3976 ἐκείνοις,
987 3915 1062 3977 ὼς
1120 3920 1388 3986 παρεῖχεν
1428 3922 1627 3983 αὐτοὺς
1678 3924 1737 3974 ὲν

160 3999 315 4067 καλῷ
371 4001 605 4071 ἡσυχίαν
661 4003 850 4070 ἄγειν,
901 4005 1162 4076 ὥρμηντο
1214 4012 1615 4079 στρατεύεσθαι
1647 4016 1739 4067 ἐπὶ

155 4094 260 4158 τὴν
309 4092 622 4163 Εὐρώπην,
691 4096 1326 4169 ξυμπαραλαμϐἁνοντες
1348 4103 1390 4134 ⁷⁸
1436 4107 1619 4167 Δᾶκάς
1677 4124 1735 4158 τε

155 4184 253 4235 καὶ
286 4186 628 4256 Δρακούλην,
663 4190 755 4241 τὸν
800 4190 1038 4259 Μύρξεω
1088 4195 1250 4245 παῖδα
1278 4234 1293 4259 ,
1342 4194 1399 4257 ὃς
1447 4197 1638 4265 παρών
1678 4217 1736 4250 τε

151 4278 210 4334 ἐς
258 4278 355 4329 τὸν
390 4278 649 4347 πόλεμον,
704 4283 1159 4351 συμπροθυμοῖτό
1193 4304 1254 4338 τε
1316 4288 1412 4338 καὶ
1448 4289 1735 4340 συνεπιλα-

151 4366 329 4434 ϐοιτο,
364 4370 623 4439 παρέχων
679 4371 880 4447 ἱππέας
933 4374 1079 4443 ἀμφὶ
1112 4378 1240 4440 τοὺς
1275 4378 1523 4447 μυρίους.
1558 4379 1734 4448 Γεωρ-

149 4478 276 4523 γιον
308 4462 371 4512 δὲ
427 4462 518 4512 τὸν
554 4463 873 4531 Τριϐαλλῶν
932 4469 1174 4537 ἡγεμόνα
1245 4472 1590 4539 παρεκάλουν
1636 4476 1736 4541 μὲν

146 4556 205 4616 ὲς
263 4556 361 4605 τὸν
419 4555 657 4624 πόλεμον
688 4559 878 4610 τοῦτον
908 4562 1290 4632 συνδιαφέρειν
1330 4582 1387 4615 τε
1430 4568 1591 4619 αὑτὸν
1620 4569 1734 4638 ἅμα

1847 3345 1956 3395 mul
1980 3342 2187 3412 junctis
2210 3345 2385 3413 copiis
2425 3345 2629 3398 bellum
2660 3346 2888 3416 EurOpae
2915 3349 3199 3403 iul'erreut.
3256 3353 3425 3405 Adbi-

1844 3436 2080 3488 buerunt
2130 3435 2183 3488 in
2243 3436 2364 3489 belli
2424 3436 2743 3489 societatem
2799 3436 2973 3492 Dacos
3013 3452 3066 3494 et
3108 3440 3421 3501 Draculem.

1844 3526 2047 3598 Myrxis
2082 3530 2197 3582 sive
2230 3528 2393 3583 Marci
2422 3530 2613 3593 ﬁlium,
2644 3531 2735 3599 qui
2764 3531 2882 3600 ipse
2910 3534 3101 3586 aderat
3129 3545 3419 3603 promptus

1841 3634 1895 3676 et
1926 3623 2211 3676 auxiliaris
2247 3625 2312 3675 ad
2347 3624 2397 3676 id
2449 3626 2675 3688 bellum,
2719 3626 2956 3681 olTerens
3013 3632 3199 3681 decem
3253 3630 3419 3683 millia

1841 3713 2112 3781 equitum.
2152 3714 2309 3783 1’72
2349 3714 2643 3785 Georgium
2690 3717 3061 3785 Triballomm
3116 3722 3309 3774 ducem
3352 3722 3423 3775 ad

1840 3807 1969 3859 belli
2003 3807 2321 3861 sot-ietatem
2376 3807 2726 3866 incitabant:
2778 3825 2966 3862 verum
3019 3814 3421 3868 munitionibus

1843 3914 1947 3950 non
1992 3899 2284 3965 acquievit,
2334 3896 2525 3953 dicens
2573 3915 2669 3953 eos
2719 3900 2885 3969 impia
2936 3915 2987 3955 ct
3051 3904 3282 3957 nefanda
3328 3922 3421 3975 pa-

1842 4002 2007 4052 trare.
2044 3991 2309 4043 fault-rum
2341 3993 2659 4060 religionem
2684 3993 2972 4055 violantes,
3008 4005 3061 4049 ct
3097 3999 3307 4064 priores
3338 4002 3424 4050 in-

1836 4083 2036 4150 juriari
2066 4084 2419 4152 incipientes.
2459 4081 2728 4152 Sperabat
2757 4102 2815 4138 se
2847 4087 3264 4141 satisfacrurum
3302 4094 3417 4153 regi

1839 4175 2184 4238 Paunouum,
2214 4177 2359 4245 quod
2400 4192 2508 4229 non
2541 4177 2596 4229 in
2638 4177 2765 4231 belli
2791 4180 3111 4234 societatem
3146 4183 3413 4245 venisset,

1839 4269 2158 4335 pecuniaria
2192 4268 2382 4320 multa.
2410 4268 2672 4321 lndicavit
2697 4278 2875 4322 tamen
2907 4272 3040 4339 regi,
3072 4287 3311 4341 eumque
3337 4274 3419 4325 di-

1840 4358 2071 4426 ligenter
2098 4361 2334 4421 monuit,
2365 4376 2429 4412 ne
2461 4360 2664 4413 bellum
2693 4374 2935 4415 moveret
2960 4374 3152 4417 contra
3180 4364 3412 4431 Turcos,

1838 4464 2071 4517 quotum
2111 4466 2305 4517 inagna
2345 4441 2585 4519 potentia
2614 4464 2763 4506 esset
2805 4471 2818 4507 :
2853 4469 2947 4506 eos
3010 4456 3153 4507 haud
3206 4457 3415 4511 facilea

1839 4545 2197 4599 Pannonibus
2234 4546 2408 4611 subigi
2440 4561 2622 4614 posse.
2670 4546 2939 4601 Cernebat
2976 4566 3209 4617 namque
3245 4551 3418 4606 Geor-

142 4648 413 4707 ἐκείνοιν
449 4648 565 4699 ἀλλ’
615 4651 715 4701 οὐκ
750 4650 1023 4716 ἐπείθετο,
1060 4657 1300 4724 φάμενος
1361 4657 1599 4729 ἀθέμιτα
1639 4637 1731 4731 ’ἐγρ-

1844 4639 1977 4706 gius,
2012 4652 2119 4689 non
2171 4652 2294 4689 eum
2334 4651 2452 4689 esse
2484 4637 2609 4690 belli
2665 4646 3011 4707 apparatum,
3048 4651 3106 4693 ut
3140 4640 3411 4711 Elll'Oltalll

145 4739 430 4804 γάζεσθαι
458 4742 677 4804 αὐτοὺς,
709 4744 804 4807 τὰς
848 4762 904 4796 τε
938 4748 1171 4810 σπονδὰς
1212 4748 1458 4813 λύοντας,
1497 4752 1590 4804 καὶ
1616 4754 1734 4804 ἁδι-

143 4835 277 4895 κίας
312 4836 657 4903 ἐπάρχοντας
683 4837 750 4899 ⁷⁷,
791 4840 1038 4909 χρήμασί
1057 4858 1111 4892 τε
1143 4843 1364 4912 ἐνόμισε
1391 4844 1436 4874 ⁷⁸
1460 4846 1735 4899 διαλύσειν

142 4927 310 4995 αὑτῷ
350 4925 451 4995 τὴν
482 4930 685 4991 αἰτίαν,
716 4930 798 4982 ὅτι
851 4934 910 4983 ού
968 4933 1325 5002 στρατεύοιτο
1362 4937 1439 5005 τῷ
1480 4939 1733 4990 Παιόνων

144 5020 392 5088 βασιλεῖ.
432 5021 775 5090 Προηγόρξυε
824 5023 881 5074 δὲ
918 5023 977 5077 τό
1009 5024 1052 5056 ⁷⁸
1086 5042 1143 5077 τε
1171 5025 1378 5095 βασιλεῖ
1443 5028 1521 5098 μὴ
1567 5046 1728 5099 στραα

140 5113 437 5174 τεύεσθαι,
493 5113 566 5175 ὡς
622 5113 880 5184 Τούρκων
937 5117 1079 5184 μέγα
1118 5118 1456 5189 δυναμένων,
1495 5123 1591 5173 καὶ
1628 5124 1728 5173 οὐκ

144 5207 409 5265 εὐπετῶς
468 5206 653 5274 ῥᾴδιον
719 5206 863 5258 οὕτω
914 5210 1250 5277 χειρωθῆναι
1310 5211 1414 5263 ὑπὸ
1456 5214 1725 5269 Παιόνων.

158 5298 353 5365 Ἐὡρα
386 5298 493 5365 γὰρ
514 5300 611 5365 τὴν
642 5305 997 5371 παρασκευὴν
1032 5305 1128 5373 οὐχ
1162 5305 1355 5374 ἱκανὴν
1390 5302 1549 5363 εἶναι.
1586 5304 1728 5357 ὥστε

145 5390 247 5460 τὴν
298 5389 574 5458 Εὐρώπην
607 5400 899 5464 κατασχεῖν
924 5436 938 5461 ,
993 5400 1325 5464 παμπόλλων
1380 5403 1436 5452 ἐν
1473 5399 1608 5469 αὐτῇ
1640 5400 1729 5451 6v-

142 5500 259 5535 των
300 5481 586 5553 Τούρκων,
621 5487 711 5536 καὶ
737 5486 795 5536 ἐν
822 5488 1076 5559 πολέμοις
1121 5490 1291 5546 πολλὰ
1331 5493 1728 5561 πειραθέντων,

1835 4732 2085 4785 obtinere
2136 4738 2378 4797 possent.
2420 4729 2644 4782 Plurimi
2682 4746 2918 4800 namque
2956 4732 3069 4799 (96)
3109 4733 3161 4784 in
3196 4749 3256 4785 ea
3285 4752 3412 4803 age-

1836 4825 1971 4876 bant
1998 4820 2185 4884 Turci,
2217 4822 2269 4873 in
2300 4822 2502 4874 castris
2546 4830 2760 4874 tantum
2796 4839 2901 4876 non
2934 4826 3173 4889 educati,
3200 4828 3413 4897 quique

1834 4917 2156 4984 plerumque
2194 4914 2543 4967 nonaliunde
2575 4929 2737 4981 qnam
2788 4932 2849 4968 ex
2892 4916 3050 4970 bellis
3079 4919 3288 4972 victum
3317 4937 3411 4990 pa-

1832 5020 2039 5063 rarent.
2078 5007 2262 5061 Genus
2295 5017 2477 5059 autem
2512 5008 2613 5060 boc
2648 5009 2955 5073 hominum,
2988 5014 3196 5065 cnmad
3219 5016 3412 5085 despe-

1834 5099 2101 5151 rationem
2143 5097 2393 5149 adactum
2453 5097 2635 5155 fuerit.
2695 5099 2947 5150 virtutem
2995 5103 3404 5157 memorabilem

1828 5193 2030 5258 ubith
2060 5189 2351 5242 ostendere
2406 5188 2563 5241 solet.
2616 5187 2886 5244 Praeterea
2904 5193 3147 5247 ostendit
3185 5192 3404 5249 Vladis-

1830 5284 1937 5348 lao,
1982 5284 2197 5337 Turcos
2227 5282 2522 5349 plurimum
2560 5283 2720 5335 rebus
2751 5283 2962 5338 bellicis
3010 5288 3251 5355 reliquas
3276 5305 3409 5357 gen-

1832 5389 1909 5430 tes
1958 5376 2244 5430 excellere.
2293 5374 2597 5426 Vladleaus
2630 5375 2710 5427 Itis
2773 5377 2903 5429 nihil
2977 5395 3294 5447 persuasus,
3340 5382 3410 5435 ab

1833 5470 2055 5523 Ardelio
2092 5467 2203 5537 (97)
2243 5467 2356 5520 sive
2384 5464 2805 5535 -Transylvania
2844 5471 3149 5539 prolectus,
3203 5475 3405 5527 Istrum

1421 5641 1667 5702 Notulze
1701 5638 2108 5717 marginales.

219 5761 337 5830 (96)
366 5758 576 5813 Bonﬁn.
606 5759 744 5813 4000
772 5762 922 5818 dicit.

222 5882 268 5909 ³⁸
306 5877 370 5929 In
401 5893 525 5937 uno,
560 5878 729 5941 ὑπηγ.
823 5877 869 5906 ⁷⁵
902 5880 1023 5935 Τόν.
1060 5882 1117 5935 Β.
1153 5893 1206 5935 ut
1241 5884 1290 5936 iu
1329 5901 1375 5935 c.

149 5968 279 6017 uno,
317 5950 397 6018 τῲ
420 5951 470 6017 β.
508 5948 557 5999 in
596 5948 751 6016 ulmi.
787 5964 867 6003 τε.

1490 5884 1535 5914 "
1561 5887 1623 5937 In
1650 5900 1772 5947 uno,
1809 5898 1989 5951 συμπ.

1899 5766 2010 5834 (97)
2040 5764 2271 5817 Erdelio.

2620 5878 2663 5906 ⁷⁸
2702 5876 2910 5944 luuno,
2949 5881 3191 5949 ἐνόμιζε.
3270 5882 3313 5915 ⁷⁸
3339 5884 3404 5936 In

2093 5880 2135 5910 ⁷⁷
2174 5880 2232 5932 In
2259 5895 2380 5942 uno,
2419 5877 2511 5928 ὑπ.
