4190 6434
224 404 322 468 3ἓὲ

1197 405 1295 464 DE
1322 405 1573 465 [{EBUS
1608 405 1961 463 TURCICIS
1984 402 2132 462 LIB.
2174 402 2306 463 VII.

3353 396 3461 461 330

224 516 555 576 imérlxszv,
587 516 715 567 ἔνθα
747 515 1035 585 γενόμενοι
1062 517 1108 555 ³⁸
1138 517 1540 586 διεσπάρησαν,
1573 517 1665 569 καὶ
1698 519 1776 569 si):

1890 514 2184 569 exercitum
2210 524 2359 583 terga
2380 512 2513 567 dare
2546 518 2871 581 coegerunt.
2896 509 3028 578 Regi
3050 509 3458 578 relinqui-batur

221 605 466 674 δεύτερον
491 609 588 675 τῆς
641 608 827 670 Ἀσίας
859 608 1089 676 στρατὸν
1138 608 1280 662 οὕτω
1309 609 1374 678 δὴ
1418 610 1781 678 τρεψάμενοῖ,

222 699 457 750 ἐδίωκεν.
476 698 540 749 ’Υ
553 697 834 750 πελεεπετο
859 699 913 752 δὲ
932 700 1081 769 αὐτῷ
1105 700 1165 752 τὸ
1205 701 1302 770 τῆς
1328 701 1601 769 Εὐρώπης
1622 703 1785 769 στρά-

221 806 413 858 τευμα,
444 789 673 859 έστηκός
708 806 766 841 τε
812 792 904 842 καὶ
948 790 1157 859 οὐδαμῆ
1215 792 1495 861 χωρῆσαν.
1522 792 1637 844 ἀλλ’
1669 795 1785 845 ἐπι.

225 884 378 949 μένον
404 882 531 945 τοὺς
563 881 878 951 πολεμίους.
914 883 1060 953 Δῆλα
1088 883 1196 953 γὰρ
1228 883 1303 948 ὠς
1338 883 1604 953 βασιλέως
1635 886 1789 951 ἑστη-

220 977 371 1038 κότος
401 978 472 1027 τὰ
508 977 894 1045 στρατεύματα
925 978 1100 1032 ταῦτα
1130 978 1227 1048 τῆς
1268 977 1535 1049 Εὐρώπης
1564 979 1782 1047 ἕστηκε.

219 1069 322 1121 Καὶ
354 1071 419 1139 ἦν
446 1086 505 1121 τε
546 1068 622 1138 μὴ
653 1069 921 1139 δεξάμενα
974 1072 1102 1134 τοὺς
1154 1070 1450 1140 πολεμίους
1499 1072 1556 1132 ἐς
1606 1073 1786 1141 φυγὴν

215 1165 440 1227 γένοιτο,
477 1161 636 1225 αὖθις
670 1163 954 1216 ἐπάνεισιν
1007 1163 1102 1216 ἐπὶ
1151 1162 1214 1217 τὸ
1255 1164 1521 1232 βασιλέως
1562 1166 1787 1234 στρατό-

190 1256 391 1317 πεδον.
426 1255 619 1310 Εἰώθει
645 1257 752 1327 γὰρ
784 1259 942 1325 γένος
973 1260 1111 1328 μετά
1142 1275 1205 1326 γε
1229 1257 1437 1320 Σκύθας
1468 1260 1594 1320 τοὺς
1622 1262 1762 1328 νομά

211 1346 323 1408 δας,
382 1346 601 1399 πάντων
645 1348 709 1418 δὴ
759 1348 1018 1417 μάλιστα,
1048 1342 1123 1401 ὧν
1171 1349 1333 1418 ἡμεῖς
1371 1350 1547 1417 ταμεν,
1584 1349 1785 1418 φεῦγον

212 1434 363 1500 αὖθις
400 1437 753 1502 ξυνίστασθαε
801 1457 861 1492 τε
886 1436 1082 1508 ἀύτῷ.
1120 1440 1213 1493 καὶ
1268 1441 1551 1494 ἐπανιέναι
1588 1441 1786 1511 ῥαδίως

210 1532 298 1582 καὶ
330 1527 488 1593 αὖθις
518 1533 573 1594 ἐς
610 1533 707 1602 τὴν
744 1534 949 1602 μάχην,
981 1534 1080 1587 καὶ
1124 1536 1466 1605 τρεπόμενον
1515 1536 1783 1601 εὐπετῶς,

208 1626 325 1677 ὅποι
359 1624 427 1677 ἂν
460 1625 610 1695 αὐτῷ
662 1628 993 1697 λυσιΐελοῖη.
1055 1628 1118 1681 Οἱ
1173 1630 1356 1699 μέντοι
1403 1632 1578 1693 Δᾶκες
1616 1632 1675 1685 ὲν
1708 1630 1784 1699 τῷ

212 1718 425 1790 θορύϐῳ
474 1720 651 1788 τούτῳ
692 1721 791 1789 τῆς
845 1720 1047 1791 μάχης,
1082 1720 1158 1783 ὡς
1196 1723 1384 1792 ἑώρων
1420 1725 1548 1787 τοὺς
1592 1724 1783 1778 Ἀλϐα-

207 1812 324 1872 νοὺς
352 1810 369 1841 ¹
405 1812 460 1873 ἐς
488 1812 670 1882 φυγὴν
699 1810 1095 1881 τρεπομένους,
1116 1812 1297 1867 οὐκέτι
1326 1814 1391 1884 δὴ
1423 1815 1633 1868 ἐνταῦθ’
1657 1815 1782 1868 ἑπέ-

208 1919 353 1971 σχον,
392 1902 511 1954 ἀλλ’
540 1905 600 1965 ἐς
622 1904 747 1966 τοὺς
780 1901 1050 1971 βασιλέως
1076 1904 1390 1977 θησαυροὺς
1420 1909 1778 1979 τραπόμενοι,

203 1994 504 2062 διήρπαζον
530 1996 601 2049 τά
631 2013 689 2049 τε
732 1998 1019 2065 χρήματα,
1064 1999 1161 2053 καὶ
1208 1999 1301 2053 τὸν
1350 2000 1620 2070 βασιλέως
1664 2020 1780 2056 κοι-

201 2089 367 2150 τῶνα,
397 2090 497 2142 xui;
539 2089 639 2151 τὰς
673 2088 958 2159 καμήλους
1009 2090 1291 2160 ἐφόνευον,
1318 2094 1570 2166 ἀλλήλοις
1598 2096 1781 2148 διακε-

200 2180 506 2248 λευόμενοι.
545 2180 634 2245 Ὣς
678 2182 736 2235 δὲ
766 2181 930 2252 ἔργου
981 2184 1215 2255 εἴχοντο,
1247 2188 1341 2240 καὶ
1397 2189 1599 2251 ἱκανῶς
1631 2185 1779 2257 εῐχον

199 2275 290 2350 τῆς
319 2274 656 2343 διαρπαγῆς,
684 2276 787 2328 οὐκ
816 2275 899 2330 ἐτι
934 2277 1107 2342 ἰόντες
1156 2281 1213 2342 ές
1271 2280 1452 2350 μάχην
1502 2283 1778 2349 παρετάσ-

202 2348 353 2417 σοντο
405 2368 461 2418 ὲν
519 2366 719 2431 οὐδενὶ,
751 2368 868 2421 ἀλλ’
918 2370 1013 2423 ἐπὶ
1044 2371 1105 2424 τὸ
1139 2348 1377 2425 ἑαυτῶν
1410 2348 1778 2443 στρατόπεδον

198 2456 453 2526 ἤλαυνον.
475 2456 737 2527 Ἰωάννης
772 2458 873 2528 μὲν
908 2456 1026 2525 οὖν,
1055 2462 1128 2524 ὡς
1153 2461 1423 2532 ἐτρέψατο
1456 2465 1557 2535 τῆς
1589 2464 1779 2528 Ἀσιας

200 2549 545 2617 στράτευμα,
590 2548 822 2617 ἀφίκετο
860 2552 949 2602 ini.
999 2552 1301 2605 Λαδίσλαον
1352 2554 1598 2624 βασιλέα,
1632 2571 1778 2625 παρ-

196 2640 360 2690 αινῶν
412 2642 562 2709 αὐτῴ
611 2640 864 2694 ἵστασθαι
923 2644 1019 2696 καὶ
1078 2644 1326 2710 ἱδρύσθαι
1379 2646 1521 2698 κατὰ
1567 2644 1776 2717 χώραν,

203 2732 343 2801 μηδὲ
372 2735 628 2801 προϊέναι
658 2750 754 2785 ποι
787 2735 1168 2804 συμϐαλοῦντα
1200 2738 1315 2799 τοῖς
1350 2738 1628 2804 πολεμίοις
1656 2754 1668 2767 ·
1704 2738 1780 2800 ώς

199 2824 263 2876 ἂν
293 2824 578 2877 ἐπανιόντι
634 2826 775 2877 κατὰ
812 2826 905 2878 τοῦ
946 2827 1210 2895 βασιλέως
1244 2830 1482 2897 χαλεπὸν
1514 2828 1776 2899 ἀποὸαίη,

198 2918 500 2988 καταφυγὴ
554 2920 614 2970 ὲκ
665 2920 763 2984 τῆς
806 2920 988 2989 μάχης
1042 2921 1271 2986 γένοιτο.
1325 2920 1428 2973 Καὶ
1477 2923 1780 2993 παρηγγύα

198 3011 393 3078 μηδενὶ
423 3009 535 3062 τῶν
564 3010 707 3080 ἀμφ’
733 3011 897 3063 αὐτὸν
936 3012 1254 3080 ἐπιτρέπειν
1284 3013 1421 3084 ἄλλῃ
1451 3030 1544 3066 ποι
1574 3016 1593 3044 ¹
1624 3015 1780 3069 ἀπιέ-

196 3118 304 3164 ναι,
330 3100 450 3153 ἀλλ’
473 3102 640 3154 αὐτοῦ
696 3104 962 3172 μένοντας
1014 3105 1323 3173 ἐπιμένειν,
1354 3107 1411 3169 ες
1444 3107 1471 3158 8
1507 3106 1574 3159 ἂν
1611 3125 1780 3177 μαχε-

1892 608 2184 675 Ειιτοιιεοιιε
2203 609 2498 666 exercitus,
2522 605 2616 674 qui
2651 604 2831 659 adhuc
2860 605 3039 658 stabat
3063 617 3164 657 nec
3183 619 3456 672 quoquam

1891 701 2121 770 fugerat,
2144 709 2475 770 exspectans
2498 699 2737 754 hostem.
2761 698 3109 752 Manifestum
3146 696 3288 750 enim
3339 711 3459 749 esse

1890 807 2037 853 reor,
2094 795 2417 861 quantisper
2474 791 2742 845 manserit
2792 806 2908 853 rex,
2963 790 3234 857 tantisper
3294 793 3453 841 etiam

1890 886 2117 953 Europa:
2172 885 2475 939 exercitum
2534 884 2867 938 consiSIere.
2928 883 3028 947 Qui
3062 883 3166 936 etsi
3199 882 3456 938 hostibus

1888 994 1995 1032 non
2033 979 2323 1041 restiterit,
2354 994 2542 1032 verum
2571 978 2622 1032 in
2662 977 2845 1046 fugam
2876 977 3096 1039 abierit,
3126 986 3364 1029 attamen
3406 976 3455 1026 in

1887 1071 2034 1140 regia
2063 1081 2246 1125 castra
2278 1071 2590 1125 revertitur.
2612 1068 2748 1123 Nam
2804 1070 2948 1123 istud
2979 1068 3261 1122 hominum
3288 1084 3457 1136 genus

1888 1165 2142 1217 novimus
2201 1171 2325 1229 post
2375 1163 2608 1233 Scythas
2656 1173 2905 1231 pastores
2964 1163 3203 1215 maxime
3245 1160 3453 1228 fugi-re.

1887 1272 2057 1325 seque
2103 1256 2156 1310 in
2202 1255 2324 1325 luga
2382 1255 2643 1311 facillime
2695 1257 2978 1325 colligere,
3017 1266 3071 1309 et
3104 1255 3349 1323 praalinm
3378 1271 3458 1311 re-

1886 1350 2218 1419 dintegrare.
2271 1349 2329 1404 In
2378 1348 2561 1417 fugam
2598 1366 2726 1405 vero
2758 1351 2898 1404 versi
2954 1349 3111 1402 facile
3146 1357 3453 1401 servantur.

1890 1440 2015 1494 Daci
2053 1442 2195 1496 inter
2246 1458 2443 1511 pugnae
2475 1441 2771 1495 tumultum
2804 1456 2927 1494 cum
2962 1451 3251 1494 cernerent
3292 1438 3454 1490 Alba-

1888 1521 2068 1587 nos'in
2097 1534 2276 1602 fugam
2302 1534 2532 1599 eﬂuses,
2561 1549 2663 1589 nec
2703 1534 2804 1587 sibi
2832 1541 3242 1600 temperarunt,
3270 1547 3455 1586 verum

1887 1628 1942 1681 iu
1976 1628 2152 1697 regios
2177 1628 2464 1681 thesauros
2487 1627 2765 1690 conversi,
2799 1641 2893 1679 eos
2916 1634 2968 1677 et
2999 1624 3295 1694 regniopes
3325 1624 3458 1676 diri-

1890 1731 2157 1788 puerunt,
2222 1734 2438 1774 necnon
2514 1719 2724 1787 regium
2777 1718 3121 1783 cubiculum,
3150 1717 3457 1771 interfectis

1887 1811 2133 1874 camelis,
2168 1824 2291 1863 cum
2333 1825 2455 1865 sese
2486 1818 2676 1864 mutuo
2710 1810 2775 1863 ad
2802 1810 2971 1864 istam
3014 1824 3127 1864 rem
3160 1824 3334 1877 usque
3366 1824 3457 1865 co-

1888 1907 2265 1960 hortarentur.
2302 1903 2565 1973 Occupati
2602 1905 2703 1958 isto
2729 1918 2893 1973 opere
2922 1917 3047 1958 cum
3089 1901 3288 1968 forent,
3319 1917 3457 1969 prte-

1884 1996 2163 2068 dandique
2202 1996 2315 2066 jam
2356 1997 2701 2067 obrepsisset
2746 1997 2996 2060 satietas,
3038 1997 3179 2052 liautl
3228 1996 3281 2049 iu
3319 2012 3458 2065 pur-

1890 2091 2021 2145 lium
2046 2090 2319 2155 redibant,
2362 2106 2462 2146 nec
2481 2092 2577 2145 ulli
2612 2107 2805 2161 parere
2846 2092 3128 2154 volebant,
3158 2092 3249 2146 sed
3284 2093 3337 2145 in
3366 2107 3458 2144 ca-

1885 2198 1996 2243 stra
2059 2204 2156 2244 sua
2218 2188 2656 2243 revertebantur.
2712 2187 2955 2243 Joannes
3007 2203 3130 2242 cum
3212 2187 3457 2256 fugasset

1882 2278 2147 2334 Asianum
2188 2278 2521 2343 exercitum,
2570 2278 2868 2332 accedebat
2908 2278 2979 2334 ad
3017 2293 3197 2348 regem
3242 2279 3454 2334 \‘ladis-

1834 2380 1847 2386 '
1884 2372 2051 2433 latim,
2076 2386 2319 2441 eumque
2348 2371 2641 2441 diligenter
2672 2372 2952 2437 monebat,
2992 2380 3050 2425 ut
3093 2388 3160 2428 eo
3193 2373 3295 2427 loci
3326 2389 3452 2427 cum

1884 2464 2002 2521 suis
2036 2465 2304 2520 militibus
2328 2464 2680 2530 subsisteret,
2722 2481 2823 2520 nec
2846 2480 2941 2521 eos
2978 2480 3258 2535 quoquam
3298 2467 3450 2521 abite

1885 2566 2182 2628 pateretur,
2213 2564 2270 2611 ut
2290 2559 2393 2613 sibi
2424 2557 2675 2613 redeunti
2712 2558 2769 2611 in
2802 2573 3039 2628 pugnam
3071 2569 3261 2613 contra
3293 2561 3455 2614 Amu-

1886 2663 2078 2719 ratem,
2136 2651 2182 2706 si
2230 2651 2360 2722 quid
2418 2651 2791 2722 periculosius
2828 2653 3151 2722 ingruisset,
3182 2653 3451 2721 refugium

1884 2744 2249 2807 tutissimum,
2300 2759 2410 2813 quo
2455 2759 2515 2798 se
2568 2745 2858 2813 reciperet,
2949 2755 3118 2799 esset.
3186 2744 3455 2813 Praecepit.

1882 2852 2100 2908 quoque
2130 2836 2406 2891 Vladislao
2431 2838 2879 2892 utubtestaretur
2902 2840 3101 2893 milites
3139 2840 3233 2908 qui
3264 2856 3449 2894 secum

1884 2940 2061 2995 erant,
2105 2946 2173 2985 ne
2204 2946 2264 2985 se
2302 2930 2422 2986 loco
2454 2940 2776 2996 moverent,
2819 2947 3008 2986 verum
3041 2932 3096 2986 in
3140 2932 3332 2988 iisdem
3368 2948 3456 2986 ve-

1883 3026 2063 3095 stigiis
2099 3027 2370 3080 merentes
2421 3032 2830 3094 exspectarent,
2881 3024 3057 3079 donec
3092 3024 3233 3089 fuso,
3271 3026 3455 3096 fugato

1885 3118 2136 3185 victoque
2193 3115 2425 3185 Europae
2468 3116 2736 3180 exercitu,
2797 3116 2977 3171 victor
3040 3126 3451 3173 reverteretur:

197 3196 466 3262 σάμενος,
504 3196 599 3247 xui.
628 3195 648 3225 ⁸
684 3194 744 3247 τὸ
772 3195 875 3264 τῆς
927 3196 1196 3267 Εὐρώπης
1236 3197 1548 3268 στράτευμα
1576 3200 1776 3269 τρεψά-

1880 3222 1934 3263 et
1967 3211 2142 3263 donec
2163 3207 2593 3279 praelium,quod
2614 3223 2759 3261 nunc
2777 3209 3297 3278 solumcumjauuis
3328 3213 3455 3264 reli-

198 3304 386 3354 μενος,
416 3279 983 3357 ὑποστρέψηται,’καὶ
1012 3288 1133 3340 τότε
1166 3290 1259 3341 ἐπὶ
1290 3292 1386 3353 τὰς
1423 3290 1593 3360 θύρας
1634 3292 1771 3361 ἄμα,

196 3382 634 3449 ὑπολειπομένου
704 3382 799 3433 τοῦ
854 3382 1065 3449 ἀγῶνος
1118 3384 1335 3446 τούτου,
1395 3385 1565 3437 ἁλῶσι
1628 3386 1775 3455 μετὰ

196 3475 393 3538 ταῦτα,
447 3476 543 3528 καὶ
599 3474 1008 3542 ὲξεργάσωνται
1067 3476 1162 3528 καὶ
1215 3476 1407 3528 τοῦτον
1469 3477 1776 3531 τελευταῖον

200 3570 404 3635 ἀγῶνα.
454 3569 516 3620 Ὀ
569 3568 668 3637 μὲν
705 3567 879 3620 ταῦτα
934 3568 1129 3635 εἰπὼν,
1170 3569 1336 3639 ἀπῄει
1372 3569 1777 3638 συνταξάμενος

199 3664 286 3713 ἐπὶ
346 3661 408 3713 τὸ
451 3662 547 3729 τῆς
587 3660 859 3730 Εὐρώπης
912 3662 1245 3730 στράτευμα.
1279 3661 1306 3713 ὃ
1338 3663 1431 3711 ἐπὶ
1469 3662 1527 3713 τὸ
1578 3663 1776 3713 εὐώνυ-

203 3770 297 3819 μον
331 3754 425 3804 τοῦ
485 3752 751 3821 βασιλέως
805 3753 1186 3819 παρετάσσετο
1238 3752 1427 3822 μέρος.
1468 3754 1574 3804 Καὶ
1637 3770 1775 3823 συμ-

202 3845 379 3897 ϐαλὼν
439 3846 678 3914 ἐμάχετο
739 3845 833 3897 ἐπὶ
889 3845 1077 3913 χρόνον
1137 3846 1278 3899 τινά.
1346 3846 1590 3913 Ἐγένετσ
1636 3846 1690 3897 δὲ
1743 3847 1773 3916 ὴ

199 3939 344 4007 μάχη
403 3937 601 3999 οὕτως.
646 3938 731 3999 Ὦς
768 3937 1129 4005 συμϐάλλοιεν
1157 3937 1205 3987 οἱ
1239 3936 1463 3999 Παίονες
1491 3940 1547 4000 ἐς
1590 3941 1774 4007 χεῖρας

192 4030 466 4094 ἐλθόντες,
500 4031 832 4101 τρεψάμενοι
870 4035 998 4095 τοὺς
1045 4034 1321 4103 Τούρκους
1352 4036 1599 4095 ἐδίωκον,
1667 4037 1773 4098 ἕως

188 4117 253 4174 ὠ
278 4123 526 4187 ἐγένοντο
556 4124 724 4191 ἀγχοῦ
754 4124 847 4176 τοῦ
883 4127 1251 4192 στρατοπέδου
1296 4126 1483 4178 αὐτοῦ.
1534 4127 1773 4199 Metios

185 4214 351 4274 εὐθὺς
386 4215 789 4282 συστρέψαντες
822 4218 870 4267 οἱ
897 4216 1156 4285 Τοῦρκοι,
1188 4216 1410 4269 ἐδίωκον
1443 4216 1568 4279 τοὺς
1610 4220 1773 4271 Παίο-

184 4324 287 4366 νας
320 4307 513 4376 χρόνον
543 4308 750 4372 ἱκανὸν,
788 4308 947 4377 ἄχρις
974 4308 1035 4360 οὗ
1084 4311 1327 4376 γένοιντο
1379 4310 1473 4363 καὶ
1519 4305 1664 4363 οὗτοι
1713 4316 1770 4364 ἐν

182 4397 270 4465 τῷ
296 4399 645 4468 στρατοπέδῳ
676 4398 882 4454 αὐτῶν.
915 4402 1024 4452 Καὶ
1053 4402 1215 4454 ὁπότε
1238 4403 1336 4470 μὲν
1371 4404 1689 4472 βιασάμενοι
1719 4406 1768 4456 οἱ

182 4490 420 4553 Παίονες
449 4492 580 4553 τοὺς
631 4491 928 4559 Τούρκους,
965 4495 1267 4547 ἐπικέοιντο
1317 4496 1625 4559 διώκοντες,
1682 4501 1769 4549 ὲν-

176 4579 365 4631 talea.
388 4581 572 4649 συχνοὶ
595 4580 704 4633 τῶν
742 4582 1003 4651 Τούρκων
1062 4584 1292 4639 ἔπιπτον
1349 4587 1765 4656 καταπατούμε-
1799 4561 1845 4619 D

178 4688 278 4723 vat
305 4673 404 4724 ὐπὸ
430 4675 539 4725 τῶν
574 4675 841 4728 Παιόνων.
872 4677 977 4729 Καὶ
1010 4679 1106 4746 μὲν
1129 4678 1193 4750 δὴ
1223 4681 1315 4733 καὶ
1350 4683 1580 4745 Παίονες
1613 4689 1668 4737 ἐν
1698 4688 1764 4754 τῇ

170 4766 222 4815 ἁ
237 4767 541 4835 ποχωρήσει
576 4767 759 4819 πολλοὶ
775 4769 1106 4837 παρεγένετο
1128 4774 1169 4834 ⁸,
1190 4774 1349 4826 ὁπότε
1369 4776 1432 4845 δὴ
1463 4777 1602 4829 αἰδοί
1629 4778 1768 4830 ἁπο-

170 4855 517 4924 χωροῦντες.
560 4856 649 4911 Ἐν
681 4859 855 4929 τούτῳ
894 4863 1393 4938 πίπτειΚιαραζίης
1452 4868 1547 4935 τῆς
1584 4869 1773 4938 Εὐρώ-

169 4964 307 5013 πης
341 4949 667 5017 στρατηγὸς,
736 4952 878 5021 ξίφει
917 4931 1195 5025 Παιονικῷ
1230 4931 1451 5025 βληθεὶς
1504 4931 1676 5011 πατὰ-
1709 4960 1769 5013 τὸ

168 5036 416 5104 στῆθος,
450 5041 683 5111 δορατίῳ
718 5046 1015 5115 τραύματι.
1055 5047 1137 5100 Τὰ
1183 5052 1291 5118 γὰρ
1321 5052 1584 5105 Παιονικὰ
1617 5054 1769 5122 ξίφη,

166 5128 385 5194 σχεδόν
414 5146 492 5183 τοι
523 5132 612 5203 δὴ,
647 5134 745 5186 καὶ
775 5135 842 5188 τά
881 5138 981 5205 τῆς
1017 5139 1323 5213 Γερμανίας
1350 5127 1613 5213 ἀπάσης,
1650 5146 1772 5216 ἐλη-

158 5220 408 5286 λιμένα
446 5227 700 5295 τυγχάνει
786 5229 878 5281 ἐπὶ
914 5233 1181 5300 μήκιστον
1200 5236 1293 5285 καὶ
1324 5234 1469 5298 ὀξέα·
1499 5238 1557 5288 οὐ
1590 5237 1771 5307 μέντοι

154 5312 423 5375 τοιαῦτα
457 5357 471 5381 ,
512 5313 598 5370 οἷα
635 5322 998 5392 καταίροντας
1032 5327 1283 5391 κόπτειν,
1344 5330 1440 5383 ὅτι
1489 5332 1583 5383 καὶ
1611 5331 1762 5395 ἄξιον

152 5405 384 5469 λόγου,
433 5404 505 5470 ὡς
535 5411 601 5462 τὰ
638 5411 953 5482 βαρϐαρικά
1000 5417 1030 5483 ἦ
1074 5418 1167 5469 καὶ
1237 5419 1495 5474 Ἰταλικά.
1551 5421 1630 5475 Τὰ
1667 5424 1765 5491 μὲν

154 5499 255 5565 βπ
275 5495 507 5567 ρϐαρικὰ
526 5503 777 5556 τοιαῦτω
805 5507 1063 5576 Ὶόύρκων
1092 5510 1146 5561 δέ
1184 5513 1301 5563 ἐστι
1342 5513 1537 5578 ταῦτα,
1604 5514 1766 5584 βάρος

1880 3317 2047 3370 quum
2072 3302 2162 3365 sit,
2198 3300 2610 3356 conﬁcianﬂaae
2635 3316 2756 3357 cum
2785 3302 3035 3367 dixisset,
3053 3306 3342 3361 contestim
3364 3320 3455 3359 ac-

1878 3395 2227 3462 cingebatur,
2278 3404 2335 3448 ut
2390 3395 2637 3464 praelium
2673 3398 3038 3451 committeret
3059 3413 3186 3452 cum
3224 3398 3453 3470 Eumpze

1879 3490 2146 3553 exercitu,
2174 3489 2265 3557 qui
2286 3488 2350 3541 ad
2373 3488 2651 3544 sinistram
2680 3490 2821 3559 regis
2841 3490 3144 3545 instructus
3166 3494 3368 3558 stabat,
3402 3506 3451 3547 et

1881 3598 2075 3633 manus
2142 3596 2465 3645 conserens,
2537 3580 2857 3649 aliquandiu
2916 3584 3215 3653 pugnabat.
3252 3586 3453 3656 Pugna:

1882 3674 2038 3742 177
2061 3686 2237 3726 autem
2278 3674 2391 3727 haec
2421 3674 2588 3728 facies
2636 3684 2774 3729 erat.
2806 3675 2942 3730 Cum
2962 3687 3179 3732 ventum
3213 3679 3450 3734 esset'ad

1880 3781 2107 3829 manus,
2148 3763 2440 3819 Pannones
2462 3764 2672 3820 Turcos
2703 3765 2983 3835 rogabant,
3031 3784 3233 3838 eosque
3277 3788 3453 3840 usque

1878 3858 1945 3912 ad
1968 3871 2145 3911 castra
2183 3858 2676 3928 persequebantur.
2712 3857 2881 3912 Turci
2913 3863 3197 3929 conversi,
3254 3865 3451 3917 deinde

1876 3949 2165 4005 Pannones
2200 3937 2671 4018 insequebantur:
2702 3968 2803 4005 nec
2844 3967 2875 4005 a
2909 3956 3300 4020 persecutione
3333 3974 3450 4010 ces-

1876 4053 2070 4097 sarunt
2099 4044 2272 4111 prius,
2310 4057 2474 4112 quam
2511 4051 2567 4097 et
2596 4044 2819 4099 eosdem
2851 4046 2915 4098 ad
2940 4057 3123 4100 castra
3150 4050 3452 4117 compulis-

1874 4145 2016 4189 sent.
2039 4135 2093 4188 Si
2118 4134 2335 4202 quando
2354 4133 2644 4190 Pannoncs
2665 4136 2894 4191 victoria
2939 4138 3286 4203 fruebantur,
3313 4143 3450 4195 Tur-

1873 4242 1966 4280 cos
1981 4228 2747 4296 persequebanturacerrime,
2794 4228 3126 4300 plurimique
3151 4233 3447 4297 cadebant,

1872 4322 2106 4374 obtritia
2158 4319 2538 4375 Pannonibus.
2584 4320 2758 4375 Etiam
2810 4322 3098 4381 Pannones
3132 4326 3449 4396 aliquando,

1872 4412 2121 4481 quamvis
2142 4412 2358 4479 plurimi
2380 4412 2577 4475 forent,
2597 4428 2720 4467 cum
2746 4414 2943 4470 rubore
2964 4426 3108 4471 retro
3130 4421 3356 4488 gradum
3380 4424 3426 4473 le

1874 4505 2081 4557 rebant.
2109 4503 2317 4558 Cecidit
2340 4504 2536 4558 ibidem
2554 4506 2808 4559 tiarazies
2828 4505 3055 4576 Europa:
3088 4510 3216 4574 dux,
3240 4511 3451 4566 Pamm-

1872 4598 1994 4649 nico
2014 4595 2193 4664 gladio
2216 4596 2539 4650 transﬁxus.
2591 4596 2784 4651 Solent
2800 4601 2945 4652 enim
2967 4600 3449 4672 Panuonicigladn

1873 4690 2094 4743 vulnera
2118 4688 2268 4754 dare,
2292 4706 2412 4759 quae
2432 4690 2839 4745 nibildiﬂ‘eruut
2880 4693 2948 4748 ab
2992 4694 3249 4763 iStisqua:
3270 4696 3450 4751 facere

1872 4791 2274 4834 consueverunt
2324 4783 2512 4834 hastae.
2551 4780 2728 4835 Gladii
2762 4798 2996 4853 namque
3034 4786 3354 4842 Pannonum
3397 4802 3450 4841 et

1872 4872 2270 4925 Germanorum
2302 4873 2445 4943 longi
2478 4884 2607 4927 sunt
2638 4882 2691 4928 et
2723 4878 2894 4941 acuti,
2928 4894 3026 4931 nec
3090 4878 3288 4932 librato
3340 4883 3445 4935 ictu

1874 4964 2096 5025 lt-riunt,
2124 4967 2583 5032 quemadmodum
2612 4967 2880 5023 barbarici
2903 4981 2957 5024 et
2982 4951 3175 5027 Italici.
3198 4973 3418 5028 Barbari

1875 5059 1921 5111 ci
1949 5058 2113 5126 gladii
2143 5058 2217 5125 (et
2232 5057 2499 5126 ejusmodi
2530 5067 2755 5113 utuntur
2775 5060 2957 5130 Turci)
2988 5065 3282 5131 ponderosi
3319 5076 3448 5118 sunt

1874 5149 2189 5209 admodum,
2213 5164 2427 5217 unaque
2460 5159 2669 5203 tantum
2705 5162 2857 5220 parte
2882 5153 3167 5207 scindunt.
3191 5153 3300 5208 Nec
3332 5172 3447 5209 SCIO

1875 5239 2084 5307 gladios
2117 5255 2349 5307 quortnu
2386 5241 2532 5295 acies
2581 5244 2744 5296 altius
2799 5244 2848 5295 in
2901 5259 3131 5313 corpora
3177 5258 3442 5313 penetret.

1878 5331 1971 5385 llis
2005 5334 2572 5402 comparanturgladii
2611 5334 2802 5400 Italici,
2826 5338 2918 5405 qui
2940 5340 3212 5405 quondam
3238 5338 3447 5396 Graece

1877 5429 1932 5480 in
1965 5442 2061 5478 usu
2091 5424 2261 5477 luere.
2298 5424 2606 5480 Germanici
2634 5437 2685 5482 et
2718 5428 3015 5482 Pannonici
3062 5429 3228 5498 gluiii
3297 5432 3443 5500 longi

1878 5524 1931 5568 et
1956 5515 2199 5578 rotundi,
2227 5530 2450 5568 necnon
2496 5518 2767 5601 interdum
2794 5517 3047 5589 quadrati
3069 5528 3199 5572 sunt
3233 5535 3444 5572 :acipm

1486 5656 1730 5717 Notulte
1765 5654 2166 5732 marginales.

263 5769 331 5800 ”
361 5768 417 5821 Β.
448 5787 550 5835 γιν.

152 5848 209 5898 ἀ
227 5844 549 5905 πεγίνοντο.

522 5939 765 5993 Parant.
840 5938 951 5993 (in.
1003 5932 1203 5991 CLIX.

634 5772 649 5799 ¹
678 5772 742 5826 1η
771 5789 862 5827 ora
902 5774 1211 5837 ’Λσιανούς,
1249 5779 1299 5828 in
1342 5780 1414 5832 al.
1446 5778 1728 5843 Ἀλανούς.

1812 5781 1830 5808 ²
1868 5779 1930 5830 1η
1957 5796 2003 5831 υ.
2031 5796 2126 5848 πη.

2211 5777 2229 5805 ³
2263 5773 2328 5827 In
2363 5792 2485 5842 uno,
2524 5781 2615 5830 καὶ
2653 5782 2705 5831 τὶ
2735 5778 2793 5833 Ε.
2833 5780 2947 5846 ἅμα
2989 5797 3069 5831 στ.
3149 5780 3167 5809 ⁸
3196 5779 3257 5832 In
3324 5794 3445 5845 una,

3032 5941 3096 6001 11
