4190 6434
764 367 862 431 331

1864 370 2174 429 LAONICI
2209 369 2871 431 CHALCOCONDYLJ‘I
3896 377 3983 439 332

755 482 955 535 habent
984 488 1306 543 acutam,et
1342 480 1393 531 iu
1449 492 1766 532 mucronem
1822 479 2120 548 oblongum
2176 479 2293 534 desi

2430 478 2647 548 ἴσχοντα
2681 494 2978 549 παμμεγα,
3047 480 3142 532 καὶ
3174 480 3258 549 ἐφ’
3292 482 3373 534 ἐνὶ
3412 481 3605 552 ἔχοντα
3656 482 3755 551 τὴν
3812 485 3981 554 τομὴν,

755 582 912 629 nunt.
955 574 1193 627 Vulnera
1232 574 1504 643 iull‘gunt,
1531 588 1575 627 SI
1610 574 1734 641 quis
1766 573 1833 627 iis
1866 580 2051 625 utatur
2076 572 2322 627 insidens

750 682 912 737 equo,
951 666 1099 729 talia,
1151 666 1337 734 qualia
1400 667 1555 722 hasta
1608 664 1726 718 dari
1785 664 1946 719 solet.
2002 663 2324 718 Pannonico

750 757 933 827 gladio
966 752 1303 809 transfossus
1338 755 1634 823 exspiravit
1669 753 1944 807 Carazies.
2001 748 2157 804 Nunc
2191 750 2321 820 quid

749 862 915 917 penes
953 842 1287 900 Vladislaum
1355 859 1535 914 regem
1575 842 1779 897 Panno:
1805 856 1896 896 um
1938 841 2218 921 acciderit,
2246 840 2325 893 di‘

750 950 926 993 cetur.
963 937 1130 991 Eram
1165 940 1307 1009 apud
1343 936 1489 989 hunc
1515 951 1692 1007 regem
1726 934 1825 989 viri
1863 933 2201 1002 complures.
2229 932 2318 1000 qui

750 1034 1069 1086 invidebant
1106 1028 1304 1083 Joanni
1338 1026 1846 1094 liuniadi,cjusque
1874 1024 2130 1079 virtutem
2162 1024 2323 1092 aegris

751 1125 998 1177 ferebant
1032 1121 1250 1174 animis.
1292 1117 1552 1173 Videntes
1602 1118 1766 1187 igitur
1812 1131 1937 1171 eum
1998 1115 2222 1185 pulchre
2271 1122 2325 1167 et

752 1213 1225 1267 decenterbellum
1257 1211 1664 1276 administrare,
1712 1210 1845 1264 etin
1900 1207 2082 1278 fugam
2140 1206 2326 1278 egisse

748 1304 892 1359 Asiae
921 1306 1222 1359 exercitum
1254 1305 1599 1365 universum,
1644 1316 1855 1357 necnon
1893 1298 2324 1369 generosissime

748 1397 1015 1451 dimicare
1042 1405 1236 1449 contra
1269 1393 1497 1463 Europa:
1530 1394 1864 1459 exercitum,
1917 1390 2079 1461 cujus
2128 1390 2322 1446 ducem

748 1490 1026 1544 (Zaraziem
1080 1488 1298 1541 nomine
1324 1498 1653 1555 peremerat,
1736 1485 1819 1540 sic
1906 1482 2130 1539 allocuti
2195 1489 2324 1536 sunt

749 1597 929 1650 regem
965 1598 978 1635 :
1014 1578 1060 1635 Ο
1097 1595 1212 1644 rex,
1248 1578 1378 1647 quid
1414 1578 1501 1633 hic
1553 1577 1911 1633 consistimus
1941 1582 1996 1630 et
2038 1583 2324 1644 exspecta-

748 1690 869 1728 mus
904 1672 1195 1737 Joannem,
1238 1670 1397 1738 eique
1431 1670 1590 1739 quasi
1624 1670 1780 1724 solus
1811 1670 1893 1723 vir
1915 1668 2009 1735 sit,
2046 1665 2323 1738 permitti-

749 1781 871 1821 nius
899 1768 1085 1820 hostes
1122 1766 1341 1818 vincere
1392 1770 1449 1818 et
1507 1763 1720 1830 reliqua
1772 1761 1956 1814 omnia
2009 1758 2325 1830 perﬁcere?

2444 568 2836 623 καταϐαίνουσι
2886 586 2951 637 γε
2992 570 3231 641 μάλιστα
3285 572 3348 641 δὴ
3392 573 3612 627 πάντων
3661 574 3785 633 τῶνῗ
3816 575 3985 643 ξιφῶν,

2431 656 2505 714 ὧν
2537 663 2696 730 ἡμεῖς
2729 662 2913 731 ι’σμεν.
2966 663 3212 733 Δεύτερα
3265 664 3322 716 δὲ
3379 665 3583 718 τούτων
3633 666 3702 719 τὰ
3749 666 3987 729 Ἰταλικὰ,

2444 751 2735 821 Ἑλληνικά
2766 767 2897 806 ποτε
2948 756 3238 824 γενόμενα.
3300 757 3381 809 Τὰ
3431 757 3488 809 δὲ
3543 757 3853 828 Γερμανικὰ
3905 760 3991 813 καὶ

2435 845 2697 900 Παιονικά
2747 845 2936 917 μακρά
2970 845 3074 915 μέν
3104 850 3210 901 εἱσι
3265 849 3358 902 καὶ
3421 850 3751 919 στρογγύλα,
3814 855 3991 923 τετρά-

2434 956 2602 1009 γωνα,
2632 939 2731 1011 τὴν
2763 942 2935 1011 τομὴν
2980 939 3130 1006 ὀξέα,
3180 942 3239 1005 ές
3300 942 3394 1007 ὀξὺ
3427 942 3487 995 δὲ
3537 944 3680 997 πάνυ
3751 945 3993 1015 λήγοντα,

2431 1034 2654 1103 δόρατος
2697 1036 3022 1106 ἐπιφέρουσι
3072 1036 3267 1106 τομὴν.
3302 1037 3396 1091 τοῦ
3456 1039 3541 1107 trp?
3578 1038 3745 1092 ἵππου
3778 1058 3994 1095 κατεπε-

2437 1126 2705 1195 ρείδοντος
2735 1128 2887 1192 αὐτὸ,
2908 1127 2990 1191 ὡς
3016 1128 3071 1191 ές
3098 1127 3160 1181 τὸ
3192 1127 3287 1181 τοῦ
3317 1128 3541 1198 δόρατος
3574 1131 3785 1200 σχῆμα.
3815 1135 3993 1199 Καρα-

2432 1217 2555 1288 ζίης
2603 1219 2701 1288 μὲν
2742 1220 2836 1273 οὖν
2859 1219 3034 1283 οὕτως
3061 1220 3406 1292 ἐτελεύτησε.
3441 1221 3578 1291 Περὶ
3606 1223 3661 1276 δὲ
3709 1225 3992 1280 Λαδεσλαον

2431 1307 2523 1361 τὸν
2556 1310 2805 1363 Παιόνων
2838 1310 3065 1380 βασιλέα
3116 1313 3335 1380 ιτένετο
3388 1314 3590 1370 τοιάδε.
3672 1312 3853 1370 Ἦσαν
3895 1318 3996 1386 γὰρ

2432 1400 2737 1471 παράύτῷ
2787 1402 2980 1474 ἀνδρες
3031 1403 3380 1471 φθονοῦντες,
3434 1406 3530 1459 καὶ
3591 1407 3878 1478 ἀχθόμενοι
3924 1413 3995 1480 τῷ

2443 1495 2668 1566 Ἰωάννῃ
2707 1494 2796 1548 διὰ
2822 1499 2921 1567 τὴν
2959 1495 3186 1566 ἀρετήν.
3229 1496 3316 1561 Ὧς
3353 1498 3547 1569 ἑώρων
3604 1501 3771 1555 αὑτὸν
3825 1504 3995 1565 καλῶς

2430 1586 2687 1641 διέποντα
2719 1588 2787 1641 si
2813 1587 2958 1658 ἀμφὶ
2983 1593 3077 1642 τὸν
3116 1589 3377 1660 πόλεμον,
3413 1594 3509 1647 καὶ
3538 1594 3874 1665 τρεψάμενον
3904 1598 3996 1666 μὶν

2430 1680 2491 1731 τὸ
2550 1680 2650 1750 τῆς
2705 1680 2897 1745 Ἀσιας
2960 1682 3278 1754 στράτευμα
3335 1682 3526 1751 ἅπαν,
3582 1689 3884 1760 μαχόμενον
3941 1692 3995 1745 δὲ

2432 1777 2525 1826 καὶ
2575 1773 2711 1844 πρὸς
2738 1774 2799 1827 τὸ
2826 1775 2925 1844 τῆς
2974 1775 3245 1847 Εὐρώπης
3292 1779 3672 1847 γενναιότατα.
3725 1785 3819 1838 καὶ
3872 1787 3995 1838 ἀνε-

750 1856 1029 1907 Infamiam
1064 1856 1358 1907 maximam
1392 1852 1552 1906 nobis
1581 1851 1858 1920 importat,
1887 1849 2017 1903 dum
2049 1848 2138 1903 hic
2164 1847 2318 1903 otiosi

2432 1863 2595 1919 λόντα
2627 1866 2935 1938 στρατηγὸν
2967 1868 3137 1923 αὑτοῦ
3185 1871 3494 1942 Καραζίην,
3524 1873 3712 1943 ἔλεγον
3749 1875 3882 1946 πρὸς
3905 1877 3995 1947 βα-

749 1959 964 2017 tempus
990 1947 1215 2001 terimus
1244 1963 1259 2000 :
1285 1960 1505 2001 servum
1532 1958 1660 1998 vero
1691 1951 1843 1996 tuum
1898 1941 2134 1996 sinimus
2174 1938 2325 1995 festi-

750 2058 881 2097 nare
921 2052 974 2096 et
1022 2054 1268 2111 pugnare
1316 2047 1511 2093 contra
1569 2040 1779 2092 hostes.
1835 2033 2137 2105 Oportebat
2191 2047 2325 2089 sane

748 2151 925 2205 regem
961 2135 1120 2189 nobis
1151 2133 1471 2203 adjunctum
1506 2130 1765 2185 militaria
1791 2128 1953 2182 facta
1982 2127 2168 2190 edere,
2202 2140 2323 2195 quae

747 2230 1042 2300 plurimum
1074 2229 1251 2282 laudis
1279 2237 1562 2280 merentur
1583 2222 1725 2295 apud
1759 2237 1960 2278 uxores
1996 2230 2237 2279 nostras.
2267 2228 2322 2271 et

748 2322 888 2391 apud
915 2336 1011 2376 eos
1030 2320 1123 2385 qui
1148 2320 1313 2373 urbes
1336 2327 1555 2373 nostras
1582 2317 1916 2380 inhabitant,
1938 2328 2153 2369 necnon
2177 2313 2321 2383 apud

748 2412 975 2466 'l‘urcos.
1004 2410 1203 2464 Verum
1241 2408 1331 2462 ille
1358 2407 1411 2461 in
1434 2407 1616 2477 fugam
1651 2414 1870 2460 vertens
1903 2412 2108 2459 tantam
2142 2402 2321 2456 homi-

748 2519 877 2555 num
904 2500 1335 2563 multitudinem,
1366 2499 1542 2571 gloriu
1579 2498 1785 2568 potitur
1815 2496 2112 2550 immortali
2144 2512 2161 2548 :
2223 2496 2321 2551 tihi

746 2604 926 2649 autem
954 2596 1039 2649 hic
1062 2594 1250 2657 stanti,
1310 2600 1364 2647 et
1416 2591 1630 2662 singula
1670 2588 1961 2660 spectanti,
2024 2589 2319 2660 ignominia

746 2686 1098 2754 relinquitur,
1138 2700 1301 2755 quam
1338 2684 1507 2738 etiam
1559 2681 1627 2738 ad
1667 2689 1919 2751 posteros
1958 2682 2319 2737 lransmittes.

744 2778 855 2833 Nec
883 2780 1029 2832 enim
1064 2786 1145 2833 est
1167 2789 1223 2831 ιιι
1265 2792 1509 2840 vereare,
1537 2776 1828 2847 jauuarum
1861 2776 2062 2830 milites
2097 2791 2198 2830 nos
2223 2790 2318 2829 ac-

744 2872 999 2923 cedentes
1023 2869 1240 2923 fortiter
1298 2878 1677 2936 suscepturos.
1700 2883 1823 2921 cum
1843 2870 1910 2922 ab
1946 2867 2157 2922 Joanne
2184 2868 2321 2923 adeo

744 2962 903 3016 facile
933 2963 1168 3017 Asianus
1198 2963 1469 3018 exercitus
1503 2963 1721 3032 fugatus
1740 2964 1811 3015 sit
1840 2978 1856 3017 :
1896 2976 2082 3017 verum
2111 2960 2316 3032 fugam,

743 3070 811 3109 nc
842 3054 1080 3119 dubites,
1111 3055 1352 3108 inibunt.
1388 3054 1500 3123 Age
1542 3054 1730 3125 igitur,
1765 3061 1960 3107 contra
2008 3052 2204 3120 janua‘s
2234 3068 2319 3105 re—

742 3150 825 3216 gis
856 3162 1168 3217 pergarnus.
1210 3145 1372 3217 178
1402 3145 1537 3200 Cum
1572 3147 1718 3199 enim
1774 3144 1852 3200 sis
1901 3161 2022 3212 rex,
2076 3152 2135 3199 ut
2187 3160 2312 3200 cum

742 3254 867 3311 rege
893 3238 1265 3306 congrediaris
1302 3238 1592 3291 honestum
1628 3243 1733 3290 est.
1766 3234 1894 3291 Haec
1926 3250 2050 3291 eum
2073 3236 2311 3291 audivis~

740 3330 948 3387 set'res
990 3330 1313 3385 adolescens
1357 3330 1579 3400 (magna
1608 3328 1755 3383 enim
1788 3329 1893 3384 ista
1946 3329 2125 3384 oratio
2157 3328 2313 3398 polli-

738 3424 1016 3494 cebatur),
1046 3437 1213 3494 quam
1241 3422 1569 3477 citatissimo
1585 3422 1803 3491 agmine
1826 3422 2111 3477 contendit
2134 3421 2199 3475 ad
2233 3420 2314 3492 ja-

740 3534 896 3581 uuas,
928 3517 1016 3571 ubi
1047 3518 1336 3570 Amurates
1364 3513 1546 3569 stabat
1602 3524 1829 3582 paratus
1886 3515 1954 3569 ad
2014 3514 2260 3584 przelium
2296 3531 2311 3568 :

736 3620 790 3662 et
816 3610 959 3664 fossa
993 3607 1235 3661 munitus
1264 3608 1639 3673 exspectabat,
1666 3605 1793 3674 quis
1857 3605 2030 3674 praelii
2082 3614 2312 3660 eventus

737 3710 885 3757 esset
927 3701 1168 3755 futurus.
1197 3699 1491 3754 Pannoues
1525 3699 1704 3752 adorti
1734 3707 1864 3754 sunt
1895 3699 2311 3769 peregrinorum

737 3809 1022 3856 eumnam,
1056 3791 1149 3860 qui
1182 3799 1238 3844 et
1266 3788 1370 3859 ipsi
1401 3787 1621 3842 fortiter
1645 3786 1787 3842 inter
1839 3799 2019 3842 castra
2062 3787 2310 3857 praelium

739 3902 834 3953 pro
859 3888 1118 3937 Amurate
1172 3883 1411 3937 ciebant.
1458 3881 1534 3936 lbi
1586 3896 1783 3953 equus,
1843 3898 1953 3953 quo
2007 3883 2313 3937 vehebatur

736 3976 1058 4029 l’anuouum
1084 3988 1205 4037 rex,
1239 3974 1422 4027 securi
1464 3971 1683 4037 feritur,
1713 3982 1769 4028 et
1792 3975 1958 4044 pedes
1987 3975 2311 4031 vulneratus

735 4070 945 4123 corruit
982 4084 1088 4122 una
1110 4083 1233 4123 cum
1271 4083 1512 4123 sessore.
1544 4068 1613 4121 At
1636 4068 1729 4137 qui
1752 4069 2005 4138 proxime
2043 4078 2313 4125 steterant

735 4168 941 4223 (tantus
970 4161 1141 4230 praelii
1172 4161 1443 4215 tumultus
1474 4161 1616 4229 erat)
1646 4176 1754 4215 non
1797 4168 2090 4216 senserunt
2119 4177 2309 4217 casum

738 4255 899 4321 regis.
933 4252 1218 4322 l’eregrini
1251 4254 1482 4307 victoria
1521 4253 1827 4323 potiuntur,
1860 4264 2131 4325 caputque
2163 4252 2309 4308 Pan-

736 4362 934 4399 nonum
966 4346 1108 4414 regis
1133 4346 1438 4400 retulerunt
1464 4344 1531 4399 ad
1568 4345 1907 4401 Aniuratem.
1969 4345 2178 4402 Nomen
2206 4362 2308 4400 auo

734 4449 841 4490 tem
877 4437 1176 4503 peregrini,
1201 4435 1292 4503 qui
1316 4433 1368 4488 id
1395 4434 1613 4489 facinus
1644 4434 2002 4491 memorabile
2028 4434 2304 4501 ediderat,
2372 4460 2375 4463 -

730 4539 848 4583 erat
874 4527 1157 4592 'l‘herizes,
1184 4526 1279 4596 qui
1311 4528 1528 4597 insigne
1558 4527 1781 4584 virtutis
1811 4529 2097 4597 praemium
2160 4528 2304 4599 apud

735 4635 912 4689 regem
940 4633 1272 4675 consecutus
1307 4631 1413 4683 est,
1454 4636 1693 4691 eumque
1719 4622 1772 4676 in
1808 4622 2049 4678 maximo
2097 4622 2309 4679 honore

733 4713 944 4766 habuit.
982 4710 1187 4766 Ferunt
1235 4712 1579 4778 Amuratem,
1611 4730 1736 4768 cum
1785 4715 2076 4771 Pannones
2131 4717 2307 4773 irrue-

734 4817 853 4857 rent
886 4814 939 4858 et
971 4806 1186 4859 fortiter
1235 4806 1586 4871 dimicarent,
1622 4806 1804 4877 fugam
1841 4811 1979 4865 inire
2013 4813 2303 4867 statuisse.

731 4902 1034 4965 Antequam
1072 4900 1253 4968 fugam
1280 4880 1580 4968 arriperet.
1626 4903 1802 4955 visum
1838 4919 1961 4959 esse
2012 4920 2040 4956 a
2098 4906 2218 4959 viro
2250 4906 2305 4960 id

734 4990 912 5041 ιιιυιιι·ι
955 5004 1132 5056 regem
1164 5006 1180 5044 :
1211 4988 1307 5060 qui
1348 5002 1528 5059 regem
1586 4991 1852 5045 conviciis
1933 4994 2207 5057 lacerans,
2245 5002 2305 5047 ut

730 5085 822 5151 qui
857 5096 1199 5151 nequaquam
1236 5084 1463 5137 honeste
1490 5092 1699 5151 ageret,
1734 5084 1779 5138 si
1809 5083 1933 5153 fuga
1966 5086 2071 5140 sibi
2097 5101 2305 5142 consu-

705 5174 888 5237 leret,
927 5188 1051 5229 eum
1091 5173 1338 5228 retinuit.
1361 5172 1471 5228 Nec
1526 5174 1698 5228 multo
1756 5185 1879 5245 post
1932 5186 2096 5244 caput
2158 5178 2304 5247 regis

730 5264 1049 5320 Pannonum
1084 5265 1414 5343 abscissum,
1448 5266 1669 5320 allatum
1693 5277 1775 5322 est
1799 5268 1851 5321 in
1883 5279 2062 5323 castra
2088 5270 2154 5324 ad
2213 5286 2301 5326 re-

730 5373 849 5427 gem
904 5356 1395 5413 Musulmanurum.
1464 5357 1758 5415 Pannoues
1810 5375 1933 5414 eum
2020 5365 2300 5427 cederem,

731 5465 911 5521 regem
955 5466 1114 5507 suum
1139 5451 1525 5521 qmerilabant.
1581 5453 1716 5508 Cum
1752 5463 1933 5507 autem
2000 5458 2301 5526 comperis-

730 5552 851 5596 sent
884 5560 1006 5598 cum
1039 5543 1090 5598 in
1130 5545 1244 5599 acie
1287 5547 1555 5600 cecidisse
1589 5555 1642 5601 et
1700 5549 2089 5603 obtruncatum
2152 5566 2297 5614 esse.

2429 1957 2585 2014 σιλέα
2620 1960 2800 2014 τοιάδε
2828 1975 2844 1992 ο
2872 1956 2944 2014 Ὦ
2975 1960 3220 2033 βασιλεῦ,
3253 1965 3306 2019 τι
3337 1965 3633 2036 ἑστηκότες
3656 1967 3841 2023 ἐνθάδε
3866 1971 3995 2024 ἀνα-

2429 2052 2666 2122 μένομεν
2711 2052 2968 2124 Ἰωάννην
3014 2056 3144 2110 τάδε
3202 2057 3384 2113 πάντα
3438 2060 3891 2128 διαπράττεσθαι,
3925 2064 3997 2127 ὡς

2429 2140 2752 2216 μόνῳίὶνδρλ⁸
2783 2146 2925 2215 ὄντι,
2988 2150 3387 2219 ἐπιτρέποντες
3442 2154 3592 2222 αξιτῷ
3655 2160 3783 2219 τοὺς
3839 2158 3998 2211 πολε-

2428 2238 2585 2306 μίους
2620 2239 2972 2311 δῃώσασθαι;
3009 2242 3179 2314 Ἥμῖν
3210 2246 3319 2316 γάρ
3358 2248 3416 2311 ές
3464 2249 3732 2320 αἰσχύνην
3781 2253 3998 2323 ἀπιεικῆ

2424 2347 2546 2382 τινα
2572 2332 2730 2403 φέρει
2764 2333 2908 2386 πάνυ
2951 2337 3138 2399 τοῦτο,
3181 2339 3331 2409 ἡμᾶς
3392 2340 3492 2410 μὲν
3520 2335 3623 2396 ὦδε
3673 2345 3995 2414 ἑστηκότας,

2423 2425 2603 2494 ὀρμᾷν
2657 2425 2749 2479 τὸν
2808 2427 2900 2479 σὺν
2958 2428 3168 2497 δοῦλον,
3231 2434 3547 2503 μαχόμενον
3608 2436 3821 2503 τούτοις
3890 2444 3999 2505 τοῖς

2427 2520 2715 2589 Τούρκοις.
2751 2519 2950 2589 Ἐχρῆν
2979 2522 3089 2592 γὰρ
3116 2523 3182 2593 δή
3211 2526 3439 2592 βασιλέα
3486 2528 3618 2583 ὄντα
3682 2532 3840 2601 ἡμῶν
3898 2534 3998 2588 σὺν

2423 2613 2558 2680 ἧμιν
2587 2614 2693 2673 τοῖς
2730 2614 2873 2683 ἀμφὶ
2914 2615 3079 2669 αὐτὸν
3138 2612 3291 2670 οὖσιν
3354 2619 3784 2677 ἀποδείκνυσθαι
3835 2623 3995 2695 ἔργα,

2422 2701 2509 2759 οἷα
2542 2708 2929 2762 ἱπαινέσαιντο
2964 2711 3055 2764 καὶ
3089 2712 3146 2765 αι
3179 2714 3440 2780 γυναῖκες
3484 2716 3663 2786 ἡμῶν,
3720 2720 3814 2771 καὶ
3841 2723 3888 2773 οἱ
3944 2723 4000 2775 ὲν

2423 2800 2543 2860 ταῖς
2581 2800 2806 2852 πόλεσιν
2873 2802 3031 2870 ἡμῶν
3090 2803 3192 2872 τὴν
3236 2806 3419 2876 μάχην
3472 2806 3870 2879 πυνθανόμενοι
3925 2814 4001 2872 ὼς

2423 2890 2663 2957 ἐγένετο,
2690 2893 2784 2945 καὶ
2819 2895 2869 2946 οἱ
2896 2897 3171 2966 ποῖέμεοι.
3219 2897 3364 2951 Ἀλλ’
3391 2895 3553 2963 οὗτος
3587 2902 3688 2972 μὲν
3717 2905 4001 2975 τρεψάμε-

2422 2999 2509 3044 νος
2537 2983 2793 3039 τοσοῦτον
2820 2988 3012 3054 στῖφος
3042 2990 3139 3041 ἀν’)
3150 2990 3375 3059 ρώπων,
3435 2994 3777 3065 ἀποφέρεται
3836 3000 3999 3067 δόξαν

2422 3075 2713 3129 ἀθάνατον
2755 3078 2839 3131 σοὶ
2864 3079 2919 3131 δὲ
2951 3081 3211 3151 ἑστηκότι
3247 3085 3408 3154 μόνον
3438 3087 3701 3153 ἐνταῦθα,
3732 3092 3828 3144 καὶ
3860 3096 3996 3162 ἐφο-

2342 3207 2384 3267 c
2424 3169 2582 3238 ρῶνθ⁹
2616 3171 2845 3235 ἕκαστα,
2878 3174 3079 3237 ὄνειδος
3114 3178 3504 3235 καταλείπει-αι
3535 3182 3594 3247 ἐς
3627 3187 3756 3249 τοὺς
3812 3190 4002 3258 ἐπιγι-

2417 3262 2697 3329 νομένους.
2722 3265 2873 3335 Μηδὲ
2903 3266 3011 3335 γὰρ
3034 3268 3170 3333 οἵου,
3206 3269 3281 3332 ὼς
3313 3272 3540 3327 ἐπειδὰν
3598 3278 3871 3351 τρέψηται
3929 3284 3998 3338 ea

2420 3354 2832 3425 στρατεύματα,
2864 3359 2920 3409 αἱ
2956 3358 3052 3413 τοῦ
3103 3360 3375 3429 βασιλέως
3421 3363 3589 3435 θύραι
3633 3370 4003 3439 ὲπιμενοῦσιν

2419 3446 2564 3514 ἡμᾶς
2590 3448 2869 3517 ἐπιόντας,
2899 3449 3038 3503 ἀλλὰ
3095 3451 3388 3521 φεύξονται
3446 3462 3830 3529 τοπαραυτίκα
3869 3465 4002 3517 ὁποι

2419 3542 2864 3611 προχωρήσαιεν.
2902 3543 3006 3596 Ἴθι
3039 3544 3059 3576 ⁸
3094 3543 3191 3598 οὖν
3219 3546 3314 3599 ἐπὶ
3346 3547 3442 3610 τὰς
3480 3550 3653 3620 θύρας
3683 3553 3856 3620 ἴωμεν
3898 3557 4000 3609 τοῦ

2428 3630 2804 3702 Ἀμουρᾶτεω.
2870 3636 3134 3701 Βασιλεὺς
3200 3639 3311 3709 γὰρ
3396 3640 3517 3705 ὢν,
3580 3646 4004 3716 προσφέρεσθαι

2417 3721 2632 3789 βασιλεῖ
2656 3723 2860 3788 δίκαιος
2891 3726 2956 3780 ἂν
2978 3726 3120 3798 εἴης.
3153 3729 3342 3784 Ταῦτα
3379 3733 3694 3788 ἀκούσαντα
3748 3740 3842 3791 τὸν
3869 3759 4004 3792 νεα-

2414 3812 2555 3875 νίαν,
2589 3815 2777 3887 ἐπειδὴ
2816 3834 2874 3892 τε
2906 3820 2934 3871 ὁ
2964 3818 3119 3887 λόγος
3150 3819 3330 3891 ἔργων
3387 3817 3473 3876 οἷα
3511 3827 3672 3895 μεγάπ
3686 3846 3763 3881 ων
3801 3832 4003 3899 ὀρεγό-

2417 3922 2600 3975 μενος,
2632 3907 2735 3969 ⁸καὶ
2764 3908 2837 3971 ὡς
2867 3905 2979 3979 εἶχε
3006 3912 3228 3980 τάχους,
3262 3914 3479 3969 ἐλαύνει
3524 3918 3617 3970 ἐπὶ
3673 3920 3772 3984 τὰς
3832 3922 3998 3992 βασι-

2414 3997 2549 4060 λέως
2581 3998 2772 4070 θύρας,
2872 4004 3098 4073 ἑστήκει
3131 4008 3567 4077 συντεταγμένος
3598 4011 3674 4075 ὡς
3703 4014 3760 4075 ές
3783 4017 4001 4087 μάχην.

2417 4089 2525 4141 Καὶ
2555 4092 2763 4160 τάφρον
2792 4092 2954 4161 πέριξ
2978 4111 3036 4146 τε
3063 4094 3419 4165 ὀρυξάμενος,
3452 4099 3509 4152 έν
3529 4101 3605 4172 τῷ
3637 4110 4002 4177 στρατοπέδῳ

2414 4179 2682 4248 ἐπέμενεν
2715 4179 2899 4258 [δείνῇ
2935 4188 3177 4257 χωρήσει
3218 4189 3249 4257 ἡ
3282 4188 3479 4260 μάχη(
3512 4192 3599 4257 Ὠς
3628 4194 3687 4249 δὲ
3732 4198 4000 4253 ἐνέϐαλεν

2413 4272 2470 4335 ἐς
2501 4274 2629 4337 τοὺς
2658 4276 2944 4346 νεήλυδας,
2980 4282 3076 4333 καὶ
3097 4281 3370 4351 ἐμάχοντο
3429 4286 3861 4357 κυκλωσάμενοι
3915 4295 4006 4346 ὲν-

2411 4364 2500 4429 τδς
2533 4367 2582 4418 οἱ
2613 4368 2890 4435 νεήλυδες,
2922 4372 3017 4423 καὶ
3057 4373 3447 4439 ἀπολαϐόντες,
3515 4379 3789 4449 ἐμάχοντο
3818 4384 4003 4450 ἀξίως

2413 4456 2598 4523 λόγου.
2675 4460 2944 4514 Ἐνταῦοα
3003 4464 3228 4518 πελέκει
3284 4469 3311 4519 ὀ
3368 4468 3534 4533 ἵππος
3574 4472 3668 4525 τοῦ
3718 4472 4003 4543 βασιλέως

2344 4556 2386 4611 ι)
2419 4548 2661 4602 Παιόνων
2714 4552 3225 4622 τιτρώσκεταιτοὺς
3256 4558 3447 4626 πόδας,
3496 4566 3589 4615 καὶ
3614 4564 3827 4622 πίπτει.
3888 4571 4003 4624 Πε-

2414 4642 2599 4704 σῦντος
2627 4641 2681 4695 δὲ
2718 4643 2842 4695 οὔτε
2892 4644 3123 4716 ᾔσθοντο
3155 4649 3202 4701 οἱ
3237 4651 3377 4720 ἀμφ’
3413 4654 3594 4721 αὑτὸν,
3625 4656 3752 4712 οὔτε
3806 4663 4005 4733 ἑωρά-

2411 4748 2604 4785 κει-ταν
2634 4734 2739 4786 ὑπὸ
2766 4734 2856 4787 τοῦ
2884 4735 3116 4807 θορύϐου
3148 4739 3241 4792 τοῦ
3264 4743 3405 4811 ἀμφ’
3430 4745 3627 4809 αὐτοὺς
3661 4752 4002 4821 γενομένου.

2423 4823 2689 4879 Ἐνταῦθα
2733 4826 3062 4897 ἀφελόμενοι
3120 4831 3179 4883 τὸ
3209 4834 3410 4904 κράνος
3469 4836 3519 4890 οἱ
3555 4839 3827 4909 νεήλυδες,
3900 4850 4009 4900 καὶ

2412 4918 2813 4986 ἀποτεμόμενοι
2846 4920 2943 4988 τὴν
2975 4922 3242 4994 κεφαλὴν,
3303 4928 3595 4997 ἀπήγαγον
3638 4937 3695 4997 ἐς
3734 4934 4007 5006 βασιλέα.

2408 5008 2641 5077 Θερίζης
2672 5010 2730 5061 δὲ
2762 5006 2829 5080 ἦν
2859 5011 3095 5082 τοῦνομα
3120 5017 3148 5067 ὁ
3175 5016 3393 5088 νέηλυς,
3451 5013 3496 5088 ᾧ
3517 5022 3607 5076 διὰ
3668 5026 3835 5081 τοῦτο
3906 5034 4019 5083 ἀν-

2406 5099 2587 5168 δρεῖόν
2616 5118 2667 5152 τι
2696 5101 2817 5154 νέον
2843 5103 3112 5174 ἐπέτρεψε
3137 5106 3393 5175 βασιλεὺς
3434 5114 3783 5189 Ἀμουράτης
3816 5121 3962 5192 ἔχει·
3996 5166 4014 5189 ,

2409 5192 2503 5243 καὶ
2538 5192 2753 5260 μεγάλα
2816 5196 3005 5264 ἐτίμα.
3074 5196 3428 5271 Ἀμουράτης
3463 5208 3565 5273 μὲν
3597 5205 3693 5261 οὖν
3752 5212 4021 5267 ἐνταῦθα

2408 5280 2649 5349 λέγεται,
2686 5284 2759 5346 ὡς
2812 5285 2960 5353 ἐώρα
2988 5287 3327 5355 ἐμϐαλόντας
3378 5294 3501 5357 τοὺς
3580 5297 3845 5365 Παίονας,
3912 5306 4025 5358 καὶ

2413 5376 2758 5442 μαχομένους
2792 5377 2963 5443 ἀξίως
3001 5378 3183 5446 λόγου,
3220 5380 3447 5453 ὥρμητο
3507 5386 3564 5449 ές
3601 5390 3806 5459 φυγήν.
3860 5393 3955 5464 Bp
3985 5414 4027 5449 ν

2406 5469 2459 5519 δὲ
2492 5469 2650 5521 αὑτὸν
2688 5472 2742 5534 ἐς
2769 5472 2946 5543 φυγὴν
2979 5475 3279 5547 τραπῆναι,
3310 5478 3391 5541 τὶς
3426 5479 3549 5532 ἰδὼν
3596 5483 3762 5536 αὑτὸν
3794 5486 4029 5541 £6136-

2409 5562 2655 5631 φήμησε,
2719 5564 2898 5619 δεινὺν
2942 5568 3320 5640 λογισάμενος,
3349 5572 3398 5625 ει
3455 5574 3775 5646 ἐκφύγοιεν,
3826 5583 4027 5637 κατέ-

2010 5690 2254 5753 Notulae
2290 5699 2696 5773 marginales.

834 5811 853 5842 ⁵
881 5813 1114 5869 ἴσθι.8ἰι’
1147 5817 1194 5869 in
1223 5833 1358 5881 uno;
1414 5819 1463 5869 iu
1491 5816 1562 5871 al.
1610 5824 1663 5868 ιιι
1702 5818 1754 5869 in
1796 5836 1841 5869 c.
