4180 6434
200 391 287 451 357

1210 403 1310 460 DE
1346 402 1599 463 REBUS
1631 403 1989 465 TURCICIS
2034 408 2177 469 LIB.
2225 410 2363 469 VII.

3328 409 3433 470 358

203 508 315 575 παρ’
350 508 539 560 ἐλπίδα
596 508 1004 580 ἀγωνισάμενοι
1034 515 1304 583 ἐμάχοντο
1356 518 1523 581 ἀξίως
1570 519 1728 586 λόγου

1866 523 2093 594 Europae.
2140 526 2423 579 exercitus
2482 526 2536 578 in
2595 529 2852 579 cohortes
2910 537 3176 588 secretus,
3235 540 3433 592 praatet-

202 601 468 670 Γενόμενοι
519 604 629 671 γὰρ
681 604 802 656 κατ’
833 603 989 672 ὀλίγα
1042 605 1117 669 ὡς
1166 610 1213 660 οί
1248 609 1476 672 Παίονες
1525 613 1757 667 ἐπελαύ-

204 713 318 755 νειν,
354 695 582 763 ἔφευγον
610 697 713 749 ἀνά
744 698 967 764 κράτος,
996 700 1071 761 ὡς
1104 703 1229 764 τοὺς
1273 704 1517 757 Παιόνων
1554 706 1756 771 ἵππους

200 789 569 849 ἐπιδιώκοντες
600 792 833 859 κάμνειν
868 810 925 844 τε
966 794 1199 862 ίσχυρῶς
1232 798 1325 848 καὶ
1360 799 1752 869 ἀπαγορεύειν.

196 882 290 933 Καὶ
340 880 571 935 ἐνταῦθα
614 884 677 951 δὴ
731 884 805 945 ὡς
855 886 903 937 οί
940 885 1176 955 Τοῦρκοι
1232 889 1522 958 αὐτάρκως
1578 891 1754 961 ἔχοιεν

197 974 278 1041 τῆς
307 975 489 1041 φυγῆς
522 975 857 1043 διαστάντες,
889 978 1016 1041 τούς
1040 998 1097 1032 τε
1133 981 1332 1043 ἵππους
1360 983 1628 1049 ἐτόξευον,
1661 987 1754 1037 καὶ

194 1066 405 1118 ὄπισθεν
434 1068 679 1130 ἐπιόντες
729 1070 1022 1123 κατέκαιον
1070 1073 1115 1103 ⁸⁸
1163 1074 1292 1133 τοὺς
1339 1075 1607 1139 Παίονας·
1655 1078 1753 1131 ἅτε

195 1158 285 1221 γὰρ
338 1158 388 1207 οί
439 1158 697 1222 πλείους,
754 1162 848 1212 καὶ
914 1162 1000 1230 ἐφ’
1056 1162 1237 1215 ἵππων
1287 1163 1418 1217 πολὺ
1470 1166 1755 1233 βελτιόνων

195 1250 498 1318 φερόμενοι,
530 1254 622 1305 καὶ
652 1254 816 1327 τέχνῃ
854 1254 919 1306 τὰ
970 1256 1141 1310 πολλὰ
1187 1257 1287 1329 τὴν
1327 1260 1505 1329 μάχην
1537 1262 1756 1317 συνδια-

197 1340 517 1411 χειρίζοντες
545 1386 559 1407 ,
591 1345 817 1413 ἄμεινον
872 1348 1130 1417 ἐφέροντο
1172 1350 1281 1402 τῶν
1336 1352 1597 1406 Παιόνων.
1646 1355 1754 1406 Καὶ

191 1433 280 1499 τὴν
319 1434 419 1501 μὲν
452 1434 678 1505 πρώτην
707 1438 924 1507 ἡμέραν
968 1438 1158 1492 πολλοὶ
1213 1443 1311 1511 μὲν
1354 1444 1602 1497 Παιόνων
1636 1447 1753 1499 ἔπι-

195 1543 316 1576 πῖον
348 1528 407 1577 ὲν
434 1529 500 1597 τῇ
534 1529 704 1599 μάχῃ,
736 1530 922 1582 πολλοὶ
943 1531 997 1584 δὲ
1022 1532 1281 1602 Τούρκων
1303 1534 1619 1589 ἀπώλλυντο
1649 1536 1753 1589 ὑπὸ

196 1620 455 1673 Παιόνων.
494 1622 602 1674 Καὶ
630 1622 835 1691 ταύτην
869 1625 970 1693 μὲν
996 1624 1095 1695 τὴν
1129 1626 1347 1696 ἡμέραν
1377 1628 1507 1697 ὅλην
1550 1630 1754 1698 ἐμαχέ-

191 1730 339 1767 σαντο
376 1714 701 1785 ἀμφότεροι,
739 1717 837 1768 καὶ
873 1717 1153 1779 ίσοπιλεῐς
1197 1718 1478 1786 ἐγένοντοο
1529 1721 1649 1774 ἐπεὶ
1696 1722 1753 1775 δὲ

180 1806 270 1875 ὀψὲ
323 1803 416 1877 ἦν,
470 1807 759 1876 διέστησάν
813 1826 872 1862 τε
930 1808 1025 1862 ἀπ’
1068 1810 1337 1882 ἀλλήλων,
1374 1813 1469 1867 καὶ
1520 1815 1752 1868 ἐπὶτῶν

1862 631 2013 685 spem
2044 618 2262 687 egregie
2291 626 2345 672 et
2373 618 2807 671 memorabiliter
2855 618 3152 686 pugnabat.
3188 615 3426 670 Proinde

1859 720 1981 757 cum
2037 705 2325 761 Pannoncs
2362 705 2559 759 Turcis
2601 707 3049 776 appropinquare
3103 723 3209 759 non
3261 706 3433 760 aude-

1859 809 2003 861 rent,
2041 813 2254 850 summa
2287 799 2338 853 vi
2367 796 2673 867 fugiebant.
2703 798 2866 851 Turci
2902 797 3225 851 Pannonqu
3255 812 3430 866 equos

1858 892 2351 959 persequebantur,
2388 900 2444 943 et
2494 890 2735 957 graviter
2774 890 3066 943 admodum
3119 905 3183 969 ea
3218 890 3269 942 in
3308 904 3431 955 per-

1857 983 2143 1037 secutionc
2178 983 2525 1036 laborabant.
2562 983 2712 1036 Lassi
2756 982 2925 1049 igitur
2963 981 3179 1034 tandem
3212 991 3264 1032 ct
3301 980 3429 1033 fati-

1856 1076 1966 1141 gati
2006 1076 2371 1144 insequendo,
2429 1075 2672 1129 hostium
2730 1091 2903 1145 equos
2956 1075 3167 1143 sagittis
3201 1072 3425 1135 feriunt,

1856 1167 2260 1236 Pannouesque
2283 1183 2310 1221 a
2336 1176 2488 1237 tergo
2515 1167 2833 1221 adurieutes
2855 1167 3097 1235 graviter
3123 1167 3423 1233 urgebant;

1855 1274 1981 1312 nam
2021 1258 2185 1312 Turci
2216 1273 2448 1313 numero
2480 1269 2533 1313 et
2567 1273 2834 1328 equorum
2869 1256 3236 1326 generositate
3267 1268 3428 1322 supe-

1855 1351 2075 1405 rabant.
2114 1351 2387 1405 Prmterea
2437 1350 2761 1419 plerumque
2806 1365 2913 1403 non
2953 1348 3182 1417 impetu,
3236 1360 3423 1399 verum

1833 1424 1973 1499 Qarte
2008 1444 2061 1497 in
2103 1444 2308 1513 prasliis
2339 1450 2597 1497 utuntur.
2628 1441 2972 1510 Quapropter
3003 1455 3065 1493 ca
3096 1448 3427 1507 tempestate

1851 1538 2155 1592 Turcorum
2212 1552 2299 1591 res
2349 1536 2577 1589 meliore
2628 1544 2801 1598 statu,
2852 1550 3014 1603 quam
3062 1530 3423 1595 Pannonum,

1856 1640 2039 1685 erant.
2084 1630 2141 1685 Et
2177 1629 2396 1699 quidem
2448 1630 2627 1698 primo
2673 1628 2762 1682 die
2815 1627 2973 1681 turriti
3020 1624 3311 1679 Panuones
3365 1624 3423 1680 in

1854 1740 2029 1794 pugna
2072 1723 2362 1784 callebant,
2416 1737 2628 1775 necnon
2688 1720 2908 1789 plurimi
2965 1717 3129 1772 Turci
3184 1717 3423 1771 trucida-

1854 1821 2053 1872 bantur
2079 1832 2106 1870 a
2138 1814 2515 1869 Panuonibus.
2545 1813 2647 1867 Per
2679 1824 2848 1866 totum
2887 1812 3051 1867 istum
3092 1811 3238 1865 diem
3261 1824 3423 1879 {equo

184 1898 555 1966 στρατοπέδων
584 1900 1041 1972 ἀναχωρήσαντες
1062 1903 1109 1935 ⁵⁹
1137 1903 1414 1975 ἑκάτεροι,
1449 1905 1732 1960 ἀνεπαύον·

1856 1910 2119 2003 utrinque
2155 1908 2330 1963 marte
2368 1918 2669 1979 pugnatum
2700 1914 2804 1960 est.
2839 1903 3076 1974 Vespera
3108 1915 3287 1958 autem
3321 1918 3423 1972 ap-

178 2006 253 2045 το.
288 1990 521 2053 Παίονες
550 1993 650 2061 μὲν
694 1992 789 2047 οὖν
822 1995 1061 2065 οἰόμενοι
1085 1996 1210 2059 τοὺς
1241 1997 1519 2068 Ἰῖούρκους
1552 1999 1745 2063 νυκτὸς

180 2083 493 2151 οἰχήσεσθαι
528 2085 815 2149 ἀπιόντας,
846 2086 938 2139 κα)⁸
961 2089 1020 2140 οὐ
1062 2087 1359 2157 μενοῦντας
1392 2090 1451 2142 ὲν
1471 2092 1534 2159 τῇ
1570 2089 1741 2155 τάξει.

176 2177 279 2230 Καὶ
319 2177 671 2247 ἱπποδρόμων
716 2178 815 2248 μὲν
851 2180 951 2232 οὐκ
1000 2180 1169 2249 ὀλίγοι
1226 2181 1510 2253 ἀπῄεσαν*
1539 2182 1662 2234 ἐπεὶ
1687 2182 1743 2235 δὲ

178 2271 301 2332 τοὺς
333 2270 674 2339 Τριϐαλλοὺς
724 2270 986 2343 εὕρισκον
1040 2275 1102 2327 ὲν
1153 2275 1267 2337 τοῖς
1300 2276 1506 2338 στενοῖς
1552 2274 1745 2343 ἐπιμέ-

175 2379 387 2426 νοντας,
421 2358 577 2424 αὖθις
612 2361 916 2434 ἐπανῄεσαν
952 2365 1042 2416 ἐπὶ
1094 2364 1156 2417 τὸ
1202 2363 1590 2434 στρατόπεδον.
1634 2365 1745 2419 Καὶ

174 2457 399 2518 Παίονες
433 2456 533 2525 μὲν
559 2455 703 2509 οὕτω
738 2455 992 2525 ἐνόμιζον
1019 2459 1085 2525 τῇ
1117 2457 1382 2529 ὑστεραίᾳ
1414 2456 1608 2527 βραχεῖ
1634 2472 1739 2510 τινι

170 2550 351 2619 μυρίῳ
404 2550 501 2603 τοῦ
557 2549 791 2620 στρατοῦ
844 2549 1243 2616 ἀντιτάξασθαι
1270 2589 1284 2614 ,
1314 2551 1390 2614 ὡς
1421 2552 1528 2604 τῶν
1560 2550 1738 2604 ἀλλων

165 2644 568 2712 οἱχησομὲνων,
605 2644 697 2696 καὶ
724 2643 786 2697 οὐ
822 2644 1149 2712 μενούντων,
1179 2644 1271 2697 καὶ
1316 2644 1456 2697 οὕτω
1485 2644 1547 2714 δὴ
1584 2661 1735 2714 περι-

164 2738 513 2805 ῖενομένους,
554 2738 803 2807 αἱρήσειν
850 2739 1046 2791 αὐτίκα
1089 2738 1186 2803 τὰς
1232 2738 1493 2807 βασιλέως
1544 2737 1733 2809 θύρας.

162 2829 427 2891 Βασιλεὺς
485 2828 544 2880 δὲ
592 2830 686 2880 καὶ
718 2830 766 2882 si
809 2828 1041 2898 Τοῦρκοι
1090 2828 1592 2899 ἀναθαρσήσαντες,
1637 2830 1736 2881 οὐκ

155 2924 210 2973 ἐν
259 2921 448 2989 ὁμοίῳ
497 2921 576 2973 ἔτι
628 2921 739 2973 δέει
800 2921 1042 2989 ἐγίνοντο
1095 2921 1236 2991 ἀμφὶ
1283 2922 1408 2984 τοὺς
1461 2920 1734 2986 Παίονας,

152 3014 607 3083 θιρσαλεώτεροι
652 3014 693 3043 ⁸⁸
739 3013 783 3066 δ’
815 3014 988 3079 ὄντες,
1022 3015 1520 3084 παρεσκευάζοντο,
1561 3014 1637 3079 ὡς
1676 3017 1735 3080 ἐς

153 3110 247 3177 τὴν
284 3108 596 3175 ὑστεραίαν
626 3106 947 3175 μαχόμενοι,
981 3105 1286 3175 τρέψασθαι
1316 3107 1442 3168 τοὺς
1472 3106 1732 3170 Παίονας.

1852 1997 2089 2073 ρθιοιιιοζ
2146 2005 2519 2072 relinquentes
2561 2001 2829 2071 pia-lium,
2868 2009 3097 2069 uterque
3146 1997 3420 2052 exercitus

1849 2092 1904 2145 in
1944 2108 2041 2146 sua
2076 2104 2256 2148 castra
2310 2091 2695 2160 colligi-batur,
2748 2091 3031 2159 quietique
3082 2104 3140 2143 se
3189 2088 3417 2145 dabant.

1848 2186 2141 2240 Pannoues
2201 2185 2466 2252 putabant
2519 2181 2732 2237 Turcos
2788 2192 2951 2235 noctu
3003 2180 3251 2234 abituros
3312 2192 3416 2231 nec

1849 2278 2085 2348 amplius
2141 2278 2192 2331 in
2229 2276 2431 2331 castris
2484 2289 2792 2328 mansuros.
2850 2272 2913 2325 Et
2951 2273 3169 2342 equites
3194 2271 3414 2341 quidem
3480 2270 3481 2273 “

1851 2388 1960 2426 non
1989 2371 2154 2440 pauci
2188 2371 2301 2440 jam
2345 2369 2739 2423 discesserant.
2782 2363 2883 2419 Ubi
2936 2374 3116 2419 autem
3150 2365 3421 2419 Triballos

1852 2464 2113 2518 invenere
2145 2470 2534 2531 exspectantes
2577 2460 2630 2513 in
2665 2459 2936 2525 angustiis
2972 2460 3181 2511 hostem
3210 2457 3419 2509 abeun-

1850 2568 1981 2621 tem,
2018 2557 2073 2610 in
2102 2565 2285 2610 castra
2321 2554 2627 2608 redierunt.
2666 2552 2956 2605 Panuones
3002 2551 3223 2619 quidem
3268 2548 3417 2601 arbi-

1848 2652 2135 2706 trabantur
2166 2666 2223 2705 se
2248 2649 2335 2703 die
2367 2649 2610 2703 crastino
2642 2661 2764 2699 cum
2797 2660 2962 2715 parva
3006 2642 3220 2697 hostilis
3258 2642 3416 2710 192

1847 2742 2128 2799 exercitus
2166 2756 2327 2794 manu
2368 2752 2791 2807 congressuros,
2833 2735 2986 2805 quasi
3037 2736 3219 2789 caeteri
3248 2735 3415 2787 ditl‘u-

1848 2838 2077 2907 gissent,
2113 2849 2220 2889 non
2256 2841 2640 2903 exspectantes
2669 2832 2883 2885 hostem
2923 2844 2938 2882 :
2976 2838 3030 2881 et
3063 2828 3143 2880 sic
3188 2829 3414 2878 victoria

1853 2928 2010 2982 facile
2037 2928 2334 2996 petituros,
2355 2924 2613 2992 regisque
2647 2922 2848 2990 januas
2880 2917 3274 2973 debellaturus.
3301 2915 3411 2968 Rex

1846 3036 1976 3075 vero
2033 3024 2326 3073 Amurates
2374 3030 2429 3071 et
2478 3014 2645 3069 Turci
2698 3015 2912 3081 seipsos
2973 3010 3366 3065 conﬁrmantes
3397 3046 3416 3071 ,

1847 3111 1994 3168 haud
2034 3112 2273 3181 amplius
2305 3109 2628 3163 metuebant
2660 3105 2974 3159 Pannones.
3011 3102 3222 3155 Animis
3248 3100 3414 3170 igitur

145 3205 395 3273 receptis
423 3241 438 3266 ,
506 3211 560 3255 ct
605 3200 899 3270 plurimum
947 3198 1265 3265 exhilarati,
1306 3201 1739 3271 accingebantur
1775 3203 1841 3259 ad
1885 3205 2159 3276 praelium,
2194 3204 2355 3273 quasi
2389 3218 2456 3258 eo
2487 3201 2574 3255 die
2642 3199 2735 3269 qui
2806 3207 3151 3266 sequeretur,
3196 3198 3412 3262 praelia-

141 3302 247 3355 turi
284 3318 427 3354 cum
473 3298 749 3360 hostibus,
780 3309 988 3364 eosque
1019 3296 1075 3349 in
1112 3295 1293 3367 fugam
1327 3299 1655 3369 conjecturi.

204 3398 325 3467 Τὴν
368 3397 480 3463 μὲν
512 3390 607 3448 οὖν
634 3395 855 3465 ἡμέραν
883 3391 1180 3465 ταύτηνες
1203 3395 1459 3450 τοσοῦτον
1490 3398 1727 3464 ἐγένετο.

1932 3393 2011 3447 Εο
2063 3392 2150 3447 die
2199 3406 2321 3459 quae
2386 3388 2548 3443 modo
2608 3384 3037 3442 memoravimus
3111 3380 3409 3452 contigere.

138 3487 211 3559 Τῇ
260 3489 324 3541 δὲ
361 3489 537 3540 νυκτὶ
571 3486 745 3558 ταύτῃ
777 3487 1007 3550 Παίονες
1039 3487 1452 3557 βουλευόμενοι,
1492 3490 1639 3552 ὅπως
1667 3492 1733 3559 τῇ

130 3578 421 3648 ὑστεραίᾳ
478 3578 580 3646 τὴν
629 3578 811 3648 μάχην
842 3579 1201 3646 ποιήσωνται,
1231 3578 1462 3650 γνώμην
1497 3581 1734 3648 ἀπεφαί-

134 3689 251 3724 νετο
278 3674 568 3735 ἕκαστος,
598 3671 674 3733 ὠς
700 3671 876 3723 ἐδόκει
904 3669 1053 3739 αὑτῷ
1082 3668 1182 3739 τὴν
1218 3670 1399 3740 μάχην
1431 3669 1731 3723 ποιεῖσθαι.

125 3768 235 3819 Καὶ
268 3768 461 3834 λόγος
490 3765 739 3832 ἐγίγνετο
783 3763 971 3827 πολύς.
1021 3763 1290 3817 Ἐνταῦθα
1328 3763 1735 3833 βουλευομένων

119 3860 310 3915 αὐτῶν
335 3902 354 3926 ,
397 3858 663 3925 Ταούτης
701 3860 729 3910 ὁ
761 3856 1052 3920 Σαούζεω,
1091 3855 1290 3917 υίῖδοῦς
1318 3858 1414 3910 τοῦ
1466 3859 1735 3929 Ἀμουρά-

115 3972 246 4015 τεω,
291 3956 486 4021 γένος
515 3952 593 4004 ὣν
630 3952 741 4004 τῶν
780 3951 1202 4021 Ὀτουμανίδων,
1231 3952 1517 4023 παρελθὼν
1549 3954 1608 4014 ἐς
1642 3954 1734 4022 μὲ-

118 4063 208 4097 σον
239 4046 416 4111 ἔλεξε
477 4043 655 4096 τοιάδε
681 4059 695 4075 ·
736 4043 901 4113 Ἡμῖν
935 4045 1033 4114 μὲν
1071 4044 1231 4097 ίκανά
1262 4044 1634 4113 συμϐέϐληται
1678 4043 1733 4106 ἐς

107 4154 161 4188 τε
200 4137 311 4205 τὴν
367 4136 584 4189 Ἀσίαν
620 4138 717 4190 και
751 4120 809 4198 ιξ
858 4135 957 4206 τὴν
990 4134 1282 4206 Εὐρώπην,
1313 4134 1432 4187 οὐδὲ
1464 4135 1527 4205 δὴ
1560 4134 1732 4188 ταῦτα

110 4230 536 4298 προσέχοντας
584 4227 641 4287 ἐς
673 4226 742 4279 τά
780 4228 1138 4296 ’Δμουράτεω
1169 4227 1474 4297 πράγματα
1501 4228 1600 4299 τὴν
1630 4228 1733 4297 μά-

98 4342 203 4391 χην
258 4319 609 4387 ποιεῖσθαι,
640 4320 882 4387 ἀνήνυτα
920 4320 967 4351 ⁸⁸
1020 4320 1442 4389 ἐργαζομένουξο
1497 4322 1570 4374 Οὖ
1623 4322 1731 4393 γὰρ

96 4416 162 4465 ἂν
192 4414 645 4485 παρεχομένων
696 4415 836 4482 σφᾶς
866 4413 1103 4467 κτείνειν
1147 4414 1255 4467 τῶν
1284 4413 1496 4483 ἀνδρῶν
1525 4414 1731 4467 τούτων

94 4507 413 4577 δυναίμεθ’
458 4505 541 4559 ἂν
573 4504 715 4558 οὕτω
751 4522 815 4573 γε
866 4505 1114 4569 εὐπετῶς
1163 4506 1551 4576 χειρώσασθαι.
1590 4507 1731 4560 Ἀλλ’

93 4600 222 4666 ἐμοὶ
265 4598 453 4649 δοκεῖ
510 4596 543 4647 ὁ
594 4595 905 4664 μαχόμενος
946 4596 1022 4663 τῷ
1068 4595 1312 4665 πολέμῳ,
1359 4596 1423 4665 ἦν
1459 4597 1557 4666 μὲν
1592 4598 1726 4668 βάλῃ

90 4692 336 4759 καιρίαν
388 4687 663 4757 πληγὴν,
723 4687 992 4741 κατέϐαλέ
1049 4705 1107 4740 τε
1165 4689 1256 4741 τὸν
1320 4688 1603 4759 πολέμιον,
1634 4693 1727 4745 καὶ

89 4782 203 4849 ἔχει
236 4781 461 4841 καλῶς
513 4779 757 4849 χρῆσθαι
788 4778 865 4847 τῷ
902 4780 1277 4848 στρατεύματι
1308 4781 1352 4811 ⁸⁸
1376 4796 1388 4808 °
1433 4782 1535 4835 ποῦ
1574 4783 1619 4835 δ’
1661 4783 1727 4837 ἂν

86 4876 242 4941 βάλοι
290 4869 721 4941 καιριωτέραν
771 4870 802 4939 ἢ
854 4871 910 4921 ἐν
965 4873 1031 4939 τῇ
1087 4870 1343 4939 κεφαλῇς
1392 4872 1453 4924 τό
1504 4889 1563 4924 τε
1618 4873 1726 4941 γὰρ

88 4966 249 5028 αἱμα
305 4965 464 5030 ἄγει
510 4960 652 5023 πᾶν,
682 4962 777 5013 καὶ
822 4963 877 5013 ὲν
908 4961 1083 5032 τούτῳ
1114 4965 1147 5032 ἡ
1176 4963 1330 5026 πόλις
1356 4964 1399 4994 ⁸³
1420 4980 1433 4995 ·
1470 4966 1535 5035 ἦν
1566 4966 1622 5017 δὲ
1653 4965 1728 5035 μὴ

82 5061 322 5126 καιρίαν
357 5054 574 5125 βάλῃ,
611 5054 847 5105 ἐπίπονα
892 5053 1046 5107 ἔσται
1095 5057 1183 5107 καὶ
1210 5056 1425 5125 χαλεπὰ
1455 5075 1730 5127 κατεργα-

81 5153 286 5217 εῦῆναι
327 5148 415 5200 τὰ
473 5144 607 5197 τῶν
648 5144 945 5212 πολεμίων.
1002 5146 1112 5202 Καὶ
1157 5148 1252 5201 νῦν
1298 5149 1351 5201 δὲ
1385 5149 1527 5202 οὕτω
1558 5151 1725 5209 δοκεῖ.

90 5248 298 5313 Ὁρᾶτε
338 5244 509 5311 γὰρ,
554 5237 633 5299 ὡς
688 5239 745 5289 αἱ
784 5237 948 5306 Θύραι
981 5240 1073 5292 τοῦ
1103 5241 1365 5309 βασιλέως
1403 5244 1728 5313 ἐστήκεισαν

72 5338 301 5406 πεπμῆ
359 5330 755 5401 ὡρμημέναι
791 5331 885 5383 ἐπὶ
907 5330 1006 5398 τὴν
1048 5332 1250 5401 μάχην,
1278 5333 1401 5387 οὔτε
1440 5336 1727 5389 ἀνακινδυο

74 5432 259 5481 νιὺειν
321 5426 704 5483 ἐθέλουσιν,
760 5419 834 5484 ὡς
895 5418 955 5472 τὸ
1007 5421 1112 5474 πᾶν
1162 5424 1426 5492 φέρουσαι
1463 5426 1601 5478 αὐτὰ
1630 5428 1725 5479 τοῦ

1841 3485 2001 3543 Istam
2071 3493 2287 3540 noctem
2364 3480 2667 3536 Pannones
2725 3478 3082 3531 deliberando
3149 3490 3411 3528 consum-

1838 3592 1997 3648 psere
2033 3595 2046 3631 :
2076 3584 2278 3630 etcum
2321 3572 2721 3632 consultarent,
2755 3568 2955 3637 singuli
2983 3581 3139 3620 suam
3176 3577 3401 3620 senten-

1840 3673 1993 3733 tiam,
2052 3665 2513 3736 quemadmodum
2571 3661 2676 3716 sibi
2739 3659 3053 3714 consultum
3118 3659 3400 3715 videretur

1838 3757 2113 3830 auspicari
2157 3754 2426 3826 prndium,
2475 3754 2529 3807 in
2583 3751 2822 3805 medium
2858 3750 3225 3803 adducebant.
3262 3748 3405 3803 Varii

1839 3851 2109 3920 multique
2141 3848 2486 3902 habebantur
2520 3857 2823 3899 sermones.
2881 3842 2955 3895 Ibi
3007 3854 3119 3895 tum
3171 3844 3405 3921 consul-

1839 3940 2081 3996 tantibus
2114 3937 2490 3999 Pannouibus,
2527 3933 2733 3988 Tautes
2793 3932 2992 3987 Sauzis
3042 3933 3209 3998 ﬁlius,
3246 3946 3409 3989 natus

1836 4049 1902 4088 ex
1960 4046 2158 4102 genere
2207 4028 2688 4091 Otomanidarum,
2754 4026 2847 4095 qui
2889 4034 3003 4078 tum
3061 4035 3243 4081 castra
3296 4026 3412 4082 Un-

1836 4138 2095 4195 garorum
2152 4122 2508 4192 sequebatur,
2570 4116 2851 4172 Ainuratis
2902 4119 3064 4187 primi
3121 4132 3183 4171 ex
3229 4117 3408 4171 Sauze

1837 4215 1949 4271 [ilio
2018 4229 2211 4284 nepos,
2265 4225 2595 4282 progressus
2650 4209 2703 4261 in
2766 4209 3025 4272 medium,
3090 4208 3253 4276 hujus
3278 4209 3404 4260 rodi

1834 4303 2141 4358 orationem
2182 4316 2416 4355 exorsus
2452 4306 2535 4353 est
2574 4317 2587 4353 τ
2620 4297 2921 4366 Nobisjam
2965 4297 3102 4351 satis
3129 4314 3408 4367 superque

1835 4400 1889 4452 in
1934 4397 2059 4452 Asia
2091 4404 2146 4449 et
2184 4394 2401 4463 Europa
2443 4400 2742 4462 pugnatum
2787 4399 2889 4443 est.
2945 4389 3187 4446 Necdum
3237 4393 3402 4445 etiam

1834 4491 2078 4545 animum
2131 4487 2489 4551 advertimus,
2543 4495 2602 4538 ut
2657 4484 3009 4554 pugnandum
3070 4487 3143 4540 sit
3209 4500 3405 4541 contra

1832 4581 2173 4643 Amuratem,
2228 4588 2287 4633 ut
2325 4594 2411 4633 res
2451 4576 2575 4647 ejus
2612 4577 3039 4632 contundamus.
3100 4577 3218 4635 Nisi
3256 4581 3403 4634 enim

1836 4674 2229 4743 peremerimus
2278 4674 2425 4726 viros
2485 4674 2645 4738 istos,
2712 4686 2820 4724 non
2876 4670 3036 4725 facile
3102 4673 3407 4740 poterimus

1772 4763 1814 4817 ι)
1844 4767 2160 4818 Amuratem
2192 4765 2430 4817 vincere.
2493 4765 2559 4815 At
2589 4761 2722 4815 mihi
2767 4764 3000 4825 videtur,
3036 4764 3080 4816 si
3114 4766 3240 4832 quis
3282 4781 3407 4818 cer-

1833 4867 2013 4913 tamen
2052 4858 2250 4912 subeat
2307 4872 2430 4909 cum
2470 4856 2646 4919 hoste,
2695 4856 2856 4924 eique
2889 4855 3095 4923 inﬂigat
3148 4857 3404 4911 lethalem

1832 4952 2024 5014 ictum,
2081 4949 2294 5002 hostem
2354 4946 2573 5016 dt-jerit,
2612 4955 2667 4999 et
2734 4947 2948 5015 reliquo
3008 4949 3249 5001 exercitu
3305 4964 3402 5015 pro

1832 5042 2063 5095 arbitrio
2095 5041 2171 5093 uti
2205 5040 2426 5108 poterit.
2459 5038 2564 5093 Ubi
2609 5049 2787 5092 autem
2825 5042 3001 5108 magis
3034 5040 3229 5093 lethale
3264 5040 3403 5092 inlli-

1833 5144 1922 5206 gat
1955 5135 2170 5195 vulnus,
2207 5149 2369 5202 quam
2401 5133 2447 5187 si
2475 5140 2639 5201 caput
2664 5132 2873 5186 feriat?
2907 5131 3041 5185 Tum
3077 5135 3220 5185 enim
3278 5148 3405 5185 tor-

1840 5244 1940 5296 pus
1974 5236 2143 5279 totum
2176 5226 2347 5279 dolet.
2386 5225 2442 5277 In
2482 5227 2659 5293 capite
2699 5226 2843 5277 cnim
2877 5225 3033 5291 quasi
3066 5228 3196 5279 urbs
3223 5234 3277 5278 et
3321 5240 3408 5277 re-

1836 5320 2015 5387 gimen
2048 5320 2219 5373 totius
2248 5318 2468 5372 humani
2496 5320 2744 5386 corporis
2774 5319 2937 5371 situm
2961 5326 3066 5372 est.
3096 5318 3191 5371 Sin
3215 5326 3400 5371 autem

1847 5410 1989 5464 haud
2021 5411 2239 5465 dedetis
2286 5410 2483 5465 lethale
2514 5413 2734 5474 vulnus,
2774 5408 2993 5465 dillieile
3022 5410 3317 5464 admodum
3354 5419 3409 5465 et

1422 5593 1670 5653 Notultn
1714 5596 2111 5673 marginales.

140 5722 187 5749 "
238 5722 420 5774 Forte
474 5713 855 5789 κατέκαινον,
895 5709 1054 5789 Ral"
1089 5717 1496 5777 αί.κατὲκαιον,
1538 5737 1732 5787 superst

1840 5732 1892 5774 to
1947 5741 1995 5777 ν.
2062 5734 2117 5775 ut
2160 5723 2387 5789 legatur,
2444 5724 2789 5775 κατέκλυον.
2866 5723 2909 5753 ⁸³
2940 5723 3408 5789 ἀποχωρήσαντες

80 5793 112 5846 Π
160 5809 217 5847 υτ
258 5796 375 5846 hic,
484 5789 542 5819 ⁵ο
584 5781 651 5835 lu
686 5799 809 5848 uno,
842 5791 935 5835 καὶ
965 5786 1124 5854 (laps.
1156 5789 1326 5852 ὄντες.

86 5870 263 5926 ποὶις.

1404 5790 1441 5819 ⁸¹
1484 5791 1744 5860 ἀνόνητα.

1782 5792 1865 5847 Al.
1901 5804 1953 5846 ut
1993 5795 2044 5845 in
2069 5810 2114 5846 ι’.
2193 5795 2235 5824 ⁶¹
2263 5793 2325 5847 1η
2356 5809 2481 5858 uno,
2525 5798 2836 5862 πράγματι.
2916 5792 2959 5822 ⁸³
2992 5791 3054 5845 In
3086 5800 3215 5855 uno,
3244 5795 3407 5862 ἀκρό-

2193 5795 2235 5824 ⁶¹
2263 5793 2325 5847 1η
2356 5809 2481 5858 uno,
2525 5798 2836 5862 πράγματι.
