4180 6434
249 444 331 509 361
1278 451 1375 509 DE
1422 450 1679 510 REBUS
1705 451 2069 511 TURCICIS
2115 454 2263 515 LIB.
2298 456 2427 513 ΥΠ.

3368 464 3472 524 362

244 558 425 617 αὐτοὺς
493 557 649 618 δίκας
707 557 787 627 τῷ
848 558 1082 626 βασιλεῖ,
1137 554 1601 631 ὧνέίργάπαντο
1658 564 1798 631 αὑτᾷ

1913 577 1967 618 et
2001 582 2029 619 a
2063 579 2211 636 tergo
2260 571 2363 621 vim
2433 568 2723 623 faciebant.
2778 569 2911 624 Nam
2970 574 3217 628 conversi
3276 578 3477 631 collato

244 649 613 718 πολεμοῦντες,
649 651 741 702 καὶ
775 652 859 702 ὃτι
890 654 1002 714 τοῖς
1026 653 1217 706 Παίοσι
1262 658 1607 725 συνεμάχουν
1638 672 1652 686 ·
1689 657 1801 709 ἐδό-

239 761 314 795 κει
347 744 527 807 αὑτοῖς
576 746 633 796 ὲν
664 744 742 814 τῷ
797 746 1021 814 μεγάλῳ
1060 747 1236 816 τούτῳ
1287 749 1526 819 θορύϐῳ.
1562 752 1800 817 ἄγγελον

235 838 550 901 πέμψαντας
621 837 769 905 παρὰ
841 837 1067 905 βασιλέα
1136 839 1484 910 ’Λμουράτην
1546 843 1796 895 διαλλάτ-

229 929 430 994 τεσθαι,
481 932 575 981 καὶ
628 931 697 982 τὰ
726 931 863 983 ὅπλα
914 933 1334 1002 παραδιδόντας,
1369 934 1555 999 ξένους
1605 954 1665 988 τε
1709 939 1804 989 καὶ

230 1022 410 1087 φίλους
438 1018 577 1074 εἶναι
609 1022 685 1091 τῷ
718 1023 955 1093 βασιλεῖ.
1000 1024 1089 1087 Ὠς
1117 1025 1176 1077 δὲ
1208 1027 1405 1085 ἐδόκει,
1437 1030 1532 1079 καὶ
1580 1029 1799 1081 ἐποίουν

225 1114 414 1169 ταῦτα.
460 1117 520 1167 Ὀ
568 1115 625 1167 δὲ
673 1115 903 1181 ἄγγελος
938 1118 1272 1185 ἀφικόμενος
1326 1120 1421 1170 ἐπὶ
1471 1123 1568 1181 τάς
1630 1119 1802 1190 θύρας

224 1208 375 1273 ἔλεγε
425 1208 605 1261 τοιάδε
638 1226 651 1239 ’
686 1205 755 1261 Ὠ
790 1209 1039 1277 βασιλεῦ,
1073 1212 1172 1279 ἐμὲ
1212 1214 1387 1276 Δᾶκες
1434 1214 1708 1283 ἔπεμψαν,
1743 1219 1801 1279 ἐς

208 1300 345 1367 ὧψιν
398 1303 695 1369 ἀφικέσθαι
750 1306 849 1369 τὴν
911 1303 1033 1374 σὴν,
1082 1305 1179 1357 κα)¹
1231 1306 1466 1368 σπονδὰς
1527 1308 1800 1360 αἰτεῖσθαι

220 1395 403 1449 αὐτοῖς
436 1396 767 1463 συγγνώμην
799 1399 1283 1471 παραιτουμένοις,
1305 1398 1390 1466 ἐφ’
1419 1396 1500 1461 οἷς
1540 1403 1799 1469 πεπλημ-

220 1486 434 1552 μελημέ
470 1505 503 1537 α
558 1490 704 1538 ἐστὶν
758 1490 811 1549 ἐς
845 1490 943 1556 τὴν
990 1493 1087 1551 σὴν
1121 1491 1295 1560 ἀρχὴν
1354 1492 1448 1543 καὶ
1505 1495 1557 1556 ἐς
1609 1495 1678 1546 τά
1730 1497 1798 1548 σὰ

218 1579 540 1643 πράγματα.
588 1582 692 1630 Καὶ
722 1580 1223 1652 διαμαρτυροῦνται
1282 1586 1424 1650 σφᾶς
1464 1585 1558 1651 ἀφ’
1589 1586 1800 1641 ἑαυτῶν

220 1674 387 1739 μηδεν
434 1674 700 1741 νεώτερον
754 1662 1044 1742 βουλεῦσαι
1079 1674 1209 1742 περὶ
1243 1678 1311 1729 τά
1360 1678 1427 1729 σά
1478 1679 1800 1749 πράγματα,

215 1764 276 1815 ἂν
327 1765 411 1833 μὴ
463 1767 513 1816 οί
552 1766 777 1828 Παίονες
823 1767 1071 1832 ἀνάγκην
1130 1768 1431 1831 ἐπιθέντες,
1484 1771 1801 1835 κελεύοντες

216 1860 400 1924 σφίσιν
468 1859 738 1912 ἅπτεσθαι
797 1859 1223 1927 προσϐιάζοιντο
1289 1863 1459 1931 ἡμᾶς.
1524 1864 1639 1917 Νῦν
1704 1865 1798 1917 οῦν

211 1952 424 2004 δέονταί
453 1970 513 2003 σε
542 1952 848 2013 πείθεσθαι,
886 1954 979 2005 καὶ
1010 1954 1196 2017 αὐτοῖς
1234 1958 1467 2019 σπονδάς
1497 1960 1793 2023 ποιεῖσθαι,

213 2044 301 2094 καὶ
356 2047 528 2097 αὐτόν
578 2064 661 2099 σοι
719 2049 809 2099 τὶν
864 2046 1105 2116 πόλεμον
1174 2052 1640 2121 παραστήσασθαι
1700 2054 1793 2108 τοῦ

212 2139 429 2202 λοιποῦ,
463 2138 603 2191 ὥστε
652 2157 732 2191 σοι
765 2141 1077 2210 ἐπιτήδειον
1112 2135 1274 2196 εἶναι.
1330 2142 1517 2197 Ταῦτα
1548 2146 1795 2210 εἰπόντος

210 2234 298 2285 τοῦ
348 2234 611 2299 ἀγγέλου,
644 2235 885 2302 Χαλίλης
934 2237 961 2287 ὁ
1017 2236 1289 2302 πρύτανις
1348 2240 1441 2291 τοῦ
1502 2242 1652 2294 οίκου
1701 2243 1794 2295 τοῦ

212 2325 482 2393 βασιλέως
529 2326 838 2390 ὑπολαϐὼν,
879 2328 1034 2395 ἔλεγε
1082 2330 1304 2382 τοιάδε·
1350 2332 1495 2384 Ἀλλ’
1532 2334 1713 2402 ὑμεῖς,
1747 2331 1791 2389 ὦ

209 2421 399 2488 ἄνδρες
436 2422 633 2482 Δὶκες,
670 2421 962 2473 ἐπίστασθέ
1000 2440 1127 2485 που,
1170 2424 1247 2487 ὡς
1297 2424 1552 2494 βασιλεὺς
1604 2431 1796 2497 ἐπιτή-

208 2516 348 2575 δειός
383 2531 445 2563 τε
496 2509 567 2579 ἦν
597 2513 848 2581 δυνάμει,
884 2515 979 2567 καὶ
1034 2517 1298 2585 πρόξενος
1338 2518 1396 2584 ἐξ
1446 2520 1625 2589 ἀρχῆς
1652 2535 1664 2548 ·
1700 2521 1797 2574 καὶ

210 2608 303 2658 νῦν
366 2608 504 2661 επεὶ
569 2610 627 2659 ἐν
685 2607 860 2660 δέοντι
938 2611 1389 2678 παραγίγνεσθε,
1446 2612 1678 2675 σπονδάς
1736 2630 1795 2664 τε

210 2703 414 2750 ποιεῖτε
457 2701 610 2767 ὑμεῖς
657 2699 784 2750 ἄνευ
821 2717 877 2751 τε
910 2700 1062 2753 δόλου
1097 2703 1190 2755 καὶ
1243 2704 1481 2773 ἀπάτης,
1531 2706 1677 2772 φίλοι
1734 2724 1793 2758 τε

210 2792 349 2841 sint.
380 2792 542 2858 ὑμεῖς
576 2790 670 2842 τοῦ
700 2790 914 2847 λοιποῦ.
947 2792 1055 2845 Καὶ
1082 2792 1147 2861 ἦν
1178 2810 1252 2857 τι,
1292 2786 1365 2845 ὦν
1392 2795 1547 2863 ὑμεῖς
1577 2795 1787 2863 λέγετε,

212 2884 647 2953 ἐξειργασμένον
678 2884 752 2952 τῷ
785 2883 995 2953 βασιλεῖ
1020 2888 1178 2954 χάριν
1210 2887 1415 2956 θείητε,
1447 2889 1560 2939 ίστε
1588 2886 1661 2950 ὠς
1693 2890 1792 2958 οὑχ

211 2978 691 3047 ὑ,τερὸι>.ούμενοι
749 2977 915 3029 αὑτὸν
968 2978 1404 3046 εὐεργετοῦντες.
1464 2982 1542 3033 Τά
1614 2982 1798 3052 μέντοι

209 3072 354 3123 ὅπλα
391 3073 473 3125 ἴτε
522 3068 680 3146 δεῦρο
728 3071 812 3123 ὅτι
855 3072 1084 3141 τάχιστα
1132 3073 1575 3142 παραδώσοντες.
1608 3075 1799 3129 Ταῦτα

209 3163 459 3231 Χαλίλης
488 3166 515 3215 ὁ
549 3163 834 3232 Πραῖμεω,
866 3164 1107 3232 φάμενος
1134 3164 1327 3235 γνώμῃ
1381 3164 1476 3217 τοῦ
1531 3165 1799 3235 βασιλέως

209 3257 415 3323 λέγειν,
459 3255 781 3324 ἀπέπεμψε.
815 3257 925 3309 Καὶ
955 3258 1001 3309 oi
1045 3258 1245 3322 Δᾶκες,
1281 3258 1354 3319 ὡς
1389 3260 1670 3329 ἐπανῆκεν
1700 3262 1799 3313 αὑ-

205 3348 325 3407 usi;
371 3347 399 3397 ὁ
432 3345 691 3412 ἄγγελος,
727 3346 902 3411 λέγων
951 3344 987 3399 ἃ
1034 3347 1341 3401 ἐνετέλλετο
1378 3350 1528 3419 αὑτῷ
1559 3351 1795 3421 Χαλίλης

207 3441 237 3488 ὁ
272 3438 542 3507 Πραϊμεω
572 3440 768 3509 γνώμῃ
812 3435 906 3488 τοῦ
951 3437 1243 3507 βασιλέως,
1280 3440 1478 3493 αὐτίκα
1505 3442 1798 3514 διέστησάν

205 3546 270 3580 τε
327 3531 435 3582 ἀπὸ
494 3530 741 3581 Παιόνων
787 3532 954 3599 χωρὶς
998 3532 1305 3600 γενόμενοι,
1358 3533 1451 3585 καὶ
1493 3536 1796 3604 προϊόντες,

208 3622 480 3688 ἀφίκοντο
509 3620 680 3691 ἀγχοῦ
714 3622 823 3673 τῶν
859 3622 1037 3692 θυρῶν
1064 3623 1156 3675 τοῦ
1184 3624 1470 3693 βασιλέως,
1497 3631 1591 3679 καὶ
1622 3628 1799 3701 ταύτῃ

201 3716 550 3785 ἑστηκότες,
606 3713 856 3783 ἐνόμιζον
914 3716 1065 3784 αὑτῴ
1135 3718 1347 3769 τοιάνδε
1409 3722 1571 3789 χάριν
1631 3736 1803 3773 κατα-

203 3809 411 3859 θέσθαι
475 3810 555 3875 τῷ
609 3808 863 3876 βασιλεῖ,
918 3808 1320 3878 ὑπουργοῦντες
1374 3811 1525 3880 αὐτῴ
1586 3812 1643 3874 ἐς
1700 3813 1801 3881 τὴν

198 3902 508 3969 παροῦσαν
540 3903 810 3971 ἀνάγκην,
850 3901 1101 3953 οἴσεσθαι
1127 3901 1278 3971 δῶρά
1321 3920 1380 3955 τε
1422 3906 1512 3956 καὶ
1562 3906 1799 3975 ἐσθῆτας

197 3998 359 4063 πρὸς
420 3995 517 4046 τοῦ
572 3994 862 4063 βασιλέως.
910 3993 1172 4057 Βασιλεὺς
1225 3995 1281 4047 δὲ
1334 3997 1407 4057 ὼς
1470 3996 1601 4066 παρ’
1648 3998 1799 4061 αὑτῷ

192 4091 595 4158 εὶςεήκεισαν,
633 4086 861 4155 νομίσας
918 4088 992 4156 μή
1038 4103 1145 4139 τινι
1194 4085 1331 4157 δόλῳ
1381 4088 1555 4141 ταῦτα
1604 4090 1797 4141 συνθέ-

193 4198 399 4249 μενοι,
425 4177 814 4249 προῖσχὸμενοι
840 4177 991 4245 αὑτῴ
1022 4176 1193 4229 κακόν
1219 4194 1270 4229 τι
1302 4179 1601 4231 διανοοίντο
1634 4179 1799 4249 ἐργά-

190 4274 439 4337 ζεσθαι,
482 4270 808 4339 συνθέμενοι
856 4271 969 4331 τοῖς
996 4270 1209 4334 Παίοσι,
1244 4272 1671 4340 μεταπέμπεται
1706 4271 1799 4324 τὸν

183 4367 304 4432 τῆς
340 4366 621 4434 Εὐρώπης
667 4362 991 4431 στρατηγὸν,
1027 4362 1221 4429 ἔχοντα
1255 4361 1399 4429 ἀμφὶ
1430 4365 1554 4424 τοὺς
1604 4363 1802 4429 δισμυ-

185 4458 397 4525 ρὶσυς.
434 4456 545 4506 Καὶ
590 4454 667 4513 ὡς
715 4451 900 4519 παρῆν
941 4450 1092 4519 αὑτῴ
1227 4452 1553 4515 ἐνετέλλετο,
1581 4451 1800 4503 ἐκέλευε

184 4550 562 4618 περιστάντα
592 4546 721 4607 τοὺς
762 4546 966 4608 Δᾶκας,
1004 4543 1364 4595 κατακαίνειν
1394 4543 1664 4608 ἅπαντας,
1695 4562 1799 4613 μη·

1909 661 2042 728 peile
2086 676 2230 714 nunc
2263 661 2375 725 hic,
2408 677 2553 717 nunc
2578 664 2731 729 alibi,
2771 665 2858 717 tibi
2890 667 3047 719 alteri
3081 669 3285 723 alteros
3335 671 3479 724 iudi-

1922 754 2294 820 p’svehantur.
2354 756 2406 808 in
2466 772 2534 810 eo
2586 772 2776 825 campo
2832 775 3026 814 manus
3091 763 3479 818 conserebant.

1907 846 2035 901 Daci
2068 863 2192 900 eum
2239 848 2509 903 vidissent
2541 850 2751 904 Turcos
2796 852 3025 921 impigre
3083 869 3278 921 printer
3323 871 3474 924 spem

1908 954 2019 991 rem
2052 954 2263 1006 gerere,
2304 949 2357 993 et
2390 940 2494 993 sibi
2538 941 2661 994 hinc
2699 943 2991 1010 plurimum
3023 947 3251 1013 periculi
3300 947 3480 1001 itnmi-

1909 1048 2063 1097 nere,
2132 1033 2444 1102 hujusmodi
2496 1036 2789 1089 consilium
2847 1050 3129 1105 ceperunt.
3165 1040 3300 1092 Nam
3356 1044 3481 1094 nul-

1911 1126 2016 1178 lam
2049 1126 2175 1179 mali
2222 1127 2604 1181 liberationem
2633 1132 2950 1193 cernebant,
2983 1132 3147 1183 etiam
3191 1131 3238 1185 si
3263 1132 3477 1186 incolu-

1907 1232 2021 1270 mes
2049 1234 2111 1270 ex
2146 1234 2211 1271 eo
2259 1218 2443 1283 praelio
2472 1221 2801 1275 evasissent.
2840 1221 2949 1274 Nec
2984 1224 3149 1275 etiam
3210 1225 3260 1277 in
3309 1224 3480 1294 juris-

1900 1308 2117 1376 jurandi
2188 1309 2455 1377 religione
2511 1325 2663 1379 spem
2723 1311 2963 1381 aliquam
3017 1314 3309 1381 ponebant,
3367 1330 3477 1381 quo

1907 1401 2087 1456 minus
2145 1405 2256 1471 regi
2324 1418 2513 1472 pmnas
2585 1405 2798 1459 luerent
2875 1406 3200 1474 injuriaer
3274 1408 3477 1476 quibus

1906 1494 2086 1563 ipsum
2124 1496 2456 1559 aﬂ‘ecissent,
2501 1498 2645 1567 quod
2693 1502 2748 1552 in
2806 1515 2866 1553 ea
2924 1499 3271 1568 expeditione
3326 1502 3475 1554 socia

1906 1602 2056 1639 arma
2086 1587 2399 1657 iunxissent
2431 1591 2813 1645 Panuunihus.
2865 1591 3165 1645 Videbatur
3223 1592 3390 1661 igitur
3420 1593 3473 1646 in

1908 1680 2163 1748 praesenti
2217 1684 2452 1736 tumultu
2498 1684 2979 1738 consultissimum
3027 1686 3162 1747 fore,
3220 1685 3474 1738 nuntium

1908 1771 2125 1823 mittere
2149 1773 2213 1824 ad
2246 1787 2427 1839 regem
2458 1772 2801 1837 Amuratem,
2839 1782 2893 1828 et
2940 1789 3063 1827 cum
3119 1790 3185 1829 eo
3240 1776 3294 1828 in
3348 1793 3477 1844 gra-

1908 1865 2035 1914 tiam
2078 1863 2278 1917 redire.
2312 1865 2555 1921 Traditis
2605 1882 2839 1935 namque
2886 1868 3077 1929 armis.
3134 1869 3477 1922 testabantur

1830 1936 1869 1989 Β
1901 1970 1959 2008 εει
1994 1956 2043 2008 in
2108 1966 2383 2025 posterum
2432 1960 2541 2027 regi
2589 1960 2833 2029 hospites
2879 1970 2932 2015 et
2979 1963 3189 2015 amicos
3236 1960 3376 2015 fore.
3417 1961 3475 2014 In

1905 2047 2063 2117 19!].
2140 2051 2278 2102 hanc
2338 2051 2666 2104 sententiam
2729 2068 2854 2105 eum
2915 2068 3105 2105 omnes
3172 2052 3478 2107 concessis-

1900 2153 2041 2202 sent,
2093 2142 2319 2196 numins
2348 2145 2414 2197 ad
2459 2159 2640 2213 regem
2693 2147 2897 2199 missus
2938 2156 3040 2198 est.
3086 2144 3183 2199 llic
3227 2159 3351 2199 cum
3382 2160 3480 2199 ve—

1904 2238 2071 2292 nisset
2106 2238 2171 2291 ad
2204 2239 2428 2306 ianuas,
2475 2240 2859 2308 hujuscemodi
2890 2240 3197 2294 orationem
3236 2240 3476 2294 habuit:

1901 2328 1944 2381 Ο
1992 2347 2108 2393 rex,
2170 2330 2295 2384 Daci
2354 2333 2620 2386 miserunt
2664 2348 2749 2387 me
2797 2333 2851 2385 in
2889 2341 3240 2401 conspectum
3293 2342 3471 2395 tuum,

1903 2438 1959 2476 ut
1997 2439 2179 2488 pacem
2226 2427 2549 2494 veniamque
2590 2425 2944 2489 delictorum,
2990 2440 3111 2493 qum
3153 2425 3206 2477 in
3244 2432 3294 2477 te
3318 2435 3373 2478 et
3418 2424 3473 2478 itt

1904 2530 2127 2582 regnum
2186 2525 2338 2567 tttum
2387 2515 2734 2577 commisere.
2786 2530 2959 2569 orem.
2998 2516 3295 2568 Testantur
3335 2530 3477 2583 quo-

1900 2623 2006 2677 que
2029 2624 2088 2660 se
2115 2623 2398 2675 nunquam
2452 2608 2581 2677 quid
2622 2624 2885 2661 novarum
2921 2623 3104 2662 rerum
3139 2623 3239 2662 sua
3274 2618 3476 2677 sponte

1904 2700 2126 2755 molitos
2159 2699 2329 2754 fuisse
2364 2700 2415 2752 in
2453 2710 2501 2754 te
2534 2710 2588 2754 et
2626 2716 2852 2768 regnum
2904 2710 3080 2761 tuum.
3115 2700 3216 2755 nisi
3255 2699 3476 2753 Panno-

1902 2806 1998 2845 nes
2050 2806 2168 2844 eam
2217 2793 2599 2847 necessitatem
2655 2792 2998 2862 injecissent,
3044 2793 3324 2862 jubentes,
3365 2793 3475 2846 imo

1902 2889 2196 2948 cogentes,
2268 2890 2325 2934 ut
2413 2883 2725 2947 coniunctis
2804 2884 2978 2953 copiis
3064 2883 3471 2953 expeditionem

1903 2969 2063 3022 istam
2097 2972 2466 3040 susciperent.
2526 2973 2682 3026 Nunc
2717 2974 2883 3044 igitur
2932 2974 3211 3044 supplices
3263 2984 3475 3045 petunt,

1902 3063 2037 3117 velis
2070 3078 2165 3118 eos
2206 3066 2467 3119 exaudire
2499 3076 2553 3120 et
2585 3081 2772 3135 pacem
2833 3068 2987 3122 dare.
3030 3068 3365 3121 Promittant
3415 3085 3474 3123 se

1906 3156 2001 3210 tibi
2047 3157 2247 3210 bellum
2302 3173 2541 3227 praesens
2573 3174 2637 3213 ex
2674 3160 2839 3213 animi
2889 3162 2967 3213 tui
3024 3160 3296 3214 sententia
3344 3174 3480 3214 con-

1906 3250 2163 3314 lecturos,
2192 3259 2247 3305 et
2296 3252 2639 3320 profecturos
2691 3262 2869 3308 tecum
2920 3251 2976 3307 in
3029 3254 3279 3306 militiam
3324 3252 3480 3307 deiu-

1905 3355 2055 3406 ceps,
2081 3342 2395 3411 ubicunQue
2453 3343 2550 3396 tibi
2584 3343 2703 3395 usui
2738 3358 2858 3396 esse
2881 3350 3159 3411 poterunt.
3194 3340 3318 3395 Haec
3349 3356 3474 3394 cum

1904 3435 2248 3499 exposuisset
2304 3435 2551 3496 nuntius,
2594 3434 2837 3489 Chaliles
2894 3435 3054 3504 regiae
3079 3436 3276 3489 domns
3326 3434 3483 3502 prin-

1905 3540 2035 3594 ceps
2061 3527 2112 3580 in
2149 3528 2294 3581 hunc
2330 3528 2552 3580 modum
2594 3528 2877 3596 respondit
2908 3543 2923 3581 :
2955 3531 3061 3584 Sed
3102 3543 3221 3594 vos,
3254 3542 3288 3580 0
3322 3528 3476 3589 Daci,

1903 3619 2060 3673 scitis
2097 3620 2341 3687 profecto
2390 3628 2596 3689 quanta
2631 3620 2701 3673 sit
2753 3622 3031 3689 fueritque
3064 3620 3175 3689 jam
3221 3621 3290 3673 ah
3322 3620 3480 3672 initio

1905 3712 2144 3779 putentia
2199 3713 2340 3780 regis
2382 3728 2396 3765 :
2438 3720 2491 3765 et
2529 3714 2786 3780 quoniam
2834 3728 2979 3767 nunc
3027 3715 3077 3765 in
3129 3713 3479 3768 necessitatis

1906 3804 2138 3857 articulo
2175 3806 2407 3874 adestis,
2446 3804 2733 3876 fuedusque
2786 3807 3073 3861 nobiscum
3129 3807 3281 3860 initis
3336 3807 3478 3859 citra

1904 3895 2091 3948 dolum
2151 3906 2206 3949 et
2253 3895 2520 3957 fraudem.
2574 3899 2736 3951 amici
2779 3900 2933 3953 eritis
2978 3900 3030 3952 iu
3063 3910 3363 3967 posterum.
3420 3898 3478 3953 Si

1905 3990 2033 4051 quid
2089 4005 2278 4043 eorum
2333 4006 2455 4059 quae
2515 3991 2859 4060 promittitis,
2920 3993 3186 4057 feceritis,
3245 3993 3475 4063 gratiam

1906 4084 2203 4136 referentes
2260 4084 2391 4151 regi,
2430 4084 2625 4136 scitote
2661 4087 2804 4153 quod
2844 4099 2968 4138 eum
3018 4084 3477 4155 beneficiis‘nun-

1905 4188 2067 4241 quam
2104 4176 2323 4228 vincere
2367 4176 2640 4244 poteritis.
2690 4175 2854 4227 Arma
2888 4188 3095 4237 autem,
3140 4176 3233 4236 ite.
3262 4186 3316 4229 et
3348 4191 3478 4228 cou-

1907 4266 2083 4321 festim
2119 4269 2226 4321 huc
2262 4268 2478 4322 tradite.
2528 4267 2769 4322 Chaliles
2823 4260 2936 4321 inec
2980 4269 3198 4322 loeutus
3242 4278 3349 4329 est,
3398 4270 3480 4322 di-

1904 4375 2032 4413 cens
2065 4375 2122 4414 se
2152 4377 2213 4412 ea
2264 4360 2444 4414 dicere
2478 4377 2541 4412 ex
2594 4362 2867 4413 sententia
2900 4363 3065 4428 regis.
3112 4375 3349 4428 cumque
3397 4364 3478 4412 di-

1906 4452 2075 4504 misit.
2126 4450 2278 4514 Daci,
2318 4466 2441 4504 cum
2479 4467 2733 4504 reversus
2781 4461 2926 4505 esset
2964 4452 3212 4512 nuntius,
3257 4460 3312 4504 et
3356 4466 3479 4519 qua:

1906 4548 2159 4595 mandata
2208 4543 2511 4609 accepisset
2570 4558 2597 4595 a
2637 4542 2845 4597 Chalile
2882 4558 2947 4596 ex
3000 4544 3258 4596 mandato
3307 4545 3473 4612 regis,

179 4643 362 4702 ἔμε-,ναις
402 4639 745 4707 φειδόμενον.
784 4638 892 4689 Καὶ
942 4635 1085 4687 οὑτω
1122 4635 1259 4703 πρὸς
1299 4636 1472 4704 ἀλκὴν
1502 4638 1798 4706 ἐτράποντο

1906 4646 2252 4697 enarrasset,
2316 4638 2578 4689 continuo
2627 4635 2950 4690 defecerunt
3002 4653 3029 4688 a
3082 4635 3474 4699 Pannouihus,

178 4742 253 4789 τά
293 4736 460 4789 ὅπλα
514 4734 754 4801 ἔχοντες.
788 4733 862 4783 Οὐ
898 4736 1005 4801 γάρ
1049 4731 1203 4799 ἠξίου
1242 4734 1269 4782 ὁ
1304 4731 1581 4800 βασιλεὺς,
1618 4748 1801 4801 παρα-

175 4831 410 4891 Bina;
457 4828 527 4880 τά
588 4827 733 4878 ὅπλα
782 4826 1157 4885 κατακαίνειν,
1201 4823 1335 4875 ἀλλὰ
1376 4822 1547 4874 muta.
1582 4824 1805 4892 ἔχοντας

172 4924 369 4989 δίκην
408 4920 638 4981 διδόναι,
667 4912 740 4971 ὦν
776 4917 998 4968 ἐποίουν
1049 4919 1106 4977 ἐς
1154 4916 1340 4968 αὐτόν.
1377 4917 1486 4968 Καὶ
1518 4914 1663 4969 οὕτω
1699 4919 1800 4985 μὲν

170 5016 243 5082 δὴ
273 5013 487 5081 ταύτῃ
516 5012 573 5061 ὲν
609 5008 785 5061 οὐδενὶ
837 5005 979 5071 λόγῳ
1006 5004 1307 5057 ἀπώλοντο.
1352 5003 1578 5065 Παίονες
1610 5006 1709 5071 μὲν
1738 5004 1803 5073 δὴ

172 5109 410 5175 πράττη.
446 5105 569 5162 τοὺς
600 5103 784 5160 Ain;
813 5097 1194 5163 διισταμένους
1232 5096 1455 5158 ἰδόντες,
1482 5096 1800 5163 ἐθαύμαζον

165 5204 197 5252 ὃ
227 5218 289 5252 τι
345 5195 680 5267 βοὺιοιντο·
716 5191 791 5252 ὡς
821 5192 875 5242 δὲ
926 5189 1172 5255 ἔγνωσαν
1201 5188 1688 5256 διαλλαττομένους
1726 5188 1804 5257 τῷ

169 5292 462 5365 ρισιλεῖ,
484 5283 849 5355 ἐχαλέπαινόν
887 5298 947 5333 τε
994 5280 1200 5343 αὑτοῖς,
1236 5282 1329 5330 καὶ
1375 5278 1606 5348 ἤχθοντο
1636 5297 1805 5332 κατα-

163 5380 594 5457 προδεδωκόσι
640 5378 767 5438 τοὺς
817 5374 1024 5443 φίλους.
1063 5372 1217 5423 Ἐπεὶ
1266 5370 1312 5422 δ’
1358 5372 1539 5439 ὀλίγον
1574 5370 1803 5441 ὕστερον

162 5478 476 5533 κατεῖδον
526 5472 726 5529 αὑτοὺς
789 5467 1108 5535 ξύμπαντας
1179 5464 1313 5531 πρὸς
1381 5464 1474 5514 τοῦ
1535 5462 1800 5532 βασιλέως

160 5574 375 5627 σιςδενι
415 5567 576 5633 λόγῳ
616 5560 1049 5627 ἀπολλυμένους,
1076 5559 1133 5608 ὲν
1164 5555 1405 5620 θαύματι
1435 5555 1670 5623 εἴχοντο,
1702 5559 1801 5623 τήν

160 5684 225 5717 τε
268 5660 546 5727 γνώμην
603 5651 912 5711 ἐννοοῦντες
948 5650 1039 5699 τοῦ
1084 5647 1369 5717 βασιλέως,
1400 5645 1474 5709 ὡς
1526 5650 1681 5699 οὐδέν
1722 5665 1804 5702 τοι

164 5756 543 5826 ςλμμάχων
593 5747 853 5797 τοιούτων
904 5740 1095 5804 ἐδεῖτο,
1164 5757 1307 5809 μεγα
1381 5755 1442 5790 τε
1494 5742 1801 5807 ἐποιοῦντο,

162 5860 199 5903 α
216 5850 431 5903 πάλλει
444 5841 674 5892 ςτεσθαι
708 5841 808 5903 τὴν
844 5836 1127 5901 ταχίστην.

1906 4738 1957 4782 et
1988 4727 2056 4779 ab
2083 4728 2147 4779 iis
2183 4729 2417 4796 separati
2449 4739 2890 4796 veneruntqnatn
2926 4730 3171 4797 proxime
3191 4716 3476 4796 adjanuas

1904 4822 2069 4887 regis.
2106 4818 2204 4873 llic
2234 4837 2355 4871 cum
2380 4821 2543 4874 otiosi
2578 4830 2811 4881 starent,
2852 4823 3117 4889 putabant
3151 4835 3209 4874 se
3242 4822 3471 4888 gratiam

1905 4914 2045 4965 hanc
2109 4912 2312 4965 referre
2370 4914 2504 4981 regi,
2556 4913 2699 4979 quod
2745 4928 2871 4965 eum
2914 4913 2963 4963 in
3004 4914 3253 4979 praesenti
3288 4927 3476 4965 neces-

1903 5008 2063 5057 sitate
2109 5004 2455 5070 adjuvarent.
2501 5003 2805 5069 Sperahaut
2860 5018 3081 5071 quoque
3125 5018 3185 5056 se
3244 5019 3472 5057 munera

1902 5103 1957 5147 et
2011 5104 2188 5147 vestes
2242 5096 2308 5145 ab
2363 5110 2487 5161 rege
2536 5104 2859 5162 accepturus
2912 5105 3135 5161 propter
3180 5094 3231 5146 id
3273 5095 3474 5146 benefi-

1903 5188 2071 5239 cium.
2108 5187 2217 5239 licx
2270 5200 2475 5249 autent,
2526 5202 2652 5239 cum
2705 5187 2757 5237 in
2810 5189 3060 5253 proximo
3100 5186 3472 5239 consisterent

1903 5278 2055 5341 DaCI,
2107 5291 2303 5347 putans
2335 5296 2400 5330 ne
2448 5278 2501 5331 id
2544 5284 2783 5331 iacerent
2833 5294 2897 5331 ex
2944 5279 3273 5347 composito,
3326 5280 3471 5348 paeti

1902 5373 2051 5439 prius
2081 5386 2205 5423 cum
2240 5371 2594 5425 Pannonibus
2638 5382 2694 5423 ut
2722 5372 2826 5423 Sibi
2862 5373 3071 5439 aliquid
3125 5373 3253 5424 mali
3306 5372 3448 5424 inter

1902 5474 2043 5528 rent,
2072 5465 2304 5517 accersit
2345 5463 2575 5531 Eur0paz
2623 5463 2816 5517 ducem
2868 5469 3054 5533 (quem
3105 5464 3326 5518 Bassam
3370 5464 3476 5515 Ro-

1914 5572 2105 5608 manne
2154 5558 2372 5622 vocant)
2410 5556 2697 5610 habentem
2762 5559 2964 5612 milites
3004 5559 3227 5611 circiter
3285 5560 3475 5624 viginti

1918 5650 2082 5701 mille.
2127 5649 2227 5713 Qui
2282 5660 2337 5701 ut
2372 5650 2592 5702 advenit
2637 5652 3095 5718 quemadmodum
3146 5663 3478 5720 praeceptum

1917 5753 2051 5804 erat,
2088 5744 2277 5811 jussus
2314 5758 2397 5796 est
2444 5746 2794 5798 circumdare
2844 5761 3048 5799 corona
3105 5747 3301 5809 Dacos,
3361 5762 3481 5798 om-

1918 5852 2123 5905 nesque
2161 5840 2460 5902 trucidare,
2486 5839 2617 5890 nulli
2661 5854 2912 5907 parcens.
2952 5842 3081 5893 Daci
3130 5856 3347 5909 quoque
3396 5858 3482 5892 ar-

166 5966 262 5999 ma
302 5959 345 5994 ις
376 5945 605 5991 nentes
632 5934 695 5982 ad
746 5930 1113 5983 resistendum
1194 5931 1644 6000 accingebantur.
1713 5927 1942 5985 Nolebat
2002 5934 2151 5983 enim
2192 5947 2285 5985 rex
2336 5944 2391 5985 ut
2446 5935 2658 5986 traditis
2724 5938 2893 5989 armis
2928 5937 3167 5990 inermes
3219 5940 3480 5993 interticc-

557 6035 815 6088 l’aruuc.
857 6032 969 6085 UB.
1011 6028 1123 6085 tle
1145 6029 1216 6085 Χ.

3058 6034 3125 6093 l2
