4180 6434
132 372 232 433 377

1144 381 1241 440 DE
1284 382 1532 442 IlElIUS
1578 387 1940 444 TURCICIS
1985 387 2132 452 LIB.
2179 387 2340 448 VIII.

3279 383 3384 452 378

134 487 402 556 Εὐρώπης
442 487 776 555 στράτευμα,
812 487 936 539 ὅσον
967 490 1082 541 ἐστὶ
1109 493 1331 562 Φερῤὦν
1367 495 1424 554 ἐς
1465 494 1563 562 τὴν
1607 494 1702 546 τοῦ

1843 495 1891 547 bi
1932 495 2072 548 bello
2120 496 2412 549 lacesseret
2459 495 2769 550 Grecorum
2820 497 2962 565 regis
3014 497 3229 550 fratres.
3283 497 3382 551 llic

133 583 405 648 Εὐρώπης
428 580 735 651 στρατηγοῦ
773 582 1063 635 τάττεσθαι
1098 588 1312 654 μοῖραν,
1351 587 1707 656 ἐστρατεύετο

133 678 222 728 ἐπὶ
249 676 682 745 Πελοπόννησον,
707 676 832 737 τούς
871 692 928 727 τε
963 678 1156 737 πτιῒδας
1179 678 1343 730 αὐτοῦ
1377 681 1492 743 ἅμα
1510 679 1710 746 ἀγόμε-

133 787 242 830 νος,
271 769 366 820 καὶ
395 768 663 836 ἄρχοντας
708 769 818 820 τῶν
869 768 1165 833 Θετταλίας
1225 774 1321 824 καὶ
1376 774 1712 834 Μακεδονίας

136 863 364 916 πόλεων.
404 863 516 915 Καὶ
568 862 840 925 ἐσόαλὼν,
887 863 1184 932 ἐπορεύετο
1243 865 1342 934 τὴν
1401 868 1709 932 μεσόγαιον,

147 956 440 1024 ’Λρκαδίαν
471 956 532 1006 τὸ
567 955 793 1008 παλαιὸν
832 957 1199 1026 καλουμένην.
1226 960 1320 1010 καὶ
1369 959 1455 1010 διὰ
1504 961 1713 1028 Τεγέης

135 1050 229 1100 καὶ
256 1049 590 1112 Μαντινείας
616 1050 876 1114 ἐλαύνων,
911 1052 1106 1121 κατῄει
1172 1053 1262 1104 ἐπὶ
1322 1052 1419 1119 τὴν
1476 1053 1714 1121 Ἰθώμην

137 1146 230 1194 καὶ
261 1143 543 1211 Μεσηνίαν
569 1144 774 1214 χώραν.
820 1146 926 1198 Καὶ
978 1148 1306 1216 ληϊσάμενος
1354 1148 1444 1198 ἐπὶ
1503 1148 1715 1216 ἡνέρας

141 1237 344 1301 συχνέυς
376 1237 445 1286 τὰ
473 1235 597 1304 τῇδε
633 1235 924 1303 ὑποζύγια,
966 1239 1337 1307 Νεοπολίχνην
1361 1242 1714 1306 παρεστήσα-

129 1323 217 1390 το,
243 1328 342 1380 καὶ
378 1327 836 1397 Σιδηροπολίχνην
871 1330 1197 1399 πολιορκῶν,
1236 1331 1312 1393 ὡς
1360 1333 1460 1384 οὐκ
1487 1333 1718 1399 ἠδύνατο

139 1420 304 1480 ἑλεῖν,
360 1421 618 1488 ἀπήγαγε
665 1423 758 1475 τὸν
806 1424 1056 1491 στρατὸν,
1116 1425 1418 1489 ἐξελαύνων
1475 1426 1563 1479 διὰ
1623 1428 1717 1492 τῆς

139 1512 278 1566 ὁδοῦ.
314 1513 580 1566 Ἐνταῦθα
616 1515 993 1580 ἐξελαύνοντος
1022 1520 1210 1580 αὐτοῦ,
1242 1521 1269 1570 ὁ
1309 1521 1568 1587 νεώτερος
1591 1519 1718 1587 Ἀχ-

144 1606 325 1674 μάτης
356 1605 501 1659 ἐάλω
554 1607 658 1660 ὑπὸ
715 1607 958 1662 Ἀσάνεω
1001 1611 1095 1663 τοῦ
1150 1611 1418 1679 ἡγεμόνος
1465 1611 1720 1678 γυναικὸς

142 1698 400 1765 ἀδελφοῦ,
435 1700 850 1766 ἐνεδρεύσαντος
874 1705 1048 1773 ταύτῃ
1080 1705 1208 1772 περὶ
1226 1703 1491 1772 Μυκήνης
1516 1702 1718 1771 χώρας,

144 1784 175 1862 ᾗ
205 1791 438 1860 ἔμελλεν
469 1792 771 1856 ἐξελαύνων
795 1794 962 1867 [διὰ¹η
993 1797 1096 1864 τῆς
1111 1797 1232 1848 ὀδοῦ
1261 1794 1561 1866 διεξιέναι].
1588 1795 1722 1847 Τοῦ-

1821 600 2112 656 assumpto
2141 587 2440 642 Thessaliae
2474 598 2527 641 et
2559 589 2790 658 Europae
2839 591 3109 653 exercitu,
3145 598 3382 656 quantus

1824 678 2046 733 Pherris
2095 691 2212 734 erat
2247 689 2297 733 et
2326 682 2595 747 Europam
2628 683 2751 734 duci
2801 683 3046 749 parebat,
3109 681 3384 750 profectus

1820 785 1901 827 ρει
1923 785 2113 827 contra
2137 775 2600 844 Peloponnesum,
2631 777 2889 830 adhibitis
2907 779 3066 830 etiam
3094 776 3210 829 suis
3237 777 3384 832 ﬁliis.

1822 869 2002 920 Auditi
2039 881 2168 920 sunt
2227 870 2350 922 huic
2396 881 2445 923 et
2500 869 2794 922 Thessaliae
2834 869 3383 938 Macedonirequenr-

1823 964 1970 1017 bium
2008 965 2300 1033 principes.
2339 963 2610 1018 Omnibus
2645 965 2812 1032 igitur
2839 964 3064 1032 paratis,
3104 981 3196 1033 per
3216 966 3387 1018 medi-

1825 1067 2157 1118 terraneam,
2186 1072 2349 1124 quam
2376 1058 2504 1109 olim
2535 1058 2822 1110 Arcadiam
2851 1059 3061 1121 dixere,
3094 1067 3144 1110 et
3173 1073 3266 1126 per
3283 1057 3384 1110 Te—

1825 1165 1976 1218 geam
2026 1148 2468 1215 Mantineamque
2524 1151 2821 1204 exercitum
2877 1151 3103 1212 ducens,
3157 1154 3306 1202 venit
3335 1153 3386 1202 in

1829 1240 2051 1293 Ithomze
2094 1251 2147 1294 et
2195 1240 2425 1294 Meseme
2466 1243 2771 1310 regionem.
2801 1241 2937 1296 Cum
2983 1253 3162 1297 autem
3195 1244 3387 1297 diebus

1827 1333 2015 1386 multis
2056 1332 2424 1398 iumentorum
2477 1337 2687 1402 prtedas
2719 1351 2782 1388 ex
2817 1351 2878 1388 ea
2915 1337 3136 1405 egisset,
3169 1335 3386 1388 tandem

1825 1426 1990 1478 etiam
2023 1423 2446 1494 Neopolichnem
2481 1428 2642 1494 cepit.
2670 1426 2971 1482 Obsidione
3003 1427 3204 1480 deinde
3240 1427 3394 1480 Side-

1829 1520 2203 1588 r0policbnem
2237 1521 2636 1574 circumvenit:
2665 1538 2832 1590 quam
2863 1537 2987 1574 cum
3027 1537 3139 1575 sua:
3165 1520 3391 1574 ditionis

1828 1613 2008 1669 facere
2039 1629 2144 1668 non
2180 1625 2385 1681 posset,
2415 1617 2718 1670 exercitum
2751 1616 2999 1672 abduxit.
3035 1615 3168 1670 Cum
3208 1626 3389 1668 autem

1829 1725 1954 1764 cum
2004 1712 2247 1764 exercitu
2318 1711 2786 1777 proﬁcisceretur,
2860 1712 3151 1764 Achmates
3209 1711 3396 1776 junior

1830 1799 2173 1857 'Iurachanis
2191 1802 2336 1857 ﬁlius
2359 1812 2555 1871 captus
2579 1815 2660 1858 est
2694 1805 2762 1858 ab
2792 1805 2989 1868 Asane,
3018 1805 3107 1873 qui
3140 1815 3254 1856 erat
3284 1802 3396 1857 l'ra-

144 1901 232 1935 τον
286 1885 389 1953 μὲν
434 1884 528 1938 οὖν
580 1888 958 1956 ἀπαγαγόντες
988 1890 1042 1948 ἐς
1101 1889 1376 1957 Σπάρτην,
1429 1892 1579 1956 παρᾶ
1627 1891 1718 1940 τὶν

1838 1909 1907 1947 :er
1936 1898 2120 1951 uxoris
2151 1913 2312 1964 quam
2329 1899 2560 1951 duxerat
2591 1898 2951 1966 Peloponnesi
2981 1900 3260 1968 princeps.
3295 1897 3390 1950 llic

145 1976 414 2045 ἡγεμόνα,
447 1975 593 2048 εἶχον
621 1981 678 2032 ἐν
712 1980 950 2052 φυλακῇ,
984 1984 1039 2043 ἐς
1072 1982 1100 2034 ὃ
1131 1983 1195 2052 δὴ
1225 1983 1538 2034 ἀπέδωκαν.

1824 1985 1966 2039 enim
2001 1988 2048 2039 ei
2079 1989 2307 2043 insidias
2336 1992 2536 2044 struxit
2570 1991 2714 2044 circa
2736 1990 3083 2061 Mycenarum
3122 1990 3397 2058 regionem

144 2081 386 2135 quaerat
418 2074 520 2130 iter
547 2075 792 2129 facturus
825 2076 1019 2132 hostis.
1048 2077 1362 2132 Acbmatem
1384 2087 1602 2147 captum
1629 2078 1972 2134 deduxerunt
1996 2085 2045 2135 in
2078 2084 2326 2153 Spartam
2356 2087 2421 2140 ad
2455 2087 2755 2156 principem
2807 2103 3042 2157 euntque
3074 2089 3244 2142 donec
3274 2088 3390 2141 snis

145 2168 558 2230 restitueretur,
591 2169 642 2222 in
670 2170 908 2224 vinculis
940 2171 1201 2224 habuere.

211 2259 325 2313 Τοῦ
346 2261 402 2312 δὲ
440 2262 825 2331 ἐπιγινομένου
865 2263 1055 2334 Θέρους
1082 2266 1199 2332 ἅμα
1223 2262 1316 2337 ἦρι
1349 2267 1514 2330 εὐθὺς
1562 2269 1721 2321 καθι-

147 2354 406 2424 σταμένῳ
433 2356 791 2424 ἐστρατεύετο
817 2359 845 2410 ὁ
871 2360 1166 2428 Μεχμέτης
1189 2362 1215 2413 ὁ
1252 2361 1604 2430 Ἀμουράτεω
1632 2362 1725 2414 ἐπὶ

148 2447 248 2514 τὴν
287 2449 591 2511 Βυζαντίου
628 2450 813 2504 πόλιν·
846 2452 939 2502 καὶ
985 2453 1253 2524 πρότερον
1283 2454 1382 2519 μὲν
1411 2455 1573 2515 εὐθὺς
1605 2456 1721 2506 διοι-

147 2541 463 2610 νοούμενος,
496 2545 617 2596 ἐπεί
673 2561 730 2631 τε
779 2545 1113 2613 ἐτετείχιστο
1180 2546 1352 2615 αὐτῷ.
1400 2547 1499 2615 τὴν
1544 2550 1597 2599 ἐν
1658 2550 1723 2617 τῇ

149 2638 480 2701 Προποντίδι
535 2640 920 2708 Λαιμοκοτιίην
974 2639 1312 2708 καλουμένην
1371 2641 1528 2692 πόλιν
1562 2654 1576 2668 ⁸
1634 2642 1730 2691 καὶ

149 2730 428 2798 χειμῶνος
459 2731 520 2781 τὸ
549 2732 676 2800 τῇδε
716 2733 877 2793 εὐθὺς
912 2734 988 2784 ἔτι
1034 2733 1441 2803 ἐπηρτημένου,
1498 2753 1732 2802 περιαγιι

149 2823 360 2888 γέλλων
395 2825 682 2894 ἅπανταχῆ
715 2827 813 2894 τῆς
842 2844 900 2878 τε
958 2827 1141 2889 Ἀσίας
1202 2827 1296 2878 καὶ
1351 2827 1621 2896 Εὐρώπης
1680 2829 1735 2889 ἐς

149 2921 250 2986 τὴν
269 2920 520 2988 πάραλον
547 2920 969 2988 ναυπηγεῖσθαι,
1008 2920 1169 2973 πλοῖα
1229 2940 1285 2974 τε
1331 2924 1427 2974 καὶ
1490 2924 1734 2992 τριήρεις

153 3012 631 3075 παρεσκευάζετο,
654 3012 976 3081 τηλεόὁλους
1002 3014 1321 3083 ποιούμενος
1354 3015 1645 3083 μεγίστους
1671 3015 1732 3084 δὴ

153 3096 229 3155 ὧν
261 3106 426 3173 ἡμεῖς
453 3107 508 3167 ἐς
541 3107 748 3158 ἐκεῖνον
773 3109 934 3176 ἴσμεν
950 3108 1042 3160 τὸν
1066 3107 1258 3177 χρόνον
1283 3107 1420 3177 ἄλλη
1456 3125 1547 3160 ποι
1574 3126 1736 3175 γεγο-

154 3200 332 3252 νέναι.
373 3199 460 3261 Ὠς
494 3201 548 3252 δὲ
578 3201 752 3253 ἐδόκει
795 3201 943 3269 αὐτῴ
966 3202 1066 3270 ἥδη
1091 3201 1210 3271 ὥρα
1237 3197 1374 3254 εἶναι
1405 3202 1735 3268 ἐξελαύνειν,

1904 2268 2120 2324 Ᾰῖιςιιιιθ
2155 2269 2352 2323 deinde
2378 2277 2668 2337 sequente,
2700 2265 2792 2319 ubi
2816 2265 2991 2332 primo
3017 2281 3108 2317 ver
3129 2267 3401 2333 apparuit.

1832 2363 2166 2417 Mechmetes
2211 2359 2491 2416 Amuratis
2546 2360 2691 2414 (ilius
2742 2358 3153 2425 expeditionem
3213 2367 3401 2410 contra

1830 2455 2148 2525 Byzantium
2169 2455 2438 2509 sumebat.
2470 2453 2586 2508 .Iam
2623 2463 2777 2505 antea
2813 2454 2971 2506 istam
3000 2452 3398 2517 expeditionem

1833 2557 2016 2601 mente
2048 2558 2399 2616 conceperat,
2460 2563 2648 2600 verum
2687 2547 2841 2615 prius
2870 2547 2922 2598 in
2953 2545 3291 2621 Propontide
3318 2561 3407 2596 ur-

1839 2642 1960 2693 bem
2025 2640 2419 2708 Launocnpiam
2485 2641 2756 2694 a‘tliﬁcare
2788 2640 3180 2693 volebat.Cum
3225 2649 3404 2691 autem

1841 2735 2018 2799 hiems
2046 2734 2225 2786 adhuc
2259 2734 2492 2794 smviret,
2526 2734 2692 2786 edicit
2738 2743 2795 2784 ut
2845 2749 3038 2785 omnes
3073 2732 3162 2800 qui
3199 2732 3250 2784 in
3276 2731 3401 2784 Asia

1841 2827 2046 2890 unique
2081 2828 2145 2884 in
2175 2827 2390 2895 Eni-cpt
2432 2836 2655 2894 agerent
2681 2867 2693 2885 .
2729 2827 2792 2878 ad
2825 2827 3098 2878 maritima
3132 2826 3246 2877 loca
3277 2839 3409 2875 con-

1843 2922 2094 2973 venirent
2130 2923 2195 2973 ad
2227 2923 2458 2974 classem
2514 2919 2909 2973 fabricandam.
2946 2919 3120 2973 Naves
3160 2928 3214 2972 et
3244 2920 3410 2971 trire-

1845 3030 1959 3068 mes
1990 3015 2419 3068 l'abrit-abantur.
2476 3014 2807 3066 Bombardas
2845 3013 2958 3065 ﬁeri
2985 3013 3200 3065 curavit
3230 3013 3410 3065 maxi-

1848 3123 1999 3170 mas,
2044 3117 2278 3176 quantas
2340 3107 2589 3158 novimus
2641 3121 2700 3158 ea
2746 3113 3070 3173 tempestate
3127 3120 3408 3172 nunquam

1848 3201 2148 3255 exstitisse.
2189 3197 2322 3253 Cum
2373 3199 2484 3266 jam
2521 3207 2733 3263 tempus
2762 3198 3039 3264 postulare
3078 3198 3305 3258 videret,
3348 3205 3411 3248 ut

156 3293 381 3360 ἔπεμπε
405 3293 506 3361 μὲν
521 3295 712 3363 πρῶτα
728 3295 818 3348 τὸν
842 3297 942 3362 τῆς
967 3296 1232 3364 Εὐρώπης
1253 3296 1554 3366 στρατηγὸν
1570 3297 1737 3365 Σαρα-

1849 3295 1963 3362 ipse
1992 3293 2137 3346 bello
2169 3308 2225 3345 se
2255 3292 2606 3352 immisceret,
2635 3289 3067 3357 Europreducem
3107 3287 3411 3341 Saratziam

156 3387 320 3449 τζίαν
349 3388 734 3456 παραλαϐόντα
753 3407 807 3441 τε
831 3391 919 3441 τὸν
935 3391 1029 3456 τῆς
1053 3390 1318 3458 Εὐρώπης
1345 3393 1592 3460 στρατὸν,
1611 3392 1735 3455 τούς

154 3499 215 3532 τε
236 3480 565 3548 τηέιεὸόλους
581 3480 735 3547 ἄγειν
756 3484 810 3543 ἐς
827 3482 1142 3544 Βυζάντιον,
1165 3483 1326 3545 ἄλλας
1367 3500 1425 3536 τε
1466 3489 1736 3555 μηχανὰς,

162 3575 259 3624 καὶ
281 3573 348 3635 δὴ
369 3575 460 3624 καὶ
474 3573 760 3641 τηλεϐόλον
784 3575 978 3641 μέγαν.
1002 3573 1152 3626 Εἶναι
1170 3575 1225 3626 δὲ
1245 3575 1432 3627 τούτου
1452 3577 1541 3627 τὸν
1584 3577 1739 3642 τηλε-

159 3668 345 3727 ϐὁλον,
366 3667 436 3726 ὡς
456 3664 623 3731 ζεύγη
646 3665 978 3733 βοῶνέλκειν
1003 3667 1396 3735 ἐϐδομήκοντα,
1421 3671 1516 3720 καὶ
1533 3671 1736 3738 ἄνδρας

159 3760 213 3817 ἐς
237 3760 288 3809 δι
299 3758 560 3823 σγιλεους.
578 3757 934 3825 Ἀφικόμενος
957 3761 1052 3827 μὲν
1073 3759 1164 3812 οὖν
1181 3760 1353 3823 οὗτος,
1370 3765 1464 3814 καὶ
1479 3764 1639 3831 apri-:5
1653 3781 1742 3830 ρον

160 3853 288 3911 τοὺς
311 3853 368 3902 ἐν
389 3853 454 3917 τῇ
478 3849 768 3911 Βυζαντίου
789 3854 939 3921 χώρᾳ
959 3853 1224 3920 πύργους,
1252 3856 1305 3916 ἐς
1323 3854 1412 3906 οὒς
1427 3855 1743 3917 διεσώζοντο

161 3948 369 4018 οἱπερὶ
388 3948 455 4001 τὰ
483 3946 618 4016 ἔργα
651 3949 903 4012 ἀγροῖκοι
933 3950 1145 4018 ἄνδρες.
1172 3949 1296 4010 τοὺς
1323 3951 1420 4016 μέν
1445 3950 1747 4016 ἐξεπολιόρ-

163 4060 304 4108 κησε
339 4041 484 4108 λιμῷ
509 4058 524 4072 ο
550 4043 676 4102 τούς
705 4041 758 4092 δὲ
782 4042 873 4092 καὶ
899 4040 1033 4093 ἐλὼν
1064 4043 1206 4092 κατᾶ
1232 4043 1433 4106 κράτος
1483 4045 1606 4097 τοὺς
1655 4043 1746 4095 ἄν-

165 4140 302 4206 δρας
326 4138 633 4202 ἀπαγαγὼν
665 4136 995 4202 κατέσφαξε.
1033 4138 1141 4188 Καὶ
1175 4138 1294 4188 τότε
1320 4138 1381 4206 δὴ
1414 4137 1488 4189 ὡς
1519 4139 1746 4204 ἀφίκετο

169 4231 371 4290 ἐπιὼν,
410 4231 685 4298 ἐπέδραμε
710 4230 809 4298 τὴν
844 4229 1138 4291 Βυζαντίου
1176 4229 1380 4298 χώραν.
1447 4229 1520 4280 Οὐ
1570 4231 1749 4297 πολλῷ

168 4327 227 4376 δὲ
261 4324 495 4392 ὕστερον
527 4321 841 4374 ἐπελαύνων
871 4323 966 4373 καὶ
994 4323 1154 4386 αύτλς
1186 4323 1460 4391 βασιλεὺς,
1490 4326 1749 4394 ἐστρατο·

172 4418 439 4472 πεδεύετο
474 4419 578 4469 ἀπὸ
604 4417 870 4484 Θαλάῖτης
901 4419 978 4479 εἰς
1023 4419 1313 4477 θάλατταν,
1360 4420 1452 4470 καὶ
1504 4419 1597 4470 τὸν
1654 4421 1750 4487 μὲν

172 4516 266 4567 ἐπὶ
299 4513 454 4581 δεξιᾷ
481 4513 660 4581 χῶρον
686 4509 782 4563 τοῦ
815 4511 1104 4579 βασιλέως,
1136 4513 1191 4572 ἐς
1222 4513 1320 4573 τὰς
1355 4514 1604 4582 Χρυτέας
1658 4532 1753 4564 κα-

176 4607 453 4675 λουμένας
505 4605 703 4668 πύλας,
766 4603 1259 4672 ἐστρατοπεδεύετο
1310 4606 1369 4656 τὸ
1421 4605 1519 4669 τῆς
1566 4605 1753 4666 Ἀσίας

1842 3390 1994 3458 jubet
2025 3402 2147 3440 cum
2170 3385 2410 3440 exercitu
2444 3385 2672 3452 Europa!
2704 3385 3043 3452 przrcedere:
3088 3382 3413 3434 bomhardas

1848 3489 1902 3533 et
1935 3479 2174 3547 reliquas
2231 3477 2358 3529 belli
2417 3475 2724 3536 machinas,
2787 3489 2998 3527 necnon
3059 3472 3414 3525 bombardam

1850 3573 2144 3624 maximam
2179 3569 2495 3640 Byzantium
2530 3569 2855 3621 subvehere.
2886 3565 3054 3618 Tanta
3079 3565 3237 3633 hujus
3258 3564 3415 3617 bom-

1851 3666 2035 3720 bard.e
2078 3663 2394 3731 magnitudo
2439 3661 2675 3721 exstitit,
2716 3669 2771 3713 nt
2817 3677 2843 3712 a
2900 3660 3243 3728 septuaginta
3271 3658 3414 3724 jugis

1851 3763 2011 3813 bonm
2043 3770 2094 3813 et
2122 3775 2148 3810 a
2181 3759 2309 3810 viris
2336 3758 2420 3810 bis
2450 3757 2594 3809 mille
2631 3755 2894 3808 trahenda
2921 3754 3105 3806 fuerit.
3140 3750 3414 3805 Saratzias

1854 3855 1942 3908 tibi
1986 3853 2204 3905 advenit
2235 3850 2578 3921 Byzantium,
2606 3849 2765 3918 203
2791 3860 2990 3911 turres,
3023 3847 3074 3900 in
3111 3862 3246 3915 quas
3279 3849 3422 3913 agri-

1853 3951 1985 4003 colae
2017 3963 2075 4001 se
2102 3945 2438 4013 recipiebant
2467 3942 2740 4011 fugientes
2781 3943 3014 4005 hostem,
3044 3942 3307 4009 quasdam
3345 3939 3422 3992 ia—

1854 4059 1940 4096 me
1963 4042 2312 4111 expugnavit,
2378 4039 2638 4106 quasdam
2674 4038 2725 4090 vi
2774 4038 2953 4104 cepit:
2993 4037 3138 4089 viros
3171 4037 3293 4087 inde
3324 4035 3419 4084 ab-

1854 4133 2301 4190 ductosneeavit.
2329 4131 2500 4183 Etiam
2529 4127 2772 4198 Byzantii
2804 4129 3074 4195 regionem
3102 4125 3422 4193 gravissime

1856 4226 2301 4298 populationibus
2332 4222 2544 4276 aIIIixit.
2593 4220 2700 4276 Nec
2735 4222 2911 4272 multo
2943 4228 3066 4287 post
3098 4229 3316 4273 secutus
3339 4226 3422 4270 est

1860 4339 1951 4374 rex
1993 4321 2128 4388 ipse.
2155 4329 2205 4371 et
2234 4329 2414 4372 castra
2461 4323 2641 4384 posuit
2670 4331 2789 4383 qum
2823 4315 2891 4367 ab
2943 4331 3047 4364 una
3078 4313 3244 4365 maris
3276 4321 3425 4379 parte

1858 4416 1910 4468 in
1950 4414 2179 4466 alteram
2215 4409 2656 4479 porrigebantnr.
2690 4409 2744 4460 In
2785 4423 2849 4459 eo
2880 4407 2997 4459 loco
3031 4406 3122 4471 qui
3152 4421 3180 4458 a
3213 4404 3423 4457 dextris

1859 4507 1971 4576 regi
2009 4515 2149 4568 erat,
2194 4521 2366 4573 usque
2397 4505 2462 4556 ad
2501 4518 2621 4556 eum
2664 4503 2842 4555 locum
2879 4501 2971 4570 qui
3022 4502 3220 4552 Aurem
3257 4507 3425 4564 portas

1861 4605 2087 4667 dicitur,
2121 4607 2546 4654 castratnetatus
2566 4605 2650 4649 est
2675 4596 2906 4649 Asianus
2941 4592 3236 4646 exercitus.
3262 4591 3318 4643 In
3356 4591 3427 4642 si-

180 4703 334 4754 ἆπαν
363 4700 674 4765 στράτευμα
704 4713 720 4728 ·
749 4698 802 4753 ἐς
831 4696 885 4748 δέ
910 4695 968 4745 τὸ
1025 4696 1300 4763 εὐώνυμον
1346 4699 1562 4768 χωρίον,
1618 4700 1737 4750 κατέ

1862 4697 2032 4750 nistra
2065 4705 2217 4763 parte
2245 4693 2399 4760 juxta
2425 4691 2603 4743 locum
2646 4689 2736 4758 qui
2765 4688 2967 4756 Lignea
2997 4696 3150 4753 porta
3183 4684 3426 4752 appella~

179 4794 282 4860 τὴν
311 4789 546 4858 Ξυὶίνην
594 4789 940 4856 καλουμένην
993 4788 1192 4857 πύλην,
1247 4793 1273 4842 ὁ
1338 4792 1434 4856 τῆς
1487 4793 1754 4860 Εὐρώπης

183 4885 416 4953 στρατός
444 4900 458 4915 ·
484 4886 541 4935 ἐν
569 4882 718 4952 μέσῳ
745 4882 790 4933 δ’
815 4882 975 4943 αὐτὸς
1004 4882 1188 4950 ἵδρυτο
1215 4882 1493 4948 βασιλεὺς,
1528 4883 1662 4952 ἔχων
1695 4902 1753 4936 τε

180 4980 312 5036 τοὺς
342 4977 622 5046 νεήλυδας,
657 4975 751 5026 καὶ
812 4973 919 5025 τῶν
975 4974 1157 5042 Θυρῶν
1208 4975 1322 5027 ὅσοι
1366 4975 1588 5028 είώοασι
1634 4979 1759 5044 περὶ

185 5070 413 5142 βασιλέα
445 5068 695 5135 σκηνοῦν.
729 5067 967 5132 Ζάγανος
996 5067 1051 5118 δὲ
1083 5065 1111 5116 ὁ
1142 5065 1234 5118 τού
1274 5067 1535 5135 βασιλέως
1600 5069 1761 5136 κηδε-

186 5163 322 5231 στὴς
377 5158 875 5226 ἐστρατοπεδεύετο
928 5159 984 5219 ἐς
1048 5159 1138 5210 τὸν
1205 5162 1538 5228 καταντικρὺ
1589 5161 1764 5231 χῶρον

184 5258 330 5324 ὑπὲρ
355 5255 450 5321 τὴν
476 5253 748 5319 Γαλατίην
782 5252 957 5304 πόλιν.
985 5252 1216 5316 Λέγεται
1238 5252 1294 5304 δέ
1338 5253 1590 5316 γενέσθαι
1629 5254 1767 5319 ξύμ-

185 5366 371 5403 παντα
407 5348 496 5400 τδν
539 5347 768 5412 στρατὸν
814 5347 955 5414 ἀμφὶ
991 5346 1089 5406 τὰς
1123 5348 1533 5416 τεσσαράκοντα
1573 5350 1768 5417 μυριά-

186 5444 305 5504 δας.
339 5441 461 5490 Τῶν
489 5439 545 5490 δὲ
578 5437 886 5502 ὑποζυγίων
919 5438 1221 5490 διαπλασῖω
1260 5439 1324 5491 ἂν
1350 5439 1555 5489 τούτων
1619 5439 1772 5506 ἀριθ-

192 5534 294 5600 μὸν
339 5529 625 5597 ξυ;,·.6αίνει
659 5527 910 5594 γενέσθαι
938 5531 992 5588 ἐς
1029 5531 1088 5578 τὸ
1121 5527 1213 5579 τοῦ
1259 5527 1522 5596 βασιλέως
1551 5529 1776 5596 σῖγματὸ-

190 5625 372 5679 πεδον.
426 5621 731 5688 ’Υποζύγια
768 5620 874 5687 γὰρ
903 5619 1182 5688 νομίζεται
1227 5624 1278 5682 ἐς
1312 5622 1370 5673 τὸ
1407 5621 1768 5691 στρατόπεδον

1863 4801 1973 4857 tur,
2029 4789 2258 4857 Europae
2308 4784 2586 4837 exercitus
2623 4781 2910 4846 tendebat;
2958 4782 3010 4832 in
3050 4779 3228 4830 medio
3279 4777 3426 4843 regia

1865 4889 2043 4933 castra
2066 4879 2170 4932 sita
2205 4885 2363 4930 erant
2391 4889 2513 4927 eum
2545 4872 2843 4941 peregrinis
2872 4872 3117 4939 etjanua;
3144 4869 3430 4930 militibus,

1866 4974 1956 5043 qui
2014 4981 2192 5022 castra
2220 4970 2368 5020 circa
2425 4981 2602 5037 regem
2635 4981 2838 5033 ponere
2876 4951 3231 5016 consuevere.
3263 4961 3432 5028 Zaga-

1871 5080 1975 5120 nus
2025 5063 2168 5131 regis
2203 5060 2379 5113 alliuis
2411 5073 2439 5111 e
2465 5057 2683 5126 regione
2737 5069 2900 5122 supra
2937 5052 3206 5106 Galatiam
3241 5051 3429 5103 urbem

1869 5167 2045 5211 eastra
2068 5153 2492 5208 commnnierat.
2545 5146 2916 5215 Quadraginta
2954 5143 3225 5214 tnyriades
3255 5142 3432 5194 horni-

1871 5265 1995 5300 num
2029 5245 2288 5298 dicuntur
2310 5252 2422 5294 tum
2445 5239 2702 5306 temporis
2722 5237 2775 5291 in
2799 5238 3041 5291 exercitu
3072 5236 3216 5305 regis
3244 5235 3434 5287 fuisse.

1871 5341 2162 5392 Numerum
2196 5345 2378 5386 autem
2410 5331 2785 5399 jumentorum
2815 5329 2955 5397 apud
2990 5343 3181 5381 omnes
3211 5337 3432 5380 constat

1871 5431 2038 5497 duplo
2091 5427 2352 5493 majorem
2421 5423 2559 5483 ﬁeri,
2607 5432 2665 5474 ut
2696 5423 2832 5476 satis
2873 5419 3116 5473 alimenti
3146 5418 3436 5487 pabulique

1872 5525 2028 5591 equis
2095 5519 2516 5585 hominibusque
2567 5516 2654 5567 sit.
2695 5513 2807 5567 Soli
2864 5515 3064 5567 etenim
3095 5513 3254 5565 Turci
3289 5514 3432 5580 quod

1877 5619 2066 5677 sciam,
2125 5615 2226 5668 sibi
2256 5609 2563 5666 necessaria
2599 5621 2814 5676 semper
2842 5612 3168 5676 apponant,
3194 5616 3437 5672 quocun-

1521 5767 1763 5827 Netulee
1804 5758 2202 5838 marginales.

273 5899 315 5926 “
355 5893 488 5947 Iztcl.
524 5895 574 5946 in
605 5894 675 5947 al.
714 5897 823 5949 des.
