4180 6434
816 404 915 468 39!

1911 406 2220 466 LAON’ICI
2268 404 2943 465 CllALCOCONDi’L.E

3937 400 4036 463 392

800 516 1101 585 ινιαενοειιίιίς
1133 516 1438 579 festinaret,
1474 526 1527 571 et
1572 520 1625 570 in
1677 521 1994 573 miserabile
2052 521 2154 571 hoc
2193 520 2349 573 venit:

2447 567 2449 578 ,
2484 520 2577 570 καὶ
2603 518 2906 587 διήρπαζον
2948 517 3045 587 τὴν
3079 516 3232 569 πόλιν
3279 519 3613 585 τραπόμενοι
3660 518 3783 568 δποι
3826 515 4036 586 ἑκάστῳ

798 613 927 665 baut
950 610 1350 679 spectaculum.
1386 610 1561 664 l‘ortae
1584 627 1807 680 quoque
1832 613 2233 664 claudebantur
2270 627 2371 679 0p-

799 706 955 771 pletae
980 703 1311 771 corporibus
1337 704 1671 767 Graernrum,
1725 720 1850 757 cuin
1886 720 1979 770 per
2011 719 2105 757 eas
2159 706 2366 757 exitum

796 804 1107 864 quaererent
1131 796 1413 849 vadentes.
1454 797 1737 865 Peregrini
1772 814 1929 851 niuro
1978 814 2177 865 magno
2211 814 2372 867 supr-

796 889 1088 957 rato(nain
1113 897 1168 941 et
1201 887 1367 955 hujus
1414 902 1619 955 partem
1655 889 1960 942 bouibarda
2001 889 2237 942 maxima
2290 889 2369 941 tli-

794 980 1030 1048 ruerat),
1070 995 1134 1033 ea
1168 981 1405 1034 ruebant
1459 984 1510 1032 in
1548 980 1761 1045 urbem,
1816 998 1978 1049 quain
2014 981 2367 1050 diripiebant,

794 1081 986 1125 euntes
1009 1086 1117 1139 qua
1142 1073 1340 1140 cuique
1363 1072 1589 1125 liberum
1613 1082 1754 1135 erat,
1780 1089 1997 1127 nemine
2026 1074 2367 1143 prohibente.

794 1164 968 1217 Graeci
999 1172 1203 1226 autem,
1242 1164 1329 1217 ubi
1386 1164 1619 1231 primum
1656 1166 1797 1218 fatua
1855 1178 2069 1234 captant
2099 1182 2221 1219 esse
2280 1182 2372 1220 ur-

795 1258 916 1309 bem
951 1258 1192 1316 volabat.
1219 1256 1347 1327 fuga
1382 1258 1704 1312 ferebantur
1736 1262 1787 1313 in
1819 1271 2038 1329 portum
2085 1265 2153 1314 ad
2190 1261 2368 1316 Vene-

795 1351 1440 1407 turumetJanuensiuiu
1494 1369 1683 1407 naves.
1738 1353 1965 1408 Plurimi
2024 1372 2191 1411 naves
2244 1373 2368 1410 cum

792 1459 1009 1495 summa
1049 1443 1326 1497 celeritate
1378 1444 1605 1509 ingressi
1656 1444 2083 1509 iiitcrcidehaut,
2140 1448 2370 1499 naribus

791 1537 904 1587 alto
995 1535 1215 1588 mersis.
1258 1534 1443 1604 anue
1500 1537 1819 1604 contingere
1867 1539 2192 1591 videbantur
2248 1556 2370 1607 quae

790 1628 1114 1694 contingere
1142 1627 1323 1681 solent
1360 1628 1413 1681 in
1461 1629 1733 1695 ejusmodi
1771 1630 1968 1691 turbis,
2000 1646 2126 1682 cuin
2178 1646 2369 1684 omnes

793 1719 942 1773 nullo
969 1736 1163 1772 ornatu
1195 1721 1457 1789 nulloque
1484 1721 1677 1775 ordine
1701 1736 1905 1791 susque
1950 1728 2124 1792 deque
2182 1740 2367 1777 curre—

794 1820 934 1875 rent,
975 1827 1032 1864 ut
1064 1816 1388 1883 semetipsos
1417 1825 1702 1869 servarent
1728 1827 1877 1871 tutos
1926 1818 1997 1871 ab
2054 1818 2361 1871 imminenti

2479 612 2816 680 προχωροίη.
2851 612 2912 661 Oi
2945 611 3000 662 δὲ
3036 610 3297 679 Ἕλληνες
3324 609 3543 677 πρῶτον
3578 607 3700 677 μὶν,
3727 608 3801 667 ὡς
3824 608 3859 675 ἡ
3879 609 4032 676 φήμη

2476 704 2789 773 διέδραμεν,
2817 706 2892 765 ὡς
2917 704 3064 757 ἑάλω
3095 705 3130 773 ἠ
3171 703 3345 764 πόλις,
3372 702 3422 753 oi
3472 701 3573 770 μὲν
3607 703 3752 771 φυγῇ
3783 701 4036 771 ὥρμηντο

2475 795 2566 847 ἐπὶ
2596 794 2687 845 τὸν
2723 794 2918 863 λιμένα
2949 796 3004 855 ις
3041 795 3140 856 τάς
3200 792 3333 854 ναῦς
3362 794 3471 844 τῶν
3503 793 3779 845 Οὑενετῶν
3806 795 3900 844 καὶ
3924 794 4029 845 Ἰαο

2476 890 2668 950 νυῖων,
2723 889 2819 941 καὶ
2866 888 3055 940 πολλοὶ⁸
3109 890 3166 946 ἐς
3246 890 3317 940 τά
3377 887 3637 956 πλοιάρια
3694 886 4038 948 ἐσϐάλλοντες

2476 981 2680 1053 σπουδῇ
2710 986 2804 1035 καὶ
2854 984 3116 1049 ἀκόσμως
3139 982 3441 1047 ἀπώλοντο,
3476 980 3891 1051 καταδυομένων
3932 978 4037 1029 τῶν

2475 1072 2797 1142 πλοιαρίων.
2831 1074 2939 1127 Καὶ
2971 1075 3224 1141 ἐγίγνετο
3250 1069 3337 1125 οἶα
3360 1073 3425 1142 δὴ
3452 1072 3740 1141 γίγνεσθαι
3770 1070 3952 1125 εἰώθει
3981 1071 4036 1121 ὲν

2475 1167 2589 1228 τοῖς
2622 1164 2891 1226 τοιούτοις
2942 1165 3221 1234 θορύϐοις,
3260 1166 3515 1229 ἀτάκτως
3549 1162 3875 1235 χωρούντων
3917 1162 4039 1215 ἑκά-

2476 1275 2619 1309 στων
2654 1260 2712 1321 ές
2740 1258 2801 1309 τὸ
2835 1258 3202 1321 διας-ὠξεσθαι
3231 1260 3289 1311 ἐν
3313 1260 3491 1312 οὐδενὶ
3524 1258 3733 1327 κόσμῳ.
3766 1247 4036 1311 Καὶοῦτοι

2476 1350 2847 1419 μὲνέςῢησαν
2905 1353 3285 1419 ἀποφυγόντες
3336 1353 3465 1411 τοὺς
3516 1350 3831 1419 Τούρκους⁶
3880 1349 3931 1401 οί
3983 1348 4033 1397 δὲ

2473 1445 2718 1513 πυλωροὶ
2738 1445 2837 1513 τῆς
2870 1446 3102 1509 πόλεως,
3133 1445 3500 1515 ἀγνωμοσύνῃ
3526 1444 3878 1512 κακοδαίμονι
3908 1458 4037 1511 χρη-

2476 1536 2724 1603 σάμενοι,
2751 1536 2827 1599 ὡς
2868 1536 3059 1609 ἐώρων
3110 1542 3239 1601 τοὺς
3283 1537 3556 1607 Ἕλληνας
3603 1538 3696 1589 ἐπὶ
3751 1539 3848 1597 τάς
3909 1534 4036 1593 ναῦς

2473 1627 2877 1696 τραπομένους,
2911 1630 3056 1697 φυγῇ
3086 1627 3455 1698 ὡρμημένους
3514 1625 3783 1689 σώζεσθαι
3839 1623 3897 1686 ἐξ
3939 1624 4030 1683 τας

2472 1717 2627 1781 ναῦ;,
2664 1720 2924 1786 οίόμενοι,
2965 1720 3039 1783 ὡς
3094 1721 3142 1771 εί
3197 1720 3573 1774 ἑπικλείσαιεν
3603 1721 3659 1781 ές
3711 1718 3808 1778 τάς
3843 1716 4032 1785 0:391;-

2472 1810 2874 1878 ἀναγκασθοῖεν
2909 1812 2959 1864 οί
3004 1812 3262 1881 Ἕλληνες
3324 1812 3742 1882 ἐπιστρέφοντες
3785 1808 3802 1838 ¹
3836 1806 4033 1874 ἀμύνε-

793 1910 1056 1973 periculo.
1099 1908 1161 1959 lit
1199 1907 1252 1960 lii
1316 1909 1537 1977 quidem
1595 1909 1897 1964 Turcorum
1954 1927 2152 1967 manus
2192 1913 2362 1967 evita-

2447 1902 2615 1965 “σθαι,
2648 1906 2741 1956 xa‘t
2765 1906 2908 1956 κατά
2933 1922 3060 1957 τινα
3090 1905 3343 1974 χρησμὸν
3373 1904 3632 1975 ᾀδόμενον
3665 1904 3722 1953 ἐν
3750 1903 3815 1970 τῇ
3861 1897 4030 1959 πόλει,

794 2014 937 2051 iuni.
961 2006 1027 2051 At
1069 1990 1219 2053 urbis
1270 2000 1544 2071 janitores
1578 2004 1887 2071 ignorantia
1923 2014 1978 2059 et
2002 2004 2223 2060 inscitia
2281 2009 2365 2061 iii-

790 2093 945 2147 telice
984 2094 1090 2157 usi,
1127 2110 1249 2148 cum
1284 2104 1575 2150 cernerent
1599 2096 1815 2151 Graecos
1839 2114 2136 2154 conversos
2170 2100 2223 2154 in
2279 2100 2359 2154 fu-

789 2202 935 2253 gam,
964 2187 1031 2240 ad
1064 2203 1232 2242 naves
1270 2204 1594 2258 properare,
1623 2200 1677 2244 et
1710 2190 1918 2261 impetu
1950 2192 2004 2246 in
2034 2207 2128 2249 eos
2150 2195 2244 2264 qui
2271 2210 2363 2248 sa-

789 2282 955 2335 lutem
1008 2294 1483 2353 consequerentur
1541 2301 1739 2349 ruere,
1805 2288 2114 2356 putabant,
2183 2289 2227 2342 si
2268 2304 2365 2342 eos

789 2376 1109 2428 clauderent
1137 2376 1278 2429 intra
1314 2377 1529 2440 urbem,
1566 2378 1681 2433 fore
1722 2389 1780 2431 ut
1830 2391 2161 2449 cogerentur
2188 2382 2365 2435 redire

788 2477 843 2519 ct
862 2468 1236 2537 redintegrare
1256 2470 1500 2537 praelium
1520 2486 1641 2523 cum
1664 2472 1820 2524 hoste
1842 2489 1855 2524 :
1873 2472 1925 2524 id
1945 2472 2157 2527 consilii
2171 2489 2366 2544 sugge-

793 2565 947 2613 rebat
977 2564 1263 2615 oraculum
1289 2562 1560 2630 quoddam
1599 2563 1650 2614 in
1679 2563 1813 2617 urbe
1844 2566 2219 2628 decantatum,
2250 2568 2365 2621 [ore

788 2656 1047 2709 videlicet
1068 2666 1127 2708 ut
1148 2671 1268 2709 cuiu
1309 2655 1492 2709 hostes
1519 2658 1791 2710 venissent
1832 2673 2003 2725 lisque
2040 2659 2105 2711 ad
2130 2661 2365 2714 civitatis

790 2747 970 2802 lociiui
989 2748 1152 2801 Tauri
1198 2748 1427 2813 dictum,
1471 2759 1525 2802 et
1562 2753 1864 2817 Oppidanos
1887 2766 2363 2821 persequerentur.

787 2844 1087 2910 oppidanos
1122 2854 1234 2893 tuiu
1273 2856 1593 2906 conversos,
1629 2843 1959 2896 necessitate
1986 2859 2066 2895 sic
2114 2854 2362 2912 urgente,

788 2935 1002 2987 hostem
1046 2934 1395 3002 expulsurus,
1425 2934 1727 3001 urbemque
1766 2934 1979 2987 fortiter
2031 2944 2363 2988 retenturus.

790 3024 927 3078 lluic
947 3025 1169 3079 oraculo
1200 3027 1435 3079 arbitror
1472 3026 1631 3079 Iidem
1656 3026 2134 3079 accommodantes
2165 3027 2369 3095 jan‘ito-

789 3133 899 3181 res,
919 3120 1099 3172 claves
1114 3118 1182 3172 tle
1202 3133 1360 3172 muro
1378 3128 1532 3171 extra
1556 3118 2014 3187 urbeiiijactasse.
2030 3120 2163 3173 Cum
2183 3132 2364 3173 autent

2465 1995 2541 2057 ὡς
2570 1995 2699 2058 τοὺς
2733 1996 3031 2064 πολεμίους
3064 1998 3193 2065 ἄχρι
3220 1997 3313 2049 τοῦ
3338 1994 3556 2067 Ταύρου
3586 1992 3765 2064 χώρου
3812 1991 3910 2058 τῆς
3941 1989 4033 2039 πό-

2466 2089 2604 2152 λεως
2666 2093 3069 2163 ἐπιγενομένων
3124 2094 3218 2145 καὶ
3256 2093 3644 2159 ἐπικειμένων,
3676 2089 3801 2148 τοὺς
3859 2085 3918 2137 ὲν
3966 2086 4026 2151 τῇ

2471 2185 2622 2236 πόλει
2672 2187 3089 2256 συστραφέντας
3133 2187 3373 2256 ἀνάγκη,
3419 2184 3817 2254 ἀμυνομένους,
3875 2178 4031 2231 ἐκδαο

2466 2279 2580 2331 λεῖν
2610 2282 2738 2343 τοὺς
2768 2282 3088 2349 πολεμίους,
3117 2282 3213 2335 καὶ
3266 2279 3469 2342 αὐτοὺς
3502 2279 3680 2349 ίσχειν
3706 2274 3804 2344 τὴν
3858 2273 4026 2325 πέλω.

2480 2374 2567 2425 Ἐν
2605 2373 2781 2444 ταύτῃ
2812 2370 2965 2445 οἶμαι
2997 2375 3275 2445 τιθέμενοι
3307 2378 3373 2445 τῇ
3403 2374 3553 2444 δόξῃ.
3602 2373 3701 2434 τάς
3736 2371 3889 2429 κλεῖς
3924 2368 4027 2420 άνω

2466 2468 2574 2520 άπὸ
2617 2467 2711 2520 τοῦ
2746 2469 2961 2539 τείχους
2990 2468 3095 2534 ἔξω
3148 2467 3486 2537 ἀπέρριψαν.
3524 2466 3589 2519 Οί
3622 2466 3676 2516 δὲ
3728 2462 3919 2531 ἄνδρες
3973 2476 4027 2511 τε

2467 2563 2561 2614 καὶ
2586 2564 2868 2629 γυναῖκες,
2897 2560 3099 2630 πλῆθος
3125 2561 3261 2613 πολὺ
3288 2562 3593 2629 γενόμενοι,
3620 2554 3859 2608 ἐνταῦθα
3880 2555 4028 2619 ἑπιρ-

2467 2654 2699 2722 ῥεόντων
2724 2653 2833 2705 αἰεὶ
2858 2653 3089 2723 συχνῶν,
3140 2654 3443 2722 ἐτράποντο
3498 2651 3589 2702 ἐπὶ
3626 2648 3719 2701 τοῦ
3775 2646 4023 2715 μεγίστου

2466 2747 2571 2800 νεὼ
2600 2749 2699 2817 τῆς
2762 2746 2995 2810 πόλεως,
3031 2745 3133 2814 τῆς
3192 2746 3360 2812 ἀγίας
3408 2743 3607 2812 Σοφίας
3670 2738 4022 2808 καλουμένηε,

2466 2844 2560 2894 καὶ
2586 2840 2818 2894 ἐνταῦθα
2850 2841 3197 2907 συνελέγοντο
3232 2841 3322 2891 καὶ
3366 2836 3579 2908 ἄνδρες,
3614 2835 3709 2888 καὶ
3753 2835 4021 2901 γυναῖκες.

2468 2940 2563 2990 καὶ
2588 2935 2800 2998 παῖδες.
2833 2933 2911 2989 Οὐ
2932 2933 3111 3003 πολλῷ
3152 2934 3337 3003 μέντοι
3379 2931 3607 3001 ὕστερον
3640 2928 3889 2983 ἑάλωσαν
3929 2922 4024 2977 ὑπὸ

2466 3030 2859 3101 τώνΤούρκων
2915 3030 3185 3100 ἀμαχητὶ,
3236 3029 3331 3078 καὶ
3386 3024 3596 3096 ἀνδρῶν
3651 3023 3753 3075 οὐκ
3781 3020 3975 3085 ὀλίγων
4000 3017 4020 3047 ⁸

2469 3126 2620 3187 ἐντὸς
2645 3125 2739 3177 τοῦ
2758 3122 2863 3176 νεὼ
2904 3124 3277 3192 διεφθάρησαν
3308 3120 3413 3172 ὑπὸ
3449 3119 3735 3187 Τούρκων.
3769 3114 3954 3169 ’Δλλοι
3977 3111 4018 3163 δ’

788 3211 947 3265 turba
983 3226 1176 3282 magna
1204 3214 1447 3265 virorum
1478 3223 1533 3265 et
1570 3212 1861 3265 mulierum
1895 3214 1999 3265 huc
2032 3213 2355 3274 conﬂueret,

2462 3217 2530 3272 αὖ
2595 3218 2705 3271 τῶν
2757 3216 3026 3287 Ἑλλήνων
3080 3217 3215 3289 ἄλλῃ
3270 3215 3371 3281 τῆς
3416 3213 3625 3274 πόλεως
3667 3210 4018 3281 τραπόμενοι,

788 3304 1007 3357 tandem
1040 3305 1439 3356 contendebant
1463 3303 1531 3356 ad
1571 3301 1869 3355 inaxiiuuin
1912 3304 2064 3355 urbis
2090 3304 2355 3372 templum

789 3398 1005 3448 Sancta:
1028 3392 1247 3463 Sophia:
1278 3394 1513 3448 dictum.
1574 3393 1691 3469 lluc
1737 3396 2211 3466 congregabantur
2258 3398 2357 3452 viri

787 3488 994 3555 pariter
1024 3496 1080 3541 et
1104 3489 1363 3541 mulieres
1388 3488 1677 3556 liberique.
1720 3486 1830 3543 Nec
1871 3490 2042 3543 multo
2066 3500 2187 3557 post
2213 3492 2358 3560 capti

783 3591 915 3634 δυιιι
947 3594 978 3633 a
1018 3578 1212 3635 Turcis
1235 3582 1374 3634 citra
1404 3584 1681 3650 prtelium,
1709 3583 2043 3653 plurimique
2067 3585 2165 3638 viri
2214 3584 2358 3637 intra

786 3672 1047 3740 templum
1082 3690 1111 3726 ει
1171 3670 1370 3727 Turcis
1426 3675 1679 3727 trucidati
1720 3688 1871 3731 sunt.
1920 3674 2131 3745 Reliqui
2183 3674 2359 3731 (ἓνεεοί

788 3781 883 3834 per
918 3766 1107 3820 urbem
1138 3768 1261 3837 fuga
1297 3767 1574 3835 dissipati,
1600 3784 1710 3837 quo
1731 3784 1790 3823 se
1819 3779 2115 3834 verterent,
2172 3779 2231 3825 ut
2277 3772 2360 3825 et-

784 3862 1037 3927 iugerent
1092 3872 1333 3927 praesens
1390 3862 1713 3926 discrimen,
1801 3865 2143 3916 nesciebant.
2202 3863 2357 3918 llamt

793 3953 963 4007 multo
998 3961 1126 4023 post
1157 3952 1379 4022 quidam
1435 3970 1625 4008 eorum
1682 3972 1939 4024 pecorum
1976 3974 2125 4013 more
2187 3961 2358 4014 truci-

784 4046 919 4111 dati,
953 4047 1173 4116 quidain
1198 4060 1342 4119 capti
1364 4056 1514 4103 sunt.
1546 4048 1779 4103 Plurimi
1815 4050 1991 4105 ϐιαιθί
2027 4067 2152 4106 cum
2178 4052 2359 4107 forent

784 4142 882 4190 viri
911 4141 1060 4205 boni,
1081 4142 1299 4199 fortiter
1324 4144 1540 4196 ciebant
1575 4143 1841 4210 primum,
1874 4142 2140 4212 eligentes
2176 4145 2357 4215 potius

783 4248 878 4299 pro
896 4234 1072 4300 patria
1104 4235 1239 4290 mori
1271 4250 1433 4304 quam
1459 4234 1643 4290 videre
1676 4251 1874 4291 uxores
1892 4246 1946 4292 et
1977 4238 2179 4292 liberos
2224 4253 2358 4308 prae-

780 4328 903 4379 dam
946 4326 1063 4380 fore
1109 4327 1373 4381 hostium.
1437 4326 1770 4397 Theophilus
1822 4340 2047 4383 exortus
2092 4328 2356 4388 Palaeolo-

779 4437 971 4488 gerum
1003 4436 1201 4489 genere
1232 4423 1454 4475 lortiter
1490 4422 1764 4477 dimicans
1787 4423 1839 4476 in
1872 4423 2031 4491 211
2062 4439 2124 4478 ea
2176 4441 2353 4494 pugna

2464 3314 2521 3365 ὲν
2547 3313 2752 3383 ἀπορία
2778 3327 2837 3364 τε
2859 3314 3093 3381 εἴχοντο,
3126 3311 3222 3363 καὶ
3246 3312 3307 3361 οὐ
3337 3306 3518 3376 πολλῷ
3572 3305 3802 3374 ὕστερον
3846 3304 3897 3355 si
3927 3306 4014 3371 μὲν

2462 3406 2766 3470 ἀπώλοντο,
2828 3406 2876 3458 oi
2924 3405 2980 3458 δὲ
3028 3407 3121 3457 καὶ
3178 3404 3487 3473 ἡλίσκοντο.
3521 3396 3630 3452 Καὶ
3685 3398 3875 3450 πολλοὶ
3922 3398 4019 3447 τῶν

2471 3499 2741 3568 Ἑλλήνων
2772 3498 2964 3566 ἄνδρες
2996 3497 3281 3565 γενόμενοι
3315 3494 3535 3560 ἁγαθοὶ,
3570 3492 3910 3562 ἐμαχέσαντο
3935 3492 4019 3543 καὶ

2460 3595 2731 3648 ἀπέθανον
2757 3594 2895 3664 πρὸς
2915 3594 3016 3664 τῆς
3051 3591 3330 3660 πατρίδος,
3381 3589 3523 3644 ὥστε
3555 3590 3631 3660 μὴ
3678 3588 3887 3641 ἐπιδεῖν
3928 3588 4020 3649 τάς

2462 3692 2725 3756 γυναῖκας
2754 3688 2954 3753 αὐτῶν,
2987 3688 3082 3741 καὶ
3114 3688 3241 3749 τοὺς
3303 3686 3494 3747 παῖδας
3534 3683 3575 3745 ³,
3632 3684 3710 3746 είς
3756 3683 4021 3751 ἀνδραπο-

2460 3782 2653 3849 δισμὸν
2682 3781 2996 3849 γινομένας.
3035 3780 3103 3832 ’⁷0
3134 3796 3192 3832 τε
3231 3781 3327 3833 καὶ
3353 3778 3613 3847 Θεόφιλος
3645 3776 3738 3829 τοῦ
3797 3776 4021 3828 “alato-

2461 3873 2636 3941 λόγων
2662 3878 2853 3942 γένους
2882 3874 3057 3946 ταύτῃ
3116 3872 3493 3944 ἐτελεύτησεν,
3525 3871 3793 3942 ἀνδρικῶς
3828 3872 4021 3939 ἀγωνι-

2462 3967 2696 4036 σάμενος
2748 3968 2983 4021 Θανάτου
3025 3969 3210 4032 ἓνεκα,
3262 3968 3355 4020 καὶ
3394 3967 3504 4020 τῶν
3564 3966 3943 4035 Παλαιολόγων
3973 3968 4020 4017 οἱ

2463 4063 2821 4129 μετοχιταὶοι,
2853 4062 2881 4114 ὃ
2912 4080 2973 4114 τε
3011 4062 3194 4131 πατὴρ
3222 4064 3315 4115 καὶ
3346 4063 3397 4115 oi
3426 4062 3614 4124 παῖδες
3653 4062 3822 4116 αὐτοῦ
3860 4068 4021 4132 μαχὰ-

2462 4173 2636 4225 μενυι,
2659 4156 2961 4209 ἀπώλοντο.
2987 4156 3094 4208 Καὶ
3122 4156 3307 4225 συχνοὶ
3331 4156 3439 4208 τῶν
3462 4156 3607 4225 ἀμφὶ
3636 4154 3864 4225 βασιλέα
3905 4156 4017 4207 Ἐλ-

2457 4249 2635 4318 λήνων
2668 4248 2731 4302 εὗ
2764 4252 3053 4317 γεγονότες
3080 4249 3373 4314 ἀπέθανον,
3430 4249 3506 4318 μὴ
3540 4246 3861 4316 ἀνεχόμενοι
3910 4250 4020 4301 ἑπι-

2456 4342 2569 4395 δείν
2601 4341 2754 4410 σφίσι
2822 4342 2924 4410 τὴν
2955 4341 3194 4411 πατρίδα
3227 4342 3660 4412 δεδουλωμένην.
3711 4339 3822 4396 Ἦν
3853 4360 3912 4396 τε
3958 4361 4023 4394 τι

2456 4437 2554 4501 τῆς
2584 4435 2792 4497 πόλεως
2825 4434 3114 4506 ἁπανταχῇ
3144 4435 3296 4488 πλέω
3337 4435 3682 4489 ἀπολλύντων
3736 4437 3833 4488 καὶ
3863 4437 4023 4489 ἀπολ-

776 4516 1061 4568 nccubuit.
1095 4513 1531 4585 Palaeulogorum
1586 4517 1723 4569 socii
1766 4526 1919 4584 pater
1972 4530 2026 4571 et
2075 4519 2166 4569 lilii
2207 4519 2348 4587 ejus,

2458 4527 2725 4596 λυμένων,
2780 4528 2875 4579 καὶ
2914 4528 3219 4581 διωκόντων
3249 4544 3307 4580 τε
3360 4528 3457 4579 κα)⁵
3522 4528 3857 4596 φευγόντων.
3922 4530 4023 4580 Καὶ

778 4621 975 4659 manus
995 4616 1347 4660 consereutes
1380 4621 1574 4674 magno
1602 4606 1807 4669 animo,
1844 4608 1968 4659 caesi
2014 4618 2143 4661 sunt
2170 4610 2224 4659 in
2279 4625 2345 4661 eo

777 4700 985 4768 praelii).
1036 4699 1363 4767 Complures
1416 4698 1589 4752 Graeci
1662 4698 1781 4759 alii,
1831 4700 1927 4767 qui
1973 4699 2144 4753 latera
2201 4704 2344 4770 regis

774 4792 1075 4859 stipabant,
1105 4792 1275 4844 occisi
1310 4800 1458 4855 sunt,
1487 4805 1830 4861 nequaquam
1866 4796 2210 4847 sustinentes
2267 4794 2343 4847 vi-

775 4888 905 4939 dere
952 4884 1183 4953 patriam
1240 4885 1293 4936 in
1344 4885 1662 4937 servitutem
1727 4885 1969 4937 hostium
2023 4886 2338 4939 redactam:

779 4992 874 5045 per
910 4992 1223 5029 universam
1246 4982 1435 5031 urbem
1468 4976 1625 5045 plena
1657 4981 1841 5031 omnia
1877 4989 2033 5032 erant
2085 4980 2343 5033 caedenti-

775 5074 877 5124 bus
906 5080 959 5124 et
989 5071 1170 5133 caesis,
1192 5070 1527 5137 fugientibus
1576 5078 1631 5123 et
1689 5072 2175 5139 persequentibus.
2233 5073 2344 5126 No-

776 5173 907 5218 tara:
933 5166 1075 5234 regis
1098 5167 1354 5231 praelecto
1392 5174 1447 5218 et
1473 5164 1712 5218 Urcbani
1732 5164 2094 5220 Musulniauis
2131 5168 2342 5237 nepoti,

777 5268 835 5310 ut
871 5258 974 5325 ipsi
1030 5255 1205 5309 Graeci
1252 5256 1589 5320 iudicarunt,
1640 5258 1756 5312 haec
1818 5261 2158 5313 acciderunt.
2203 5260 2343 5314 tium

774 5354 1111 5403 audivissent
1135 5362 1351 5420 captain
1399 5366 1522 5406 esse
1575 5355 1811 5413 urbem,
1863 5365 2225 5407 accurrerunt
2271 5357 2339 5407 ad

776 5455 969 5497 turrim
998 5444 1288 5512 quamdam
1313 5444 1489 5511 urbis,
1512 5450 1670 5513 quasi
1702 5449 1792 5500 hic
1834 5446 2210 5506 deliberaturi.
2263 5464 2332 5500 an

773 5557 964 5593 omnes
999 5542 1123 5608 luga
1165 5538 1271 5592 sibi
1303 5546 1593 5593 constitere
1629 5542 1915 5594 deberent.
1956 5541 2092 5593 Cum
2120 5540 2171 5591 in
2198 5544 2336 5594 hanc

775 5645 966 5687 turrim
1041 5634 1426 5697 advenissent,
1500 5630 1781 5686 Orchanes
1858 5637 2074 5687 obsuus
2144 5650 2337 5701 pannis

2456 4620 2602 4687 ἀμφὶ
2634 4619 2725 4670 τὸν
2742 4618 2997 4688 Νοταρᾶν
3022 4618 3118 4671 τοῦ
3149 4618 3414 4688 βασιλέως
3439 4620 3739 4689 ἁρμοστὴν,
3774 4622 3870 4671 καὶ
3909 4621 4022 4686 ὐρ-

2454 4715 2628 4783 χάνην
2659 4714 2750 4765 τὸν
2779 4713 3228 4791 Μουσουλμάνεω
3257 4712 3482 4777 υίιδοῦν,
3515 4713 3590 4775 ὡς
3629 4715 3786 4765 αὐτοὶ
3840 4715 4021 4783 ἔλεγον

2455 4809 2741 4878 Ἕλληνες.
2766 4809 2969 4862 τοιόνδε
2990 4812 3228 4877 ἐγένετο.
3286 4807 3372 4871 Ὠς
3407 4809 3517 4878 γάρ
3566 4808 3905 4860 ὲπυθάνοντο
3937 4811 4023 4860 ἑα-

2453 4901 2683 4955 λωκέναι
2714 4902 2813 4972 τὴν
2836 4902 3014 4962 πόλιν,
3052 4902 3365 4970 ὲπέδρασαν
3397 4902 3492 4956 ἐπὶ
3522 4901 3735 4970 πύργον
3768 4903 3897 4955 τινὰ.
3923 4904 4019 4971 τῆς

2455 4994 2683 5059 πόλεως,
2718 4996 2796 5057 ὡς
2820 4996 3052 5049 ἐνταῦθα
3086 4995 3525 5065 βουλευσόμενοι,
3556 4996 3639 5048 ὅτι
3681 4994 3835 5046 ἆπαν
3884 4997 4020 5063 σφᾶς

2447 5089 2556 5144 δέοι
2582 5090 2909 5160 τραπέσθαι.
2970 5089 3077 5141 Καὶ
3126 5088 3360 5141 ἐνταῦθα
3401 5088 3698 5157 γενόμενοι,
3754 5088 4021 5157 ὐρχάνης

2450 5183 2551 5251 μὲν
2574 5182 2741 5252 ῥάκια
2787 5182 3203 5250 ἀμφιεσάμενος
3252 5181 3569 5252 Ναζηραίου
3606 5183 3768 5247 τινός,
3833 5186 4021 5236 έίαλεν

2445 5276 2638 5329 ἑαυτὸν
2666 5275 2920 5327 κατὰ.τοῦ
2954 5274 3197 5344 πύργου,
3231 5278 3323 5327 καὶ
3356 5276 3629 5328 ἀπέθανεν
3650 5295 3663 5307 ο
3697 5280 3745 5328 ot
3796 5276 3854 5329 δὲ
3879 5279 4022 5345 ἀμφὶ

2444 5369 2535 5419 τὸν
2572 5367 2824 5434 Νοταρᾶν
2857 5366 3314 5436 πολιορκηθέντες
3342 5368 3588 5419 ἑάλωσαν
3617 5370 3747 5437 περὶ
3777 5367 4021 5434 πληῢου-

2451 5472 2545 5505 σαν
2572 5456 2805 5522 ἀγορλν,
2828 5454 2989 5516 αὑτός
3011 5470 3072 5506 τε
3119 5454 3237 5525 ἃμα
3267 5456 3363 5508 καὶ
3392 5456 3441 5507 οἱ
3482 5456 3669 5519 παῖδες
3706 5454 3899 5511 αὑτοῦ.
3958 5457 4020 5509 Oi

2438 5534 2548 5619 ’μὲν
2580 5548 2672 5600 οἷδν
2707 5548 2983 5617 νεήλυδες,
3018 5548 3220 5602 αὐτίκα
3253 5552 3314 5603 τὸ
3347 5551 3713 5621 στρατόπεδον
3735 5552 3830 5603 τοῦ
3858 5554 4022 5621 βασι-

2436 5644 2580 5701 ,λέως
2618 5641 2924 5710 ἐνέπλησαν
2954 5642 3049 5695 καὶ
3094 5642 3378 5713 γυναικῶν
3407 5661 3465 5696 τε
3498 5645 3636 5714 ἅμα,
3682 5645 3779 5697 καὶ
3812 5644 4023 5697 παίδων

2041 5781 2285 5841 Notulte
2320 5782 2715 5859 marginales.

847 5911 1341 5981 ἐπιετρατςντες.
1383 5913 1443 5966 li.
1472 5927 1521 5966 iit
1554 5915 1602 5967 in
1634 5931 1678 5965 ε.
1762 5918 1776 5943 ³
1805 5914 1997 5981 ὀλίγοι.

2082 5915 2101 5943 ³
2134 5931 2197 5967 τα
2224 5917 2406 5969 τέκνα.
2440 5915 2498 5967 Ιὶ.
2530 5928 2582 5969 ιιι
2618 5920 2671 5969 in
2705 5934 2753 5969 ε.
