4180 6434
772 383 879 444 395

1888 364 2080 425 ΜΘΝ
2094 362 2190 420 ΙιῖΙ
2230 359 2373 418 CIIA
2385 356 2663 417 LCl‘lCUV
2679 354 2883 413 DYLE

3898 346 3996 406 396

777 520 891 556 mos
924 498 1293 555 advenientes,
1350 489 1592 561 Byzantii
1645 484 2007 540 calamitatem
2062 478 2333 531 nuntiant.
2372 486 2410 533 Α

2372 486 2410 533 Α
2447 472 2743 523 θάλασσαν.
2818 467 2897 519 Δι’
2957 466 2991 517 ἃ
3053 464 3115 532 δὴ
3198 461 3393 529 ξυνέϐη
3470 459 3694 528 ὕστερον
3755 463 3995 527 γενέσθαι

775 602 978 650 Utttltcs
1011 607 1117 660 quo
1147 588 1382 647 :tbirettl,
1410 598 1599 654 parum
1632 580 1902 634 sciebant.
1932 574 2337 626 Existimabam

773 695 916 743 etti'n
951 686 1197 739 eumdem
1233 681 1601 734 ealantitatetn
1632 674 2033 739 quamprimum
2068 666 2131 719 ad
2182 665 2329 729 ipsos

2443 567 2541 631 τὴν
2606 563 2905 613 ἀπόστασιν
2970 557 3076 607 τῶν
3140 558 3494 607 ἐνοικούντων
3580 550 3747 622 αὐτὴν
3818 552 3998 605 Ἀλϐα-

2439 659 2543 714 νῶν
2554 694 2568 707 .

774 790 1175 852 perventuram.
1231 774 1374 828 Pene
1419 785 1613 826 omnes
1644 773 1917 837 quotquot
1954 760 2124 830 [Εςωὶ
2171 757 2340 809 maris
2379 753 2589 806 insulas
2622 750 2951 804 incolebant.
3016 746 3197 814 fugam
3256 743 3612 814 arripiebant.
3695 741 3997 797 Graecorum

774 838 959 937 duces,
984 883 1245 928 etontnes
1274 871 1366 939 qtti
1396 869 1449 920 in
1476 866 1854 934 Peloponneso
1884 868 2061 917 erant,
2123 856 2227 908 ista
2279 849 2591 902 calamitate
2654 844 2853 904 territi.
2915 844 3251 898 festinabant
3300 842 3367 894 ad
3446 855 3617 894 mare.
3671 838 4001 909 Quapropter

778 981 961 1039 tit-slva
997 966 1220 1026 accidit,
1252 972 1311 1015 ut
1341 958 1557 1019 Albani,
1592 956 1687 1026 qui
1720 958 1773 1009 in
1818 968 1879 1007 ea
1913 959 2093 1013 erant,
2143 948 2209 998 ad
2241 943 2600 999 defectionem
2636 945 3007 1008 properarent.

850 1066 958 1116 “ex
997 1060 1210 1128 quidem
1244 1061 1516 1122 occupato
1565 1049 1849 1118 Byzantio,
1894 1046 2168 1115 laganum
2229 1038 2342 1093 alii-

780 1176 900 1210 ncm
937 1169 1095 1207 suum
1140 1163 1310 1203 naves
1349 1147 1614 1213 adaptare
1663 1142 1853 1210 jussit,
1880 1150 1935 1193 et
2007 1150 2233 1206 pergere
2287 1134 2341 1185 in

781 1251 966 1303 urbem
997 1244 1267 1299 Galatiam
1293 1257 1323 1293 e
1378 1241 1605 1305 regione
1674 1236 1834 1289 sitam
1875 1247 1891 1285 :
1928 1240 1985 1283 et
2044 1233 2339 1296 imperare,

778 1360 846 1397 ne
867 1343 932 1394 ad
961 1354 1122 1399 naves
1146 1341 1395 1406 pergant.
1427 1332 1696 1383 Prteterea
1743 1325 1884 1381 edici
1912 1324 2069 1392 jubet
2121 1323 2190 1376 iis
2246 1320 2341 1387 qui

780 1441 923 1491 intra
952 1435 1137 1487 urbem
1171 1438 1353 1489 erant,
1388 1436 1447 1479 ut
1485 1423 1689 1491 singuli
1750 1422 1801 1473 itt
1835 1434 1935 1473 suo
1992 1418 2114 1469 loco
2170 1412 2341 1482 quieti

783 1536 1087 1586 manerent,
1130 1540 1229 1596 nec
1265 1527 1940 1589 paterenturquemquam
1966 1507 2341 1562 conscendere

784 1637 945 1675 IIIH‘C‘
990 1638 1004 1673 :
1048 1619 1299 1687 princeps
1330 1615 1473 1665 enim
1503 1612 1669 1677 huius
1689 1607 1930 1662 civitatis
1963 1604 2053 1657 ubi
2122 1616 2345 1667 compe—

785 1717 847 1766 rit
877 1711 1195 1781 Byzantium
1235 1708 1285 1757 iu
1318 1711 1643 1772 potestatem
1676 1698 1892 1751 venisse
1961 1692 2230 1752 hostium,
2275 1688 2342 1741 ti-

786 1823 938 1860 mens
969 1822 1035 1857 ne
1068 1803 1247 1855 simile
1271 1799 1497 1851 exiliunt
1535 1808 1594 1848 se
1626 1803 1869 1859 suosque
1925 1795 2165 1854 raperet,
2202 1783 2347 1835 arci—

2518 1034 2780 1097 Βασιλεὺς
2828 1034 2926 1103 μὲν
2956 1034 3043 1101 δὴ,
3100 1031 3175 1093 ὡς
3241 1030 3384 1083 ἑάλω
3429 1028 3745 1091 Βυζάντιον,
3811 1027 4000 1078 αὐτίκα

2443 1126 2662 1179 ἐκέλευε
2698 1126 2944 1192 Ζαγανον
2971 1126 3062 1176 τον
3107 1124 3373 1191 κηδεστὴν
3403 1120 3567 1174 αὑτοῦ
3596 1123 3844 1188 τριήρεις
3876 1118 4000 1185 πλη-

2446 1219 2722 1290 ρώσαντα,
2755 1221 2893 1271 ίέναι
2933 1235 2992 1270 τε
3045 1218 3136 1270 ἐπὶ
3190 1218 3289 1282 τὴν
3321 1216 3657 1282 καταντικρὺ
3716 1212 4001 1277 Βυζαντίου

2444 1312 2713 1381 Γαλατίην
2747 1312 2925 1373 πόλιν,
2982 1314 3074 1364 καὶ
3125 1309 3451 1365 διακωλύειν
3504 1309 3581 1378 μὴ
3622 1309 3808 1360 πλέειν
3846 1306 3887 1337 ¹¹
3922 1309 4002 1359 ἐπὶ

2444 1405 2542 1467 τὰς
2568 1405 2718 1467 ναῦς,
2767 1403 3176 1473 παραγγέλλειν
3218 1419 3276 1453 τε
3307 1405 3418 1464 τοῖς
3448 1403 3505 1454 ἐν
3536 1404 3600 1470 τῇ
3658 1400 3829 1463 πόλει,
3866 1399 4002 1468 ίδρύ⁹

2446 1496 2569 1548 σθαι
2595 1513 2649 1548 τε
2674 1496 2907 1548 ἕκαστον
2950 1497 3011 1548 ἐν
3043 1498 3107 1565 τῇ
3136 1494 3310 1566 χώρᾳ,
3334 1496 3431 1548 καὶ
3472 1494 3661 1563 μηδενὶ
3697 1493 4003 1561 ἐπιτρέπειν

2445 1589 2740 1641 εἰσϐαίνειν
2763 1589 2804 1619 ¹⁸
2840 1592 2898 1651 ἐς
2928 1589 3025 1650 τὰς
3052 1589 3204 1651 ναῦς.
3238 1588 3295 1641 Ὀ
3320 1591 3429 1657 γὰρ
3461 1588 3560 1655 τῆς
3588 1588 3791 1646 πόλεως
3812 1587 4003 1651 ταύτης

2447 1682 2749 1750 προεστὼς,
2782 1682 2854 1745 ὡς
2889 1681 3087 1752 ῄσἹετο
3116 1684 3177 1734 τὸ
3218 1683 3513 1744 Βυζάντιον
3561 1680 3863 1732 ἑαλωκέναι
3894 1677 4005 1742 ,ὑπὸ

2458 1774 2743 1844 βασιλέως,
2785 1774 3041 1843 περιδεὴς
3064 1774 3379 1842 γενόμενος,
3415 1773 3491 1842 μὴ
3523 1776 3617 1825 καὶ
3647 1776 3703 1835 ἐς
3745 1774 3883 1839 σφᾶς
3923 1773 4006 1837 ὁρ-

787 1902 938 1966 picns
969 1895 1118 1948 urbis
1146 1894 1345 1949 clavos,
1416 1886 1754 1952 veniensque
1784 1881 1850 1934 ad
1922 1892 2129 1949 regem,
2180 1890 2349 1944 st-qne
2381 1880 2423 1935 Β

2381 1880 2423 1935 Β
2456 1869 2704 1935 μώμενος
2750 1868 3267 1934 ἐξανδραποδίσαιτο
3297 1868 3397 1937 τὴν
3452 1868 3628 1931 πόλιν,
3667 1864 3753 1918 οἷα
3792 1868 3884 1918 καὶ
3915 1866 4003 1916 Βυ-

788 1992 1084 2053 nrbcutque
1115 1992 1169 2036 et
1198 1988 1345 2034 cives
1380 1978 1499 2046 ejus
1528 1976 1652 2030 ﬁdei
1680 1972 1964 2029 commisit
1998 1988 2012 2024 :
2064 1967 2347 2040 promisit-

787 2096 893 2149 que
922 2081 973 2131 iit
1003 2083 1279 2145 posterum
1331 2087 1388 2124 se
1420 2085 1659 2137 suosque
1710 2067 1945 2120 ﬁdeliter
1975 2073 2029 2119 et
2088 2062 2349 2117 obedien-

790 2183 870 2223 tc-r
907 2170 1010 2223 sub
1041 2168 1158 2234 ipso
1193 2167 1328 2216 fore.
1366 2161 1713 2230 Quapropter
1758 2173 1852 2212 rex
1888 2156 2040 2211 misit
2070 2154 2347 2223 laganum

791 2264 1060 2317 uturbcm
1090 2260 1144 2315 in
1177 2263 1333 2311 tidem
1392 2255 1685 2322 acciperet,
1727 2263 1780 2306 et
1844 2251 1979 2305 nulli
2022 2250 2351 2304 concederet

791 2359 993 2411 intrare
1024 2368 1212 2408 naves.
1252 2351 1447 2405 Verum
1479 2348 1599 2417 ejus
1638 2346 1792 2401 urbis
1846 2347 2018 2409 cives,
2051 2344 2142 2397 ubi
2177 2344 2342 2396 vidis-

792 2460 911 2514 sent
941 2450 1195 2501 triremes
1226 2446 1404 2514 regias
1431 2441 1717 2504 accedere,
1773 2454 1966 2493 omnes
1997 2452 2106 2492 uno
2147 2437 2349 2506 impetu

791 2552 845 2595 ct
877 2538 1166 2594 confertim
1194 2545 1476 2603 cmperuut
1502 2535 1715 2586 irruere
1749 2534 1803 2585 in
1834 2546 2023 2584 naves.
2054 2530 2125 2582 At
2185 2529 2351 2582 Turci

794 2634 1234 2691 retineltanteos,
1282 2636 1435 2683 etut
1487 2630 1701 2681 caeteris
1765 2636 1968 2679 metum
2039 2626 2352 2692 ittJICt‘l‘t'lti,

793 2722 1445 2797 quosdamtrucitlarunt.
1520 2718 1772 2786 laganus
1828 2732 1951 2769 eum
2015 2715 2353 2774 advenisset,

796 2818 984 2869 urbem
1010 2814 1293 2882 ingressus
1321 2818 1402 2863 est
1441 2825 1454 2860 :
1490 2817 1544 2861 ct
1604 2805 2001 2873 rempublicam
2064 2803 2351 2858 ordinans.

796 2912 1002 2976 regium
1031 2906 1353 2976 prtel'ectum
1380 2902 1499 2954 urbi
1528 2898 1798 2969 praﬂ'ecit.
1870 2897 1988 2952 Uno
2039 2896 2223 2963 itaque
2268 2895 2356 2946 die

794 3001 1025 3053 duarum
1054 2997 1268 3051 urbium
1303 2996 1507 3063 potitus
1534 3001 1643 3046 est:
1666 2991 1896 3044 alteram
1934 2986 2076 3041 foede
2106 2987 2355 3054 diripuit,

797 3094 1019 3144 alteram
1051 3089 1103 3142 in
1138 3088 1295 3141 tidem
1324 3084 1572 3154 suscepit
1613 3098 1630 3145 ;
1664 3084 1898 3152 ejusque
1933 3078 2141 3134 incolas
2168 3089 2359 3131 muros

796 3186 888 3254 qui
930 3185 1303 3236 continentem
1344 3186 1617 3247 spectant,
1640 3175 1861 3230 diruere
1888 3173 2075 3242 jussit.
2135 3171 2194 3225 Id
2260 3185 2359 3223 au-

2452 1959 2665 2021 ζαντιον
2702 1961 2918 2031 ἔδρασε,
2950 1960 3129 2013 λαϐὼν
3163 1964 3263 2023 τὰς
3316 1962 3415 2029 τῆς
3464 1961 3672 2021 πόλεως
3720 1960 3890 2025 κλεῖς,
3918 1960 4005 2010 καὶ

2451 2056 2781 2123 ἀφικόμενος
2816 2057 2872 2116 ἐς
2932 2054 3180 2123 βασιλέα,
3233 2057 3524 2122 παρεδίδου
3557 2056 3654 2125 τὴν
3710 2056 3891 2118 πόλιν,
3936 2056 4004 2115 ὠς

2452 2146 2601 2215 αὐτῷ
2630 2164 2685 2197 τε
2720 2150 3077 2216 ἐπιτρέπουσι
3107 2151 3269 2216 σφᾶς,
3298 2149 3571 2214 ἀξιοῦντες
3606 2151 3887 2202 πείθεσθαι
3920 2149 4003 2203 τοῦ

2453 2242 2640 2293 λοιποῦ
2670 2241 2841 2312 αὐτῷ,
2868 2244 2896 2295 δ
2925 2259 2976 2295 τι
3011 2242 3076 2297 ἂν
3099 2243 3333 2299 κελεύοι.
3364 2246 3496 2298 Τότε
3528 2247 3627 2314 μὲν
3659 2242 3751 2298 οὖν
3785 2247 3877 2297 τὸν
3907 2245 4003 2298 Zi-

2453 2351 2613 2401 γανον
2642 2337 2855 2405 ἔπεμπε
2906 2338 3362 2409 παραληψόμενον
3417 2359 3477 2393 τε
3536 2344 3635 2410 τὴν
3701 2342 3877 2406 πόλιν,
3919 2348 4006 2396 καὶ

2454 2431 2647 2500 μηδενὶ
2683 2430 3047 2501 ἐπιτρέψοντα
3070 2433 3343 2485 ἐσϐαίνειν
3371 2437 3425 2496 ἐς
3469 2437 3567 2497 τὰς
3616 2436 3767 2497 ναῦς.
3806 2440 3869 2489 οι
3914 2417 4005 2507 μέν

2456 2523 2547 2576 οὖν
2576 2522 2922 2591 Γαλατιανοὶ,
2952 2525 3027 2589 ὡς
3050 2523 3189 2580 εἶδον
3218 2527 3318 2590 τὰς
3344 2530 3591 2599 τριήρεις
3642 2533 3735 2582 ἐπὶ
3767 2533 3867 2600 τὴν
3920 2532 4008 2583 1:6-

2459 2618 2541 2669 λιν
2577 2617 2724 2681 σφῶν
2776 2617 3136 2687 ὡρμημένας,
3192 2620 3426 2674 ἐνταῦθα
3472 2624 3537 2690 δὴ
3590 2622 3828 2686 ἆταντες
3878 2641 4008 2675 πισ-

2462 2704 2577 2757 συδὶ
2613 2703 2870 2775 ὥρμηντο
2904 2708 2995 2759 ἐπὶ
3026 2709 3123 2769 τὰς
3158 2708 3310 2772 ναῦς.
3344 2712 3409 2762 Οἱ
3445 2712 3498 2763 δὲ
3539 2713 3768 2780 Τοῦρκοι
3801 2717 4010 2785 ἐπεῖχον

2457 2800 2676 2862 αὐτοὺς.
2712 2801 2807 2854 καί
2835 2819 2989 2865 τινας
3023 2803 3205 2856 αὐτῶν
3247 2806 3605 2875 διεχρήσαντο
3633 2808 4009 2879 δεδιττόμενοι.

2470 2892 2621 2945 Ἐπεὶ
2642 2893 2695 2945 δὲ
2720 2894 2950 2963 ἀφίκετο
2975 2896 3237 2963 Ζάγανος,
3261 2898 3444 2951 εἰσιὼν
3480 2901 3537 2963 ἐς
3574 2900 3670 2968 τὴν
3714 2904 3893 2964 πόλιν,
3921 2921 4010 2955 και

2458 2985 2615 3038 θίστα
2644 3004 2701 3039 τε
2726 2991 2792 3039 τὰ
2822 2991 2881 3040 ἐν
2904 2991 2968 3059 τῇ
3004 2989 3178 3052 πόλει,
3211 2998 3305 3045 καὶ
3348 2993 3588 3063 ἄρχοντα
3629 2998 3899 3066 ἐπέστησε
3924 2997 4009 3050 τοῦ

2461 3079 2742 3148 βασιλέως.
2795 3083 2958 3133 Ὥστε
3018 3086 3118 3153 μιᾷ
3170 3087 3353 3157 ἡμέρα
3398 3088 3543 3141 δυοῖν
3592 3091 3800 3143 πόλεων
3834 3093 4015 3159 κύριος

2460 3172 2772 3239 γενόμενος,
2812 3176 2910 3243 τὴν
2942 3178 3038 3244 μὲν
3066 3178 3515 3247 ἠνδραποδίσατο.
3550 3184 3647 3251 τὴν
3669 3185 3715 3236 δ’
3746 3180 3813 3238 αὖ
3840 3204 4015 3254 παρα-

800 3289 903 3332 tem
935 3292 996 3331 ea
1028 3275 1199 3345 gratia
1224 3273 1622 3340 imperabatur,
1648 3284 1716 3323 ne
1767 3268 1812 3321 si
1843 3281 2009 3320 naves
2074 3266 2141 3318 ab
2201 3263 2353 3315 Italia
2382 3248 2421 3302 (ἶ

2382 3248 2421 3302 C
2458 3262 2655 3324 λαῦὼν,
2682 3264 2750 3316 τὰ
2779 3267 2920 3318 κατὰ
2951 3268 3047 3335 τὴν
3079 3271 3310 3338 ἤπειρον
3366 3276 3533 3341 τείχη.
3572 3274 3859 3343 καθαιρεῖν
3901 3279 4014 3337 τοὺς

799 3365 1225 3428 advenirent,ad
1273 3363 1632 3418 defectionem
1689 3360 2141 3430 propenderent;
2193 3371 2354 3425 quam

798 3460 941 3513 muri
976 3457 1246 3512 destructi
1285 3456 1541 3510 vetabant
1574 3462 1873 3523 :prmterea
1910 3459 1968 3503 ut
1994 3465 2058 3504 ea
2088 3451 2241 3511 urbs,
2311 3448 2359 3503 si

799 3554 980 3605 denuo
1020 3549 1295 3617 ingrueret
1326 3547 1550 3610 bellant,
1599 3545 1711 3615 regi
1749 3544 2061 3597 advenienti
2124 3548 2356 3610 pateret.

812 3643 997 3706 Irmci,
1025 3650 1292 3712 quotquot
1315 3640 1540 3694 exitium
1567 3646 1880 3697 evaserant,
1946 3634 2359 3688 abtlucebantur

801 3738 1090 3799 Galatiam,
1131 3745 1184 3789 et
1217 3735 1519 3788 libertatem
1549 3729 1909 3799 recipiebant.
1946 3729 2009 3781 Ili
2042 3736 2200 3782 erant
2255 3726 2360 3779 viri

804 3846 914 3900 pra:
948 3828 1160 3883 caeteris
1200 3824 1606 3893 tuaxime213
1633 3826 1897 3877 illustres.
1928 3819 2184 3874 Notaram
2221 3820 2361 3888 regis

800 3924 1112 3977 GTa'COI'IIIII
1148 3920 1469 3986 primarium
1525 3916 1766 3985 judicent
1802 3930 1925 3967 cum
1994 3927 2159 3966 uxore
2186 3923 2240 3965 et
2302 3912 2365 3965 li-

802 4017 946 4071 beris
980 4014 1207 4069 redemit
1230 4011 1536 4065 Turcorunt
1587 4025 1679 4062 rex
1713 4025 1727 4073 ;
1762 4017 1816 4061 et
1847 4022 1971 4059 cum
2003 4021 2069 4059 eo
2117 4007 2362 4058 collocu-

803 4118 913 4173 tus,
950 4105 1196 4177 permisit
1221 4106 1269 4159 ei
1298 4111 1358 4157 ut
1392 4101 1486 4156 ubi
1519 4100 1704 4164 vellet,
1758 4115 1884 4155 cum
1915 4098 2032 4154 suis
2064 4098 2359 4159 habitaret.

805 4201 901 4254 lIic
932 4210 1111 4254 autem
1143 4195 1502 4266 exspectabat
1529 4194 1794 4247 auxilium
1847 4193 1916 4246 ab
1978 4191 2159 4253 Italia,
2214 4189 2361 4260 quod

803 4294 949 4346 brevi
991 4290 1288 4345 aﬂuturum
1314 4287 1711 4341 arbitrabatur.
1746 4283 1969 4337 Interim
2028 4291 2210 4337 tamen
2263 4283 2365 4351 By-

802 4388 971 4440 lantii
1001 4400 1124 4439 cum
1162 4398 1289 4453 rege
1318 4383 1544 4436 mansit.
1580 4378 1814 4446 Quidam
1844 4375 2017 4431 Graeci
2049 4378 2143 4447 qui
2205 4386 2365 4430 erant

804 4482 1109 4534 libertatem
1142 4476 1451 4537 consecuti,
1492 4483 1547 4527 et
1576 4475 1832 4542 praesenti
1873 4472 2046 4526 exitio
2069 4470 2363 4537 subtracti,

803 4572 1003 4624 iterum
1063 4567 1462 4637 colligebantur
1513 4564 1858 4635 Byzantium,
1915 4563 2256 4633 propinquos
2312 4570 2365 4615 et

805 4664 1015 4716 amicos
1043 4676 1231 4715 eorum
1275 4661 1328 4713 in
1360 4659 1669 4711 libertatem
1700 4656 1981 4724 antiquam
2025 4663 2359 4711 asserentes.

808 4753 1004 4807 Verum
1038 4752 1180 4805 haud
1218 4751 1391 4803 multo
1421 4757 1542 4818 post
1570 4748 1713 4814 regis
1738 4747 1901 4813 jussu
1960 4760 2153 4799 omnes
2195 4747 2364 4797 inier-

806 4852 949 4911 iere;
979 4847 1122 4914 quod
1171 4844 1389 4913 quidem
1422 4842 1505 4895 sic
1560 4840 1808 4893 evenisse
1862 4847 2203 4907 compertum
2259 4847 2362 4891 est.

808 4943 909 4997 Ubi
937 4948 1022 4995 cst
1052 4954 1273 4993 rumore
1325 4920 1547 4991 allatum
1598 4937 1664 4988 ad
1695 4950 1899 5004 regem,
1965 4932 2180 4987 Notarte
2244 4949 2365 4985 esse

810 5036 978 5086 lilium
1020 5041 1407 5085 natumannos
1430 5028 1651 5081 circiter
1698 5026 2006 5090 duodecim,
2066 5040 2237 5078 unum
2300 5025 2364 5076 de

808 5128 924 5181 SIIIS
986 5123 1267 5194 pincernis
1330 5122 1471 5173 misit
1532 5120 1761 5188 petitum
1834 5133 2089 5185 puerum.
2138 5115 2368 5170 Noturas

810 5229 1093 5287 postquam
1133 5215 1343 5280 accepit
1370 5228 1437 5265 ex
1488 5212 1747 5279 pincerna
1802 5211 1947 5280 regis
2006 5211 2366 5270 voluntatem,

808 5312 1046 5381 graviter
1076 5311 1152 5363 ira
1185 5322 1491 5362 succensus
1524 5314 1630 5369 est,
1650 5304 1865 5373 sibique
1894 5319 2012 5356 eam
2046 5304 2363 5371 petitionem

808 5404 1097 5457 admodum
1124 5401 1488 5469 periculosam
1521 5408 1574 5451 et
1610 5395 2014 5450 intolerandam
2044 5398 2159 5449 l'ore
2215 5395 2364 5463 judi-

806 5498 989 5557 cubat,
1015 5502 1069 5546 ct
1093 5495 1171 5547 sic
1227 5491 1578 5561 compellavit
1633 5491 1951 5559 piucernam
2007 5489 2268 5557 regium:
2316 5489 2359 5539 υ

809 5592 1088 5659 pincerna,
1118 5588 1260 5641 haud
1299 5584 1578 5638 ferendum
1617 5592 1719 5647 est,
1748 5597 1928 5651 regem
1992 5581 2123 5634 mihi
2158 5582 2362 5634 liberos

2462 3356 2804 3419 ἐνοτκοῦντας
2836 3359 2881 3389 ³⁸
2914 3363 3268 3429 προσέταξεν.
3320 3364 3524 3416 Ἐποέει
3557 3366 3611 3417 δὲ
3642 3368 3821 3431 τοῦτο,
3853 3369 3924 3430 ὡς
3956 3368 4015 3420 ἂν

2466 3447 2539 3516 μὴ
2570 3449 2705 3501 νεῶν
2739 3452 2844 3503 ἀπὸ
2880 3453 3109 3517 Ἰταλίας
3155 3455 3591 3524 ἀφικνουμένων.
3631 3460 3928 3513 ἀπόστασίν
3965 3477 4018 3512 τε

2464 3540 2819 3606 βουλεύοιντο,
2853 3544 3250 3615 καθῃρημένων
3279 3549 3387 3601 τῶν
3420 3551 3614 3619 τειχῶν
3644 3554 3741 3619 τῆς
3772 3554 4016 3622 ἡπεῖρου,

2464 3633 2558 3685 καὶ
2587 3633 2663 3701 τῷ
2693 3634 2904 3702 βασιλεῖ
2938 3636 3160 3700 ἐσαῦθις
3188 3640 3255 3709 ἢν
3293 3639 3420 3711 ἐπίῃ
3467 3643 3725 3711 πόλεμος,
3778 3646 4019 3714 κατάσχῃ

2464 3727 2629 3779 ἐσιὼν
2661 3729 2719 3791 ἐς
2766 3729 2863 3799 τὴν
2912 3730 3087 3784 πόλιν,
3162 3731 3429 3805 Ἑλλήνων
3487 3736 3586 3803 μὲν
3622 3733 3733 3799 οὖν,
3798 3740 3909 3791 δσοι
3950 3739 4021 3807 μὴ

2464 3820 2766 3882 ἀπώλοντο,
2814 3823 3046 3888 τούτους,
3074 3828 3459 3894 ἀπαγαγόντες
3492 3831 3548 3884 ἐς
3600 3830 3697 3900 τὴν
3732 3831 4021 3901 Ιάλατέην,

2461 3916 2588 3975 τοὺς
2622 3917 2909 3981 ἐπιφανεῖς
2942 3918 3179 3985 μάλιστα
3222 3919 3424 3986 αὐτῶν,
3456 3922 3550 3973 καὶ
3607 3923 3759 3976 ἄλλοι
3803 3926 3906 3992 μὲν
3933 3924 4021 3976 οὖ-

2464 4020 2568 4066 τως
2619 4005 3028 4075 ἠλευθεροῦντο.
3065 4008 3317 4081 Νοταρᾶν
3352 4011 3409 4063 δέ
3453 4012 3544 4065 τὸν
3589 4012 3855 4082 βασιλέως
3919 4014 4002 4066 Ἑλ

2464 4097 2640 4166 λήνων
2671 4101 2958 4166 πρύτανιν,
2988 4105 3149 4167 αὐτός
3189 4122 3247 4157 τε
3281 4106 3309 4156 ὁ
3361 4105 3616 4176 βασιλεὺς
3674 4109 4023 4180 ἐξωνησάμε-

2464 4209 2574 4254 νος,
2605 4195 2700 4245 καὶ
2724 4198 2957 4258 γυναῖκα
2993 4198 3087 4249 καὶ
3113 4197 3333 4261 παῖδας,
3369 4200 3464 4251 καὶ
3507 4205 3857 4270 χρηματίσας
3886 4202 4025 4270 αὑτῷ

2466 4288 2604 4340 ἆττα
2633 4288 2675 4319 ¹⁸
2703 4287 2976 4358 ἡδούλητο
3001 4289 3246 4342 συνιέναι
3275 4292 3384 4344 τῶν
3412 4291 3629 4355 ἑαυτοῦ,
3663 4296 3759 4346 καὶ
3804 4296 3873 4348 τὰ
3930 4296 4025 4363 τῆς

2478 4379 2708 4441 Ἰταλίας
2741 4381 2839 4433 ὅσα
2866 4380 2981 4451 ⁴ᾔδει
3013 4383 3375 4451 προσδόκιμα,
3436 4384 3598 4453 ἐτίμα
3651 4402 3709 4437 τε
3740 4387 3835 4438 καὶ
3881 4404 4023 4439 συνε-

2466 4476 2655 4538 γένετο
2676 4475 2866 4542 χρόνον
2887 4475 3026 4529 τινά.
3058 4476 3165 4527 Καὶ
3200 4474 3469 4543 Ἑλλήνων
3497 4479 3611 4530 ὅσοι
3631 4479 4025 4548 ἡλευθὲρωντο,

2398 4603 2439 4656 D
2472 4564 2819 4632 συνελέγοντο
2853 4562 3005 4627 αὖθις
3040 4569 3096 4627 ἐς
3128 4571 3226 4635 τὴν
3256 4566 3552 4630 Βυζαντίου
3586 4569 3686 4621 πόλ
3711 4590 3763 4634 ν,
3812 4576 3939 4634 τούς
3974 4589 4026 4623 τε

2470 4659 2846 4723 προσήκοντας
2879 4659 3059 4708 αὐτῶν
3092 4657 3507 4726 ἐλευθεροῦντες
3540 4663 3632 4712 καὶ
3667 4663 4027 4729 ἐπιτηδείους.

2471 4746 2567 4799 καὶ
2608 4748 2669 4798 οὑ
2720 4747 2901 4814 πολλῷ
2956 4746 3180 4818 ὕστερον
3241 4749 3347 4801 ὑπὸ
3405 4751 3669 4818 βασιλέως
3726 4754 4025 4806 ἀπώλοντο.

2482 4841 2731 4906 Ἐγένετο
2751 4839 2805 4891 δὲ
2833 4832 2956 4894 ὧδε.
3002 4840 3090 4900 Ὧς
3122 4840 3391 4910 ἀνηνέχθη
3425 4842 3479 4903 ἐς
3505 4840 3729 4909 βασιλέα
3762 4844 3933 4895 παῖδα
3960 4838 4029 4893 εἷ-

2476 4949 2559 4981 ναι
2589 4929 2682 4981 τοῦ
2714 4930 2935 4997 Νοταρᾶ
2969 4932 3161 4995 νήπιον
3186 4929 3519 4998 δωδεκαιτῆ.
3549 4930 3767 5000 ἔπεμψε
3807 4934 3919 4985 τῶν
3956 4934 4029 4983 οἱα

2474 5022 2677 5089 νοχόων
2700 5019 2863 5072 αὐτοῦ
2886 5021 3007 5083 ἕνα,
3039 5019 3362 5087 αἰτούμενος
3411 5022 3502 5072 τὸν
3548 5023 3731 5075 παῖδα.
3774 5023 3837 5073 ὐ
3862 5024 3917 5074 δὲ
3964 5025 4033 5082 ὡς

2472 5114 2703 5165 ἐπύθετο
2740 5114 2805 5163 τέι
2831 5112 2979 5182 παρὰ
3006 5112 3097 5164 τοῦ
3151 5113 3413 5181 οἰνοχόου,
3470 5112 3717 5179 χαλεπῶς
3749 5130 3809 5165 τε
3847 5101 4031 5183 ἔφερε,

2473 5209 2564 5256 καὶ
2591 5206 2827 5256 ἐποιεῖτο
2869 5203 3065 5265 δεινὸν,
3100 5203 3293 5266 λέγων·
3330 5200 3400 5255 Ὦ
3451 5206 3678 5275 οίνοχόε,
3737 5208 3914 5261 ταῦτα
3940 5208 4035 5259 οὐκ

2470 5297 2746 5365 ὰιὰσχετὰ
2793 5298 2931 5357 ἐστι,
2980 5295 3205 5363 βασιλέα
3259 5297 3610 5365 ἀφαιρεῖσθαι
3657 5300 3787 5362 τοὺς
3847 5302 4035 5361 παῖδας

2469 5390 2651 5458 ἡμῶν,
2683 5389 2834 5440 οὐδὲν
2865 5389 3000 5455 ἔχων
3030 5389 3057 5439 ὃ
3087 5404 3136 5438 τι
3163 5387 3230 5439 ἂν
3263 5388 3392 5454 ὑμῖν
3416 5391 3475 5440 ἐν
3518 5388 3595 5458 τῷ
3643 5398 3877 5459 παρόντι
3924 5398 4039 5442 ἐπι-

2475 5480 2813 5550 μέμψασθαι,
2860 5481 2980 5531 ἐπεί
3038 5498 3095 5533 τε
3145 5483 3388 5548 συνέγνω
3437 5483 3568 5549 ἡμῖν
3618 5483 3714 5552 τὴν
3762 5485 4041 5552 ἁμαρτίαν

2476 5574 2909 5642 ἐξωνησάμενος.
2958 5574 3018 5625 Εἰ
3049 5573 3103 5625 δὲ
3137 5575 3305 5626 ταῦτα
3355 5574 3496 5627 οὕτω
3549 5577 3696 5645 ἡμᾶς
3755 5580 3965 5650 ποιοίη,
3995 5576 4039 5629 τί

2110 5719 2351 5781 Notulte
2378 5716 2775 5794 marginales.

880 5860 921 5889 δ’
947 5855 1224 5908 ἐπιπλέειν
1248 5851 1343 5913 τὰς
1372 5869 1417 5903 ν.
1495 5850 1537 5879 ¹³
1566 5851 1639 5903 ul.
1666 5851 1779 5902 3:36.
1862 5850 1902 5880 “’
1929 5850 2200 5903 ἐκέλευεν.

2286 5850 2327 5878 ³⁵
2355 5846 2635 5916 ἠϐούλετο.
2673 5844 2747 5895 sic
2782 5840 2846 5896 R.
