4180 6434
200 441 305 500 425

1234 436 1331 496 DE
1377 433 1630 496 REBUS
1672 430 2042 492 TURCICIS
2077 431 2225 492 LIB.
2267 432 2438 493 Vlli.

3338 439 3442 504 £26

203 554 348 616 ἀξιον
385 552 541 619 λόγου
602 549 1002 603 ὑπεδείκνυντο.
1061 549 1169 600 Καὶ
1219 550 1291 610 ὼς
1339 549 1492 601 οὐδὲν
1529 546 1605 597 ἔτι
1641 544 1765 596 ὲπέ-

1877 541 2084 595 rediere
2117 561 2128 595 :
2167 552 2214 595 et
2245 544 2464 597 navales
2515 544 2737 606 milites,
2767 545 2857 614 qui
2895 546 2946 598 iu
3002 546 3106 600 illis
3138 561 3313 613 erant,
3343 567 3442 621 per

203 645 321 696 πλει
377 645 486 696 ἀπὸ
525 643 760 703 Ἰταλίας
792 680 806 703 ,
866 637 1023 701 αὖθις
1066 639 1332 691 ἐπέπλεον
1385 641 1475 690 ἐπὶ
1511 637 1765 699 Ἰταλίας,

202 736 587 796 σκεδασθέντες
624 735 796 804 ταύτῃ
827 734 931 785 ἀνὰ
969 737 1067 794 τὰς
1101 732 1303 793 πόλεις.
1355 732 1464 783 Καὶ
1523 729 1767 797 Εὐσεόίῳ

204 827 302 894 μὲν
337 827 382 857 ⁷⁸
447 825 524 893 τῷ
577 826 826 894 ἀρχιερεῖ
889 827 947 885 ἐς
1019 825 1136 875 τόδε
1186 821 1441 874 ἐτελεύτα
1591 838 1769 889 παρα-

203 922 392 986 σκευή·
431 922 566 984 μετὰ
611 917 666 968 δὲ
702 917 826 978 Πίος
856 918 884 968 ὁ
922 917 1238 984 ἀρχιερεὺς,
1275 915 1348 976 ὼς
1380 915 1472 965 ἐπὶ
1509 922 1606 982 τὴν
1641 914 1776 983 ἡγεέ

205 1012 398 1078 μονίαν
431 1009 678 1074 ἀφίκετο.
733 1009 833 1076 τὴν
863 1009 921 1058 ὲν
955 1007 1180 1078 Μαντύῃ
1207 1007 1418 1058 δίαιταν
1451 1007 1766 1071 ἐποιήσατο,

203 1105 298 1156 ἆτε
325 1102 388 1172 δὴ
419 1103 750 1153 κατάστασίν
782 1117 839 1152 τε
887 1100 978 1151 καὶ
1014 1099 1271 1166 σύλλογον
1307 1099 1432 1166 περὶ
1464 1098 1573 1148 τῶν
1599 1096 1768 1163 καθη-

202 1197 409 1246 κόντων
442 1193 590 1261 αὐτῷ
626 1193 971 1262 πραγμάτων
1022 1193 1076 1252 ἐς
1111 1191 1204 1242 τὸν
1233 1189 1325 1240 ἐπὶ
1365 1189 1586 1256 βασιλέα
1619 1189 1768 1256 Max-

206 1288 375 1356 μέτην
409 1288 664 1354 πόλεμον,
705 1284 992 1353 Βησαρίων
1026 1284 1125 1351 μὲν
1150 1283 1213 1353 δὴ
1244 1285 1335 1333 ἐπὶ
1369 1283 1603 1343 Παίονας
1635 1283 1766 1347 ἀψι-

203 1381 434 1449 κόμενος
469 1380 563 1430 καὶ
607 1379 662 1439 ἐς
705 1378 1019 1445 Γερμανοὺς
1049 1417 1063 1438 ,
1112 1376 1180 1426 τά
1222 1391 1280 1425 τε
1328 1374 1463 1426 ἄλλα
1496 1373 1764 1441 διελέχθη,

202 1473 297 1524 καὶ
327 1471 427 1539 τὴν
472 1471 608 1538 πρὶς
643 1469 906 1537 ἀλλήλους
940 1467 1205 1536 διαφορὰν
1237 1465 1534 1518 καταλύειν
1565 1464 1767 1531 πειρὼ-

206 1581 388 1632 μενος,
430 1562 544 1630 οὐχ’
576 1557 687 1624 οἷός
725 1578 785 1613 τε
821 1561 1059 1627 ἐγένετο,
1106 1561 1162 1620 ἐς
1207 1560 1375 1611 ταυτδ
1411 1559 1578 1626 ἄμφω
1613 1558 1768 1620 ξυνα-

201 1656 410 1722 γαγὼν,
451 1654 757 1718 διαλλάξαι.
785 1635 956 1703 ’κιλλά
993 1652 1283 1720 ἄπρακτος
1326 1652 1424 1718 μὲν
1465 1649 1764 1717 ἀπεχώρει·

201 1748 381 1800 ἐδόκει
434 1747 478 1797 δ’
510 1746 695 1807 αὐτοῖς
748 1745 856 1797 ἀπὸ
924 1743 1156 1803 Ἰταλίας
1212 1741 1563 1810 ὡρμημένοις
1618 1740 1764 1791 τόνδε

202 1843 344 1905 σφᾶς
371 1838 609 1906 ἄρασθαι
636 1838 728 1890 τὸν
750 1837 992 1904 πόλεμον
1029 1836 1135 1888 ἀπὸ
1168 1837 1262 1901 τῆς
1292 1834 1546 1902 ἠπείρου.
1578 1831 1765 1884 Ταῦτα

202 1936 302 1999 μὲν
337 1935 393 1994 ἐς
423 1932 678 1984 τοσοῦτον
725 1933 952 1998 ἐγένετο
982 1931 1122 1981 κατὰ
1154 1929 1252 1997 τὴν
1279 1931 1339 1979 ὲν
1368 1927 1598 1995 Μαντύῃ
1627 1926 1767 1977 δίαι-

1874 633 2035 689 Italia:
2065 637 2226 688 urlws
2273 637 2507 706 dispersi
2538 647 2682 691 sunt.
2723 638 2880 693 llunc
2913 640 3073 693 ﬁnem
3111 642 3303 695 habuit
3338 646 3444 698 Eu-

1870 725 2005 779 sebii
2030 727 2144 779 sive
2168 726 2246 780 Pii
2272 736 2568 794 apparatus
2596 727 2843 783 bellicus.
2880 729 3084 784 Deinde
3116 731 3280 784 etiam
3306 733 3438 787 Pius

1871 817 2239 884 pontifex.ubi
2276 819 2509 887 primum
2551 821 2926 886 poutilicatum
2953 839 3069 880 sus.
3105 826 3440 892 cepitcouei-

1871 910 2002 962 litim
2035 909 2265 964 Mantuae
2296 913 2598 966 celebravit
2630 930 2645 966 :
2678 912 2730 965 in
2763 930 2870 983 quo
2895 915 3027 968 nihil
3053 916 3198 969 aliud
3230 929 3437 977 actum,

1870 1015 2031 1069 quam
2066 1004 2342 1068 quomodo
2397 1003 2720 1058 Mcehmrtes
2770 1006 3075 1060 Turcorum
3140 1009 3439 1077 imperator

1869 1102 2015 1145 esset
2065 1093 2388 1147 domandus.
2442 1095 2724 1148 Bessarion
2758 1112 2882 1150 cum
2931 1097 2998 1151 ad
3058 1098 3348 1153 Pannones
3382 1109 3440 1153 et

1870 1180 2170 1235 Germanos
2227 1184 2488 1249 venisset,
2551 1187 2802 1239 mandata
2847 1204 2969 1257 qua:
3025 1201 3333 1258 acceperat,
3368 1191 3438 1245 iis

1869 1277 2163 1328 enarravit.
2191 1276 2323 1330 Cum
2358 1279 2668 1334 institueret
2698 1281 3050 1345 discordiam,
3078 1301 3183 1352 qua
3211 1287 3352 1339 inter
3375 1301 3437 1340 se

1871 1367 2211 1429 laborabant,
2241 1367 2561 1436 dissolvere,
2598 1373 2763 1442 229
2786 1383 2838 1426 et
2871 1377 3217 1428 concordiam
3249 1376 3436 1430 indul-

1869 1474 2011 1521 cere,
2044 1458 2184 1515 nihil
2216 1459 2426 1513 efﬁcere
2450 1464 2649 1530 quivit,
2682 1468 2936 1534 quamvis
2972 1468 3025 1520 in
3063 1484 3228 1520 unum
3255 1469 3435 1522 locum

1869 1573 1963 1611 cos
1993 1559 2376 1611 contraxisset.
2408 1557 2603 1610 Verum
2634 1574 2690 1611 re
2721 1559 2918 1611 infecta
2941 1560 3439 1614 disculebat.'l'an-

1869 1648 1991 1702 dem
2019 1649 2196 1701 visum
2237 1659 2342 1708 est.
2370 1657 2425 1700 ut
2451 1664 2511 1701 ex
2545 1650 2694 1702 Italia
2721 1650 2952 1718 profecti
3012 1650 3254 1705 Turcunt
3290 1659 3440 1706 terra

1868 1743 2312 1810 aggrederentur.
2355 1740 2477 1794 llaec
2513 1742 2732 1809 quidem
2799 1743 3064 1797 hactenus
3117 1745 3353 1799 Mantuae
3381 1747 3437 1798 in

1869 1830 2098 1883 concilio
2131 1840 2279 1899 gesta
2311 1840 2458 1884 sunt.
2491 1829 2643 1884 Nunc
2679 1842 2893 1900 tempus
2925 1842 3083 1889 estut
3117 1837 3334 1890 redeam
3369 1839 3434 1890 ad

1872 1923 2024 1976 illum
2083 1939 2391 1978 sermonem
2459 1925 2602 1978 unde
2629 1927 2694 1978 ad
2738 1928 2884 1981 hunc
2915 1929 3193 1998 digressus
3219 1945 3363 1987 sum.

198 2045 316 2078 ταν.
359 2022 484 2093 Εἷμι
513 2024 568 2076 δὲ
602 2024 686 2075 ἐπ’
724 2026 896 2074 ἐκεῖνο
923 2022 1016 2074 τοῦ
1047 2022 1229 2088 λόγου,
1263 2020 1384 2072 ὅθεν
1427 2019 1522 2071 ἐπὶ
1562 2016 1823 2068 τοσοῦτον
1855 2015 2195 2084 ἐτραπόμην,
2233 2017 2286 2078 ἐς
2311 2015 2571 2069 τοσοῦτον
2606 2017 2819 2081 διεξιὼν
2852 2019 2941 2070 τὸν
2971 2019 3148 2087 λόγον.

271 2120 376 2170 Τοῦ
409 2115 517 2187 γάρ
542 2136 624 2170 τοι
672 2118 1049 2186 ἐπιγινομένου
1086 2118 1274 2185 θέρους
1305 2116 1518 2184 ἀπέχρη
1559 2114 1656 2183 μὲν
1686 2113 1763 2180 τῷ

200 2210 412 2278 βασιλεῖ
477 2210 735 2280 Μεχμέτῃ
797 2209 982 2270 κακῶς
1039 2209 1309 2277 πράξαντι
1379 2207 1436 2267 ἐς
1499 2205 1601 2276 τὴν
1671 2205 1764 2256 ἐπὶ

203 2307 440 2366 Παίονας
485 2304 694 2357 ἕλευσιν
747 2303 980 2371 ἡσυχίαν
1028 2303 1220 2368 ἄγειν·
1272 2300 1656 2370 στρατεύματα
1708 2300 1766 2352 δὲ

197 2402 451 2467 ἔπεμπεν
496 2398 627 2467 ἄλλῃ
679 2414 737 2448 τε
785 2400 879 2449 καὶ
926 2396 1019 2448 ἐπὶ
1062 2396 1361 2464 Σκενδέρην
1414 2398 1506 2446 τὸν
1547 2394 1768 2447 Ἰὗάνεω

197 2495 388 2546 παῖδα.
424 2490 538 2558 Ἐφ’
589 2491 648 2542 ὃν
703 2489 764 2558 δὴ
811 2492 906 2541 καὶ
961 2491 990 2541 ὁ
1046 2489 1225 2559 πατὴρ
1276 2489 1766 2559 στρατευσάμενος,

199 2585 685 2655 καταστρέψασθαι
713 2586 810 2653 οὑχ
847 2579 956 2647 οἷός
986 2601 1043 2635 τε
1070 2585 1302 2650 ἐγένετο,
1332 2584 1542 2654 Ἰησοῦν
1573 2585 1628 2634 δὲ
1676 2582 1768 2634 τὶν

198 2679 480 2746 Βρενέζεω
527 2678 692 2730 παῖδα
734 2676 984 2742 ἀπέδειξε
1038 2677 1082 2708 ⁷⁸
1129 2677 1454 2745 στρατηγὸν,
1492 2672 1770 2743 παραδοὺς

195 2771 260 2822 τό
291 2787 349 2820 τε
389 2770 492 2822 ὑπὸ
517 2770 739 2839 Φερρῶν
771 2771 1102 2838 στράτευμα,
1137 2769 1227 2819 καὶ
1280 2768 1341 2821 τὸ
1386 2769 1535 2836 παρὰ
1567 2766 1762 2830 Ἀξιὸν.

197 2862 296 2912 καὶ
339 2861 400 2911 τὸ
457 2861 562 2912 ἀπὸ
589 2860 908 2919 Θετταλίας.
954 2861 1288 2927 Ἤγουμένου
1334 2859 1389 2911 δὲ
1445 2859 1620 2929 Ἰησοῦ
1673 2859 1764 2910 τοῦ

197 2952 497 3022 Βρενέζεω,
517 2951 768 3003 ἐσέϐαλλε
800 2952 932 3021 πρὸς
970 2952 1061 3002 τὸν
1086 2951 1272 3003 Ἰόνιον
1299 2951 1397 3019 τῆς
1425 2949 1763 3011 Μακεδονίας

198 3047 401 3113 γῶρσν,
447 3046 540 3097 καὶ
587 3045 742 3116 ἐδῄου
788 3046 855 3097 τὰ
901 3042 1070 3096 πολλὰ
1119 3045 1305 3113 αὐτῆς.
1360 3037 1661 3113 Σκὲνδέρης
1712 3042 1768 3094 δὲ

1944 2113 2017 2164 Ea
2058 2122 2248 2166 :estate
2282 2128 2404 2182 quae
2474 2113 2892 2182 insequebatur,
2947 2117 3203 2186 praeclare
3252 2135 3440 2176 secum

1873 2216 2052 2258 aetum
2079 2205 2304 2274 putabat
2359 2205 2710 2273 Mvcltmetes,
2767 2212 2861 2276 qui
2912 2211 3258 2282 inauspicato
3323 2232 3437 2270 rem

1874 2306 2118 2366 gesserat
2177 2313 2300 2352 cum
2364 2299 2734 2366 Pannonibus,
2791 2305 2935 2372 quod
2987 2307 3223 2374 quietem
3279 2325 3442 2378 agere

1865 2403 2071 2459 posset.
2106 2391 2249 2445 Misit
2279 2393 2444 2455 igitur
2475 2408 2681 2461 panem
2737 2397 3014 2451 exercitus
3045 2410 3236 2454 contra
3269 2400 3440 2455 Scen-

1867 2482 2050 2536 derem
2088 2484 2268 2537 lbanis
2300 2484 2497 2551 ﬁlium,
2528 2503 2688 2554 quem
2727 2498 2902 2556 pater,
2937 2494 3189 2559 quamvis
3241 2497 3445 2564 sepius

1867 2589 1992 2625 cum
2046 2575 2326 2630 debellare
2384 2581 2712 2648 accepisset,
2755 2582 2971 2636 vincere
3033 2586 3292 2654 nequivit.
3348 2587 3444 2643 Jo-

1869 2681 2003 2718 suen
2037 2666 2150 2736 (58)
2183 2669 2354 2722 ﬁlium
2416 2670 2670 2727 Brem-zis
2710 2675 3002 2729 constituit
3038 2678 3102 2730 ad
3139 2677 3190 2731 id
3233 2679 3434 2735 bellum

1867 2758 2083 2823 ducem,
2118 2761 2205 2812 cui
2239 2761 2462 2815 tradidit
2496 2765 2820 2830 exercitum,
2851 2769 2944 2836 qui
2985 2768 3247 2826 Pherrbis
3297 2783 3439 2838 erat,

1869 2859 1921 2901 et
1977 2865 2099 2902 eum
2149 2852 2239 2920 qui
2309 2863 2428 2907 erat
2482 2856 2624 2924 apud
2679 2857 2878 2910 Axium
2936 2859 3160 2925 ﬂumen,
3222 2878 3439 2919 necnon

1871 2941 2163 2996 Thessalia
2221 2947 2542 3001 exercitum.
2609 2947 2754 3002 Duce
2805 2961 2984 3006 autem
3040 2953 3209 3007 Josue
3258 2955 3445 3012 incur-

1869 3036 2079 3088 sionem
2145 3037 2379 3091 rat-iebat
2437 3055 2626 3094 versus
2688 3039 2896 3096 Ionium
2962 3043 3315 3114 Macedonia,
3386 3061 3442 3102 et

194 3139 353 3199 οὗτος
384 3137 950 3205 διαπρεσϐευσάμενος
1004 3137 1138 3206 πρὸς
1184 3139 1275 3189 τὶν
1320 3134 1542 3205 Ῥώμης
1576 3154 1634 3188 τε
1668 3137 1759 3205 ἀρ-

1873 3129 2130 3198 pleraque
2164 3132 2320 3184 istius
2373 3133 2742 3202 depOpulatus
2779 3145 2879 3191 est.
2940 3136 3243 3194 Scenderes
3296 3141 3444 3210 lega-

202 3231 414 3298 χιερέα,
448 3232 542 3283 καὶ
583 3231 714 3299 πρὸς
765 3230 986 3298 βασιλέα
1031 3230 1324 3294 Ἀλφόνσον
1372 3230 1463 3282 τὸν
1497 3231 1767 3296 Παρθενό-

201 3337 335 3386 πης,
365 3319 680 3388 ἐπιτηδείως
733 3337 792 3372 τε
823 3321 946 3390 ἔσχε
994 3322 1092 3373 καὶ
1147 3320 1392 3388 συνήθως
1428 3322 1505 3388 τῷ
1555 3322 1768 3390 βασιλεῖ

197 3411 398 3480 τούτῳ,
421 3411 487 3461 δι’
526 3411 561 3464 ἃ
594 3413 656 3480 δὴ
687 3413 780 3463 καὶ
810 3412 901 3463 τὶν
947 3412 1084 3482 πρὸς
1121 3411 1346 3479 βασιλέα
1385 3414 1620 3477 πόλεμον
1667 3415 1766 3481 τήν

195 3519 258 3552 τε
299 3503 518 3569 Κρούην
571 3502 855 3569 παρέδωκε
903 3503 1078 3571 τούτῳ
1106 3501 1187 3570 τῷ
1219 3501 1448 3570 βασιλεῖ,
1486 3507 1577 3555 καὶ
1611 3505 1766 3571 ἠξίου

193 3595 348 3663 αὐτῷ
396 3596 634 3662 ὑπήκοον
672 3589 830 3647 εἶναι.
861 3595 1029 3646 Ἔνθα
1072 3595 1135 3663 δὴ
1185 3595 1276 3646 καὶ
1313 3596 1544 3662 στρατὸν
1599 3597 1764 3658 πεζὸν

197 3686 385 3737 ἱκανὸν
413 3686 853 3751 διαπορθμεύσας
887 3689 914 3736 ὁ
943 3686 1292 3755 Παρθενόπης
1323 3682 1476 3748 οὗτος
1512 3686 1764 3755 βασιλεὺς

195 3779 308 3830 ἀπὸ
357 3778 637 3842 Ἰαπυγίας
695 3779 752 3838 ἐς
810 3779 1177 3848 Ἐπίδαμνον,
1231 3782 1326 3834 καὶ
1370 3779 1606 3850 ἄρχοντα
1657 3782 1765 3832 τῶν

194 3868 331 3935 παρ’
386 3867 563 3935 ἑαυτῷ
618 3868 918 3937 ἐλλογίμων
975 3871 1070 3922 ἕνα
1132 3873 1462 3943 στρατηγὸν,
1515 3872 1610 3924 ἐπὶ
1665 3873 1766 3943 τὴν

197 3964 465 4030 βασιλέως
519 3964 788 4033 ἐληΐζοντο
835 3966 1040 4034 χώραν.
1093 3967 1246 4019 Μετά
1295 3967 1352 4020 δὲ
1400 3970 1766 4032 καταστάντες

197 4055 556 4123 ἐπολιόρκουν
595 4056 850 4125 πολίχνην
897 4057 1135 4127 Σφετόην
1165 4059 1534 4128 καλουμένην,
1559 4059 1764 4122 ἐξελεῖν

198 4147 539 4216 βουλόμενοι.
588 4148 846 4200 Ἐνταῦθα
877 4134 1196 4213 ’πυθόμενος
1229 4153 1379 4218 παρὰ
1422 4152 1531 4202 τῶν
1573 4152 1764 4217 σφετέ-

197 4258 307 4306 ρων
353 4237 557 4303 Ἰησοῦς
604 4241 632 4289 ό
668 4239 976 4309 Βρενέζεω,
1011 4245 1104 4294 καὶ
1158 4243 1490 4311 παραλαϐὼν
1535 4244 1662 4304 τοὺς
1707 4244 1763 4303 ἐς

195 4327 286 4376 τὸν
333 4327 515 4390 Ἀξιὸν
564 4327 951 4395 ἱπποδρόμους,
998 4330 1090 4382 καὶ
1144 4331 1464 4399 Παραόοῖων
1505 4333 1760 4401 στρατδν,

192 4420 287 4468 καὶ
335 4417 438 4485 τὴν
469 4419 733 4485 ταχίστην
765 4419 1122 4486 ἐπειγόμενος
1167 4420 1338 4489 ἄλλην
1387 4421 1420 4490 ἦ
1452 4421 1607 4473 αὐτοὶ
1636 4423 1763 4488 ἐφύ-

1875 3226 2078 3278 tionem
2113 3226 2260 3280 misit
2286 3227 2349 3280 ad
2390 3226 2694 3282 Romanum
2717 3232 3053 3299 pontiﬁcem,
3079 3244 3134 3286 et
3159 3235 3226 3288 ad
3258 3249 3440 3302 regem

1871 3316 2244 3387 Parthenopes
2271 3321 2654 3388 Alpltonsum,
2714 3339 2837 3376 nam
2904 3325 3018 3392 tegi
3081 3326 3206 3379 huic
3253 3327 3442 3380 admo-

1868 3409 1999 3462 dum
2025 3411 2223 3465 eharus
2246 3422 2296 3464 et
2327 3411 2614 3466 familiaris
2667 3422 2808 3488 erat,
2833 3414 2958 3481 quia
2995 3427 3216 3485 propter
3239 3416 3440 3470 belium

1871 3501 2174 3556 Turcorum
2218 3503 2514 3558 imminens
2574 3505 2663 3559 isti
2702 3507 2810 3574 regi
2844 3505 3060 3574 Crojam
3116 3509 3442 3574 assignant,

1868 3611 2097 3663 eamque
2124 3596 2249 3648 huic
2284 3595 2556 3648 subditam
2590 3611 2713 3649 esse
2749 3597 2983 3650 volebat.
3023 3597 3444 3668 Transpartavit

1869 3687 2032 3753 igitur
2063 3688 2133 3740 ibi
2170 3703 2261 3741 rex
2295 3688 2666 3756 Parthenopes
2723 3691 3035 3757 Alphonsus
3097 3693 3164 3744 ab
3213 3691 3438 3762 Iapygia

1871 3779 2174 3846 pedestrem
2235 3780 2537 3832 exercitum
2599 3795 2854 3848 maguum
2917 3781 2968 3834 in
3032 3781 3442 3850 Epidamnum.

1870 3873 1958 3925 cui
1992 3872 2233 3940 praefecit
2259 3873 2454 3925 ducem
2489 3873 2555 3926 de
2608 3874 2725 3928 suis
2755 3874 2930 3927 virum
2983 3874 3341 3942 prudentem:
3388 3885 3444 3931 et

1870 3960 2012 4028 regis
2044 3962 2319 4029 regionem
2357 3961 2705 4016 evastabant.
2741 3960 2938 4016 Postea
2995 3965 3309 4031 coajunctis
3352 3979 3445 4018 co-

1867 4055 1972 4122 piis
2000 4054 2326 4108 obsidebant
2355 4053 2545 4107 urbem
2573 4052 2871 4122 Sphetoam
2913 4055 3030 4124 (59)
3081 4055 3441 4117 nominatam.

1868 4146 2117 4199 volentes
2143 4159 2263 4199 eam
2294 4161 2628 4215 expugnare.
2659 4143 2826 4199 Josue
2853 4144 3102 4199 Brenezis
3138 4146 3283 4199 ﬁlius
3311 4162 3435 4200 cum

1867 4239 2230 4292 intellexisset
2255 4239 2306 4291 in
2338 4255 2505 4307 quam
2549 4244 2933 4292 necessitatem
2958 4239 3240 4292 venissent
3269 4236 3444 4305 Sphe-

1869 4342 2087 4385 t-ienses
2128 4331 2268 4398 (60),
2302 4332 2578 4400 accipiens
2609 4331 2823 4400 equites
2857 4331 2948 4399 qui
2985 4341 3141 4383 erant
3176 4329 3228 4382 in
3277 4330 3439 4392 Axio.

1869 4424 2330 4478 etPeresbiorum
2365 4424 2696 4483 exercitum,
2725 4423 2892 4476 citato
2957 4423 3171 4490 agntiue
3223 4422 3443 4491 proﬁci-

192 4507 393 4561 λαττον
417 4510 472 4580 ⁵οἱ
516 4509 728 4570 Ἰταλοὶ,
758 4509 856 4586 καὶ.
890 4511 1118 4562 ὲπεισπε
1136 4510 1236 4562 τὼν
1282 4511 1453 4580 ἄφνω,
1489 4512 1763 4582 διέφθειρε

1872 4531 2051 4578 sccns,
2071 4514 2173 4566 alia
2214 4514 2320 4576 via,
2344 4529 2452 4567 non
2474 4529 2533 4566 ra
2562 4514 2615 4566 in
2641 4527 2747 4581 qua
2773 4511 2885 4566 itali
2905 4511 3165 4566 excubias
3188 4511 3439 4580 agebant,

189 4601 523 4666 σύμπαντας
549 4601 674 4660 τοὺς
717 4599 972 4661 Ἰταλούς.
1007 4602 1313 4671 Σκενδέρης
1367 4603 1581 4670 μέντοι,
1607 4604 1765 4672 ἔτυχε

188 4695 304 4763 γὰρ
351 4693 508 4746 ἀπὼν
535 4693 674 4755 τότε,
705 4694 974 4746 ούδοτιοῦν
1026 4695 1217 4747 παθὼν
1266 4697 1457 4750 δεινόν.
1495 4697 1768 4766 ’Ὕστερον

191 4788 388 4854 μέντοι
436 4786 497 4837 οὐ
543 4785 722 4856 πολλῷ
773 4787 1075 4856 Σκενδὲρης
1134 4787 1326 4850 διαϐὰς
1388 4790 1446 4850 ἐς
1512 4789 1763 4853 Ἰταλίαν,

187 4875 428 4941 ἀφίκετο
486 4876 543 4936 ἐς
602 4876 692 4925 τὸν
735 4875 1092 4944 Παρθενόπης
1143 4875 1392 4942 βασιλέα.
1445 4877 1554 4928 Καὶ
1605 4878 1766 4928 αὑτὸν

187 4967 614 5033 ὑποδεξάμενος,
672 4971 739 5017 τά
795 4983 851 5018 τε
911 4966 1046 5018 ἄλλα
1107 4967 1354 5036 ἐτίμησε,
1408 4969 1500 5020 καὶ
1561 4969 1617 5030 ἐς
1674 4968 1764 5019 τὸν

200 5055 429 5122 Ῥώμης
495 5055 754 5123 ἀρχιερέα
834 5057 1126 5125 ἀπέπεμψε
1197 5058 1759 5126 φιλοφρονησάμενος.

189 5148 354 5200 Μετὰ
390 5146 448 5198 δὲ
479 5145 646 5197 ταῦτα
676 5147 931 5214 χρήματα
967 5148 1128 5200 ἱκανὰ
1175 5149 1546 5217 παρεχόμενος
1587 5147 1756 5216 αὐτῷ,

187 5240 532 5305 ἀπέπεμπεν
579 5238 671 5289 ἐπὶ
732 5239 830 5305 τὴν
884 5239 1060 5308 ἀρχὴν
1113 5240 1300 5291 αὑτοῦ.
1343 5234 1511 5302 Οὗτος
1581 5241 1761 5308 μέντοι

189 5330 472 5395 ἐπανιὼν,
525 5329 617 5381 ἐπὶ
663 5331 762 5397 τῆς
798 5332 988 5401 χώρας
1026 5333 1190 5386 αὐτοῦ
1233 5335 1496 5402 ἐπέμενεν
1539 5335 1760 5386 ἐπιόντα

185 5421 283 5473 τὸν
317 5420 580 5488 βασιλέως
613 5421 865 5491 στρατὸν,
905 5423 996 5476 καὶ
1030 5425 1267 5492 ἐρυμνὴν
1296 5425 1460 5478 οὖσαν
1506 5425 1602 5495 τὴν
1648 5425 1751 5493 χὼ-

1865 4605 2045 4658 subito
2073 4605 2387 4665 adveniens,
2454 4604 2830 4658 ltalosomnes
2884 4605 2951 4656 ad
3006 4604 3434 4658 internecionem

1864 4698 2087 4750 occidit.
2127 4696 2428 4750 Scenderes
2491 4710 2640 4757 vero,
2697 4705 2755 4747 ut
2807 4693 2900 4763 qui
2959 4693 3252 4758 abfuisset,
3302 4693 3434 4746 ntali

1865 4786 2001 4838 nihil
2035 4801 2229 4855 passus
2281 4796 2384 4840 est.
2412 4783 2522 4839 Nec
2564 4785 2734 4838 multo
2781 4797 2906 4853 post
2955 4781 3262 4839 Scenderes
3327 4783 3436 4836 iste

1864 4879 2012 4931 vertit
2041 4879 2092 4931 in
2119 4877 2326 4932 Italiam
2364 4877 2429 4929 ad
2457 4877 2828 4946 Parthenopes
2853 4892 3033 4946 regem
3071 4875 3434 4945 Alphonsum.

1871 4969 1972 5035 Qui
2002 4972 2219 5039 excepit
2251 4986 2372 5024 cum
2415 4971 2716 5024 honoriﬁce
2739 4979 2792 5022 et
2853 4971 3085 5038 benigne
3140 4970 3431 5030 tractavit;

1870 5076 2102 5130 cumque
2134 5062 2201 5114 ad
2244 5061 2548 5114 Romanum
2598 5061 2911 5130 pontiﬁcem
2953 5061 3119 5123 misit,
3173 5071 3229 5113 ut
3258 5069 3311 5113 et
3364 5061 3432 5112 ab

1871 5156 1990 5221 ipso
2021 5153 2220 5221 aliquid
2281 5154 2506 5208 honoris
2565 5162 3026 5222 consequeretur.
3081 5152 3271 5206 l‘ostca
3307 5167 3431 5204 cuzn

1868 5243 1917 5295 ei
1969 5258 2100 5311 opes
2153 5240 2393 5295 dedisset
2446 5244 2734 5305 maximas,
2779 5257 2902 5294 eum
2950 5239 3016 5293 ad
3068 5240 3430 5308 principatum

1869 5350 2027 5386 suum
2064 5336 2296 5390 remisit.
2319 5335 2416 5389 llic
2446 5336 2610 5404 igitur
2641 5349 2895 5389 reversus
2939 5334 3003 5386 ad
3063 5333 3431 5401 principatum

1861 5428 2422 5494 sumn,exspectabat
2462 5430 2604 5496 regis
2653 5429 2954 5483 exercitum
3016 5425 3288 5479 hostiliter
3342 5421 3437 5474 ad-

1466 5541 1712 5604 Notulte
1751 5542 2155 5617 marginales.

263 5641 379 5708 (58)
410 5639 591 5692 Sinam
627 5641 715 5692 alii
748 5652 960 5707 vocant,
999 5642 1090 5697 alii
1137 5643 1384 5702 Ᾰῖηωηι.

261 5711 380 5779 (59)
415 5710 834 5779 Sphetgradum.

258 5833 309 5865 "
345 5832 415 5886 In
450 5848 576 5899 uno,
601 5836 806 5902 μέντοι.
885 5837 928 5868 ⁷⁸
954 5836 1016 5889 In
1049 5842 1126 5894 cl.
1160 5841 1254 5894 ὑπ.

492 5929 757 5990 Puncta
793 5933 886 5992 Gn
939 5932 1134 5998 CLIX.

1944 5649 2053 5719 (60)
2085 5649 2567 5719 Sphetgradenses.

3040 5926 3110 5986 ﬂ
