4180 6434
766 435 868 499 427

1877 419 1967 475 LA
1982 413 2191 474 ONICI
2248 410 2691 473 CIIALCOCON
2704 411 2917 470 DYLxE

3898 413 4005 479 4-23

768 557 1005 603 euntem.
1040 545 1235 598 Verum
1293 554 1352 594 se
1398 538 1452 591 in
1498 537 1619 589 loco
1670 535 1887 588 tenebat
1940 530 2330 585 munitissimo.
2366 534 2407 589 Α

2366 534 2407 589 Α
2441 544 2540 595 ραν
2577 529 2827 594 κατεῖχεν
2857 526 2995 593 ἔχων
3028 543 3086 577 τε
3125 530 3355 595 στρατὸν
3386 528 3509 597 μεθ’
3545 531 3741 583 ἑαυτοῦ
3780 533 3871 583 τὸν
3900 536 4009 585 ἀπὸ

768 637 988 692 llabcns
1048 642 1227 685 autem
1292 642 1477 683 secum
1526 624 1865 687 exercitum,
1908 636 2069 691 quem
2116 619 2185 673 de
2232 633 2330 673 sua

769 731 989 801 regione
1021 724 1447 790 conscripserat,
1504 718 1607 773 iter
1664 731 1759 785 per
1808 726 2020 768 montes
2075 712 2329 767 faciebat.

770 820 981 877 Uxores
1025 826 1079 871 et
1106 818 1310 870 liberos
1345 812 1398 866 in
1429 814 1547 866 loca
1597 808 1964 864 munitissima
2029 806 2329 873 deponens,

774 918 892 984 ipse
926 912 1050 966 hinc
1073 909 1199 963 inde
1224 921 1349 961 cum
1380 903 1623 958 exercitu
1663 899 1987 971 vagabatur,
2036 906 2093 949 nt
2146 896 2333 950 defen-

770 1009 927 1061 deret
958 1002 1268 1072 regionem:
1304 1009 1630 1064 semperque
1656 1006 1899 1063 prmscns
1930 998 2051 1044 erat
2102 987 2335 1041 ubicun-

771 1113 881 1167 que
911 1096 1031 1163 eius
1058 1106 1225 1162 Opera
1281 1084 1721 1141 desiderabatur.
1776 1080 1840 1132 Et
1889 1078 2112 1147 quidem
2166 1076 2336 1142 copia:

774 1166 1054 1259 pedestres
1095 1191 1148 1235 ct
1174 1190 1458 1248 equestres
1512 1176 1568 1229 in
1618 1170 1912 1228 Scenderis
1952 1168 2115 1239 330
2158 1166 2336 1236 regio-

775 1296 892 1335 ncm
942 1273 1311 1331 incursionem
1369 1268 1667 1329 faciebant,
1724 1264 1935 1333 przedas
1983 1275 2237 1330 pecorum
2282 1268 2337 1311 et

773 1373 998 1426 aliarum
1031 1382 1209 1421 rerum
1266 1378 1425 1429 agere.
1462 1359 1602 1414 haud
1634 1358 1942 1412 cessabant.
2000 1353 2062 1407 Et
2121 1352 2209 1405 diu
2279 1352 2331 1404 in

772 1479 833 1517 ea
903 1469 1213 1520 morantes,
1274 1454 1456 1507 omnia
1522 1448 1985 1517 corrumpebant,
2046 1460 2168 1498 cum
2227 1458 2333 1497 n0n

773 1562 1163 1611 cunctarentur
1202 1548 1434 1603 aedilicia
1467 1554 1519 1599 ct
1558 1543 1708 1597 villas
1738 1540 2052 1597 incendere.
2092 1536 2331 1592 Tandem

773 1663 897 1704 cum
927 1646 1060 1700 satis
1092 1650 1338 1695 evastata
1367 1647 1511 1693 essrt
1537 1634 1707 1705 regio,
1743 1633 2041 1688 exercitum
2084 1631 2331 1693 abduxit,

773 1754 895 1791 cmu
926 1733 1056 1789 nihil
1116 1748 1249 1785 sane
1285 1728 1636 1784 memorabile
1688 1726 2043 1793 dissignasset.
2105 1721 2337 1776 Secede-

776 1844 861 1884 res
888 1827 1103 1895 quidem
1128 1838 1304 1876 arcem
1330 1822 1484 1890 juxta
1517 1818 1904 1888 Epidamnum,
1956 1831 2077 1884 quae
2125 1820 2333 1882 spei-tat

774 1920 1006 1982 Iunium,
1039 1913 1420 1970 exaedificavit.
1445 1912 1537 1966 Est
1565 1917 1747 1965 autem
1788 1924 1853 1963 eo
1888 1909 1989 1961 loci
2028 1906 2332 1961 Chersone-

775 2030 867 2067 sns
900 2019 953 2066 ct
1004 2010 1243 2064 Isthmus
1302 2004 1503 2062 brevis.
1556 2001 1925 2071 complectens
1963 2000 2064 2052 tria
2123 1998 2333 2052 stadia:

776 2105 921 2157 hunc
957 2112 1111 2152 muro
1142 2111 1265 2151 eum
1298 2094 1650 2161 undiqnaqne
1671 2098 1818 2145 esset
1867 2088 2170 2158 amplexus,
2227 2104 2334 2141 non

776 2207 975 2264 paucos
1028 2191 1267 2244 Albanos
1331 2188 1382 2238 in
1428 2200 1547 2237 eam
1600 2184 1878 2251 regionem
1929 2181 2224 2241 transtulit,
2279 2191 2336 2234 ut

775 2287 846 2339 ibi
873 2284 1197 2339 habitarent.
1234 2279 1499 2334 Pratterca
1534 2274 1723 2329 urbem
1754 2274 2047 2328 admodum
2094 2290 2336 2329 commu-

775 2378 932 2440 nivit,
968 2382 1024 2426 nt
1046 2374 1087 2427 si
1110 2372 1238 2440 quid
1272 2370 1393 2423 novi
1446 2369 1723 2437 ingrueret
1779 2364 1848 2419 ab
1875 2367 2017 2434 regis
2080 2366 2331 2421 exerciti-

774 2470 900 2531 bus,
932 2468 1002 2522 ibi
1060 2466 1236 2533 potius
1284 2478 1447 2532 quam
1506 2460 1634 2514 alibi
1691 2460 2052 2514 obsideretur.
2104 2461 2234 2514 Nam
2285 2461 2331 2514 si

777 2575 882 2615 non
925 2569 1105 2629 posset
1159 2557 1432 2619 resistere,
1493 2561 1586 2606 aut
1631 2567 1725 2620 par
1773 2566 1893 2607 esse
1936 2552 2111 2619 copiis
2171 2555 2331 2622 regis,

775 2657 1088 2722 superesset
1121 2648 1452 2702 tutissimum
1486 2644 1764 2714 effugium,
1819 2643 2072 2697 videlicet
2123 2652 2179 2696 ut
2210 2645 2335 2700 inde

779 2760 836 2795 se
854 2741 1153 2811 proriperet
1205 2739 1259 2792 in
1309 2738 1481 2800 mare,
1524 2747 1578 2791 et
1621 2751 1731 2807 quo
1755 2736 1918 2790 vellet
1962 2735 2329 2804 adnavigaret.

2434 622 2531 689 τῆς
2557 623 2765 691 χώρας,
2790 621 2927 691 διῄει
2954 622 3042 674 διὰ
3068 623 3175 674 τῶν
3205 624 3381 691 ὁρέων
3408 625 3639 695 περιιὼν
3665 626 3743 696 τῷ
3765 628 4004 695 στρατῷ.

2435 714 2543 766 Καὶ
2596 713 2695 773 τάς
2727 729 2787 765 τε
2840 714 3104 778 γυναῖκας
3161 716 3258 767 καὶ
3315 717 3515 780 παῖδας
3570 719 3628 780 ἐς
3676 720 3743 771 τὰ
3795 720 4014 787 ἐρυμνὰ

2434 805 2910 875 εἰσενεγκάμενος,
2945 806 3110 868 αὐτὸς
3155 808 3398 878 περιῄει,
3429 808 3570 877 ἔχων
3617 810 3745 881 περὶ
3772 815 3872 877 τὴν
3902 830 4009 877 φυ-

2434 894 2607 965 λακὴν
2634 901 2733 964 τῆς
2783 896 2985 966 χώρας,
3016 899 3139 952 ὅποι
3176 899 3286 952 δέοι
3335 902 3801 971 παραγενόμενος.
3844 905 3957 957 Καὶ
3984 907 4013 957 ό

2438 991 2538 1059 μὲν
2594 994 2823 1059 στρατὸς
2875 994 2968 1045 καὶ
3021 996 3070 1047 οἱ
3132 995 3463 1066 ἱπποδρόμοι
3525 999 3839 1066 ἐπέδραμον
3905 998 4011 1065 τὴν

2436 1079 2642 1150 χώραν,
2674 1084 2768 1136 καὶ
2805 1084 3075 1151 ὑποζύγια
3126 1087 3482 1158 ληῖςάμενος,
3511 1093 3605 1145 καὶ
3651 1092 3847 1161 χρόνον
3889 1092 4015 1143 τινὰ

2437 1176 2628 1243 συχνὸν
2651 1175 2957 1245 διατρίψας,
2975 1179 3130 1251 ἐπῄει
3159 1184 3339 1236 πᾶσαν
3366 1184 3466 1247 τὴν
3494 1183 3680 1255 χώραν
3710 1185 4013 1254 iuungam

2437 1270 2527 1321 καὶ
2575 1268 2924 1339 διαφθείρων.
2969 1272 3061 1334 Ὠς
3090 1274 3147 1325 δὲ
3197 1276 3399 1337 ίκανῶς
3442 1272 3587 1346 εἶχεν
3633 1278 3783 1346 αὐτῷ
3820 1280 3879 1339 ἐς
3909 1278 4011 1347 τὴν

2435 1358 2534 1427 τῆς
2564 1359 2745 1429 χώρας
2788 1362 3109 1431 διαφθορὰν,
3145 1368 3173 1419 ὁ
3223 1369 3453 1436 στρατὸς
3485 1369 3818 1435 ἀπήλαυνεν,
3852 1370 4011 1421 οὐδέν

2436 1469 2518 1504 τοι
2582 1453 2744 1505 πλέον
2793 1454 3254 1525 διαπραξάμενος.
3304 1460 3364 1511 Ὀ
3413 1463 3513 1529 μὲν
3561 1457 3655 1515 οὖν
3701 1463 4013 1531 Σκενδέρης

2434 1545 2588 1607 οὗτος
2651 1545 2829 1617 ἄκραν
2868 1548 2969 1616 τὴν
3020 1551 3075 1611 ἐς
3120 1550 3211 1603 τὸν
3260 1550 3443 1606 Ἰόνιον
3494 1555 3621 1624 περὶ
3676 1555 4011 1624 Ἐπίδαμνον

2435 1637 2719 1708 ᾠκοδόμει.
2760 1641 3107 1710 Χερρόνησος
3145 1643 3191 1696 δ’
3235 1647 3371 1712 ἐστὶ,
3402 1648 3498 1700 καὶ
3554 1650 3748 1714 ἰσθμδς
3797 1648 4010 1719 βραχὺς

2436 1731 2580 1800 ἀμφὶ
2619 1733 2745 1801 τρία
2796 1732 3020 1786 στάδια*
3074 1735 3265 1789 τοῦτον
3324 1739 3582 1810 τειχίσας,
3633 1741 3899 1811 salsum
3955 1746 4010 1803 ἐς

2434 1822 2532 1893 τὴν
2561 1821 2747 1892 χώραν
2777 1824 2982 1895 ταύτην
3034 1828 3133 1880 οὐκ
3179 1829 3397 1897 ὀλίγους
3438 1833 3546 1885 τῶν
3588 1832 3882 1896 Ἀλϐανῶν,
3915 1836 4012 1886 καὶ

2433 1914 2698 1983 ἐκράτυνε
2730 1916 2828 1986 τὴν
2853 1918 3007 1970 πόλιν
3034 1919 3112 1981 ὡς
3140 1920 3205 1974 ἄν
3238 1939 3290 1974 τι
3316 1924 3581 1993 νεώτερον
3605 1925 4009 1995 καταλαμϐάνῃ

2432 2007 2594 2060 αὐτὸν
2616 2006 2725 2059 ἀπὸ
2752 2009 2859 2060 τῶν
2888 2008 3154 2077 βασιλέως
3183 2014 3433 2083 στρατῶν
3457 2014 3533 2077 ὡς
3562 2013 3755 2077 ἐπιὼν,
3788 2016 4009 2082 πολιορ-

2435 2101 2583 2152 κοῖτο
2634 2100 2693 2152 ὲν
2740 2099 2914 2171 ταύτῃ
2963 2104 3031 2171 τῇ
3087 2105 3275 2174 χώρᾳ·
3311 2106 3532 2159 ἐπειδὰν
3563 2107 3617 2161 δὲ
3651 2109 3725 2177 μὴ
3756 2108 4008 2177 ἁντέχεδι

2433 2184 2543 2251 οἶός
2598 2192 2646 2245 τ’
2699 2187 2758 2263 ᾗ,
2789 2193 3163 2263 ὲμδησόμενος
3213 2198 3261 2228 ⁷⁸
3304 2200 3361 2261 ἐς
3413 2200 3511 2269 τὴν
3572 2200 3875 2264 θάλασσαν,
3910 2205 4006 2253 καὶ

2433 2281 3004 2359 ἀποπλευσούμενος
3029 2288 3092 2357 δὴ
3122 2294 3455 2362 προχωροίη.
3490 2293 3550 2347 '0
3586 2294 3685 2362 μὲν
3710 2292 3806 2347 οὖν
3846 2312 4009 2363 στρα-

2435 2374 2522 2436 sb;
2558 2377 2889 2446 ἀφικόμενος
2937 2382 2993 2442 ἐς
3018 2381 3113 2434 τὸν
3157 2382 3334 2453 χῶρον
3377 2382 3587 2442 τοῦτον.
3620 2388 3714 2438 καὶ
3747 2390 4007 2454 πειρασό-

2438 2484 2620 2535 μενος,
2672 2470 2747 2532 ὡς
2795 2471 2949 2526 οὐδὲν
3003 2474 3158 2541 σφίσι
3218 2476 3523 2545 προεχώρει
3570 2480 3601 2546 ή
3657 2478 3753 2543 τῆς
3800 2481 4008 2541 Telam;

2433 2560 2668 2626 αἵρεσις,
2699 2563 3017 2633 ἀπήλαυνεν
3063 2567 3153 2618 ἐπ’
3183 2567 3358 2622 οἴκου.
3395 2569 3505 2621 Καὶ
3558 2570 3635 2637 τῷ
3671 2571 3782 2622 ἔτει
3828 2572 4007 2640 τούτῳ

2440 2649 2595 2702 οὐδέν
2664 2668 2747 2704 τοι
2800 2654 2962 2706 πλέον
3020 2656 3236 2721 ἐγένετο
3298 2656 3526 2723 βασιλέα
3595 2660 3894 2729 Μεχμὲτην
3954 2665 4010 2722 ἐς

2441 2739 2796 2808 ἐκστρατείαν
2824 2743 3009 2813 φέρον.

780 2840 1062 2894 Exercitus
1104 2835 1266 2903 igitur
1298 2836 1439 2903 regis
1478 2847 1602 2886 eum
1662 2832 1987 2887 accessisset
2045 2830 2113 2885 ad
2167 2832 2325 2885 istam
2368 2837 2674 2903 regionem,
2756 2854 2859 2895 nec
2926 2842 3115 2896 urbem
3172 2858 3336 2912 quam
3390 2849 3763 2916 oppugnabat,
3815 2864 4010 2919 capere

777 2943 984 3005 posset,
1013 2934 1230 2988 domum
1260 2944 1511 2985 reversus
1534 2936 1638 2983 est.

850 3029 958 3083 isto
998 3040 1140 3081 anno
1174 3039 1282 3094 quo
1311 3023 1363 3076 in
1436 3021 1687 3076 militiam
1720 3017 1997 3089 profectus
2033 3026 2151 3073 erat
2207 3033 2337 3074 con-

776 3134 859 3176 tra
888 3119 1215 3175 Sccnderem
1250 3113 1594 3181 Meclunetes,
1626 3112 1760 3166 nihil
1815 3111 1963 3166 aliud
1996 3122 2173 3167 actum
2232 3122 2334 3167 est.

2515 3020 2622 3074 Τοῦ
2654 3022 2697 3073 δ’
2727 3024 3122 3092 ἐπιγινομένου
3165 3024 3355 3094 Θέρους
3406 3027 3715 3097 ἐπεπόμφει
3769 3029 3871 3097 μὲν
3916 3033 4012 3083 καὶ

2446 3112 2554 3165 τῶν
2583 3112 2761 3181 θυρῶν
2791 3114 2958 3167 αὑτοῦ
3002 3116 3203 3185 ἄνδρας
3238 3116 3554 3179 ἐπιλέκτους
3586 3120 3677 3169 ἰπὶ
3713 3119 3843 3181 τοὺς
3875 3120 4011 3173 61:0-

779 3216 1079 3281 Appeteute
1114 3216 1294 3260 autem
1327 3214 1535 3268 aestate,
1566 3202 1710 3257 viros
1742 3203 1807 3256 de
1830 3202 2016 3269 jauuis
2063 3202 2178 3256 suis
2226 3203 2337 3270 pri-
2367 3231 2413 3293 ο

2367 3231 2413 3293 C
2442 3204 2616 3267 τελεῖς
2661 3204 2827 3259 αὐτοῦ
2864 3206 3136 3276 ἡγεμόνας
3182 3224 3242 3260 τι
3271 3210 3366 3262 καὶ
3415 3208 3676 3277 βασιλεῖς,
3710 3213 4010 3266 ἐπικαλού-

779 3305 982 3360 tnarios
1013 3301 1160 3355 misit
1187 3300 1251 3353 ad
1282 3296 1555 3368 principes
1583 3305 1639 3349 et
1664 3310 1817 3363 reges
1845 3294 2187 3352 tributarius.
2207 3307 2342 3362 quos

780 3394 1036 3451 evocabat
1100 3391 1166 3446 ad
1222 3391 1513 3444 liberorum
1568 3401 1793 3442 suorum
1843 3385 2339 3448 circumcisionem,

782 3502 940 3555 quam
971 3481 1347 3553 purgationem
1380 3486 1599 3533 vocant.
1639 3476 1939 3531 Accersivit
1970 3485 2023 3531 et
2047 3477 2193 3540 regni
2257 3475 2342 3531 sui

785 3577 1076 3649 principes,
1113 3574 1328 3629 urhinm
1386 3572 1693 3642 praafectos,
1729 3576 1976 3639 satrapas
2044 3569 2338 3638 ducesque,

782 3680 836 3726 et
868 3669 1065 3723 milites
1094 3671 1357 3733 quotquot
1393 3662 1646 3715 mercede
1683 3659 1939 3714 conducti
1975 3675 2139 3729 penes
2198 3660 2343 3714 hunc

784 3772 963 3826 regem
994 3752 1260 3823 stipendia
1296 3750 1585 3804 faciebant.
1638 3747 1773 3802 Cum
1835 3747 1899 3800 ad
1964 3762 2087 3800 eum
2153 3761 2343 3801 convc-

782 3852 992 3903 nissent
1019 3845 1292 3899 exercitus
1336 3839 1769 3908 Adrianopolim,
1829 3839 2337 3904 circumcisionem,

782 3954 945 4010 quam
982 3936 1083 4006 ipsi
1118 3935 1493 4004 purgationem
1533 3943 1747 4000 putant,
1781 3931 2075 3985 liberorum
2112 3946 2339 3984 suorum

782 4032 1097 4102 peragebat.
1140 4028 1359 4082 Munera
1386 4024 1634 4094 capiebat
1692 4022 1978 4094 magnifica
2044 4023 2110 4077 ab
2170 4022 2341 4092 magi-

784 4124 1054 4182 stratibus
1084 4130 1137 4178 et
1159 4118 1413 4189 satrapis.
1443 4116 1861 4173 Cooventusille
1898 4115 2344 4183 frequentabatur

784 4226 938 4273 extra
972 4216 1165 4269 urhem‘
1191 4213 1242 4267 in
1280 4225 1472 4278 campo
1501 4207 1654 4279 juxta
1690 4207 1957 4262 insulam:
2015 4220 2209 4261 omnes
2241 4206 2342 4259 sub

783 4310 905 4363 divo
939 4306 1191 4375 agebant,
1228 4310 1422 4370 printer
1458 4315 1635 4369 regem
1670 4308 1725 4354 et
1784 4298 2072 4367 principes.
2135 4295 2345 4367 Nuptiae

787 4399 999 4467 Iue(sic
1028 4403 1171 4452 enim
1225 4392 1500 4463 appellant
1570 4404 1786 4460 quoque
1846 4387 2341 4455 circumcisionem)

784 4496 1083 4550 creduntur
1132 4489 1263 4558 ipsis
1319 4486 1537 4556 optimae
1588 4499 1777 4538 eorum
1835 4482 2078 4534 omnium
2109 4496 2226 4550 qum
2276 4481 2342 4534 ad

2448 3314 2607 3365 μενος
2654 3298 2708 3358 ἐς
2744 3297 2843 3365 τὴν
2884 3299 2990 3350 τῶν
3042 3298 3248 3353 παίδων
3288 3301 3456 3353 αὑτοῦ
3504 3301 3810 3370 κάθαρσινο
3848 3322 4010 3373 μετε-

2445 3389 2694 3457 πέμπετο
2722 3388 2777 3442 δὲ
2809 3390 2903 3442 καὶ
2929 3391 3055 3453 τοὺς
3079 3392 3176 3460 τῆς
3205 3393 3381 3463 ἀρχῆς
3406 3394 3573 3447 αὑτοῦ
3600 3396 3871 3465 ἄρχοντας
3897 3398 4009 3449 τῶν

2446 3479 2650 3533 πόλεων
2680 3483 2774 3534 καὶ
2804 3482 3103 3551 ὑπάρχους,
3138 3486 3230 3538 καὶ
3271 3485 3394 3548 τούς
3424 3506 3481 3541 τε
3513 3494 3877 3557 στρατηγοὺς,
3912 3495 4007 3543 καὶ

2446 3570 2798 3638 στρατιώτας,
2837 3574 2953 3627 ὅσοι
2985 3575 3078 3627 ἐπὶ
3126 3574 3305 3645 μισθῷ
3341 3580 3731 3647 στρατεύονται
3762 3580 3883 3649 ἅμα
3933 3582 4010 3647 τῷ

2446 3659 2672 3728 βασιλεῖ.
2738 3662 2827 3725 Ὧς
2865 3663 2921 3717 δὲ
2970 3664 3150 3733 παρῆν
3200 3667 3351 3734 αὐτῷ
3401 3668 3467 3719 τὰ
3515 3667 3906 3737 στρατεύματα
3956 3674 4011 3730 ἐς

2457 3750 2912 3820 Ἀδριανούπολιν,
2938 3755 3038 3823 τήν
3063 3771 3124 3807 τε
3160 3756 3486 3827 περιτομὴν,
3517 3760 3583 3825 ἣν
3603 3759 3666 3825 δὴ
3714 3760 4003 3825 νομίζουσι

2444 3843 2732 3911 κάθαρσιν.
2781 3846 3017 3898 ἐποιεῖτο
3068 3846 3178 3899 τῶν
3221 3846 3429 3900 παίδων
3484 3848 3672 3911 αὐτοῦ,
3718 3852 3814 3903 καὶ
3855 3852 4008 3920 δῶρα

2446 3938 2673 4007 προσῄει
2702 3936 2850 4005 αὐτῷ
2880 3938 3092 4006 μεγάλα
3123 3938 3229 3991 ὑπό
3248 3954 3306 3991 τε
3333 3938 3445 3991 τὼν
3471 3942 3745 4009 ἀρχόντων
3774 3945 3870 3995 καὶ
3896 3942 4011 3995 τῶν

2444 4027 2747 4096 ἡγεμόνων.
2792 4028 2851 4081 '0
2884 4029 3069 4098 μέντοι
3114 4029 3373 4098 σύλλογος
3408 4032 3652 4098 ἐγεγόνει
3703 4034 3861 4097 ἐκτὸς
3908 4036 4009 4103 τῆς

2445 4118 2649 4181 πόλεως
2692 4121 2750 4171 ἐν
2781 4119 2859 4189 τῷ
2904 4121 3068 4189 πεδίῳ
3107 4122 3248 4175 κατά
3296 4121 3394 4194 τὴν
3451 4123 3633 4186 νῆσον.
3680 4124 4011 4195 ’Υπαίθριον

2442 4208 2497 4261 δὲ
2524 4209 2793 4263 διετέλουν
2824 4212 2965 4281 πλὴν
2995 4212 3260 4281 βασιλέως
3290 4231 3348 4267 τι
3373 4216 3469 4268 καὶ
3503 4218 3807 4284 ἡγεμόνων.
3852 4220 3916 4272 '0
3951 4220 4008 4272 se

2444 4300 2621 4368 γάμος
2671 4295 2823 4364 οὗτος
2864 4302 3146 4371 νομίζεται
3202 4304 3301 4371 μὲν
3333 4306 3625 4375 κράτιστος
3650 4309 3760 4360 τῶν
3808 4312 3865 4369 ἐς
3916 4314 4011 4362 τὶν

2446 4386 2557 4456 βίον
2585 4388 2732 4456 σφίσι
2767 4393 3153 4459 περιοικόντων
3185 4394 3250 4448 ⁷⁷.
3288 4396 3397 4448 Καὶ
3428 4398 3648 4450 παιδιὰν
3683 4398 4010 4453 καθιστᾶσιν

2444 4481 2501 4529 ὲν
2530 4479 2701 4548 τούτῳ
2733 4484 2875 4534 κατὰ
2905 4482 3136 4553 δύναμιν
3168 4486 3420 4547 ἕκαστος.
3458 4488 3801 4541 Καῦίσταντο
3829 4491 3886 4543 δὲ
3916 4496 4010 4544 καὶ

785 4590 948 4640 vitam
991 4583 1277 4653 pertinent.
1318 4577 1559 4644 Quilibet
1619 4573 1901 4628 contendit
1934 4573 1986 4625 in
2021 4572 2088 4626 iis
2141 4572 2341 4640 nuptiis
2375 4563 2416 4617 Ι)

2375 4563 2416 4617 D
2444 4572 2500 4633 ὲς
2538 4572 2636 4640 τὴν
2659 4573 2767 4626 τῶν
2793 4572 3054 4640 βασιλέως
3091 4576 3289 4629 παίδων
3333 4582 3637 4648 περιτομὴν
3685 4582 3778 4633 καὶ
3827 4585 4009 4652 γάμον

786 4674 1005 4743 aliquod
1067 4682 1372 4741 proponere
1433 4666 1723 4719 ludicrum.
1760 4662 1870 4715 Nec
1906 4676 2075 4727 pauca
2138 4661 2342 4714 ludicra

785 4784 837 4821 In
877 4761 1299 4820 circumcisione
1328 4758 1599 4825 regiorum
1635 4752 1930 4808 liberorum
1984 4752 2340 4806 exhibentur:

786 4858 883 4910 viri
923 4853 1113 4916 erecti,
1178 4850 1496 4905 insistentes
1551 4846 1728 4915 equis,
1763 4844 1909 4897 nulla
1966 4852 2188 4897 externa
2241 4856 2343 4909 ope

785 4967 843 5005 se
877 4953 1148 5007 tenentes,
1212 4948 1434 4996 manent
1494 4937 1726 5007 immoti,
1793 4935 1950 5005 cquis
2010 4934 2061 4987 in
2120 4948 2341 4987 cursum

785 5039 992 5094 effusis.
1032 5034 1235 5089 Omitto
1280 5042 1705 5084 commemorare
1769 5023 2157 5079 funambulos:
2218 5037 2342 5077 nam

784 5136 836 5183 in
873 5131 969 5183 ista
997 5140 1113 5181 arte
1165 5122 1327 5178 Turci
1361 5121 1600 5189 reliquos
1659 5118 1919 5172 mortales
1974 5116 2129 5185 longe
2182 5128 2345 5183 supe-

784 5229 926 5272 rant.
995 5216 1269 5270 Saltautes
1314 5211 1513 5267 etenim
1569 5208 1823 5262 incedunt
1885 5222 1977 5275 per
2007 5205 2165 5260 funes
2221 5220 2343 5259 sus-

787 5323 1006 5377 pensos,
1038 5314 1092 5360 et
1120 5319 1216 5373 per
1268 5318 1361 5357 eos
1422 5316 1641 5354 currere
1690 5308 1916 5367 possunt
1948 5310 2110 5365 quam
2143 5294 2343 5349 citissi-

785 5417 893 5458 nie.
959 5398 1247 5452 lnnumera
1305 5393 1555 5462 qumdam
1609 5392 1713 5444 alia
1772 5389 2135 5443 admiratione
2184 5389 2343 5456 digna

786 5488 1012 5549 faciunt,
1046 5496 1241 5540 euntes
1265 5497 1429 5549 super
1491 5482 1573 5533 his
1625 5495 1719 5547 per
1747 5478 1953 5546 gladios
1990 5479 2233 5540 strictos,
2292 5488 2343 5529 et

783 5580 1102 5635 redeuntes.
1137 5575 1257 5630 llaec
1295 5574 1420 5644 quis
1455 5570 1699 5641 quotidie
1733 5578 1923 5623 cernat
1950 5567 2000 5618 in
2040 5565 2157 5619 foro
2198 5566 2341 5635 quod

781 5672 1055 5728 Tactalem
1093 5672 1390 5733 nominant,
1421 5668 1509 5720 ubi
1540 5676 1590 5718 et
1628 5663 1928 5718 funaxnbuli
1986 5663 2191 5715 ludicra
2248 5676 2343 5716 sua

2445 4662 2618 4727 τόνδε,
2666 4663 2917 4717 παιδιάν
2970 4665 3106 4718 ἄλλα
3160 4683 3217 4719 τε
3264 4669 3364 4720 οὐκ
3424 4670 3603 4737 ὀλίγα,
3641 4673 3735 4724 καὶ
3793 4673 3858 4744 δὴ
3911 4677 4012 4728 καὶ

2445 4753 2632 4823 ἄνδρες
2663 4754 2814 4823 ὀρθοὶ
2856 4756 2948 4808 ἐπὶ
2993 4757 3174 4810 ἵππων
3225 4762 3328 4813 ἀνὰ
3362 4763 3561 4829 κράτος
3601 4764 3921 4829 ἐλαύνοντες
3952 4774 4009 4829 ές

2446 4846 2535 4895 τὸν
2565 4845 2763 4914 δρόμον
2816 4850 2939 4910 τοὺς
2990 4848 3219 4915 ἵππους,
3252 4854 3347 4902 καὶ
3376 4853 3625 4921 οὐδαμῶς
3666 4858 4009 4925 ἐπισχόντες,

2448 4929 2665 4983 ιπειδὰν
2692 4931 2903 4986 Θέωσιν.
2949 4933 3153 4988 Ἐκεῖνο
3184 4938 3284 5003 μέν
3332 4957 3416 4991 τοι
3461 4944 3695 5012 παρήσω
3720 4946 3829 4997 τῶν
3861 4964 4011 5015 σχοι-

2448 5019 2711 5087 νοῦατῶν,
2734 5023 2807 5085 ὡς
2841 5024 2979 5093 ὑπὲρ
3007 5029 3074 5080 τὰ
3107 5028 3239 5081 ἄλλα
3274 5031 3401 5101 γένη
3436 5033 3671 5103 Τοῧρκοι
3697 5039 3861 5090 δεινοί
3896 5043 4008 5093 εἰσι

2440 5110 2535 5181 τὴν
2570 5113 2763 5183 τέχνην
2792 5117 3013 5188 ταύτην,
3046 5117 3186 5173 ὥστε
3218 5122 3313 5175 καὶ
3338 5124 3744 5193 πεπεδημένους
3780 5132 4016 5199 πορεύε-

2445 5203 2571 5256 altat
2597 5206 2689 5255 ἐπὶ
2716 5205 2825 5257 τῶν
2855 5209 3125 5277 σχοινίων,
3155 5212 3249 5263 καὶ
3276 5214 3402 5278 τοὺς
3430 5214 3763 5285 ὀφθαλμοὺς,
3782 5220 4009 5275 ὑποθεῖν

2449 5294 2540 5347 ἐπὶ
2576 5295 2782 5369 τούτων
2820 5298 2892 5361 ὡς
2945 5300 3011 5351 ἂν
3067 5301 3331 5356 δύνωνται
3381 5308 3731 5375 ἰσχυρότατα,
3764 5314 3857 5365 καὶ
3911 5316 4009 5367 ἐπὶ

2447 5384 2648 5438 τούτων
2706 5388 2874 5457 μυρία
2937 5392 3337 5461 ἐργαζομένους
3385 5396 3663 5467 θαύματος
3717 5402 3867 5466 ἄξια,
3913 5405 4010 5457 ἐπὶ

2450 5477 2618 5544 ξιφῶν
2673 5478 2905 5544 διιόντας
2964 5501 3022 5534 τε
3080 5490 3174 5537 καὶ
3230 5487 3759 5560 ὑποῖτρεψομένους.
3814 5496 4007 5551 Ταῦτα

2452 5568 2633 5633 μέντοι
2681 5571 2801 5622 καθ’
2838 5574 3075 5644 ἐεᾶιστην
3125 5578 3176 5640 ἐς
3210 5577 3307 5645 τὴν
3353 5576 3612 5649 Τακταλῆ
3645 5584 3854 5654 ἀγορὰν
3901 5605 4006 5641 xa-

2449 5662 2716 5735 λουμένην
2746 5668 2841 5720 ἴδοι
2871 5670 2935 5722 ἄν
2962 5688 3043 5735 τις
3070 5675 3387 5744 γιγνόμενα,
3416 5677 3511 5729 καὶ
3550 5681 3677 5741 τοὺς
3720 5682 4003 5748 σγοινοῦἀ-

2058 5758 2304 5818 Notulze
2336 5760 2730 5835 marginales.

856 5879 900 5908 ⁷⁸
938 5876 1319 5945 ὲσὸησόμενις.
1340 5874 1426 5929 Sic
1451 5874 1605 5927 etiam
1636 5870 1695 5923 R-

1773 5870 1814 5900 ⁷⁷
1853 5866 2255 5938 προσηκόντων.
2296 5863 2358 5919 In
2396 5884 2447 5921 ιι.
2477 5885 2696 5939 περιηκ.
2732 5873 2781 5925 in
2813 5872 2886 5925 al.
2914 5881 2967 5923 ut
3001 5889 3044 5924 ε.
