  <div class='ocr_page' id='page_1' title='image "/cluster/home/n/w/nwhite01/storage/ocr_20150623/159/nnc1.0046980628/224.png"; bbox 0 0 4180 6434; ppageno 0'>
   <div class='ocr_carea' id='block_1_1' title="bbox 195 442 299 504">
    <p class='ocr_par' dir='ltr' id='par_1_1' title="bbox 195 442 299 504">
     <span class='ocr_line' id='line_1_1' title="bbox 195 442 299 504; baseline 0.01 -1"><span class='ocrx_word' id='word_1_1' title='bbox 195 442 299 504; x_wconf 69' lang='lat'><strong>429</strong></span> 
     </span>
    </p>
   </div>
   <div class='ocr_carea' id='block_1_2' title="bbox 1205 433 2375 498">
    <p class='ocr_par' dir='ltr' id='par_1_2' title="bbox 1205 433 2375 498">
     <span class='ocr_line' id='line_1_2' title="bbox 1205 433 2375 498; baseline 0 -2"><span class='ocrx_word' id='word_1_2' title='bbox 1205 436 1302 496; x_wconf 90' lang='lat' dir='ltr'><strong>DE</strong></span> <span class='ocrx_word' id='word_1_3' title='bbox 1333 436 1583 496; x_wconf 83' lang='lat' dir='ltr'><strong>REBUS</strong></span> <span class='ocrx_word' id='word_1_4' title='bbox 1624 433 1977 495; x_wconf 57' lang='lat' dir='ltr'><strong>TUBEICIS</strong></span> <span class='ocrx_word' id='word_1_5' title='bbox 2026 438 2171 498; x_wconf 84' lang='lat' dir='ltr'><strong>LIB.</strong></span> <span class='ocrx_word' id='word_1_6' title='bbox 2206 437 2375 496; x_wconf 81' lang='lat' dir='ltr'><strong>VIII.</strong></span> 
     </span>
    </p>
   </div>
   <div class='ocr_carea' id='block_1_3' title="bbox 3324 432 3434 495">
    <p class='ocr_par' dir='ltr' id='par_1_3' title="bbox 3324 432 3434 495">
     <span class='ocr_line' id='line_1_3' title="bbox 3324 432 3434 495; baseline -0.009 0"><span class='ocrx_word' id='word_1_7' title='bbox 3324 432 3434 495; x_wconf 68' lang='lat'><strong>430</strong></span> 
     </span>
    </p>
   </div>
   <div class='ocr_carea' id='block_1_4' title="bbox 192 545 1770 616">
    <p class='ocr_par' dir='ltr' id='par_1_4' title="bbox 192 545 1760 613">
     <span class='ocr_line' id='line_1_4' title="bbox 192 545 1760 613; baseline -0.006 -9"><span class='ocrx_word' id='word_1_8' title='bbox 192 569 312 611; x_wconf 87' lang='grc' dir='ltr'>τας.</span> <span class='ocrx_word' id='word_1_9' title='bbox 366 550 521 611; x_wconf 85' lang='grc' dir='ltr'>Γένος</span> <span class='ocrx_word' id='word_1_10' title='bbox 560 548 613 600; x_wconf 79' lang='grc' dir='ltr'>δέ</span> <span class='ocrx_word' id='word_1_11' title='bbox 647 549 762 599; x_wconf 80' lang='grc' dir='ltr'>ἐστι</span> <span class='ocrx_word' id='word_1_12' title='bbox 819 546 977 599; x_wconf 58' lang='grc' dir='ltr'>τᾱῦτο</span> <span class='ocrx_word' id='word_1_13' title='bbox 1024 549 1153 613; x_wconf 79' lang='grc' dir='ltr'>παρ’</span> <span class='ocrx_word' id='word_1_14' title='bbox 1207 548 1393 610; x_wconf 74' lang='grc' dir='ltr'>αὐτοῖς</span> <span class='ocrx_word' id='word_1_15' title='bbox 1423 545 1760 612; x_wconf 80' lang='grc' dir='ltr'>καλούμενον</span> 
     </span>
    </p>
   </div>
   <div class='ocr_carea' id='block_1_5' title="bbox 1869 545 3435 616">
    <p class='ocr_par' dir='ltr' id='par_1_5' title="bbox 1869 545 3435 616">
     <span class='ocr_line' id='line_1_5' title="bbox 1869 545 3435 616; baseline 0.003 -20"><span class='ocrx_word' id='word_1_16' title='bbox 1869 545 2095 599; x_wconf 90' lang='lat' dir='ltr'><strong>faciunt.</strong></span> <span class='ocrx_word' id='word_1_17' title='bbox 2131 546 2243 601; x_wconf 91' lang='lat' dir='ltr'><strong>lloc</strong></span> <span class='ocrx_word' id='word_1_18' title='bbox 2273 545 2553 599; x_wconf 84' lang='lat' dir='ltr'><strong>hominum</strong></span> <span class='ocrx_word' id='word_1_19' title='bbox 2590 545 2745 616; x_wconf 79' lang='lat'><strong>231</strong></span> <span class='ocrx_word' id='word_1_20' title='bbox 2820 560 2993 615; x_wconf 79' lang='lat' dir='ltr'><strong>genus</strong></span> <span class='ocrx_word' id='word_1_21' title='bbox 3056 560 3223 613; x_wconf 84' lang='lat' dir='ltr'><strong>penes</strong></span> <span class='ocrx_word' id='word_1_22' title='bbox 3282 547 3435 614; x_wconf 85' lang='lat' dir='ltr'><strong>ipsos</strong></span> 
     </span>
    </p>
   </div>
   <div class='ocr_carea' id='block_1_6' title="bbox 193 637 1758 711">
    <p class='ocr_par' dir='ltr' id='par_1_6' title="bbox 193 637 1758 711">
     <span class='ocr_line' id='line_1_6' title="bbox 193 637 1758 711; baseline -0.006 -15"><span class='ocrx_word' id='word_1_23' title='bbox 193 641 501 711; x_wconf 75' lang='grc' dir='ltr'>Τάμπεζιν,</span> <span class='ocrx_word' id='word_1_24' title='bbox 550 643 830 711; x_wconf 72' lang='grc' dir='ltr'><strong>μετιόντας</strong></span> <span class='ocrx_word' id='word_1_25' title='bbox 877 641 921 672; x_wconf 83' lang='grc'><strong>’⁸</strong></span> <span class='ocrx_word' id='word_1_26' title='bbox 981 642 1081 709; x_wconf 81' lang='grc' dir='ltr'>τὴν</span> <span class='ocrx_word' id='word_1_27' title='bbox 1141 640 1339 709; x_wconf 87' lang='grc' dir='ltr'>τέχνην</span> <span class='ocrx_word' id='word_1_28' title='bbox 1386 638 1613 704; x_wconf 85' lang='grc' dir='ltr'>ταύτην,</span> <span class='ocrx_word' id='word_1_29' title='bbox 1663 637 1758 688; x_wconf 71' lang='grc' dir='ltr'><strong>καὶ</strong></span> 
     </span>
    </p>
   </div>
   <div class='ocr_carea' id='block_1_7' title="bbox 194 729 1759 805">
    <p class='ocr_par' dir='ltr' id='par_1_7' title="bbox 194 729 1759 805">
     <span class='ocr_line' id='line_1_7' title="bbox 194 729 1759 805; baseline -0.005 -17"><span class='ocrx_word' id='word_1_30' title='bbox 194 736 554 805; x_wconf 77' lang='grc' dir='ltr'>παραπλήσια</span> <span class='ocrx_word' id='word_1_31' title='bbox 584 732 802 797; x_wconf 76' lang='grc' dir='ltr'><strong>τούτους</strong></span> <span class='ocrx_word' id='word_1_32' title='bbox 835 735 933 787; x_wconf 82' lang='grc' dir='ltr'>ῐδοι</span> <span class='ocrx_word' id='word_1_33' title='bbox 966 733 1032 786; x_wconf 76' lang='grc' dir='ltr'>ἄν</span> <span class='ocrx_word' id='word_1_34' title='bbox 1066 750 1148 794; x_wconf 89' lang='grc' dir='ltr'><strong>τις</strong></span> <span class='ocrx_word' id='word_1_35' title='bbox 1180 731 1274 783; x_wconf 70' lang='grc' dir='ltr'><strong>καὶ</strong></span> <span class='ocrx_word' id='word_1_36' title='bbox 1298 729 1561 800; x_wconf 77' lang='grc' dir='ltr'><strong>ἀλλήλους</strong></span> <span class='ocrx_word' id='word_1_37' title='bbox 1590 731 1759 798; x_wconf 83' lang='grc' dir='ltr'>ἐργα-</span> 
     </span>
    </p>
   </div>
   <div class='ocr_carea' id='block_1_8' title="bbox 190 821 1759 897">
    <p class='ocr_par' dir='ltr' id='par_1_8' title="bbox 190 821 1759 897">
     <span class='ocr_line' id='line_1_8' title="bbox 190 821 1759 897; baseline -0.004 -19"><span class='ocrx_word' id='word_1_38' title='bbox 190 828 455 897; x_wconf 82' lang='grc' dir='ltr'>ζομένους</span> <span class='ocrx_word' id='word_1_39' title='bbox 488 827 543 888; x_wconf 84' lang='grc' dir='ltr'>ἐς</span> <span class='ocrx_word' id='word_1_40' title='bbox 574 826 779 892; x_wconf 76' lang='grc' dir='ltr'>ταύτην</span> <span class='ocrx_word' id='word_1_41' title='bbox 809 827 904 894; x_wconf 80' lang='grc' dir='ltr'>τὴν</span> <span class='ocrx_word' id='word_1_42' title='bbox 930 823 1160 891; x_wconf 74' lang='grc' dir='ltr'>ἀγορὰν,</span> <span class='ocrx_word' id='word_1_43' title='bbox 1198 823 1327 876; x_wconf 77' lang='grc' dir='ltr'>ἔνθα</span> <span class='ocrx_word' id='word_1_44' title='bbox 1376 824 1445 874; x_wconf 75' lang='grc' dir='ltr'>τὰ</span> <span class='ocrx_word' id='word_1_45' title='bbox 1479 821 1759 888; x_wconf 83' lang='grc' dir='ltr'>γυμνάσια</span> 
     </span>
    </p>
   </div>
   <div class='ocr_carea' id='block_1_9' title="bbox 191 911 1760 987">
    <p class='ocr_par' dir='ltr' id='par_1_9' title="bbox 191 911 1760 987">
     <span class='ocr_line' id='line_1_9' title="bbox 191 911 1760 987; baseline -0.004 -18"><span class='ocrx_word' id='word_1_46' title='bbox 191 916 472 986; x_wconf 76' lang='grc' dir='ltr'><strong>νομίζεται</strong></span> <span class='ocrx_word' id='word_1_47' title='bbox 499 916 699 987; x_wconf 83' lang='grc' dir='ltr'>ταύτη;</span> <span class='ocrx_word' id='word_1_48' title='bbox 723 914 824 984; x_wconf 80' lang='grc' dir='ltr'>τῆς</span> <span class='ocrx_word' id='word_1_49' title='bbox 848 915 1078 975; x_wconf 83' lang='grc' dir='ltr'>πόλεως.</span> <span class='ocrx_word' id='word_1_50' title='bbox 1106 914 1178 965; x_wconf 75' lang='grc' dir='ltr'><strong>Τὸ</strong></span> <span class='ocrx_word' id='word_1_51' title='bbox 1195 913 1251 965; x_wconf 78' lang='grc' dir='ltr'>δὲ</span> <span class='ocrx_word' id='word_1_52' title='bbox 1270 913 1374 965; x_wconf 78' lang='grc' dir='ltr'>ὑπὸ</span> <span class='ocrx_word' id='word_1_53' title='bbox 1398 912 1501 980; x_wconf 83' lang='grc' dir='ltr'>γῆν</span> <span class='ocrx_word' id='word_1_54' title='bbox 1531 911 1760 964; x_wconf 84' lang='grc' dir='ltr'>θάπτειν</span> 
     </span>
    </p>
   </div>
   <div class='ocr_carea' id='block_1_10' title="bbox 192 1004 1759 1074">
    <p class='ocr_par' dir='ltr' id='par_1_10' title="bbox 192 1004 1759 1074">
     <span class='ocr_line' id='line_1_10' title="bbox 192 1004 1759 1074; baseline -0.004 -13"><span class='ocrx_word' id='word_1_55' title='bbox 192 1012 284 1062; x_wconf 79' lang='grc' dir='ltr'>τδν</span> <span class='ocrx_word' id='word_1_56' title='bbox 311 1010 494 1071; x_wconf 83' lang='grc' dir='ltr'>παῖδα,</span> <span class='ocrx_word' id='word_1_57' title='bbox 524 1010 587 1061; x_wconf 80' lang='grc' dir='ltr'><strong>ὲκ</strong></span> <span class='ocrx_word' id='word_1_58' title='bbox 616 1008 709 1060; x_wconf 79' lang='grc' dir='ltr'><strong>τοῦ</strong></span> <span class='ocrx_word' id='word_1_59' title='bbox 759 1007 1011 1060; x_wconf 72' lang='grc' dir='ltr'>κάκεῖθεν</span> <span class='ocrx_word' id='word_1_60' title='bbox 1054 1007 1476 1074; x_wconf 76' lang='grc' dir='ltr'><strong>διαλεγομένους</strong></span> <span class='ocrx_word' id='word_1_61' title='bbox 1517 1004 1759 1057; x_wconf 82' lang='grc' dir='ltr'><strong>συνιέναι</strong></span> 
     </span>
    </p>
   </div>
   <div class='ocr_carea' id='block_1_11' title="bbox 192 1096 1761 1169">
    <p class='ocr_par' dir='ltr' id='par_1_11' title="bbox 192 1096 1761 1169">
     <span class='ocr_line' id='line_1_11' title="bbox 192 1096 1761 1169; baseline -0.004 -16"><span class='ocrx_word' id='word_1_62' title='bbox 192 1119 250 1153; x_wconf 85' lang='grc' dir='ltr'><strong>τε</strong></span> <span class='ocrx_word' id='word_1_63' title='bbox 299 1103 387 1163; x_wconf 81' lang='grc' dir='ltr'>ἂν,</span> <span class='ocrx_word' id='word_1_64' title='bbox 423 1102 451 1153; x_wconf 87' lang='grc' dir='ltr'><strong>ὅ</strong></span> <span class='ocrx_word' id='word_1_65' title='bbox 499 1117 552 1152; x_wconf 87' lang='grc' dir='ltr'><strong>τι</strong></span> <span class='ocrx_word' id='word_1_66' title='bbox 602 1100 780 1169; x_wconf 76' lang='grc' dir='ltr'>ἔροιτο</span> <span class='ocrx_word' id='word_1_67' title='bbox 837 1098 1019 1161; x_wconf 74' lang='grc' dir='ltr'>αὑτὸν,</span> <span class='ocrx_word' id='word_1_68' title='bbox 1049 1098 1143 1151; x_wconf 78' lang='grc' dir='ltr'><strong>καὶ</strong></span> <span class='ocrx_word' id='word_1_69' title='bbox 1188 1097 1610 1167; x_wconf 84' lang='grc' dir='ltr'>ἀποκρίνασθαι,</span> <span class='ocrx_word' id='word_1_70' title='bbox 1645 1096 1761 1159; x_wconf 84' lang='grc' dir='ltr'><strong>πῶς</strong></span> 
     </span>
    </p>
   </div>
   <div class='ocr_carea' id='block_1_12' title="bbox 190 1188 1756 1259">
    <p class='ocr_par' dir='ltr' id='par_1_12' title="bbox 190 1188 1756 1259">
     <span class='ocr_line' id='line_1_12' title="bbox 190 1188 1756 1259; baseline -0.002 -15"><span class='ocrx_word' id='word_1_71' title='bbox 190 1195 291 1244; x_wconf 75' lang='grc' dir='ltr'><strong>οὐκ</strong></span> <span class='ocrx_word' id='word_1_72' title='bbox 340 1195 395 1244; x_wconf 88' lang='grc' dir='ltr'>ὲν</span> <span class='ocrx_word' id='word_1_73' title='bbox 445 1192 683 1259; x_wconf 83' lang='grc' dir='ltr'>θαύματι</span> <span class='ocrx_word' id='word_1_74' title='bbox 732 1194 937 1243; x_wconf 79' lang='grc' dir='ltr'><strong>ποιοῖτο</strong></span> <span class='ocrx_word' id='word_1_75' title='bbox 990 1190 1055 1242; x_wconf 82' lang='grc' dir='ltr'>ἂν</span> <span class='ocrx_word' id='word_1_76' title='bbox 1102 1207 1186 1251; x_wconf 87' lang='grc' dir='ltr'><strong>τις</strong></span> <span class='ocrx_word' id='word_1_77' title='bbox 1215 1189 1433 1242; x_wconf 81' lang='grc' dir='ltr'>τοιαῦτα</span> <span class='ocrx_word' id='word_1_78' title='bbox 1467 1188 1756 1256; x_wconf 77' lang='grc' dir='ltr'>καθορῶνς</span> 
     </span>
    </p>
   </div>
   <div class='ocr_carea' id='block_1_13' title="bbox 148 1282 1761 1351">
    <p class='ocr_par' dir='ltr' id='par_1_13' title="bbox 148 1282 1761 1351">
     <span class='ocr_line' id='line_1_13' title="bbox 148 1282 1761 1351; baseline -0.001 -14"><span class='ocrx_word' id='word_1_79' title='bbox 148 1314 156 1320; x_wconf 92' lang='grc'><strong>-</strong></span> <span class='ocrx_word' id='word_1_80' title='bbox 206 1286 366 1337; x_wconf 73' lang='grc' dir='ltr'>Ἀλλὰ</span> <span class='ocrx_word' id='word_1_81' title='bbox 403 1287 469 1338; x_wconf 74' lang='grc' dir='ltr'><strong>τὰ</strong></span> <span class='ocrx_word' id='word_1_82' title='bbox 517 1286 614 1351; x_wconf 83' lang='grc' dir='ltr'>μὲν</span> <span class='ocrx_word' id='word_1_83' title='bbox 644 1284 777 1337; x_wconf 79' lang='grc' dir='ltr'>ἄλλα</span> <span class='ocrx_word' id='word_1_84' title='bbox 834 1283 938 1336; x_wconf 77' lang='grc' dir='ltr'>ὑπὸ</span> <span class='ocrx_word' id='word_1_85' title='bbox 980 1282 1264 1349; x_wconf 80' lang='grc' dir='ltr'>δυνάμεώς</span> <span class='ocrx_word' id='word_1_86' title='bbox 1316 1300 1463 1344; x_wconf 84' lang='grc' dir='ltr'>τινος</span> <span class='ocrx_word' id='word_1_87' title='bbox 1513 1284 1761 1350; x_wconf 69' lang='grc' dir='ltr'>μείζονος</span> 
     </span>
    </p>
   </div>
   <div class='ocr_carea' id='block_1_14' title="bbox 193 1374 1761 1446">
    <p class='ocr_par' dir='ltr' id='par_1_14' title="bbox 193 1374 1761 1446">
     <span class='ocr_line' id='line_1_14' title="bbox 193 1374 1761 1446; baseline -0.002 -17"><span class='ocrx_word' id='word_1_88' title='bbox 193 1377 607 1443; x_wconf 79' lang='grc' dir='ltr'>ἀποτελούμενα</span> <span class='ocrx_word' id='word_1_89' title='bbox 637 1376 861 1446; x_wconf 71' lang='grc' dir='ltr'>ἐλάσσω</span> <span class='ocrx_word' id='word_1_90' title='bbox 883 1375 1003 1427; x_wconf 67' lang='grc' dir='ltr'>ἐστὶ</span> <span class='ocrx_word' id='word_1_91' title='bbox 1036 1375 1145 1428; x_wconf 84' lang='grc' dir='ltr'><strong>τῶν</strong></span> <span class='ocrx_word' id='word_1_92' title='bbox 1173 1375 1422 1427; x_wconf 83' lang='grc' dir='ltr'>διιόντων</span> <span class='ocrx_word' id='word_1_93' title='bbox 1453 1375 1639 1445; x_wconf 80' lang='grc' dir='ltr'>δρόμῳ</span> <span class='ocrx_word' id='word_1_94' title='bbox 1671 1374 1761 1426; x_wconf 75' lang='grc' dir='ltr'>ἐπὶ</span> 
     </span>
    </p>
   </div>
   <div class='ocr_carea' id='block_1_15' title="bbox 193 1467 1761 1536">
    <p class='ocr_par' dir='ltr' id='par_1_15' title="bbox 193 1467 1761 1536">
     <span class='ocr_line' id='line_1_15' title="bbox 193 1467 1761 1536; baseline 0 -18"><span class='ocrx_word' id='word_1_95' title='bbox 193 1470 304 1519; x_wconf 85' lang='grc' dir='ltr'><strong>τῶν</strong></span> <span class='ocrx_word' id='word_1_96' title='bbox 334 1470 603 1536; x_wconf 74' lang='grc' dir='ltr'><strong>σχοινίων.</strong></span> <span class='ocrx_word' id='word_1_97' title='bbox 648 1468 924 1531; x_wconf 80' lang='grc' dir='ltr'>Ἐγένοντο</span> <span class='ocrx_word' id='word_1_98' title='bbox 956 1468 1113 1521; x_wconf 80' lang='grc' dir='ltr'>ἄλλαι</span> <span class='ocrx_word' id='word_1_99' title='bbox 1144 1468 1189 1499; x_wconf 76' lang='grc'><strong>⁷⁸</strong></span> <span class='ocrx_word' id='word_1_100' title='bbox 1220 1467 1438 1519; x_wconf 74' lang='grc' dir='ltr'>παιδιαὶ</span> <span class='ocrx_word' id='word_1_101' title='bbox 1488 1468 1630 1520; x_wconf 82' lang='grc' dir='ltr'>κατὰ</span> <span class='ocrx_word' id='word_1_102' title='bbox 1662 1469 1761 1535; x_wconf 80' lang='grc' dir='ltr'>τὴν</span> 
     </span>
    </p>
   </div>
   <div class='ocr_carea' id='block_1_16' title="bbox 194 1552 1761 1630">
    <p class='ocr_par' dir='ltr' id='par_1_16' title="bbox 194 1552 1761 1630">
     <span class='ocr_line' id='line_1_16' title="bbox 194 1552 1761 1630; baseline -0.001 -20"><span class='ocrx_word' id='word_1_103' title='bbox 194 1560 501 1629; x_wconf 68' lang='grc' dir='ltr'>’περιτομὴν</span> <span class='ocrx_word' id='word_1_104' title='bbox 550 1558 777 1628; x_wconf 84' lang='grc' dir='ltr'>ταύτην,</span> <span class='ocrx_word' id='word_1_105' title='bbox 813 1560 870 1609; x_wconf 70' lang='grc' dir='ltr'>ἐν</span> <span class='ocrx_word' id='word_1_106' title='bbox 995 1558 1347 1627; x_wconf 70' lang='grc' dir='ltr'>Μεχμούτης,</span> <span class='ocrx_word' id='word_1_107' title='bbox 1400 1559 1429 1609; x_wconf 82' lang='grc' dir='ltr'><strong>ό</strong></span> <span class='ocrx_word' id='word_1_108' title='bbox 1477 1558 1568 1610; x_wconf 81' lang='grc' dir='ltr'>τοῦ</span> <span class='ocrx_word' id='word_1_109' title='bbox 1610 1559 1761 1610; x_wconf 69' lang='grc' dir='ltr'>οἴκου</span> 
     </span>
    </p>
   </div>
   <div class='ocr_carea' id='block_1_17' title="bbox 194 1652 1762 1721">
    <p class='ocr_par' dir='ltr' id='par_1_17' title="bbox 194 1652 1762 1721">
     <span class='ocr_line' id='line_1_17' title="bbox 194 1652 1762 1721; baseline -0.001 -18"><span class='ocrx_word' id='word_1_110' title='bbox 194 1653 439 1721; x_wconf 79' lang='grc' dir='ltr'>ἡγεμὼν,</span> <span class='ocrx_word' id='word_1_111' title='bbox 488 1653 580 1704; x_wconf 80' lang='grc' dir='ltr'><strong>καὶ</strong></span> <span class='ocrx_word' id='word_1_112' title='bbox 626 1652 743 1720; x_wconf 80' lang='grc' dir='ltr'>ἄμα</span> <span class='ocrx_word' id='word_1_113' title='bbox 787 1652 888 1719; x_wconf 79' lang='grc' dir='ltr'>τῆς</span> <span class='ocrx_word' id='word_1_114' title='bbox 940 1652 1208 1719; x_wconf 80' lang='grc' dir='ltr'><strong>Εὐρώπης</strong></span> <span class='ocrx_word' id='word_1_115' title='bbox 1268 1653 1596 1721; x_wconf 77' lang='grc' dir='ltr'>στρατηγὸς,</span> <span class='ocrx_word' id='word_1_116' title='bbox 1651 1654 1762 1714; x_wconf 76' lang='grc' dir='ltr'>τοῖς</span> 
     </span>
    </p>
   </div>
   <div class='ocr_carea' id='block_1_18' title="bbox 192 1743 1763 1812">
    <p class='ocr_par' dir='ltr' id='par_1_18' title="bbox 192 1743 1763 1812">
     <span class='ocr_line' id='line_1_18' title="bbox 192 1743 1763 1812; baseline 0.001 -17"><span class='ocrx_word' id='word_1_117' title='bbox 192 1744 387 1812; x_wconf 80' lang='grc' dir='ltr'>δώροις</span> <span class='ocrx_word' id='word_1_118' title='bbox 440 1744 875 1811; x_wconf 74' lang='grc' dir='ltr'>ὑπερϐάλλεσθαι</span> <span class='ocrx_word' id='word_1_119' title='bbox 936 1744 1160 1805; x_wconf 74' lang='grc' dir='ltr'>πάντας,</span> <span class='ocrx_word' id='word_1_120' title='bbox 1209 1743 1333 1805; x_wconf 86' lang='grc' dir='ltr'>τούς</span> <span class='ocrx_word' id='word_1_121' title='bbox 1388 1763 1446 1797; x_wconf 74' lang='grc' dir='ltr'><strong>τε</strong></span> <span class='ocrx_word' id='word_1_122' title='bbox 1513 1744 1763 1812; x_wconf 72' lang='grc' dir='ltr'>βασιλεῖς</span> 
     </span>
    </p>
   </div>
   <div class='ocr_carea' id='block_1_19' title="bbox 193 1832 1759 1906">
    <p class='ocr_par' dir='ltr' id='par_1_19' title="bbox 193 1832 1759 1906">
     <span class='ocr_line' id='line_1_19' title="bbox 193 1832 1759 1906; baseline -0.001 -17"><span class='ocrx_word' id='word_1_123' title='bbox 193 1838 313 1906; x_wconf 74' lang='grc' dir='ltr'>ἅμα</span> <span class='ocrx_word' id='word_1_124' title='bbox 340 1838 433 1890; x_wconf 76' lang='grc' dir='ltr'><strong>καὶ</strong></span> <span class='ocrx_word' id='word_1_125' title='bbox 465 1837 736 1905; x_wconf 81' lang='grc' dir='ltr'>ἡγεμόνας</span> <span class='ocrx_word' id='word_1_126' title='bbox 765 1838 872 1887; x_wconf 88' lang='grc' dir='ltr'><strong>τῶν</strong></span> <span class='ocrx_word' id='word_1_127' title='bbox 908 1836 1108 1905; x_wconf 86' lang='grc' dir='ltr'>θυρῶν.</span> <span class='ocrx_word' id='word_1_128' title='bbox 1144 1832 1311 1897; x_wconf 81' lang='grc' dir='ltr'>Οὗτος</span> <span class='ocrx_word' id='word_1_129' title='bbox 1346 1836 1401 1887; x_wconf 84' lang='grc' dir='ltr'>δὲ</span> <span class='ocrx_word' id='word_1_130' title='bbox 1430 1838 1457 1889; x_wconf 87' lang='grc' dir='ltr'>ὁ</span> <span class='ocrx_word' id='word_1_131' title='bbox 1501 1836 1759 1905; x_wconf 78' lang='grc' dir='ltr'>Μεχμού-</span> 
     </span>
    </p>
   </div>
   <div class='ocr_carea' id='block_1_20' title="bbox 192 1894 1837 1999">
    <p class='ocr_par' dir='ltr' id='par_1_20' title="bbox 192 1894 1837 1999">
     <span class='ocr_line' id='line_1_20' title="bbox 192 1894 1837 1999; baseline 0.001 -20"><span class='ocrx_word' id='word_1_132' title='bbox 192 1894 293 1999; x_wconf 59' lang='grc' dir='ltr'><strong>της</strong></span> <span class='ocrx_word' id='word_1_133' title='bbox 326 1931 393 1993; x_wconf 80' lang='grc'><strong>⁸⁸,</strong></span> <span class='ocrx_word' id='word_1_134' title='bbox 441 1894 582 1991; x_wconf 58' lang='grc' dir='ltr'><strong>παῖς⁵</strong></span> <span class='ocrx_word' id='word_1_135' title='bbox 616 1894 893 1997; x_wconf 50' lang='grc' dir='ltr'>Μιγαήλου</span> <span class='ocrx_word' id='word_1_136' title='bbox 945 1894 1256 1997; x_wconf 72' lang='grc' dir='ltr'>γενόμενος,</span> <span class='ocrx_word' id='word_1_137' title='bbox 1294 1894 1639 1998; x_wconf 29' lang='grc' dir='ltr'>νΤριόαλλδςη</span> <span class='ocrx_word' id='word_1_138' title='bbox 1665 1930 1765 1997; x_wconf 80' lang='grc' dir='ltr'><strong>μέν</strong></span> <span class='ocrx_word' id='word_1_139' title='bbox 1799 1894 1837 1947; x_wconf 74' lang='lat' dir='ltr'>n</span> 
     </span>
    </p>
   </div>
   <div class='ocr_carea' id='block_1_21' title="bbox 193 2020 1764 2091">
    <p class='ocr_par' dir='ltr' id='par_1_21' title="bbox 193 2020 1764 2091">
     <span class='ocr_line' id='line_1_21' title="bbox 193 2020 1764 2091; baseline -0.003 -15"><span class='ocrx_word' id='word_1_140' title='bbox 193 2027 313 2076; x_wconf 82' lang='grc' dir='ltr'>ἐστι</span> <span class='ocrx_word' id='word_1_141' title='bbox 378 2024 446 2075; x_wconf 76' lang='grc' dir='ltr'><strong>τὰ</strong></span> <span class='ocrx_word' id='word_1_142' title='bbox 501 2023 797 2091; x_wconf 77' lang='grc' dir='ltr'>μητρόθεν,</span> <span class='ocrx_word' id='word_1_143' title='bbox 831 2021 1033 2088; x_wconf 72' lang='grc' dir='ltr'>Ἕλλην</span> <span class='ocrx_word' id='word_1_144' title='bbox 1090 2022 1145 2074; x_wconf 75' lang='grc' dir='ltr'><strong>δὲ</strong></span> <span class='ocrx_word' id='word_1_145' title='bbox 1205 2022 1274 2075; x_wconf 67' lang='grc' dir='ltr'><strong>τὰ</strong></span> <span class='ocrx_word' id='word_1_146' title='bbox 1327 2020 1619 2089; x_wconf 75' lang='grc' dir='ltr'>πατρόθεν,</span> <span class='ocrx_word' id='word_1_147' title='bbox 1672 2024 1764 2073; x_wconf 75' lang='grc' dir='ltr'><strong>καὶ</strong></span> 
     </span>
    </p>
   </div>
   <div class='ocr_carea' id='block_1_22' title="bbox 194 2112 1766 2183">
    <p class='ocr_par' dir='ltr' id='par_1_22' title="bbox 194 2112 1766 2183">
     <span class='ocr_line' id='line_1_22' title="bbox 194 2112 1766 2183; baseline -0.003 -16"><span class='ocrx_word' id='word_1_148' title='bbox 194 2117 361 2168; x_wconf 78' lang='grc' dir='ltr'>παῖδα</span> <span class='ocrx_word' id='word_1_149' title='bbox 401 2116 481 2167; x_wconf 68' lang='grc' dir='ltr'>ἔτί</span> <span class='ocrx_word' id='word_1_150' title='bbox 522 2115 673 2178; x_wconf 72' lang='grc' dir='ltr'>ὄντα,</span> <span class='ocrx_word' id='word_1_151' title='bbox 706 2116 804 2166; x_wconf 70' lang='grc' dir='ltr'>σὺν</span> <span class='ocrx_word' id='word_1_152' title='bbox 857 2117 923 2182; x_wconf 82' lang='grc' dir='ltr'>τῇ</span> <span class='ocrx_word' id='word_1_153' title='bbox 976 2116 1146 2183; x_wconf 73' lang='grc' dir='ltr'>μητρὶ</span> <span class='ocrx_word' id='word_1_154' title='bbox 1201 2114 1369 2175; x_wconf 80' lang='grc' dir='ltr'>ίόντα,</span> <span class='ocrx_word' id='word_1_155' title='bbox 1405 2114 1512 2165; x_wconf 76' lang='grc' dir='ltr'><strong>ἀπὸ</strong></span> <span class='ocrx_word' id='word_1_156' title='bbox 1565 2112 1766 2181; x_wconf 72' lang='grc' dir='ltr'>Νεϐρο-</span> 
     </span>
    </p>
   </div>
   <div class='ocr_carea' id='block_1_23' title="bbox 196 2206 1766 2276">
    <p class='ocr_par' dir='ltr' id='par_1_23' title="bbox 196 2206 1766 2276">
     <span class='ocr_line' id='line_1_23' title="bbox 196 2206 1766 2276; baseline -0.001 -17"><span class='ocrx_word' id='word_1_157' title='bbox 196 2210 389 2276; x_wconf 80' lang='grc' dir='ltr'>πρξδου</span> <span class='ocrx_word' id='word_1_158' title='bbox 416 2208 456 2239; x_wconf 85' lang='grc'><strong>⁸¹</strong></span> <span class='ocrx_word' id='word_1_159' title='bbox 512 2210 565 2269; x_wconf 85' lang='grc' dir='ltr'>ἐς</span> <span class='ocrx_word' id='word_1_160' title='bbox 608 2207 1001 2276; x_wconf 78' lang='grc' dir='ltr'>Σπενδερόόην,</span> <span class='ocrx_word' id='word_1_161' title='bbox 1037 2209 1084 2258; x_wconf 87' lang='grc' dir='ltr'><strong>οί</strong></span> <span class='ocrx_word' id='word_1_162' title='bbox 1131 2208 1454 2276; x_wconf 76' lang='grc' dir='ltr'>ίπποδρόμοι</span> <span class='ocrx_word' id='word_1_163' title='bbox 1489 2206 1579 2258; x_wconf 74' lang='grc' dir='ltr'>τοῦ</span> <span class='ocrx_word' id='word_1_164' title='bbox 1617 2207 1766 2275; x_wconf 75' lang='grc' dir='ltr'>βασι-</span> 
     </span>
    </p>
   </div>
   <div class='ocr_carea' id='block_1_24' title="bbox 195 2298 1763 2368">
    <p class='ocr_par' dir='ltr' id='par_1_24' title="bbox 195 2298 1763 2368">
     <span class='ocr_line' id='line_1_24' title="bbox 195 2298 1763 2368; baseline -0.003 -17"><span class='ocrx_word' id='word_1_165' title='bbox 195 2305 333 2362; x_wconf 77' lang='grc' dir='ltr'>λέως</span> <span class='ocrx_word' id='word_1_166' title='bbox 365 2300 760 2361; x_wconf 82' lang='grc' dir='ltr'>καταλαϐόντες</span> <span class='ocrx_word' id='word_1_167' title='bbox 792 2302 849 2352; x_wconf 83' lang='grc' dir='ltr'>ὲν</span> <span class='ocrx_word' id='word_1_168' title='bbox 879 2303 941 2367; x_wconf 83' lang='grc' dir='ltr'>τῇ</span> <span class='ocrx_word' id='word_1_169' title='bbox 971 2298 1154 2368; x_wconf 81' lang='grc' dir='ltr'>ὁδῴ¹¹’</span> <span class='ocrx_word' id='word_1_170' title='bbox 1186 2300 1509 2367; x_wconf 72' lang='grc' dir='ltr'>ἡγουμένου.</span> <span class='ocrx_word' id='word_1_171' title='bbox 1541 2299 1763 2366; x_wconf 78' lang='grc' dir='ltr'>ἀπήγα-</span> 
     </span>
    </p>
   </div>
   <div class='ocr_carea' id='block_1_25' title="bbox 195 2393 1764 2463">
    <p class='ocr_par' dir='ltr' id='par_1_25' title="bbox 195 2393 1764 2463">
     <span class='ocr_line' id='line_1_25' title="bbox 195 2393 1764 2463; baseline -0.005 -14"><span class='ocrx_word' id='word_1_172' title='bbox 195 2415 292 2463; x_wconf 85' lang='grc' dir='ltr'><strong>γον</strong></span> <span class='ocrx_word' id='word_1_173' title='bbox 327 2399 549 2449; x_wconf 75' lang='grc' dir='ltr'>πανοικὶ</span> <span class='ocrx_word' id='word_1_174' title='bbox 604 2396 828 2458; x_wconf 76' lang='grc' dir='ltr'>τούτους</span> <span class='ocrx_word' id='word_1_175' title='bbox 883 2395 1035 2463; x_wconf 73' lang='grc' dir='ltr'><strong>παρᾶ</strong></span> <span class='ocrx_word' id='word_1_176' title='bbox 1084 2395 1324 2460; x_wconf 76' lang='grc' dir='ltr'>βασιλέα.</span> <span class='ocrx_word' id='word_1_177' title='bbox 1357 2393 1552 2447; x_wconf 79' lang='grc' dir='ltr'><strong>Λαὸὼν</strong></span> <span class='ocrx_word' id='word_1_178' title='bbox 1587 2394 1641 2443; x_wconf 77' lang='grc' dir='ltr'>δὲ</span> <span class='ocrx_word' id='word_1_179' title='bbox 1674 2393 1764 2443; x_wconf 67' lang='grc' dir='ltr'>τὸν</span> 
     </span>
    </p>
   </div>
   <div class='ocr_carea' id='block_1_26' title="bbox 197 2484 1763 2554">
    <p class='ocr_par' dir='ltr' id='par_1_26' title="bbox 197 2484 1763 2554">
     <span class='ocr_line' id='line_1_26' title="bbox 197 2484 1763 2554; baseline -0.004 -16"><span class='ocrx_word' id='word_1_180' title='bbox 197 2488 366 2538; x_wconf 79' lang='grc' dir='ltr'>παῖδα</span> <span class='ocrx_word' id='word_1_181' title='bbox 424 2489 480 2547; x_wconf 78' lang='grc' dir='ltr'>ἐς</span> <span class='ocrx_word' id='word_1_182' title='bbox 526 2487 616 2538; x_wconf 78' lang='grc' dir='ltr'>τὸν</span> <span class='ocrx_word' id='word_1_183' title='bbox 657 2487 891 2539; x_wconf 79' lang='grc' dir='ltr'>κοιτῶνα</span> <span class='ocrx_word' id='word_1_184' title='bbox 942 2486 1106 2538; x_wconf 85' lang='grc' dir='ltr'>αὑτοῦ</span> <span class='ocrx_word' id='word_1_185' title='bbox 1162 2484 1437 2554; x_wconf 75' lang='grc' dir='ltr'>βασιλεὺς,</span> <span class='ocrx_word' id='word_1_186' title='bbox 1492 2484 1664 2550; x_wconf 80' lang='grc' dir='ltr'>μέγαν</span> <span class='ocrx_word' id='word_1_187' title='bbox 1706 2498 1763 2533; x_wconf 88' lang='grc' dir='ltr'><strong>τε</strong></span> 
     </span>
    </p>
   </div>
   <div class='ocr_carea' id='block_1_27' title="bbox 194 2574 1766 2645">
    <p class='ocr_par' dir='ltr' id='par_1_27' title="bbox 194 2574 1766 2645">
     <span class='ocr_line' id='line_1_27' title="bbox 194 2574 1766 2645; baseline -0.005 -14"><span class='ocrx_word' id='word_1_188' title='bbox 194 2579 483 2641; x_wconf 78' lang='grc' dir='ltr'>ἀπέδειξεν</span> <span class='ocrx_word' id='word_1_189' title='bbox 545 2580 602 2629; x_wconf 86' lang='grc' dir='ltr'>ὲν</span> <span class='ocrx_word' id='word_1_190' title='bbox 660 2580 880 2645; x_wconf 82' lang='grc' dir='ltr'>ἀκαρεῖ,</span> <span class='ocrx_word' id='word_1_191' title='bbox 944 2578 1039 2628; x_wconf 77' lang='grc' dir='ltr'><strong>καὶ</strong></span> <span class='ocrx_word' id='word_1_192' title='bbox 1095 2576 1405 2643; x_wconf 80' lang='grc' dir='ltr'>ἱπποκόμον</span> <span class='ocrx_word' id='word_1_193' title='bbox 1454 2576 1511 2626; x_wconf 85' lang='grc' dir='ltr'>ὲν</span> <span class='ocrx_word' id='word_1_194' title='bbox 1573 2574 1766 2642; x_wconf 82' lang='grc' dir='ltr'>βραχεῖ</span> 
     </span>
    </p>
   </div>
   <div class='ocr_carea' id='block_1_28' title="bbox 196 2666 1766 2739">
    <p class='ocr_par' dir='ltr' id='par_1_28' title="bbox 196 2666 1766 2739">
     <span class='ocr_line' id='line_1_28' title="bbox 196 2666 1766 2739; baseline -0.003 -18"><span class='ocrx_word' id='word_1_195' title='bbox 196 2672 590 2739; x_wconf 78' lang='grc' dir='ltr'>ποιησάμενος,</span> <span class='ocrx_word' id='word_1_196' title='bbox 626 2672 761 2737; x_wconf 73' lang='grc' dir='ltr'>μετὰ</span> <span class='ocrx_word' id='word_1_197' title='bbox 791 2669 963 2721; x_wconf 80' lang='grc' dir='ltr'>ταῦτα</span> <span class='ocrx_word' id='word_1_198' title='bbox 996 2666 1242 2737; x_wconf 79' lang='grc' dir='ltr'>ἡγεμόνα</span> <span class='ocrx_word' id='word_1_199' title='bbox 1270 2668 1379 2719; x_wconf 86' lang='grc' dir='ltr'><strong>τῶν</strong></span> <span class='ocrx_word' id='word_1_200' title='bbox 1406 2667 1586 2733; x_wconf 69' lang='grc' dir='ltr'>θυρῶν</span> <span class='ocrx_word' id='word_1_201' title='bbox 1632 2666 1766 2718; x_wconf 87' lang='grc' dir='ltr'><strong>ἁπέ-</strong></span> 
     </span>
    </p>
   </div>
   <div class='ocr_carea' id='block_1_29' title="bbox 193 2758 1765 2831">
    <p class='ocr_par' dir='ltr' id='par_1_29' title="bbox 193 2758 1765 2831">
     <span class='ocr_line' id='line_1_29' title="bbox 193 2758 1765 2831; baseline -0.005 -16"><span class='ocrx_word' id='word_1_202' title='bbox 193 2763 638 2828; x_wconf 80' lang='grc' dir='ltr'>δειξεν.Ἐπειτα</span> <span class='ocrx_word' id='word_1_203' title='bbox 672 2762 769 2831; x_wconf 80' lang='grc' dir='ltr'>μὲν</span> <span class='ocrx_word' id='word_1_204' title='bbox 789 2758 879 2812; x_wconf 78' lang='grc' dir='ltr'>οὖν</span> <span class='ocrx_word' id='word_1_205' title='bbox 900 2762 1141 2823; x_wconf 81' lang='grc' dir='ltr'>Ζαγανον</span> <span class='ocrx_word' id='word_1_206' title='bbox 1164 2761 1253 2811; x_wconf 74' lang='grc' dir='ltr'><strong>τὸν</strong></span> <span class='ocrx_word' id='word_1_207' title='bbox 1280 2760 1475 2812; x_wconf 77' lang='grc' dir='ltr'>ἑαυτοῦ</span> <span class='ocrx_word' id='word_1_208' title='bbox 1500 2758 1765 2826; x_wconf 80' lang='grc' dir='ltr'>κηδεστὴν</span> 
     </span>
    </p>
   </div>
   <div class='ocr_carea' id='block_1_30' title="bbox 196 2850 1761 2925">
    <p class='ocr_par' dir='ltr' id='par_1_30' title="bbox 196 2850 1761 2925">
     <span class='ocr_line' id='line_1_30' title="bbox 196 2850 1761 2925; baseline -0.003 -20"><span class='ocrx_word' id='word_1_209' title='bbox 196 2858 469 2925; x_wconf 77' lang='grc' dir='ltr'>ἐξήλασεν</span> <span class='ocrx_word' id='word_1_210' title='bbox 514 2857 576 2905; x_wconf 82' lang='grc' dir='ltr'><strong>ὲκ</strong></span> <span class='ocrx_word' id='word_1_211' title='bbox 629 2854 727 2922; x_wconf 83' lang='grc' dir='ltr'>τῆς</span> <span class='ocrx_word' id='word_1_212' title='bbox 764 2852 952 2921; x_wconf 82' lang='grc' dir='ltr'>τιμῆς.</span> <span class='ocrx_word' id='word_1_213' title='bbox 986 2853 1064 2904; x_wconf 83' lang='grc' dir='ltr'><strong>Τὰ</strong></span> <span class='ocrx_word' id='word_1_214' title='bbox 1118 2852 1295 2904; x_wconf 83' lang='grc' dir='ltr'>πάντα</span> <span class='ocrx_word' id='word_1_215' title='bbox 1324 2850 1478 2911; x_wconf 80' lang='grc' dir='ltr'>οὖτος</span> <span class='ocrx_word' id='word_1_216' title='bbox 1526 2852 1761 2918; x_wconf 72' lang='grc' dir='ltr'>ἐγένετο.</span> 
     </span>
    </p>
   </div>
   <div class='ocr_carea' id='block_1_31' title="bbox 208 2941 1763 3019">
    <p class='ocr_par' dir='ltr' id='par_1_31' title="bbox 208 2941 1763 3019">
     <span class='ocr_line' id='line_1_31' title="bbox 208 2941 1763 3019; baseline -0.006 -17"><span class='ocrx_word' id='word_1_217' title='bbox 208 2953 488 3019; x_wconf 78' lang='grc' dir='ltr'>Ἐγεγόνει</span> <span class='ocrx_word' id='word_1_218' title='bbox 518 2950 575 3001; x_wconf 83' lang='grc' dir='ltr'><strong>δὲ</strong></span> <span class='ocrx_word' id='word_1_219' title='bbox 604 2945 714 3009; x_wconf 76' lang='grc' dir='ltr'>οἷος</span> <span class='ocrx_word' id='word_1_220' title='bbox 742 2949 915 3009; x_wconf 69' lang='grc' dir='ltr'>οὐδείς</span> <span class='ocrx_word' id='word_1_221' title='bbox 946 2964 1032 2998; x_wconf 86' lang='grc' dir='ltr'>πω</span> <span class='ocrx_word' id='word_1_222' title='bbox 1064 2946 1331 3014; x_wconf 85' lang='grc' dir='ltr'>πρότερον</span> <span class='ocrx_word' id='word_1_223' title='bbox 1361 2946 1415 3006; x_wconf 85' lang='grc' dir='ltr'>ἐς</span> <span class='ocrx_word' id='word_1_224' title='bbox 1464 2943 1613 2993; x_wconf 80' lang='grc' dir='ltr'>τόνδε</span> <span class='ocrx_word' id='word_1_225' title='bbox 1656 2941 1763 2993; x_wconf 86' lang='grc' dir='ltr'><strong>τῶν</strong></span> 
     </span>
    </p>
   </div>
   <div class='ocr_carea' id='block_1_32' title="bbox 198 3034 1765 3108">
    <p class='ocr_par' dir='ltr' id='par_1_32' title="bbox 198 3034 1765 3108">
     <span class='ocr_line' id='line_1_32' title="bbox 198 3034 1765 3108; baseline -0.007 -14"><span class='ocrx_word' id='word_1_226' title='bbox 198 3046 296 3096; x_wconf 76' lang='grc' dir='ltr'><strong>ἐπὶ</strong></span> <span class='ocrx_word' id='word_1_227' title='bbox 343 3044 463 3104; x_wconf 83' lang='grc' dir='ltr'>ταῖς</span> <span class='ocrx_word' id='word_1_228' title='bbox 500 3040 897 3108; x_wconf 86' lang='grc' dir='ltr'>Ὀτουμανίδων</span> <span class='ocrx_word' id='word_1_229' title='bbox 943 3038 1137 3106; x_wconf 82' lang='grc' dir='ltr'>θύραις</span> <span class='ocrx_word' id='word_1_230' title='bbox 1170 3036 1476 3105; x_wconf 65' lang='grc' dir='ltr'>ἡγεμόνων,</span> <span class='ocrx_word' id='word_1_231' title='bbox 1515 3034 1765 3101; x_wconf 76' lang='grc' dir='ltr'>μεγάλων</span> 
     </span>
    </p>
   </div>
   <div class='ocr_carea' id='block_1_33' title="bbox 195 3134 818 3206">
    <p class='ocr_par' dir='ltr' id='par_1_33' title="bbox 195 3134 818 3206">
     <span class='ocr_line' id='line_1_33' title="bbox 195 3134 818 3206; baseline -0.005 -18"><span class='ocrx_word' id='word_1_232' title='bbox 195 3137 512 3206; x_wconf 80' lang='grc' dir='ltr'>λεγομένων</span> <span class='ocrx_word' id='word_1_233' title='bbox 546 3134 818 3201; x_wconf 79' lang='grc' dir='ltr'>γενέσθαι.</span> 
     </span>
    </p>
   </div>
   <div class='ocr_carea' id='block_1_34' title="bbox 1864 635 3434 706">
    <p class='ocr_par' dir='ltr' id='par_1_34' title="bbox 1864 635 3434 706">
     <span class='ocr_line' id='line_1_34' title="bbox 1864 635 3434 706; baseline 0.001 -17"><span class='ocrx_word' id='word_1_234' title='bbox 1864 635 2177 705; x_wconf 86' lang='lat' dir='ltr'><strong>Tampezim</strong></span> <span class='ocrx_word' id='word_1_235' title='bbox 2246 637 2567 706; x_wconf 82' lang='lat' dir='ltr'><strong>appellant,</strong></span> <span class='ocrx_word' id='word_1_236' title='bbox 2642 646 2865 706; x_wconf 84' lang='lat' dir='ltr'><strong>propter</strong></span> <span class='ocrx_word' id='word_1_237' title='bbox 2933 652 3028 691; x_wconf 85' lang='lat' dir='ltr'><strong>eos</strong></span> <span class='ocrx_word' id='word_1_238' title='bbox 3086 636 3178 705; x_wconf 86' lang='lat' dir='ltr'><strong>qui</strong></span> <span class='ocrx_word' id='word_1_239' title='bbox 3261 646 3434 691; x_wconf 90' lang='lat' dir='ltr'><strong>artem</strong></span> 
     </span>
    </p>
   </div>
   <div class='ocr_carea' id='block_1_35' title="bbox 1863 729 3436 799">
    <p class='ocr_par' dir='ltr' id='par_1_35' title="bbox 1863 729 3436 799">
     <span class='ocr_line' id='line_1_35' title="bbox 1863 729 3436 799; baseline 0.001 -18"><span class='ocrx_word' id='word_1_240' title='bbox 1863 729 2005 784; x_wconf 78' lang='lat' dir='ltr'><strong>hanc</strong></span> <span class='ocrx_word' id='word_1_241' title='bbox 2056 730 2364 785; x_wconf 87' lang='lat' dir='ltr'><strong>addiscunt.</strong></span> <span class='ocrx_word' id='word_1_242' title='bbox 2394 730 2488 784; x_wconf 89' lang='lat' dir='ltr'><strong>His</strong></span> <span class='ocrx_word' id='word_1_243' title='bbox 2522 730 2723 783; x_wconf 80' lang='lat' dir='ltr'><strong>similia</strong></span> <span class='ocrx_word' id='word_1_244' title='bbox 2755 730 2857 783; x_wconf 89' lang='lat' dir='ltr'><strong>alia</strong></span> <span class='ocrx_word' id='word_1_245' title='bbox 2895 730 3050 798; x_wconf 90' lang='lat' dir='ltr'><strong>plura</strong></span> <span class='ocrx_word' id='word_1_246' title='bbox 3081 730 3206 799; x_wconf 87' lang='lat' dir='ltr'><strong>quis</strong></span> <span class='ocrx_word' id='word_1_247' title='bbox 3256 731 3436 783; x_wconf 87' lang='lat' dir='ltr'><strong>videat</strong></span> 
     </span>
    </p>
   </div>
   <div class='ocr_carea' id='block_1_36' title="bbox 1865 820 3436 893">
    <p class='ocr_par' dir='ltr' id='par_1_36' title="bbox 1865 820 3436 893">
     <span class='ocr_line' id='line_1_36' title="bbox 1865 820 3436 893; baseline -0.001 -18"><span class='ocrx_word' id='word_1_248' title='bbox 1865 822 1916 875; x_wconf 88' lang='lat' dir='ltr'><strong>in</strong></span> <span class='ocrx_word' id='word_1_249' title='bbox 1950 821 2054 875; x_wconf 93' lang='lat' dir='ltr'><strong>isto</strong></span> <span class='ocrx_word' id='word_1_250' title='bbox 2077 822 2191 877; x_wconf 82' lang='lat' dir='ltr'><strong>fieri</strong></span> <span class='ocrx_word' id='word_1_251' title='bbox 2228 823 2369 876; x_wconf 93' lang='lat' dir='ltr'><strong>foro.</strong></span> <span class='ocrx_word' id='word_1_252' title='bbox 2418 820 2679 893; x_wconf 85' lang='lat' dir='ltr'><strong>Gymnica</strong></span> <span class='ocrx_word' id='word_1_253' title='bbox 2721 823 3017 876; x_wconf 76' lang='lat' dir='ltr'><strong>certamina</strong></span> <span class='ocrx_word' id='word_1_254' title='bbox 3051 823 3105 876; x_wconf 92' lang='lat' dir='ltr'><strong>in</strong></span> <span class='ocrx_word' id='word_1_255' title='bbox 3145 825 3248 875; x_wconf 87' lang='lat' dir='ltr'><strong>ista</strong></span> <span class='ocrx_word' id='word_1_256' title='bbox 3302 823 3436 875; x_wconf 73' lang='lat' dir='ltr'><strong>urbe.</strong></span> 
     </span>
    </p>
   </div>
   <div class='ocr_carea' id='block_1_37' title="bbox 1862 915 3436 984">
    <p class='ocr_par' dir='ltr' id='par_1_37' title="bbox 1862 915 3436 984">
     <span class='ocr_line' id='line_1_37' title="bbox 1862 915 3436 984; baseline 0 -18"><span class='ocrx_word' id='word_1_257' title='bbox 1862 930 2077 984; x_wconf 86' lang='lat' dir='ltr'><strong>quoque</strong></span> <span class='ocrx_word' id='word_1_258' title='bbox 2138 915 2572 984; x_wconf 76' lang='lat' dir='ltr'><strong>frequentantur.</strong></span> <span class='ocrx_word' id='word_1_259' title='bbox 2632 915 2894 969; x_wconf 74' lang='lat' dir='ltr'><strong>Przeterea</strong></span> <span class='ocrx_word' id='word_1_260' title='bbox 2966 918 3090 983; x_wconf 87' lang='lat' dir='ltr'><strong>quis</strong></span> <span class='ocrx_word' id='word_1_261' title='bbox 3155 932 3261 969; x_wconf 87' lang='lat' dir='ltr'><strong>non</strong></span> <span class='ocrx_word' id='word_1_262' title='bbox 3334 931 3436 969; x_wconf 90' lang='lat' dir='ltr'><strong>ceu</strong></span> 
     </span>
    </p>
   </div>
   <div class='ocr_carea' id='block_1_38' title="bbox 1863 1007 3438 1077">
    <p class='ocr_par' dir='ltr' id='par_1_38' title="bbox 1863 1007 3438 1077">
     <span class='ocr_line' id='line_1_38' title="bbox 1863 1007 3438 1077; baseline 0 -19"><span class='ocrx_word' id='word_1_263' title='bbox 1863 1007 2188 1061; x_wconf 85' lang='lat' dir='ltr'><strong>miraculum</strong></span> <span class='ocrx_word' id='word_1_264' title='bbox 2222 1011 2494 1077; x_wconf 83' lang='lat' dir='ltr'><strong>quoddam</strong></span> <span class='ocrx_word' id='word_1_265' title='bbox 2527 1011 2847 1072; x_wconf 89' lang='lat' dir='ltr'><strong>admiretur,</strong></span> <span class='ocrx_word' id='word_1_266' title='bbox 2906 1024 3131 1076; x_wconf 91' lang='lat' dir='ltr'><strong>puerum</strong></span> <span class='ocrx_word' id='word_1_267' title='bbox 3167 1009 3270 1061; x_wconf 87' lang='lat' dir='ltr'><strong>sub</strong></span> <span class='ocrx_word' id='word_1_268' title='bbox 3328 1016 3438 1059; x_wconf 87' lang='lat' dir='ltr'><strong>lcr-</strong></span> 
     </span>
    </p>
   </div>
   <div class='ocr_carea' id='block_1_39' title="bbox 1864 1100 3435 1172">
    <p class='ocr_par' dir='ltr' id='par_1_39' title="bbox 1864 1100 3435 1172">
     <span class='ocr_line' id='line_1_39' title="bbox 1864 1100 3435 1172; baseline 0.001 -21"><span class='ocrx_word' id='word_1_269' title='bbox 1864 1114 1980 1152; x_wconf 89' lang='lat' dir='ltr'><strong>ram</strong></span> <span class='ocrx_word' id='word_1_270' title='bbox 2022 1100 2227 1165; x_wconf 82' lang='lat' dir='ltr'><strong>defodi,</strong></span> <span class='ocrx_word' id='word_1_271' title='bbox 2257 1110 2310 1155; x_wconf 90' lang='lat' dir='ltr'><strong>et</strong></span> <span class='ocrx_word' id='word_1_272' title='bbox 2370 1118 2492 1155; x_wconf 92' lang='lat' dir='ltr'><strong>eum</strong></span> <span class='ocrx_word' id='word_1_273' title='bbox 2523 1106 2709 1157; x_wconf 90' lang='lat' dir='ltr'><strong>audire</strong></span> <span class='ocrx_word' id='word_1_274' title='bbox 2769 1101 3184 1172; x_wconf 80' lang='lat' dir='ltr'><strong>respondentem</strong></span> <span class='ocrx_word' id='word_1_275' title='bbox 3237 1104 3301 1155; x_wconf 87' lang='lat' dir='ltr'><strong>ad</strong></span> <span class='ocrx_word' id='word_1_276' title='bbox 3373 1117 3435 1154; x_wconf 84' lang='lat' dir='ltr'><strong>ea</strong></span> 
     </span>
    </p>
   </div>
   <div class='ocr_carea' id='block_1_40' title="bbox 1862 1192 3438 1262">
    <p class='ocr_par' dir='ltr' id='par_1_40' title="bbox 1862 1192 3438 1262">
     <span class='ocr_line' id='line_1_40' title="bbox 1862 1192 3438 1262; baseline 0.005 -24"><span class='ocrx_word' id='word_1_277' title='bbox 1862 1203 1980 1257; x_wconf 67' lang='lat' dir='ltr'><strong>quae</strong></span> <span class='ocrx_word' id='word_1_278' title='bbox 2014 1192 2385 1259; x_wconf 82' lang='lat' dir='ltr'><strong>interrogatus</strong></span> <span class='ocrx_word' id='word_1_279' title='bbox 2419 1193 2625 1247; x_wconf 88' lang='lat' dir='ltr'><strong>fuerit?</strong></span> <span class='ocrx_word' id='word_1_280' title='bbox 2661 1194 2857 1248; x_wconf 81' lang='lat' dir='ltr'><strong>Verum</strong></span> <span class='ocrx_word' id='word_1_281' title='bbox 2893 1196 2996 1247; x_wconf 87' lang='lat' dir='ltr'><strong>alia</strong></span> <span class='ocrx_word' id='word_1_282' title='bbox 3047 1209 3168 1262; x_wconf 75' lang='lat' dir='ltr'><strong>qua:</strong></span> <span class='ocrx_word' id='word_1_283' title='bbox 3233 1206 3438 1259; x_wconf 71' lang='lat' dir='ltr'><strong>majore</strong></span> 
     </span>
    </p>
   </div>
   <div class='ocr_carea' id='block_1_41' title="bbox 1862 1283 3435 1352">
    <p class='ocr_par' dir='ltr' id='par_1_41' title="bbox 1862 1283 3435 1352">
     <span class='ocr_line' id='line_1_41' title="bbox 1862 1283 3435 1352; baseline 0.006 -21"><span class='ocrx_word' id='word_1_284' title='bbox 1862 1283 2095 1350; x_wconf 86' lang='lat' dir='ltr'><strong>quadam</strong></span> <span class='ocrx_word' id='word_1_285' title='bbox 2121 1285 2323 1340; x_wconf 82' lang='lat' dir='ltr'><strong>virtute</strong></span> <span class='ocrx_word' id='word_1_286' title='bbox 2363 1296 2416 1341; x_wconf 91' lang='lat' dir='ltr'><strong>et</strong></span> <span class='ocrx_word' id='word_1_287' title='bbox 2481 1289 2722 1352; x_wconf 81' lang='lat' dir='ltr'><strong>potentia</strong></span> <span class='ocrx_word' id='word_1_288' title='bbox 2749 1289 2903 1350; x_wconf 86' lang='lat' dir='ltr'><strong>fiunt,</strong></span> <span class='ocrx_word' id='word_1_289' title='bbox 2931 1290 3141 1343; x_wconf 84' lang='lat' dir='ltr'><strong>minora</strong></span> <span class='ocrx_word' id='word_1_290' title='bbox 3197 1297 3324 1343; x_wconf 88' lang='lat' dir='ltr'><strong>sunt</strong></span> <span class='ocrx_word' id='word_1_291' title='bbox 3351 1288 3435 1341; x_wconf 87' lang='lat' dir='ltr'><strong>his</strong></span> 
     </span>
    </p>
   </div>
   <div class='ocr_carea' id='block_1_42' title="bbox 1865 1376 3435 1443">
    <p class='ocr_par' dir='ltr' id='par_1_42' title="bbox 1865 1376 3435 1443">
     <span class='ocr_line' id='line_1_42' title="bbox 1865 1376 3435 1443; baseline 0.006 -20"><span class='ocrx_word' id='word_1_292' title='bbox 1865 1390 2098 1443; x_wconf 71' lang='lat' dir='ltr'><strong>qnzeper</strong></span> <span class='ocrx_word' id='word_1_293' title='bbox 2140 1376 2492 1433; x_wconf 79' lang='lat' dir='ltr'><strong>funambulos</strong></span> <span class='ocrx_word' id='word_1_294' title='bbox 2553 1380 2707 1432; x_wconf 80' lang='lat' dir='ltr'><strong>fiunt.</strong></span> <span class='ocrx_word' id='word_1_295' title='bbox 2781 1382 2952 1433; x_wconf 82' lang='lat' dir='ltr'><strong>Etiam</strong></span> <span class='ocrx_word' id='word_1_296' title='bbox 2995 1382 3097 1434; x_wconf 85' lang='lat' dir='ltr'><strong>alia</strong></span> <span class='ocrx_word' id='word_1_297' title='bbox 3137 1381 3342 1434; x_wconf 76' lang='lat' dir='ltr'><strong>ludicra</strong></span> <span class='ocrx_word' id='word_1_298' title='bbox 3380 1382 3435 1433; x_wconf 89' lang='lat' dir='ltr'><strong>in</strong></span> 
     </span>
    </p>
   </div>
   <div class='ocr_carea' id='block_1_43' title="bbox 1866 1468 3439 1540">
    <p class='ocr_par' dir='ltr' id='par_1_43' title="bbox 1866 1468 3439 1540">
     <span class='ocr_line' id='line_1_43' title="bbox 1866 1468 3439 1540; baseline 0.003 -21"><span class='ocrx_word' id='word_1_299' title='bbox 1866 1468 1968 1520; x_wconf 85' lang='lat' dir='ltr'><strong>ista</strong></span> <span class='ocrx_word' id='word_1_300' title='bbox 2004 1468 2427 1524; x_wconf 78' lang='lat' dir='ltr'><strong>circumcisione</strong></span> <span class='ocrx_word' id='word_1_301' title='bbox 2468 1472 2746 1540; x_wconf 64' lang='lat' dir='ltr'><strong>proposita</strong></span> <span class='ocrx_word' id='word_1_302' title='bbox 2771 1482 2921 1526; x_wconf 91' lang='lat' dir='ltr'><strong>sunt.</strong></span> <span class='ocrx_word' id='word_1_303' title='bbox 2958 1472 3324 1525; x_wconf 82' lang='lat' dir='ltr'><strong>Mechnmetes</strong></span> <span class='ocrx_word' id='word_1_304' title='bbox 3356 1489 3439 1524; x_wconf 86' lang='lat' dir='ltr'><strong>re-</strong></span> 
     </span>
    </p>
   </div>
   <div class='ocr_carea' id='block_1_44' title="bbox 1867 1558 3440 1634">
    <p class='ocr_par' dir='ltr' id='par_1_44' title="bbox 1867 1558 3440 1634">
     <span class='ocr_line' id='line_1_44' title="bbox 1867 1558 3440 1634; baseline 0.006 -26"><span class='ocrx_word' id='word_1_305' title='bbox 1867 1558 1937 1624; x_wconf 77' lang='lat' dir='ltr'><strong>gii</strong></span> <span class='ocrx_word' id='word_1_306' title='bbox 1993 1559 2185 1627; x_wconf 80' lang='lat' dir='ltr'><strong>palatii</strong></span> <span class='ocrx_word' id='word_1_307' title='bbox 2223 1561 2531 1629; x_wconf 66' lang='lat' dir='ltr'><strong>praefectus,</strong></span> <span class='ocrx_word' id='word_1_308' title='bbox 2562 1573 2616 1618; x_wconf 92' lang='lat' dir='ltr'><strong>et</strong></span> <span class='ocrx_word' id='word_1_309' title='bbox 2664 1563 2893 1634; x_wconf 59' lang='lat' dir='ltr'><strong>Europae</strong></span> <span class='ocrx_word' id='word_1_310' title='bbox 2934 1566 3091 1617; x_wconf 87' lang='lat' dir='ltr'><strong>simul</strong></span> <span class='ocrx_word' id='word_1_311' title='bbox 3129 1565 3259 1627; x_wconf 80' lang='lat' dir='ltr'><strong>dux,</strong></span> <span class='ocrx_word' id='word_1_312' title='bbox 3320 1581 3440 1618; x_wconf 87' lang='lat' dir='ltr'><strong>mu-</strong></span> 
     </span>
    </p>
   </div>
   <div class='ocr_carea' id='block_1_45' title="bbox 1872 1652 3439 1726">
    <p class='ocr_par' dir='ltr' id='par_1_45' title="bbox 1872 1652 3439 1726">
     <span class='ocr_line' id='line_1_45' title="bbox 1872 1652 3439 1726; baseline 0.004 -23"><span class='ocrx_word' id='word_1_313' title='bbox 1872 1652 2233 1721; x_wconf 71' lang='lat' dir='ltr'><strong>neribusqna:</strong></span> <span class='ocrx_word' id='word_1_314' title='bbox 2262 1655 2314 1706; x_wconf 92' lang='lat' dir='ltr'><strong>in</strong></span> <span class='ocrx_word' id='word_1_315' title='bbox 2348 1670 2529 1723; x_wconf 83' lang='lat' dir='ltr'><strong>regem</strong></span> <span class='ocrx_word' id='word_1_316' title='bbox 2571 1658 2802 1710; x_wconf 83' lang='lat' dir='ltr'><strong>centnlit</strong></span> <span class='ocrx_word' id='word_1_317' title='bbox 2851 1658 2963 1726; x_wconf 76' lang='lat'><strong>(61)</strong></span> <span class='ocrx_word' id='word_1_318' title='bbox 3017 1672 3209 1710; x_wconf 91' lang='lat' dir='ltr'><strong>omnes</strong></span> <span class='ocrx_word' id='word_1_319' title='bbox 3241 1658 3439 1710; x_wconf 76' lang='lat' dir='ltr'><strong>vicisse</strong></span> 
     </span>
    </p>
   </div>
   <div class='ocr_carea' id='block_1_46' title="bbox 1866 1744 3440 1817">
    <p class='ocr_par' dir='ltr' id='par_1_46' title="bbox 1866 1744 3440 1817">
     <span class='ocr_line' id='line_1_46' title="bbox 1866 1744 3440 1817; baseline 0.004 -24"><span class='ocrx_word' id='word_1_320' title='bbox 1866 1744 2107 1808; x_wconf 81' lang='lat' dir='ltr'><strong>videtur,</strong></span> <span class='ocrx_word' id='word_1_321' title='bbox 2141 1761 2297 1813; x_wconf 76' lang='lat' dir='ltr'><strong>reges</strong></span> <span class='ocrx_word' id='word_1_322' title='bbox 2356 1746 2607 1800; x_wconf 83' lang='lat' dir='ltr'><strong>videlicet</strong></span> <span class='ocrx_word' id='word_1_323' title='bbox 2671 1757 2725 1801; x_wconf 90' lang='lat' dir='ltr'><strong>et</strong></span> <span class='ocrx_word' id='word_1_324' title='bbox 2768 1750 3058 1817; x_wconf 85' lang='lat' dir='ltr'><strong>jannarum</strong></span> <span class='ocrx_word' id='word_1_325' title='bbox 3099 1750 3284 1803; x_wconf 90' lang='lat' dir='ltr'><strong>duces.</strong></span> <span class='ocrx_word' id='word_1_326' title='bbox 3345 1749 3440 1801; x_wconf 89' lang='lat' dir='ltr'><strong>llic</strong></span> 
     </span>
    </p>
   </div>
   <div class='ocr_carea' id='block_1_47' title="bbox 1870 1834 3439 1911">
    <p class='ocr_par' dir='ltr' id='par_1_47' title="bbox 1870 1834 3439 1911">
     <span class='ocr_line' id='line_1_47' title="bbox 1870 1834 3439 1911; baseline 0.006 -24"><span class='ocrx_word' id='word_1_327' title='bbox 1870 1834 2235 1892; x_wconf 81' lang='lat' dir='ltr'><strong>Meehnmctes</strong></span> <span class='ocrx_word' id='word_1_328' title='bbox 2260 1838 2400 1891; x_wconf 85' lang='lat' dir='ltr'><strong>filius</strong></span> <span class='ocrx_word' id='word_1_329' title='bbox 2432 1838 2532 1892; x_wconf 89' lang='lat' dir='ltr'><strong>fuit</strong></span> <span class='ocrx_word' id='word_1_330' title='bbox 2560 1840 2878 1895; x_wconf 83' lang='lat' dir='ltr'><strong>Michaelis:</strong></span> <span class='ocrx_word' id='word_1_331' title='bbox 2939 1851 3186 1896; x_wconf 86' lang='lat' dir='ltr'><strong>materno</strong></span> <span class='ocrx_word' id='word_1_332' title='bbox 3241 1858 3439 1911; x_wconf 77' lang='lat' dir='ltr'><strong>genere</strong></span> 
     </span>
    </p>
   </div>
   <div class='ocr_carea' id='block_1_48' title="bbox 1876 1929 3439 2003">
    <p class='ocr_par' dir='ltr' id='par_1_48' title="bbox 1876 1929 3439 2003">
     <span class='ocr_line' id='line_1_48' title="bbox 1876 1929 3439 2003; baseline 0.005 -23"><span class='ocrx_word' id='word_1_333' title='bbox 1876 1929 2171 1993; x_wconf 83' lang='lat' dir='ltr'><strong>&#39;I‘riballus,</strong></span> <span class='ocrx_word' id='word_1_334' title='bbox 2210 1941 2433 1999; x_wconf 82' lang='lat' dir='ltr'><strong>paterno</strong></span> <span class='ocrx_word' id='word_1_335' title='bbox 2462 1931 2684 1987; x_wconf 60' lang='lat' dir='ltr'><strong>Graicus</strong></span> <span class='ocrx_word' id='word_1_336' title='bbox 2708 1944 2845 1987; x_wconf 89' lang='lat' dir='ltr'><strong>erat.</strong></span> <span class='ocrx_word' id='word_1_337' title='bbox 2872 1936 3025 1987; x_wconf 82' lang='lat' dir='ltr'><strong>&quot;unc</strong></span> <span class='ocrx_word' id='word_1_338' title='bbox 3055 1951 3282 2003; x_wconf 88' lang='lat' dir='ltr'><strong>puerum</strong></span> <span class='ocrx_word' id='word_1_339' title='bbox 3344 1936 3439 1988; x_wconf 89' lang='lat' dir='ltr'><strong>ad-</strong></span> 
     </span>
    </p>
   </div>
   <div class='ocr_carea' id='block_1_49' title="bbox 1871 2021 3436 2085">
    <p class='ocr_par' dir='ltr' id='par_1_49' title="bbox 1871 2021 3436 2085">
     <span class='ocr_line' id='line_1_49' title="bbox 1871 2021 3436 2085; baseline 0.004 -14"><span class='ocrx_word' id='word_1_340' title='bbox 1871 2022 1975 2073; x_wconf 90' lang='lat' dir='ltr'><strong>huc</strong></span> <span class='ocrx_word' id='word_1_341' title='bbox 2016 2021 2392 2085; x_wconf 79' lang='lat' dir='ltr'><strong>exsistentcin,</strong></span> <span class='ocrx_word' id='word_1_342' title='bbox 2448 2034 2503 2077; x_wconf 91' lang='lat' dir='ltr'><strong>et</strong></span> <span class='ocrx_word' id='word_1_343' title='bbox 2560 2033 2778 2078; x_wconf 87' lang='lat' dir='ltr'><strong>euntem</strong></span> <span class='ocrx_word' id='word_1_344' title='bbox 2840 2041 2947 2079; x_wconf 88' lang='lat' dir='ltr'><strong>uua</strong></span> <span class='ocrx_word' id='word_1_345' title='bbox 3000 2040 3123 2077; x_wconf 91' lang='lat' dir='ltr'><strong>cum</strong></span> <span class='ocrx_word' id='word_1_346' title='bbox 3175 2034 3347 2079; x_wconf 89' lang='lat' dir='ltr'><strong>matre</strong></span> <span class='ocrx_word' id='word_1_347' title='bbox 3408 2042 3436 2077; x_wconf 89' lang='lat' dir='ltr'><strong>a</strong></span> 
     </span>
    </p>
   </div>
   <div class='ocr_carea' id='block_1_50' title="bbox 1869 2111 3437 2187">
    <p class='ocr_par' dir='ltr' id='par_1_50' title="bbox 1869 2111 3437 2187">
     <span class='ocr_line' id='line_1_50' title="bbox 1869 2111 3437 2187; baseline 0.004 -23"><span class='ocrx_word' id='word_1_348' title='bbox 1869 2111 2180 2181; x_wconf 78' lang='lat' dir='ltr'><strong>Neboprido</strong></span> <span class='ocrx_word' id='word_1_349' title='bbox 2212 2114 2325 2182; x_wconf 72' lang='lat'><strong>(62)</strong></span> <span class='ocrx_word' id='word_1_350' title='bbox 2365 2116 2775 2181; x_wconf 79' lang='lat' dir='ltr'><strong>Seutlcroviam,</strong></span> <span class='ocrx_word' id='word_1_351' title='bbox 2829 2119 3043 2187; x_wconf 87' lang='lat' dir='ltr'><strong>equites</strong></span> <span class='ocrx_word' id='word_1_352' title='bbox 3106 2121 3237 2187; x_wconf 79' lang='lat' dir='ltr'><strong>regii</strong></span> <span class='ocrx_word' id='word_1_353' title='bbox 3290 2134 3437 2172; x_wconf 83' lang='lat' dir='ltr'><strong>cont—</strong></span> 
     </span>
    </p>
   </div>
   <div class='ocr_carea' id='block_1_51' title="bbox 1868 2206 3437 2275">
    <p class='ocr_par' dir='ltr' id='par_1_51' title="bbox 1868 2206 3437 2275">
     <span class='ocr_line' id='line_1_51' title="bbox 1868 2206 3437 2275; baseline 0.006 -20"><span class='ocrx_word' id='word_1_354' title='bbox 1868 2206 2195 2275; x_wconf 75' lang='lat' dir='ltr'><strong>prehensum</strong></span> <span class='ocrx_word' id='word_1_355' title='bbox 2254 2208 2305 2259; x_wconf 93' lang='lat' dir='ltr'><strong>in</strong></span> <span class='ocrx_word' id='word_1_356' title='bbox 2352 2208 2570 2271; x_wconf 79' lang='lat' dir='ltr'><strong>itinere,</strong></span> <span class='ocrx_word' id='word_1_357' title='bbox 2606 2210 2947 2263; x_wconf 78' lang='lat' dir='ltr'><strong>adduxerunt</strong></span> <span class='ocrx_word' id='word_1_358' title='bbox 2997 2226 3120 2264; x_wconf 91' lang='lat' dir='ltr'><strong>cum</strong></span> <span class='ocrx_word' id='word_1_359' title='bbox 3183 2213 3437 2264; x_wconf 79' lang='lat' dir='ltr'><strong>universa</strong></span> 
     </span>
    </p>
   </div>
   <div class='ocr_carea' id='block_1_52' title="bbox 1869 2297 3437 2370">
    <p class='ocr_par' dir='ltr' id='par_1_52' title="bbox 1869 2297 3437 2370">
     <span class='ocr_line' id='line_1_52' title="bbox 1869 2297 3437 2370; baseline 0.002 -20"><span class='ocrx_word' id='word_1_360' title='bbox 1869 2297 2076 2350; x_wconf 79' lang='lat' dir='ltr'><strong>familia</strong></span> <span class='ocrx_word' id='word_1_361' title='bbox 2116 2299 2181 2351; x_wconf 85' lang='lat' dir='ltr'><strong>ad</strong></span> <span class='ocrx_word' id='word_1_362' title='bbox 2222 2314 2427 2366; x_wconf 75' lang='lat' dir='ltr'><strong>regem.</strong></span> <span class='ocrx_word' id='word_1_363' title='bbox 2464 2299 2575 2352; x_wconf 82' lang='lat' dir='ltr'><strong>Rex</strong></span> <span class='ocrx_word' id='word_1_364' title='bbox 2608 2309 2787 2353; x_wconf 89' lang='lat' dir='ltr'><strong>autem</strong></span> <span class='ocrx_word' id='word_1_365' title='bbox 2815 2302 3089 2369; x_wconf 84' lang='lat' dir='ltr'><strong>accipiens</strong></span> <span class='ocrx_word' id='word_1_366' title='bbox 3120 2317 3345 2370; x_wconf 87' lang='lat' dir='ltr'><strong>puerum</strong></span> <span class='ocrx_word' id='word_1_367' title='bbox 3386 2302 3437 2354; x_wconf 91' lang='lat' dir='ltr'><strong>in</strong></span> 
     </span>
    </p>
   </div>
   <div class='ocr_carea' id='block_1_53' title="bbox 1868 2390 3442 2460">
    <p class='ocr_par' dir='ltr' id='par_1_53' title="bbox 1868 2390 3442 2460">
     <span class='ocr_line' id='line_1_53' title="bbox 1868 2390 3442 2460; baseline 0.007 -20"><span class='ocrx_word' id='word_1_368' title='bbox 1868 2405 2026 2441; x_wconf 84' lang='lat' dir='ltr'><strong>suum</strong></span> <span class='ocrx_word' id='word_1_369' title='bbox 2076 2390 2410 2453; x_wconf 83' lang='lat' dir='ltr'><strong>cubiculum,</strong></span> <span class='ocrx_word' id='word_1_370' title='bbox 2473 2406 2723 2460; x_wconf 79' lang='lat' dir='ltr'><strong>magnum</strong></span> <span class='ocrx_word' id='word_1_371' title='bbox 2761 2408 2882 2445; x_wconf 88' lang='lat' dir='ltr'><strong>enm</strong></span> <span class='ocrx_word' id='word_1_372' title='bbox 2937 2394 3080 2448; x_wconf 87' lang='lat' dir='ltr'><strong>brevi</strong></span> <span class='ocrx_word' id='word_1_373' title='bbox 3142 2394 3442 2451; x_wconf 73' lang='lat' dir='ltr'><strong>declaravit</strong></span> 
     </span>
    </p>
   </div>
   <div class='ocr_carea' id='block_1_54' title="bbox 1869 2480 3436 2553">
    <p class='ocr_par' dir='ltr' id='par_1_54' title="bbox 1869 2480 3436 2553">
     <span class='ocr_line' id='line_1_54' title="bbox 1869 2480 3436 2553; baseline 0.004 -21"><span class='ocrx_word' id='word_1_374' title='bbox 1869 2483 2067 2534; x_wconf 87' lang='lat' dir='ltr'><strong>virum.</strong></span> <span class='ocrx_word' id='word_1_375' title='bbox 2110 2480 2290 2534; x_wconf 83' lang='lat' dir='ltr'><strong>Primo</strong></span> <span class='ocrx_word' id='word_1_376' title='bbox 2325 2499 2589 2551; x_wconf 88' lang='lat' dir='ltr'><strong>equorum</strong></span> <span class='ocrx_word' id='word_1_377' title='bbox 2649 2486 2922 2553; x_wconf 82' lang='lat' dir='ltr'><strong>regiorum</strong></span> <span class='ocrx_word' id='word_1_378' title='bbox 2954 2496 3264 2540; x_wconf 82' lang='lat' dir='ltr'><strong>curatorem</strong></span> <span class='ocrx_word' id='word_1_379' title='bbox 3314 2505 3436 2541; x_wconf 88' lang='lat' dir='ltr'><strong>eum</strong></span> 
     </span>
    </p>
   </div>
   <div class='ocr_carea' id='block_1_55' title="bbox 1868 2572 3437 2646">
    <p class='ocr_par' dir='ltr' id='par_1_55' title="bbox 1868 2572 3437 2646">
     <span class='ocr_line' id='line_1_55' title="bbox 1868 2572 3437 2646; baseline 0.008 -23"><span class='ocrx_word' id='word_1_380' title='bbox 1868 2572 2195 2638; x_wconf 78' lang='lat' dir='ltr'><strong>designavit,</strong></span> <span class='ocrx_word' id='word_1_381' title='bbox 2222 2583 2406 2641; x_wconf 85' lang='lat' dir='ltr'><strong>postea</strong></span> <span class='ocrx_word' id='word_1_382' title='bbox 2437 2576 2631 2628; x_wconf 92' lang='lat' dir='ltr'><strong>ducem</strong></span> <span class='ocrx_word' id='word_1_383' title='bbox 2662 2578 2949 2630; x_wconf 83' lang='lat' dir='ltr'><strong>constituit</strong></span> <span class='ocrx_word' id='word_1_384' title='bbox 2972 2580 3153 2646; x_wconf 66' lang='lat' dir='ltr'><strong>jannm</strong></span> <span class='ocrx_word' id='word_1_385' title='bbox 3181 2580 3437 2636; x_wconf 89' lang='lat' dir='ltr'><strong>militum.</strong></span> 
     </span>
    </p>
   </div>
   <div class='ocr_carea' id='block_1_56' title="bbox 1868 2664 3441 2741">
    <p class='ocr_par' dir='ltr' id='par_1_56' title="bbox 1868 2664 3441 2741">
     <span class='ocr_line' id='line_1_56' title="bbox 1868 2664 3441 2741; baseline 0.006 -26"><span class='ocrx_word' id='word_1_386' title='bbox 1868 2664 2002 2717; x_wconf 81' lang='lat' dir='ltr'><strong>Nam</strong></span> <span class='ocrx_word' id='word_1_387' title='bbox 2038 2665 2314 2735; x_wconf 74' lang='lat' dir='ltr'><strong>laganum</strong></span> <span class='ocrx_word' id='word_1_388' title='bbox 2346 2666 2558 2720; x_wconf 75' lang='lat' dir='ltr'><strong>affinem</strong></span> <span class='ocrx_word' id='word_1_389' title='bbox 2588 2685 2742 2723; x_wconf 86' lang='lat' dir='ltr'><strong>suum</strong></span> <span class='ocrx_word' id='word_1_390' title='bbox 2770 2686 2830 2723; x_wconf 76' lang='lat' dir='ltr'><strong>ex</strong></span> <span class='ocrx_word' id='word_1_391' title='bbox 2875 2672 2976 2723; x_wconf 87' lang='lat' dir='ltr'><strong>istn</strong></span> <span class='ocrx_word' id='word_1_392' title='bbox 3007 2673 3283 2740; x_wconf 80' lang='lat' dir='ltr'><strong>dignitatis</strong></span> <span class='ocrx_word' id='word_1_393' title='bbox 3316 2690 3441 2741; x_wconf 68' lang='lat' dir='ltr'><strong>gia-</strong></span> 
     </span>
    </p>
   </div>
   <div class='ocr_carea' id='block_1_57' title="bbox 1869 2755 3442 2816">
    <p class='ocr_par' dir='ltr' id='par_1_57' title="bbox 1869 2755 3442 2816">
     <span class='ocr_line' id='line_1_57' title="bbox 1869 2755 3442 2816; baseline 0.006 -9"><span class='ocrx_word' id='word_1_394' title='bbox 1869 2756 1939 2808; x_wconf 89' lang='lat' dir='ltr'><strong>du</strong></span> <span class='ocrx_word' id='word_1_395' title='bbox 1965 2755 2299 2812; x_wconf 74' lang='lat' dir='ltr'><strong>detraxerat.</strong></span> <span class='ocrx_word' id='word_1_396' title='bbox 2339 2758 2388 2811; x_wconf 88' lang='lat' dir='ltr'><strong>Is</strong></span> <span class='ocrx_word' id='word_1_397' title='bbox 2413 2760 2625 2812; x_wconf 89' lang='lat' dir='ltr'><strong>tandem</strong></span> <span class='ocrx_word' id='word_1_398' title='bbox 2656 2776 2905 2813; x_wconf 88' lang='lat' dir='ltr'><strong>summus</strong></span> <span class='ocrx_word' id='word_1_399' title='bbox 2952 2773 3092 2815; x_wconf 83' lang='lat' dir='ltr'><strong>erat.</strong></span> <span class='ocrx_word' id='word_1_400' title='bbox 3156 2760 3311 2816; x_wconf 81' lang='lat' dir='ltr'><strong>Brevi</strong></span> <span class='ocrx_word' id='word_1_401' title='bbox 3343 2780 3442 2816; x_wconf 86' lang='lat' dir='ltr'><strong>an-</strong></span> 
     </span>
    </p>
   </div>
   <div class='ocr_carea' id='block_1_58' title="bbox 1873 2848 3443 2917">
    <p class='ocr_par' dir='ltr' id='par_1_58' title="bbox 1873 2848 3443 2917">
     <span class='ocr_line' id='line_1_58' title="bbox 1873 2848 3443 2917; baseline 0.005 -19"><span class='ocrx_word' id='word_1_402' title='bbox 1873 2858 1979 2898; x_wconf 81' lang='lat' dir='ltr'><strong>tem</strong></span> <span class='ocrx_word' id='word_1_403' title='bbox 2015 2862 2080 2900; x_wconf 87' lang='lat' dir='ltr'><strong>eo</strong></span> <span class='ocrx_word' id='word_1_404' title='bbox 2134 2848 2389 2915; x_wconf 72' lang='lat' dir='ltr'><strong>potentia:</strong></span> <span class='ocrx_word' id='word_1_405' title='bbox 2439 2864 2763 2917; x_wconf 83' lang='lat' dir='ltr'><strong>progressus</strong></span> <span class='ocrx_word' id='word_1_406' title='bbox 2809 2862 2914 2917; x_wconf 85' lang='lat' dir='ltr'><strong>est,</strong></span> <span class='ocrx_word' id='word_1_407' title='bbox 2946 2864 3000 2905; x_wconf 92' lang='lat' dir='ltr'><strong>ut</strong></span> <span class='ocrx_word' id='word_1_408' title='bbox 3037 2855 3192 2909; x_wconf 85' lang='lat' dir='ltr'><strong>facile</strong></span> <span class='ocrx_word' id='word_1_409' title='bbox 3251 2871 3443 2908; x_wconf 82' lang='lat' dir='ltr'><strong>omnes</strong></span> 
     </span>
    </p>
   </div>
   <div class='ocr_carea' id='block_1_59' title="bbox 1867 2939 3443 3015">
    <p class='ocr_par' dir='ltr' id='par_1_59' title="bbox 1867 2939 3443 3015">
     <span class='ocr_line' id='line_1_59' title="bbox 1867 2939 3443 3015; baseline 0.01 -27"><span class='ocrx_word' id='word_1_410' title='bbox 1867 2939 1958 3004; x_wconf 88' lang='lat' dir='ltr'><strong>qui</strong></span> <span class='ocrx_word' id='word_1_411' title='bbox 1998 2954 2234 3006; x_wconf 85' lang='lat' dir='ltr'><strong>unquam</strong></span> <span class='ocrx_word' id='word_1_412' title='bbox 2266 2940 2407 2993; x_wconf 89' lang='lat' dir='ltr'><strong>inter</strong></span> <span class='ocrx_word' id='word_1_413' title='bbox 2437 2941 2725 3007; x_wconf 85' lang='lat' dir='ltr'><strong>januarum</strong></span> <span class='ocrx_word' id='word_1_414' title='bbox 2773 2942 2940 2998; x_wconf 87' lang='lat' dir='ltr'><strong>duces</strong></span> <span class='ocrx_word' id='word_1_415' title='bbox 2981 2951 3226 3015; x_wconf 59' lang='lat' dir='ltr'><strong>praclari</strong></span> <span class='ocrx_word' id='word_1_416' title='bbox 3273 2950 3443 3003; x_wconf 79' lang='lat' dir='ltr'><strong>exsti-</strong></span> 
     </span>
    </p>
   </div>
   <div class='ocr_carea' id='block_1_60' title="bbox 1870 3032 2411 3094">
    <p class='ocr_par' dir='ltr' id='par_1_60' title="bbox 1870 3032 2411 3094">
     <span class='ocr_line' id='line_1_60' title="bbox 1870 3032 2411 3094; baseline 0.009 -13"><span class='ocrx_word' id='word_1_417' title='bbox 1870 3038 2004 3094; x_wconf 83' lang='lat' dir='ltr'><strong>tere,</strong></span> <span class='ocrx_word' id='word_1_418' title='bbox 2037 3032 2411 3086; x_wconf 79' lang='lat' dir='ltr'><strong>antecesserit.</strong></span> 
     </span>
    </p>
   </div>
   <div class='ocr_carea' id='block_1_61' title="bbox 271 3213 1770 3295">
    <p class='ocr_par' dir='ltr' id='par_1_61' title="bbox 271 3219 1769 3295">
     <span class='ocr_line' id='line_1_61' title="bbox 271 3219 1769 3295; baseline -0.008 -13"><span class='ocrx_word' id='word_1_419' title='bbox 271 3231 508 3295; x_wconf 81' lang='grc' dir='ltr'>Λέγεται</span> <span class='ocrx_word' id='word_1_420' title='bbox 564 3227 664 3295; x_wconf 84' lang='grc' dir='ltr'>μὲν</span> <span class='ocrx_word' id='word_1_421' title='bbox 722 3224 830 3295; x_wconf 85' lang='grc' dir='ltr'><strong>γὰρ</strong></span> <span class='ocrx_word' id='word_1_422' title='bbox 890 3224 983 3277; x_wconf 79' lang='grc' dir='ltr'><strong>καὶ</strong></span> <span class='ocrx_word' id='word_1_423' title='bbox 1034 3223 1407 3293; x_wconf 78' lang='grc' dir='ltr'>Χαραῖτήνην,</span> <span class='ocrx_word' id='word_1_424' title='bbox 1440 3222 1533 3273; x_wconf 75' lang='grc' dir='ltr'><strong>καὶ</strong></span> <span class='ocrx_word' id='word_1_425' title='bbox 1583 3219 1769 3287; x_wconf 78' lang='grc' dir='ltr'>Ἀλξην</span> 
     </span>
    </p>
   </div>
   <div class='ocr_carea' id='block_1_62' title="bbox 1869 3213 3441 3295">
    <p class='ocr_par' dir='ltr' id='par_1_62' title="bbox 1942 3213 3441 3282">
     <span class='ocr_line' id='line_1_62' title="bbox 1942 3213 3441 3282; baseline 0.009 -14"><span class='ocrx_word' id='word_1_426' title='bbox 1942 3213 2147 3270; x_wconf 87' lang='lat' dir='ltr'><strong>Ferunt</strong></span> <span class='ocrx_word' id='word_1_427' title='bbox 2179 3215 2553 3272; x_wconf 90' lang='lat' dir='ltr'><strong>Charaitinem</strong></span> <span class='ocrx_word' id='word_1_428' title='bbox 2608 3230 2664 3274; x_wconf 92' lang='lat' dir='ltr'><strong>et</strong></span> <span class='ocrx_word' id='word_1_429' title='bbox 2727 3221 2917 3277; x_wconf 88' lang='lat' dir='ltr'><strong>llalien</strong></span> <span class='ocrx_word' id='word_1_430' title='bbox 2972 3226 3141 3279; x_wconf 81' lang='lat' dir='ltr'><strong>tilium</strong></span> <span class='ocrx_word' id='word_1_431' title='bbox 3204 3244 3441 3282; x_wconf 79' lang='lat' dir='ltr'><strong>maxima</strong></span> 
     </span>
    </p>
   </div>
   <div class='ocr_carea' id='block_1_63' title="bbox 194 3312 1771 3386">
    <p class='ocr_par' dir='ltr' id='par_1_63' title="bbox 194 3312 1771 3386">
     <span class='ocr_line' id='line_1_63' title="bbox 194 3312 1771 3386; baseline -0.006 -15"><span class='ocrx_word' id='word_1_432' title='bbox 194 3321 294 3372; x_wconf 73' lang='grc' dir='ltr'><strong>τὸν</strong></span> <span class='ocrx_word' id='word_1_433' title='bbox 319 3318 488 3370; x_wconf 85' lang='grc' dir='ltr'>παῖδα</span> <span class='ocrx_word' id='word_1_434' title='bbox 518 3316 785 3386; x_wconf 80' lang='grc' dir='ltr'>μεγάλους</span> <span class='ocrx_word' id='word_1_435' title='bbox 810 3315 1087 3382; x_wconf 77' lang='grc' dir='ltr'>γενέσθαι,</span> <span class='ocrx_word' id='word_1_436' title='bbox 1112 3314 1169 3366; x_wconf 77' lang='grc' dir='ltr'>ἐν</span> <span class='ocrx_word' id='word_1_437' title='bbox 1191 3331 1248 3366; x_wconf 91' lang='grc' dir='ltr'><strong>τε</strong></span> <span class='ocrx_word' id='word_1_438' title='bbox 1275 3316 1394 3375; x_wconf 75' lang='grc' dir='ltr'>ταῖς</span> <span class='ocrx_word' id='word_1_439' title='bbox 1417 3312 1771 3380; x_wconf 78' lang='grc' dir='ltr'>’Δμουράτεω</span> 
     </span>
    </p>
   </div>
   <div class='ocr_carea' id='block_1_64' title="bbox 194 3404 1769 3480">
    <p class='ocr_par' dir='ltr' id='par_1_64' title="bbox 194 3404 1769 3480">
     <span class='ocr_line' id='line_1_64' title="bbox 194 3404 1769 3480; baseline -0.006 -15"><span class='ocrx_word' id='word_1_440' title='bbox 194 3412 295 3465; x_wconf 83' lang='grc' dir='ltr'><strong>τοῦ</strong></span> <span class='ocrx_word' id='word_1_441' title='bbox 342 3413 640 3480; x_wconf 77' lang='grc' dir='ltr'>Ὀρχάνεω,</span> <span class='ocrx_word' id='word_1_442' title='bbox 697 3410 1020 3478; x_wconf 76' lang='grc' dir='ltr'>Παιαζήτεω</span> <span class='ocrx_word' id='word_1_443' title='bbox 1078 3407 1170 3459; x_wconf 79' lang='grc' dir='ltr'>τοῦ</span> <span class='ocrx_word' id='word_1_444' title='bbox 1231 3407 1421 3468; x_wconf 64' lang='grc' dir='ltr'>παιδος</span> <span class='ocrx_word' id='word_1_445' title='bbox 1472 3406 1637 3459; x_wconf 73' lang='grc' dir='ltr'>αὑτοῦ</span> <span class='ocrx_word' id='word_1_446' title='bbox 1672 3404 1769 3457; x_wconf 85' lang='grc' dir='ltr'>θύ-</span> 
     </span>
    </p>
   </div>
   <div class='ocr_carea' id='block_1_65' title="bbox 200 3495 1770 3572">
    <p class='ocr_par' dir='ltr' id='par_1_65' title="bbox 200 3495 1770 3572">
     <span class='ocr_line' id='line_1_65' title="bbox 200 3495 1770 3572; baseline -0.011 -8"><span class='ocrx_word' id='word_1_447' title='bbox 200 3521 352 3572; x_wconf 72' lang='grc' dir='ltr'>ραις,</span> <span class='ocrx_word' id='word_1_448' title='bbox 381 3502 496 3554; x_wconf 82' lang='grc' dir='ltr'>ἀλλ’</span> <span class='ocrx_word' id='word_1_449' title='bbox 525 3501 697 3561; x_wconf 83' lang='grc' dir='ltr'>οὐδείς</span> <span class='ocrx_word' id='word_1_450' title='bbox 734 3517 816 3551; x_wconf 78' lang='grc' dir='ltr'>πω</span> <span class='ocrx_word' id='word_1_451' title='bbox 864 3500 919 3561; x_wconf 77' lang='grc' dir='ltr'>ἐς</span> <span class='ocrx_word' id='word_1_452' title='bbox 946 3496 1106 3566; x_wconf 81' lang='grc' dir='ltr'>τήνδε</span> <span class='ocrx_word' id='word_1_453' title='bbox 1143 3497 1243 3566; x_wconf 81' lang='grc' dir='ltr'>τὴν</span> <span class='ocrx_word' id='word_1_454' title='bbox 1275 3496 1503 3565; x_wconf 76' lang='grc' dir='ltr'>δύναμιν</span> <span class='ocrx_word' id='word_1_455' title='bbox 1554 3496 1647 3547; x_wconf 80' lang='grc' dir='ltr'>καὶ</span> <span class='ocrx_word' id='word_1_456' title='bbox 1673 3495 1770 3563; x_wconf 81' lang='grc' dir='ltr'>τὴν</span> 
     </span>
    </p>
   </div>
   <div class='ocr_carea' id='block_1_66' title="bbox 196 3586 1772 3667">
    <p class='ocr_par' dir='ltr' id='par_1_66' title="bbox 196 3586 1772 3667">
     <span class='ocr_line' id='line_1_66' title="bbox 196 3586 1772 3667; baseline -0.004 -20"><span class='ocrx_word' id='word_1_457' title='bbox 196 3597 391 3667; x_wconf 75' lang='grc' dir='ltr'>χώραν</span> <span class='ocrx_word' id='word_1_458' title='bbox 444 3594 633 3645; x_wconf 87' lang='grc' dir='ltr'>τούτου</span> <span class='ocrx_word' id='word_1_459' title='bbox 682 3593 929 3658; x_wconf 72' lang='grc' dir='ltr'>ἀφίκετο.</span> <span class='ocrx_word' id='word_1_460' title='bbox 971 3590 1140 3653; x_wconf 76' lang='grc' dir='ltr'>Οὗτος</span> <span class='ocrx_word' id='word_1_461' title='bbox 1197 3593 1297 3659; x_wconf 73' lang='grc' dir='ltr'>μὶν</span> <span class='ocrx_word' id='word_1_462' title='bbox 1330 3586 1425 3642; x_wconf 77' lang='grc' dir='ltr'>οὖν</span> <span class='ocrx_word' id='word_1_463' title='bbox 1468 3589 1534 3641; x_wconf 80' lang='grc' dir='ltr'>τὰ</span> <span class='ocrx_word' id='word_1_464' title='bbox 1579 3589 1772 3656; x_wconf 78' lang='grc' dir='ltr'>πρῶτα</span> 
     </span>
    </p>
   </div>
   <div class='ocr_carea' id='block_1_67' title="bbox 196 3678 1769 3755">
    <p class='ocr_par' dir='ltr' id='par_1_67' title="bbox 196 3678 1769 3755">
     <span class='ocr_line' id='line_1_67' title="bbox 196 3678 1769 3755; baseline -0.006 -15"><span class='ocrx_word' id='word_1_465' title='bbox 196 3691 310 3739; x_wconf 81' lang='grc' dir='ltr'><strong>τῶν</strong></span> <span class='ocrx_word' id='word_1_466' title='bbox 344 3686 633 3755; x_wconf 77' lang='grc' dir='ltr'>ἡγεμόνων</span> <span class='ocrx_word' id='word_1_467' title='bbox 679 3684 976 3752; x_wconf 77' lang='grc' dir='ltr'>φερόμενος</span> <span class='ocrx_word' id='word_1_468' title='bbox 1033 3683 1090 3743; x_wconf 81' lang='grc' dir='ltr'>ἐς</span> <span class='ocrx_word' id='word_1_469' title='bbox 1120 3681 1218 3743; x_wconf 80' lang='grc' dir='ltr'><strong>τὰς</strong></span> <span class='ocrx_word' id='word_1_470' title='bbox 1260 3680 1519 3749; x_wconf 85' lang='grc' dir='ltr'>βασιλέως</span> <span class='ocrx_word' id='word_1_471' title='bbox 1570 3678 1769 3748; x_wconf 75' lang='grc' dir='ltr'>θύρας,</span> 
     </span>
    </p>
   </div>
   <div class='ocr_carea' id='block_1_68' title="bbox 200 3771 1772 3849">
    <p class='ocr_par' dir='ltr' id='par_1_68' title="bbox 200 3771 1772 3849">
     <span class='ocr_line' id='line_1_68' title="bbox 200 3771 1772 3849; baseline -0.006 -16"><span class='ocrx_word' id='word_1_472' title='bbox 200 3780 444 3849; x_wconf 81' lang='grc' dir='ltr'>στρατόν</span> <span class='ocrx_word' id='word_1_473' title='bbox 500 3794 558 3829; x_wconf 85' lang='grc' dir='ltr'><strong>τε</strong></span> <span class='ocrx_word' id='word_1_474' title='bbox 599 3777 798 3828; x_wconf 78' lang='grc' dir='ltr'>οίκείον</span> <span class='ocrx_word' id='word_1_475' title='bbox 827 3777 1049 3845; x_wconf 70' lang='grc' dir='ltr'>τρέφειν</span> <span class='ocrx_word' id='word_1_476' title='bbox 1086 3774 1443 3835; x_wconf 76' lang='grc' dir='ltr'>ἱκανώτατος,</span> <span class='ocrx_word' id='word_1_477' title='bbox 1488 3773 1582 3824; x_wconf 69' lang='grc' dir='ltr'><strong>καὶ</strong></span> <span class='ocrx_word' id='word_1_478' title='bbox 1608 3771 1772 3838; x_wconf 68' lang='grc' dir='ltr'>θερά-</span> 
     </span>
    </p>
   </div>
   <div class='ocr_carea' id='block_1_69' title="bbox 199 3864 1775 3940">
    <p class='ocr_par' dir='ltr' id='par_1_69' title="bbox 199 3864 1775 3940">
     <span class='ocr_line' id='line_1_69' title="bbox 199 3864 1775 3940; baseline -0.009 -14"><span class='ocrx_word' id='word_1_479' title='bbox 199 3890 413 3933; x_wconf 81' lang='grc' dir='ltr'>ποντας</span> <span class='ocrx_word' id='word_1_480' title='bbox 448 3871 592 3940; x_wconf 76' lang='grc' dir='ltr'>ἔχειν</span> <span class='ocrx_word' id='word_1_481' title='bbox 621 3870 716 3922; x_wconf 76' lang='grc' dir='ltr'><strong>ἐπὶ</strong></span> <span class='ocrx_word' id='word_1_482' title='bbox 760 3868 905 3936; x_wconf 83' lang='grc' dir='ltr'>μέγα</span> <span class='ocrx_word' id='word_1_483' title='bbox 956 3867 1237 3936; x_wconf 85' lang='grc' dir='ltr'>δυνάμεως</span> <span class='ocrx_word' id='word_1_484' title='bbox 1288 3866 1544 3934; x_wconf 79' lang='grc' dir='ltr'>ἥκοντας.</span> <span class='ocrx_word' id='word_1_485' title='bbox 1589 3864 1775 3932; x_wconf 81' lang='grc' dir='ltr'>Ἐλλη-</span> 
     </span>
    </p>
   </div>
   <div class='ocr_carea' id='block_1_70' title="bbox 196 3957 1773 4032">
    <p class='ocr_par' dir='ltr' id='par_1_70' title="bbox 196 3957 1773 4032">
     <span class='ocr_line' id='line_1_70' title="bbox 196 3957 1773 4032; baseline -0.006 -12"><span class='ocrx_word' id='word_1_486' title='bbox 196 3968 350 4021; x_wconf 70' lang='grc' dir='ltr'>νικοὶ</span> <span class='ocrx_word' id='word_1_487' title='bbox 405 3970 505 4032; x_wconf 78' lang='grc' dir='ltr'>μὲν</span> <span class='ocrx_word' id='word_1_488' title='bbox 565 3965 754 4024; x_wconf 79' lang='grc' dir='ltr'>παῖδες</span> <span class='ocrx_word' id='word_1_489' title='bbox 807 3964 917 4015; x_wconf 79' lang='grc' dir='ltr'><strong>ἀπὸ</strong></span> <span class='ocrx_word' id='word_1_490' title='bbox 974 3962 1274 4025; x_wconf 74' lang='grc' dir='ltr'>Βυζαντίου</span> <span class='ocrx_word' id='word_1_491' title='bbox 1332 3959 1495 4028; x_wconf 59' lang='grc' dir='ltr'>ἔχειν,</span> <span class='ocrx_word' id='word_1_492' title='bbox 1534 3959 1579 3990; x_wconf 74' lang='grc'><strong>⁸⁸</strong></span> <span class='ocrx_word' id='word_1_493' title='bbox 1642 3957 1773 4028; x_wconf 82' lang='grc' dir='ltr'>παρ’</span> 
     </span>
    </p>
   </div>
   <div class='ocr_carea' id='block_1_71' title="bbox 195 4052 1771 4129">
    <p class='ocr_par' dir='ltr' id='par_1_71' title="bbox 195 4052 1771 4129">
     <span class='ocr_line' id='line_1_71' title="bbox 195 4052 1771 4129; baseline -0.004 -17"><span class='ocrx_word' id='word_1_494' title='bbox 195 4058 389 4129; x_wconf 80' lang='grc' dir='ltr'>ἑαυτῷ</span> <span class='ocrx_word' id='word_1_495' title='bbox 443 4058 656 4128; x_wconf 87' lang='grc' dir='ltr'>βασιλεί</span> <span class='ocrx_word' id='word_1_496' title='bbox 713 4057 779 4115; x_wconf 82' lang='grc'><strong>⁸³,</strong></span> <span class='ocrx_word' id='word_1_497' title='bbox 812 4058 869 4118; x_wconf 85' lang='grc' dir='ltr'>ἐς</span> <span class='ocrx_word' id='word_1_498' title='bbox 916 4054 1057 4124; x_wconf 82' lang='grc' dir='ltr'>μέγα</span> <span class='ocrx_word' id='word_1_499' title='bbox 1112 4052 1399 4124; x_wconf 74' lang='grc' dir='ltr'>ἐχώρησαν</span> <span class='ocrx_word' id='word_1_500' title='bbox 1464 4052 1771 4120; x_wconf 80' lang='grc' dir='ltr'>δυνάμεως.</span> 
     </span>
    </p>
   </div>
   <div class='ocr_carea' id='block_1_72' title="bbox 197 4143 1776 4218">
    <p class='ocr_par' dir='ltr' id='par_1_72' title="bbox 197 4143 1776 4218">
     <span class='ocr_line' id='line_1_72' title="bbox 197 4143 1776 4218; baseline -0.007 -12"><span class='ocrx_word' id='word_1_501' title='bbox 197 4154 430 4206; x_wconf 81' lang='grc' dir='ltr'>Τούτων</span> <span class='ocrx_word' id='word_1_502' title='bbox 457 4153 514 4204; x_wconf 81' lang='grc' dir='ltr'><strong>δὲ</strong></span> <span class='ocrx_word' id='word_1_503' title='bbox 546 4150 859 4218; x_wconf 84' lang='grc' dir='ltr'>Μουράτης,</span> <span class='ocrx_word' id='word_1_504' title='bbox 891 4147 986 4200; x_wconf 82' lang='grc' dir='ltr'>τοῦ</span> <span class='ocrx_word' id='word_1_505' title='bbox 1019 4147 1398 4213; x_wconf 85' lang='grc' dir='ltr'>Παλαιολόγων</span> <span class='ocrx_word' id='word_1_506' title='bbox 1444 4147 1633 4212; x_wconf 83' lang='grc' dir='ltr'>γένους</span> <span class='ocrx_word' id='word_1_507' title='bbox 1664 4143 1776 4195; x_wconf 85' lang='grc' dir='ltr'><strong>τῶν</strong></span> 
     </span>
    </p>
   </div>
   <div class='ocr_carea' id='block_1_73' title="bbox 209 4236 1778 4314">
    <p class='ocr_par' dir='ltr' id='par_1_73' title="bbox 209 4236 1778 4314">
     <span class='ocr_line' id='line_1_73' title="bbox 209 4236 1778 4314; baseline -0.009 -16"><span class='ocrx_word' id='word_1_508' title='bbox 209 4246 491 4314; x_wconf 79' lang='grc' dir='ltr'>Ἑλλήνιον</span> <span class='ocrx_word' id='word_1_509' title='bbox 542 4239 903 4310; x_wconf 81' lang='grc' dir='ltr'>περιφανοῦς,</span> <span class='ocrx_word' id='word_1_510' title='bbox 951 4240 1044 4291; x_wconf 70' lang='grc' dir='ltr'><strong>καὶ</strong></span> <span class='ocrx_word' id='word_1_511' title='bbox 1094 4239 1388 4307; x_wconf 83' lang='grc' dir='ltr'>Μεχμέτης</span> <span class='ocrx_word' id='word_1_512' title='bbox 1446 4237 1474 4287; x_wconf 87' lang='grc' dir='ltr'>ὁ</span> <span class='ocrx_word' id='word_1_513' title='bbox 1527 4236 1778 4304; x_wconf 77' lang='grc' dir='ltr'>Μανδρο-</span> 
     </span>
    </p>
   </div>
   <div class='ocr_carea' id='block_1_74' title="bbox 199 4326 1775 4410">
    <p class='ocr_par' dir='ltr' id='par_1_74' title="bbox 199 4326 1775 4410">
     <span class='ocr_line' id='line_1_74' title="bbox 199 4326 1775 4410; baseline -0.009 -19"><span class='ocrx_word' id='word_1_514' title='bbox 199 4338 383 4410; x_wconf 81' lang='grc' dir='ltr'>μηνοῦ</span> <span class='ocrx_word' id='word_1_515' title='bbox 433 4338 586 4398; x_wconf 84' lang='grc' dir='ltr'>παῖς,</span> <span class='ocrx_word' id='word_1_516' title='bbox 620 4334 760 4403; x_wconf 71' lang='grc' dir='ltr'>μετά</span> <span class='ocrx_word' id='word_1_517' title='bbox 812 4350 875 4398; x_wconf 78' lang='grc' dir='ltr'><strong>γε</strong></span> <span class='ocrx_word' id='word_1_518' title='bbox 930 4331 1135 4392; x_wconf 81' lang='grc' dir='ltr'>τοῦτον,</span> <span class='ocrx_word' id='word_1_519' title='bbox 1170 4329 1227 4391; x_wconf 80' lang='grc' dir='ltr'>ὃς</span> <span class='ocrx_word' id='word_1_520' title='bbox 1285 4329 1531 4397; x_wconf 81' lang='grc' dir='ltr'>ὕπαρχος</span> <span class='ocrx_word' id='word_1_521' title='bbox 1584 4326 1775 4396; x_wconf 83' lang='grc' dir='ltr'>πρῶτα</span> 
     </span>
    </p>
   </div>
   <div class='ocr_carea' id='block_1_75' title="bbox 202 4418 1772 4498">
    <p class='ocr_par' dir='ltr' id='par_1_75' title="bbox 202 4418 1772 4498">
     <span class='ocr_line' id='line_1_75' title="bbox 202 4418 1772 4498; baseline -0.011 -12"><span class='ocrx_word' id='word_1_522' title='bbox 202 4436 308 4493; x_wconf 74' lang='grc' dir='ltr'>μὲν</span> <span class='ocrx_word' id='word_1_523' title='bbox 354 4431 635 4498; x_wconf 81' lang='grc' dir='ltr'>Ἀγκύρας</span> <span class='ocrx_word' id='word_1_524' title='bbox 663 4428 759 4492; x_wconf 81' lang='grc' dir='ltr'>τῆς</span> <span class='ocrx_word' id='word_1_525' title='bbox 796 4424 1042 4485; x_wconf 70' lang='lat' dir='ltr'><strong>amata;</strong></span> <span class='ocrx_word' id='word_1_526' title='bbox 1072 4421 1389 4491; x_wconf 81' lang='grc' dir='ltr'>ἀπεδείχθη.</span> <span class='ocrx_word' id='word_1_527' title='bbox 1427 4420 1684 4472; x_wconf 80' lang='grc' dir='ltr'>Βούλεται</span> <span class='ocrx_word' id='word_1_528' title='bbox 1716 4418 1772 4469; x_wconf 78' lang='grc' dir='ltr'><strong>δὲ</strong></span> 
     </span>
    </p>
   </div>
   <div class='ocr_carea' id='block_1_76' title="bbox 197 4512 1774 4594">
    <p class='ocr_par' dir='ltr' id='par_1_76' title="bbox 197 4512 1774 4594">
     <span class='ocr_line' id='line_1_76' title="bbox 197 4512 1774 4594; baseline -0.011 -15"><span class='ocrx_word' id='word_1_529' title='bbox 197 4525 509 4594; x_wconf 80' lang='grc' dir='ltr'>Μουράτης</span> <span class='ocrx_word' id='word_1_530' title='bbox 538 4518 860 4588; x_wconf 81' lang='grc' dir='ltr'>ἐπιθυμίαν,</span> <span class='ocrx_word' id='word_1_531' title='bbox 912 4517 1099 4582; x_wconf 81' lang='grc' dir='ltr'>Ἀλίης</span> <span class='ocrx_word' id='word_1_532' title='bbox 1132 4515 1189 4567; x_wconf 79' lang='grc' dir='ltr'><strong>δὲ</strong></span> <span class='ocrx_word' id='word_1_533' title='bbox 1216 4516 1304 4565; x_wconf 75' lang='grc' dir='ltr'><strong>τὸν</strong></span> <span class='ocrx_word' id='word_1_534' title='bbox 1352 4514 1539 4565; x_wconf 80' lang='grc' dir='ltr'>Ἠλξαν</span> <span class='ocrx_word' id='word_1_535' title='bbox 1580 4512 1774 4579; x_wconf 76' lang='grc' dir='ltr'>Ἐλλη-</span> 
     </span>
    </p>
   </div>
   <div class='ocr_carea' id='block_1_77' title="bbox 1872 3310 3441 3390">
    <p class='ocr_par' dir='ltr' id='par_1_77' title="bbox 1872 3310 3441 3390">
     <span class='ocr_line' id='line_1_77' title="bbox 1872 3310 3441 3390; baseline 0.009 -29"><span class='ocrx_word' id='word_1_536' title='bbox 1872 3310 2199 3363; x_wconf 88' lang='lat' dir='ltr'><strong>auctoritate</strong></span> <span class='ocrx_word' id='word_1_537' title='bbox 2225 3310 2491 3378; x_wconf 86' lang='lat' dir='ltr'><strong>polluisse</strong></span> <span class='ocrx_word' id='word_1_538' title='bbox 2526 3312 2671 3365; x_wconf 86' lang='lat' dir='ltr'><strong>inter</strong></span> <span class='ocrx_word' id='word_1_539' title='bbox 2695 3313 2876 3382; x_wconf 65' lang='lat' dir='ltr'><strong>januaa</strong></span> <span class='ocrx_word' id='word_1_540' title='bbox 2936 3319 3138 3373; x_wconf 83' lang='lat' dir='ltr'><strong>milites</strong></span> <span class='ocrx_word' id='word_1_541' title='bbox 3197 3328 3441 3390; x_wconf 88' lang='lat' dir='ltr'><strong>tempore</strong></span> 
     </span>
    </p>
   </div>
   <div class='ocr_carea' id='block_1_78' title="bbox 1872 3404 3445 3475">
    <p class='ocr_par' dir='ltr' id='par_1_78' title="bbox 1872 3404 3445 3475">
     <span class='ocr_line' id='line_1_78' title="bbox 1872 3404 3445 3475; baseline 0.008 -21"><span class='ocrx_word' id='word_1_542' title='bbox 1872 3404 2229 3459; x_wconf 79' lang='lat' dir='ltr'><strong>Amuratiset</strong></span> <span class='ocrx_word' id='word_1_543' title='bbox 2258 3404 2572 3475; x_wconf 77' lang='lat' dir='ltr'><strong>Pajazitis:</strong></span> <span class='ocrx_word' id='word_1_544' title='bbox 2626 3415 2818 3459; x_wconf 91' lang='lat' dir='ltr'><strong>neuter</strong></span> <span class='ocrx_word' id='word_1_545' title='bbox 2880 3418 3059 3462; x_wconf 86' lang='lat' dir='ltr'><strong>tamen</strong></span> <span class='ocrx_word' id='word_1_546' title='bbox 3122 3419 3328 3465; x_wconf 90' lang='lat' dir='ltr'><strong>tantam</strong></span> <span class='ocrx_word' id='word_1_547' title='bbox 3389 3423 3445 3466; x_wconf 85' lang='lat' dir='ltr'><strong>et</strong></span> 
     </span>
    </p>
   </div>
   <div class='ocr_carea' id='block_1_79' title="bbox 1874 3496 3443 3568">
    <p class='ocr_par' dir='ltr' id='par_1_79' title="bbox 1874 3496 3443 3568">
     <span class='ocr_line' id='line_1_79' title="bbox 1874 3496 3443 3568; baseline 0.006 -22"><span class='ocrx_word' id='word_1_548' title='bbox 1874 3496 2173 3561; x_wconf 82' lang='lat' dir='ltr'><strong>potentiam</strong></span> <span class='ocrx_word' id='word_1_549' title='bbox 2212 3506 2263 3549; x_wconf 90' lang='lat' dir='ltr'><strong>et</strong></span> <span class='ocrx_word' id='word_1_550' title='bbox 2298 3497 2570 3563; x_wconf 77' lang='lat' dir='ltr'><strong>regionem</strong></span> <span class='ocrx_word' id='word_1_551' title='bbox 2613 3506 2803 3550; x_wconf 88' lang='lat' dir='ltr'><strong>nactus</strong></span> <span class='ocrx_word' id='word_1_552' title='bbox 2830 3505 2935 3559; x_wconf 86' lang='lat' dir='ltr'><strong>est,</strong></span> <span class='ocrx_word' id='word_1_553' title='bbox 2967 3512 3230 3568; x_wconf 87' lang='lat' dir='ltr'><strong>quantam</strong></span> <span class='ocrx_word' id='word_1_554' title='bbox 3266 3503 3312 3556; x_wconf 77' lang='lat' dir='ltr'><strong>is</strong></span> <span class='ocrx_word' id='word_1_555' title='bbox 3353 3518 3443 3556; x_wconf 87' lang='lat' dir='ltr'><strong>ac-</strong></span> 
     </span>
    </p>
   </div>
   <div class='ocr_carea' id='block_1_80' title="bbox 1874 3587 3445 3656">
    <p class='ocr_par' dir='ltr' id='par_1_80' title="bbox 1874 3587 3445 3656">
     <span class='ocr_line' id='line_1_80' title="bbox 1874 3587 3445 3656; baseline 0.01 -20"><span class='ocrx_word' id='word_1_556' title='bbox 1874 3587 2123 3653; x_wconf 86' lang='lat' dir='ltr'><strong>quisivit.</strong></span> <span class='ocrx_word' id='word_1_557' title='bbox 2158 3587 2291 3640; x_wconf 87' lang='lat' dir='ltr'><strong>Nam</strong></span> <span class='ocrx_word' id='word_1_558' title='bbox 2327 3588 2411 3642; x_wconf 90' lang='lat' dir='ltr'><strong>hic</strong></span> <span class='ocrx_word' id='word_1_559' title='bbox 2437 3604 2558 3642; x_wconf 90' lang='lat' dir='ltr'><strong>cum</strong></span> <span class='ocrx_word' id='word_1_560' title='bbox 2585 3592 2786 3656; x_wconf 87' lang='lat' dir='ltr'><strong>primas</strong></span> <span class='ocrx_word' id='word_1_561' title='bbox 2844 3592 2986 3646; x_wconf 82' lang='lat' dir='ltr'><strong>inter</strong></span> <span class='ocrx_word' id='word_1_562' title='bbox 3051 3609 3241 3650; x_wconf 88' lang='lat' dir='ltr'><strong>omnes</strong></span> <span class='ocrx_word' id='word_1_563' title='bbox 3274 3597 3445 3652; x_wconf 80' lang='lat' dir='ltr'><strong>duces</strong></span> 
     </span>
    </p>
   </div>
   <div class='ocr_carea' id='block_1_81' title="bbox 1874 3681 3443 3757">
    <p class='ocr_par' dir='ltr' id='par_1_81' title="bbox 1874 3681 3443 3757">
     <span class='ocr_line' id='line_1_81' title="bbox 1874 3681 3443 3757; baseline 0.008 -27"><span class='ocrx_word' id='word_1_564' title='bbox 1874 3682 2169 3749; x_wconf 81' lang='lat' dir='ltr'><strong>januarum</strong></span> <span class='ocrx_word' id='word_1_565' title='bbox 2206 3681 2393 3742; x_wconf 87' lang='lat' dir='ltr'><strong>ferret,</strong></span> <span class='ocrx_word' id='word_1_566' title='bbox 2428 3684 2732 3735; x_wconf 69' lang='lat' dir='ltr'><strong>exercitum</strong></span> <span class='ocrx_word' id='word_1_567' title='bbox 2770 3685 3045 3751; x_wconf 83' lang='lat' dir='ltr'><strong>proprium</strong></span> <span class='ocrx_word' id='word_1_568' title='bbox 3075 3688 3220 3741; x_wconf 88' lang='lat' dir='ltr'><strong>alere</strong></span> <span class='ocrx_word' id='word_1_569' title='bbox 3248 3691 3443 3757; x_wconf 84' lang='lat' dir='ltr'><strong>potuit.</strong></span> 
     </span>
    </p>
   </div>
   <div class='ocr_carea' id='block_1_82' title="bbox 1879 3768 3444 3847">
    <p class='ocr_par' dir='ltr' id='par_1_82' title="bbox 1879 3768 3444 3847">
     <span class='ocr_line' id='line_1_82' title="bbox 1879 3768 3444 3847; baseline 0.009 -28"><span class='ocrx_word' id='word_1_570' title='bbox 1879 3768 2078 3823; x_wconf 81' lang='lat' dir='ltr'><strong>llabuit</strong></span> <span class='ocrx_word' id='word_1_571' title='bbox 2100 3778 2153 3823; x_wconf 93' lang='lat' dir='ltr'><strong>et</strong></span> <span class='ocrx_word' id='word_1_572' title='bbox 2172 3769 2451 3822; x_wconf 85' lang='lat' dir='ltr'><strong>ministros</strong></span> <span class='ocrx_word' id='word_1_573' title='bbox 2478 3771 2765 3838; x_wconf 78' lang='lat' dir='ltr'><strong>plurimos,</strong></span> <span class='ocrx_word' id='word_1_574' title='bbox 2797 3777 2887 3840; x_wconf 88' lang='lat' dir='ltr'><strong>qui</strong></span> <span class='ocrx_word' id='word_1_575' title='bbox 2910 3783 2963 3827; x_wconf 89' lang='lat' dir='ltr'><strong>et</strong></span> <span class='ocrx_word' id='word_1_576' title='bbox 2982 3776 3083 3845; x_wconf 92' lang='lat' dir='ltr'><strong>ipsi</strong></span> <span class='ocrx_word' id='word_1_577' title='bbox 3105 3782 3169 3832; x_wconf 91' lang='lat' dir='ltr'><strong>ad</strong></span> <span class='ocrx_word' id='word_1_578' title='bbox 3193 3795 3444 3847; x_wconf 73' lang='lat' dir='ltr'><strong>magnam</strong></span> 
     </span>
    </p>
   </div>
   <div class='ocr_carea' id='block_1_83' title="bbox 1878 3861 3444 3945">
    <p class='ocr_par' dir='ltr' id='par_1_83' title="bbox 1878 3861 3444 3945">
     <span class='ocr_line' id='line_1_83' title="bbox 1878 3861 3444 3945; baseline 0.012 -38"><span class='ocrx_word' id='word_1_579' title='bbox 1878 3861 2172 3930; x_wconf 74' lang='lat' dir='ltr'><strong>potentiam</strong></span> <span class='ocrx_word' id='word_1_580' title='bbox 2212 3872 2597 3929; x_wconf 90' lang='lat' dir='ltr'><strong>pervenerunt.</strong></span> <span class='ocrx_word' id='word_1_581' title='bbox 2624 3862 2756 3916; x_wconf 82' lang='lat' dir='ltr'><strong>Nam</strong></span> <span class='ocrx_word' id='word_1_582' title='bbox 2794 3864 2969 3921; x_wconf 66' lang='grc' dir='ltr'><strong>αι’ωοὶ</strong></span> <span class='ocrx_word' id='word_1_583' title='bbox 3033 3872 3185 3937; x_wconf 90' lang='lat' dir='ltr'><strong>pueri</strong></span> <span class='ocrx_word' id='word_1_584' title='bbox 3216 3876 3308 3941; x_wconf 91' lang='lat' dir='ltr'><strong>qui</strong></span> <span class='ocrx_word' id='word_1_585' title='bbox 3347 3874 3444 3945; x_wconf 88' lang='lat' dir='ltr'><strong>By-</strong></span> 
     </span>
    </p>
   </div>
   <div class='ocr_carea' id='block_1_84' title="bbox 1877 3950 3449 4027">
    <p class='ocr_par' dir='ltr' id='par_1_84' title="bbox 1877 3950 3449 4027">
     <span class='ocr_line' id='line_1_84' title="bbox 1877 3950 3449 4027; baseline 0.01 -23"><span class='ocrx_word' id='word_1_586' title='bbox 1877 3952 2054 4004; x_wconf 87' lang='lat' dir='ltr'><strong>zantio</strong></span> <span class='ocrx_word' id='word_1_587' title='bbox 2084 3950 2300 4005; x_wconf 85' lang='lat' dir='ltr'><strong>abducti</strong></span> <span class='ocrx_word' id='word_1_588' title='bbox 2322 3961 2498 4013; x_wconf 90' lang='lat' dir='ltr'><strong>erant,</strong></span> <span class='ocrx_word' id='word_1_589' title='bbox 2524 3961 2578 4005; x_wconf 89' lang='lat' dir='ltr'><strong>et</strong></span> <span class='ocrx_word' id='word_1_590' title='bbox 2600 3969 2721 4006; x_wconf 87' lang='lat' dir='ltr'><strong>eum</strong></span> <span class='ocrx_word' id='word_1_591' title='bbox 2761 3971 2884 4025; x_wconf 79' lang='lat' dir='ltr'><strong>rege</strong></span> <span class='ocrx_word' id='word_1_592' title='bbox 2914 3961 3289 4027; x_wconf 85' lang='lat' dir='ltr'><strong>morabantur,</strong></span> <span class='ocrx_word' id='word_1_593' title='bbox 3327 3982 3449 4019; x_wconf 84' lang='lat' dir='ltr'><strong>ma—</strong></span> 
     </span>
    </p>
   </div>
   <div class='ocr_carea' id='block_1_85' title="bbox 1876 4044 3443 4124">
    <p class='ocr_par' dir='ltr' id='par_1_85' title="bbox 1876 4044 3443 4124">
     <span class='ocr_line' id='line_1_85' title="bbox 1876 4044 3443 4124; baseline 0.01 -29"><span class='ocrx_word' id='word_1_594' title='bbox 1876 4058 2036 4111; x_wconf 77' lang='lat' dir='ltr'><strong>gnam</strong></span> <span class='ocrx_word' id='word_1_595' title='bbox 2058 4044 2163 4097; x_wconf 91' lang='lat' dir='ltr'><strong>sibi</strong></span> <span class='ocrx_word' id='word_1_596' title='bbox 2236 4058 2492 4113; x_wconf 84' lang='lat' dir='ltr'><strong>peperere</strong></span> <span class='ocrx_word' id='word_1_597' title='bbox 2555 4046 2849 4111; x_wconf 83' lang='lat' dir='ltr'><strong>potentiam</strong></span> <span class='ocrx_word' id='word_1_598' title='bbox 2912 4062 3154 4119; x_wconf 85' lang='lat' dir='ltr'><strong>opesque</strong></span> <span class='ocrx_word' id='word_1_599' title='bbox 3195 4070 3443 4124; x_wconf 74' lang='lat' dir='ltr'><strong>magnas.</strong></span> 
     </span>
    </p>
   </div>
   <div class='ocr_carea' id='block_1_86' title="bbox 1879 4132 3443 4215">
    <p class='ocr_par' dir='ltr' id='par_1_86' title="bbox 1879 4132 3443 4215">
     <span class='ocr_line' id='line_1_86' title="bbox 1879 4132 3443 4215; baseline 0.01 -29"><span class='ocrx_word' id='word_1_600' title='bbox 1879 4134 2023 4187; x_wconf 86' lang='lat' dir='ltr'><strong>Inter</strong></span> <span class='ocrx_word' id='word_1_601' title='bbox 2043 4134 2141 4187; x_wconf 91' lang='lat' dir='ltr'><strong>hos</strong></span> <span class='ocrx_word' id='word_1_602' title='bbox 2156 4142 2275 4187; x_wconf 91' lang='lat' dir='ltr'><strong>erat</strong></span> <span class='ocrx_word' id='word_1_603' title='bbox 2309 4132 2573 4199; x_wconf 84' lang='lat' dir='ltr'><strong>Murates,</strong></span> <span class='ocrx_word' id='word_1_604' title='bbox 2601 4148 2761 4189; x_wconf 88' lang='lat' dir='ltr'><strong>ortus</strong></span> <span class='ocrx_word' id='word_1_605' title='bbox 2786 4152 2981 4204; x_wconf 74' lang='lat' dir='ltr'><strong>genere</strong></span> <span class='ocrx_word' id='word_1_606' title='bbox 3013 4138 3443 4215; x_wconf 72' lang='lat' dir='ltr'><strong>Palamlogurttm</strong></span> 
     </span>
    </p>
   </div>
   <div class='ocr_carea' id='block_1_87' title="bbox 1880 4225 3448 4301">
    <p class='ocr_par' dir='ltr' id='par_1_87' title="bbox 1880 4225 3448 4301">
     <span class='ocr_line' id='line_1_87' title="bbox 1880 4225 3448 4301; baseline 0.01 -22"><span class='ocrx_word' id='word_1_607' title='bbox 1880 4226 2020 4295; x_wconf 89' lang='lat' dir='ltr'><strong>apud</strong></span> <span class='ocrx_word' id='word_1_608' title='bbox 2053 4225 2273 4279; x_wconf 66' lang='lat' dir='ltr'><strong>Graecos</strong></span> <span class='ocrx_word' id='word_1_609' title='bbox 2309 4240 2575 4295; x_wconf 87' lang='lat' dir='ltr'><strong>perquam</strong></span> <span class='ocrx_word' id='word_1_610' title='bbox 2609 4228 2834 4281; x_wconf 86' lang='lat' dir='ltr'><strong>celebri.</strong></span> <span class='ocrx_word' id='word_1_611' title='bbox 2866 4227 2994 4284; x_wconf 85' lang='lat' dir='ltr'><strong>Post</strong></span> <span class='ocrx_word' id='word_1_612' title='bbox 3062 4235 3205 4288; x_wconf 90' lang='lat' dir='ltr'><strong>hunc</strong></span> <span class='ocrx_word' id='word_1_613' title='bbox 3246 4238 3448 4301; x_wconf 74' lang='lat' dir='ltr'><strong>Mech-</strong></span> 
     </span>
    </p>
   </div>
   <div class='ocr_carea' id='block_1_88' title="bbox 1878 4318 3449 4397">
    <p class='ocr_par' dir='ltr' id='par_1_88' title="bbox 1878 4318 3449 4397">
     <span class='ocr_line' id='line_1_88' title="bbox 1878 4318 3449 4397; baseline 0.016 -34"><span class='ocrx_word' id='word_1_614' title='bbox 1878 4331 2047 4372; x_wconf 63' lang='lat' dir='ltr'><strong>metes</strong></span> <span class='ocrx_word' id='word_1_615' title='bbox 2075 4318 2187 4387; x_wconf 73' lang='grc'>(65)</span> <span class='ocrx_word' id='word_1_616' title='bbox 2227 4318 2575 4373; x_wconf 65' lang='lat' dir='ltr'><strong>Mandromzi</strong></span> <span class='ocrx_word' id='word_1_617' title='bbox 2631 4320 2797 4384; x_wconf 87' lang='lat' dir='ltr'><strong>filius,</strong></span> <span class='ocrx_word' id='word_1_618' title='bbox 2832 4321 3127 4386; x_wconf 91' lang='lat' dir='ltr'><strong>plurimum</strong></span> <span class='ocrx_word' id='word_1_619' title='bbox 3186 4318 3449 4397; x_wconf 73' lang='lat' dir='ltr'><strong>dignitate</strong></span> 
     </span>
    </p>
   </div>
   <div class='ocr_carea' id='block_1_89' title="bbox 1878 4405 3449 4494">
    <p class='ocr_par' dir='ltr' id='par_1_89' title="bbox 1878 4405 3449 4494">
     <span class='ocr_line' id='line_1_89' title="bbox 1878 4405 3449 4494; baseline 0.011 -32"><span class='ocrx_word' id='word_1_620' title='bbox 1878 4420 1931 4462; x_wconf 92' lang='lat' dir='ltr'><strong>et</strong></span> <span class='ocrx_word' id='word_1_621' title='bbox 1962 4412 2155 4477; x_wconf 82' lang='lat' dir='ltr'><strong>Opibus</strong></span> <span class='ocrx_word' id='word_1_622' title='bbox 2204 4411 2463 4479; x_wconf 78' lang='lat' dir='ltr'><strong>vigebat:</strong></span> <span class='ocrx_word' id='word_1_623' title='bbox 2496 4412 2588 4478; x_wconf 89' lang='lat' dir='ltr'><strong>qui</strong></span> <span class='ocrx_word' id='word_1_624' title='bbox 2640 4413 2816 4480; x_wconf 70' lang='lat' dir='ltr'><strong>primo</strong></span> <span class='ocrx_word' id='word_1_625' title='bbox 2869 4405 3160 4482; x_wconf 60' lang='lat' dir='ltr'><strong>praéfectus</strong></span> <span class='ocrx_word' id='word_1_626' title='bbox 3215 4422 3449 4494; x_wconf 74' lang='lat' dir='ltr'><strong>Ancyra:</strong></span> 
     </span>
    </p>
   </div>
   <div class='ocr_carea' id='block_1_90' title="bbox 1879 4498 3449 4573">
    <p class='ocr_par' dir='ltr' id='par_1_90' title="bbox 1879 4498 3449 4573">
     <span class='ocr_line' id='line_1_90' title="bbox 1879 4498 3449 4573; baseline 0.013 -22"><span class='ocrx_word' id='word_1_627' title='bbox 1879 4498 2099 4553; x_wconf 70' lang='lat' dir='ltr'><strong>Pisidia:</strong></span> <span class='ocrx_word' id='word_1_628' title='bbox 2127 4502 2437 4556; x_wconf 82' lang='lat' dir='ltr'><strong>declaratus</strong></span> <span class='ocrx_word' id='word_1_629' title='bbox 2467 4515 2567 4557; x_wconf 89' lang='lat' dir='ltr'><strong>est.</strong></span> <span class='ocrx_word' id='word_1_630' title='bbox 2597 4503 2653 4556; x_wconf 92' lang='lat' dir='ltr'><strong>Si</strong></span> <span class='ocrx_word' id='word_1_631' title='bbox 2682 4506 2805 4573; x_wconf 81' lang='lat' dir='ltr'><strong>quis</strong></span> <span class='ocrx_word' id='word_1_632' title='bbox 2866 4516 3045 4561; x_wconf 83' lang='lat' dir='ltr'><strong>autem</strong></span> <span class='ocrx_word' id='word_1_633' title='bbox 3070 4512 3198 4565; x_wconf 81' lang='lat' dir='ltr'><strong>velit</strong></span> <span class='ocrx_word' id='word_1_634' title='bbox 3226 4520 3449 4571; x_wconf 80' lang='lat' dir='ltr'><strong>naniina</strong></span> 
     </span>
    </p>
   </div>
   <div class='ocr_carea' id='block_1_91' title="bbox 196 4570 1770 4679">
    <p class='ocr_par' dir='ltr' id='par_1_91' title="bbox 196 4570 1770 4679">
     <span class='ocr_line' id='line_1_91' title="bbox 197 4570 1741 4594; baseline -0.01 0"><span class='ocrx_word' id='word_1_635' title='bbox 197 4570 507 4594; x_wconf 66' lang='lat' dir='ltr'><strong>&quot;&quot;&#39;r&quot;&quot;lv</strong></span> <span class='ocrx_word' id='word_1_636' title='bbox 542 4570 626 4573; x_wconf 68' lang='lat'><strong>&quot;&quot;</strong></span> <span class='ocrx_word' id='word_1_637' title='bbox 678 4570 720 4588; x_wconf 56' lang='lat'><strong>’0</strong></span> <span class='ocrx_word' id='word_1_638' title='bbox 823 4570 860 4588; x_wconf 82' lang='grc' dir='ltr'><strong>,ι</strong></span> <span class='ocrx_word' id='word_1_639' title='bbox 1057 4570 1095 4582; x_wconf 80' lang='grc' dir='ltr'>ι·</span> <span class='ocrx_word' id='word_1_640' title='bbox 1730 4570 1741 4579; x_wconf 84' lang='grc'><em>.</em></span> 
     </span>
     <span class='ocr_line' id='line_1_92' title="bbox 196 4604 1770 4679; baseline -0.01 -11"><span class='ocrx_word' id='word_1_641' title='bbox 196 4617 352 4668; x_wconf 76' lang='grc' dir='ltr'>νιστὶ</span> <span class='ocrx_word' id='word_1_642' title='bbox 399 4611 599 4679; x_wconf 73' lang='grc' dir='ltr'>λέγοιτ’</span> <span class='ocrx_word' id='word_1_643' title='bbox 661 4611 749 4674; x_wconf 84' lang='grc' dir='ltr'>ἂν,</span> <span class='ocrx_word' id='word_1_644' title='bbox 789 4611 884 4660; x_wconf 62' lang='grc' dir='ltr'><strong>κατ.</strong></span> <span class='ocrx_word' id='word_1_645' title='bbox 926 4607 1079 4660; x_wconf 74' lang='grc' dir='ltr'>Ἕσὲς</span> <span class='ocrx_word' id='word_1_646' title='bbox 1124 4607 1214 4657; x_wconf 84' lang='grc' dir='ltr'>τὸν</span> <span class='ocrx_word' id='word_1_647' title='bbox 1264 4604 1493 4672; x_wconf 81' lang='grc' dir='ltr'>Ἰησοῦν,</span> <span class='ocrx_word' id='word_1_648' title='bbox 1522 4606 1615 4654; x_wconf 76' lang='grc' dir='ltr'><strong>καὶ</strong></span> <span class='ocrx_word' id='word_1_649' title='bbox 1644 4604 1770 4670; x_wconf 77' lang='grc' dir='ltr'><strong>Ἐμ-</strong></span> 
     </span>
    </p>
   </div>
   <div class='ocr_carea' id='block_1_92' title="bbox 1869 4570 3449 4679">
    <p class='ocr_par' dir='ltr' id='par_1_92' title="bbox 1882 4593 3449 4674">
     <span class='ocr_line' id='line_1_93' title="bbox 1882 4593 3449 4674; baseline 0.008 -27"><span class='ocrx_word' id='word_1_650' title='bbox 1882 4595 1985 4649; x_wconf 86' lang='lat' dir='ltr'><strong>ista</strong></span> <span class='ocrx_word' id='word_1_651' title='bbox 2015 4595 2068 4647; x_wconf 93' lang='lat' dir='ltr'><strong>in</strong></span> <span class='ocrx_word' id='word_1_652' title='bbox 2103 4593 2347 4648; x_wconf 53' lang='lat' dir='ltr'><strong>Gmcam</strong></span> <span class='ocrx_word' id='word_1_653' title='bbox 2388 4603 2598 4649; x_wconf 86' lang='lat' dir='ltr'><strong>vertere</strong></span> <span class='ocrx_word' id='word_1_654' title='bbox 2635 4596 2899 4665; x_wconf 70' lang='lat' dir='ltr'><strong>linguam,</strong></span> <span class='ocrx_word' id='word_1_655' title='bbox 2932 4598 3261 4667; x_wconf 69' lang='lat' dir='ltr'><strong>significabit</strong></span> <span class='ocrx_word' id='word_1_656' title='bbox 3329 4611 3449 4674; x_wconf 83' lang='lat' dir='ltr'><strong>qui-</strong></span> 
     </span>
    </p>
   </div>
   <div class='ocr_carea' id='block_1_93' title="bbox 196 4695 1775 4778">
    <p class='ocr_par' dir='ltr' id='par_1_93' title="bbox 196 4695 1775 4778">
     <span class='ocr_line' id='line_1_94' title="bbox 196 4695 1775 4778; baseline -0.01 -17"><span class='ocrx_word' id='word_1_657' title='bbox 196 4708 451 4778; x_wconf 79' lang='grc' dir='ltr'>πρεῐμης</span> <span class='ocrx_word' id='word_1_658' title='bbox 483 4706 573 4755; x_wconf 78' lang='grc' dir='ltr'>τὸν</span> <span class='ocrx_word' id='word_1_659' title='bbox 616 4702 881 4769; x_wconf 69' lang='grc' dir='ltr'>’Δῦραὰμ</span> <span class='ocrx_word' id='word_1_660' title='bbox 917 4702 1008 4752; x_wconf 71' lang='grc' dir='ltr'><strong>καὶ</strong></span> <span class='ocrx_word' id='word_1_661' title='bbox 1058 4697 1437 4765; x_wconf 77' lang='grc' dir='ltr'>Σουλαιμὰνης</span> <span class='ocrx_word' id='word_1_662' title='bbox 1481 4697 1573 4745; x_wconf 70' lang='grc' dir='ltr'><strong>ἐον</strong></span> <span class='ocrx_word' id='word_1_663' title='bbox 1620 4695 1775 4745; x_wconf 83' lang='grc' dir='ltr'>Σολο-</span> 
     </span>
    </p>
   </div>
   <div class='ocr_carea' id='block_1_94' title="bbox 206 4784 1773 4869">
    <p class='ocr_par' dir='ltr' id='par_1_94' title="bbox 206 4784 1773 4869">
     <span class='ocr_line' id='line_1_95' title="bbox 206 4784 1773 4869; baseline -0.012 -15"><span class='ocrx_word' id='word_1_664' title='bbox 206 4802 423 4869; x_wconf 84' lang='grc' dir='ltr'>μῶντα,</span> <span class='ocrx_word' id='word_1_665' title='bbox 456 4797 549 4849; x_wconf 63' lang='lat' dir='ltr'><strong>aut</strong></span> <span class='ocrx_word' id='word_1_666' title='bbox 601 4794 887 4859; x_wconf 83' lang='grc' dir='ltr'>Ἰαγούπης</span> <span class='ocrx_word' id='word_1_667' title='bbox 942 4790 1032 4841; x_wconf 81' lang='grc' dir='ltr'>τὸν</span> <span class='ocrx_word' id='word_1_668' title='bbox 1082 4789 1306 4855; x_wconf 66' lang='grc' dir='ltr'>Ἰωσὴφ,</span> <span class='ocrx_word' id='word_1_669' title='bbox 1358 4786 1656 4855; x_wconf 77' lang='grc' dir='ltr'>Σκενδέρην</span> <span class='ocrx_word' id='word_1_670' title='bbox 1716 4784 1773 4835; x_wconf 81' lang='grc' dir='ltr'>δὲ</span> 
     </span>
    </p>
   </div>
   <div class='ocr_carea' id='block_1_95' title="bbox 215 4877 1779 4961">
    <p class='ocr_par' dir='ltr' id='par_1_95' title="bbox 215 4877 1779 4961">
     <span class='ocr_line' id='line_1_96' title="bbox 215 4877 1779 4961; baseline -0.011 -17"><span class='ocrx_word' id='word_1_671' title='bbox 215 4890 574 4957; x_wconf 78' lang='grc' dir='ltr'>Ἀλέξανδρον</span> <span class='ocrx_word' id='word_1_672' title='bbox 622 4885 901 4954; x_wconf 71' lang='grc' dir='ltr'>βούλονται</span> <span class='ocrx_word' id='word_1_673' title='bbox 944 4884 1140 4949; x_wconf 85' lang='grc' dir='ltr'>λέγειν.</span> <span class='ocrx_word' id='word_1_674' title='bbox 1188 4882 1297 4933; x_wconf 79' lang='grc' dir='ltr'><strong>Καὶ</strong></span> <span class='ocrx_word' id='word_1_675' title='bbox 1348 4879 1519 4930; x_wconf 86' lang='grc' dir='ltr'>ταῦτα</span> <span class='ocrx_word' id='word_1_676' title='bbox 1576 4878 1673 4945; x_wconf 82' lang='grc' dir='ltr'>μὲν</span> 
     </span>
    </p>
   </div>
   <div class='ocr_carea' id='block_1_96' title="bbox 212 4968 1777 5049">
    <p class='ocr_par' dir='ltr' id='par_1_96' title="bbox 212 4968 1777 5049">
     <span class='ocr_line' id='line_1_97' title="bbox 212 4968 1777 5049; baseline -0.01 -14"><span class='ocrx_word' id='word_1_677' title='bbox 212 4979 554 5049; x_wconf 76' lang='grc' dir='ltr'>Ἑλληνικῶς</span> <span class='ocrx_word' id='word_1_678' title='bbox 597 4976 800 5044; x_wconf 77' lang='grc' dir='ltr'>λέγοιτ’</span> <span class='ocrx_word' id='word_1_679' title='bbox 846 4976 913 5027; x_wconf 85' lang='grc' dir='ltr'>ἂν</span> <span class='ocrx_word' id='word_1_680' title='bbox 956 4972 1122 5026; x_wconf 78' lang='grc' dir='ltr'>οὕτω.</span> <span class='ocrx_word' id='word_1_681' title='bbox 1174 4971 1359 5031; x_wconf 74' lang='grc' dir='ltr'>οὕτως</span> <span class='ocrx_word' id='word_1_682' title='bbox 1393 4971 1487 5022; x_wconf 73' lang='grc' dir='ltr'><strong>καὶ</strong></span> <span class='ocrx_word' id='word_1_683' title='bbox 1528 4968 1777 5037; x_wconf 67' lang='grc' dir='ltr'>Ἐλεέζην</span> 
     </span>
    </p>
   </div>
   <div class='ocr_carea' id='block_1_97' title="bbox 194 5054 1777 5134">
    <p class='ocr_par' dir='ltr' id='par_1_97' title="bbox 194 5054 1777 5134">
     <span class='ocr_line' id='line_1_98' title="bbox 194 5054 1777 5134; baseline -0.009 -13"><span class='ocrx_word' id='word_1_684' title='bbox 194 5072 295 5121; x_wconf 70' lang='grc' dir='ltr'>τδν</span> <span class='ocrx_word' id='word_1_685' title='bbox 324 5067 660 5134; x_wconf 67' lang='grc' dir='ltr'>ιημήτριον,</span> <span class='ocrx_word' id='word_1_686' title='bbox 689 5062 785 5114; x_wconf 67' lang='grc' dir='ltr'>καὶ</span> <span class='ocrx_word' id='word_1_687' title='bbox 818 5060 1063 5128; x_wconf 84' lang='grc' dir='ltr'>Χιτήρην</span> <span class='ocrx_word' id='word_1_688' title='bbox 1104 5058 1195 5109; x_wconf 79' lang='grc' dir='ltr'><strong>τὸν</strong></span> <span class='ocrx_word' id='word_1_689' title='bbox 1238 5056 1508 5121; x_wconf 82' lang='grc' dir='ltr'>Γεῶργιον</span> <span class='ocrx_word' id='word_1_690' title='bbox 1538 5054 1777 5121; x_wconf 84' lang='grc' dir='ltr'>λέγουσι.</span> 
     </span>
    </p>
   </div>
   <div class='ocr_carea' id='block_1_98' title="bbox 196 5146 1782 5220">
    <p class='ocr_par' dir='ltr' id='par_1_98' title="bbox 196 5146 1782 5220">
     <span class='ocr_line' id='line_1_99' title="bbox 196 5146 1782 5220; baseline -0.009 -7"><span class='ocrx_word' id='word_1_691' title='bbox 196 5163 284 5213; x_wconf 77' lang='grc' dir='ltr'><em>τὰ</em></span> <span class='ocrx_word' id='word_1_692' title='bbox 320 5160 378 5210; x_wconf 77' lang='grc' dir='ltr'><strong>δὲ</strong></span> <span class='ocrx_word' id='word_1_693' title='bbox 412 5159 573 5209; x_wconf 81' lang='grc' dir='ltr'>λοιπὰ</span> <span class='ocrx_word' id='word_1_694' title='bbox 602 5155 708 5206; x_wconf 89' lang='grc' dir='ltr'><strong>τῶν</strong></span> <span class='ocrx_word' id='word_1_695' title='bbox 742 5154 1022 5220; x_wconf 82' lang='grc' dir='ltr'>ὀνομάτων</span> <span class='ocrx_word' id='word_1_696' title='bbox 1052 5151 1159 5203; x_wconf 85' lang='grc' dir='ltr'>ἀπό</span> <span class='ocrx_word' id='word_1_697' title='bbox 1190 5166 1248 5201; x_wconf 87' lang='grc' dir='ltr'><strong>τε</strong></span> <span class='ocrx_word' id='word_1_698' title='bbox 1281 5149 1389 5200; x_wconf 87' lang='grc' dir='ltr'><strong>τῶν</strong></span> <span class='ocrx_word' id='word_1_699' title='bbox 1434 5146 1656 5217; x_wconf 73' lang='grc' dir='ltr'>ὀρνέων,</span> <span class='ocrx_word' id='word_1_700' title='bbox 1686 5149 1782 5198; x_wconf 78' lang='grc' dir='ltr'><strong>καὶ</strong></span> 
     </span>
    </p>
   </div>
   <div class='ocr_carea' id='block_1_99' title="bbox 201 5234 1781 5313">
    <p class='ocr_par' dir='ltr' id='par_1_99' title="bbox 201 5234 1781 5313">
     <span class='ocr_line' id='line_1_100' title="bbox 201 5234 1781 5313; baseline -0.009 -8"><span class='ocrx_word' id='word_1_701' title='bbox 201 5250 458 5313; x_wconf 83' lang='grc' dir='ltr'>Σκυθῶν,</span> <span class='ocrx_word' id='word_1_702' title='bbox 496 5249 564 5300; x_wconf 79' lang='grc' dir='ltr'>τὰ</span> <span class='ocrx_word' id='word_1_703' title='bbox 616 5248 855 5313; x_wconf 82' lang='grc' dir='ltr'>τέσσαρα</span> <span class='ocrx_word' id='word_1_704' title='bbox 906 5243 1078 5297; x_wconf 81' lang='grc' dir='ltr'>ταῦτα</span> <span class='ocrx_word' id='word_1_705' title='bbox 1129 5242 1411 5311; x_wconf 82' lang='grc' dir='ltr'>φαίνονται</span> <span class='ocrx_word' id='word_1_706' title='bbox 1463 5236 1626 5302; x_wconf 69' lang='grc' dir='ltr'>εἶναι,</span> <span class='ocrx_word' id='word_1_707' title='bbox 1669 5234 1781 5291; x_wconf 75' lang='grc' dir='ltr'>οἷον</span> 
     </span>
    </p>
   </div>
   <div class='ocr_carea' id='block_1_100' title="bbox 199 5333 1778 5414">
    <p class='ocr_par' dir='ltr' id='par_1_100' title="bbox 199 5333 1778 5414">
     <span class='ocr_line' id='line_1_101' title="bbox 199 5333 1778 5414; baseline -0.013 -12"><span class='ocrx_word' id='word_1_708' title='bbox 199 5345 553 5414; x_wconf 76' lang='grc' dir='ltr'>Παιαζὴτης,</span> <span class='ocrx_word' id='word_1_709' title='bbox 611 5341 899 5411; x_wconf 76' lang='grc' dir='ltr'>Ὀρχάνης,</span> <span class='ocrx_word' id='word_1_710' title='bbox 960 5336 1377 5406; x_wconf 84' lang='grc' dir='ltr'>Ὀρθογρούλης,</span> <span class='ocrx_word' id='word_1_711' title='bbox 1426 5334 1519 5386; x_wconf 69' lang='grc' dir='ltr'><strong>καὶ</strong></span> <span class='ocrx_word' id='word_1_712' title='bbox 1569 5333 1778 5401; x_wconf 77' lang='grc' dir='ltr'>Τζυμι-</span> 
     </span>
    </p>
   </div>
   <div class='ocr_carea' id='block_1_101' title="bbox 1882 4687 3449 4759">
    <p class='ocr_par' dir='ltr' id='par_1_101' title="bbox 1882 4687 3449 4759">
     <span class='ocr_line' id='line_1_102' title="bbox 1882 4687 3449 4759; baseline 0.01 -19"><span class='ocrx_word' id='word_1_713' title='bbox 1882 4688 2004 4741; x_wconf 92' lang='lat' dir='ltr'><strong>dem</strong></span> <span class='ocrx_word' id='word_1_714' title='bbox 2039 4687 2280 4743; x_wconf 78' lang='lat' dir='ltr'><strong>Murates</strong></span> <span class='ocrx_word' id='word_1_715' title='bbox 2337 4688 2713 4756; x_wconf 86' lang='lat' dir='ltr'><strong>cupiditatem,</strong></span> <span class='ocrx_word' id='word_1_716' title='bbox 2776 4687 2959 4744; x_wconf 86' lang='lat' dir='ltr'><strong>Halies</strong></span> <span class='ocrx_word' id='word_1_717' title='bbox 3020 4692 3253 4759; x_wconf 86' lang='lat' dir='ltr'><strong>Heliam,</strong></span> <span class='ocrx_word' id='word_1_718' title='bbox 3320 4696 3449 4755; x_wconf 85' lang='lat' dir='ltr'><strong>Eses</strong></span> 
     </span>
    </p>
   </div>
   <div class='ocr_carea' id='block_1_102' title="bbox 1881 4779 3450 4849">
    <p class='ocr_par' dir='ltr' id='par_1_102' title="bbox 1881 4779 3450 4849">
     <span class='ocr_line' id='line_1_103' title="bbox 1881 4779 3450 4849; baseline 0.008 -16"><span class='ocrx_word' id='word_1_719' title='bbox 1881 4780 2089 4844; x_wconf 83' lang='lat' dir='ltr'><strong>Jesum,</strong></span> <span class='ocrx_word' id='word_1_720' title='bbox 2138 4779 2474 4849; x_wconf 80' lang='lat' dir='ltr'><strong>Ernpreimes</strong></span> <span class='ocrx_word' id='word_1_721' title='bbox 2505 4780 2893 4843; x_wconf 79' lang='lat' dir='ltr'><strong>Ahrahamum,</strong></span> <span class='ocrx_word' id='word_1_722' title='bbox 2950 4780 3295 4843; x_wconf 86' lang='lat' dir='ltr'><strong>Sulaimanes</strong></span> <span class='ocrx_word' id='word_1_723' title='bbox 3345 4788 3450 4845; x_wconf 86' lang='lat' dir='ltr'><strong>So-</strong></span> 
     </span>
    </p>
   </div>
   <div class='ocr_carea' id='block_1_103' title="bbox 1884 4872 3451 4943">
    <p class='ocr_par' dir='ltr' id='par_1_103' title="bbox 1884 4872 3451 4943">
     <span class='ocr_line' id='line_1_104' title="bbox 1884 4872 3451 4943; baseline 0.006 -16"><span class='ocrx_word' id='word_1_724' title='bbox 1884 4875 2173 4935; x_wconf 85' lang='lat' dir='ltr'><strong>lomonetn,</strong></span> <span class='ocrx_word' id='word_1_725' title='bbox 2208 4872 2451 4942; x_wconf 78' lang='lat' dir='ltr'><strong>Jagupus</strong></span> <span class='ocrx_word' id='word_1_726' title='bbox 2494 4872 2811 4941; x_wconf 86' lang='lat' dir='ltr'><strong>Josephum,</strong></span> <span class='ocrx_word' id='word_1_727' title='bbox 2867 4873 3171 4943; x_wconf 88' lang='lat' dir='ltr'><strong>Sccuderes</strong></span> <span class='ocrx_word' id='word_1_728' title='bbox 3213 4882 3451 4938; x_wconf 79' lang='lat' dir='ltr'><strong>Alexan-</strong></span> 
     </span>
    </p>
   </div>
   <div class='ocr_carea' id='block_1_104' title="bbox 1884 4964 3450 5033">
    <p class='ocr_par' dir='ltr' id='par_1_104' title="bbox 1884 4964 3450 5033">
     <span class='ocr_line' id='line_1_105' title="bbox 1884 4964 3450 5033; baseline 0.006 -13"><span class='ocrx_word' id='word_1_729' title='bbox 1884 4967 2062 5021; x_wconf 85' lang='lat' dir='ltr'><strong>drum.</strong></span> <span class='ocrx_word' id='word_1_730' title='bbox 2108 4966 2170 5017; x_wconf 88' lang='lat' dir='ltr'><strong>Et</strong></span> <span class='ocrx_word' id='word_1_731' title='bbox 2204 4966 2419 5033; x_wconf 85' lang='lat' dir='ltr'><strong>quidem</strong></span> <span class='ocrx_word' id='word_1_732' title='bbox 2458 4965 2571 5018; x_wconf 74' lang='lat' dir='ltr'><strong>luec</strong></span> <span class='ocrx_word' id='word_1_733' title='bbox 2622 4964 2827 5019; x_wconf 68' lang='lat' dir='ltr'><strong>Graece.</strong></span> <span class='ocrx_word' id='word_1_734' title='bbox 2861 4965 2985 5020; x_wconf 87' lang='lat' dir='ltr'><strong>Pari</strong></span> <span class='ocrx_word' id='word_1_735' title='bbox 3040 4972 3249 5026; x_wconf 88' lang='lat' dir='ltr'><strong>ratione</strong></span> <span class='ocrx_word' id='word_1_736' title='bbox 3304 4973 3450 5029; x_wconf 64' lang='lat' dir='ltr'><strong>Elec-</strong></span> 
     </span>
    </p>
   </div>
   <div class='ocr_carea' id='block_1_105' title="bbox 1886 5056 3447 5129">
    <p class='ocr_par' dir='ltr' id='par_1_105' title="bbox 1886 5056 3447 5129">
     <span class='ocr_line' id='line_1_106' title="bbox 1886 5056 3447 5129; baseline 0.007 -17"><span class='ocrx_word' id='word_1_737' title='bbox 1886 5076 1983 5113; x_wconf 75' lang='lat' dir='ltr'><strong>zen</strong></span> <span class='ocrx_word' id='word_1_738' title='bbox 2064 5057 2426 5117; x_wconf 88' lang='lat' dir='ltr'><strong>Demetrium,</strong></span> <span class='ocrx_word' id='word_1_739' title='bbox 2490 5056 2766 5110; x_wconf 77' lang='lat' dir='ltr'><strong>Clu-.tirem</strong></span> <span class='ocrx_word' id='word_1_740' title='bbox 2849 5056 3143 5129; x_wconf 77' lang='lat' dir='ltr'><strong>Georgium</strong></span> <span class='ocrx_word' id='word_1_741' title='bbox 3228 5080 3447 5123; x_wconf 90' lang='lat' dir='ltr'><strong>vocant.</strong></span> 
     </span>
    </p>
   </div>
   <div class='ocr_carea' id='block_1_106' title="bbox 1883 5148 3449 5225">
    <p class='ocr_par' dir='ltr' id='par_1_106' title="bbox 1883 5148 3449 5225">
     <span class='ocr_line' id='line_1_107' title="bbox 1883 5148 3449 5225; baseline 0.006 -24"><span class='ocrx_word' id='word_1_742' title='bbox 1883 5150 2129 5215; x_wconf 84' lang='lat' dir='ltr'><strong>Quatuor</strong></span> <span class='ocrx_word' id='word_1_743' title='bbox 2173 5157 2353 5201; x_wconf 89' lang='lat' dir='ltr'><strong>autem</strong></span> <span class='ocrx_word' id='word_1_744' title='bbox 2429 5148 2532 5201; x_wconf 88' lang='lat' dir='ltr'><strong>ista</strong></span> <span class='ocrx_word' id='word_1_745' title='bbox 2606 5150 2824 5202; x_wconf 85' lang='lat' dir='ltr'><strong>nomina</strong></span> <span class='ocrx_word' id='word_1_746' title='bbox 2866 5151 3072 5219; x_wconf 83' lang='lat' dir='ltr'><strong>reliqua</strong></span> <span class='ocrx_word' id='word_1_747' title='bbox 3106 5172 3121 5208; x_wconf 89' lang='lat'><strong>:</strong></span> <span class='ocrx_word' id='word_1_748' title='bbox 3154 5156 3449 5225; x_wconf 79' lang='lat' dir='ltr'><strong>Pajazites,</strong></span> 
     </span>
    </p>
   </div>
   <div class='ocr_carea' id='block_1_107' title="bbox 1880 5237 3449 5316">
    <p class='ocr_par' dir='ltr' id='par_1_107' title="bbox 1880 5237 3449 5316">
     <span class='ocr_line' id='line_1_108' title="bbox 1880 5237 3449 5316; baseline -0.002 -22"><span class='ocrx_word' id='word_1_749' title='bbox 1880 5240 2185 5301; x_wconf 84' lang='lat' dir='ltr'><strong>Orchanes,</strong></span> <span class='ocrx_word' id='word_1_750' title='bbox 2213 5238 2564 5306; x_wconf 81' lang='lat' dir='ltr'><strong>Orthogules,</strong></span> <span class='ocrx_word' id='word_1_751' title='bbox 2604 5237 2936 5308; x_wconf 83' lang='lat' dir='ltr'><strong>szmisscs,</strong></span> <span class='ocrx_word' id='word_1_752' title='bbox 2971 5251 3027 5293; x_wconf 90' lang='lat' dir='ltr'><strong>et</strong></span> <span class='ocrx_word' id='word_1_753' title='bbox 3054 5243 3137 5297; x_wconf 89' lang='lat' dir='ltr'><strong>his</strong></span> <span class='ocrx_word' id='word_1_754' title='bbox 3190 5246 3350 5316; x_wconf 76' lang='lat'><strong>232</strong></span> <span class='ocrx_word' id='word_1_755' title='bbox 3378 5253 3449 5303; x_wconf 77' lang='lat' dir='ltr'><strong>si.</strong></span> 
     </span>
    </p>
   </div>
   <div class='ocr_carea' id='block_1_108' title="bbox 1880 5330 3447 5401">
    <p class='ocr_par' dir='ltr' id='par_1_108' title="bbox 1880 5330 3447 5401">
     <span class='ocr_line' id='line_1_109' title="bbox 1880 5330 3447 5401; baseline 0.005 -16"><span class='ocrx_word' id='word_1_756' title='bbox 1880 5332 2050 5396; x_wconf 86' lang='lat' dir='ltr'><strong>milia,</strong></span> <span class='ocrx_word' id='word_1_757' title='bbox 2070 5330 2336 5399; x_wconf 77' lang='lat' dir='ltr'><strong>originem</strong></span> <span class='ocrx_word' id='word_1_758' title='bbox 2355 5330 2582 5382; x_wconf 87' lang='lat' dir='ltr'><strong>trahunt</strong></span> <span class='ocrx_word' id='word_1_759' title='bbox 2605 5331 2672 5383; x_wconf 84' lang='lat' dir='ltr'><strong>ab</strong></span> <span class='ocrx_word' id='word_1_760' title='bbox 2702 5330 2892 5384; x_wconf 75' lang='lat' dir='ltr'><strong>avibus</strong></span> <span class='ocrx_word' id='word_1_761' title='bbox 2918 5340 2970 5384; x_wconf 83' lang='lat' dir='ltr'><strong>et</strong></span> <span class='ocrx_word' id='word_1_762' title='bbox 2998 5330 3239 5401; x_wconf 78' lang='lat' dir='ltr'><strong>Scythis.</strong></span> <span class='ocrx_word' id='word_1_763' title='bbox 3274 5338 3447 5393; x_wconf 80' lang='lat' dir='ltr'><strong>Etiam</strong></span> 
     </span>
    </p>
   </div>
   <div class='ocr_carea' id='block_1_109' title="bbox 1500 5448 2181 5524">
    <p class='ocr_par' dir='ltr' id='par_1_109' title="bbox 1500 5448 2181 5524">
     <span class='ocr_line' id='line_1_110' title="bbox 1500 5448 2181 5524; baseline -0.004 -14"><span class='ocrx_word' id='word_1_764' title='bbox 1500 5449 1752 5510; x_wconf 72' lang='grc' dir='ltr'>Νοιυιω</span> <span class='ocrx_word' id='word_1_765' title='bbox 1786 5448 2181 5524; x_wconf 81' lang='lat' dir='ltr'><strong>marginales.</strong></span> 
     </span>
    </p>
   </div>
   <div class='ocr_carea' id='block_1_110' title="bbox 278 5552 1778 5634">
    <p class='ocr_par' dir='ltr' id='par_1_110' title="bbox 278 5552 1778 5634">
     <span class='ocr_line' id='line_1_111' title="bbox 278 5552 1778 5634; baseline -0.009 -16"><span class='ocrx_word' id='word_1_766' title='bbox 278 5565 397 5634; x_wconf 79' lang='lat' dir='ltr'><strong>(6i)</strong></span> <span class='ocrx_word' id='word_1_767' title='bbox 432 5564 733 5615; x_wconf 82' lang='lat' dir='ltr'><strong>Aureorum</strong></span> <span class='ocrx_word' id='word_1_768' title='bbox 770 5561 944 5616; x_wconf 71' lang='grc' dir='ltr'>509ᾲο</span> <span class='ocrx_word' id='word_1_769' title='bbox 981 5568 1039 5613; x_wconf 93' lang='lat' dir='ltr'><strong>ut</strong></span> <span class='ocrx_word' id='word_1_770' title='bbox 1066 5558 1370 5611; x_wconf 75' lang='lat' dir='ltr'><strong>libertatem</strong></span> <span class='ocrx_word' id='word_1_771' title='bbox 1425 5564 1629 5610; x_wconf 87' lang='lat' dir='ltr'><strong>emeret</strong></span> <span class='ocrx_word' id='word_1_772' title='bbox 1655 5552 1778 5607; x_wconf 87' lang='lat' dir='ltr'><strong>:sed</strong></span> 
     </span>
    </p>
   </div>
   <div class='ocr_carea' id='block_1_111' title="bbox 197 5634 1059 5707">
    <p class='ocr_par' dir='ltr' id='par_1_111' title="bbox 197 5634 1059 5707">
     <span class='ocr_line' id='line_1_112' title="bbox 197 5634 1059 5707; baseline -0.007 -20"><span class='ocrx_word' id='word_1_773' title='bbox 197 5638 397 5707; x_wconf 76' lang='lat' dir='ltr'><strong>plages</strong></span> <span class='ocrx_word' id='word_1_774' title='bbox 428 5648 557 5707; x_wconf 55' lang='lat' dir='ltr'><strong>eum</strong></span> <span class='ocrx_word' id='word_1_775' title='bbox 588 5634 853 5707; x_wconf 80' lang='lat' dir='ltr'><strong>recepisse</strong></span> <span class='ocrx_word' id='word_1_776' title='bbox 883 5634 1059 5685; x_wconf 89' lang='lat' dir='ltr'><strong>aiunt.</strong></span> 
     </span>
    </p>
   </div>
   <div class='ocr_carea' id='block_1_112' title="bbox 278 5701 767 5773">
    <p class='ocr_par' dir='ltr' id='par_1_112' title="bbox 278 5701 767 5773">
     <span class='ocr_line' id='line_1_113' title="bbox 278 5701 767 5773; baseline -0.014 -15"><span class='ocrx_word' id='word_1_777' title='bbox 278 5701 395 5773; x_wconf 59' lang='grc' dir='ltr'><strong>(δὲ)</strong></span> <span class='ocrx_word' id='word_1_778' title='bbox 427 5701 767 5756; x_wconf 77' lang='lat' dir='ltr'><strong>Novobardo.</strong></span> 
     </span>
    </p>
   </div>
   <div class='ocr_carea' id='block_1_113' title="bbox 1959 5549 3450 5620">
    <p class='ocr_par' dir='ltr' id='par_1_113' title="bbox 1959 5549 3450 5620">
     <span class='ocr_line' id='line_1_114' title="bbox 1959 5549 3450 5620; baseline 0.005 -16"><span class='ocrx_word' id='word_1_779' title='bbox 1959 5552 2068 5620; x_wconf 74' lang='lat'><strong>(63)</strong></span> <span class='ocrx_word' id='word_1_780' title='bbox 2102 5550 2232 5617; x_wconf 88' lang='lat' dir='ltr'><strong>Ejus</strong></span> <span class='ocrx_word' id='word_1_781' title='bbox 2254 5549 2346 5617; x_wconf 91' lang='lat' dir='ltr'><strong>qui</strong></span> <span class='ocrx_word' id='word_1_782' title='bbox 2380 5549 2432 5601; x_wconf 91' lang='lat' dir='ltr'><strong>in</strong></span> <span class='ocrx_word' id='word_1_783' title='bbox 2458 5558 2745 5620; x_wconf 89' lang='lat' dir='ltr'><strong>tyrannum</strong></span> <span class='ocrx_word' id='word_1_784' title='bbox 2765 5550 3046 5617; x_wconf 81' lang='lat' dir='ltr'><strong>cojnverat</strong></span> <span class='ocrx_word' id='word_1_785' title='bbox 3078 5552 3244 5618; x_wconf 80' lang='lat' dir='ltr'><strong>filius,</strong></span> <span class='ocrx_word' id='word_1_786' title='bbox 3269 5556 3363 5610; x_wconf 79' lang='lat' dir='ltr'><strong>sed</strong></span> <span class='ocrx_word' id='word_1_787' title='bbox 3394 5558 3450 5612; x_wconf 91' lang='lat' dir='ltr'><strong>in</strong></span> 
     </span>
    </p>
   </div>
   <div class='ocr_carea' id='block_1_114' title="bbox 1889 5619 3367 5695">
    <p class='ocr_par' dir='ltr' id='par_1_114' title="bbox 1889 5619 3367 5695">
     <span class='ocr_line' id='line_1_115' title="bbox 1889 5619 3367 5695; baseline 0.001 -18"><span class='ocrx_word' id='word_1_788' title='bbox 1889 5625 2007 5695; x_wconf 91' lang='lat' dir='ltr'><strong>ipso</strong></span> <span class='ocrx_word' id='word_1_789' title='bbox 2038 5623 2146 5675; x_wconf 90' lang='lat' dir='ltr'><strong>ictu</strong></span> <span class='ocrx_word' id='word_1_790' title='bbox 2176 5634 2404 5679; x_wconf 86' lang='lat' dir='ltr'><strong>corpore</strong></span> <span class='ocrx_word' id='word_1_791' title='bbox 2428 5620 2645 5687; x_wconf 91' lang='lat' dir='ltr'><strong>proprio</strong></span> <span class='ocrx_word' id='word_1_792' title='bbox 2670 5619 2886 5686; x_wconf 90' lang='lat' dir='ltr'><strong>objceto</strong></span> <span class='ocrx_word' id='word_1_793' title='bbox 2918 5624 3067 5674; x_wconf 90' lang='lat' dir='ltr'><strong>illum</strong></span> <span class='ocrx_word' id='word_1_794' title='bbox 3101 5638 3367 5680; x_wconf 85' lang='lat' dir='ltr'><strong>servarat.</strong></span> 
     </span>
    </p>
   </div>
   <div class='ocr_carea' id='block_1_115' title="bbox 282 5794 1770 5885">
    <p class='ocr_par' dir='ltr' id='par_1_115' title="bbox 282 5809 1767 5885">
     <span class='ocr_line' id='line_1_116' title="bbox 282 5809 1767 5885; baseline -0.005 -15"><span class='ocrx_word' id='word_1_795' title='bbox 282 5821 331 5850; x_wconf 84' lang='lat'>&quot;</span> <span class='ocrx_word' id='word_1_796' title='bbox 363 5821 421 5878; x_wconf 70' lang='grc' dir='ltr'>ἐς</span> <span class='ocrx_word' id='word_1_797' title='bbox 464 5834 584 5885; x_wconf 87' lang='grc' dir='ltr'>μετ.</span> <span class='ocrx_word' id='word_1_798' title='bbox 621 5816 1027 5885; x_wconf 67' lang='lat' dir='ltr'><strong>&quot;(perscriptum</strong></span> <span class='ocrx_word' id='word_1_799' title='bbox 1086 5815 1201 5875; x_wconf 84' lang='grc' dir='ltr'>οὖς.</span> <span class='ocrx_word' id='word_1_800' title='bbox 1280 5817 1325 5845; x_wconf 87' lang='lat'><strong>&quot;’</strong></span> <span class='ocrx_word' id='word_1_801' title='bbox 1350 5815 1531 5885; x_wconf 87' lang='grc' dir='ltr'>μέντοι</span> <span class='ocrx_word' id='word_1_802' title='bbox 1555 5810 1669 5885; x_wconf 63' lang='grc' dir='ltr'>καί.</span> <span class='ocrx_word' id='word_1_803' title='bbox 1711 5809 1767 5885; x_wconf 62' lang='lat' dir='ltr'><strong>In</strong></span> 
     </span>
    </p>
   </div>
   <div class='ocr_carea' id='block_1_116' title="bbox 1869 5794 3450 5885">
    <p class='ocr_par' dir='ltr' id='par_1_116' title="bbox 1869 5794 3450 5885">
     <span class='ocr_line' id='line_1_117' title="bbox 1869 5794 3450 5885; baseline -0.001 -29"><span class='ocrx_word' id='word_1_804' title='bbox 1869 5823 1926 5863; x_wconf 48' lang='grc' dir='ltr'>κο,</span> <span class='ocrx_word' id='word_1_805' title='bbox 1956 5804 2051 5870; x_wconf 77' lang='grc' dir='ltr'>μὲν</span> <span class='ocrx_word' id='word_1_806' title='bbox 2077 5794 2177 5885; x_wconf 52' lang='grc' dir='ltr'>οὖν,</span> <span class='ocrx_word' id='word_1_807' title='bbox 2202 5797 2312 5849; x_wconf 85' lang='grc' dir='ltr'>καί.</span> <span class='ocrx_word' id='word_1_808' title='bbox 2364 5796 2439 5876; x_wconf 39' lang='grc'><strong>,⁸⁸</strong></span> <span class='ocrx_word' id='word_1_809' title='bbox 2483 5794 2545 5876; x_wconf 75' lang='lat' dir='ltr'><strong>l_n</strong></span> <span class='ocrx_word' id='word_1_810' title='bbox 2586 5796 2939 5885; x_wconf 37' lang='grc' dir='ltr'>Ἇιιοιτῆξαγμ.</span> <span class='ocrx_word' id='word_1_811' title='bbox 3014 5798 3053 5885; x_wconf 53' lang='lat'><strong>1&#39;</strong></span> <span class='ocrx_word' id='word_1_812' title='bbox 3088 5798 3450 5885; x_wconf 70' lang='grc' dir='ltr'>Νεὸοπρῐδου.</span> 
     </span>
    </p>
   </div>
   <div class='ocr_carea' id='block_1_117' title="bbox 203 5881 1640 5948">
    <p class='ocr_par' dir='ltr' id='par_1_117' title="bbox 203 5881 1640 5948">
     <span class='ocr_line' id='line_1_118' title="bbox 203 5881 1640 5948; baseline -0.008 -5"><span class='ocrx_word' id='word_1_813' title='bbox 203 5893 304 5947; x_wconf 78' lang='lat' dir='ltr'><strong>Sic</strong></span> <span class='ocrx_word' id='word_1_814' title='bbox 332 5881 494 5941; x_wconf 71' lang='lat' dir='ltr'><strong>etiam</strong></span> <span class='ocrx_word' id='word_1_815' title='bbox 532 5886 598 5938; x_wconf 79' lang='grc' dir='ltr'><strong>Β.</strong></span> <span class='ocrx_word' id='word_1_816' title='bbox 635 5887 701 5916; x_wconf 74' lang='grc'><strong>⁸⁸⁸</strong></span> <span class='ocrx_word' id='word_1_817' title='bbox 737 5883 838 5935; x_wconf 81' lang='lat' dir='ltr'><strong>Hic</strong></span> <span class='ocrx_word' id='word_1_818' title='bbox 866 5887 1067 5940; x_wconf 71' lang='lat' dir='ltr'><strong>aliquid</strong></span> <span class='ocrx_word' id='word_1_819' title='bbox 1104 5888 1454 5948; x_wconf 49' lang='lat' dir='ltr'><strong>«(erstgetiam</strong></span> <span class='ocrx_word' id='word_1_820' title='bbox 1494 5884 1546 5935; x_wconf 82' lang='lat' dir='ltr'><strong>in</strong></span> <span class='ocrx_word' id='word_1_821' title='bbox 1582 5881 1640 5931; x_wconf 82' lang='grc' dir='ltr'><strong>Η.</strong></span> 
     </span>
    </p>
   </div>
   <div class='ocr_carea' id='block_1_118' title="bbox 1722 5864 3288 5931">
    <p class='ocr_par' dir='ltr' id='par_1_118' title="bbox 1722 5864 3288 5931">
     <span class='ocr_line' id='line_1_119' title="bbox 1722 5864 3288 5931; baseline -0.011 2"><span class='ocrx_word' id='word_1_822' title='bbox 1722 5883 1766 5910; x_wconf 84' lang='lat'><strong>&quot;-</strong></span> <span class='ocrx_word' id='word_1_823' title='bbox 1822 5864 1988 5929; x_wconf 73' lang='lat' dir='ltr'><strong>Locus</strong></span> <span class='ocrx_word' id='word_1_824' title='bbox 2025 5869 2270 5931; x_wconf 76' lang='lat' dir='ltr'><strong>mutilus,</strong></span> <span class='ocrx_word' id='word_1_825' title='bbox 2304 5868 2461 5918; x_wconf 82' lang='lat' dir='ltr'><strong>etiam</strong></span> <span class='ocrx_word' id='word_1_826' title='bbox 2498 5867 2549 5917; x_wconf 81' lang='lat' dir='ltr'><strong>in</strong></span> <span class='ocrx_word' id='word_1_827' title='bbox 2584 5864 2645 5917; x_wconf 79' lang='lat' dir='ltr'><strong>R.</strong></span> <span class='ocrx_word' id='word_1_828' title='bbox 2690 5866 2733 5895; x_wconf 84' lang='grc'><strong>⁸³</strong></span> <span class='ocrx_word' id='word_1_829' title='bbox 2761 5864 2825 5918; x_wconf 82' lang='lat' dir='ltr'><strong>lu</strong></span> <span class='ocrx_word' id='word_1_830' title='bbox 2858 5884 2981 5931; x_wconf 82' lang='lat' dir='ltr'><strong>uno,</strong></span> <span class='ocrx_word' id='word_1_831' title='bbox 3017 5864 3288 5927; x_wconf 54' lang='grc' dir='ltr'>βασιλεὺς,</span> 
     </span>
    </p>
   </div>
  </div>
