4180 6434
199 404 303 468 433

1232 429 1328 489 DE
1365 432 1620 493 REBUS-
1647 434 2007 494 TUllClClS
2045 439 2186 502 LIB.
2224 445 2386 503 VIll.

3353 451 3454 509 ιπι

202 526 456 577 τέτακται
511 530 566 588 ἐς
613 530 713 593 τὰς
770 538 1068 604 προσόδους
1115 542 1223 594 τῶν
1266 543 1327 598 τε
1359 548 1640 617 ἀρχόντων
1671 550 1770 602 καὶ

1884 551 2344 626 gintamyriades
2401 576 2718 616 aureorum.
2777 563 2894 618 lluc
2959 568 3167 619 acet-«lit
3226 569 3454 631 reditus,

200 615 293 665 τοῦ
325 614 613 683 βασιλέως.
647 623 806 694 Παρὰ
842 629 899 680 δὲ
933 632 1025 683 τὸν
1054 633 1222 704 φόρον
1260 614 1465 706 δασμ-οί
1494 643 1632 693 είσιν
1664 642 1768 694 ἀνὰ

200 706 300 805 τὴν
334 710 623 805 ΔΕύρῶπην
671 733 730 768 τε
787 722 880 773 καὶ
948 724 1136 779 Ἀσίαν
1197 729 1636 801 ἀποτεταγμένοι
1693 735 1769 805 τῷ

203 798 419 866 βασιλεί
459 804 556 857 ούκ
587 806 757 874 ὀλίγοι
795 813 903 865 ἀπό
947 833 1004 868 τε
1056 818 1162 871 τῶν
1196 821 1428 885 ίππέων,
1459 798 1556 878 καὶ
1590 798 1769 895 καμπὴζ

202 890 334 958 λων,
388 897 484 948 καὶ
544 899 812 967 ήμιόνων,
875 907 970 958 καὶ
1035 909 1193 978 βοῶν.
1252 913 1361 967 Καὶ
1418 915 1566 968 ἔστιν
1631 890 1771 987 αῦτη

201 987 469 1053 πρόσοδος
496 991 641 1060 ἀμφὶ
690 995 789 1058 τάς
827 1001 1124 1068 τριάκοντα
1159 1007 1449 1074 μυριάδας.
1492 1010 1614 1062 Ἐπὶ
1647 1013 1773 1062 τού-

200 1092 316 1170 τοις
361 1079 416 1130 δὲ
467 1083 498 1151 η
551 1083 660 1136 τῶν
705 1087 928 1143 ἐνοίκων
959 1094 1219 1161 πρόσοδος
1251 1099 1460 1168 μεγάλη
1511 1102 1773 1170 τυγχάνει

200 1165 340 1224 οὖσα
370 1171 444 1238 τῷ
473 1171 684 1242 βασιλεῖ
711 1179 769 1230 ἐν
798 1181 957 1235 πέντε
989 1185 1082 1238 καὶ
1115 1186 1286 1239 εἴκοσι
1317 1165 1772 1259 pupt-datv.';A1rb

177 1260 261 1312 δὲ
296 1262 403 1314 τῶν
435 1262 528 1315 τοῦ
579 1264 845 1332 βασιλέως
877 1272 1097 1341 φορϐῶν
1129 1290 1190 1327 τε
1223 1277 1317 1328 καὶ
1361 1279 1650 1348 καμήλων,
1680 1282 1776 1334 καὶ

204 1354 467 1420 ἡμιόνων,
502 1357 790 1430 ἅπανταχῆ
840 1363 937 1432 τῆς
972 1364 1158 1434 χώρας
1207 1368 1622 1437 ἐπινεμομένων
1671 1374 1772 1426 αὑο

202 1447 340 1508 τοῖς,
373 1449 513 1499 είσὶν
554 1451 698 1520 ἀμφὶ
744 1453 839 1515 τὰς
885 1456 1047 1509 πέντε
1079 1459 1368 1528 μυριάδας.
1414 1462 1547 1514 Ἀπό
1576 1480 1635 1516 τε
1677 1466 1776 1533 τῆς

201 1537 318 1590 τῶν
364 1539 537 1593 ἄλλων
584 1545 882 1612 προσόδων,
919 1549 1132 1615 προσίοι
1187 1550 1253 1603 ἂν
1298 1552 1447 1622 αὑτῷ
1498 1557 1553 1617 ἐς
1602 1559 1775 1611 εἰκοσι

204 1633 498 1698 μυριάδας.
523 1637 628 1688 Καὶ
653 1637 759 1689 ἀπὸ
782 1623 889 1690 τῶν
916 1642 1221 1710 ἐμπορίων,
1251 1647 1344 1697 καὶ
1370 1647 1463 1699 τοῦ
1502 1650 1771 1717 πορθμοῦ,

201 1722 300 1772 καὶ
360 1723 656 1790 μετάλλων,
704 1729 797 1781 καὶ
844 1728 1071 1799 ὀρύζης,
1107 1737 1200 1787 καὶ
1254 1737 1480 1804 χαλκοῦ,
1509 1741 1601 1791 καὶ
1650 1759 1773 1794 στυ-

205 1814 478 1883 πτηριῶν,
508 1818 603 1868 καὶ
651 1823 1045 1889 πενταμοιρίας
1095 1825 1203 1876 τῶν
1255 1822 1628 1896 ἀνδραπόδων,
1682 1851 1777 1900 με·

201 1906 370 1973 γίστη
396 1907 461 1958 ἂν
509 1908 880 1976 λογιζομένοις
924 1914 1236 1982 εὑρίσκοιτο
1262 1920 1293 1987 ἡ
1322 1921 1604 1988 πρόσοδος.
1639 1923 1773 1976 Ἀπὸ

203 1998 392 2066 μέντοι
448 2001 545 2053 τοῦ
600 2002 847 2072 πορθμοῦ
899 2009 993 2059 καὶ
1049 2008 1158 2060 ἀπὸ
1213 2010 1392 2080 Φάρου
1427 2013 1473 2045 ³⁸
1501 2017 1556 2077 ὲς
1603 2017 1777 2069 εἴκοσι

203 2092 493 2158 μυριάδας
531 2095 767 2164 εὑρίσκω
818 2097 1354 2170 ἀναπυνθανόμενος.
1408 2106 1528 2158 Τῶν
1575 2108 1632 2160 δὲ
1681 2127 1776 2178 με-

197 2183 411 2236 ταλλων
460 2187 558 2238 οὐκ
614 2187 764 2258 ὀλίγη
829 2191 977 2260 αὑτῷ
1032 2194 1334 2262 ἐπιγίνεται
1395 2199 1684 2267 πρόσοδος,
1720 2203 1777 2264 ἐς

199 2276 340 2327 δέκα
373 2277 662 2346 μυριάδας.
704 2280 837 2333 Ἀπὸ
869 2281 924 2334 δὲ
957 2284 1162 2354 ὀρύζης
1194 2289 1288 2341 καὶ
1323 2291 1432 2342 τῶν
1464 2292 1640 2345 ἄλλων
1670 2297 1779 2346 τῶν

199 2370 262 2429 ἐς
301 2368 399 2428 τὰς
431 2369 602 2438 θύρας
647 2373 1001 2441 τεταγμένων
1044 2379 1326 2444 προσόδων
1357 2381 1452 2433 τοῦ
1484 2382 1775 2450 βασιλέως,

199 2461 269 2521 ἃς
298 2460 366 2528 δὴ
422 2461 598 2514 Χάσια
654 2463 933 2517 ποιοῦνται
991 2467 1040 2519 oi
1089 2468 1198 2519 τῶν
1248 2470 1451 2540 θυρῶν,
1489 2477 1546 2535 ἐς
1606 2476 1778 2526 εἴκοσι

205 2552 480 2621 μυριάδας
529 2553 897 2624 λογιζόμενος,
931 2559 1032 2610 οὑκ
1089 2560 1518 2631 ἁποτυγχάνοιμ’
1568 2563 1634 2616 ἂν
1685 2566 1778 2616 τοῦ

202 2644 444 2706 εἰκότος.
477 2645 656 2699 Χάσια
716 2649 822 2717 γάρ
879 2649 990 2712 ,ἀνὰ
1037 2651 1136 2719 τὴν
1188 2651 1380 2710 Ἀσίαν
1418 2673 1474 2708 τε
1530 2659 1619 2708 καὶ
1675 2658 1777 2711 Εὑ-

205 2738 405 2802 ρώπην
457 2736 607 2805 αὑτῷ
667 2739 742 2800 ὡς
799 2742 1031 2794 πλεῖστά
1068 2760 1126 2795 τε
1159 2749 1252 2797 καὶ
1303 2746 1524 2814 ἄριστα.
1558 2749 1780 2812 Τούτοις

200 2827 250 2875 δ’
283 2827 507 2879 ἔπεστιν
559 2829 711 2900 αὑτῷ
757 2834 784 2883 ὁ
834 2833 944 2886 τῶν
973 2835 1262 2904 ἡγεμόνων
1292 2854 1351 2890 τε
1393 2840 1485 2891 καὶ
1517 2839 1781 2908 βασιλέων

202 2920 395 2985 φόρος,
427 2920 539 2973 τῶν
597 2938 659 2973 τε
710 2925 1001 2992 ὁμοφύλων
1055 2930 1148 2981 καὶ
1217 2924 1534 2998 ἀλλοφύλων
1598 2932 1780 3000 σφίσιν

201 3013 596 3080 ἐπιγενόμενος
633 3016 690 3078 ἐς
723 3017 855 3069 δέκα
885 3020 1176 3087 μυριάδας.
1211 3022 1366 3074 Οὕτω
1399 3024 1454 3075 δὲ
1483 3025 1677 3090 γένοιτ’
1715 3024 1781 3077 ἂν

202 3106 238 3169 ἠ
277 3106 538 3172 πρόσοδος
588 3107 665 3176 τῷ
699 3108 927 3177 βασιλεῖ,
958 3113 1055 3179 ὅση
1109 3115 1477 3183 παραγίνεται
1524 3116 1673 3185 αὑτῷ
1725 3117 1778 3179 ἐς

1872 658 2031 707 quem
2073 645 2322 714 inquilini
2355 653 2602 716 solvunt,
2631 653 2723 722 qui
2766 654 3055 710 admodum
3087 674 3316 726 magnus
3351 669 3455 722 est,

1875 743 1929 789 et
1961 737 2153 804 viginti
2185 742 2430 811 quinque
2461 745 2734 815 myriades
2788 747 3192 815 complectitur.
3238 751 3322 804 Ab
3369 766 3459 802 ar—

1877 830 2075 882 mentis
2124 845 2416 899 equarum,
2459 836 2818 900 camelorum,
2883 845 2936 889 et
2986 837 3276 900 mulorum,
3336 855 3458 908 quae

1876 923 2016 988 regis
2041 932 2193 988 sunt,
2241 933 2293 978 et
2346 928 2588 996 undique
2651 943 2748 995 per
2803 929 3084 997 regionem
3131 941 3453 999 pascuntdr,

1875 1012 2083 1065 reditus
2112 1016 2343 1076 accedit,
2372 1016 2532 1085 cujus
2576 1032 2788 1071 summa
2837 1026 2920 1072 est
2944 1019 3167 1074 circiter
3219 1021 3459 1089 quinque

1879 1107 2173 1177 myriades.
2197 1111 2234 1161 Α
2259 1112 2486 1180 reliquis
2513 1121 2698 1166 autem
2719 1114 2987 1168 reditibus
3012 1117 3212 1184 accipit
3232 1118 3458 1169 circiter

1876 1200 2066 1266 viginti
2107 1203 2399 1270 myriades.
2438 1203 2578 1270 Quin
2611 1205 2778 1258 etiam
2809 1220 3080 1260 maxumus
3114 1208 3334 1261 reditus
3370 1223 3459 1260 vc-

1878 1290 1956 1343 nit
1992 1291 2058 1345 ab
2113 1294 2392 1360 emporiis,
2437 1297 2686 1364 trajectu,
2754 1297 3014 1361 metallis,
3078 1313 3264 1366 oryza,
3324 1313 3454 1360 mre,

1881 1381 2145 1444 alumine,
2167 1392 2221 1437 et
2245 1385 2434 1452 quinta
2457 1396 2608 1452 parte
2634 1389 3056 1457 mancipiorum.
3081 1388 3194 1443 Non
3221 1390 3452 1442 dubium

1879 1480 1962 1526 est
1994 1474 2124 1540 quin
2158 1477 2202 1529 is
2231 1476 2499 1532 maximus
2531 1478 2621 1539 sit,
2654 1481 2700 1532 si
2732 1481 2856 1547 quis
2885 1496 3007 1533 eum
3075 1481 3139 1534 ad
3204 1482 3454 1535 calculos

1882 1572 2122 1619 revocet.
2158 1564 2468 1634 Traiectum
2502 1577 2555 1622 et
2589 1569 2823 1623 Pharum
2856 1571 3079 1626 circiter
3114 1573 3302 1640 viginti
3333 1588 3453 1640 my-

1880 1653 2062 1707 riades
2093 1655 2444 1723 suppeditare
2505 1661 2764 1727 comperi.
2835 1659 3055 1717 Rcditus
3107 1661 3454 1715 metallorum

1879 1744 1968 1812 qui
2004 1760 2102 1821 nec
2126 1747 2238 1814 ipse
2275 1749 2520 1802 modicus
2544 1757 2646 1811 est,
2678 1750 2892 1819 attingit
2921 1753 3106 1806 decem
3159 1752 3452 1821 myriades.

1885 1834 1961 1887 Ab
1991 1817 2152 1904 oryza
2185 1845 2236 1889 et
2262 1837 2487 1906 reliquis
2542 1817 2912 1907 vectigalibus,
2939 1855 3058 1910 quae
3107 1841 3288 1911 januae
3318 1842 3462 1895 mili-

1881 1936 1961 1981 tes
1998 1927 2242 2000 exigunt,
2273 1939 2323 1981 et
2353 1928 2405 1983 in
2441 1929 2638 1984 Cliasia
2665 1941 2978 1995 secernunt,
3028 1934 3234 1988 reditus
3297 1937 3454 1990 colli—

1881 2017 2046 2086 gitur,
2071 2018 2115 2070 si
2151 2017 2274 2086 quis
2307 2019 2576 2074 rationem
2623 2021 2795 2086 ineat,
2821 2024 2912 2093 qui
2947 2033 3092 2077 tenet
3115 2026 3307 2094 viginti
3341 2041 3456 2096 my-

1881 2109 2059 2163 riades
2096 2127 2110 2162 :
2144 2111 2376 2180 plurima
2410 2112 2552 2165 enim
2581 2112 2779 2168 Cbasia
2811 2123 2863 2168 ct
2889 2114 3091 2182 Optima
3151 2131 3246 2184 per
3288 2115 3456 2170 Euro-

1882 2214 2001 2265 pam
2023 2212 2075 2254 et
2097 2202 2279 2255 Asiam
2312 2201 2602 2258 habentur.
2633 2203 2749 2257 lluc
2777 2206 3271 2260 aceedittributum
3306 2210 3459 2276 prin—-

1882 2293 2062 2360 cipum
2085 2303 2136 2347 et
2158 2310 2367 2364 regum,
2405 2296 2551 2364 quod
2580 2298 2820 2364 pendunt
2843 2306 2952 2350 tam
2987 2299 3257 2365 indigenae
3284 2314 3451 2367 quam

1882 2386 2235 2456 aleinigenm;
2267 2387 2317 2440 id
2341 2387 2502 2442 habet
2523 2392 2742 2443 circiter
2765 2390 3266 2462 decemzmyriades.
3294 2393 3458 2447 Sum-

1883 2492 1966 2528 ma
2004 2478 2184 2545 itaque
2228 2479 2610 2533 universorum
2643 2481 2937 2545 redituum,
2965 2497 3108 2550 quos
3133 2486 3298 2537 modo
3334 2498 3450 2537 me-

1884 2571 2233 2634 moravimus,
2265 2580 2320 2626 et
2345 2571 2410 2625 ad
2444 2587 2622 2641 regem
2655 2580 2707 2626 et
2734 2572 3003 2638 adjanua:
3060 2573 3274 2627 milites.
3312 2573 3456 2627 refe-

1883 2672 2100 2725 runtur,
2131 2673 2183 2716 et
2207 2662 2271 2717 ad
2303 2663 2712 2732 ejus.Cliasnam
2752 2665 2864 2734 ‘64)
2900 2665 2980 2719 sic
3044 2665 3273 2731 dictam,
3306 2680 3456 2720 com-

1883 2755 2134 2822 plectitur
2151 2756 2374 2809 circiter
2395 2755 2835 2826 quadringentas
2864 2757 3134 2827 myriades
3164 2772 3454 2811 aureorum

1885 2855 2169 2901 staterum.
2202 2846 2521 2915 Estpraater
2566 2858 2850 2901 enarratos
2905 2847 3113 2902 reditus
3165 2857 3220 2902 ct
3287 2847 3450 2915 alius,

1884 2953 2045 3004 quem
2078 2936 2257 2990 ferunt
2289 2946 2533 3006 tempore
2589 2938 2776 2990 veris:
2817 2939 3034 3005 quando
3081 2938 3132 2990 in
3204 2938 3452 2992 militiam

1885 3031 2254 3100 proficiscitur
2282 3044 2397 3090 rex,
2433 3029 2712 3096 prmsides,
2746 3029 2937 3092 duces,
2973 3029 3235 3098 praefecti,
3258 3030 3458 3083 solem-

1887 3123 1974 3177 nia
2001 3138 2222 3175 muucra
2262 3136 2358 3189 pro
2391 3122 2730 3191 singularum
2771 3122 3093 3175 facultatum
3131 3123 3290 3175 modo
3322 3120 3456 3174 alle-

200 3198 305 3256 τὰς
368 3197 556 3264 θύρας,
605 3202 698 3251 καὶ
751 3203 807 3262 ἐς
869 3202 960 3254 τὸν
1021 3205 1244 3257 Χασνὰν
1297 3207 1638 3276 καλούμενον
1692 3209 1779 3260 τοῦ

1890 3221 2078 3268 rentes
2104 3231 2116 3277 ;
2143 3214 2188 3265 is
2220 3213 2426 3265 reditus
2456 3213 2786 3280 expeditioni
2823 3212 3074 3265 inservit.
3105 3213 3212 3269 Nec
3264 3224 3454 3270 tamen

203 3289 499 3356 βασιλέως,
541 3293 683 3358 ἀμφὶ
718 3296 815 3355 τὰς
864 3298 1223 3364 τετρακοσίας
1259 3299 1526 3368 μυριάδας
1561 3301 1780 3369 χρυσίου

201 3384 520 3450 στατήρων.
554 3385 707 3437 Ἔστι
757 3387 812 3438 δὲ
868 3391 1020 3458 παρὰ
1078 3388 1281 3452 ταύτας
1335 3391 1597 3461 πρόσοδος
1649 3393 1782 3464 ἄλλη

202 3471 480 3539 βασιλέως
526 3474 635 3525 ἀπὸ
679 3477 788 3528 τῶν
841 3476 1329 3549 ἀρχόντων,ἒαρος
1382 3483 1782 3551 ἐπιγινομένου,

202 3563 435 3614 ἐπειδάν
489 3564 753 3636 ἐξελαύνῃ
805 3567 1059 3636 βασιλεὺς
1104 3571 1520 3640 στρατηλατῶν,
1567 3573 1671 3626 ὑπό
1728 3591 1783 3626 τε

200 3654 319 3706 τῶν
370 3656 629 3722 ὑπάρχων
683 3674 740 3708 τε
798 3660 892 3710 καὶ
948 3661 1296 3729 στρατηγῶν,
1333 3664 1427 3714 καὶ
1478 3665 1782 3732 ἡγεμόνων,

200 3748 303 3800 καὶ
341 3747 622 3815 ἀρχόντων
651 3749 800 3820 δῶρα
842 3751 1201 3820 νομιζόμενα,
1232 3755 1373 3808 κατὰ
1417 3755 1518 3825 τὴν
1549 3757 1781 3811 ἑκάστου

203 3840 481 3909 πρόσοδον
507 3840 585 3909 τῷ
617 3841 831 3911 βασιλεῖ
855 3844 910 3905 ἐς
938 3846 1037 3913 τὴν
1067 3846 1337 3910 ἐξέλασιν.
1377 3849 1486 3901 Καὶ
1516 3850 1631 3904 ἐστι
1661 3853 1784 3918 μὲν-

199 3950 290 3983 τοι
326 3930 554 4001 τοιαύτη
611 3934 873 4002 πρόσοδος
922 3936 983 3986 οὑ
1032 3939 1367 4006 τεταγμένη,
1405 3939 1542 3993 ἀλλὰ
1594 3959 1785 4012 στοχα-

202 4024 461 4091 ζομένοις
499 4026 556 4084 ἐς
597 4026 770 4078 εἰκοσι
826 4028 1094 4096 μυριάδας
1132 4030 1327 4095 γένοιτ’
1372 4030 1438 4084 ἂν
1480 4033 1627 4101 αὐτῴ
1657 4035 1788 4104 χρή-

204 4134 387 4184 ματα.
423 4117 608 4168 Ταῦτα
668 4120 854 4186 μέντοι
904 4123 961 4182 ὲς
1011 4122 1104 4174 τὸν
1133 4123 1352 4177 Χασνὰν
1405 4126 1472 4178 τὰ
1524 4125 1784 4195 βασιλέως

201 4209 472 4276 χρήματα
523 4210 910 4276 παραγίνεται,
943 4213 1039 4279 ἀφ’
1085 4209 1160 4266 ῶν
1209 4215 1497 4283 μισθοῦται
1553 4221 1676 4282 τούς
1725 4237 1786 4273 τε

201 4299 498 4365 νεήλυδας,
538 4302 628 4352 καὶ
660 4301 784 4372 τοὺς
815 4302 921 4353 τῶν
952 4303 1137 4370 θυρῶν
1168 4307 1502 4375 Καρίπιδας,
1531 4310 1785 4365 Σιλικτά-

205 4392 393 4459 ριδας,
421 4391 842 4460 ’Δλλοφατζίδας
871 4413 926 4447 τε
953 4400 1046 4447 καὶ
1072 4397 1348 4464 Σπαχίδας
1384 4403 1783 4469 καλουμένους,

203 4479 307 4534 καὶ
346 4483 403 4542 ἐς
432 4482 556 4542 τοὺς
587 4484 829 4545 λοιποὺς,
867 4486 982 4536 ὅσοι
1012 4486 1120 4537 τῶν
1156 4487 1338 4555 θυρῶν
1369 4488 1541 4554 ὄντες,
1580 4508 1783 4560 τριμη·

1893 3303 1981 3357 hic
2014 3303 2217 3358 reditus
2242 3305 2294 3356 in
2320 3314 2528 3357 certum
2565 3319 2849 3357 munerum
2878 3304 3146 3373 redigitur
3184 3324 3198 3358 :
3264 3322 3455 3360 verum

1893 3395 1938 3449 si
1971 3396 2093 3463 quis
2129 3410 2240 3449 rem
2267 3395 2459 3449 sedqu
2483 3397 2740 3457 excutiat,
2779 3395 3014 3448 inveniet
3039 3399 3200 3450 istum
3227 3399 3457 3452 reditum

1893 3487 2173 3539 continere
2209 3486 2429 3539 circiter
2458 3486 2647 3554 viginti
2686 3485 2983 3554 myriades.
3020 3486 3108 3539 ll.e
3128 3487 3349 3555 quidem
3379 3504 3461 3540 re-

1893 3578 1975 3646 gis
2000 3578 2243 3646 pecuniac
2273 3584 2689 3645 comportantur
2727 3576 2791 3629 ad
2824 3575 3120 3640 Clzasnam,
3156 3592 3223 3632 ex
3258 3579 3460 3646 quibus

1894 3671 2089 3726 deinde
2123 3668 2451 3738 stipendium
2507 3669 2780 3736 accipiunt
2835 3668 3108 3736 peregrini
3163 3676 3216 3720 et
3277 3670 3461 3735 ianuae

1894 3764 2118 3828 milites,
2150 3762 2452 3832 Caripides,
2478 3762 2850 3823 Silictarides,
2873 3761 3303 3830 Allopltatzides,
3328 3761 3463 3830 Spa-

1895 3853 2104 3918 chides,
2137 3863 2191 3907 et
2225 3853 2422 3921 reliqui
2462 3852 2551 3922 qui
2589 3853 2654 3904 ad
2688 3853 2887 3920 januas
2926 3852 3220 3919 pertinent,
3275 3862 3328 3905 et
3365 3854 3464 3905 tri-

1894 3956 2095 3999 mestre
2126 3945 2457 4013 stipendium
2500 3944 2797 4011 accipiunt.
2831 3942 3094 4011 Superest
3116 3953 3169 3996 et
3203 3943 3346 3997 alius
3375 3958 3463 3996 re-

1895 4036 2060 4099 ditus,
2101 4050 2258 4103 quem
2315 4034 2646 4087 uberrimum
2705 4035 2928 4102 capiunt
2993 4048 3088 4102 per
3137 4028 3483 4088 universum'

1897 4143 2120 4195 regnum
2156 4125 2449 4193 principes,
2484 4134 2536 4179 ct
2575 4125 2764 4188 duces,
2791 4136 2844 4180 et
2868 4125 2920 4179 hi
2949 4128 3037 4196 qui
3073 4124 3337 4178 Timaruti
3362 4141 3460 4179 vo-

1895 4229 2108 4274 cantur.
2145 4217 2304 4288 235
2347 4220 2394 4272 Is
2428 4218 2565 4270 redit
2602 4233 2665 4270 ex
2695 4218 2916 4286 regione
2942 4221 3107 4288 regis,
3140 4234 3239 4272 uec
3294 4217 3458 4271 facile

1896 4323 1922 4360 a
1957 4309 2149 4374 quovis
2182 4310 2284 4374 (sic
2308 4307 2449 4358 enim
2482 4307 2876 4374 act-epi)quam
2938 4322 2966 4360 a
3021 4309 3184 4374 regiis
3262 4309 3462 4361 scribis

1897 4402 2196 4468 computari
2223 4407 2415 4467 potest.
2445 4398 2665 4450 Susuma
2693 4411 2871 4450 autem
2910 4400 3179 4452 rediuan
3216 4414 3353 4465 quos
3380 4403 3461 4453 vi-

1895 4492 1936 4542 ri
1976 4490 2277 4558 accipiunt,
2320 4487 2519 4556 quibus
2559 4502 2764 4540 merces
2805 4487 3060 4542 ordinata
3088 4497 3170 4543 est
3214 4490 3282 4542 ab
3323 4491 3462 4553 regis

203 4577 363 4626 ναίον
407 4560 749 4640 ’λαμϐάνουσι
786 4571 874 4626 τδν
916 4577 1125 4644 μισθόν.
1168 4580 1330 4631 ’Λνευ
1373 4581 1428 4631 δὲ
1458 4584 1662 4651 ταύτης
1694 4583 1779 4634 τοῦ

1897 4583 2139 4651 regione,
2171 4581 2408 4632 excurrit
2448 4595 2616 4647 usque
2643 4578 2707 4630 ad
2758 4578 3123 4644 uouingeulas
3190 4581 3463 4649 myriades

205 4663 481 4732 βασιλέως
517 4665 782 4733 προσόδου
834 4668 882 4719 οἱ
931 4667 1032 4719 ἀνὰ
1083 4668 1182 4734 τὴν
1224 4671 1396 4740 ἀρχὴν
1444 4670 1677 4742 ὕπαρχοί
1727 4660 1791 4728 τέ

202 4756 308 4808 καὶ
338 4755 597 4824 ἄρχοντες
632 4757 724 4809 καὶ
764 4761 1082 4827 στρατηγοὶ,
1122 4761 1216 4813 καὶ
1258 4761 1558 4832 Τιμαρᾶτοι
1592 4765 1787 4818 καλού-

207 4864 397 4915 μενοι,
436 4850 698 4918 μεγίστην
730 4851 1071 4920 ἀποφέρουσι
1118 4851 1217 4922 τὴν
1252 4854 1513 4921 πρόσοδον
1549 4857 1656 4907 ἀπὸ
1688 4858 1784 4926 τῆς

207 4939 486 5008 βασιλέως
525 4939 730 5010 χώρας.
761 4943 869 4994 Καὶ
917 4943 1228 5007 λογίζεσθαι
1265 4947 1365 5014 μὲν
1403 4948 1463 4998 οὗ
1515 4950 1652 5000 πάνυ
1691 4952 1786 5021 {3d-

205 5030 330 5083 διον
395 5030 534 5101 πλὴν
567 5035 672 5085 τῶν
705 5033 797 5085 τοῦ
829 5034 1089 5100 βασιλέως
1125 5040 1584 5106 γραμματιστῶν.
1617 5033 1692 5113 ᾜ
1729 5045 1794 5114 δὴ

205 5120 520 5187 ἐπυθόμην,
556 5123 761 5188 γένοιτο
790 5125 833 5175 δ’
872 5124 938 5176 ἂν
969 5127 1230 5193 σύμπασα
1284 5130 1421 5202 αὕτη
1455 5133 1487 5200 ἠ
1519 5133 1779 5202 πρόσοδος

1895 4677 2037 4729 auri.
2074 4673 2172 4727 llic
2201 4672 2407 4724 reditus
2439 4671 2482 4724 si
2510 4670 2736 4723 addatur
2768 4670 2842 4722 iiIi
2871 4671 2965 4737 qui
3025 4670 3089 4724 ad
3113 4670 3290 4739 ianua:
3324 4673 3465 4724 mili-

1894 4780 1975 4823 tes
2007 4766 2271 4826 defertur,
2302 4763 2673 4816 universorum
2735 4762 3005 4814 redituum
3030 4764 3122 4832 qui
3187 4764 3251 4817 ad
3283 4763 3464 4831 jauuze

1899 4861 2101 4914 milites
2129 4864 2184 4910 et
2213 4855 2275 4907 ad
2314 4854 2589 4922 principes
2629 4852 2873 4907 redeunt.
2935 4868 3146 4908 stunma
3197 4858 3466 4910 excrescit

1894 4967 2065 5020 usque
2092 4948 2157 5001 ad
2192 4946 2460 5016 myriailcs
2493 4945 2639 4997 mille
2689 4952 2741 4996 et
2767 4938 3208 5013 quadringéntas
3270 4962 3464 5000 aureo-

1897 5057 2012 5095 rum
2047 5047 2310 5093 staterum
2349 5035 2701 5088 Venetorum.
2737 5034 2948 5086 Tantus
3007 5033 3226 5103 quidem
3255 5033 3465 5088 reditus

1893 5133 1958 5186 ad
1991 5146 2167 5200 regem
2199 5137 2251 5182 et
2286 5128 2534 5181 subditos
2556 5127 2674 5194 ejus
2711 5125 3033 5180 refunditur.

201 5209 324 5261 τῶν
349 5212 580 5279 ἀνδρῶν,
607 5215 947 5292 ὃσοικμισθδν
997 5218 1363 5287 λαμϐάνουσιν
1436 5224 1544 5276 ἀπὸ
1571 5225 1670 5293 τῆς
1701 5226 1795 5278 τοῦ
1825 5225 2087 5296 βασιλέως
2121 5220 2327 5290 χώρας,
2376 5221 2433 5281 ἐς
2489 5217 2807 5278 “NV-0351;
2885 5217 3149 5286 μυριάδας
3216 5219 3464 5286 Χρυσίου·

220 5306 526 5374 Ἐνουμένη
565 5308 620 5360 δὲ
644 5307 783 5377 αὕτη
815 5312 846 5378 ἡ
876 5313 1137 5379 πρόσοδος
1171 5318 1235 5383 τῇ
1278 5320 1534 5386 προτέρᾳ,
1562 5319 1680 5388 ἥτις
1710 5320 1766 5384 ἐς
1790 5322 1888 5383 τὰς
1928 5318 2185 5389 βασιλέως
2233 5316 2588 5384 παραγίνεται
2641 5311 2832 5381 θύρας,
2874 5313 3070 5379 γένοιτ’
3099 5313 3162 5365 ἂν
3203 5312 3466 5381 σύμπασα

206 5398 244 5464 ἠ
276 5396 375 5465 τῆς
416 5397 677 5464 βασιλέως
747 5401 926 5469 χώρας
976 5404 1254 5472 πρόσοδος,
1317 5408 1414 5478 ὅση
1483 5410 1540 5470 ἐς
1623 5411 1746 5472 τοὺς
1787 5412 2049 5480 ἄρχοντας
2079 5406 2244 5461 αὑτοῦ
2293 5407 2624 5473 ἀφικνεῖται,
2658 5406 2749 5456 καὶ
2799 5405 2896 5474 ὅση
2940 5407 2992 5466 ἐς
3032 5406 3132 5468 τὰς
3187 5406 3377 5478 θύρας,
3410 5411 3465 5476 ἐς

208 5491 402 5559 χιλίας
444 5508 502 5544 τε
551 5493 642 5543 καὶ
709 5497 1066 5561 τετρακοσίας
1109 5497 1372 5565 μυριάδας
1425 5501 1646 5568 χρυσίου
1701 5504 1975 5572 στατῆρας
2039 5501 2144 5553 τῶν
2176 5498 2479 5553 Οὐενεῖῶν.
2515 5498 2659 5567 Λὺτη
2696 5500 2791 5566 μὲν
2828 5498 3109 5570 πρόσοδος,
3139 5501 3236 5554 ὅσα
3290 5520 3350 5570 γε
3408 5507 3466 5560 ἐς

213 5583 371 5654 ἡμᾶς·
411 5581 629 5644 ειδέναι,
703 5585 1065 5651 παραγίνεται
1119 5587 1195 5655 τῷ
1256 5587 1486 5656 βασιλεῖ,
1543 5595 1637 5647 καὶ
1683 5598 1795 5658 τοῖς
1835 5597 2097 5665 ὑπηκόοις
2124 5595 2311 5648 αὑτοῦ.

1500 5688 1742 5749 Notulm
1779 5688 2177 5767 marginales.

295 5800 410 5862 (οι)
443 5797 672 5858 Chusun,
699 5799 811 5852 sive
830 5800 1041 5867 Clmsiu,
1073 5821 1194 5859 nam
1228 5809 1278 5859 in
1315 5808 1502 5864 Graeco
1535 5813 1724 5867 variat.

300 5918 345 5947 ιδ
396 5913 572 5966 δίδου,
609 5911 672 5966 1η
698 5925 913 5985 ulicquc
950 5919 1080 5973 Coa.
