4180 6434
177 415 280 478 43Ὶ

1244 418 1340 478 DE
1380 419 1633 479 REBUS
1672 418 2028 479 TURClClS
2069 422 2217 484 LIB.
2257 424 2360 481 ιχ.

3303 421 3406 486 438

177 540 265 586 καὶ
297 535 664 603 Εὐρώπης,τὸ
691 539 798 590 ἀπὸ
829 539 1126 602 Θετταλίας
1164 555 1220 591 τε
1251 540 1342 591 καὶ
1380 539 1745 602 Μακεδονίας,

1865 547 1905 592 :t
1963 538 2032 591 ab
2093 540 2282 593 hostili
2363 538 2691 593 incursione
2752 538 3090 593 delendi-ret.
3151 536 3247 589 llic
3303 540 3423 607 qui-

177 629 270 679 καὶ
298 628 436 695 ἔχων
467 634 558 679 καὶ
587 630 682 691 τὰς
715 629 906 698 θύρας,
939 631 1296 701 ἐστρατεύετο
1339 633 1430 684 ἐπὶ
1472 631 1749 684 Πελοπόν-

176 737 363 788 νησον.
415 719 500 780 Ὧς
555 721 612 772 δὲ
668 723 937 786 εἰσέϐαλε,
1007 727 1101 778 καὶ
1167 726 1315 788 ἐντὸς
1377 725 1470 777 τοῦ
1536 723 1750 790 Ἰσθμοῦ

179 811 420 877 ἐγένετο,
451 813 772 866 ἀπελαύνων
797 817 1020 879 αὐτίκα,
1056 817 1154 883 τὴν
1199 817 1466 886 Κόρινθον
1500 817 1748 885 ἐπολιόρ-

177 920 287 954 κει.
323 902 556 971 Περιιὼν
585 906 643 957 δὲ
674 907 991 973 ἐπεσκόπει,
1019 908 1093 970 ὡς
1148 909 1214 961 ἂν
1259 909 1320 961 τὸ
1366 911 1545 978 τεῖχος
1591 888 1753 961 καθε-

175 991 285 1044 λὼν
313 995 645 1063 τηλεϐόλοις,
676 1000 989 1052 ἐσπεσείται
1038 1001 1096 1062 ἐς
1146 1002 1244 1067 τὴν
1296 1001 1452 1052 πόλιν
1510 1002 1627 1069 ἅμα
1673 999 1752 1068 τῷ

179 1088 418 1155 στρατῷ.
451 1090 559 1141 Καὶ
587 1090 912 1158 τηλεϐόλους
941 1092 1041 1157 μὲν
1071 1092 1236 1145 αὐτοῦ
1273 1093 1546 1145 ποιεῖσθαι
1582 1092 1746 1145 κατέ·

181 1180 326 1241 λιπε,
368 1181 462 1233 καὶ
501 1183 593 1234 τὸν
631 1184 804 1252 Ἐῷον
867 1186 1100 1254 στρατὸν
1153 1188 1597 1255 περικαθήμενον
1654 1187 1753 1256 τὴν

180 1277 338 1329 πόλιν
366 1278 676 1347 πολιορκεῖν
699 1297 712 1309 °
749 1282 924 1334 ἐδόκει
953 1283 1061 1350 γὰρ
1097 1283 1246 1353 αὐτῷ
1277 1284 1401 1344 τοὺς
1427 1281 1754 1351 τηλεϐόλους

180 1370 329 1438 αὺτῷ
358 1371 590 1425 ἐνταῦθα
636 1374 931 1439 ποιεῖσθαι,
959 1377 1049 1427 καὶ
1092 1375 1190 1445 τὴν
1219 1376 1378 1426 πόλιν
1427 1377 1545 1443 ἃμα
1587 1377 1756 1428 ἐκπο-

178 1462 635 1530 λιορκηθήσεσθαι
677 1467 858 1535 λιμῷο
910 1470 1073 1532 αὐτος
1129 1469 1184 1521 δὲ
1235 1468 1387 1528 ἐντὸς
1435 1471 1531 1536 τῆς
1586 1470 1751 1520 Πελο-

179 1555 446 1621 ποννήσου
485 1558 796 1628 γενόμενος,
833 1560 919 1610 διὰ
963 1561 1250 1619 Φλιοῦντος
1308 1561 1626 1628 ἐπορεύετο.
1665 1561 1754 1620 'E;

176 1646 234 1696 δὲ
291 1647 388 1714 τὴν
451 1649 713 1714 Κόρινθον
767 1653 814 1702 οἰ
851 1652 1113 1721 Ἕλληνες
1169 1651 1294 1705 οῦτε
1358 1653 1756 1721 ἐσεκομίσαντο

176 1737 268 1788 τὸν
299 1741 462 1802 σῖτον,
490 1741 572 1792 ὅτι
612 1742 685 1810 μὴ
733 1743 933 1811 ὀλίγον,
971 1745 1255 1816 Λουκάνης
1310 1747 1417 1815 γὰρ
1474 1741 1542 1816 ἦν
1588 1747 1757 1815 appo-

1855 629 2005 691 (lem,
2071 629 2535 699 quemadmodum
2595 631 2856 692 iudicavi.
2903 633 3002 684 huc
3059 629 3259 696 negotii
3320 631 3421 684 sibi

1855 719 2178 790 desumpsit.
2252 721 2391 785 Rex,
2443 733 2668 790 accepto
2693 721 2896 775 Asiane
2935 733 2986 774 et
3004 721 3241 776 Orientis
3271 736 3426 774 exer-

1855 817 1990 874 citu,
2065 829 2279 867 necnon
2362 815 2647 881 Europam,
2701 829 2859 881 quem
2910 813 2980 866 ab
3035 812 3321 868 Thessalia
3371 823 3425 868 et

1857 906 2170 960 Macedonia
2229 906 2656 974 conscripserat,
2734 919 2785 958 et
2841 905 3128 972 iannarum
3205 907 3422 969 robore,

1855 1009 2042 1052 centra
2079 998 2524 1067 PeIOpounesum
2579 998 2855 1064 profectus
2890 1007 2994 1050 est.
3052 997 3121 1052 Ut
3149 998 3199 1048 in
3268 996 3412 1048 Pelo-

1859 1106 2159 1159 pemuesutn
2217 1099 2270 1144 et
2312 1090 2457 1142 intra
2514 1088 2783 1143 Isthmum
2830 1091 3104 1160 pervenit,
3157 1090 3425 1142 continuo

1856 1181 2140 1236 obsidione
2241 1181 2604 1234 circumdedit
2683 1180 3024 1234 Corinthum.
3086 1172 3427 1232 Cireumieus

1859 1283 2041 1328 autem
2099 1276 2400 1343 Spectabat,
2463 1289 2568 1340 qua
2621 1282 2775 1342 parte
2835 1288 3052 1326 tnurum
3113 1271 3429 1326 bombardis

1861 1375 2143 1432 prorueret
2176 1383 2187 1418 :
2227 1373 2284 1418 ut
2318 1381 2383 1417 eo
2444 1363 2700 1431 di~jectu,
2735 1363 2898 1418 simul
2933 1374 3066 1430 geum
3103 1364 3215 1417 Stzis
3247 1364 3300 1415 in
3334 1379 3429 1415 ur-

1862 1457 1984 1510 bem
2023 1457 2352 1524 irrumperet
2397 1473 2492 1524 per
2563 1458 2679 1511 loca
2712 1457 2888 1510 ruinis
2927 1457 3188 1525 patentia.
3226 1455 3431 1525 thui-

1859 1550 1980 1602 dem
2015 1567 2080 1604 eo
2131 1550 2238 1603 loci
2279 1549 2608 1603 bombardas
2673 1547 2903 1602 fundere
2965 1549 3172 1602 omisit.
3232 1548 3427 1601 Verum

1860 1643 2047 1710 jussit,
2110 1654 2166 1696 ut
2218 1643 2499 1698 exercitus
2532 1641 2830 1696 Orientalis
2895 1643 3044 1696 omni
3079 1659 3104 1695 a
3146 1651 3300 1710 parte
3344 1656 3435 1693 ur-

1863 1737 1982 1788 bem
2041 1737 2493 1800 circumsederet,
2559 1751 2791 1805 eamque
2827 1735 3044 1789 tandem
3078 1734 3218 1787 fame
3256 1749 3433 1802 expu-

177 1830 310 1897 στῆς
349 1833 376 1882 ὁ
428 1833 876 1902 Λακεδαιμόνιος,
916 1836 1154 1899 ἀπόντος
1185 1838 1280 1890 τυῦ
1329 1839 1593 1902 Ἀσάνεω,
1630 1836 1754 1889 οὔτε

1865 1836 2076 1894 gnaret.
2131 1825 2266 1880 Nam
2301 1827 2435 1881 urbe
2487 1842 2548 1880 ea
2591 1836 2858 1894 occupata
2911 1827 3168 1895 sperabat
3213 1839 3272 1878 se
3320 1837 3436 1876 ma-

179 1916 236 1968 ἐς
266 1916 369 1985 τὴν
421 1919 668 1989 φυλακὴν
702 1922 798 1990 τῆς
835 1925 1042 1987 πόλεως
1071 1925 1308 1978 διέθεντο
1362 1927 1582 1993 ἱκανῶς,
1614 1927 1754 1980 ὥστε

176 2006 427 2076 ἀντέχειν
460 2013 551 2063 ἐπὶ
585 2014 776 2081 χρόνον
818 2015 896 2084 τῷ
947 2017 1215 2085 βασιλέως
1255 2019 1491 2088 στρατῷ.
1525 2019 1756 2090 Ἀσέινης

180 2101 278 2168 μὲν
301 2098 396 2154 οῦν
423 2103 484 2156 οὖ
515 2106 695 2175 πολλῷ
723 2107 975 2178 ὕστερον,
1003 2111 1078 2171 ὠς
1113 2111 1444 2166 ἐπυνθάνετο
1475 2113 1573 2182 τὴν
1601 2115 1755 2166 πόλιν

178 2196 588 2264 πολιορκεῖσθαι
620 2203 726 2255 an»
778 2207 874 2257 τοῦ
916 2206 1172 2260 Ἀσιανοῦ
1204 2211 1593 2278 στρατοπέδου,
1617 2210 1756 2279 ἔχων

177 2291 305 2356 περὶ
347 2293 508 2343 αὑτὸν
545 2295 748 2363 ἄνδρας
800 2298 1042 2366 ἱκανοὺς,
1093 2299 1416 2369 ὁρμώμενος
1467 2303 1574 2354 ἀπο
1607 2303 1757 2354 Ναυ-

177 2382 340 2431 πλέον
381 2384 427 2414 ⁸⁷
460 2386 559 2455 τῆς
608 2388 886 2444 Οὐενετῶν
943 2392 1172 2454 πόλεως,
1209 2395 1300 2446 καὶ
1346 2395 1433 2447 διὰ
1475 2395 1757 2465 Θαλάσσης

176 2473 271 2523 ἐπὶ
303 2473 394 2525 τὸν
421 2477 718 2546 Κεγχρεῶν
751 2480 945 2550 λιμένα
975 2483 1312 2552 ἀφικόμενος
1335 2487 1551 2551 νυκτδς,
1579 2487 1756 2540 λαθὼν

176 2566 271 2617 τὶν
327 2569 563 2635 στρατὸν
611 2571 705 2622 τοῦ
742 2571 1033 2640 βασιλέως,
1069 2576 1295 2646 ἐσῆλθεν
1345 2580 1400 2640 ἐς
1446 2578 1546 2649 τὴν
1605 2579 1760 2631 πόλιν

178 2658 347 2722 αὑτός
379 2677 437 2712 τε
465 2664 556 2714 καί
586 2664 635 2714 οἰ
667 2665 804 2732 ἀμφ’
833 2665 1014 2730 αὐτὸν,
1049 2668 1145 2721 καί
1196 2687 1317 2722 τινα
1352 2669 1564 2739 βραχὺν
1615 2673 1759 2723 σῖτον

179 2751 621 2818 εἰσεκομίσαντο.
671 2753 941 2820 Βασιλεὺς
989 2759 1086 2826 μὲν
1119 2756 1210 2812 οῦν
1245 2763 1302 2824 ἐς
1327 2761 1593 2814 Φλιοῦντα
1632 2764 1760 2829 ἀφι-

176 2841 436 2908 κόμενος,
454 2844 668 2912 Ταρσόν
695 2864 753 2898 τε
787 2851 886 2916 τὴν
914 2850 1175 2919 πολίχνην
1206 2853 1539 2922 ἐπολιόρκει.
1571 2852 1757 2921 Λοξίης

177 2933 236 2985 δὲ
287 2936 316 2986 ὀ
362 2937 462 3003 τῆς
509 2937 796 3000 Φλιοῦντος
834 2941 946 2992 τῶν
981 2941 1254 2995 Ἀλϐανῶν
1297 2944 1603 3012 προεστὼς,
1636 2944 1759 3005 τούς

176 3041 238 3076 τε
294 3027 391 3078 ὑπ’
427 3028 572 3098 αὑτῷ
623 3029 802 3096 ὄντας,
833 3035 928 3085 καὶ
965 3037 1090 3096 τοὺς
1120 3036 1217 3102 τῆς
1245 3035 1532 3098 Φλιοῦντος
1559 3035 1760 3104 ἄνδρας

175 3121 637 3190 εἰσενεγκάμενος
679 3124 735 3187 ἔς
779 3142 834 3177 τι
888 3129 1121 3195 ἐρυμνὸν
1157 3129 1214 3188 ἐς
1260 3129 1328 3181 τὰ
1386 3128 1621 3196 μάλιστα
1650 3146 1758 3198 χω-

1861 1922 2066 1972 ximum
2131 1920 2449 1973 bellicarum
2511 1919 2892 1972 machinarum
2967 1933 3064 1971 seu
3105 1917 3436 1970 bombarda-

1861 2027 1979 2063 rum
2037 2020 2358 2080 apparatum
2424 2009 2860 2079 acquisiturunt.
2929 2007 3048 2078 Ipse
3107 2023 3228 2062 cum
3285 2008 3431 2062 intra

1857 2105 2296 2174 Peloponnesum
2356 2110 2710 2165 accessrsset,
2781 2111 2928 2156 recta
2961 2117 3056 2170 per
3113 2099 3431 2154 Phliuntem

1860 2200 1962 2252 iter
2017 2197 2276 2252 faciebat.
2331 2195 2510 2250 Grazci
2573 2204 2754 2249 autem
2805 2209 2872 2248 ne
2911 2195 2990 2247 vel
3024 2192 3293 2247 tantillum
3322 2190 3437 2246 fru-

1860 2292 2026 2345 menti
2079 2290 2399 2345 Corinthum
2467 2295 2880 2356 congesserant.
2932 2285 3068 2339 Nam
3147 2285 3430 2346 Lucanes,

1861 2382 2146 2451 praefectus
2209 2381 2535 2451 Spartanus,
2622 2382 2847 2434 absente
2926 2381 3105 2434 Asane
3175 2393 3294 2431 eam
3355 2393 3436 2429 re-

1860 2477 2039 2544 gebat.
2107 2475 2368 2529 Przetezea
2433 2490 2533 2526 nec
2587 2475 2776 2524 urbem
2835 2473 2970 2526 satis
3033 2471 3308 2541 pr.esidiis
3368 2480 3421 2524 et

1861 2568 2289 2636 propugnaculis
2357 2567 2692 2629 munierant,
2731 2575 2789 2618 ut
2842 2567 2923 2618 vel
2985 2564 3137 2618 brevi
3193 2571 3439 2630 tempore

1862 2662 2119 2714 resistere
2165 2667 2386 2727 possent
2417 2662 2567 2726 regio
2615 2659 2912 2712 exercitui.
2985 2659 3196 2711 Asanes
3219 2653 3436 2723 quidem

1864 2756 2008 2809 haud
2047 2757 2221 2809 multo
2277 2765 2544 2823 postcum
2585 2754 2890 2824 accepisset
2944 2754 3129 2806 urbem
3155 2750 3440 2806 obsidione

1863 2847 2033 2916 premi
2076 2848 2146 2901 ab
2201 2849 2410 2902 Asiane
2467 2849 2742 2910 exercitu,
2799 2848 3008 2902 ducens
3069 2859 3255 2899 secum
3294 2844 3439 2897 viros

1862 2940 2148 3008 plurimos,
2221 2940 2500 3008 profectus
2584 2939 2814 3008 Nauplio
2872 2937 3208 2992 Venetorum
3271 2935 3437 2998 urbe,

1861 3042 1914 3088 et
1944 3033 2079 3085 mari
2115 3032 2169 3085 in
2198 3033 2640 3087 Cenchreeuaem
2690 3041 2908 3101 portum
2945 3030 3236 3092 advectus,
3269 3037 3437 3082 noctu

1867 3128 2151 3193 ingressus
2219 3134 2305 3180 est
2357 3126 2570 3189 urbem,
2611 3135 2901 3196 apportata
2937 3135 3245 3178 commeatu
3309 3139 3441 3177 sane

181 3212 343 3280 ρίον,
392 3217 840 3282 παρεσκευάζετο
891 3219 966 3281 ὡς
1024 3220 1426 3288 ἀμυνούμενος.
1487 3221 1591 3272 Τὸν
1653 3221 1759 3288 γάρ

1865 3216 2082 3283 exiguo,
2120 3215 2292 3268 inscio
2343 3216 2588 3269 exercitu
2626 3216 2795 3286 regis.
2853 3216 2964 3270 liex
3025 3229 3151 3268 cum
3197 3212 3442 3266 venisset

177 3321 265 3354 τοι
297 3305 514 3373 Ταρσὸν
553 3309 580 3360 ὁ
617 3308 873 3377 βασιλεὺς
921 3313 1308 3381 παρεστήσατο
1349 3312 1636 3382 ὁμολογίᾳ,
1671 3315 1761 3364 καὶ

178 3392 384 3453 παῖδας
416 3393 599 3447 λαϐὼν
633 3397 707 3458 ὡς
752 3399 1122 3465 τριακοσίους,
1152 3403 1244 3451 καὶ
1270 3400 1508 3469 ἄρχοντα
1537 3404 1762 3469 ἐπιστή-

178 3499 284 3545 σας
308 3489 427 3545 τοῖς
456 3488 513 3538 ἐν
543 3490 609 3556 τῇ
645 3489 796 3540 πόλει
828 3489 1025 3559 προῄει
1058 3491 1145 3543 διὰ
1175 3493 1277 3559 τῆς
1308 3493 1627 3562 μεσογαίου.
1660 3496 1762 3546 [ιο-

180 3575 483 3642 ρευόμενος
515 3577 590 3638 δὲ,
621 3580 883 3647 τρέπεται
913 3581 1006 3632 ἐπὶ
1036 3584 1133 3651 τὴν
1176 3583 1356 3648 πόλιν,
1390 3583 1422 3654 ἢ
1456 3587 1632 3637 κεῖται
1664 3587 1765 3637 ἐπὶ

179 3666 349 3735 ὅρους
383 3668 587 3736 ὑψηλοῦ
618 3686 676 3720 τε
707 3673 802 3723 καὶ
847 3673 1111 3742 ἐρυμνοῦ,
1147 3677 1204 3737 ἐς
1230 3676 1298 3745 ἢν
1343 3679 1528 3730 πολλοί
1565 3697 1622 3731 τε
1654 3680 1765 3732 τῶν

193 3762 474 3828 Ἑλλήνων
527 3762 645 3829 ἅμα
695 3765 788 3816 καὶ
848 3765 1124 3819 Ἀλϐανῶν
1177 3767 1602 3836 συλλεγόμενοι,
1660 3788 1766 3824 παο

188 3854 593 3922 ρεσκευάζοντο
644 3855 719 3918 ὡς
778 3858 1289 3928 πολιορκησόμενοι.
1339 3862 1446 3912 Καὶ
1480 3861 1630 3914 ὕδατι
1669 3865 1768 3932 μὲν

186 3949 292 4000 οὐκ
352 3948 555 4015 ἐχρῆτο
609 3949 826 4019 ἀφθόνῳ
886 3951 918 4017 ἡ
972 3950 1148 4016 πόλις,
1180 3951 1262 4003 ὃτι
1329 3952 1403 4022 μὴ
1454 3955 1612 4016 ἐκτὸς
1667 3957 1766 4023 τῆς

185 4040 429 4104 πόλεως,
461 4041 555 4108 ἀφ’
612 4033 672 4094 οὗ
723 4042 1044 4110 ὑδρεύεσθαι
1099 4043 1286 4113 ᾤοντο,
1338 4047 1428 4098 καὶ
1470 4047 1544 4115 μὴ
1609 4049 1768 4115 ἀφαι-

188 4133 528 4203 ρεθήσεσθαι
567 4129 806 4186 duo:th
839 4135 1141 4204 πολεμίων,
1187 4137 1638 4206 συμϐαλλομένου
1676 4141 1768 4193 τοῦ

186 4228 400 4295 χωρίου
451 4229 507 4288 ἐς
557 4227 618 4278 τὸ
661 4227 974 4296 ἀμύνασθαι
1013 4230 1341 4299 ἰσχυρότατα
1392 4231 1664 4286 ἐντεῦθεν.
1709 4233 1769 4285 Ὀ

191 4321 295 4386 μὲν
337 4313 432 4370 οῦν
486 4317 740 4385 βασιλεὺς
780 4319 1063 4383 ἀπελάσας
1097 4323 1196 4373 σὺν
1238 4325 1350 4383 τοῖς
1398 4323 1641 4392 νεήλυσι.
1675 4325 1769 4377 τοῦ

186 4428 250 4462 τε
291 4410 486 4470 ὓδατος
514 4410 882 4478 ἐπεκράτησε,
917 4414 1010 4463 καὶ
1058 4412 1438 4483 ἐξεπολιόρκει
1470 4415 1567 4484 τὴν
1595 4417 1768 4471 πόλιν.

1868 3307 2210 3370 Phliuntetn,
2268 3305 2500 3362 Tarsum
2556 3310 2746 3361 urbem
2811 3308 3185 3378 oppugnabat.
3246 3306 3442 3360 lioxies

1867 3401 1979 3472 (66)
2028 3410 2233 3466 autem,
2276 3402 2370 3471 qui
2420 3403 2579 3472 jussu
2613 3404 2954 3457 Albanorum
3014 3399 3291 3454 Phliuntis
3323 3407 3442 3453 erat

1867 3494 2181 3562 pra:feetus,
2267 3509 2522 3561 eosquos
2597 3494 2832 3562 imperio
2913 3494 3155 3562 regebat,
3227 3507 3436 3545 necnon

1864 3587 2138 3640 Phliuntis
2164 3586 2334 3649 cives,
2380 3586 2435 3639 in
2471 3585 2646 3638 locum
2684 3585 2973 3653 quemdam
3009 3583 3440 3637 munitissimum

1866 3680 2164 3740 contraxit,
2213 3687 2267 3733 et
2296 3681 2564 3731 statuebat
2618 3677 2726 3746 regi
2765 3678 3049 3730 resistere.
3083 3675 3313 3729 Tarsum
3346 3689 3441 3727 rex

1869 3776 1924 3828 in
1957 3773 2227 3828 ditionem
2305 3784 2596 3841 acceperat
2633 3788 2648 3824 :
2682 3783 2735 3825 et
2791 3788 3019 3826 sumens
3064 3772 3189 3826 inde
3244 3787 3444 3841 pueros

1867 3867 2088 3920 circiter
2124 3874 2426 3926 trecentos,
2481 3874 2535 3918 et
2581 3865 2797 3918 civibus
2840 3864 3173 3928 pt‘uefectttm
3232 3864 3446 3918 consti-

1868 3967 2049 4022 tuens,
2105 3967 2249 4011 recta
2314 3971 2408 4026 per
2467 3956 2922 4010 mediterranea-it
2962 3954 3236 4025 regionem
3296 3955 3446 4007 ince-

1869 4050 2049 4104 debat.
2122 4047 2383 4102 lucedens
2437 4047 2598 4116 237
2632 4057 2812 4100 autem
2859 4063 2980 4100 cum
3042 4045 3281 4116 agmine,
3319 4046 3444 4099 belli

1871 4143 2066 4196 molem
2098 4145 2295 4195 avertit
2335 4142 2390 4192 in
2431 4141 2649 4202 urbem,
2683 4155 2804 4208 qua:
2851 4140 2954 4193 sita
3020 4148 3105 4191 est
3159 4141 3210 4190 in
3264 4145 3449 4190 monte

1868 4234 2092 4288 excelso
2118 4242 2170 4288 et
2200 4233 2436 4296 munito,
2475 4232 2527 4284 in
2580 4247 2742 4300 quam
2782 4231 2952 4285 Grreei
3009 4229 3219 4299 pariter
3263 4241 3313 4282 et
3353 4230 3448 4282 Al-

1871 4327 1996 4380 bani
2054 4326 2271 4394 plurimi
2333 4332 2701 4377 convenerant
2753 4323 3137 4384 ;obsidionem
3179 4321 3323 4389 regis
3377 4322 3446 4373 ibi

1875 4418 2184 4472 toleraturi.
2225 4416 2459 4469 Maxima
2493 4415 2646 4468 urbis
2669 4415 2831 4481 hujus
2863 4421 3162 4482 erataquae
3201 4413 3450 4481 penuria.

190 4505 432 4567 Λέγεται
468 4503 521 4554 δὲ
569 4501 798 4554 ἐνταῦθα
830 4503 958 4566 τοὺς
997 4505 1054 4554 ἐν
1078 4507 1143 4575 τῇ
1177 4506 1327 4557 πόλει
1368 4508 1676 4569 κτείνοντας
1705 4511 1762 4561 τά

1879 4508 2012 4560 Nam
2065 4515 2223 4561 extra
2286 4510 2474 4559 urbem
2518 4505 2640 4557 fons
2691 4512 2832 4565 erat,
2882 4517 2990 4570 quo
3033 4510 3292 4569 aquatum
3373 4500 3452 4553 ire

192 4595 472 4660 ὑποζύγια
502 4594 576 4662 τῷ
607 4595 798 4662 αἵματι
833 4597 1025 4665 φύρειν
1057 4614 1114 4648 τε
1158 4599 1223 4648 τὰ
1250 4598 1473 4662 ἄλφιτα,
1500 4602 1593 4652 καὶ
1627 4599 1776 4668 ἕψειν

187 4686 290 4739 τὸν
351 4686 537 4755 ἄρτον.
603 4687 690 4748 Ὠς
745 4686 802 4738 δὲ
863 4687 1006 4755 δίψει
1067 4688 1423 4757 συσχεθέντες
1474 4691 1532 4739 ἐν
1587 4692 1778 4758 ἀπόρῳ

191 4781 504 4847 ὲγῖγνοντο,
531 4781 829 4846 ἐτράποντο
853 4780 953 4847 μὲν
981 4781 1072 4831 ἐπὶ
1101 4781 1414 4848 ὁμολογίαν.
1436 4782 1702 4833 Ἐνταῦθα
1727 4783 1774 4813 ⁸³

191 4869 611 4939 ὁλιγωρούντων
640 4870 748 4921 τῶν
782 4872 838 4920 ἐν
878 4874 941 4938 τῇ
1009 4871 1160 4923 πόλει
1204 4875 1332 4941 περὶ
1371 4873 1479 4924 τῶν
1519 4874 1778 4939 φυλακῶν

193 4961 306 5028 τῆς
339 4958 549 5022 πόλεως
577 4959 664 5012 διὰ
714 4959 838 5022 τοὺς
878 4961 1163 5028 πρέσϐεις,
1193 4961 1507 5022 κελεύοντες
1552 4964 1599 5014 οἰ
1651 4967 1774 5029 νεή-

195 5053 356 5114 λυδες
390 5053 693 5115 εἰσέπεσον,
731 5054 824 5105 καὶ
881 5055 1186 5121 εἰσεχέοντο
1226 5056 1283 5116 ἐς
1317 5053 1418 5124 τὴν
1477 5055 1648 5114 πόλιν.
1682 5057 1777 5108 καὶ

196 5145 499 5212 κατέσχον,
529 5147 624 5197 καὶ
658 5146 754 5215 τήν
785 5162 844 5197 τε
876 5145 1029 5198 πόλιν
1068 5147 1207 5200 κατὰ
1234 5146 1433 5212 κράτος
1469 5149 1773 5213 ἐξελόντες,

195 5235 752 5305 ἐξηνδραποδίσαντο.
787 5238 940 5289 Μετά
993 5237 1050 5290 δὲ
1111 5237 1284 5289 ταῦτα
1328 5241 1651 5306 ἀφικόμενοι
1685 5241 1777 5291 ἐπὶ

209 5325 483 5395 Ἀκριϐὴν
509 5326 681 5390 πόλιν,
717 5327 809 5378 καὶ
841 5325 1047 5396 ταύτην
1091 5328 1136 5359 ⁸⁸
1185 5329 1534 5382 ὑποστάντων
1578 5330 1688 5381 τῶν
1716 5329 1774 5381 ἐν

197 5421 268 5488 τῇ
303 5419 478 5483 πόλει,
519 5421 610 5470 καὶ
650 5420 746 5471 οὐκ
792 5418 1138 5485 ἐκλιπόντων,
1191 5421 1507 5483 ἐπελθόντες
1554 5424 1599 5474 οἱ
1646 5423 1776 5490 νεή-

1881 4603 2150 4655 solebant.
2208 4599 2286 4652 Ne
2317 4597 2554 4667 aquandi
2599 4595 2920 4649 facultatem
2954 4595 3221 4648 adimeret
3255 4592 3448 4656 hostis,

1879 4710 2002 4746 eum
2039 4693 2215 4746 locum
2247 4691 2541 4744 admodum
2589 4687 3059 4740 communierant.
3122 4683 3236 4736 Rex
3288 4696 3448 4734 acce-

1879 4789 2014 4838 dens
2073 4783 2138 4836 ad
2184 4784 2325 4836 hanc
2375 4782 2567 4835 urbem
2623 4795 2749 4832 cum
2803 4777 3116 4848 peregrinis
3154 4775 3448 4836 militibus,

1879 4891 2017 4945 aqua
2077 4875 2304 4944 potitur,
2334 4882 2387 4926 et
2420 4873 2606 4925 urbem
2652 4871 2940 4924 obsidione
2999 4867 3195 4935 cingit.
3244 4863 3454 4919 Ferunt

1881 4965 2206 5034 oppidanos,
2267 4979 2393 5017 cum
2454 4978 2596 5031 aqua
2634 4962 2921 5025 deficeret,
2964 4957 3308 5013 interfecisse
3365 4955 3453 5024 ju-

1884 5066 2086 5120 menta,
2138 5064 2192 5109 et
2217 5054 2595 5123 jumentorum
2653 5052 2927 5122 sanguine
2977 5051 3266 5118 subegisse
3313 5046 3448 5100 fari-

1884 5162 2028 5211 nam,
2064 5157 2114 5200 et
2150 5145 2274 5199 hinc
2331 5145 2552 5199 coxisse
2590 5159 2780 5213 panes.
2815 5143 2952 5196 Cum
2987 5153 3170 5195 autem
3199 5138 3444 5195 saevissi-

1885 5254 1967 5292 ma
2033 5245 2414 5308 premerentur
2487 5236 2602 5298 siti,
2670 5235 2821 5288 dubii
2883 5235 3014 5300 quid
3072 5239 3319 5302 agerent,
3383 5231 3450 5283 ad

1883 5329 2215 5383 deditionen
2261 5337 2551 5398 cmpcrunt
2608 5328 2776 5381 animi
2825 5329 3118 5380 inclinare.
3176 5323 3452 5380 Miserunt

1885 5423 2066 5490 itaque
2119 5423 2330 5492 legatos
2363 5421 2425 5474 ad
2484 5435 2693 5491 regem.
2755 5422 2844 5489 qui
2881 5428 3105 5472 orarent
3132 5430 3186 5472 ut
3211 5420 3264 5473 in
3301 5418 3451 5472 dedi-

1480 5538 1726 5597 Notulm
1771 5535 2173 5613 marginales.

280 5639 389 5708 (66)
427 5639 637 5702 Tucltii,
669 5641 779 5695 sive
811 5640 1053 5713 Τίιορῖιε,
1091 5655 1142 5696 ut
1177 5644 1466 5699 Barletfus.

285 5801 416 5854 "In
485 5821 608 5871 uno,
672 5808 999 5862 Νανπλοίον.

203 5875 362 5928 ctiam
396 5873 460 5928 Ii.

1116 5810 1158 5841 ’δ”
1197 5809 1258 5861 In
1331 5827 1430 5862 uno
1497 5808 1735 5873 additur,
1769 5806 1858 5860 κχῖ
1894 5798 2148 5874 πρέσϐεις
2219 5801 2465 5868 ἔπεμπον
2537 5801 2624 5851 ἐπὶ
2683 5797 2958 5868 ὀιιολογῗᾳ.

3072 5796 3112 5825 ’⁷
3153 5797 3338 5865 ταύτῃ.
3366 5792 3454 5850 Si:
