4180 6434
191 372 287 429 445

1206 392 1298 450 DE
1340 395 1588 455 REBUS
1630 398 1985 461 TURClClS
2029 407 2172 469 Llli.
2214 412 2313 469 lX.

3309 419 3411 481 446

191 491 402 544 λεύοντο
456 500 626 564 κοινῇ,
671 502 778 553 εἴτε
836 507 1203 572 παραδώσειεν
1242 511 1342 578 τὴν
1396 514 1570 577 πόλιν,
1628 514 1724 566 εἴτε

1846 534 1943 574 nos
1973 525 2065 589 qui
2101 527 2181 580 sic
2236 529 2591 594 loquerentur
2627 547 2641 583 :
2692 532 3012 586 Nuntiatum
3060 542 3143 588 est
3178 534 3308 586 mihi
3349 536 3416 588 ab

188 582 503 650 ἀνεχόμενοι
537 588 849 656 ἀμύνοιντο.
883 593 971 657 Ὣς
995 598 1049 647 δὲ
1083 600 1580 671 ἀπεστραμμένους
1602 605 1748 675 ἐώρα

188 676 305 736 τοὺς
334 677 390 727 ἐν
422 680 488 746 τῇ
524 681 694 744 πόλει,
714 686 806 736 καὶ
827 686 1077 753 χαλεπῶς
1108 692 1397 759 φέροντας,
1424 695 1747 749 ὑπόσπονδοί

188 784 245 816 τε
294 768 515 835 ἐξῆλθον
562 775 722 837 αὑτός
761 795 819 829 τε
851 779 1104 845 Ἀσάνης,
1134 785 1226 836 καὶ
1257 788 1285 836 ὁ
1324 788 1747 857 Λακεδαιμόνιος

193 860 491 931 Λουκὰνης.
538 866 915 934 Ἀφικομένων
947 873 1003 924 δὲ
1052 875 1109 935 ἐς
1153 877 1346 942 λόγους
1392 880 1468 946 τῷ
1517 879 1743 948 βασιλεῖ,

194 954 423 1015 σπονδάς
452 974 509 1008 τε
565 958 652 1025 ἐφ’
685 954 727 1025 ᾧ
760 966 1117 1033 αἰτουμένων,
1151 970 1337 1036 ἔλεγεν
1368 974 1549 1035 αὐτοῖς
1578 975 1703 1028 τάδε
1728 994 1742 1007 ·

189 1043 590 1109 ’.Ἇπαγγείλατε
649 1054 726 1120 τῷ
780 1056 1031 1126 ἡμετέρῳ
1088 1062 1331 1127 ἡγεμόνι,
1381 1064 1455 1123 ὡς
1515 1065 1746 1129 σπονδὰς

190 1137 457 1189 ποιεῖσθαι
497 1141 711 1208 ἕτοιμός
762 1150 899 1212 εἰμι,
934 1150 1019 1215 ἐφ’
1061 1144 1104 1216 ᾧ
1156 1154 1255 1220 τὴν
1310 1155 1493 1222 χώραν
1536 1158 1667 1226 ὅσην
1719 1161 1745 1211 ό

193 1229 417 1293 στρατὸς
444 1232 726 1303 παρεξῄει,
751 1238 888 1306 ἐμήν
914 1258 971 1291 τε
1009 1239 1167 1306 εἶναι,
1193 1244 1285 1295 καὶ
1318 1246 1484 1315 φόρον
1512 1248 1744 1314 ἀπάγειν

185 1318 270 1369 δὴ
303 1320 399 1388 τὴν
428 1320 620 1392 λοιπὴν
653 1327 857 1395 χώραν,
897 1335 1288 1392 πεντακοσίους
1326 1341 1601 1407 στατῆρας
1625 1358 1639 1371 ’
1668 1342 1745 1409 τῷ

184 1409 237 1459 δὲ
266 1412 512 1478 ἡγεμόνι,
547 1416 630 1480 ἐφ’
659 1411 703 1483 ᾧ
753 1420 813 1470 τό
861 1438 919 1472 τε
973 1424 1208 1489 Αίγειον,
1235 1429 1327 1479 καὶ
1365 1429 1604 1496 {lit-par,
1651 1434 1744 1484 καὶ

183 1504 277 1569 τὴν
329 1506 610 1571 περίοικον
650 1514 1001 1581 παραδιδόναι
1033 1519 1205 1585 ἡμῖν·
1243 1523 1290 1572 εἰ
1322 1522 1377 1574 δὲ
1416 1523 1510 1590 μὴ,
1548 1524 1743 1577 αὐτίκα

183 1599 297 1661 ἅμα
325 1601 548 1655 ἐπιόντα
584 1620 651 1671 με
688 1611 1085 1671 γινωσκόντων.
1122 1614 1308 1667 Ταῦτα
1334 1615 1407 1676 ὡς
1441 1618 1744 1671 ἐνετέλλετο

182 1689 387 1756 αὐτοῖς,
434 1696 530 1745 καὶ
581 1697 639 1757 ἐς
691 1697 821 1760 τοὺς
870 1702 1147 1769 ἡγεμόνας
1188 1703 1465 1771 ἀφίκοντο,
1502 1709 1629 1776 περὶ
1684 1710 1742 1761 τὸ

182 1781 455 1848 Ταΰγετον
481 1787 578 1853 τῆς
616 1790 945 1860 Λακωνικῆς
979 1793 1373 1862 διατρίϐοντες,
1398 1799 1741 1866 ἀπήγγελλόν

178 1892 237 1926 τε
275 1876 344 1928 τὰ
379 1880 531 1947 παρά
564 1880 847 1948 βασιλέως,
884 1890 976 1938 καὶ
1012 1887 1211 1941 αὐτίκα
1265 1890 1461 1955 ἐδόκει,
1489 1890 1629 1944 ὥστε
1670 1894 1743 1963 μὴ

182 1969 466 2037 στέρεσθαι
511 1974 609 2044 ἤδη
665 1978 955 2049 ξυμπάσης
997 1981 1096 2046 τῆς
1134 1984 1341 2051 χώρας,
1395 1987 1654 2055 πρέσϐεις
1684 2006 1742 2039 τε

178 2062 441 2128 πέμπειν,
479 2069 570 2119 καὶ
616 2070 885 2137 ἐμπεδοῦν
937 2075 1089 2141 σφίσι
1137 2075 1233 2136 τὰς
1266 2076 1516 2142 σπονδὰς,
1544 2078 1628 2146 ἐφ’
1661 2077 1742 2141 οἷς

176 2158 521 2220 προετείνετο
552 2159 824 2226 βασιλεύς.
882 2163 1205 2232 Πέμψαντες
1235 2168 1291 2219 δὲ
1324 2170 1608 2238 πρέσϐεις,
1641 2173 1740 2234 τάς

174 2264 230 2299 τε
255 2250 487 2313 σπονδὰς
519 2252 866 2321 ἐποιήσαντο,
893 2257 988 2309 καὶ
1025 2257 1123 2325 τὴν
1160 2259 1345 2329 χώραν
1376 2264 1626 2318 ἀπέδωκε
1660 2266 1739 2332 τῷ

176 2340 439 2404 βασιλέως
474 2344 705 2414 ὑπάρχῳ
720 2346 1070 2418 Ὀμάρῃ,τῆς
1088 2350 1385 2415 Θετταλίας
1410 2355 1651 2424 ὕπαρχος
1674 2360 1739 2391 ⁹³⁹

170 2425 257 2499 ἦν,
290 2434 350 2485 τό
374 2450 434 2486 τε
474 2436 709 2502 Δῐγειον,
730 2439 1101 2511 Καλαϐρίτης,
1134 2443 1498 2513 Πάτραςνκαὶ
1517 2450 1615 2521 τὴν
1648 2468 1740 2503 πε-

172 2524 380 2587 ρίοικον
412 2526 582 2597 ταύτῃ
618 2529 718 2597 τῆς
761 2530 983 2599 Ἀχαΐας
1015 2534 1218 2604 χώρας.
1256 2537 1340 2601 Ὠς
1372 2539 1429 2591 δὲ
1465 2543 1736 2609 παρέλαϐε

166 2613 267 2676 τὰς
312 2615 517 2679 πόλεις,
548 2620 643 2671 καὶ
676 2622 937 2688 νεήλυδας
988 2625 1219 2696 καθίστη
1254 2631 1309 2681 ἐν
1349 2633 1468 2692 ταῖς
1528 2635 1734 2699 πόλεσι,

166 2706 237 2757 τὰ
270 2709 371 2775 μὲν
408 2709 798 2778 στρατεύματα
852 2715 1001 2780 αὐτῷ
1034 2715 1223 2785 διῆκεν
1276 2720 1362 2772 ἐπ’
1402 2723 1551 2775 οἴκου
1584 2728 1736 2794 νομί-

168 2796 365 2858 ζεσθαι
388 2814 402 2828 ·
437 2799 600 2859 αὐτὸς
624 2801 680 2852 δὲ
718 2805 1059 2872 τραπόμενος
1104 2810 1195 2860 ἐπὶ
1221 2811 1318 2878 τῆς
1346 2812 1614 2881 Ἀττικῆς,
1642 2820 1735 2870 καὶ

168 2884 264 2936 ἐπὶ
314 2885 413 2955 τῆς
451 2886 691 2956 ’Δθηνῶν
724 2892 952 2955 πόλεως,
987 2900 1205 2967 περιῄει
1263 2903 1484 2953 σκοπῶν
1533 2907 1623 2956 τόν
1675 2924 1733 2959 τε

168 2976 425 3044 Πειραιᾶ,
461 2981 553 3032 καὶ.
593 2982 717 3042 τοὺς
773 2983 1019 3050 λιμένας,
1080 2988 1375 3052 ἐπεδέξατό
1422 3010 1481 3044 τε
1540 2996 1585 3026 ⁸⁸
1636 2998 1732 3065 τὴν

164 3068 423 3133 Ὀμὰρεω
460 3070 855 3139 ἀνδραγαθίαν.
905 3077 1016 3143 Τήν
1073 3095 1131 3130 τε
1186 3080 1339 3134 πόλιν
1376 3084 1602 3153 ταύτην,
1634 3090 1732 3140 καὶ

1852 613 2046 669 amicis
2076 627 2126 670 et
2150 619 2451 681 benevolis,
2479 636 2615 689 quos
2646 623 2695 674 in
2725 626 2857 678 urbe
2892 626 3087 689 habeo,
3116 640 3414 695 paucorum

1847 703 2062 759 dierum
2094 710 2384 763 admodum
2424 714 2581 767 vobis
2627 731 2917 784 superesse
2966 720 3245 772 alimenta.
3273 717 3413 784 Quid

1850 794 2015 861 igitur
2052 797 2232 853 insani
2276 812 2329 856 et
2372 803 2557 858 miseri
2597 807 2783 861 urbem
2825 824 2932 861 non
2978 810 3189 864 traditis
3223 812 3245 864 ?
3276 811 3412 864 Cum

1851 891 2027 941 nuntii
2084 893 2228 954 regis
2281 910 2401 960 quae
2456 900 2707 949 mandata
2761 909 2946 954 essent
2998 917 3181 954 coram
3236 902 3415 955 Asanc

1858 990 2219 1048 exponerent,
2262 986 2475 1051 publice
2530 988 2909 1044 deliberabant
2958 993 3293 1047 dederentne
3325 1009 3416 1046 ur-

1850 1068 1989 1131 bem,
2041 1087 2107 1123 an
2160 1086 2397 1128 extrema
2441 1079 2625 1146 potius
2670 1083 3041 1148 perpetientes
3087 1084 3415 1139 resisterent

1850 1162 1983 1229 regi.
2041 1164 2175 1218 Cum
2233 1177 2413 1220 autem
2472 1182 2765 1223 cernerent
2820 1173 3123 1241 oppidanos
3177 1176 3415 1246 graviter

1847 1262 2169 1319 prmsentem
2226 1261 2616 1311 necessitatem
2678 1261 2839 1323 ferre,
2892 1270 2944 1313 et
2988 1264 3110 1314 mali
3172 1280 3415 1330 qtta‘rcre

1848 1339 2247 1405 liberationem,
2288 1344 2389 1398 fide
2427 1348 2641 1414 publica
2671 1349 3015 1418 interposita,
3045 1354 3248 1415 egressi
3284 1364 3413 1406 sunt

1846 1431 1909 1483 ad
1939 1445 2117 1499 regem
2148 1435 2352 1487 Asaues
2390 1444 2442 1486 et
2479 1436 2784 1504 Spartanus
2810 1440 3083 1495 Lueanes.
3122 1441 3414 1498 Venientes

1846 1531 2023 1575 autem
2072 1540 2234 1593 super
2266 1525 2467 1580 foedere
2506 1531 2793 1598 pangendo
2824 1533 2875 1584 in
2914 1534 3253 1601 colloquium
3288 1552 3411 1589 cum

1847 1630 1992 1682 rege,
2021 1615 2099 1669 sic
2126 1616 2399 1671 allocutus
2444 1628 2523 1673 est
2562 1636 2575 1672 :
2608 1618 2801 1674 Vestro
2832 1623 3063 1691 principi
3106 1624 3287 1689 dicite,
3331 1639 3415 1678 me

1847 1714 2097 1773 paratum
2144 1721 2267 1761 esse
2318 1707 2494 1763 fwdns
2531 1719 2841 1779 percutere,
2896 1723 2948 1767 et
2999 1728 3185 1781 pacein
3231 1715 3412 1769 dare:

1846 1796 1941 1850 sed
1986 1798 2085 1851 hac
2135 1798 2474 1867 conditione,
2528 1814 2582 1855 ut
2625 1816 2685 1855 ea
2734 1804 2884 1872 regio
2929 1819 3091 1873 quam
3142 1807 3410 1858 exercitus

1849 1902 2001 1941 meus
2043 1890 2370 1957 peragravit,
2406 1908 2522 1944 mea
2556 1892 2645 1945 sit.
2687 1894 2766 1946 Ab
2794 1894 3004 1963 reliqua
3048 1896 3265 1965 regione
3308 1896 3411 1947 tri-

1847 1980 1961 2033 buti
1983 1980 2204 2033 nomine
2228 1991 2353 2049 peto
2384 1982 2710 2053 quingentos
2744 1994 2996 2040 stateres.
3040 1986 3169 2040 Ducl
3203 1997 3406 2048 autem,

1843 2071 1936 2140 qui
1979 2070 2155 2125 adhuc
2188 2082 2337 2127 tenet
2366 2072 2617 2143 .‘Egeum,
2668 2074 2859 2132 Patras
2899 2089 2953 2131 et
2993 2078 3270 2131 finitimam
3323 2094 3409 2133 re-

1844 2164 2083 2233 gionem,
2123 2164 2310 2227 dicite,
2368 2175 2426 2219 ut
2478 2183 2539 2220 ea
2585 2171 2746 2223 nobis
2798 2173 2973 2223 tradat
3017 2189 3029 2223 :
3066 2172 3149 2224 sin
3200 2172 3404 2235 minus,

1843 2255 2128 2311 confestim
2156 2260 2434 2323 accedam,
2482 2270 2537 2312 et
2578 2262 2744 2315 armis
2779 2262 3092 2329 subjiciam.
3144 2263 3272 2318 Haec
3318 2264 3407 2316 ubi

1840 2352 2245 2419 cognovissent,
2300 2362 2357 2405 ut
2417 2363 2748 2421 praceptum
2805 2364 2943 2418 erat,
2981 2357 3408 2423 proﬁciscuntur

1840 2443 1906 2495 ad
1955 2444 2253 2511 principes,
2306 2446 2395 2513 qui
2441 2459 2505 2498 ea
2558 2456 2878 2515 tempestate
2923 2448 3067 2502 circa
3104 2449 3402 2518 Taygetum

1838 2534 2090 2590 Laconiae
2139 2551 2198 2590 se
2250 2540 2528 2601 tenebant,
2592 2538 2770 2606 iisque
2819 2555 2940 2606 qnze
2983 2540 3105 2593 data
3152 2550 3311 2594 erant
3340 2541 3407 2594 ab

1840 2643 1962 2696 rege
2018 2628 2269 2681 mandata
2321 2631 2618 2699 explicant.
2677 2629 2888 2695 Quibus
2947 2632 3175 2694 auditis,
3232 2634 3406 2686 visum

1837 2729 1921 2772 est
1958 2734 2027 2773 ne
2064 2729 2119 2775 et
2145 2721 2396 2775 universa
2430 2723 2795 2789 spoliarentur
2833 2725 3078 2791 regione,
3105 2725 3313 2790 legatos
3341 2724 3408 2777 ad

1838 2827 2014 2876 regem
2063 2813 2299 2874 mittere,
2330 2823 2384 2867 et
2434 2814 2615 2869 fmdus
2670 2815 3044 2883 conglutinare
3083 2816 3166 2869 his
3219 2818 3410 2869 condi-

1834 2902 2080 2957 tionibus
2136 2920 2273 2971 quas
2324 2920 2412 2958 rex
2457 2906 2872 2975 praescripsisset.
2908 2906 3408 2972 Mitteutesitaqtte,

1833 2994 2293 3062 quemadmodum
2364 2995 2645 3049 decretum
2706 2999 3097 3065 erat,legatos,
3127 3000 3229 3064 pax
3257 3012 3409 3049 com-

1835 3086 2010 3152 posita
2040 3093 2143 3139 est.
2174 3087 2364 3152 ltegio,
2397 3104 2560 3155 quam
2605 3092 2977 3156 pOstulaverat
3013 3107 3129 3155 rex,
3156 3092 3405 3144 restituta

163 3160 491 3229 ἀκρόπολιν,
528 3164 891 3231 πυνθάνομαι,
926 3168 1135 3235 βασιλεί
1176 3172 1406 3239 μάλιστα
1434 3178 1500 3229 ἐκ
1530 3180 1635 3231 τῶν
1674 3183 1724 3234 ἐν

1835 3190 1917 3230 est
1979 3184 2128 3246 regio
2180 3180 2476 3247 prwfecto-
2507 3183 2729 3237 Ontares
2769 3182 3067 3238 Thessaliae
3114 3184 3406 3253 praefertus

160 3250 229 3315 τῇ
265 3247 424 3317 χώρᾳ
458 3250 624 3303 αὐτοῦ
657 3254 867 3307 πόλεων
897 3258 953 3309 ἐν
985 3259 1175 3329 γνώμῃ
1209 3263 1482 3332 γενέσθαι,
1510 3274 1603 3322 καὶ
1634 3274 1732 3340 τήν

156 3354 219 3388 τε
256 3340 501 3393 παλαιὰν
536 3342 634 3409 τῆς
667 3345 870 3407 πόλεως
921 3350 1418 3421 μεγαλοπρέπειαν,
1447 3360 1540 3410 καί
1568 3378 1732 3417 κατα·

157 3432 369 3499 σκευὴν
398 3432 705 3501 ἀγασθῆναι
738 3438 1034 3492 ἐπειπόντα
1063 3459 1074 3469 '
1120 3444 1269 3514 Πόση
1303 3446 1366 3516 δὴ
1398 3450 1558 3516 χάρις
1584 3453 1731 3521 ὀφεί-

155 3522 310 3573 λεται
341 3524 398 3575 ἐν
428 3523 505 3592 τῷ
534 3526 787 3597 ἡμετέρῳ
813 3528 964 3598 νόμῳ
994 3530 1208 3601 Ὀμάρῃ
1230 3535 1307 3603 τῷ
1333 3538 1691 3609 Τουραχάνεω
1717 3546 1727 3597 ε

153 3613 268 3679 Τῆν
300 3616 407 3681 γὰρ
443 3617 598 3668 πόλιν
630 3619 833 3690 ταύτην
885 3624 979 3674 καὶ
1013 3625 1307 3693 ἀκρόπολιν
1343 3637 1729 3702 παρεστήσατο

151 3704 409 3778 Ὀμάρης
441 3706 595 3773 οὗτος
627 3715 813 3783 τρόπῳ
841 3715 1055 3785 τοιῷδε·

1838 3268 2088 3332 Eaeum,
2135 3270 2461 3338 Calabrites,
2484 3274 2674 3329 Patras
2709 3286 2762 3329 et
2805 3276 3089 3330 finitimam
3124 3277 3401 3345 regionem

1835 3362 1989 3432 241
2034 3364 2250 3417 Achaiae
2301 3365 2527 3433 recepit.
2582 3365 2691 3421 Rex
2754 3369 2845 3421 ubi
2908 3368 3072 3423 urbes
3139 3368 3399 3434 suscepit.

1840 3454 2111 3519 pragsidiis
2135 3457 2551 3523 peregrinorum
2588 3472 2680 3511 eas
2716 3458 2974 3520 firmavit,
3006 3466 3059 3511 et
3085 3456 3402 3527 peregrinos

1839 3546 1904 3598 iis
1936 3547 2197 3614 praefecit.
2228 3547 2453 3603 lnhunc
2496 3532 2713 3603 modum
2742 3551 2995 3605 confecto
3030 3551 3172 3603 bello
3214 3550 3399 3617 copias

1835 3653 2027 3690 omnes
2071 3641 2262 3693 domos
2298 3642 2524 3697 dimisit.
2574 3643 2691 3711 Ipse
2727 3652 2906 3696 autem
2956 3658 3259 3695 conversus
3317 3651 3403 3695 est

1834 3742 2021 3784 contra
2078 3732 2306 3786 Atticam
2359 3744 2411 3788 et
2450 3736 2639 3789 urbem
2686 3736 2949 3790 Athenas.
3002 3735 3400 3790 Ohambnlabat

150 3804 546 3871 contemplans
602 3804 901 3873 Pyramum,
968 3817 1021 3862 et
1056 3822 1313 3880 portuum
1367 3820 2299 3879 commoditatem.Ornatisvirtute
2364 3828 2640 3881 civitatem
2703 3829 2859 3879 istam
2928 3844 3033 3880 una
3101 3842 3222 3878 cum
3274 3842 3397 3877 arce

149 3897 202 3947 in
239 3896 508 3953 ditionem
544 3904 771 3971 accepit.
818 3901 943 3957 Fuit
966 3916 1144 3960 autem
1181 3907 1295 3964 haec
1330 3913 1460 3967 urbs
1489 3931 1704 3984 semper
1744 3920 1876 3984 regi,
1905 3930 1957 3969 ut
1991 3920 2171 3980 audio,
2222 3922 2502 3983 benevola,
2536 3932 2590 3975 et
2650 3921 3075 3974 munificentiam
3111 3919 3231 3986 ejus
3283 3930 3421 3979 anti-

146 4008 321 4058 quam
362 4004 415 4047 et
444 4006 763 4059 apparatum
799 3998 1009 4051 urbium
1040 4015 1258 4068 semper
1288 4006 1579 4072 plurimum
1619 4010 1903 4077 amplexus
1935 4022 2038 4064 est.
2081 4014 2226 4066 Dixit
2270 4016 2436 4082 igitur
2472 4015 2728 4079 :Quauta
2774 4014 2946 4082 gratia
3018 4015 3243 4068 debetur
3280 4015 3394 4083 lege

145 4098 346 4140 nostra
409 4087 591 4141 Omari
632 4087 971 4144 Turachanis
1012 4093 1170 4147 lilio!
1241 4094 1361 4158 Quo
1419 4107 1581 4166 pacto
1638 4098 1865 4157 Omares
1915 4104 2102 4155 urbem
2169 4104 2324 4156 istam
2373 4119 2476 4156 una
2530 4119 2653 4158 cum
2726 4120 2850 4158 arce
2917 4106 3218 4174 occuparit,
3283 4106 3396 4173 jam

142 4181 412 4233 dicetur:

230 4271 323 4332 Ὧς
353 4272 460 4339 γὰρ
502 4271 697 4340 Νέριος
734 4276 1077 4347 ἐτελεύτησε,
1113 4280 1343 4349 κατέσχε
1376 4283 1474 4351 τὴν
1522 4301 1723 4353 τυραν-

137 4364 265 4414 νίδα
301 4365 335 4431 ἠ
369 4366 505 4432 γυνὴ
543 4365 739 4431 αὑτοῦ,
768 4369 935 4420 παῖδα
984 4369 1181 4439 ἔχουσα
1214 4372 1432 4440 νήπιον,
1464 4374 1560 4425 καὶ
1605 4376 1724 4427 δια·

138 4459 571 4527 πρεσϐευομένη
619 4466 675 4521 ἐς
726 4462 972 4529 βασιλέα,
1008 4466 1256 4534 χρήμασί
1312 4484 1365 4518 τε
1419 4468 1719 4537 ἐθεράπευε

136 4550 237 4609 τὰς
284 4550 557 4615 βασιλέως
612 4551 801 4620 θύρας,
845 4556 938 4625 καὶ
992 4556 1128 4625 αὑτὴ
1175 4557 1410 4625 διέτριϐε
1468 4560 1594 4628 περὶ
1622 4561 1721 4627 τὴν

136 4640 346 4707 ἀρχήν.
384 4641 576 4709 Χρόνῳ
597 4642 651 4695 δὲ
684 4644 744 4696 οὐ
790 4632 970 4713 πολλῷ
1020 4647 1270 4716 ὕστερον,
1314 4650 1525 4701 νεανίου
1574 4653 1721 4714 τινὸς

133 4731 253 4779 τῶν
290 4731 591 4795 Οὖενετῶν,
632 4736 902 4804 ἐμπορίας
934 4738 1093 4791 ἕνεκα
1139 4739 1397 4808 Ἀθήναζε
1448 4745 1720 4812 ἀφικομέ-

136 4838 261 4881 νου,
292 4821 398 4888 τῆς
430 4824 736 4891 συγκλήτου
767 4826 822 4878 δέ
880 4828 1095 4896 ἀνδρὸς,
1141 4830 1401 4899 ὴρᾶσθαι.
1447 4832 1552 4885 Καὶ
1595 4835 1720 4903 ἐρα-

136 4912 189 4962 σ⁷
212 4914 366 4974 εἴσα,
398 4914 454 4972 ἐς
481 4913 673 4978 λόγους
700 4932 755 4966 τε
789 4917 1011 4984 ἀφίεται
1040 4918 1116 4987 τῷ
1149 4920 1356 4991 νεανίᾳ,
1386 4921 1459 4986 ὡς
1491 4924 1549 4975 ἐν
1592 4942 1720 4976 παι-

131 5004 285 5063 διαῖς
318 5004 388 5055 τὰ
434 5005 603 5057 πολλὰ
638 5008 1035 5089 συνδιατρίϐων
1085 5011 1163 5079 τῷ
1193 5012 1406 5081 νεανίᾳ,
1454 5013 1530 5075 ὡς
1573 5014 1721 5081 αὐτῷ

132 5102 219 5157 εἰς
256 5099 501 5161 γυναῖκα
539 5099 811 5169 χωρῆσαι,
859 5100 974 5168 ἅμα
1024 5107 1089 5173 τῇ
1135 5108 1277 5176 ἀρχῇ
1312 5107 1599 5176 ἐπιτρέψαι
1625 5110 1721 5177 τῆς

129 5188 363 5251 πόλεως
392 5189 613 5261 ἕτοιμος
650 5194 760 5263 εἴη.
798 5194 981 5248 Ταῦτα
1012 5196 1067 5249 δὲ
1110 5194 1246 5251 εἶναι
1277 5200 1445 5267 αὐτῷ,
1495 5199 1561 5266 ἢν
1590 5202 1722 5251 ἁπο-

131 5298 204 5330 τῖε
218 5281 512 5347 μψάμενος
540 5287 637 5351 τὴν
660 5289 892 5344 γυναῖκα
922 5289 1110 5356 αὐτοῦ,
1141 5294 1325 5361 τρόπῳ
1354 5294 1448 5362 οἵῳ
1473 5292 1718 5362 δύνηται,

129 5374 426 5444 ἐπανέλθῃ
464 5376 747 5443 Ἀθήναζε.
778 5374 885 5431 Ἦν
907 5382 961 5433 δὲ
991 5384 1018 5433 ὁ
1045 5383 1261 5445 νεανίας
1296 5385 1543 5451 Πριάμου
1570 5388 1717 5448 παῖς,

128 5464 231 5515 τ.ὗ
294 5465 576 5522 Ναύπλιον
632 5471 1104 5542 ἐπιτετραμμένου
1180 5478 1331 5543 παρὰ
1386 5476 1705 5529 Οὑενετῶν.

142 5555 368 5609 Ἀπιὼν
402 5559 457 5609 δὲ
501 5562 527 5612 ό
578 5563 815 5627 νεανίας,
866 5568 958 5616 καὶ
1009 5567 1369 5635 κατασχεθεὶς
1416 5568 1492 5637 τῷ
1523 5568 1707 5633 ἔρωτι,

1905 4284 2118 4338 Mortuo
2178 4284 2358 4346 Nerio,
2418 4300 2548 4336 uxor
2592 4284 2709 4348 ejus
2758 4285 3090 4337 Athenarum
3150 4288 3396 4355 tyranni-

1828 4377 1953 4431 dem
1985 4378 2241 4438 obtinuit,
2282 4378 2487 4429 habens
2514 4393 2577 4429 ex
2614 4378 2808 4429 marito
2840 4377 3007 4429 filium
3043 4380 3388 4445 superstitem

1830 4469 2008 4522 adhuc
2044 4469 2352 4537 puerulum.
2387 4467 2603 4520 Mittens
2640 4468 2806 4534 igitur
2853 4469 3055 4536 legatos
3104 4469 3167 4521 ad
3198 4469 3392 4534 ianua-

1827 4573 1947 4610 rum
2002 4557 2223 4621 milites,
2275 4572 2414 4624 quos
2459 4556 2841 4625 largitionibus
2894 4556 2999 4611 sibi
3048 4558 3387 4619 eoncliarat,

1826 4644 1985 4698 facile
2034 4646 2400 4714 principatum
2430 4644 2656 4698 retinuit
2685 4647 3041 4699 Athenarum.
3070 4643 3178 4699 Nec
3212 4657 3390 4699 tamen

1825 4738 1999 4791 tnulto
2043 4745 2161 4804 post
2191 4750 2375 4787 amore
2425 4735 2628 4787 exarsit
2676 4735 2730 4787 in
2782 4736 3179 4790 adolescentem
3225 4736 3397 4791 Vene-

1824 4839 1936 4883 tum
1978 4827 2244 4881 senatoris
2280 4826 2471 4887 tilium,
2522 4826 2618 4894 qui
2651 4827 2912 4880 mercium
2944 4828 3113 4893 gratia
3147 4827 3391 4881 Athenas

1824 4920 2130 4987 appulerat.
2164 4917 2360 4971 Amore
2389 4920 2570 4985 itaque
2593 4933 2782 4972 amens
2815 4919 2867 4971 in
2898 4918 3232 4988 colloquium
3266 4935 3391 4972 cum

1829 5011 2181 5064 adolescente
2209 5010 2376 5062 venit.
2399 5008 2533 5063 Cum
2566 5010 2885 5078 plerumque
2922 5020 3104 5063 autem
3140 5011 3388 5079 plurimis

1824 5100 2105 5156 blanditiis
2157 5102 2399 5154 animum
2452 5101 2818 5155 adolescentis
2852 5100 3150 5169 pelliceret,
3180 5114 3233 5154 et
3274 5117 3390 5155 ma-

1823 5211 1927 5263 gna
1960 5210 2083 5248 cum
2115 5195 2394 5263 voluptate
2424 5210 2545 5248 cum
2583 5195 2677 5246 illo
2709 5206 3150 5255 conversaretur,
3187 5194 3391 5262 promi-

1826 5292 1895 5344 sit
1927 5303 1984 5343 se
2014 5290 2148 5340 velle
2181 5288 2282 5355 ipsi
2315 5288 2523 5339 nubere
2560 5295 2612 5339 et
2652 5287 2986 5339 Athenarum
3022 5283 3387 5351 principatum

1824 5380 1985 5433 simul
2018 5380 2251 5433 tradere.
2286 5379 2407 5431 ΙΙωο
2441 5388 2617 5430 autem
2658 5387 2767 5428 tum
2807 5378 2937 5440 fore,
2971 5376 3014 5427 si
3047 5378 3199 5443 prius
3232 5390 3385 5430 suam

1825 5488 2049 5525 uxorem
2109 5486 2431 5539 quocunque.
2482 5468 2641 5521 modo
2678 5468 3015 5534 repudiasset
3050 5484 3061 5516 :
3097 5476 3151 5520 et
3184 5483 3246 5518 ea
3300 5483 3386 5519 re-

1820 5564 2060 5631 pudiata,
2114 5562 2304 5615 deinde
2356 5560 2557 5614 rediret
2598 5560 2861 5613 Athenas.
2915 5558 3245 5612 Adolescens
3299 5558 3394 5611 ille

1437 5708 1681 5767 Notulm
1713 5702 2115 5779 marginales.

208 5825 277 5854 ”'
304 5822 371 5875 In
407 5841 531 5890 uno,
565 5831 975 5897 superscriptunt
1013 5832 1258 5900 ὑπάρχῳ.

1342 5830 1385 5860 ⁸³
1419 5831 1507 5882 καὶ
1539 5829 1833 5892 ἀπεδέξατὸ
1862 5844 1940 5879 τε.
