4180 6434
162 418 266 481 449

155 624 342 687 αὐτοῦ,
380 624 837 693 παραληψόμενον
872 627 980 677 τῶν
1006 627 1106 694 τῆς
1152 627 1565 695 Πελοποννήσου
1597 631 1731 699 ἠγε-

157 716 356 782 μόνωνο
420 713 739 780 αἰτούμενος
773 715 831 768 δὲ
880 719 973 768 καὶ
1022 717 1121 786 τὴν
1176 716 1453 788 θυγατέρα
1504 718 1596 770 τοῦ
1632 719 1731 786 τῆς

155 807 416 876 Σπάρτης
447 808 738 875 ἡγεμόνος.
771 809 908 871 Τοθις
941 810 1129 877 μέντοι
1160 811 1355 877 ὅρκους
1403 811 1731 879 ἐπεποίηντο

153 901 200 951 οί
234 900 527 968 ἡγεμόνες.
586 900 756 970 Θωμᾷ
788 899 844 952 δέ
892 902 969 969 τῷ
1024 903 1271 971 νεωτέρῳ
1301 902 1516 971 ἀδελφῷ
1577 904 1733 971 μεσιὲο

154 991 340 1059 μελλε,
391 993 483 1043 καὶ
533 992 833 1044 ἀπόστασίν
886 1008 943 1043 τε
995 992 1195 1044 αὐτίκα
1252 992 1569 1043 ἐϐουλεύετο
1626 995 1733 1046 ἀπὸ

154 1083 442 1147 βασιλέως.
479 1082 586 1136 Καὶ
624 1084 868 1152 πρέσϐυν
922 1084 1021 1153 μὲν
1053 1084 1306 1151 ἔπεμπεν
1338 1086 1414 1161 ἐς
1447 1086 1544 1147 τὰς
1580 1086 1731 1153 βασι-

152 1176 291 1238 λέως
323 1175 513 1243 θύρας,
547 1176 797 1229 ἀπαιτῶν
816 1176 882 1230 ’⁷.
903 1217 940 1232 ..
971 1176 1193 1229 Ὂιτινα
1214 1177 1277 1246 δὴ
1303 1178 1505 1230 ἁλῶναι
1531 1179 1730 1245 συνέϐη

152 1268 208 1316 ἐν
245 1267 490 1333 Πάτραις
520 1266 611 1317 καὶ
644 1268 701 1328 ἐς
725 1268 822 1335 τὴν
852 1267 1170 1335 ἀκρόπολιν,
1204 1272 1269 1338 ἢν
1317 1270 1643 1337 κατέχουσιν
1682 1272 1730 1323 oi

150 1358 244 1408 τοῦ
278 1356 542 1421 βασιλέως
597 1355 876 1425 νεήλυδες,
912 1359 1005 1411 καὶ
1054 1359 1201 1413 ἄλλοι
1260 1364 1583 1429 περιφανεῖς
1622 1364 1730 1414 τῶν

152 1449 440 1515 Τοὲ;.κων.
469 1448 576 1502 Καὶ
606 1451 762 1503 αὐτοὶ
795 1450 935 1517 μετά
963 1451 1131 1505 ταῦτα
1179 1454 1597 1524 ἐπολιορκοῦντο
1624 1456 1730 1507 ὑπὸ

150 1543 265 1595 τῶν
302 1545 394 1594 τοῦ
422 1543 592 1613 Θωμᾶ
644 1545 1017 1615 στρατιωτῶν.
1047 1548 1159 1617 Τὴν
1194 1547 1380 1616 μέντοι
1429 1549 1729 1602 ἀπόστασιν

151 1636 498 1699 ἐϐουλεύετ),
578 1637 899 1706 πειθόμενος
966 1639 1082 1707 ἅμα
1157 1638 1236 1706 τῷ
1311 1639 1730 1709 Λακεδαιμονίῳ

152 1729 431 1798 Λουκάνῃ,
468 1730 718 1798 φαμένῳ,
753 1731 825 1792 ὡς
854 1729 1172 1797 ξυνθέμενος
1210 1732 1501 1801 προδοσίαν
1532 1735 1643 1793 τοῖς
1670 1736 1729 1784 ἐν

154 1822 431 1889 Κορίνθῳ,
463 1822 604 1889 ἔχειν
632 1822 840 1883 ἐλπίδα,
876 1824 1327 1892 παραστήσεσθαί
1359 1842 1419 1876 τε
1449 1825 1598 1889 αὐτῷ
1631 1826 1727 1895 τὴν

152 1915 336 1975 πόλιν,
368 1916 462 1966 καὶ
484 1914 654 1967 τᾶλλα
685 1914 1091 1981 διαπράξασθαι
1140 1916 1216 1979 ὡς
1270 1917 1525 1986 βέλτιστα
1576 1911 1729 1981 οὗτος

148 2006 251 2075 τὴν
285 2004 478 2074 λοιπὴν
507 2008 708 2074 χώραν.
742 2005 901 2057 Ἐπεὶ
929 2006 986 2059 δὲ
1030 2009 1243 2075 ἀπέστη
1292 2024 1349 2060 τε
1404 2010 1465 2060 ἐκ
1505 2009 1600 2061 τοῦ
1634 2026 1733 2075 φα-

150 2097 343 2163 νεροῦ.
369 2100 461 2149 καὶ
489 2098 745 2165 ἐπολέμει
777 2104 896 2161 ταῖς
933 2100 1197 2169 βασιλέως
1228 2102 1581 2170 ἀκροπόλεσι,
1611 2120 1733 2155 πει-

155 2191 411 2258 ρώμενος
448 2190 589 2241 ἐλείν
624 2192 763 2242 κατὰ
798 2193 1019 2259 κράτος,
1057 2195 1399 2263 προσεχώρει
1447 2195 1545 2262 μὲν
1579 2195 1731 2247 οὐδὲν

153 2286 309 2350 αύτῷ
339 2278 412 2336 ὧν
448 2284 680 2335 ἐπενόει·
738 2286 1040 2355 συναφίπτη
1098 2288 1281 2354 μέντοι
1315 2287 1405 2338 καὶ
1457 2287 1583 2349 τοὺς
1618 2289 1730 2339 λοι.

152 2377 296 2437 ποὺς
332 2375 508 2428 αὐτῶν
542 2376 1029 2445 Πελοποννησίους,
1075 2377 1350 2430 Ἀλϐανῶν
1398 2396 1451 2429 τε
1488 2378 1599 2448 ἅμα
1638 2384 1732 2431 καὶ

164 2467 466 2536 Ἑλλήνων,
500 2469 593 2519 καὶ
624 2467 885 2537 ἐπολέμει
921 2487 979 2521 τε
1014 2469 1132 2538 ἅμα
1166 2471 1240 2537 τῷ
1283 2470 1518 2540 ἀδελφῷ,
1556 2490 1732 2541 παρα-

153 2560 344 2612 καλῶν
374 2562 468 2612 ἐπὶ
498 2562 586 2615 τὸν
618 2562 868 2630 πόλεμον,
893 2562 985 2614 καὶ
1016 2563 1323 2631 ἐπολιόρκει
1358 2564 1459 2630 μὲν
1488 2564 1580 2616 καί
1611 2582 1733 2617 τινα

154 2656 267 2706 τῶν
299 2655 397 2706 τοῦ
425 2655 657 2724 ἀδελφοῦ
694 2656 1073 2725 πολισμάτων.
1123 2657 1343 2723 Ταύτην
1395 2658 1494 2726 μὲν
1542 2657 1607 2727 δὴ
1634 2660 1734 2725 τὴν

153 2748 468 2800 ἀπόστασιν
492 2746 746 2816 Ὁμάρεω
771 2748 907 2815 φασί
940 2764 1081 2807 τινες
1117 2747 1541 2817 διαπράξασθαι.
1578 2750 1731 2803 Ἐπεί

152 2856 217 2889 τε
251 2843 489 2907 τάχιστα
520 2839 753 2892 ἐπύθετο
785 2840 1057 2910 βασιλεὺς,
1095 2841 1320 2909 πέμψας
1370 2843 1427 2904 ἐς
1465 2844 1732 2897 Πελοπόν-

154 2948 330 2999 νησον
360 2932 596 2999 ἄρχοντα
638 2932 902 3001 ὕπαρχον,
958 2935 1312 3002 παυσάμενον
1360 2934 1606 3005 Ὀμάρην
1636 2940 1733 3005 τῆς

155 3022 368 3091 ἀρχῆς,
400 3025 494 3075 καὶ
527 3024 686 3076 αὑτὸν
724 3025 1183 3093 παραληψόμενον
1214 3028 1313 3095 τὴν
1339 3026 1514 3096 ἀρχὴν
1545 3028 1729 3081 αὑτοῦ.

155 3116 274 3166 Καὶ
305 3115 395 3167 διὰ
416 3116 621 3184 ταύτην
649 3115 743 3185 τὴν
776 3116 955 3169 αἰτίαν
982 3116 1278 3182 ἀφελέσθαι
1304 3117 1530 3187 βασιλέα
1574 3119 1735 3184 Ὀμά-

1216 426 1311 483 DE
1350 424 1603 484 REBUS
1636 424 1999 482 TURCICIS

230 534 367 592 Τοὺς
401 530 580 600 μέντοι
622 531 839 600 ὅρκους,
898 532 1113 603 ἔπεμπε
1177 534 1345 603 ἄνδρα
1382 536 1489 587 τῶν
1545 535 1725 604 θυρῶν
1760 537 1801 592 Α

2066 423 2213 486 LIB.
2260 427 2357 486 IX.
3303 443 3409 506 450

1904 534 2046 587 Misit
2078 536 2278 591 deinde
2311 552 2400 591 rex
2454 539 2627 591 virum
2666 541 2728 593 tle
2757 542 2871 596 suis
2894 542 3102 612 januis,
3154 552 3243 616 qui
3295 554 3412 621 jus-

1840 623 2143 688 jurandum
2209 625 2454 693 exigeret
2507 628 2573 681 ab
2628 628 2988 698 Peloponnesi
3051 635 3411 707 principibus.

1836 713 2099 767 Eumtlcm
2139 717 2299 768 etiam
2334 726 2519 786 petere
2547 719 2713 786 jussit
2738 722 2844 775 sibi
2879 722 2929 775 in
2989 741 3212 780 uxorem
3266 732 3413 797 priu-

1836 808 1974 873 cipis
2034 804 2291 874 Spartani
2349 810 2538 865 filiam.
2602 810 2907 882 Piincipes,
2950 821 3413 885 quemadmodum

1835 909 2169 963 prrccepcrat
2205 914 2320 974 res,
2349 902 2399 953 in
2436 901 2577 969 regis
2604 906 2764 956 verba
2796 906 3074 972 jurarunt,
3104 920 3273 979 atque
3316 914 3405 980 ju-

1836 986 2126 1055 rejurando
2156 990 2287 1045 ﬁdes
2339 1003 2564 1061 accepta
2617 1005 2724 1049 est.
2788 998 2983 1051 Verum
3044 1001 3186 1054 haud
3240 1006 3415 1059 multo

1835 1086 1957 1144 post
1994 1078 2362 1146 iurisiurandi
2413 1084 2522 1136 dati
2577 1087 2831 1152 pu'nituit
2870 1086 3131 1142 Thomam
3188 1094 3412 1149 fratrem

1831 1169 2127 1238 juniorem,
2162 1183 2214 1225 et
2265 1176 2519 1241 consilia,
2575 1179 2851 1244 quomodo
2892 1180 3147 1236 deficeret
3193 1200 3221 1235 a
3266 1202 3410 1255 rege.

1835 1271 2071 1318 tractare
2106 1265 2249 1318 haud
2299 1270 2569 1323 cessabat.
2618 1268 2881 1323 Praeterea
2917 1274 3148 1341 legatum
3201 1278 3277 1331 ire
3303 1279 3415 1346 jus-

1833 1353 1904 1407 sit
1938 1354 1987 1405 iu
2034 1355 2228 1423 januas
2261 1359 2425 1424 regis,
2456 1369 2724 1426 petens...
2755 1361 2823 1413 Et
2853 1363 2995 1414 hunc.
3021 1366 3238 1432 quidem
3292 1368 3411 1437 capi

1833 1446 2061 1516 contigit
2094 1447 2291 1511 Patris,
2323 1458 2376 1502 et
2418 1450 2541 1503 duci
2577 1451 2629 1503 in
2666 1466 2869 1515 arcem,
2924 1470 3087 1522 quam
3149 1461 3412 1514 tenebant

1833 1540 2101 1607 peregrini
2135 1542 2294 1609 regis,
2330 1554 2378 1595 ct
2412 1543 2505 1594 alii
2540 1543 2705 1597 Turci
2743 1546 3003 1615 insignes,
3067 1550 3157 1617 qui
3210 1562 3263 1605 et
3300 1553 3408 1619 ipsi

1833 1630 2052 1683 tandem
2089 1633 2489 1688 obsidebantur
2524 1637 2595 1690 ab
2630 1637 2854 1692 Thomas
2908 1640 3192 1695 militibus.
3250 1642 3411 1697 Defe-

1834 1722 2032 1778 ctionis
2065 1737 2246 1781 autem
2275 1728 2507 1782 consilia
2541 1729 2787 1797 agitabat
2819 1734 2993 1801 magis
3037 1735 3270 1801 impulsu
3303 1736 3410 1789 Lu-

1834 1818 1987 1871 canis
2047 1817 2469 1881 Lacedaemonii,
2524 1822 2616 1905 qui
2677 1823 2897 1877 dicebat
2950 1840 3009 1879 se
3045 1828 3406 1894 proditimicm

1836 1908 2171 1963 Subornasse
2200 1925 2323 1963 cum
2366 1912 2449 1965 his
2482 1913 2574 1981 qui
2613 1923 2743 1967 sunt
2792 1914 3042 1968 Corinthi
3084 1936 3097 1969 :
3142 1919 3194 1970 in
3238 1921 3409 1972 maxi-

1836 2015 1921 2053 ma
1952 2015 2010 2055 se
2038 2017 2157 2055 esse
2179 2018 2275 2071 spe.
2306 2002 2480 2074 243
2516 2007 2799 2073 capiundae
2832 2008 3002 2062 urbis.
3032 2009 3185 2073 Quod
3219 2012 3261 2064 si
3284 2028 3407 2065 eve-

1835 2093 1974 2155 niat,
2005 2101 2058 2146 et
2090 2092 2351 2162 reliquam
2402 2101 2676 2164 regionem
2713 2116 2772 2154 se
2794 2102 2989 2155 exinde
3044 2106 3247 2171 Oplillte
3290 2105 3405 2159 dis-

1834 2184 2137 2253 posituros.
2174 2186 2305 2241 Jatu
2363 2198 2545 2256 aperte
2571 2190 2876 2245 desciverat
2905 2195 2971 2247 ab
2997 2210 3142 2263 rege,
3173 2212 3224 2249 et
3248 2213 3359 2251 arci
3378 2216 3404 2253 s

1836 2277 2013 2343 regias
2066 2280 2440 2348 Oppugnabat,
2497 2295 2701 2349 easque
2730 2284 2777 2335 vi
2834 2298 3027 2352 Cttpet‘c
3080 2286 3401 2341 nitebatur:

1834 2370 1967 2422 nihil
2010 2379 2187 2423 tamen
2244 2385 2434 2425 eorum
2462 2388 2581 2440 quae
2617 2386 2801 2428 mente
2840 2378 3100 2446 agitabat,
3146 2394 3405 2446 prospere

1835 2459 2183 2514 succedebat.
2235 2461 2314 2514 Ad
2367 2461 2726 2516 defectionem
2774 2465 2937 2533 igitur
2976 2468 3234 2521 sollicitat
3274 2468 3402 2521 reli-

1838 2567 1974 2620 quos
2042 2552 2435 2621 Peloponnesi,
2500 2554 2740 2609 Albanos
2784 2558 2989 2624 pariter
3052 2569 3105 2612 et
3162 2559 3400 2613 Grmcos.

1835 2644 2012 2698 Etiam
2052 2660 2172 2696 cum
2220 2646 2387 2699 fratre
2437 2645 2637 2699 bellum
2673 2659 2914 2713 get-euut,
2957 2649 3125 2704 armis
3155 2666 3277 2703 eum
3329 2652 3407 2704 Ia-

1835 2750 2059 2788 cesscns
2095 2750 2109 2786 :
2147 2744 2406 2801 prmterea
2438 2736 2696 2803 oppidula
2724 2738 2970 2805 quazdam
2997 2736 3187 2792 fratris
3232 2754 3407 2809 oppu-

1834 2827 2054 2896 gnabat.
2116 2826 2488 2882 Deiectionem
2552 2828 2717 2897 hujus
2750 2829 2975 2897 quidam
3015 2832 3270 2886 Omarem
3308 2850 3373 2886 au

1835 2928 2043 2974 ctorcm
2091 2918 2261 2975 fuisse
2304 2920 2614 2989 perhibent.
2653 2920 2808 2987 Quod
2847 2924 2935 2976 ubi
2985 2925 3255 2989 comperit
3287 2943 3402 2991 rex,

1837 3015 1987 3067 misit
2025 3013 2327 3082 principem
2365 3013 2687 3081 praefectum
2724 3015 2895 3081 illico,
2941 3017 3033 3084 qui
3070 3031 3289 3085 cogeret
3339 3022 3407 3072 ()-

1837 3121 2043 3161 marem
2086 3120 2144 3160 se
2177 3106 2435 3161 abdicare
2488 3108 2798 3177 principatu
2832 3128 2845 3163 :
2882 3111 2998 3178 ipse
3031 3126 3159 3165 vero
3196 3113 3249 3166 in
3288 3114 3407 3182 ejus

158 3224 266 3277 ρην
289 3207 389 3275 τὴν
414 3206 709 3264 Θετταλίας
742 3207 940 3275 ἀρχήν.
980 3208 1240 3269 Βασιλεὺς
1265 3210 1321 3261 δὲ
1348 3210 1442 3260 ἐπὶ
1472 3214 1570 3277 την
1604 3210 1734 3261 Σκο-

1843 3199 2166 3265 dignitatem
2219 3196 2562 3251 succederet.
2611 3196 2761 3251 Hanc
2790 3200 3035 3254 eamdem
3068 3201 3138 3254 ob
3180 3215 3403 3254 causam

157 3301 308 3351 πίων
357 3300 687 3369 ἀφικόμενος
729 3301 882 3351 πόλιν
916 3301 1203 3371 διέτριϐεν,
1251 3303 1317 3370 ἦν
1368 3321 1419 3354 τι
1473 3304 1734 3372 νεώτερον

155 3394 272 3444 ἀπὸ
308 3393 554 3445 Παιόνων
588 3394 933 3460 ἐπιγένηται.
991 3393 1214 3455 Παίονες
1261 3395 1390 3463 γὰρ,
1446 3396 1584 3463 μετά
1635 3396 1735 3464 τὴν

157 3485 548 3553 Μαχουμέτεω
620 3484 900 3553 διατριϐὴν
974 3483 1398 3553 συλλεχθέντες,
1478 3488 1571 3538 καὶ
1643 3488 1735 3539 τὸν

159 3578 387 3645 Ἴστρον
415 3574 721 3636 διαϐάντες,
747 3576 955 3645 ἤλασαν
984 3577 1077 3627 ἐπὶ
1105 3578 1202 3646 τὴν
1234 3576 1327 3628 τοῦ
1358 3578 1735 3646 Μαχουμέτεω

158 3670 443 3737 φυλακήν.
482 3668 587 3720 Καὶ
624 3669 1014 3735 συμϐαλόντες,
1064 3669 1380 3737 ἐτρέψαντο,
1414 3673 1505 3722 καὶ
1559 3673 1738 3738 ἔφθει-

158 3779 270 3829 ραν
305 3761 639 3828 gemmae.
688 3761 964 3814 Ἕὰλωσαν
994 3762 1049 3813 δέ
1084 3780 1226 3825 τινες
1257 3763 1455 3828 αὐτῶν,
1484 3765 1576 3816 καὶ
1597 3767 1736 3835 ἀπή-

154 3853 376 3923 χθησαν
405 3854 558 3920 παρά
595 3852 839 3921 βασιλέα.
864 3853 1127 3915 Βασιλεὺς
1166 3857 1370 3922 μέντοι,
1399 3855 1474 3917 ὼς
1504 3856 1734 3908 ἐπύθετο

153 3946 372 4013 Θωμᾶν
413 3946 505 3996 τὸν
534 3945 796 4014 νεώτερον
832 3947 1059 4013 ἀδελφὸν
1096 3948 1429 4015 παραϐαντα
1463 3949 1591 4011 τοὺς
1637 3949 1732 4018 ὅρ-

153 4056 323 4101 κους,
356 4039 666 4107 πολιορκεῖν
698 4039 953 4101 ἐπιόντας
995 4040 1122 4101 τοὺς
1146 4042 1203 4091 ἐν
1238 4042 1359 4102 ταῖς
1405 4043 1733 4110 ἀκροπόλεσι

152 4130 435 4200 βασιλέως
485 4130 767 4199 νεήλυδας,
819 4130 1035 4199 ἔπεμπε
1086 4133 1401 4201 στράτευμα
1442 4134 1534 4185 ἐπὶ
1572 4133 1732 4185 Πελοο

154 4225 458 4291 πόννησον,
488 4223 548 4273 τό
569 4238 627 4273 τε
658 4221 978 4285 Θετταλίας,
998 4222 1090 4274 καὶ
1115 4222 1401 4283 Αἰτωλίας.
1433 4225 1541 4276 Καὶ
1574 4240 1734 4290 στρα-

148 4316 335 4382 τηγὸν
364 4312 610 4378 ἀπέδειξε
635 4311 931 4381 Χαμουσᾶν
950 4313 1038 4365 τὸν
1075 4313 1450 4382 Ἰερακοφόρον
1478 4315 1732 4382 ἐπίκλην.

152 4408 277 4459 Καὶ
302 4406 363 4465 ὃς
398 4402 673 4456 συλλαϐὼν
706 4403 757 4441 ’⁸
780 4403 1059 4472 Ἀχμάτην
1089 4404 1178 4455 τὸν
1195 4406 1289 4472 τῆς
1330 4405 1733 4474 Πελοποννήσου

146 4496 439 4565 ὕπαρχον,
486 4496 576 4546 καὶ
610 4494 857 4563 ὐμάρην
900 4495 989 4547 τὸν
1035 4496 1421 4564 Τουραχάνεω,
1456 4498 1547 4549 καὶ
1591 4514 1731 4565 γαμο
1765 4541 1809 4599 D

145 4591 296 4659 ερον
338 4588 631 4655 γενόμενόν
666 4589 715 4639 oi
752 4588 845 4640 ἐπὶ
889 4591 955 4656 τῇ
993 4588 1244 4656 θυγατρὶ,
1280 4588 1505 4650 τούτους
1550 4589 1731 4642 λαϐὼν

143 4680 429 4733 ἐσέϐαλεν
456 4681 510 4738 ἐς
534 4678 631 4747 τὴν
675 4679 1099 4744 Πελοπόννησον·
1130 4680 1222 4730 καὶ
1254 4681 1309 4739 ἐς
1353 4679 1572 4747 Πάτρας
1604 4681 1732 4744 μέν·

139 4791 245 4825 τοι
273 4772 378 4839 τῆς
419 4772 641 4839 ’Δχαῖας
687 4770 939 4835 ἀφίκετο,
970 4770 1063 4821 καὶ
1109 4769 1207 4837 τὴν
1237 4770 1532 4837 ἀκρόπολιν
1573 4772 1730 4837 ἠλευ-

141 4866 429 4933 θέρωσεν.
464 4864 528 4914 Oi.
555 4864 661 4931 γὰρ
688 4861 967 4928 Ἕλληνες,
993 4861 1065 4922 ὡς
1086 4860 1314 4929 ᾔσθοντο
1344 4861 1435 4912 τοῦ
1466 4861 1731 4929 βλσιλέως

141 4974 219 5007 at
233 4954 402 5025 ρατὸν
424 4952 667 5016 ἐπιόντα,
697 4952 1074 5017 ἐπανέστησαν
1097 4966 1156 5001 τε
1176 4953 1238 5001 ἐκ
1265 4951 1363 5018 τῆς
1394 4951 1728 5017 πολιορκίας,

136 5051 257 5101 καὶ
292 5049 348 5108 ἐς
387 5045 482 5115 τὴν
515 5043 913 5110 Μεγαλόπολιν,
930 5043 988 5094 τι
1018 5040 1134 5113 [νῦν
1163 5042 1475 5113 λεγόμενον]
1490 5046 1533 5075 9’
1569 5044 1733 5094 Λεονο

134 5142 383 5207 τάριον,
414 5137 767 5201 συνελέγοντο
801 5136 895 5186 ἐπὶ
943 5141 1033 5185 τὶν
1076 5136 1338 5202 ἡγεμόνα,
1393 5135 1465 5197 ὼς
1498 5134 1594 5203 τὴν
1627 5135 1727 5201 μά-

132 5248 269 5298 χην
296 5228 676 5296 ποιησόμενοι.
719 5225 781 5278 '0
812 5226 912 5292 μὲν
945 5222 1036 5275 οὖν
1070 5224 1298 5291 στρατὸς
1350 5223 1491 5293 διῄει
1518 5224 1601 5274 διὰ
1627 5224 1727 5290 τῆς

133 5320 389 5379 Ἠλιδος
431 5317 613 5385 χώραν
642 5318 739 5385 τὴν
771 5315 1065 5384 παραλίαν,
1094 5316 1186 5366 καὶ
1238 5315 1330 5366 ἐπὶ
1370 5318 1467 5381 τὴν
1498 5313 1728 5382 Ἰθώμην

124 5412 518 5480 ἀφικόμενος,
556 5408 707 5479 ἀνῄει
738 5410 791 5470 ἐς
829 5407 1176 5473 Λεοντάριον.
1229 5406 1489 5457 Ἐνταῦθα
1523 5406 1725 5473 Θωμᾶς

126 5501 530 5569 συναθροίσας
559 5502 684 5561 τούς
708 5514 766 5550 τε
814 5496 1126 5560 Ἀλϐανοὺς,
1165 5496 1257 5546 καὶ⁹
1304 5494 1571 5563 ’Έλληνας
1601 5496 1725 5556 τοὺς

1836 3292 2001 3345 etiam
2044 3288 2341 3344 Thessalia:
2378 3290 2751 3358 principatum
2786 3288 2969 3345 Otnari
3015 3292 3239 3347 ademit.
3289 3291 3405 3348 Rex

1838 3382 2116 3453 prolectus
2143 3391 2226 3437 est
2261 3383 2312 3436 in
2348 3382 2673 3452 Scopiorum
2719 3385 2935 3449 urbem,
2972 3396 3027 3440 et
3050 3386 3123 3440 ibi
3161 3397 3404 3440 moratus

1837 3489 1940 3539 est,
1976 3488 2034 3531 ut
2074 3478 2293 3532 audiret
2351 3479 2397 3532 si
2439 3479 2572 3548 quid
2603 3494 2869 3533 novarum
2913 3494 3091 3534 rerum
3141 3480 3400 3536 institue-

1838 3581 1960 3624 rent
1990 3571 2298 3625 Pannones.
2336 3570 2469 3624 Nam
2518 3571 2829 3633 Pannoncs,
2861 3573 2948 3627 ubi
2992 3565 3249 3642 accepere
3293 3574 3405 3628 Mc-

1839 3665 2147 3718 chumetem
2188 3670 2438 3733 paratum
2467 3677 2613 3727 esse,
2645 3673 2703 3716 ut
2728 3665 2870 3733 regis
2907 3666 3180 3732 regionem
3216 3666 3405 3719 defeti-

1838 3757 2012 3821 deret,
2045 3774 2113 3812 ne
2167 3758 2298 3827 quid
2342 3758 2466 3810 mali
2505 3758 2573 3810 ab
2614 3758 2750 3825 ipsis
2795 3759 3087 3826 acciperet,
3136 3759 3189 3812 in
3229 3776 3396 3813 unum

1837 3847 2074 3911 collecti,
2117 3847 2444 3902 transmisso
2490 3846 2625 3901 Istro
2673 3849 3007 3901 contendere
3038 3850 3103 3901 ad
3143 3861 3267 3903 eum
3318 3850 3395 3902 lo-

1837 3955 1959 3993 cum
2003 3940 2095 3993 ubi
2134 3938 2504 3993 Mecltuntetcs
2555 3953 2677 3993 cum
2728 3942 2879 4007 regio
2914 3940 3168 4008 prmsidio
3219 3955 3403 3993 mane-

1839 4032 1950 4085 bat.
1981 4031 2292 4086 Comtnisso
2320 4039 2498 4084 autem
2527 4032 2737 4099 praelio,
2768 4033 2822 4084 in
2851 4031 3031 4101 fugam
3069 4033 3210 4085 versi
3252 4046 3400 4091 sunt.

1838 4125 2029 4192 paucis
2057 4138 2122 4177 co
2158 4124 2342 4190 praelio
2380 4124 2620 4177 amissis.
2658 4123 2891 4189 Quidam
2919 4125 3062 4191 capti
3112 4126 3177 4176 ad
3220 4139 3400 4191 regem

1838 4216 2055 4268 abducti
2092 4226 2240 4269 sunt.
2276 4213 2415 4279 Rex,
2464 4213 2554 4268 ubi
2592 4214 2814 4267 allatum
2865 4225 2948 4269 est
2982 4213 3246 4268 Thomam
3298 4214 3406 4267 fra-

1838 4316 1973 4361 trem
2013 4307 2286 4375 juniorem
2313 4306 2543 4374 abrupta
2580 4306 2945 4374 jurisjuraudi
3004 4307 3271 4374 religione
3315 4311 3407 4360 de-

1840 4399 2057 4463 fecisse,
2090 4399 2346 4451 obsidere
2375 4413 2504 4452 suos
2534 4397 2872 4465 peregrinos.
2906 4412 3046 4465 quos
3075 4398 3238 4449 veluti
3270 4412 3405 4465 prae-

1840 4493 2040 4548 sidium
2095 4491 2312 4543 arcibus
2366 4488 2723 4555 imposuerat,
2761 4490 3063 4541 exercitum
3100 4486 3403 4541 Thessalia:

1837 4598 1893 4639 et
1928 4583 2143 4638 Etoliaa
2180 4592 2370 4636 contra
2398 4581 2838 4649 Peloponnesum
2866 4582 2945 4633 ire
2980 4581 3153 4649 jubet.
3197 4579 3400 4633 Ducem

1836 4677 1959 4729 belli
1984 4676 2226 4727 declarat
2254 4673 2590 4726 Cltamuzam
2640 4672 2972 4737 cognomine
3031 4671 3401 4739 llieracOpho-

1838 4783 1955 4821 rum
1976 4767 2109 4835 (Ἠ).
2128 4764 2245 4827 llic,
2266 4766 2437 4832 captis
2460 4764 2722 4817 Achmale
2740 4762 3095 4831 Peloponnesi
3120 4761 3397 4831 prasfccto,

1834 4868 1888 4913 et
1917 4856 2113 4911 Omare
2147 4856 2489 4909 Turaeltanis
2522 4854 2649 4918 lilio,
2686 4870 2845 4923 quem
2876 4868 3137 4923 generum
3190 4855 3401 4909 ascive-

1834 4959 1939 5009 rat,
1962 4952 2234 5014 ingressus
2259 4955 2342 5000 est
2372 4947 2800 5010 Peloponnesum
2834 4962 2847 4999 :
2878 4954 2932 5000 et
2956 4947 3147 5000 Patras
3169 4946 3393 5001 Achaiae

1835 5040 2078 5099 veniens,
2101 5052 2280 5089 arcem
2316 5035 2600 5089 obsidione
2632 5036 2817 5090 solvit.
2841 5037 3018 5089 (ἰηιιεί
3075 5038 3219 5088 enim
3271 5052 3395 5090 cum

1833 5128 2211 5192 cognovissent
2243 5126 2384 5192 regis
2413 5124 2705 5177 exercitum
2753 5126 3037 5187 accedere,
3073 5126 3397 5179 omitteules

1830 5213 2558 5277 obsidionem,Leontarium
2584 5215 2635 5267 in
2658 5229 2906 5285 magnam
2927 5218 3114 5269 urbem
3148 5218 3213 5267 ad
3246 5218 3395 5284 prin-

1831 5311 2005 5377 cipem
2062 5307 2478 5375 colligebantur,
2518 5308 2673 5373 quasi
2710 5306 3054 5374 congressuri
3110 5309 3225 5360 acie
3272 5322 3394 5360 cum

1831 5400 1973 5470 regis
1998 5400 2263 5452 exercitu.
2294 5395 2579 5451 Exercitus
2601 5398 2818 5466 quidem
2873 5400 2974 5450 iter
3016 5396 3249 5451 faciebat
3302 5413 3395 5465 per

1833 5492 2117 5558 regionem
2134 5489 2300 5544 Elidis
2322 5489 2646 5542 maritimam
2673 5506 2689 5547 ;
2714 5498 2765 5543 et
2788 5490 3048 5544 lthomam
3073 5490 3395 5560 perveniens

1433 5608 1677 5667 NOlultB
1731 5606 2129 5681 marginales.

230 5716 351 5781 (7|)
399 5708 859 5780 Aecipitriferum.

226 5854 279 5887 ’⁷
320 5852 425 5906 Hic
454 5854 697 5923 quadam
724 5850 1107 5905 desiderantur.
1139 5846 1196 5901 R.
1241 5856 1293 5901 ut
1324 5847 1375 5897 in
1415 5860 1462 5898 c.
1539 5846 1582 5877 "
1607 5847 1665 5897 In
1706 5862 1831 5911 uno,
1868 5842 2069 5898 λαϐὼν.

2153 5844 2195 5873 ⁹⁹
2232 5841 2449 5898 Inclusa
2490 5845 2677 5897 desunt
2726 5845 2776 5897 in
2824 5861 2947 5897 uno.
