4180 6434
194 443 295 506 453

1230 442 1324 501 DE
1367 440 1616 499 REBUS
1656 437 2005 496 TURCICIS
2051 437 2196 497 LIB.
2247 437 2341 496 [Χ.

3305 436 3408 501 454

190 559 305 611 τόδε
359 556 504 624 αὐτῷ
558 555 664 607 τῶν
713 554 1084 625 πραγμάτιον,
1151 553 1749 618 παρασκευασάμενος,

1859 563 2077 615 pergere
2109 563 2309 613 regem.
2341 548 2551 600 obviam
2576 562 2637 601 ex
2678 550 2809 601 urbe
2836 548 3152 617 procedunt,
3194 552 3412 619 regique

191 650 420 719 ἤλαυνεν
462 648 551 699 ἐπὶ
588 647 983 714 Σπενδερόὅην,
1015 646 1089 707 ώς
1131 643 1329 709 ἐξελῶν
1354 645 1494 695 κατά
1527 645 1745 711 κράτοςο

190 742 237 791 οἱ
266 740 310 792 δ’
350 741 409 791 ὲν
438 742 503 808 τῇ
540 739 690 789 πόλει
732 737 1111 808 Σπενδερόδῃ,
1157 735 1569 803 πυνθανόμενοι.
1594 734 1749 800 βασι-

190 831 285 883 λέα
318 832 540 883 ἐπιόντα
574 829 778 895 σφίσιν,
834 829 1087 895 ὑπήντων
1112 826 1254 894 αὐτῷ
1303 828 1400 885 τὰς
1456 825 1605 888 κλεῖς
1659 824 1753 892 φέ-

193 939 379 992 ροντες
418 920 558 974 κατά
620 920 719 989 τὴν
753 919 893 971 ὀδόν.
924 919 1189 980 Βασιλεὺς
1222 919 1321 985 μὲν
1356 919 1419 985 δὴ
1458 919 1582 978 τοὺς
1623 918 1750 985 Τρι-

190 1014 423 1076 ϐαλλοὺς
474 1012 833 1081 ἐθεράπευσε.
916 1013 1124 1080 χώραις
1191 1011 1600 1079 δωρησάμενος,
1658 1010 1751 1061 καὶ

192 1108 440 1175 χρήμασι
488 1107 612 1165 τοὺς
658 1104 907 1165 πολλοὺς.
973 1104 1065 1154 καὶ
1123 1102 1222 1170 τὴν
1271 1101 1365 1153 τοῦ
1420 1099 1749 1169 Ἐλεαζάρου

189 1202 428 1268 γυναῖκα
462 1198 796 1251 ὑπόσπονδον
830 1198 1039 1266 ἀφῆκεν
1068 1194 1444 1264 ἀποφέρεσθαι
1473 1193 1563 1243 τὸν
1591 1192 1754 1245 πλοῦ-

187 1312 281 1345 τον
304 1293 491 1359 αὐτῆς,
518 1292 829 1360 οἰχομένην,
857 1291 947 1342 καὶ
976 1289 1076 1355 τήν
1097 1305 1157 1340 τε
1202 1292 1444 1357 φρουρὰν
1470 1288 1564 1339 σὺν
1605 1287 1750 1355 αὐτῷ

190 1386 484 1452 παρέλαϐε.
536 1385 643 1437 Kal
697 1384 772 1442 ὼς
818 1382 965 1451 αὐτῷ
1010 1378 1434 1451 προσεχώρησεν
1476 1381 1506 1447 ἡ
1559 1379 1749 1439 πόλις,

190 1478 419 1546 ὥρμητο
453 1476 551 1543 μὲν
593 1478 647 1537 ἐς
704 1474 1108 1541 Πελοπόννησον
1144 1471 1572 1540 στρατεύεσοαμ
1615 1472 1749 1537 μετὰ

188 1572 245 1623 δὲ
274 1569 605 1637 ἀφικόμενος
641 1567 697 1629 ις
730 1565 1056 1629 Βυζάντιον,
1085 1565 1180 1617 καὶ
1216 1566 1271 1625 ἔς
1302 1566 1399 1633 τὴν
1433 1564 1618 1615 Ἀσίαν
1636 1563 1752 1613 δια-

193 1664 317 1725 ϐὰς,
347 1662 577 1731 ἤλαυνεν
616 1658 707 1711 ἐπὶ
741 1658 1082 1727 Ἀμαστρον,
1124 1656 1225 1725 τὴν
1278 1655 1520 1707 Ἰανυῖων
1574 1655 1747 1714 πόλιν,

191 1752 285 1802 ἐπὶ
335 1750 412 1815 τῷ
444 1750 679 1817 Εὐξείνῳ
726 1748 928 1816 πόντῳ.
963 1749 1023 1799 Οἱ
1058 1746 1168 1815 γὰρ
1225 1746 1438 1798 Ἰανυῖοι
1489 1743 1751 1809 πρέσϐεις

189 1842 532 1910 πέμψαντες,
554 1839 779 1909 ᾐτοῦντο
795 1840 894 1908 τὴν
918 1838 1188 1904 Γαλατίην
1216 1837 1371 1889 πόλιν
1385 1832 1550 1888 οὖσαν
1574 1835 1745 1900 σφῶν,

1857 638 1909 691 in
1938 638 2127 692 itincre
2156 640 2333 692 claves
2368 638 2603 690 tradunt.
2636 638 2701 690 At
2731 654 2821 691 rex
2849 654 3067 691 munera
3106 654 3297 704 magna
3355 641 3407 691 in

1855 729 1954 783 hos
1979 727 2246 783 Triballos
2298 729 2550 793 contulit,
2594 729 2858 796 quosdam
2886 729 3099 797 opibus.
3146 733 3407 798 quosdam

1853 834 1982 873 vero
2049 820 2356 888 regionibus
2414 821 2639 873 donans.
2713 818 2948 874 Uxorem
3029 820 3267 874 Eleazari
3358 822 3411 873 in

1852 908 2031 965 fmdus
2066 921 2333 979 receptam
2379 925 2574 980 passus
2602 918 2684 963 est
2708 911 2856 964 abire.
2881 911 3213 965 auferentem
3283 926 3413 979 opes

1853 1016 1983 1055 suas
2046 1001 2285 1069 impune.
2320 1002 2637 1056 Praesidium
2686 1012 2866 1055 autem
2930 1019 3037 1056 una
3097 1018 3217 1055 cum
3280 1004 3413 1055 urbe

1852 1091 2013 1157 cepit.
2040 1092 2315 1161 Oecupata
2351 1094 2451 1147 ista
2507 1096 2660 1157 urbe,
2724 1096 2905 1145 animo
2951 1093 3111 1162 245
3166 1095 3413 1146 volvebat

1852 1185 2147 1236 exercitum
2203 1194 2391 1238 contra
2439 1182 2867 1252 Peloponnesum
2913 1184 3127 1237 ducere.
3178 1184 3413 1238 Veniens

1854 1288 2031 1331 autem
2100 1276 2411 1346 Byzantium
2457 1318 2472 1341 ,
2543 1287 2597 1330 et
2650 1277 2777 1329 hinc
2833 1277 3047 1331 solvens
3105 1277 3156 1329 in
3198 1276 3411 1339 Asiam,

1852 1368 2184 1423 exercitibus
2212 1368 2559 1423 circumsedit
2604 1368 2913 1419 Amastrum
2954 1368 3142 1419 urbem
3170 1367 3412 1419 Januen-

1852 1460 2017 1525 sium,
2077 1460 2234 1513 sitam
2268 1459 2320 1511 in
2353 1461 2487 1512 mari
2530 1459 2760 1513 Euxino.
2793 1459 2928 1510 Nam
2988 1455 3285 1510 Jauuenscs
3312 1457 3412 1507 mi-

1851 1561 2034 1607 serant
2081 1550 2285 1617 legatos
2311 1550 2374 1603 ad
2406 1565 2604 1619 regem,
2634 1550 2860 1618 petitum
2894 1549 3079 1602 urbem
3144 1546 3408 1601 Galatiam

1851 1644 1993 1713 (quae
2020 1650 2072 1695 et
2090 1640 2246 1709 Pera)
2276 1655 2395 1709 quae
2428 1642 2668 1708 ipsorum
2697 1649 2861 1703 esset,
2890 1655 3053 1709 quam
3086 1641 3407 1707 possideret,

1850 1734 2099 1804 quamvis
2147 1731 2346 1785 fmdera
2388 1733 2941 1792 intervenissent,nec
2985 1734 3159 1799 aliqua
3212 1732 3409 1798 injuria

1850 1840 1975 1880 eum
2004 1824 2330 1887 all‘ecissent,
2354 1824 2617 1876 foederum
2644 1823 2958 1889 religionem
2990 1825 3403 1890 abrumpentes.

184 1895 342 1987 οὐδὲν
366 1895 706 2001 ἠδικηκότες,
743 1895 861 1984 καὶ.
899 1931 1129 1992 σπονδὰς
1170 1931 1402 1998 ἐχόντων
1434 1928 1600 1995 αὐτῷ.
1633 1925 1743 1979 Καὶ

1849 1918 2105 1982 Quamvis
2126 1924 2303 1969 autem
2320 1917 2438 1984 ejus
2455 1924 2631 1982 partes
2650 1914 2904 1985 Byzantio
2934 1925 3089 1983 capto
3110 1916 3179 1966 sit
3204 1924 3408 1979 secuta,

187 2024 235 2074 εί
287 2022 674 2091 προσεχώρησε
728 2023 783 2073 δὲ
834 2022 975 2074 κατὰ
1028 2022 1129 2089 τὴν
1168 2020 1462 2083 Βυζαντίου
1520 2020 1742 2079 ἅλωσιν,

186 2117 379 2185 ἠξίουν
404 2106 556 2177 αὖθις
584 2116 769 2183 σφίσιν
791 2114 1141 2182 ἀποδοθῆναι.
1189 2113 1452 2173 Βασιλεὺς
1504 2112 1599 2179 μὲν
1653 2111 1747 2163 οὖν

186 2211 653 2278 ἀπεκρίνατο,ώς
706 2205 829 2260 οὔτε
880 2207 1039 2269 αὐτὸς
1072 2206 1309 2273 ἀδικοίη,
1372 2202 1492 2256 οὔτε
1548 2204 1747 2265 ἐλάσας

187 2302 300 2352 ἕλοι
343 2299 440 2368 τὴν
468 2298 645 2353 πόλιν.
672 2296 816 2349 Ἀλλ’
855 2296 903 2348 οί
936 2298 1033 2365 τῆς
1077 2296 1282 2355 πόλεως
1314 2296 1591 2365 ἄρχοντες,
1625 2296 1747 2361 ἀφι-

188 2393 418 2460 κόμενοι
444 2390 517 2450 ώς
548 2388 734 2452 αὐτὸν,
767 2388 1091 2457 παρέδωκάν
1128 2404 1187 2439 τε
1252 2389 1412 2454 σφᾶς,
1470 2386 1747 2451 ἀξιοῦντες

186 2482 247 2537 εὖ
312 2484 543 2552 πάσχειν
576 2483 680 2534 ὐπὸ
735 2481 1020 2551 βασιλέως.
1056 2480 1164 2532 Καὶ
1192 2480 1364 2549 ταύτῃ
1418 2478 1747 2548 παραλαϐὼν

184 2575 289 2642 τὴν
332 2573 510 2635 πόλιν,
544 2572 735 2624 οὐδένα
758 2571 1036 2638 ἠδικηκὼς
1072 2571 1178 2638 εἴη.
1221 2570 1317 2621 Διά
1347 2569 1518 2620 ταῦτα
1569 2569 1633 2637 δὴ
1658 2569 1748 2619 τὸν

187 2667 435 2732 πόλεμον
460 2662 915 2730 ἀπαγγελλόντων
957 2664 1065 2713 τῶν
1096 2660 1340 2714 Ἰανυῖων
1399 2662 1544 2721 τότε,
1579 2661 1747 2730 ἤλαυ-

187 2779 281 2812 νεν
321 2760 413 2812 ἐπὶ
450 2760 757 2824 Ἄμαστριν
779 2757 799 2786 ι
827 2755 978 2808 πόλιν
1040 2755 1133 2806 ἐπὶ
1164 2755 1240 2823 τῷ
1274 2756 1509 2823 Εὐξείνῳ
1544 2756 1742 2822 πόντῳ.

200 2851 479 2905 Ἐλαύνων
500 2850 579 2912 δὲ,
617 2848 848 2916 ἐφέρετο
897 2847 995 2916 μὲν
1025 2846 1222 2917 χαλκὸν
1257 2847 1488 2900 ἄπλετον
1515 2848 1609 2898 ἐπὶ
1639 2848 1749 2899 τῶν

185 2944 457 3019 καμήλων
481 2943 572 2992 καὶ
606 2941 939 3007 ὑποζυγίων·
969 2940 1133 3010 ἤγετο
1167 2940 1221 2991 δὲ
1252 2940 1344 2991 καὶ
1397 2938 1485 2989 τὸν
1518 2938 1624 2989 ἀπὸ
1652 2937 1749 3004 τῆς

198 3038 392 3099 Ἀσίας
425 3037 677 3104 στρατόν.
720 3034 805 3095 Ὠς
844 3034 900 3085 δὲ
924 3035 1249 3101 ἀφικόμενος
1295 3032 1601 3098 ἐπολιόρκει
1652 3030 1751 3095 τὴν

187 3133 374 3191 πόλιν,
402 3127 821 3195 προσεχώρησεν
850 3127 881 3195 ἡ
916 3126 1066 3186 πόλις
1100 3125 1246 3191 αὐτῷ
1287 3122 1410 3174 καθ’
1437 3121 1745 3189 ὁμολογίαν.

187 3218 534 3288 Παραλαόὼν
558 3218 613 3269 δὲ
638 3217 732 3286 τὴν
765 3216 940 3277 πόλιν,
966 3215 1027 3267 τὸ
1054 3215 1153 3281 μὲν
1180 3215 1362 3282 τρίτον
1385 3213 1547 3280 μέρος
1581 3209 1746 3263 αὐτοῦ
1778 3249 1820 3307 C

186 3314 516 3370 καταλιπὼν
545 3315 601 3364 ἐν
624 3315 688 3382 τῇ
720 3312 894 3375 πόλει,
930 3312 1027 3372 τὰς
1062 3310 1155 3362 δύο
1193 3308 1389 3375 μοίρας
1417 3308 1639 3373 ἀγαγὼν
1656 3307 1749 3372 τῆς

186 3409 428 3470 πόλεως,
492 3407 550 3468 ἐς
611 3404 903 3466 Βυζάντιον
963 3402 1259 3471 κατῴκισε.
1324 3402 1429 3453 Καί
1464 3417 1612 3461 τινας
1646 3399 1752 3450 τῶν

187 3501 407 3554 παίδων
440 3499 604 3551 αὐτοῦ
632 3498 729 3564 τῆς
765 3496 975 3556 πόλεως
1026 3494 1338 3560 ἐξελόμενος
1391 3489 1588 3558 ἐαυτῷ,
1632 3493 1751 3539 ἐκο-

188 3594 384 3660 μίζετο
431 3589 517 3641 ἐπ’
576 3589 750 3640 οἴκου.
788 3587 958 3639 Ἔνθα
1004 3586 1065 3652 δὴ
1124 3585 1268 3653 αὐτῷ
1334 3584 1629 3651 ἠγγέλλετο
1682 3584 1751 3635 τά

186 3682 462 3736 Χασάνεω
543 3679 844 3747 πράγματα
925 3678 1123 3746 χωρεῖν
1199 3677 1292 3727 ἐπὶ
1373 3675 1596 3742 μέσης⁸
1666 3673 1752 3725 δυ-

184 3774 412 3840 νάμεως
477 3771 568 3823 καὶ
651 3768 1013 3837 Ἐρζιγάνην,
1078 3768 1185 3833 τὰ,
1239 3767 1541 3833 ’Δρμενίων
1602 3765 1753 3833 βασί-

182 3862 334 3912 λεια.
386 3856 543 3910 ’Λλλὰ
575 3855 744 3908 ταῦτα
782 3856 878 3923 μὲν
910 3854 1134 3925 ὕστερον
1190 3856 1267 3923 τῷ
1294 3855 1402 3908 ἔτει
1431 3856 1605 3924 τούτῳ
1635 3855 1750 3918 ἐγέ-

182 3966 335 4003 νετο.

262 4038 484 4091 Βασιλεῖ
528 4038 710 4102 μέντοι
741 4037 1075 4100 ὲξελαύνοντι
1103 4034 1210 4088 ἀπὸ
1241 4036 1665 4104 Πελοποννήσου,
1696 4036 1755 4097 ἐς

183 4134 287 4194 τὰς
321 4130 497 4199 θύρας
525 4132 754 4197 ἀφίκετο
777 4131 803 4180 ὁ
830 4128 1094 4196 βασιλέως
1145 4127 1370 4193 ἀδελφὸς
1404 4128 1754 4196 Τραπεζοῦν·

185 4243 285 4286 τος
321 4222 507 4285 Δαδιδ,
535 4223 626 4272 τόν
648 4237 707 4273 τε
742 4221 907 4289 φόρον
949 4220 1159 4288 ἐπέχων
1187 4222 1230 4282 ⁸,
1268 4222 1360 4271 καὶ
1394 4220 1491 4280 τὰς
1525 4219 1751 4281 σπονδὰς

184 4314 468 4383 ἐμπεδῶν.
504 4313 563 4363 UE
586 4313 691 4379 γὰρ
741 4312 997 4379 Κολχίδος
1050 4312 1291 4380 βασιλεῖς
1348 4312 1593 4378 λέγονται
1658 4311 1754 4379 μὲν

185 4406 453 4475 γενέσθαι
482 4407 744 4476 πρότερον
775 4402 1068 4465 Βυζαντίου
1120 4402 1377 4470 βασιλεῖς,
1409 4404 1503 4471 τῆς
1532 4404 1756 4471 Κομνηξ-

184 4500 303 4552 νῶν
335 4498 535 4557 οἰκίας·
571 4498 789 4556 τούτους
822 4494 866 4545 δ’
890 4494 963 4558 ὠς
997 4495 1251 4546 ἐκπεσεῖν
1287 4494 1387 4561 τῆς
1452 4495 1754 4562 βασιλείας,

1849 2018 2025 2061 tamen
2040 2020 2157 2058 eam
2176 2006 2276 2059 sibi
2291 2007 2497 2058 restitui
2513 2006 2755 2057 orabant.
2773 2005 2883 2057 [lex
2904 2004 3090 2072 legatis
3111 2005 3408 2071 respondit,

1847 2114 1905 2152 se
1922 2099 2118 2153 nullam
2140 2096 2381 2151 fraudem
2401 2096 2621 2151 Galatia:
2640 2095 2853 2159 fecisse,
2880 2110 2977 2150 nec
2993 2096 3261 2149 exercitus
3279 2108 3411 2148 con-

1848 2198 1928 2242 tra
1948 2204 2068 2242 eam
2093 2189 2345 2253 movisse,
2373 2202 2469 2240 nec
2487 2190 2650 2240 etiam
2668 2201 2787 2239 eam
2810 2188 2857 2239 vi
2880 2202 3229 2255 expugnasse
3262 2202 3276 2239 :
3307 2202 3370 2238 ve
3387 2214 3412 2227 -

1845 2296 1964 2334 rmn
1988 2280 2137 2334 urbis
2155 2278 2390 2348 praefecti
2415 2279 2785 2343 advenientes,
2811 2283 3129 2346 semetipsos
3146 2290 3197 2332 et
3222 2279 3409 2331 urbem

1847 2373 1974 2427 mihi
1998 2372 2279 2433 tradidere,
2304 2387 2359 2431 ut
2387 2373 2515 2441 quid
2545 2372 2669 2424 boni
2690 2374 2886 2439 potius,
2912 2385 3069 2437 quam
3096 2371 3241 2431 mali,
3264 2384 3292 2421 a
3325 2384 3412 2422 me

1847 2476 2179 2534 paterentur.
2205 2465 2263 2519 lu
2290 2466 2431 2518 hunc
2455 2464 2672 2517 tnodum
2708 2464 2839 2516 urbe
2882 2465 2982 2516 ista
3020 2463 3219 2530 potitus
3266 2476 3409 2523 sum,

1848 2572 1945 2611 nec
1977 2560 2226 2625 cuiquam
2260 2557 2510 2619 injuriam
2544 2554 3039 2609 intuli..lanueuses
3072 2566 3249 2607 autem
3285 2569 3408 2606 cum

1848 2649 1954 2716 regi
1975 2657 2191 2715 prOpter
2209 2646 2365 2699 ismm
2388 2648 2573 2700 urbem
2594 2648 2790 2700 bellum
2816 2647 3132 2708 indicerent,
3154 2646 3265 2713 ipse
3290 2662 3410 2715 pro-

1850 2737 2022 2792 fectus
2039 2746 2321 2789 estcontta
2342 2738 2526 2790 urbem
2546 2738 2748 2789 Alllaa’ll
2766 2738 2858 2801 im,
2879 2735 2942 2789 ad
2967 2750 3113 2789 mare
3138 2735 3408 2789 Euxinum

1850 2832 2034 2885 sitam.
2054 2830 2108 2882 lu
2135 2829 2277 2883 hanc
2301 2828 2697 2897 expeditionem
2727 2830 3015 2896 plurimum
3040 2832 3160 2882 teris
3187 2831 3419 2883 vehebat

1849 2924 2070 2978 camelis
2091 2933 2142 2975 et
2162 2922 2441 2990 jumentis.
2460 2921 2657 2975 Contra
2692 2923 2844 2974 istam
2871 2924 3055 2974 urbem
3078 2924 3239 2974 etiam
3264 2924 3417 2975 Asia-

1852 3029 1983 3067 num
2030 3016 2329 3068 exercitum
2385 3014 2772 3068 ductavit.Ubi
2817 3014 2882 3067 ad
2932 3015 3118 3067 urbem
3172 3018 3409 3077 advenit,

1852 3120 2080 3173 eamque
2111 3119 2418 3171 expugnare
2472 3105 2681 3169 institit,
2733 3105 3017 3160 confestim
3081 3108 3409 3160 deditionem

1855 3196 1985 3247 fecit
2018 3198 2427 3250 conditionibus
2462 3199 2806 3267 quibusdam.
2838 3198 2949 3251 [lex
3012 3203 3197 3251 urbem
3251 3200 3411 3251 istam

1857 3289 1907 3340 in
1939 3287 2269 3343 deditionem
2298 3291 2621 3358 suscipiens,
2658 3301 2861 3360 partem
2888 3291 3171 3346 hominum
3199 3292 3409 3346 tertiam

1857 3380 1908 3432 in
1940 3396 2003 3433 ea
2032 3383 2273 3449 reliquit,
2314 3382 2550 3449 reliquas
2577 3382 2712 3435 duas
2754 3392 2935 3452 partes
2988 3386 3324 3454 Byzantium,
3354 3398 3411 3441 ut

1856 3473 1929 3525 ibi
1958 3474 2285 3538 habitarent,
2322 3476 2733 3543 transportavit.
2766 3476 2969 3529 Deinde
2990 3480 3197 3547 eligens
3252 3482 3411 3546 ques-

1855 3570 1979 3616 dam
2007 3564 2243 3617 civitatis
2281 3565 2443 3634 hujus
2476 3580 2696 3632 pueros,
2724 3579 2847 3618 eum
2904 3568 2971 3620 iis
3018 3570 3238 3621 domum
3290 3584 3412 3636 pro-

1858 3655 2029 3707 fectus
2056 3663 2159 3709 est.
2184 3654 2392 3709 Interea
2419 3658 2698 3710 nuntiatur
2750 3657 3017 3712 ChaSanis
3047 3662 3158 3729 (75)
3190 3678 3275 3715 res
3299 3679 3412 3715 ma-

1860 3764 2003 3801 xima
2022 3763 2233 3803 srnnere
2262 3751 2601 3808 incrementa
2661 3766 2897 3821 eumque
2924 3769 3143 3823 pergere
3189 3756 3414 3825 Erziga-

1860 3840 2140 3912 uam(74),
2189 3843 2549 3899 Armenorum
2599 3846 2749 3915 regni
2772 3848 2979 3901 sedem.
3040 3849 3237 3902 Verum
3296 3851 3409 3905 hac

1856 3939 2070 4006 quidem
2103 3939 2349 4003 sequenti
2376 3955 2518 3994 anno
2546 3943 2843 4010 contigere.

1923 4026 2059 4083 Cum
2090 4046 2184 4084 rex
2229 4034 2296 4084 ab
2330 4030 2699 4100 Peloponneso
2731 4035 2784 4086 in
2827 4036 2971 4087 illam
3008 4038 3407 4105 expeditionem

1860 4122 1983 4187 iret,
2020 4124 2085 4176 ad
2106 4123 2302 4189 januas
2326 4128 2470 4177 venit
2492 4128 2632 4193 regis
2647 4129 2815 4181 frater
2844 4126 3198 4198 Trapezuntis
3224 4132 3409 4191 David,

1860 4216 2115 4269 tributum
2156 4217 2355 4285 ferens,
2390 4230 2443 4273 et
2495 4219 2696 4275 foedera
2732 4222 2957 4277 faciens.
2982 4223 3113 4277 Nam
3136 4226 3410 4280 Colchidis

1857 4321 2014 4376 reges
2055 4309 2301 4364 feruntur
2324 4327 2476 4382 reges
2506 4317 2633 4367 olim
2665 4313 2903 4384 Byzantii
2923 4318 3111 4381 luisse,
3141 4320 3252 4371 nati
3273 4334 3303 4371 e
3330 4318 3409 4371 fa-

1858 4398 2004 4451 milia
2044 4398 2461 4455 Comnenorum.
2485 4400 2546 4453 Hi
2571 4413 2746 4456 autem
2772 4419 2891 4456 cum
2909 4405 3229 4458 exciderunt
3248 4423 3408 4476 regno

1856 4490 2470 4561 Constantinopolitano,
2490 4495 2753 4549 lsaacium
2774 4498 2914 4564 regis
2933 4498 3098 4550 lilium
3116 4499 3409 4566 fugientem

199 4591 478 4645 Ἰσαάκιον
503 4588 592 4639 τὸν
624 4586 786 4638 παῖδα
810 4584 905 4638 τοῦ
961 4584 1224 4650 βασιλέως
1276 4586 1629 4651 διαφυγόντα,
1665 4603 1750 4639 τε·

1857 4590 2009 4649 patre
2049 4583 2368 4652 interempto
2392 4599 2419 4637 a
2444 4587 2661 4653 p0pulo,
2684 4597 2899 4654 promer
2922 4589 3101 4641 odium
3120 4606 3229 4657 quo
3257 4592 3309 4643 in
3331 4593 3412 4660 ip-

186 4681 561 4749 λευτήσαντος
593 4676 697 4728 ὐπὸ
728 4677 901 4743 δήμου
930 4674 1023 4727 τοῦ
1071 4676 1279 4743 πατρὸς
1328 4676 1518 4741 αὐτοῦ,
1561 4676 1649 4727 διὰ
1693 4676 1753 4728 τὸ

187 4775 356 4842 ἔχθος
392 4771 453 4822 τὸ
485 4768 622 4837 πρὸς
654 4767 842 4830 αὐτὸν,
868 4765 1107 4835 οἶχεαθαι
1143 4768 1235 4818 ἐπὶ
1260 4765 1356 4835 τὴν
1385 4766 1618 4834 Κολχίδα
1648 4768 1757 4836 χώ-

192 4883 323 4934 ραν,
358 4864 452 4913 καὶ
481 4862 572 4912 ἐπὶ
593 4860 690 4926 τὴν
722 4858 1133 4928 Τραπεζοῦντα.
1170 4858 1527 4925 ’Δφικομένου
1571 4857 1628 4909 δὲ.
1670 4860 1755 4909 ὲν-

187 4956 398 5016 ταῦῢα,
434 4952 763 5019 καταστῆναι
788 4951 896 5004 ἀπὸ
925 4952 1031 5001 τῶν
1065 4949 1372 5019 ἐπιχωρίων
1402 4951 1496 5002 ἐπὶ
1522 4950 1617 5017 τὴν
1660 4951 1757 5017 τῆς

193 5046 466 5114 Κολχίδος
496 5042 817 5114 ἠγεμονίαν,
838 5044 931 5094 καὶ
957 5042 1053 5111 τὴν
1090 5042 1371 5111 βασιλείαν
1400 5044 1754 5109 μετενεγκεῖν

192 5139 293 5190 ἐπὶ
315 5138 418 5204 τὴν
442 5132 831 5202 Τραπεζοῦντα
858 5134 959 5201 τῆς
1004 5133 1276 5200 Κολχίδος.
1315 5132 1425 5184 Kal
1452 5133 1559 5184 ἀπὸ
1600 5130 1755 5182 τοῦδε

193 5230 511 5301 βασιλεύειν
536 5225 772 5279 ἐνταῦθα
799 5226 919 5278 ἔστε
971 5224 1055 5292 ἐφ’
1120 5226 1264 5291 ἡμᾶς
1320 5223 1755 5291 διαγενομένους,

194 5320 477 5389 Ἕλληνάς
507 5336 563 5371 τε
595 5318 754 5379 ὄντας
788 5317 849 5368 τὸ
879 5316 1055 5383 γένος,
1103 5318 1194 5367 καὶ
1224 5314 1448 5383 τά“ἤθη
1502 5330 1559 5365 τε
1615 5314 1752 5381 ἅμα,

194 5416 293 5466 καὶ
322 5414 423 5481 τὴν
472 5411 656 5478 φωνὴν
684 5407 1043 5478 προϊεμένους
1104 5406 1450 5475 Ἑλληνικήν.
1508 5406 1755 5457 Καὶὲπι-

194 5506 408 5576 ταμίας
437 5507 534 5573 μὲν
564 5502 836 5555 ποιεῖσθαι
870 5500 1004 5569 πρός
1031 5516 1088 5550 τε
1121 5500 1243 5560 τοὺς
1278 5499 1507 5568 ὁμόρους
1541 5498 1753 5569 Βαρόάο

1862 4687 1979 4724 sum
2008 4674 2335 4738 ferebantur,
2356 4676 2554 4729 abiisse
2571 4677 2622 4729 in
2644 4677 2898 4731 Colchida
2918 4688 2968 4730 et
2988 4677 3408 4747 Trapezuntem.

1863 4761 2017 4818 Hunc
2060 4766 2427 4820 advenientem
2452 4768 2720 4821 Colchidis
2746 4772 2932 4823 incolze
2957 4774 3146 4825 ducent
3174 4791 3411 4843 pronun-

1862 4860 2080 4919 tiarunt,
2120 4869 2172 4911 et
2204 4860 2399 4914 exinde
2450 4876 2671 4929 regnum
2698 4864 2971 4916 Colchidis
3008 4864 3407 4933 Trapezuntem

1863 4951 2158 5003 contraxit.
2191 4952 2267 5003 Ex
2299 4967 2362 5004 eo
2392 4952 2517 5004 inde
2563 4962 2801 5019 tempore
2852 4958 2936 5008 hic
2978 4969 3286 5022 regnantes,
3346 4965 3412 5013 ad

1862 5050 2049 5094 nostra
2084 5056 2252 5108 usque
2280 5053 2525 5109 tempora
2557 5047 2841 5109 durarunt,
2865 5049 3191 5100 exsistentes
3219 5049 3413 5113 Grzeci,

1866 5148 2047 5187 mores
2076 5135 2420 5203 linguamque
2460 5133 2769 5189 Graecarum
2807 5139 3121 5191 retinentes.
3162 5140 3412 5194 Afﬁnita-

1865 5236 1969 5277 tem
2021 5225 2322 5293 junxerunt
2348 5240 2469 5278 cum
2498 5227 2753 5279 Barbaris
2777 5227 3039 5291 finitimis,
3078 5246 3213 5298 quos
3246 5233 3413 5285 Albos

1868 5319 2222 5373 Probalantes
2268 5322 2572 5375 nominant.
2613 5322 2787 5374 Etiam
2832 5339 2953 5377 cum
2986 5323 3219 5378 Temiris
3246 5342 3413 5395 nepo-

1866 5410 2025 5472 tibus,
2056 5412 2144 5478 qui
2193 5414 2299 5465 nzlti
2341 5421 2496 5466 erant
2529 5416 2594 5467 ab
2629 5412 2843 5468 Tzokiis
2871 5423 2923 5469 et
2954 5417 3305 5487 Caralsltphis
3350 5421 3415 5472 li-

1863 5500 2029 5565 beris,
2056 5500 2286 5556 afﬁnitas
2328 5505 2656 5569 intercessit,
2692 5523 2757 5559 ne
2787 5512 2933 5575 regio
2968 5508 3179 5561 illorum
3223 5511 3290 5564 ab
3327 5512 3415 5566 his

1460 5612 1707 5675 Notulze
1740 5617 2144 5692 marginales.

278 5749 385 5817 I73)
414 5748 581 5813 Quem
626 5744 952 5799 Usancauan
979 5756 1188 5797 vocant.

309 5868 327 5895 ⁸
360 5863 423 5917 In
442 5880 568 5928 uno,
602 5863 931 5933 Ἀμαστρον.
956 5860 1007 5912 in
1032 5860 1100 5911 al.
1139 5868 1265 5909 ulc.

1345 5858 1364 5888 ³
1394 5857 1658 5927 μεγάλης,
1692 5860 1741 5913 in
1782 5874 1907 5925 uno,
1938 5864 2349 5931 superscriplum
2391 5863 2675 5935 μεγάλαις.

1926 5744 2033 5813 (74)
2064 5744 2147 5801 ΑΙ.
2180 5745 2478 5817 Alscngam.

2758 5869 2777 5898 ⁶
2808 5864 2872 5919 In
2901 5883 3024 5935 uno,
3059 5866 3301 5935 ἐπάγων.
