4180 6434
748 396 852 464 459

1912 393 2215 455 Ι.ΛΟΝΙΟΙ
2250 394 2918 456 (ΖῘΙΛΙ.ΟΟ(ἸΟΝ[)Ὺ1..Ε

3886 393 3981 456 460

745 514 908 579 igitur
930 520 1010 563 est
1034 506 1347 562 incendium
1371 521 1624 575 magnum
1656 509 1707 558 in
1737 506 1858 574 ejus
1885 510 2050 559 domo
2077 522 2090 558 :
2120 515 2174 559 et
2206 520 2312 558 non

2417 504 2534 575 ὥρᾳ
2587 508 2973 574 μεσονυκτίου.
3014 508 3076 560 Οί
3132 508 3189 562 δὲ
3225 510 3281 561 ἐν
3322 511 3387 579 τῇ
3451 508 3627 570 πόλει,
3673 506 3983 577 νομίσαντες

741 617 804 655 ea
837 601 996 655 domo
1031 615 1091 655 se
1118 598 1293 652 tenuit
1334 598 1670 663 incemlium,
1701 599 1793 652 sed
1830 598 1884 649 in
1918 597 2101 651 vicina
2130 596 2318 650 omnia

738 702 1025 760 evagatum
1056 701 1164 745 est.
1198 687 1384 744 Noctis
1405 699 1588 743 autem
1622 700 1741 745 erat
1778 690 2043 755 medium,
2072 703 2204 744 cum
2236 689 2318 741 in-

738 788 989 842 cendium
1020 785 1150 840 illud
1178 785 1412 840 saeviret.
1434 784 1537 850 Qui
1566 793 1719 839 erant
1751 783 1802 837 in
1832 783 1967 837 urbe
2010 821 2025 846 ,
2051 783 2320 851 putabant

740 877 1103 949 proditionem
1136 890 1279 939 esse,
1307 889 1471 944 quam
1508 874 1905 928 subornassent
1934 873 2009 927 illi
2050 872 2144 943 qui
2181 888 2312 942 gra-

744 972 1059 1026 tilicandum
1093 969 1389 1024 censebant
1422 967 1610 1037 Zyehi.
1646 967 1883 1022 Proinde
1923 982 2113 1021 omnes
2146 964 2321 1034 magi-

741 1077 970 1129 stratus.
1035 1078 1245 1120 necnon
1276 1061 1505 1122 subditi.
1546 1062 1810 1115 continuo
1838 1051 2026 1129 Tugam
2085 1055 2318 1127 ingressi

740 1170 891 1225 sunt,
945 1157 1134 1212 relicto
1183 1154 1394 1210 Joanne
1430 1153 1550 1210 Solo
1603 1169 1725 1209 cum
1757 1152 2081 1223 quibusdam
2103 1152 2321 1206 circiter

740 1253 1158 1320 quinquaginta.
1189 1249 1305 1303 Rex
1327 1248 1499 1319 igitur
1525 1255 1634 1301 tota
1672 1262 1735 1300 ea
1770 1257 1929 1301 nocte
1960 1246 2147 1299 obibat
2184 1246 2310 1299 dili-

741 1356 926 1410 genter
950 1343 1187 1413 vigilias,
1219 1349 1273 1395 et
1296 1339 1679 1395 considerabat
1725 1348 1934 1407 portas.
1992 1335 2152 1391 Mane
2174 1336 2320 1390 venit

742 1436 950 1507 'l.yehes
976 1446 1035 1490 nt
1075 1437 1263 1490 urbem
1296 1432 1516 1487 illicoin
1546 1447 1701 1485 suam
1743 1430 2003 1484 ditionem
2028 1429 2318 1499 redigeret.

2424 591 2565 649 εἶναι
2603 598 2903 667 προδοσίαν
2933 599 3043 652 ἀπὸ
3094 601 3204 654 τῶν
3233 602 3406 670 ἐντὸς,
3438 604 3507 655 τὰ
3541 602 3681 673 πρὸς
3714 602 3872 673 χάριν
3893 602 3983 655 τοῦ

2424 689 2594 760 Ζύχη,
2624 692 2855 760 ἔφευγον
2881 693 2927 724 ¹⁶
2957 694 3373 760 ἁπαξάπαντες,
3431 696 3699 765 ἄρχοντές
3748 712 3806 748 τε
3854 692 3983 764 ὁμοῦ

2425 788 2520 839 καὶ
2548 786 2869 857 ἀρχόμενοι,
2896 789 3421 858 ἐγκαταλειφθέντος
3483 790 3650 854 μόνου
3701 788 3796 843 τοῦ
3842 790 3985 858 βασι-

2423 879 2560 942 λέως
2603 881 2856 936 Ἰωάννου
2893 883 3033 952 μετὰ.
3084 884 3179 937 καί
3208 901 3376 939 τινων
3410 884 3676 955 μερικῶν.
3709 884 3838 936 εἶ)σεῖ
3868 901 3987 936 πεν⁶

2423 972 2689 1042 τήκοντα.
2731 974 3003 1045 Διήρχετο
3052 976 3186 1044 γοῦν
3217 978 3246 1030 δ
3284 977 3543 1048 βασιλεὺς
3578 978 3667 1031 διὰ
3692 978 3871 1047 πάσης
3892 978 3983 1045 τῆς

2423 1064 2619 1125 νυκτὸς
2645 1063 2716 1117 τά
2742 1065 2900 1137 τείχη
2926 1065 3026 1133 τῆς
3057 1068 3290 1131 πόλεως,
3328 1070 3422 1121 καὶ
3452 1069 3555 1131 τὰς
3587 1068 3765 1132 πύλας
3800 1069 3982 1139 αὐτῆς.

2420 1150 2595 1208 Ἥιλθε
2629 1155 2811 1212 τοίνυν
2844 1160 2904 1212 ὲν
2931 1160 3011 1230 τῷ
3043 1160 3190 1227 πρωῒ
3215 1162 3311 1215 καὶ
3355 1162 3383 1213 ὁ
3416 1162 3619 1233 Ζύχης,
3649 1163 3725 1226 ώς
3751 1164 3985 1233 εἴρηται,

2423 1248 2505 1310 είς
2527 1248 2587 1300 τὸ
2610 1251 2752 1320 τάχα
2788 1251 3157 1323 ἐπιλήψεσθαι
3191 1255 3294 1323 τὴν
3328 1255 3743 1323 Τραπεζοῦντα.
3793 1257 3852 1321 ὃς
3898 1256 3983 1310 καὶ

2423 1343 2663 1412 ἀπῆλθεν
2686 1344 2990 1416 ἄπρακτος.
3042 1347 3395 1418 διερχόμενος
3431 1352 3489 1404 ὲν
3536 1354 3648 1414 τοῖς
3708 1351 3987 1420 Μεσοχαλ-

2420 1435 2575 1498 δίοις.
2613 1437 2859 1506 Ἐφυγον
2886 1438 3021 1506 γοῦν
3060 1440 3453 1507 ἁπαξάπαντες
3483 1442 3769 1511 ἄρχοντες,
3798 1444 3847 1496 oi
3895 1444 3988 1512 μὲν

746 1529 943 1584 Verum
976 1544 1034 1583 re
1068 1526 1267 1581 infecta
1305 1524 1464 1589 abiit,
1516 1539 1753 1595 pergens
1783 1523 1838 1577 in
1871 1522 2318 1577 Mesochaldium.

744 1621 890 1689 Fuga
932 1618 1100 1689 igitur
1138 1617 1245 1672 sibi
1277 1616 1677 1670 consuluerunt
1729 1627 1920 1668 omnes
1956 1614 2316 1681 magistratus

743 1712 914 1777 urbis,
938 1708 1157 1779 quidam
1186 1708 1350 1773 mari,
1375 1706 1594 1777 quidam
1621 1720 1750 1760 vero
1776 1713 1943 1771 terra,
1976 1714 2037 1758 ut
2062 1705 2315 1759 venirent

744 1806 795 1858 in
832 1803 1059 1859 lberiam
1094 1802 1159 1856 ad
1194 1800 1420 1871 Caspios
1445 1809 1659 1853 montes
1715 1797 1898 1852 sitam.
1934 1797 2191 1864 Quicum
2226 1813 2315 1852 rc-

743 1906 1090 1953 vertcrentur
1117 1896 1330 1951 tandem
1372 1893 1794 1962 Trapezuntem,
1823 1895 2057 1947 abeunte
2111 1890 2313 1963 Zychc,

2419 1901 2686 1965 προδότας
2713 1901 2814 1972 τῆς
2848 1903 3107 1974 πατρίδος
3152 1905 3356 1962 αὐτῶν.
3392 1908 3502 1962 Καὶ
3534 1909 3711 1964 ταῦτα
3765 1912 3869 1980 μὲν
3902 1914 3991 1981 γέ-

741 1990 1050 2062 npprobriis
1081 1988 1433 2059 replebantur
1462 1987 1530 2040 ah
1567 2000 1711 2055 rege,
1765 1986 1857 2055 qui
1887 2000 1982 2040 eos
2016 1982 2311 2039 identidem

2417 2010 2576 2061 γονεν
2603 1995 2660 2047 ἐν
2695 1995 3098 2066 Τραπεζοῦντι.
3139 1997 3198 2052 '0
3225 1998 3284 2052 δὲ
3314 2000 3415 2070 τῆς
3445 2001 3715 2073 Ἀμασίας
3748 2003 3991 2076 ὕπαρχος

745 2085 973 2138 vocabat
1002 2081 1317 2145 muliebres,
1351 2080 1562 2144 molles,
1594 2080 1865 2143 imbelles,
1887 2091 1940 2135 ct
1989 2077 2179 2147 patriae
2204 2090 2316 2132 sua:

2421 2088 2669 2157 Χιτήρης
2694 2065 2948 2157 ὀνόματι,
2981 2065 3481 2162 στρατευσάμενος,
3512 2065 3631 2149 ’καὶ
3662 2065 3817 2166 ἇίρνω

746 2176 1069 2245 proditores.
1114 2172 1237 2227 llmc
1288 2173 1508 2241 quidem
1569 2170 1711 2225 laeta
1766 2182 1895 2225 sunt
1942 2168 2311 2240 Trapezunte.

2420 2178 2640 2232 σπεσὼν
2690 2181 2745 2232 ἐν
2773 2181 3177 2251 Τραπεζοῦντι,
3211 2182 3337 2247 τούς
3376 2203 3436 2239 τε
3466 2188 3525 2241 ὲν
3553 2191 3616 2259 τῇ
3672 2190 3870 2259 ἀγορᾷ,
3900 2190 3991 2244 καὶ

744 2267 1064 2323 AtAmasi-x
1102 2265 1418 2333 pra-lectus,
1455 2261 1703 2315 Chiteres
1732 2261 1975 2323 nomine,
2016 2257 2316 2328 expeditio-

2415 2272 2473 2325 ἐν
2505 2271 2737 2342 χώραις,
2769 2274 2896 2336 τοὺς
2925 2275 2986 2326 ἐν
3012 2277 3079 2345 τῇ
3109 2276 3267 2330 πόλει
3297 2279 3398 2331 οῦκ
3426 2245 3642 2347 δλίγους
3676 2245 3991 2349 συνὲλάϋεν,

745 2377 865 2417 nem
900 2361 1199 2428 ingressus,
1234 2357 1415 2411 subito
1465 2353 1868 2423 Trapezuntem
1905 2352 2217 2422 Oppressit:
2260 2359 2316 2405 et

2417 2364 2474 2426 ἐς
2502 2363 2803 2434 δισχιλίους
2829 2366 2958 2429 τοὺς
2980 2370 3197 2432 πάντας
3253 2372 3600 2441 γενομένους.
3643 2374 3751 2426 Καὶ
3782 2377 3992 2446 ἐρήμου

742 2474 835 2510 eos
863 2455 1041 2525 quiin
1085 2452 1204 2506 foro
1232 2462 1288 2507 et
1321 2450 1476 2504 urbis
1532 2447 1669 2503 vicis
1735 2455 1915 2513 erant,
1963 2446 2184 2501 circiter
2228 2445 2313 2500 bis

2415 2456 2515 2526 ἤδη
2543 2454 2713 2526 οὔσης
2737 2457 2841 2525 τῆς
2879 2458 3090 2521 πόλεως
3117 2463 3182 2531 τῇ
3214 2462 3309 2515 τοῦ
3340 2462 3531 2533 λοιμοῦ
3562 2464 3678 2536 βίᾳ,
3705 2470 3797 2519 καὶ
3819 2484 3994 2536 προσ-

746 2549 912 2613 millc,
945 2546 1381 2615 comprehendit.
1433 2542 1569 2597 Cum
1616 2550 1795 2595 autem
1829 2542 1960 2595 urbs
2008 2540 2121 2610 jam
2167 2548 2313 2594 esset

2415 2547 2641 2617 δοκίμου
2679 2548 3014 2615 ἁλώσεσθαι,
3042 2552 3491 2626 διαπραξάμενος
3522 2559 3805 2629 χρήμασιν
3836 2561 3865 2610 ὁ
3896 2562 3994 2629 τῇς

743 2639 1129 2709 propemodum
1183 2636 1423 2699 deserta,
1473 2633 1633 2702 cujus
1666 2648 1833 2688 causa
1862 2644 1982 2688 erat
2010 2633 2310 2687 saevissima

2415 2641 2621 2704 πόλεως
2682 2641 2937 2711 βασιλεὺς
2984 2645 3261 2717 Ἰωάννης,
3311 2649 3457 2702 ὥστε
3508 2652 3786 2720 ὑπόφορον
3846 2650 3995 2721 ἔχειν

746 2732 1078 2804 pestilentia,
1126 2730 1348 2799 jamque
1401 2736 1806 2796 exspectarent,
1863 2724 1909 2779 si
1946 2725 2106 2779 modo
2141 2724 2312 2778 hoatis

2415 2727 2514 2799 τὴν
2541 2730 2698 2783 πόλιν
2731 2732 2998 2805 Μεχμέτῃ
3026 2735 3101 2804 τῷ
3129 2736 3342 2805 βασιλεῖ
3366 2738 3461 2792 τοῦ
3512 2741 3728 2802 λοιποῦ,
3754 2744 3883 2805 τούς
3932 2760 3993 2794 τε

743 2827 1046 2886 accederet,
1078 2838 1137 2877 se
1165 2832 1381 2889 captum
1409 2818 1473 2872 iri
1500 2835 1516 2875 :
1548 2832 1640 2871 rex
1669 2817 1823 2870 urbis
1852 2815 2091 2871 Joannes
2118 2817 2313 2883 opibus

2415 2820 2828 2890 αἰχμαλώτους,
2893 2824 2985 2886 οὓς
3046 2826 3206 2879 ἔλαϐε
3250 2828 3623 2901 Χιτιρμπέης,
3661 2833 3995 2904 ἀποδοθῆναί

739 2918 943 2981 elIecit,
983 2926 1042 2970 ut
1074 2932 1167 2970 rex
1204 2913 1535 2968 llicchmetes
1554 2911 1746 2963 urbem
1786 2923 1907 2962 eam
1967 2909 2308 2963 tributariam

2415 2916 2484 2978 οί,
2516 2915 2613 2967 καὶ
2637 2916 2804 2968 αὑτὸν
2839 2918 3071 2989 ἡσυχίαν
3101 2921 3279 2988 ἄγειν,
3335 2924 3620 2992 ἀπάγοντα
3668 2927 3745 2997 τῷ
3776 2925 3999 2996 βασιλεῖ

739 3014 1007 3080 acciperet
1025 3018 1080 3064 et
1098 3008 1366 3076 captivos,
1389 3019 1527 3075 quos
1547 3001 1920 3070 Cliiterempes
1941 2999 2054 3070 (78)
2074 3001 2311 3054 abduxe-

2415 3004 2599 3074 φόρον,
2626 3005 2919 3078 δισχιλίους
2954 3012 3272 3082 χρυσίνους.
3303 3013 3576 3087 ’Υστερον
3628 3019 3812 3087 μέντοι
3845 3021 3941 3073 καὶ
3966 3020 3997 3071 ὁ

743 3115 846 3169 rat,
882 3103 1148 3158 redderet.
1179 3098 1421 3153 Joannes
1448 3112 1578 3151 vero
1604 3094 1953 3165 promittebat
1973 3109 2033 3147 se
2058 3093 2311 3164 deinceps

2415 3096 2667 3168 βασιλεὺς
2722 3101 2977 3172 Ἰωάννης
3040 3105 3329 3160 ἀπέστειλε
3377 3108 3471 3161 τὸν
3522 3110 3689 3165 αὐτοῦ
3753 3112 3993 3184 ἀδελφὸν

740 3201 950 3254 nullum
982 3198 1247 3251 initurum
1279 3193 1504 3255 bellum,
1546 3203 1731 3244 verum
1763 3189 1906 3242 bona
1944 3185 2048 3240 ﬁde
2073 3197 2308 3256 quotan-

2415 3190 2583 3244 Δαδὶδ
2604 3193 2874 3266 δεσπότην
2905 3197 2981 3259 ὠς
3006 3197 3097 3250 τὸν
3140 3198 3392 3270 βασιλέα,
3421 3206 3516 3255 καὶ
3547 3202 3701 3273 ἠξίου
3726 3223 3783 3259 τε
3805 3205 4001 3259 τοῦτον

739 3294 946 3346 nisiluo
981 3288 1147 3343 millia
1181 3301 1474 3341 aureorum
1504 3286 1693 3339 tributi
1726 3284 1947 3338 nomine
1982 3298 2301 3352 pensurum.

2415 3288 2680 3353 ἐμπεδοῦν
2727 3288 2828 3351 τὰς
2899 3292 3137 3356 σπονδάς
3163 3310 3180 3325 ο
3209 3294 3239 3347 δ
3289 3296 3383 3350 καὶ
3420 3298 3646 3367 γέγονεν
3702 3301 3796 3353 ἐπὶ
3827 3301 4000 3369 φόρον

734 3384 972 3438 Joannes
1000 3399 1087 3434 rex
1147 3382 1364 3434 irati-em
1414 3393 1574 3433 suum
1610 3376 1872 3430 Davidem
1918 3376 2205 3444 despotam
2232 3377 2299 3429 ad

2415 3378 2699 3447 χρυσίνους
2730 3385 3067 3453 τρισχιλίους
3101 3385 3165 3441 ¹⁷.

742 3494 919 3549 regem
973 3479 1137 3541 misit,
1182 3485 1241 3529 ut
1305 3474 1482 3529 fiedus
1542 3472 1817 3544 praedictis
1892 3470 2299 3528 conditionibus
2339 3486 2657 3545 pangerent.
2698 3476 2853 3543 Quod
2873 3488 2927 3534 et
2969 3480 3179 3536 factum
3226 3493 3329 3551 est,
3384 3500 3573 3542 verum
3639 3496 3701 3544 ut
3749 3486 3998 3544 Joannes

2404 1526 2510 1580 νδιά
2560 1528 2782 1596 πλοίων,
2813 1532 2864 1582 oi
2899 1531 2958 1585 δὲ
2984 1531 3073 1585 διὰ
3106 1530 3299 1603 ξηρᾶς,
3352 1535 3441 1588 ἐπ’
3482 1536 3693 1590 ἑλεύσει
3728 1538 3827 1603 τῆς
3848 1537 3988 1608 ’16η-

2422 1621 2567 1690 ρίας,
2596 1622 2647 1675 οἳ
2670 1624 2763 1676 καὶ
2798 1623 3046 1689 ἐλθόντες
3080 1624 3331 1694 ὕστερον,
3365 1629 3655 1693 διαϐάντες
3700 1631 3795 1683 τοῦ
3824 1631 3988 1701 Ζύχη,

2420 1713 2479 1764 ἐν
2513 1712 2917 1783 Τραπεζοῦντι,
2973 1718 3313 1784 ὠνειδίζοντο
3347 1723 3501 1790 παρὰ
3558 1724 3652 1776 τοῦ
3706 1724 3988 1795 βασιλέως,

2422 1807 2797 1874 γυναικωτοὺς
2822 1809 3117 1864 ἀποκαλῶν
3150 1813 3376 1879 αὐτοὺς,
3408 1818 3505 1867 καὶ
3557 1817 3871 1888 ἀνάνδρους,
3899 1820 3990 1872 καὶ

2342 1858 2394 1913 ’Β

738 3571 1016 3627 annuatim
1048 3568 1237 3621 tributi
1266 3568 1486 3621 nomine
1510 3566 1745 3621 solveret
1767 3565 1871 3619 tria
1907 3565 2076 3619 millia
2111 3578 2429 3621 aureorum.

811 3665 980 3719 Iberia
1016 3660 1243 3714 ﬁnitima
1262 3670 1347 3714 cst
1375 3658 1655 3713 Colchidis
1687 3656 1921 3728 regioni,
1957 3657 2188 3727 ejusque
2221 3671 2307 3711 rc-

738 3775 831 3831 ges
880 3756 1021 3811 haud
1074 3761 1201 3808 sunt
1236 3753 1507 3806 instrenui
1542 3759 1596 3805 et
1637 3749 1967 3819 ingencrosi.
2000 3748 2309 3819 Porrigitur

739 3857 919 3904 autem
943 3849 1009 3901 ab
1031 3862 1096 3900 co
1129 3846 1249 3897 loco
1274 3843 1363 3911 qui
1396 3840 1570 3910 Bathy
1614 3840 1838 3905 dicitur,
1871 3847 1925 3894 et
1978 3841 2049 3894 ab
2079 3838 2309 3894 Phaside

738 3942 902 3995 ﬂuvio
936 3952 1112 4008 usque
1143 3936 1475 3999 Chaltzichi,
1520 3947 1641 4003 qua:
1671 3933 1914 4001 pertinet
1953 3930 2017 3985 ad
2045 3932 2305 3987 ditionem

737 4033 995 4101 Gurguri,
1034 4029 1206 4095 Curii,
1259 4026 1527 4089 Caelictii,
1563 4033 1617 4080 et
1665 4022 1958 4094 Typblisii.
2005 4020 2175 4077 Urbes
2224 4023 2308 4077 ba:

739 4128 1060 4196 propinquae
1086 4134 1213 4186 sunt
1238 4121 1529 4176 Samaehio
1567 4159 1581 4181 ,
1620 4133 1783 4187 quam
1822 4118 2012 4172 urbem
2043 4127 2226 4172 tenent
2253 4125 2309 4172 et

742 4223 991 4274 incolunt
1040 4217 1209 4271 Turci
1254 4232 1267 4269 :
1311 4215 1415 4269 sub
1473 4228 1707 4282 quorum
1776 4219 2047 4281 peteSIate
2104 4199 2310 4279 degunt

738 4313 1033 4385 separatim
1069 4311 1213 4366 infra
1245 4308 1591 4363 Chacherum
1618 4308 1806 4361 urbem
1850 4306 1904 4359 in
1940 4303 2155 4375 regione
2190 4317 2305 4356 ma-

736 4409 917 4463 ritima
939 4446 954 4471 ,
990 4402 1369 4472 Sebastopolis
1403 4398 1778 4454 Minceliorum
1813 4396 1929 4468 (79)
1962 4402 2015 4452 et
2045 4394 2305 4449 Dadiauni

2498 3657 2564 3712 Ἦ
2620 3659 2673 3714 δὲ
2716 3660 2925 3732 Ἰϐηρία
2958 3668 3236 3739 προσεχής
3288 3670 3406 3724 ἔστι
3456 3676 3524 3745 τῇ
3585 3675 3684 3744 τῆς
3728 3676 4001 3750 Κολχίδος

2415 3749 2594 3842 χώρᾳ,
2625 3752 2721 3805 καὶ
2759 3756 2808 3807 οί
2844 3754 3084 3825 βασιλεῖς
3119 3760 3327 3814 τούτων
3349 3764 3451 3816 οὐκ
3503 3768 3739 3834 ἀγενεῖς.
3798 3749 4001 3842 Διῆκει

2412 3841 2471 3893 δὲ
2501 3844 2534 3912 ἠ
2564 3844 2718 3915 χώρα
2738 3846 2847 3899 ἀπὸ
2875 3848 2970 3902 τοῦ
3003 3850 3148 3903 Βαθύ
3181 3852 3501 3923 λεγομένου,
3537 3858 3632 3911 καὶ
3675 3860 3784 3913 άπὸ
3836 3841 4005 3916 Φάσι·

2416 3935 2505 3998 δος
2538 3939 2785 4008 ποταμοῦ
2818 3941 2925 4002 ἕως
2968 3944 3260 4016 Χαλτζιχὶ,
3295 3949 3327 4017 ἡ
3390 3949 3484 4002 τοῦ
3542 3949 3857 4023 Γοργοῦρου
3898 3956 4006 4011 αῦ-

2418 4030 2653 4098 Θεντεία,
2681 4036 2776 4089 καὶ
2807 4037 3032 4106 Καρίου,
3058 4040 3154 4093 καὶ
3185 4041 3480 4112 Καχετίου,
3516 4045 3612 4098 καὶ
3668 4046 4002 4115 Τυφλισίου,

2419 4126 2688 4197 σύνεγγυς
2755 4129 2913 4185 οῦσαι
2968 4135 3025 4188 αἱ
3088 4134 3269 4200 πόλεις
3331 4135 3489 4191 αὗται
3539 4138 3635 4191 τοῦ
3683 4138 4005 4212 Σαμαχίου,

2417 4220 2679 4287 Τοῦρκων
2706 4224 3001 4280 οἰκούντων
3023 4229 3081 4280 ἐν
3109 4229 3258 4299 αὐτῷ
3291 4233 3384 4283 καὶ
3411 4230 3667 4302 ἐχόντων,
3701 4233 3885 4304 χωρὶς
3903 4236 4008 4290 κά-

2415 4313 2588 4365 τωθεν
2618 4315 2712 4368 τοῦ
2747 4316 3020 4387 Καχετίου
3052 4322 3284 4387 πόλεως,
3324 4324 3419 4377 τοῦ
3472 4327 3531 4377 ὲν
3560 4327 4006 4400 παραθαλασσίᾳ

2416 4403 2510 4456 καὶ
2556 4403 2657 4474 τῆς
2729 4406 3189 4477 Σεδαστοπόλεως
3249 4416 3565 4483 Μιγκελίων
3624 4418 3719 4470 τοῦ
3769 4420 4011 4473 Δαδιάν-

738 4497 1080 4566 metmpolis,
1115 4495 1333 4558 Mamia,
1365 4491 1743 4553 Seniantaula.
1774 4489 1942 4555 Gulii,
1967 4498 2020 4543 et
2060 4488 2181 4542 aliae
2218 4501 2298 4539 ur-

2420 4510 2507 4546 νου
2539 4495 2581 4529 ¹⁹
2616 4497 2932 4573 αὑθεντείᾳ,
2961 4506 3055 4558 καὶ
3088 4505 3307 4574 Μαμία,
3338 4511 3433 4563 καὶ
3462 4509 3863 4578 Σαμανταῦλα.
3911 4515 4009 4568 καὶ

738 4592 833 4645 bes
867 4587 1174 4642 maritimae.
1200 4582 1335 4637 Nam
1361 4583 1589 4637 urbibus
1614 4580 1919 4651 superioris
1958 4577 2147 4632 Iberia:
2176 4592 2306 4630 cou-

737 4681 951 4736 termini
984 4687 1111 4733 sunt
1142 4677 1321 4739 Alani,
1352 4673 1557 4739 Hunni,
1604 4682 1658 4727 et
1689 4672 1874 4727 Embi.
1922 4668 2119 4724 Verum
2153 4668 2307 4722 Alani

741 4772 852 4843 (ευ)
879 4771 946 4824 ad
992 4769 1295 4823 Caucasum
1347 4781 1525 4836 usque
1572 4781 1630 4820 se
1681 4765 2024 4827 extendunt,
2072 4762 2164 4831 qui
2201 4776 2309 4830 prae

739 4865 964 4933 reliquis
1022 4863 1295 4915 habentur
1361 4859 1467 4912 viri
1524 4858 1809 4913 fortissimi
1865 4866 1921 4911 et
1985 4857 2307 4910 bellicarum

738 4973 923 5012 rerum
956 4956 1299 5027 peritissimi.
1332 4952 1497 5025 249
1519 4951 1582 5006 lli
1606 4953 1905 5006 conﬁciunt
1932 4952 2132 5005 loricas
2164 4951 2306 5019 opti-

738 5068 877 5106 mas.
933 5052 1256 5121 Sequuntur
1318 5049 1640 5117 religionem
1688 5046 1903 5099 Domini
1964 5044 2135 5099 nostri
2176 5040 2305 5098 Jesu

734 5144 965 5201 Christi.
1015 5142 1226 5213 Lingua
1283 5150 1515 5194 utuntur
1554 5139 1842 5209 peculiari.
1893 5139 2058 5191 Arma
2109 5138 2313 5190 habent

738 5256 857 5306 qua:
881 5254 944 5293 ex
977 5252 1083 5291 tere
1114 5242 1326 5303 parant,
1362 5242 1416 5285 et
1458 5232 1683 5285 Alanica
1731 5231 2111 5284 nominantur.
2163 5227 2307 5294 Quin

736 5344 787 5385 tt
820 5334 919 5401 ipSi
956 5330 1095 5385 lberi
1126 5338 1273 5383 sunt.
1307 5324 1458 5381 Unde
1488 5342 1671 5380 autem
1722 5326 1774 5377 in
1814 5325 1973 5378 istam
2029 5336 2305 5390 regionem

2417 4585 2666 4660 Γουρίας,
2716 4593 2811 4645 καὶ
2868 4596 2976 4649 τῶν
3005 4597 3185 4651 ἄλλων
3233 4599 3344 4653 τῶν
3389 4604 3861 4672 παραθαλασσίων
3902 4609 4009 4661 πό-

2413 4678 2571 4736 λεων.
2623 4683 2758 4738 Ἀπὸ
2790 4687 2901 4758 γάρ
2930 4690 3040 4742 τῶν
3069 4691 3283 4746 πόλεων
3334 4695 3435 4763 τῆς
3490 4697 3698 4750 ἄνωθεν
3748 4700 4009 4771 Ἰϐηρίας

2414 4771 2641 4864 eicter
2668 4776 2716 4829 οί
2758 4777 2977 4834 ’Δλανοὶ
3011 4782 3227 4853 ὅμοροι,
3280 4787 3375 4839 καὶ
3411 4780 3590 4853 υἷινοι,
3640 4792 3736 4845 καὶ
3772 4792 4005 4864 Ἐμϐοἰ.

2414 4861 2559 4914 Οίδὲ
2604 4863 2821 4919 ’Λλανοὶ
2875 4868 3125 4922 δοκοῦσιν
3185 4867 3328 4926 εἶναι
3389 4875 3493 4927 ὑπὸ
3536 4879 3629 4928 τὸν
3693 4861 4008 4932 Καύκασον

2416 4957 2841 5024 παρατείνοντες
2868 4961 3038 5029 οὗτοι,
3068 4964 3161 5017 καὶ
3180 4966 3237 5025 ἐς
3266 4966 3334 5018 τὰ
3388 4967 3625 5037 μάλιστα
3660 4970 3867 5040 ἄνδρες
3914 4988 4006 5025 νο-

2416 5048 2700 5119 μιζόμενοι
2729 5054 2799 5106 τά
2835 5056 3076 5127 πολέμια
3099 5062 3409 5130 κράτιστοι,
3436 5061 3723 5127 ποιοῦντες
3751 5064 4007 5137 λωρίκια

2414 5140 2693 5212 ἐξαίρετα.
2722 5146 3104 5203 Πυλιτεύονται
3145 5152 3201 5203 δὲ
3239 5151 3389 5206 οῦτοι
3414 5156 3470 5218 ἐς
3493 5155 3589 5223 τὴν
3616 5155 3711 5207 τοῦ
3780 5158 4007 5226 Κυρίου

2417 5234 2580 5302 ἡμῶν
2636 5236 2813 5307 Ἰησοῦ
2864 5241 3107 5313 Χριστοῦ
3161 5243 3485 5314 θρησκείαν.
3533 5237 3895 5318 Διαχρῶνται
3951 5252 4007 5303 δὲ

2415 5326 2567 5393 φωνῇ
2605 5325 2714 5394 ἰδίᾳ
2748 5330 2809 5381 τὸ
2834 5332 3120 5403 παράπαν,
3157 5334 3253 5386 καὶ
3279 5334 3420 5388 ὅπλα
3447 5336 4009 5405 ἐπιτηδεύουσινὰπδ

2002 5440 2249 5503 Νοιιιιω
2309 5441 2716 5516 marginales.

806 5549 916 5621 (78)
938 5552 1311 5621 Chiterbcgus.

804 5621 913 5691 (79)
950 5622 1394 5693 Meugreliorum.

805 5793 847 5824 “
882 5793 944 5846 In
976 5809 1101 5852 uno,
1133 5793 1350 5857 ἔφυγον.

734 5872 841 5925 tur,
888 5880 989 5916 non
1019 5854 1260 5916 Laonici.
1338 5862 1380 5892 ³⁸
1407 5860 1466 5913 In
1494 5874 1619 5921 uno,
1662 5854 1954 5926 Χαλτςιχέ.

2417 5546 2808 5687 μγὲῗθὲιῇιιιιιὶ,
2837 5553 2929 5622 qui
2950 5563 3003 5608 et
3056 5554 3275 5624 Albani,
3328 5566 3383 5612 et
3443 5557 3755 5629 Georgiani,
3821 5559 4006 5616 lberis

1463 5787 1504 5817 ’⁷
1538 5786 1680 5846 Ἕως
1714 5778 1815 5836 ὧδε
1840 5784 2023 5854 ἑτέρου
2060 5781 2207 5834 δοκεῖ
2238 5784 2316 5835 κα¹

1463 5874 1619 5907 iuno.
1662 5854 1954 5907 Χαλτζιγὲ.
2036 5852 2079 5884 ¹⁹
2115 5854 2316 5907 Δαδιάνι

2415 5813 2421 5836 ι
2452 5792 2739 5847 Λαονίκου.
2781 5791 3067 5863 [lucusque
3103 5794 3331 5851 alterius
3362 5795 3642 5865 cujusdam
3686 5814 3812 5856 esse
3854 5798 4005 5855 vide-

2198 5872 2396 5910 οιανου.
