4180 6434
178 404 278 465 469

1227 406 1323 467 DE
1370 408 1626 469 REBUS
1651 410 2010 470 TURClClS
2053 410 2203 472 LIB.
2276 414 2375 471 [Χ.

3312 418 3415 481 4ἷο

175 512 448 583 Θυγατέρα
487 513 791 583 ἐπέτρεψεν
844 513 1069 580 ἐξιέναι.
1115 516 1226 571 Καὶ
1270 520 1474 584 ταύτας
1536 522 1741 592 μέντοι,
1781 524 1858 587 ὡς
1910 524 2133 593 ἐξῆλθον
2166 527 2265 596 τῆς
2303 521 2532 590 πόλεως,
2586 527 3034 606 παραλαόρντες,
3100 530 3327 599 ἦλαυνον
3359 537 3414 599 ἐς

174 609 233 662 τὸ
267 609 661 679 στρατόπεδον.

244 708 503 769 Βασιλεὺς
548 709 603 762 δὲ
665 711 993 780 πυθόμενος,
1041 713 1118 775 ὡς
1149 713 1360 770 ἕκαστα
1416 717 1636 785 ἐγένετο
1683 719 1751 771 τὰ

1928 715 2039 769 Rex
2098 714 2188 768 ubi
2232 714 2501 771 intellexit
2554 724 2611 767 ut
2642 716 2852 783 singula
2892 717 3038 771 circa
3070 718 3408 784 Epidaurum

172 798 307 866 περὶ
362 800 706 871 Ἐπίδαυρον,
766 804 864 873 τὴν
911 806 1011 874 μὲν
1037 810 1276 872 γυναῖκα
1327 808 1420 860 τοῦ
1451 809 1742 877 ἡγεμόνος,

172 895 266 943 καὶ
299 895 601 965 Θυγατέρα,
638 899 701 949 ἐκ
729 898 829 964 τῆς
863 901 1279 970 Πελοποννήσου
1323 902 1455 955 εὐθὺ
1482 904 1745 967 Βοιωτίας

176 983 405 1051 ὑπάγειν
432 988 738 1049 ἐκέλευσεν,
774 990 1081 1061 ἐπιστήσας
1128 992 1388 1063 εὐνοῦχον
1412 995 1477 1064 τῇ
1511 996 1746 1065 θυγατρὶ

174 1076 266 1127 τοῦ
298 1078 584 1145 ἡγεμόνοςο
628 1082 766 1147 μετὰ
807 1082 861 1133 δέ
885 1081 1060 1137 ταῦτα
1090 1085 1149 1137 οὐ
1186 1086 1368 1155 πολλῷ
1393 1086 1622 1157 ὕστερον
1654 1089 1746 1140 καὶ

173 1163 336 1215 αὑτὸν
396 1165 487 1217 τδν
554 1169 802 1237 ἡγεμόνα
860 1173 1093 1240 ὑπάγειν
1158 1174 1262 1239 ἔξω
1334 1176 1745 1247 Πελοποννήσου

174 1255 403 1320 ἐπέταξε
444 1263 595 1327 παρὰ
643 1262 742 1331 τὴν
770 1268 1030 1329 γυναῖκα.
1066 1268 1238 1331 Αὐτὸς
1284 1269 1342 1322 δὲ
1402 1269 1599 1339 ἤλαυνε
1648 1271 1746 1341 μὲν

173 1350 373 1401 αὐτίκα
406 1352 547 1418 μετὰ
593 1354 691 1424 τὴν
722 1354 1018 1425 Γαρδικίης
1046 1360 1262 1429 αἵρεσιν
1297 1362 1389 1413 ἐπὶ
1426 1363 1525 1424 τὰς
1550 1364 1747 1415 Οὐενε-

172 1442 283 1493 τῶν
312 1443 517 1506 πόλεις,
560 1448 649 1498 καὶ
681 1446 942 1518 Κορώνην
971 1452 1199 1517 ἀφίκετο
1245 1453 1534 1522 ὀψόμενος.
1579 1456 1683 1509 Καὶ
1720 1458 1747 1509 ὁ

176 1533 274 1601 μὲν
318 1536 461 1604 ἀμφὶ
508 1537 679 1591 ταῦτα
714 1536 823 1611 εἶχε
850 1558 864 1571 ο
907 1544 1151 1609 Ζαγανος
1186 1546 1241 1598 δὲ
1269 1548 1296 1598 ό
1336 1548 1432 1614 τῆς
1475 1549 1745 1600 Πελοπον-

173 1629 336 1691 νήσου
374 1629 633 1700 ὕπαρχος,
659 1633 734 1695 ὡς
762 1636 861 1700 τήν
888 1654 947 1687 τε
973 1636 1200 1706 Ἀχαΐαν
1242 1640 1619 1709 ἐπετέτραπτο
1652 1660 1749 1694 κα·

171 1722 597 1791 ταστρέφεσοαι,
636 1727 729 1778 καὶ
761 1729 977 1791 ’Ἤλιδος
1007 1731 1107 1800 τὴν
1139 1730 1363 1785 πλείονα
1410 1732 1615 1801 χώραν,
1644 1737 1737 1787 καὶ

173 1814 275 1881 τὴν
331 1817 540 1885 ταύτην
582 1820 899 1886 μεσόγαιον,
946 1822 1278 1889 παραλαϐὼν
1329 1828 1389 1877 τὸ
1446 1828 1747 1891 Θετταλίας

175 1908 521 1978 στράτευμα,
554 1912 645 1963 καὶ
677 1913 1048 1982 ἱπποδρόμους
1076 1916 1169 1969 τοῦ
1214 1918 1504 1985 βασιλέως,
1543 1922 1644 1990 τήν
1687 1940 1743 1975 τε

175 2002 542 2069 Καλαὸρίτων
597 2006 751 2059 πόλιν
805 2009 1153 2078 ὑπηγάγετο,
1217 2015 1556 2082 παραδόντος
1609 2016 1745 2081 Δόξα

171 2094 437 2163 ἄρχοντος
484 2097 590 2150 τῶν
641 2099 699 2151 ἐν
730 2103 843 2163 τοῖς
870 2101 1148 2167 Ἀλϐανοῖς
1180 2078 1465 2174 ἐπιιρανῶν
1492 2110 1559 2160 τὰ
1593 2078 1743 2178 πρω-
1780 2078 1821 2133 Β

170 2206 236 2240 τα
261 2192 589 2258 φερομένου.
643 2194 751 2246 Καὶ
804 2194 967 2259 αὐτὸς
1013 2197 1113 2266 μὲν
1150 2199 1349 2252 αὐτίκα
1387 2203 1743 2272 προσεχώρη-

172 2298 264 2343 σε,
302 2283 396 2334 καὶ
425 2284 474 2336 ol
510 2287 882 2353 προσήκοντες
910 2288 977 2352 ³⁸,
1021 2288 1098 2358 τῷ
1130 2290 1360 2361 Ζαγάνῳ
1409 2293 1747 2360 παραδόντες

168 2376 270 2443 τὴν
327 2375 505 2439 πόλιν,
538 2376 629 2440 οὓς
666 2378 983 2449 ξύμπαντας
1033 2382 1257 2445 τούτους
1297 2384 1546 2455 ὕστερον,
1592 2385 1747 2454 βασι-

172 2466 314 2529 λέως
344 2469 723 2532 ἐπιτάξαντος,
758 2472 1107 2543 διεχρήσατο·
1142 2475 1383 2527 ἐλαύνων
1409 2475 1464 2527 δὲ
1495 2477 1585 2528 ἐπὶ
1613 2477 1749 2545 Γρευ

172 2556 352 2619 ὗενὸν,
396 2558 598 2627 ὀχυρὰν
652 2561 847 2624 πόλιν,
907 2566 1110 2632 ταύτην
1147 2566 1246 2634 μὲν
1295 2565 1634 2635 προσέϐαλλέ
1666 2584 1747 2633 τε,

174 2652 270 2701 καὶ
324 2653 661 2721 ἐξεκρούσθη
699 2658 763 2723 τῇ
798 2656 1129 2725 χαλεπότητι
1174 2658 1265 2710 τοῦ
1310 2660 1536 2728 χωρίου.
1583 2661 1747 2712 ’Λπό-

177 2760 382 2811 πειραν
424 2745 480 2795 ιίὲ
534 2747 857 2816 ποιούμενος
894 2750 999 2802 τῶν
1038 2750 1214 2804 ἄλλων
1252 2752 1488 2821 χωρίων,
1546 2755 1748 2807 Σαντα·

178 2838 376 2905 μέριον
416 2840 596 2902 πόλιν,
659 2844 713 2903 ἐς
772 2844 837 2910 ῆν
886 2844 961 2904 ὡς
1008 2844 1251 2899 πλεῖστοι
1302 2848 1409 2898 τῶν
1444 2848 1615 2917 ταύτῃ
1658 2866 1750 2900 πε-

176 2932 403 2999 ριοίκων
430 2932 599 2984 δλῖιοι
642 2934 936 2986 κατέθεντο
980 2936 1070 2987 τὸν
1112 2937 1360 3002 πλοῦτον,
1394 2940 1488 2991 καὶ
1518 2939 1617 3010 τὴν
1660 2942 1751 2993 ἂ).-

173 3024 277 3093 λην
336 3026 725 3086 εὐδαιμονίαν,
773 3028 850 3089 ὡς
904 3028 1069 3081 αὑτὸν
1125 3031 1363 3083 ἐνταῦθα
1420 3033 1749 3102 ἀφικόμενοι

170 3116 527 3178 διεσώζοντο,
560 3121 968 3189 προσφέροντες
1003 3122 1199 3189 λόγους
1230 3140 1305 3191 τῳ
1340 3126 1590 3193 Ζαγὰνῳ,
1624 3127 1749 3191 περὶ

174 3212 595 3281 ξυμῆιόἀσεως,
635 3217 866 3277 σπονδάς
897 3231 956 3268 τε
983 3219 1289 3276 ἐποιοῦντο.
1326 3224 1418 3273 καλ⁸
1457 3222 1555 3292 τὴν
1583 3225 1750 3292 d296-

175 3309 339 3359 πολιν
366 3309 748 3376 παρεδίδοσαν.
788 3310 1011 3380 Ταύτην
1042 3313 1097 3364 δὲ
1144 3314 1221 3377 ὡς
1271 3316 1569 3384 παρέλαΰε,
1614 3318 1751 3387 δόλῳ

175 3402 557 3468 ἐξαπατήσας,
582 3408 646 3471 τῇ
683 3404 950 3474 ὑστεραία
994 3407 1266 3475 μενόντων
1294 3409 1399 3459 τῶν
1430 3412 1486 3461 ἐν
1508 3414 1573 3479 τῇ
1603 3413 1752 3463 πόλει
1781 3430 1820 3485 ς

175 3496 320 3546 κατὰ.
359 3496 563 3561 χώραν,
596 3497 829 3562 ἐπαφεὶς
874 3497 965 3549 τὸν
995 3500 1244 3566 στρατὸν,
1287 3501 1746 3571 ἠνδραποδίσατο,

174 3590 273 3640 καὶ
323 3589 551 3644 πολλοὺς
614 3590 778 3641 αὖτοῦ
842 3589 1014 3658 ταύτῃ
1079 3591 1377 3659 διέφθειρε.
1435 3594 1621 3646 Ταῦτα
1674 3596 1749 3656 ὡς

175 3681 484 3749 ἠγγέλλετο
515 3682 611 3733 καὶ
639 3684 693 3743 ἐς
724 3683 819 3742 τὰς
844 3680 1010 3742 ἄλλας
1040 3683 1243 3750 πόλεις,
1276 3684 1349 3744 ὡς
1388 3685 1537 3736 οὐδὲν
1573 3688 1755 3754 σφίσιν

179 3777 266 3827 ἔτι
322 3774 556 3843 ἔμπεδον
608 3774 692 3843 εἴη
744 3774 851 3825 τῶν
887 3774 1026 3841 πρὸς
1061 3774 1290 3843 βασιλέα
1316 3778 1359 3808 ⁸⁸
1387 3779 1753 3846 πραγμάτιον,

180 3870 447 3937 ὥρμηντο
487 3867 789 3934 ἀμύνεσθαι
833 3867 910 3929 ὡς
944 3868 1150 3921 ἕκαστα
1188 3871 1244 3921 ἐν
1270 3872 1389 3933 ταῖς
1422 3872 1630 3923 ἑαυτῶν
1668 3873 1759 3924 πό-

178 3966 323 4025 λεσι,
354 3963 450 4014 καὶ
480 3962 633 4013 οὐδὲν
669 3962 752 4012 ἔτι
786 3961 895 4012 τῶν
920 3961 1271 4029 πολισμάτων
1307 3963 1472 4032 ἠθελε
1506 3981 1758 4033 προσχω-

184 4060 323 4125 ρεῖν.
390 4056 499 4106 Καὶ
553 4056 581 4107 ὁ
630 4054 731 4123 μὲν
788 4055 1033 4122 Ζάγανος
1080 4052 1224 4106 οὓτω
1276 4055 1511 4125 πράξας,
1559 4057 1624 4108 τὰ
1661 4058 1759 4124 μὲν

175 4150 280 4201 τοῦ
322 4150 364 4179 ³⁸
400 4146 772 4216 Σανταμερίου
804 4146 1167 4213 ἐδυστύχησεν
1198 4148 1259 4199 οὑ
1293 4147 1475 4217 πολλῷ
1510 4148 1756 4219 ὕστερον,

182 4244 274 4295 καὶ
316 4239 557 4292 ἀπέϐαλε
594 4242 692 4308 τὴν
728 4239 934 4308 ἀρχήν.
971 4239 1238 4301 Βασιλεὺς
1281 4242 1382 4307 μὲν
1412 4240 1476 4309 δὴ
1522 4242 1630 4295 ἀπὸ
1660 4243 1760 4292 Ko-

188 4334 373 4402 ρὼνης
422 4336 475 4394 ἐς
536 4332 712 4385 Πύλον
771 4331 1126 4400 ἀφικόμενος,
1160 4333 1395 4385 ἐνταῦθα
1434 4334 1764 4405 ἐστρατοπε-

180 4426 399 4483 δεύετο,
443 4420 585 4497 ᾗπερ
614 4426 712 4478 καὶ
744 4426 771 4477 ὁ
804 4426 1009 4495 Θωμᾶς
1035 4427 1130 4478 σὺν
1162 4429 1226 4495 τῇ
1262 4427 1371 4494 νηΐ·
1408 4428 1461 4488 ἐς
1490 4428 1555 4493 ἦν
1591 4428 1762 4490 ἐμόἃς

185 4522 284 4571 καὶ
341 4519 697 4587 ἀναγόμενος,
751 4518 1089 4586 ἐκαραδόκει,
1210 4520 1452 4588 χωρήσει
1496 4519 1567 4569 τὰ
1595 4520 1760 4569 Πελο-

185 4614 465 4677 ποννήσου
504 4610 832 4677 πράγματα.
876 4609 1065 4679 Τούτῳ
1108 4610 1207 4677 μὲν
1233 4612 1595 4665 ἐπιπλέουσαι
1640 4613 1763 4679 νῆες

183 4705 304 4756 τῶν
363 4702 641 4754 Οὐενετῶν
694 4701 1067 4770 προηγόρευον
1123 4702 1375 4754 ἐντεῦθεν
1426 4703 1765 4755 ἀπαλλάττε-

188 4798 345 4859 aliut,
408 4794 575 4865 μηδὲν
634 4795 878 4846 ἐναντίον
943 4791 1205 4861 βασιλέως
1258 4795 1473 4863 ἀνέχειν
1530 4798 1623 4847 ἐπὶ
1674 4795 1764 4847 τοῦ

187 4888 461 4956 σφετέρου
498 4887 735 4954 λιμένος.
773 4880 943 4947 Οὗτος
970 4887 1089 4956 μὲν,
1122 4886 1196 4948 ὡς
1224 4885 1478 4956 βασιλεὺς
1508 4889 1765 4956 ἐστρατο-

187 4981 472 5038 πεδεύετο,
514 4980 896 5046 ἀπηλλάττετο
945 4979 1285 5047 ἀναγόμενος
1319 4982 1375 5040 ἐς
1404 4981 1465 5032 τὸ
1502 4980 1762 5047 πέλαγος·

182 5077 235 5128 οἱ
272 5075 335 5127 δέ
363 5073 639 5126 Οὐενετῶν
676 5071 934 5141 πρέσὸεις
972 5072 1297 5139 ἀφικόμενοι
1333 5068 1568 5123 ἐνταῦθα
1619 5071 1768 5138 παρὰ

188 5164 449 5233 βασιλέα,
482 5164 580 5225 τὰς
632 5179 693 5214 τε
730 5162 959 5222 σπονδὰς
991 5160 1293 5229 ἐπεκύρουν
1325 5159 1499 5227 σφίσι,
1538 5160 1631 5212 καὶ
1666 5160 1765 5229 τὴν

184 5256 377 5322 ξενίαν
418 5272 475 5305 τε
509 5256 601 5306 καὶ
652 5252 865 5305 εὔνοιαν
904 5252 1272 5304 ἐνεδείκνυντο
1307 5252 1537 5321 βασιλεῖ.
1566 5254 1629 5304 Οἱ
1665 5252 1767 5320 μὲν

184 5350 284 5401 οὖν
332 5348 658 5416 ἰπποδρόμοι
689 5347 839 5413 ὅμως
894 5346 951 5408 ἐς
995 5345 1092 5412 τὴν
1138 5344 1313 5397 Πύλον
1344 5344 1765 5414 ἐπιδραμόντες,

183 5440 352 5501 τινας
400 5438 502 5490 οὐκ
537 5437 751 5506 ὀλίγους
801 5434 1044 5489 ἐνταῦθα
1101 5435 1208 5488 τῶν
1262 5434 1436 5505 ταύτῃ
1489 5435 1767 5488 Ἀλϐανῶν

1847 808 2200 872 accidissent,
2243 807 2507 876 principis
2557 821 2782 861 uxorem
2839 818 2893 862 ct
2924 809 3090 862 ﬁliam
3136 824 3201 864 ex
3262 808 3417 863 Pelo-

1858 916 2102 965 ponneso
2135 910 2282 954 recta
2317 902 2370 954 in
2417 900 2680 955 Breotiam
2753 901 2983 955 subduci
3014 903 3199 971 jussit,
3228 904 3416 958 addito

1849 997 1902 1049 in
1956 996 2262 1050 custodiam
2332 996 2561 1061 virginis
2591 996 2867 1049 eunucho.
2924 994 3031 1049 Nec
3088 999 3258 1050 multo
3298 1008 3417 1065 post

1848 1088 2010 1142 etiam
2066 1088 2369 1157 principem
2412 1088 2479 1140 ab
2523 1088 2899 1156 Peloponneso
2931 1088 2995 1142 ad
3028 1105 3253 1143 uxorem
3298 1106 3417 1157 per-

1852 1197 1979 1247 gere
2036 1181 2217 1248 jubet.
2280 1180 2389 1234 llex
2424 1182 2569 1233 illico
2617 1191 2772 1247 capta
2823 1181 3417 1252 Cardicea,profectus

1848 1282 1935 1326 est
1973 1283 2164 1334 contra
2242 1273 2571 1328 Venetorum
2618 1275 2802 1327 urbes.
2876 1275 3144 1342 Vcnitqne
3200 1277 3420 1329 visurus

1848 1366 2118 1421 Coronam
2199 1366 2449 1437 Zaganus
2522 1367 2883 1436 Peloponnesi
2952 1370 3270 1437 praefectus.
3329 1372 3417 1422 cui

1850 1461 2167 1513 mandatum
2219 1471 2360 1524 eral,
2392 1470 2449 1513 ιιι
2478 1461 2529 1513 in
2572 1460 2908 1513 deditionem
2963 1460 3101 1524 regis
3156 1460 3419 1529 redigeret

1848 1551 2110 1605 Achaiam
2146 1560 2199 1604 et
2254 1551 2423 1603 Elidis
2487 1550 2763 1619 regionem
2834 1550 3151 1619 plurimam.
3210 1564 3417 1603 nconon

1850 1645 2240 1698 mediterranea
2283 1644 2479 1698 Elidis.
2544 1643 2831 1709 Accipiens
2867 1643 3163 1695 Thessalia:
3212 1644 3421 1695 exerci-

1849 1746 1992 1800 tum,
2047 1745 2101 1789 et
2133 1734 2337 1803 regium
2374 1734 2701 1802 equitatum,
2735 1733 3051 1803 subjugavit
3081 1733 3418 1787 Calauritam

1851 1826 2064 1887 urbem,
2093 1841 2255 1893 quam
2293 1826 2541 1878 tradebat
2571 1824 2749 1878 Doxas
2781 1823 2916 1894 (85),
2953 1824 3045 1890 qui
3080 1824 3222 1878 inter
3258 1826 3421 1878 Alba-

1850 1931 1949 1971 nos
1997 1916 2157 1970 facile
2210 1919 2417 1986 primas
2457 1918 2683 1971 ferebat.
2735 1917 2856 1984 ipse
2908 1934 3031 1971 cum
3092 1919 3422 1973 necessariis

1850 2010 1963 2064 suis
2020 2011 2282 2065 continuo
2334 2013 2387 2065 in
2424 2012 2689 2066 ditionem
2744 2014 2887 2081 regis
2918 2014 3213 2075 concessit,
3250 2012 3424 2083 Zaga-

1850 2119 1922 2157 no
1951 2105 2142 2159 urbem
2211 2105 2438 2159 dedens.
2496 2104 2699 2159 Omnes
2752 2114 2932 2159 tamen
2987 2107 3087 2160 hos
3138 2106 3419 2175 deinceps,

1850 2212 1971 2251 cum
2004 2197 2081 2251 sic
2123 2197 2420 2261 imperaret
2479 2213 2596 2257 rex.
2656 2198 2975 2253 trucidavit.
3032 2199 3225 2253 Postea
3287 2216 3418 2269 pro-

1853 2289 2028 2345 lectus
2062 2300 2149 2345 est
2192 2300 2380 2344 contra
2456 2292 2769 2347 Grcbenum
2835 2292 3022 2346 urbem
3115 2291 3422 2345 munitissi-

1850 2399 2018 2446 mam,
2072 2392 2129 2436 et
2180 2382 2320 2437 hanc
2378 2400 2694 2454 oppugnare
2758 2385 3042 2439 instituit:
3078 2399 3266 2437 verum
3318 2383 3419 2435 loci

1850 2476 2165 2531 dimcnltale
2216 2478 2532 2544 impeditus,
2594 2492 2711 2529 eam
2776 2492 3090 2545 expugnare
3152 2476 3418 2546 nequivit.

1851 2571 2122 2627 Tentabat
2158 2571 2358 2625 deinde
2400 2581 2453 2626 et
2510 2571 2749 2639 reliquas
2819 2572 3160 2625 Albanorum
3234 2571 3418 2636 urbes,

1852 2665 1993 2717 inter
2051 2678 2189 2732 quas
2216 2672 2271 2717 ct
2303 2664 2707 2717 Santamariam
2738 2663 2848 2729 (86)
2890 2682 2903 2717 :
2937 2667 2988 2715 in
3034 2678 3195 2732 quam
3226 2662 3417 2716 urbem

1852 2756 2072 2823 plurimi
2134 2756 2375 2824 regionis
2418 2756 2536 2825 ejus
2608 2755 2851 2823 opulenti
2916 2755 3141 2808 divitias
3181 2764 3233 2807 ct
3290 2770 3421 2823 opes

1852 2849 2219 2908 contulerant,
2263 2857 2316 2901 ct
2348 2848 2421 2901 ibi
2478 2848 2862 2902 servabantur.
2903 2847 3209 2901 Evocantes
3241 2857 3419 2899 autem

1853 2941 2131 3009 laganum
2170 2943 2234 2995 ad
2272 2941 2633 3010 colloquium,
2659 2940 2837 2995 lcedns
2869 2940 3032 3010 254
3069 2942 3417 3009 pepigerunt,

1851 3041 1905 3085 et
1963 3032 2136 3085 eidem
2203 3048 2385 3085 arcem
2439 3031 2789 3085 dediderunt.
2844 3029 2958 3083 llac
3001 3040 3244 3098 accepta,
3299 3029 3425 3084 dolo

1853 3125 2214 3179 circumvenit
2246 3140 2461 3179 onlnes.
2492 3122 2627 3177 Nam
2661 3123 2906 3177 immisso
2929 3124 3196 3187 exercitu,
3232 3136 3425 3175 omnes

1852 3230 2016 3288 cepit,
2074 3228 2127 3272 et
2186 3218 2238 3272 in
2284 3218 2682 3285 mancipiorum
2726 3215 3101 3269 conditionem
3132 3215 3423 3269 traduxit:

1858 3312 2122 3381 plurimos
2190 3325 2381 3362 eoritm
2458 3311 2623 3363 etiam
2685 3308 2906 3362 occidit.
2970 3306 3093 3361 llaec
3132 3307 3221 3360 ubi
3280 3306 3422 3361 fama

1858 3406 2082 3476 pettttlit
2131 3405 2195 3456 ad
2248 3416 2474 3457 caueras
2543 3403 2880 3454 Albanorum
2972 3399 3156 3465 urbes,
3218 3401 3421 3453 nullam

1856 3498 2089 3565 amplius
2139 3512 2290 3565 spem
2370 3496 2564 3548 salutis
2634 3494 2737 3549 sibi
2797 3494 2848 3545 in
2904 3507 3029 3561 rege
3108 3494 3422 3547 cernebant.

1854 3591 2199 3658 Quapropter
2234 3588 2435 3656 singuli
2472 3589 2523 3640 in
2562 3590 2678 3641 suis
2711 3587 2944 3640 urbibus
2993 3586 3134 3638 hosti
3168 3585 3424 3639 resistere

1854 3685 2143 3750 parabant.
2207 3696 2307 3734 nec
2340 3680 2510 3733 ullum
2550 3680 2785 3747 amplius
2831 3681 3151 3750 oppidulum
3187 3681 3424 3735 deditio-

1855 3788 1979 3825 nem
2015 3772 2193 3825 lacere
2226 3772 2462 3825 volebat.
2516 3771 2580 3825 Et
2604 3770 2854 3839 laganus
2883 3772 3102 3841 quidem
3139 3788 3262 3826 cum
3290 3772 3420 3827 talia

1859 3866 2083 3927 laceret,
2120 3866 2408 3919 maximam
2445 3865 2815 3920 calamitatem
2873 3866 3235 3921 Santamariae
3271 3865 3425 3919 inve—

1860 3961 1954 4014 xit.
2007 3960 2273 4013 Castorum
2304 3975 2409 4013 non
2452 3960 2623 4013 multo
2659 3970 2802 4028 post,
2842 3970 2894 4013 et
2930 3959 3048 4028 ipse
3084 3974 3184 4014 suo
3241 3959 3425 4013 ollicio

1857 4052 2087 4105 excidit.
2175 4050 2287 4105 Rex
2347 4052 2555 4105 interea
2631 4066 2833 4104 corona
2892 4051 3106 4117 relicta,
3150 4050 3427 4120 profectus

1860 4154 1943 4199 est
2011 4146 2228 4213 Pylum.
2266 4154 2317 4199 et
2367 4146 2435 4198 ibi
2487 4154 2659 4198 castra
2689 4145 2946 4211 ponebat.
2983 4146 3187 4199 Aderat
3227 4144 3427 4197 ibidem

1859 4248 1913 4292 ct
1968 4238 2207 4292 Thomas
2259 4254 2384 4290 eum
2418 4238 2537 4291 navi
2569 4253 2769 4305 :quam
2814 4238 3218 4299 conscendens,
3251 4238 3430 4291 solve-

1862 4334 1975 4396 bat,
2035 4342 2455 4400 exspectaturus
2497 4348 2735 4401 quonam
2777 4347 2865 4385 res
2925 4330 3289 4399 Peloponnesi
3344 4347 3433 4385 es-

1860 4434 1985 4477 sent
2036 4438 2307 4477 cvasurze.
2350 4422 2467 4476 lluc
2518 4439 2640 4476 cum
2677 4424 3019 4492 appulissent
3053 4438 3223 4478 naves
3253 4422 3423 4477 Vene-

1866 4531 2069 4581 torum,
2121 4517 2413 4570 edixerunt
2453 4526 2511 4569 nt
2560 4518 2688 4569 hine
2718 4517 3029 4579 decederet,
3072 4532 3171 4571 nec
3206 4516 3259 4569 in
3286 4517 3433 4584 ipso-

1864 4626 1979 4661 rum
2023 4619 2180 4677 portu
2215 4611 2477 4663 resistere
2522 4610 2631 4676 regi
2673 4609 3003 4662 institueret.
3043 4609 3154 4663 Illic
3186 4609 3428 4677 quidem,

1868 4698 1954 4750 ubi
2010 4708 2461 4751 castrametatum
2495 4714 2620 4751 esse
2676 4698 2924 4751 audierat
2981 4715 3183 4767 regem,
3230 4700 3434 4760 abibat,

1803 4784 1841 4835 ί)
1868 4792 2217 4845 committens
2248 4792 2436 4861 pelago
2464 4808 2675 4844 navem.
2718 4793 3050 4846 Venetorum
3088 4803 3266 4846 autem
3291 4794 3438 4855 lcea-

1868 4883 1904 4935 ti
1958 4883 2282 4937 accedentes
2341 4885 2447 4935 buc
2478 4882 2542 4936 ad
2602 4898 2812 4950 regem,
2874 4884 3077 4937 hedera
3112 4885 3243 4937 inita
3310 4900 3436 4936 con-

1870 4975 2185 5041 ﬁt'marunt,
2241 4984 2295 5029 et
2376 4975 2822 5042 linSpilalitalem,
2897 4978 3437 5040 ιιοιιθνυιειιιὶιιιιιιιιιι·

1872 5070 2169 5120 maximam
2232 5067 2343 5133 regi
2390 5069 2743 5121 exhibebant.
2808 5068 3182 5123 Nihilominus
3258 5081 3438 5122 tamen

1872 5158 2007 5226 regii
2042 5158 2257 5226 equites
2282 5159 2654 5212 incursionem
2684 5162 2736 5211 in
2760 5158 2951 5229 Pylqu
2977 5160 3265 5219 facientes,
3298 5159 3438 5210 haud

1876 5267 2083 5319 paucos
2126 5252 2390 5313 Albanos,
2451 5252 2545 5320 qui
2582 5251 2634 5303 in
2672 5268 2733 5305 ea
2793 5254 3018 5321 regione
3059 5252 3317 5319 agebant,
3349 5264 3441 5299 cc-

1874 5353 2093 5415 perunt,
2130 5353 2184 5398 et
2240 5344 2503 5398 ﬁnitimos
2551 5356 2909 5400 necaverunt.
2970 5346 3261 5412 Equitatus
3300 5343 3443 5411 regis

1877 5438 2070 5491 deinde
2103 5437 2362 5506 pergebat
2401 5435 2739 5499 Methonam,
2793 5447 2850 5491 ut
2910 5438 3139 5501 videret,
3215 5436 3441 5504 quinam

1504 5551 1754 5611 Notulte
1788 5552 2194 5630 marginales.

263 5681 386 5747 (85)
421 5677 659 5731 Tocbins
694 5677 807 5730 sive
832 5676 1059 5747 Tepius.

266 5746 381 5821 (86)
418 5750 782 5803 Santainaria.
812 5746 970 5801 Forte
994 5762 1112 5815 qua:
1154 5746 1350 5799 Sancta
1387 5748 1570 5801 .llaula
1606 5748 1767 5803 hodie

276 5890 325 5921 ’³
355 5888 419 5943 In
441 5903 566 5955 uno,
600 5886 693 5941 καὶ
722 5886 771 5939 οἱ
806 5888 1169 5956 προσήκοντες
1207 5886 1650 5955 προσεχώρησαν.

1732 5889 1774 5919 ³³
1814 5886 1875 5942 In
1911 5903 2031 5953 uno,
2056 5887 2343 5956 βατιλέως.

1873 5680 2071 5732 dicitur
2096 5698 2110 5733 :
2148 5678 2367 5748 quidam
2392 5677 2662 5737 Leucada.
2681 5678 2769 5731 alii
2796 5676 3052 5746 Nerytuin
3079 5678 3308 5731 insuam
3328 5694 3443 5731 esse

1874 5759 2081 5802 Dulattt.

1873 5765 2081 5818 putant.

2423 5889 2466 5919 ³ο
2499 5886 2560 5940 In
2593 5887 2649 5941 C.
2681 5888 2742 5942 [ί.
2770 5900 2844 5941 cst
2878 5887 3093 5938 Inculta.
