4180 6434
769 441 870 500 473

1930 433 2242 495 LAONICI
2279 432 2939 498 CHALCOCONDYLE

3928 447 4032 507 λίἴῦ

763 565 982 627 Turcis.
1019 561 1127 615 Rex
1159 572 1497 628 congregans
1550 556 1846 610 Jannarum
1903 555 2129 617 milites,
2176 563 2336 623 quot-

2459 557 2533 608 tal.
2565 557 2915 625 ἱπποδρόμων
2949 559 3066 612 ὅσοι
3101 559 3377 629 παρῆσαν,
3414 561 3564 627 ἠφίει
3597 563 3688 615 ἐπὶ
3738 563 3866 627 τοὺς
3908 566 4031 616 Ἀλ-

761 666 896 729 quot
927 665 1124 726 praesto
1154 662 1329 715 erant,
1358 660 1413 705 et
1444 651 1676 718 equites,
1709 663 1802 702 eos
1835 646 2017 701 emisit
2074 646 2127 700 in
2184 646 2346 701 Alba-

765 767 885 815 nos,
917 749 1072 820 quasi
1095 761 1284 802 omnes
1306 741 1883 814 rapturus.Quotquot
1913 737 2180 808 praeconis
2223 737 2343 792 voci

765 849 1081 912 paruerant,
1115 841 1165 891 in
1190 838 1338 891 hunc
1370 835 1589 888 modum
1611 831 2033 892 occumbebant,
2053 837 2108 883 et
2129 828 2347 898 jumen-

764 947 816 990 ta
855 948 1184 1005 pecoraque,
1217 932 1316 984 bac
1349 927 1642 983 occasione
1680 926 1788 988 nsi,
1845 924 2130 992 abigentes
2179 922 2346 975 adve-

769 1045 893 1081 ncre
925 1024 1269 1079 Corinthum.
1298 1022 1420 1074 Pari
1457 1019 1651 1073 fraude
1678 1033 1830 1081 usus,
1856 1017 2019 1071 etiam
2051 1016 2101 1070 in
2123 1014 2345 1068 Phliun-

767 1125 835 1178 tis
864 1122 1133 1191 regionem
1169 1115 1539 1169 incursionem
1573 1112 1722 1166 fecit.
1748 1110 1879 1164 Nam
1924 1109 2119 1164 Albani
2188 1108 2345 1162 inco-

771 1218 944 1272 lentes
977 1217 1089 1268 loca
1118 1214 1217 1269 ista
1247 1209 1641 1273 munitissima,
1665 1205 1978 1260 Graecorum
1998 1220 2083 1258 res
2116 1203 2351 1273 agebant

766 1324 818 1369 et
844 1305 1326 1371 ferebant.lieliqui
1351 1300 1566 1363 Albani,
1591 1299 1680 1369 qui
1706 1299 2027 1353 habitabant
2045 1297 2097 1349 in
2122 1295 2351 1349 inferio-

765 1422 824 1462 re
865 1398 1218 1470 Peloponnesi
1237 1397 1473 1465 regione,
1491 1391 1820 1449 accedebam
1843 1389 2114 1459 praedictis
2130 1389 2353 1443 Albanis

768 1499 1082 1557 auxiliares,
1111 1502 1166 1547 et
1193 1492 1565 1560 sequebantur
1610 1501 1937 1555 quocunque
1968 1483 2168 1539 bellum
2193 1499 2350 1536 aver-

771 1595 988 1645 tissent.
1019 1589 1205 1657 Itaque
1236 1601 1327 1640 rex
1363 1583 1605 1638 decrevit
1635 1583 1750 1635 loca
1807 1579 1911 1634 ista
1980 1579 2213 1632 reddere
2269 1577 2352 1629 in-

769 1683 945 1733 firma.
979 1678 1219 1731 Albanos
1248 1686 1508 1743 praeterea
1540 1672 1666 1724 hinc
1698 1670 1984 1738 digressos
2017 1667 2194 1721 noluit
2233 1681 2353 1718 am-

767 1774 908 1841 plius
944 1768 1072 1839 quid
1097 1770 1148 1822 in
1174 1783 1270 1822 sua
1299 1765 1515 1834 regione
1532 1779 1623 1817 rex
1643 1763 1928 1816 innovare.
1951 1760 2085 1814 Nam
2107 1759 2347 1828 plerum-

774 1880 880 1934 que
912 1863 1174 1924 Albanos,
1203 1856 1662 1927 quemadmodum
1698 1854 1857 1908 modo
1889 1853 2154 1917 diximus,
2189 1849 2350 1920 257

776 1954 1136 2011 defectionem
1171 1951 1363 2006 iecisse
1396 1950 1571 2011 aiunt,
1631 1956 1685 2001 et
1736 1944 1978 2014 reliquos
2031 1942 2357 1997 defectionis

769 2048 953 2103 socios
984 2045 1238 2098 traxisse.
1275 2044 1330 2098 ln
1373 2043 1517 2097 hunc
1549 2039 1770 2094 modum
1802 2039 1854 2092 in
1883 2038 2149 2091 ditionem
2214 2037 2358 2105 regis

778 2142 941 2197 rediit
959 2140 1382 2209 Peloponnesus.

848 2237 959 2290 Rex
993 2244 1176 2288 autem
1218 2233 1440 2286 veniens
1488 2229 1759 2292 Athenas,
1822 2225 2183 2281 obambulans
2232 2224 2359 2277 hinc

776 2332 921 2395 imle,
957 2339 1196 2384 veterem
1225 2327 1372 2380 illam
1412 2322 1604 2378 urbem
1632 2331 1689 2378 et
1714 2329 1908 2392 portus
1942 2319 2245 2390 spectabat.
2269 2314 2328 2373 In

775 2435 924 2479 terea
949 2422 1168 2491 quidam
1204 2418 1503 2490 peregrini,
1530 2417 1622 2486 qui
1654 2417 1709 2471 in
1769 2429 1895 2470 arce
1947 2424 2129 2478 erant,
2176 2430 2350 2484 expo-

773 2527 912 2571 nunt
938 2515 1046 2581 regi
1076 2513 1342 2583 quosdam
1370 2509 1730 2565 Athenienses
1771 2507 2209 2574 coniurationem
2267 2507 2350 2561 fe-

774 2613 940 2672 cisse,
972 2617 1033 2662 ut
1069 2606 1362 2676 proderent
1386 2605 1573 2658 urbem
1607 2602 1821 2657 Franco
1850 2601 2072 2655 Bmotize
2093 2600 2352 2670 principi,

778 2702 872 2770 qui
920 2709 1079 2752 antea
1137 2698 1394 2766 princeps
1431 2694 1848 2750 Atheniensium
1899 2694 2210 2747 exstiterat.
2263 2691 2354 2746 Sic

779 2795 912 2847 urbs
942 2802 992 2846 et
1030 2790 1396 2844 Athenienses
1425 2789 1478 2842 in
1516 2802 1774 2856 magnum
1798 2786 2092 2840 discrimen
2132 2800 2350 2840 venere.

787 2887 916 2940 Nam
952 2899 1042 2938 rex
1078 2883 1205 2937 huic
1239 2881 1443 2936 indicio
1472 2881 1632 2935 (idem
1665 2880 1821 2941 dans,
1850 2878 1995 2947 capit
2043 2877 2194 2932 cives
2253 2875 2350 2931 de-

782 2993 899 3031 cem
941 2974 1436 3042 opulentissimos;
1478 2985 1683 3039 eosque
1738 2969 1863 3023 inde
1912 2968 2212 3031 ahducens,
2263 2967 2355 3021 dc-

781 3068 1016 3137 portavit
1049 3063 1363 3136 Byzantium
1401 3071 1458 3116 ιιι
1483 3063 1554 3115 ibi
1588 3061 1915 3114 habitarent.
1971 3055 2208 3115 Rediens
2258 3077 2355 3115 au-

780 3170 889 3214 tem
923 3159 1172 3220 domum,
1210 3169 1493 3223 praecones
1544 3151 1713 3215 misit,
1762 3152 1962 3220 jubens
2022 3151 2351 3206 Demetrium

2447 647 2664 713 ϐανοῦς,
2717 650 2792 712 ὡς
2847 650 3360 719 ἀναρπασομένους.
3422 652 3580 707 Οὗτοι
3645 655 3744 722 μὲν
3777 655 3871 708 οὖν
3924 659 4036 709 ὅσοι

2448 737 2726 791 ἐπείθοντο
2758 738 2836 806 τῷ
2870 738 3503 811 λόγῳ,ἶέξαπατηθέντες
3553 744 3697 797 οὕτω
3727 746 4036 810 ἀπώλοντο,

2449 830 2541 882 καὶ
2578 832 2647 884 τά
2683 848 2741 883 τε
2767 830 3040 900 ὑποζύγια
3073 833 3168 885 καὶ
3218 835 3391 904 κτήνη
3443 835 3542 904 τῆς
3594 837 3776 907 χώρας
3820 837 4038 902 ἐξελαύ-

2448 940 2652 988 νοντες,
2683 927 3004 996 ἐκομίζοντο
3034 930 3126 981 ἐπὶ
3174 929 3456 998 Κόρινθον.
3508 931 3631 983 Ἐπὶ
3673 933 3816 1003 λόγῳ
3849 935 4036 1001 τοιῷδε

2451 1018 2723 1085 ἐπέδραμε
2755 1017 2822 1070 τὰ
2849 1016 3133 1080 Φλιοῦντος
3171 1018 3367 1087 χωρία.
3429 1020 3490 1070 Οἱ
3539 1020 3650 1089 γὰρ
3705 1007 3772 1072 ἓν
3826 1016 4037 1082 τούτοις

2450 1112 2828 1180 κατῳκημένοι
2890 1111 3001 1164 τῶν
3061 1111 3357 1172 Ἀλϐανῶν,
3407 1112 3502 1165 ἆτε
3554 1114 3612 1164 ὲν
3653 1113 3834 1180 ὀχυρῷ
3894 1114 4037 1165 πάνυ

2451 1203 2751 1274 ᾠκημένοι,
2784 1199 2920 1272 ἦγον
2951 1203 3045 1256 καὶ
3075 1203 3268 1271 ἔφερον
3305 1205 3372 1257 τὰ
3402 1204 3668 1273 Ἑλλήνιον
3710 1206 4036 1271 πράγματα,

2453 1297 2550 1350 καὶ
2577 1299 2703 1359 τοὺς
2734 1297 2955 1360 λοιποὺς
2977 1298 3164 1351 τούσδε
3188 1299 3243 1358 ἐς
3273 1299 3340 1351 τὰ
3376 1299 3528 1351 κάτω
3551 1299 3728 1366 χωρία
3750 1296 3851 1364 τῆς
3880 1296 4038 1350 Πελο-

2457 1390 2727 1460 ποννήσου
2761 1386 2931 1459 εἶχον,
2961 1387 3262 1460 ἑπομένους
3318 1391 3523 1459 σφίσιν,
3627 1391 3692 1442 ἂν
3720 1383 3870 1444 οὗτοι
3907 1389 4038 1456 ὕφη.

2457 1485 2717 1551 γήσαιντο
2750 1484 2842 1536 ἐπὶ
2869 1484 2962 1536 τον
3001 1484 3260 1553 πόλεμον.
3290 1483 3453 1537 Ὥστε
3488 1484 3690 1554 ἀσθενῆ
3722 1485 3865 1552 ἔγνω
3887 1485 4038 1550 ποιῆ-

2458 1588 2547 1629 σαι
2570 1573 2678 1630 δεῖν
2697 1576 2765 1628 τὰ
2792 1576 2966 1646 χωρία
2994 1575 3189 1638 ταῦτα,
3220 1577 3317 1630 καὶ
3364 1577 3728 1647 ὡρμημένους
3790 1575 4042 1629 ἐντεῦθεν

2456 1670 2582 1732 τοὺς
2629 1666 2917 1733 ’Δλῦανοὺς
2940 1668 2987 1701 ³³
3019 1669 3362 1738 νεωτερίζειν
3413 1670 3468 1732 ἐς
3503 1669 3603 1739 τὴν
3653 1670 3915 1738 βασιλέως
3942 1669 4040 1739 χὼτ

2461 1780 2580 1832 ραν.
2614 1763 2726 1817 Καὶ
2761 1764 2821 1816 τό
2843 1779 2906 1830 γε
2935 1762 3097 1816 πλέον
3117 1763 3214 1830 τῆς
3251 1763 3576 1826 ἀποῦἀσεως
3605 1762 3778 1826 οὕτως
3799 1763 4042 1830 ἐλέγοντο

2459 1858 2748 1921 ποιεῖσθαι,
2779 1859 2876 1911 καὶ
2908 1859 3064 1926 ἄγειν
3089 1858 3216 1920 τοὺς
3249 1856 3490 1920 λοιποὺς,
3543 1858 3666 1910 ὅποι
3728 1858 3794 1910 ἂν
3852 1857 4041 1925 ἐξηγή-

2462 1963 2660 2004 σαιντο.
2701 1946 2887 2003 Ταῦτα
2919 1947 3017 2020 μὲν
3041 1951 3112 2018 ,ὲς
3154 1950 3254 2018 τὴν
3299 1951 3705 2020 Πελοποννήσου
3753 1950 3958 2004 ἅλωσιν
3989 1951 4040 2012 ἐς

2460 2043 2710 2096 τοσοῦτον
2733 2043 2969 2110 ἐγένετο.

2532 2224 2793 2292 Βασιλεὺς
2868 2228 2926 2282 δὲ
3014 2229 3280 2293 Ἀθήναζε
3346 2229 3714 2298 ἀφικόμενος.
3777 2229 4040 2298 περιιὼν,

2459 2322 2752 2374 ἐπεσκόπει
2781 2323 2884 2392 τήν
2917 2339 2975 2374 τε
3010 2321 3247 2375 παλαιὸν
3296 2321 3471 2384 πόλιν,
3516 2323 3608 2374 καὶ
3643 2321 3769 2381 τοὺς
3798 2321 4038 2390 λιμένας.

2470 2414 2881 2486 Ἐξηγουμένων
2907 2415 2963 2467 δέ
2992 2416 3041 2468 οἱ
3073 2416 3181 2467 τῶν
3212 2415 3269 2466 ἐν
3298 2417 3363 2486 τῇ
3414 2413 3710 2484 ἀκροπόλει
3746 2415 4038 2479 νεηλύδων,

2455 2503 2531 2568 ὡς
2556 2506 2855 2575 Ἀθηναίων
2905 2507 3050 2570 τινὲς
3101 2508 3420 2577 συνθέμενοι
3471 2507 3758 2576 προδοσίαν
3810 2507 4042 2578 Φράγκῳ

2456 2600 2556 2669 τῆς
2593 2599 2851 2662 Βοιωτίας
2883 2599 3102 2670 ἄρχοντι
3133 2601 3401 2669 πρότερον
3422 2599 3697 2669 γενομένῳ
3730 2599 4030 2665 Ἀθηναίων

2455 2693 2723 2763 τυράννῳ,
2764 2695 2820 2755 ὲς
2851 2693 3091 2746 κίνδυνον
3124 2695 3385 2759 ἀφίκοντο
3407 2692 3560 2746 αὐτοί
3588 2709 3647 2744 τε
3668 2695 3761 2745 καὶ
3793 2695 3829 2762 ἠ
3865 2693 4036 2752 πόλις.

2467 2784 2731 2837 Ἐνταῦθα
2761 2785 3107 2848 ἀναπεισθεὶς
3160 2785 3434 2854 βασιλεὺς,
3491 2785 3860 2853 συλλαμϐάνει
3919 2785 4042 2837 δέκα

2455 2877 2562 2931 τῶν
2591 2878 2792 2941 ἀστῶν,
2849 2877 3046 2947 ἄνδρας
3089 2878 3214 2938 τοὺς
3273 2876 3654 2944 όλϐιωτέρους,
3689 2879 3784 2929 καὶ
3822 2879 4033 2944 ἀπαγα-

2454 2967 2567 3035 γὼν
2590 2968 2832 3028 τούτους,
2868 2968 3171 3038 κατῴκισεν
3199 2969 3254 3029 ἐς
3285 2965 3604 3031 Βυζάντιον.
3661 2970 4038 3036 Κομιζόμενος

2459 3064 2640 3131 μέντοι
2674 3061 2761 3114 ἐπ’
2795 3064 2970 3128 οἴκου,
2994 3063 3088 3114 καὶ
3114 3061 3348 3129 πέμπων
3374 3063 3644 3130 κήρυκας,
3684 3063 3907 3116 ἐκέλευε
3956 3064 4041 3118 τὶν

2455 3152 2700 3221 ἡγεμόνα
2733 3153 3048 3220 Δημήτριον
3083 3151 3313 3217 ὑπάγειν
3336 3150 3574 3221 πρόσθεν
3601 3147 3699 3202 σὺν
3755 3153 3822 3218 τῇ
3858 3167 4038 3215 γυναι-

779 3255 973 3309 duccm
1005 3249 1310 3320 prmcedere
1337 3263 1459 3301 cum
1494 3262 1702 3310 uxore;
1743 3245 1858 3313 ipse
1892 3259 2018 3299 vero
2049 3260 2141 3314 per
2174 3246 2346 3299 otium

2459 3247 2528 3305 κὶ,
2558 3244 2652 3296 καὶ
2675 3243 2836 3304 αὐτὸς
2871 3241 3033 3312 σχολῇ
3066 3243 3379 3312 ἐπορεύετο.
3431 3241 3522 3311 Τῷ
3578 3242 3761 3310 μέντοι
3817 3243 4038 3312 ἡγεμόνι

777 3342 1126 3411 sequebatur.
1165 3336 1296 3392 Dnci
1343 3335 1562 3405 quidem
1602 3335 1822 3389 tradidit
1878 3335 2068 3390 urbem
2127 3334 2352 3398 Enum,

778 3446 833 3491 et
867 3431 1090 3502 vectigal
1120 3431 1264 3499 quod
1295 3430 1364 3482 ab
1393 3428 1585 3483 salinis
1620 3429 1778 3482 istius
1812 3429 1962 3483 urbis
2017 3428 2352 3483 solvebatur.

783 3527 1049 3580 Przcterea
1090 3523 1332 3577 aJanuis
1365 3519 1510 3590 regis
1567 3520 1872 3589 accipiebat
1920 3520 2141 3574 circiter
2193 3537 2353 3574 sexa-

779 3622 927 3690 ginta
954 3616 1504 3688 myriadeslibrarum
1540 3615 1770 3682 argenti.
1804 3611 2076 3667 Francnm
2130 3614 2354 3667 Antonii

781 3713 949 3766 filium
983 3726 1092 3778 quo
1121 3724 1216 3777 per
1245 3723 1485 3761 amorem
1519 3707 1724 3761 abusus
1788 3705 1966 3761 fuerat
2017 3708 2098 3776 (ut
2161 3706 2354 3776 fertur)

779 3804 938 3871 eique
956 3800 1260 3855 crediderat
1275 3798 1690 3852 Atheniensium
1713 3813 1916 3858 arcem,
1943 3814 2089 3864 cum,
2109 3799 2354 3868 inquam,

786 3895 930 3948 misit
968 3895 1032 3946 ad
1063 3894 1338 3961 laganum
1385 3890 1744 3958 Peloiionnesi
1796 3889 2133 3958 praefectum,
2193 3907 2355 3960 quem

780 3985 953 4040 occidi
980 3985 1165 4054 jussit.
1201 3983 1452 4052 Zaganus
1486 3982 1721 4035 inritans
1750 3983 1914 4037 istum
1948 3983 2000 4038 in
2063 3984 2356 4038 tentorium

782 4092 965 4136 suum.
991 4093 1115 4129 cum
1151 4090 1219 4129 eo
1244 4075 1548 4129 collocutus
1580 4085 1665 4128 est
1686 4089 1858 4143 usque
1879 4073 1944 4128 ad
1963 4085 2199 4129 noctem.
2220 4075 2358 4129 Pos-

782 4182 870 4225 tea
901 4178 1080 4223 autem
1123 4184 1246 4223 cum
1278 4167 1455 4222 abiret
1487 4165 1733 4223 Francus
1783 4182 2014 4238 pergens
2067 4168 2132 4223 ad
2193 4184 2356 4222 suum

788 4260 1105 4321 tentorium,
1127 4258 1214 4311 'ibi
1250 4257 1572 4312 interfectus
1604 4264 1688 4310 est
1717 4272 1748 4310 a
1780 4252 2023 4325 Zagano,
2047 4271 2172 4310 cum
2207 4266 2263 4310 ut
2285 4257 2358 4310 ibi

787 4360 1095 4409 necaretur,
1124 4347 1376 4418 precibus
1404 4348 1767 4414 impetrasset.
1802 4345 2000 4400 Franci
2037 4361 2186 4401 mors
2235 4347 2358 4402 talis

781 4447 902 4499 i‘nit.
931 4445 1041 4497 Rex
1075 4452 1257 4496 autem
1295 4456 1388 4508 per
1438 4440 1609 4494 otium
1671 4439 2047 4493 revertebatur
2109 4441 2355 4494 domum.

781 4538 920 4591 Cum
939 4535 1254 4590 advenisset
1271 4532 1723 4596 Pherrhas,diem
1747 4531 1818 4585 ibi
1841 4543 2084 4588 moratus
2101 4542 2204 4588 est.
2225 4531 2358 4586 Nam

2458 3337 2754 3405 ἐπέτρεψεν
2781 3329 2938 3387 Αἶνον
2960 3335 3139 3396 πόλιν,
3170 3335 3264 3388 καὶ
3299 3335 3560 3404 πρόσοδον
3584 3336 3690 3388 ἀπὸ
3737 3334 3839 3404 τῆς
3873 3334 4037 3386 αὑτοῦ

2456 3428 2627 3503 ταύτῃ
2655 3429 2868 3497 ἀλικῆς,
2905 3427 2998 3481 καὶ
3022 3427 3132 3482 ἀπὸ
3161 3428 3270 3482 τῶν
3296 3427 3498 3497 θυρῶν,
3533 3429 3588 3490 ἐς
3624 3428 3892 3496 ἐξήκοντα
3946 3447 4039 3497 μυ»

2461 3522 2648 3595 ριάδας
2676 3521 2962 3592 ἀργυρίου,
2999 3517 3103 3576 Τὸν
3134 3520 3233 3591 μὲν
3259 3517 3353 3574 οὖν
3377 3522 3629 3590 Φράγκον
3685 3521 3779 3575 τοῦ
3847 3523 4040 3574 ’Δντω-

2459 3616 2574 3668 νίου
2607 3613 2790 3680 παῖδα,
2823 3616 3048 3670 παιδικά
3080 3634 3138 3668 τε
3181 3616 3350 3669 αὐτοῦ
3409 3615 3721 3685 γενόμενον,
3763 3614 3842 3677 ὡς
3896 3615 4042 3682 λέγει

2458 3725 2571 3772 ται,
2601 3709 2697 3761 καὶ
2728 3705 3042 3778 παραδόντα
3075 3707 3174 3777 τὴν
3220 3708 3518 3778 Ἀθηναίων
3548 3707 3868 3776 ἀκρόπολιν,
3899 3709 4040 3775 πέμ»

2458 3813 2575 3854 πων
2608 3801 2836 3872 Ζαγάνῳ
2864 3801 2942 3870 τῷ
2989 3800 3089 3871 τῆς
3148 3801 3553 3870 Πελοποννήσου
3615 3800 3865 3870 ὑπάρχῳ,
3922 3802 4039 3852 Exi-

2459 3893 2614 3946 λευεν
2639 3891 2872 3949 ἀνελεῖν.
2904 3890 3142 3961 Ζάγανος
3170 3893 3226 3945 δὲ
3252 3895 3309 3956 ὲς
3325 3892 3421 3962 τὴν
3447 3894 3653 3962 σκηνὴν
3702 3892 4038 3959 συγκαλέσας

2460 3983 2642 4048 αὐτὸν,
2677 3986 2734 4047 ἐς
2769 3984 2982 4053 ὁμιλίαν
3023 3984 3319 4039 καθίστατο
3346 3985 3474 4054 ἄχρι
3512 3983 3728 4047 νυκτός.
3799 3985 3952 4036 Μετὰ
3988 3985 4038 4035 δὲ

2455 4074 2533 4139 ὡς
2567 4075 2744 4130 ἀπιὼν
2768 4075 2994 4146 ὥρμητο
3017 4079 3108 4129 ἐπὶ
3137 4076 3236 4147 τὴν
3257 4075 3454 4130 ἑαυτοῦ
3489 4078 3716 4146 σκηνὴν,
3753 4078 4041 4129 κελεύσαν-

2461 4185 2549 4231 τος
2571 4168 2627 4221 δὲ
2661 4168 2850 4232 αὑτοῦ,
2879 4169 3052 4239 ταύτῃ
3085 4170 3425 4223 ἀπέκτεινεν.
3482 4168 3685 4223 Τούτου
3743 4169 3845 4238 μὲν
3890 4172 3924 4238 ἡ
3958 4187 4041 4220 τεο

2463 4261 2624 4331 λευτὴ
2649 4261 2820 4324 οὕτως
2847 4262 2995 4333 ἔσχε.
3023 4263 3291 4326 Βασιλεὺς
3335 4264 3392 4316 δὲ
3451 4263 3815 4332 κομιζόμενος
3855 4265 3946 4317 ἐπ’
3975 4265 4044 4316 cf-

2465 4373 2559 4408 κου
2588 4356 2748 4427 σχολῇ
2788 4355 3097 4423 ἐπορεύετο.
3142 4358 3248 4410 Καὶ
3297 4357 3391 4410 ἐπὶ
3448 4358 3662 4428 Φεῤῥάς
3692 4359 4041 4426 ἀψικόμενος,

2463 4449 2670 4516 ἡμέρας
2727 4464 2785 4499 τε
2845 4448 3116 4518 διέτριψεν
3176 4448 3362 4502 αὐτοῦ.
3408 4450 3732 4517 Ἢγγέλ).ετο
3785 4454 3894 4519 γὰρ
3943 4452 4044 4503 ἀπὸ

2466 4540 2707 4592 Παιόνων
2728 4541 2954 4609 στρατὸν
2979 4539 3243 4604 ἐλαύνειν,
3281 4541 3503 4593 ἐπιόντα
3545 4542 3638 4593 ἐπὶ
3666 4541 3761 4594 τὸν
3799 4539 4036 4611 Ἵστρον.

784 4632 922 4684 fatua
955 4637 1093 4691 erat,
1128 4627 1417 4681 Pannones
1447 4640 1573 4679 cum
1605 4625 1852 4678 exercitu
1880 4625 2141 4679 accedere
2173 4625 2237 4679 ad
2282 4624 2353 4680 ls-

2473 4631 2561 4693 Ὠς
2615 4633 2670 4685 δὲ
2712 4631 2993 4701 κατάδηλα
3051 4633 3290 4700 ἐγένετο,
3344 4633 3494 4685 οὐδὲν
3556 4632 3707 4694 ὄντα,
3759 4634 3944 4703 παρῆν
3998 4637 4047 4694 ἐς

779 4737 950 4776 trum.
981 4718 1081 4775 Ubi
1134 4728 1316 4772 autem
1355 4717 1632 4788 cognitum
1665 4728 1770 4780 cst,
1803 4715 2003 4770 famam
2052 4717 2194 4771 banc
2235 4733 2356 4773 csse

781 4820 1000 4880 falsam,
1044 4833 1148 4868 non
1179 4816 1352 4868 multo
1385 4811 1928 4881 postAdrianimolim
1969 4812 2356 4880 pervenit,du-

777 4925 914 4964 cens
941 4925 1126 4963 secum
1179 4908 1490 4962 Graecorum
1544 4908 1686 4974 regis
1741 4905 1961 4958 fratrem
2022 4904 2356 4958 Demetrium

783 5019 908 5055 cum
945 5017 1135 5054 uxore.
1175 5000 1276 5055 Ubi
1308 5000 1575 5068 processit
1608 5000 1658 5052 in
1702 4999 1904 5066 regiam
1943 5001 2149 5062 sedem,
2196 4998 2361 5053 misso

780 5096 977 5148 nuntio
997 5094 1310 5148 eunuchum
1335 5093 1559 5145 abduxit
1589 5106 1615 5143 a
1633 5092 1879 5144 custodia
1906 5090 2028 5144 tilia:
2053 5091 2228 5145 ducis.
2257 5090 2329 5144 Za
2348 5118 2363 5131 -

787 5205 958 5256 ~canus
985 5189 1075 5256 qui
1111 5188 1332 5240 relictus
1367 5185 1543 5240 fuerat
1602 5185 1656 5238 iu
1722 5183 2116 5252 Peloponneso,
2162 5185 2365 5238 habens

785 5284 887 5331 sub
921 5296 979 5333 se
1002 5279 1299 5333 Thessalia:
1330 5279 1657 5335 exercitum,
1684 5278 1962 5345 equitibus
1992 5279 2238 5344 exceptis
2277 5293 2363 5332 res

787 5371 1154 5437 Peloponnesi
1217 5371 1549 5425 circumiens
1603 5371 1985 5438 componebat.
2057 5371 2355 5425 Plurimum

791 5463 926 5514 inrri
955 5473 1066 5514 tum
1102 5461 1250 5521 huic,
1286 5477 1496 5514 necnon
1538 5461 1898 5528 Peloponnesi
1932 5463 2164 5516 ducibus
2205 5479 2356 5516 accc-

781 5551 950 5603 ﬂvlmt
984 5552 1051 5602 ab
1094 5551 1400 5618 mancipiis,
1444 5567 1565 5620 qua:
1596 5553 1737 5606 clam
1773 5551 2009 5606 ferentes
2044 5553 2363 5607 transmise-

788 5651 914 5692 τέκ’.
953 5639 1311 5694 Τειρεδηίιιιειι.
1352 5642 1798 5712 Peloponnesiaci
1837 5660 2063 5713 quoque
2131 5645 2361 5714 plurima

2477 4725 2912 4794 Ἀδριοινούπολιν
2973 4726 3033 4777 οὐ
3069 4726 3272 4794 ,πολλῷ
3307 4726 3531 4794 ὕστερον
3572 4726 3686 4794 ἅμα
3750 4726 3906 4792 ἄγων
3965 4731 4050 4780 καὶ

2466 4819 2573 4872 τῶν
2600 4821 2644 4851 ³³
2687 4819 2955 4887 Ἑλλήνων
2981 4819 3245 4886 βασιλέως
3281 4819 3507 4886 ἀδελφὸν
3552 4821 3894 4888 Δημήτριον,
3960 4824 4049 4872 καὶ

2465 4911 2722 4976 γυναῖκα.
2759 4909 2849 4969 Ἐς
2883 4908 2982 4977 μὲν
3007 4908 3101 4960 οὖν
3122 4909 3190 4960 τὰ
3237 4908 3483 4976 βασίλεια
3533 4909 3890 4976 ἀφικόμενος.
3919 4912 4052 4974 πέμ-

2463 5001 2568 5070 ψας
2601 5001 2693 5054 τόν
2729 5015 2788 5052 τε
2813 4999 3092 5068 εὐνοῦχον,
3125 5001 3413 5068 ἀπήγαγεν
3437 4999 3544 5052 ἀπὸ
3571 5003 3669 5067 τῆς
3718 5000 3814 5051 τοῦ
3854 5002 4050 5068 ἡγεμό-

2463 5113 2549 5157 νος
2575 5094 2862 5164 θυγατρός.
2896 5093 3138 5159 Ζᾶγανος
3182 5095 3238 5146 δὲ
3287 5093 3665 5162 καταλειφθεὶς
3697 5095 3754 5146 ὲν
3779 5095 4048 5146 Πελοπονς

2463 5187 2635 5255 νήσῳ,
2672 5187 2809 5255 ἔχων
2845 5184 2964 5253 μεθ’
2999 5183 3194 5236 ἑαυτοῦ
3227 5185 3320 5236 καὶ
3351 5184 3411 5236 τὸ
3448 5185 3545 5252 τῆς
3570 5183 3867 5245 Θετταλίας
3895 5186 4052 5252 3:931-

2462 5295 2638 5346 τευμα
2667 5278 2794 5330 ἄνευ
2817 5277 2922 5330 τῶν
2953 5275 3324 5346 ἱπποδρόμων,
3348 5275 3580 5343 καθίστη
3599 5275 3840 5343 ,περιιὼν
3865 5276 3934 5326 τὰ
3957 5275 4050 5342 τῆς

2467 5372 2873 5440 Πελοποννήσου
2908 5371 3227 5439 πράγματα,
3257 5370 3349 5421 κ³ιὶ
3388 5369 3597 5436 μεγάλα
3634 5367 3882 5436 ἀπέφερε
3911 5370 4041 5435 ’ἀρ’

2467 5467 2552 5535 οη,
2589 5465 2750 5526 αὐτός
2779 5481 2836 5516 τε
2874 5465 2965 5516 καὶ
2990 5466 3036 5514 oi
3061 5463 3155 5531 τῆς
3182 5462 3589 5532 Πελοποννήσου
3619 5462 3906 5531 ἄρχοντες,
3945 5462 4047 5512 ἁ.πὲ

2471 5575 2531 5610 τε
2563 5556 2931 5626 ἀνδραπόδων,
2959 5554 2994 5608 ἀ
3024 5553 3210 5624 κρύφα
3250 5555 3673 5623 ἀποφερόμενοι,
3737 5553 4052 5615 διεϐίϐαζοι

2477 5653 2532 5714 ἐς
2562 5650 2879 5714 Θετταλίαν,
2904 5650 2999 5703 καὶ
3041 5647 3189 5720 δῶρα
3219 5645 3683 5717 εἰσπραττόμενος
3734 5647 3865 5708 τοὺς
3894 5646 3956 5697 ἐν
3985 5645 4050 5712 τῇ

2100 5788 2350 5854 Νοιυιεο
2392 5791 2796 5868 marginales.

949 5912 1054 5972 Mn,
1104 5917 1152 5964 ire
1184 5911 1242 5969 li.
1274 5915 1432 5969 deest.
1513 5917 1550 5946 ³“
1587 5914 1656 5969 ’ῑὸ
1744 5914 1830 5970 Sic
1863 5915 2027 5972 etiam
2053 5912 2115 5970 Ii.
