4180 6434
147 395 248 463 477

1188 397 1285 457 DE
1317 396 1572 458 REBUS
1599 394 1955 456 'l‘URCICIS
1992 394 2137 454 LIB.
2182 395 2280 457 1X.

3278 390 3382 460 478

141 513 546 583 Πελοποννήσῳ.
573 513 677 564 Καὶ
701 511 1039 582 Σαλμσνίκην
1085 510 1400 564 ἐπελαύνων
1459 509 1703 576 ἐπολιόρ-

1811 522 2037 562 munera
2065 508 2117 560 in
2159 506 2320 561 istum
2359 507 2533 559 virum
2569 505 2959 576 congerebant.
3018 505 3377 562 Salmcnicam

139 623 242 666 κει,
277 605 464 670 λόγους
508 621 566 655 τε
593 601 915 672 προσφέρων
963 601 1224 662 ἐπιεικεῖς
1247 601 1325 663 εἰς
1351 598 1447 669 τὴν
1471 599 1704 662 παράδο-

140 713 245 749 σιν,
274 689 434 749 Οὗτοι
467 694 566 760 μέν
610 694 710 748 οὐκ
757 694 1033 748 ἐπείθοντο
1059 709 1074 725 ο
1132 692 1331 759 συνέϐη
1374 691 1430 744 δέ
1481 690 1709 754 ὕστερον

139 789 304 857 ἀσινῆ
331 788 641 850 ὑπεξελθεῖν
675 787 739 839 ἐκ
786 786 885 854 τῆς
934 783 1283 855 ἀκροπόλεως
1341 783 1542 850 ταύτης
1586 785 1706 836 Ἐλ-

139 880 318 948 λήνων
358 880 616 948 ἄρχοντα,
640 877 887 932 ἐνιαυτὸν
919 877 1298 947 ἐπιμείναντα,
1357 875 1708 958 γενναιότατα

142 973 455 1024 ὑποστάντα
486 969 576 1022 τὸν
601 968 737 1041 πρὸς
769 969 991 1038 βασιλέα
1022 968 1278 1037 πόλεμον.
1297 967 1457 1019 Ὥστε
1485 967 1706 1035 Μαχου-

146 1063 355 1134 μούτην
386 1064 476 1115 τὸν
511 1063 603 1116 τοῦ
636 1061 896 1132 βασιλέως
925 1061 1078 1116 οἴκου
1112 1060 1375 1130 ἡγεμόνα,
1414 1058 1581 1125 φάναι
1619 1058 1711 1110 ἐπὶ⁹

138 1155 316 1224 τούτῳ
350 1155 552 1226 τάνδρὶ,
592 1167 666 1216 ως
713 1157 769 1217 ἐς
798 1153 1200 1222 Πελοπόννησον
1224 1151 1492 1219 τοσαύτην
1526 1148 1709 1220 χώραν

127 1249 487 1317 ἀφικόμενος.
534 1247 839 1315 ἀνδράποδα
884 1246 984 1314 μέν
1033 1243 1208 1297 πολλὰ
1248 1243 1480 1313 εὕροιτο,
1543 1242 1710 1312 ἄνδρα

138 1340 196 1391 δέ
227 1341 433 1408 μηδένα
463 1340 543 1392 ὅτι
580 1338 653 1406 μὴ
687 1337 944 1391 τοιοῦτον.
979 1336 1238 1400 Βασιλεὺς
1286 1336 1384 1403 μὲν
1420 1336 1538 1386 τότε
1568 1336 1709 1401 ἀμφὶ

139 1433 252 1492 τοῖς
281 1430 572 1498 βασιλείοις
596 1411 686 1500 ἦν·
717 1429 916 1494 Θωμᾶς
940 1429 996 1481 δὲ
1038 1429 1101 1480 ἐκ
1135 1428 1234 1495 τῆς
1280 1427 1708 1495 Πελοποννήσου,

142 1524 238 1575 καὶ
275 1523 594 1592 Ἐπίδαυρον
624 1521 972 1591 παραλαϐὼν,
1006 1521 1232 1590 ἀφίκετο
1260 1522 1353 1573 ἐπὶ
1398 1521 1707 1589 Κέρκυραν,

143 1616 240 1668 καὶ
268 1615 512 1667 ἐκϐαλὼν
540 1617 800 1683 γυναῖκάς
832 1633 890 1668 τε
913 1614 1007 1669 καὶ
1037 1617 1253 1678 παῖδας,
1277 1613 1427 1666 ἔπλει
1455 1616 1546 1667 ἐπὶ
1585 1602 1713 1667 Ἰτα-

143 1712 265 1762 λίαν
305 1712 455 1779 παρὰ
481 1701 570 1764 τὸν
589 1713 696 1764 τῶν
723 1707 1014 1780 Ῥωμαίων
1033 1711 1312 1782 ἀρχιερέα.
1337 1712 1443 1764 Καὶ
1467 1710 1712 1777 πρέσϐυν

140 1805 252 1857 ἀπὸ
286 1804 580 1872 Κερκύρας
615 1805 687 1868 ὼς
735 1804 958 1873 βασιλέα
983 1803 1196 1873 ἔπεμπε
1254 1805 1614 1876 πειρώμενος,
1662 1804 1709 1856 εί

143 1897 233 1948 καὶ
295 1896 442 1966 αὐτῷ
492 1896 675 1966 χώραν
732 1897 901 1966 ἐπιδῷ
944 1896 1233 1950 ὁποιανοῦν
1286 1897 1380 1965 τῆς
1443 1895 1710 1966 Εὐρώπης

138 1990 430 2060 παράλιον,
459 1989 598 2042 ὥστε
627 1991 726 2060 τὴν
769 1990 1091 2061 Ἐπίδαυρον
1122 1989 1453 2059 παραδοῦναι
1488 1989 1564 2059 τῷ
1614 1990 1709 2059 βα-

140 2085 304 2136 σιλεῖ.
343 2084 447 2136 Τὸν
475 2084 572 2153 μὲν
601 2081 692 2136 οὖν
728 2083 966 2153 πρέσϐυν
1007 2082 1310 2146 συλλαϐὼν,
1347 2085 1405 2136 ἐν
1440 2084 1627 2144 πέδαις
1653 2101 1710 2136 τε

139 2178 462 2246 ἐποιήσατο,
497 2178 592 2228 καὶ
620 2176 678 2229 οὐ
721 2177 900 2245 πολλῷ
947 2175 1175 2247 ὕστερον
1230 2178 1440 2246 ἀφῆκεν
1499 2169 1708 2246 ἀϐλαϐῆ

134 2269 386 2322 ἆπιέναι.
427 2266 780 2337 Ἀφικόμενος
811 2268 866 2322 δὲ
891 2269 1092 2337 Θωμᾶς
1132 2271 1159 2321 ὁ
1189 2268 1414 2340 ἡγεμὼν
1435 2271 1580 2339 παρὰ
1617 2271 1708 2324 τὸν

133 2360 422 2430 ἀρχιερέα,
446 2362 544 2428 τὴν
570 2361 777 2414 δίαιταν
801 2357 944 2429 εἶχεν
975 2363 1036 2414 ἐκ
1060 2360 1271 2424 τούτου,
1311 2363 1710 2435 ἑξακισχιλίους

134 2452 367 2522 χρυσίου
397 2451 488 2505 τοῦ
512 2452 659 2515 ἔτους
685 2454 975 2522 στατῆρας.

202 2717 316 2773 Τοῦ
339 2719 394 2771 δὲ
445 2720 821 2787 ἐπιγινομένου
845 2718 1055 2792 θέρους,
1083 2722 1157 2784 ὡς
1188 2722 1248 2774 τὸ
1276 2723 1373 2794 ἐαρ
1396 2725 1703 2791 ἐπεγένετο,

133 2811 497 2880 ἐστρατεύετο
530 2809 822 2882 Μεχμέτης
849 2813 939 2865 ἐπὶ
985 2813 1074 2865 τὸν
1113 2805 1474 2886 κασταμόνης
1527 2835 1584 2870 τε
1616 2821 1709 2872 καὶ

131 2904 389 2975 Σινώπης
445 2904 690 2974 ἡγεμόνα
724 2944 739 2969 ,
788 2905 1172 2975 αἰτιασάμενος
1227 2908 1309 2960 ὅτι
1354 2897 1578 2979 Χασάνη
1633 2910 1708 2979 τῷ

131 2997 350 3066 Πακρῷ
383 2997 684 3066 ἐπιτήδειός
721 3015 780 3048 τε
807 2994 896 3068 ἦν,
930 2999 1022 3050 καὶ
1056 2998 1225 3062 ἐδόκει
1259 3000 1323 3054 ἂν
1374 3003 1708 3071 μεταστῆναι

132 3089 254 3154 μετ’
283 3085 449 3139 αύτοῦ
479 3087 572 3139 ἐπὶ
596 3087 693 3155 τὴν
725 3077 1025 3156 Μεχμέτεω
1067 3089 1270 3160 χώραν,
1312 3093 1532 3145 ἐπιόντα
1586 3094 1703 3163 ἅμα

1810 615 2026 671 quoque
2041 600 2286 654 exercitu
2311 599 2670 654 circumsedit
2695 617 2707 652 :
2741 607 2993 668 etaequas
3017 598 3380 664 conditiones,

1809 696 2012 764 quibus
2036 695 2288 765 oppidani
2319 695 2507 750 urbem
2543 694 2826 757 dederent,
2854 693 3073 747 obtulit.
3110 691 3381 747 Creten-nm

1809 789 2067 859 Oppidani
2097 805 2188 844 eas
2218 788 2566 844 conditiones
2592 799 2868 858 respuere,
2894 803 2993 842 nec
3056 786 3121 840 iis
3174 787 3383 840 obtem-

1812 897 2002 951 perare
2024 883 2336 937 voluerunt.
2353 879 2594 950 Contigit
2609 891 2788 936 autem
2817 879 3184 949 postmodum.
3207 889 3264 931 ut
3283 877 3386 930 im-

1810 983 2021 1043 pnnect
2039 975 2424 1030 illzesusexiret
2443 974 2511 1028 ab
2534 989 2658 1029 arce
2680 975 2779 1028 ista
2802 973 3116 1028 Grrecorum
3144 973 3273 1034 dux,
3292 972 3382 1040 qui

1811 1081 1902 1135 per
1929 1077 2129 1120 annum
2157 1066 2230 1120 ibi
2263 1077 2556 1130 manserat,
2582 1081 2740 1135 quam
2767 1065 3061 1120 fortissime
3081 1075 3133 1116 et
3160 1078 3386 1132 genero-

1813 1158 2031 1212 sissime
2055 1159 2338 1214 sustinens
2381 1156 2581 1214 bellum
2609 1159 2768 1230 quod
2787 1159 2854 1212 ab
2882 1173 3007 1227 rege
3030 1156 3385 1210 inferebatur.

1810 1247 1941 1301 Nam
1967 1246 2331 1303 Macbumetes
2350 1250 2511 1321 regia:
2529 1251 2725 1304 domus
2744 1249 2992 1318 princeps
3013 1249 3079 1302 de
3099 1250 3201 1302 isto
3221 1245 3387 1318 253

1810 1343 1927 1394 viro
1961 1340 2118 1394 talem
2151 1341 2441 1394 sententim
2489 1340 2750 1410 protulit:
2787 1339 2916 1394 Veni
2951 1340 3004 1393 in
3055 1338 3359 1404 Peloponue

1810 1443 1953 1498 sum,
1972 1449 2092 1504 quae
2114 1434 2410 1488 admodum
2427 1448 2621 1505 magna
2641 1436 2789 1505 regio
2813 1445 2917 1498 est,
2936 1443 2989 1488 et
3005 1428 3274 1502 inancipia
3301 1448 3385 1486 re-

1809 1528 1922 1596 peri
1941 1522 2171 1597 plurima
2209 1547 2223 1583 :
2257 1529 2464 1583 nullum
2492 1545 2624 1584 vero
2656 1531 2827 1584 virum
2858 1538 3049 1599 praeter
3069 1528 3250 1581 istum.
3271 1526 3382 1580 Rex

1810 1636 1874 1674 ea
1896 1629 2216 1691 tempestate
2251 1622 2304 1676 in
2347 1624 2494 1692 regia
2539 1624 2668 1678 Sede
2688 1623 3025 1677 versabatur.
3055 1622 3294 1674 Thomas
3317 1621 3387 1671 ah

1813 1708 2189 1783 Peloponneso
2221 1713 2517 1783 profectus,
2555 1721 2610 1770 et
2668 1713 3001 1783 Epidaurum
3071 1725 3383 1772 assumens,

1813 1808 2042 1863 accessit
2078 1808 2146 1863 ad
2170 1809 2462 1878 Corcyram
2496 1827 2509 1863 :
2543 1818 2595 1862 et
2623 1808 2813 1875 ejectis
2879 1807 3003 1860 inde
3065 1805 3386 1859 mulieribus

1814 1911 1868 1955 et
1900 1901 2106 1966 liberis,
2141 1902 2432 1972 navigabat
2453 1902 2506 1956 in
2534 1901 2741 1956 ltaliam
2772 1902 2838 1956 ad
2878 1900 3185 1954 Romanum
3208 1899 3384 1967 ponti-

1814 1996 1990 2052 ficem.
2028 1996 2170 2052 Misit
2198 2013 2414 2068 quoque
2442 1998 2675 2067 legatum
2708 1995 2772 2050 ad
2829 2010 3028 2064 regem,
3081 1992 3381 2063 periculum

1813 2087 2052 2143 facturus
2076 2099 2203 2143 nunt
2231 2089 2449 2144 reddere
2467 2089 2570 2144 sibi
2595 2089 2866 2158 velletpro
2896 2086 3189 2156 Epidauro,
3213 2101 3378 2155 quam

1814 2180 2022 2235 tradere
2051 2181 2286 2246 volebat,
2324 2181 2602 2250 regionem
2637 2196 2854 2236 omnem
2893 2180 3122 2249 EurOpm
3172 2177 3385 2232 maritio

1811 2289 1979 2328 mam.
2020 2270 2133 2328 Rex
2162 2275 2397 2344 legatum
2435 2275 2599 2329 istum
2631 2274 3121 2344 comprehendi.et
3152 2273 3204 2327 in
3264 2273 3384 2326 vin-

1809 2367 1931 2422 cula
1957 2367 2080 2420 duci
2107 2366 2284 2435 jubet.
2313 2358 2419 2422 Nec
2453 2378 2632 2423 tamen
2669 2369 2842 2421 multo
2871 2377 2995 2436 post
3037 2382 3160 2420 eum
3209 2366 3382 2419 invio-

1811 2459 1975 2513 latum
2010 2470 2062 2514 et
2095 2459 2321 2514 illaesum
2357 2461 2583 2517 dimisit.
2619 2448 2860 2516 Thomas
2893 2460 3112 2516 veniens
3161 2461 3229 2514 ad
3273 2459 3384 2514 Bo-

1810 2561 2029 2606 manum
2065 2553 2396 2620 pontificem,
2424 2555 2565 2624 apud
2619 2571 2744 2609 eum
2791 2555 2996 2610 victum
3056 2555 3265 2620 habuit,
3327 2562 3383 2609 et

1810 2645 2101 2714 quotannis
2119 2661 2209 2700 sex
2242 2647 2387 2700 mille
2408 2655 2636 2703 stateres
2663 2649 2866 2717 argenti
2901 2648 3036 2720 (88).

1878 2727 2176 2806 insequenti
2197 2748 2404 2803 aestate,
2427 2740 2516 2794 ubi
2548 2743 2794 2810 apparuit
2818 2755 2931 2807 ver,
2981 2741 3381 2811 expeditionem

1809 2828 2040 2897 sumpsit
2068 2818 2395 2886 Mecbmetes
2436 2843 2623 2886 contra
2663 2835 3006 2890 Castamonze
3064 2847 3118 2890 et
3167 2837 3383 2905 Sinopae

1811 2922 2132 2991 principem.
2158 2922 2296 2977 lluic
2325 2924 2491 2977 dabat
2517 2925 2732 2979 crimini
2767 2929 3090 2991 amicitiam,
3124 2945 3283 2997 qnam
3305 2927 3382 2982 fe-

1809 3019 1957 3064 cerat
1979 3027 2102 3066 cum
2131 3011 2379 3068 Chasane
2402 3013 2620 3083 Longo;
2654 3026 2912 3085 praeterea
2941 3020 3084 3088 quod
3130 3021 3378 3089 parabat,

1808 3098 2041 3159 Cbasani
2071 3105 2380 3174 adjunctus,
2425 3109 2790 3164 incursionem
2821 3109 2998 3165 facere
3030 3114 3080 3164 in
3111 3129 3265 3168 suam
3291 3129 3379 3168 re-

129 3179 327 3247 ἐκείνῳ
365 3179 771 3248 στρατεύεσθαι.
802 3180 1030 3246 Λέγεται
1069 3183 1163 3248 μέν
1197 3183 1259 3253 δὴ
1308 3186 1398 3236 καὶ
1446 3186 1597 3250 ἄλλα,
1627 3187 1702 3250 ὡς

1806 3195 2042 3264 gionem,
2062 3211 2168 3250 una
2187 3205 2309 3251 eam
2331 3213 2395 3252 eo
2424 3199 2696 3255 hostiliter
2725 3202 3009 3256 accedens.
3036 3202 3305 3258 Feruntur
3327 3214 3382 3258 et

127 3274 155 3321 ὁ
209 3271 500 3340 Ἀμάρλεω
531 3271 774 3340 ἁδελφὸς,
838 3272 1128 3344 διατρίϐων
1181 3277 1240 3328 ὲν
1285 3279 1404 3339 ταῖς
1445 3278 1703 3347 βασιλέως

128 3360 350 3429 θύραις,
382 3362 734 3414 συνεϐούλευε
772 3363 984 3433 βασιλεῖ
1037 3368 1428 3437 στρατεύεσθαι
1477 3371 1570 3422 ἐπὶ
1613 3373 1703 3425 τὸν

130 3451 388 3518 ἀδελφόν.
425 3451 723 3521 Πληρὼσας
751 3452 808 3504 δέ
845 3451 975 3513 ναῦς
1020 3452 1178 3508 πλοῖά
1208 3473 1265 3508 τε
1320 3456 1414 3509 καὶ
1461 3459 1702 3528 τριήρεις

129 3545 276 3611 ἀμφὶ
310 3542 376 3594 τὰ
407 3543 737 3612 πεντήκοντα
773 3544 864 3596 καὶ
886 3544 1080 3598 ἑκατὸν
1113 3547 1252 3598 κατὰ
1285 3547 1577 3612 θάλασσαν,
1609 3551 1702 3603 καὶ

128 3635 297 3696 αὐτὸς
327 3634 516 3696 διαϐὰς
549 3635 606 3695 ἐς
630 3633 728 3704 τὴν
753 3634 963 3699 Ἀσίαν,
993 3638 1278 3707 ἐκομίζετο
1312 3641 1449 3708 πεζῇ
1492 3640 1577 3693 διὰ
1606 3642 1704 3710 τῆς

126 3729 366 3798 ἡπείρου
399 3742 413 3756 ⁸
445 3729 536 3782 καὶ
567 3732 593 3782 ὁ
627 3731 810 3793 στόλος
851 3733 998 3801 αύτῷ
1033 3735 1118 3786 διὰ
1168 3734 1440 3804 θαλάσσης
1476 3738 1532 3788 ἐν
1586 3736 1702 3806 χρῷ

127 3821 471 3889 παραλαϐὼν
497 3821 594 3892 τὴν
633 3821 839 3888 Ἀσίαν,
869 3825 924 3884 ἐς
954 3823 981 3876 δ
1008 3826 1232 3894 ἀφίκετο
1278 3827 1370 3879 ἐπὶ
1431 3826 1698 3898 Σινώπην.

129 3910 567 3977 Καὶόβασιλεὺς
609 3912 1075 3982 στρατευσάμενος
1113 3916 1199 3968 διὰ
1262 3918 1360 3984 τῆς
1414 3917 1702 3986 Κασταμο-

127 4003 250 4071 νίης
274 4003 503 4066 πόλεως,
527 4003 836 4070 διελαύνων,
870 4008 1096 4074 ἀφίκετο
1129 4009 1221 4061 ἐπὶ
1247 4009 1513 4080 Σινώπην.
1544 4012 1698 4066 Ἔστι

126 4096 174 4146 δ’
209 4097 244 4164 ἠ
283 4095 436 4157 πόλις
457 4095 592 4166 αὕτη
623 4099 954 4167 προκειμένη
990 4101 1116 4170 περὶ
1146 4101 1234 4153 τὸν
1275 4100 1524 4167 Εὔξεινον
1569 4103 1700 4156 πόνο

127 4204 240 4239 τον.
266 4187 529 4239 Διατείνει
559 4188 613 4239 δὲ
637 4189 983 4260 Χερρόνησος
1014 4190 1144 4244 οὖσα
1167 4193 1220 4255 ἐς
1258 4195 1356 4262 τὴν
1400 4193 1695 4259 θάλασσαν,

129 4280 225 4329 ἐπὶ
255 4277 504 4338 σταδίους
534 4278 705 4330 εἴκοσι
734 4279 830 4330 καὶ
864 4279 1024 4342 ἑπτὰ,
1049 4284 1141 4333 καὶ
1165 4283 1316 4351 παρὰ
1374 4283 1451 4350 τῷ
1499 4283 1699 4354 Ἰσθμῷ

127 4371 420 4436 οἱκείταιή
455 4369 628 4434 πόλις,
659 4371 743 4439 ἐφ’
767 4371 1002 4441 ἑκάτερα
1037 4372 1235 4442 ἔχουσα
1271 4373 1369 4443 τὴν
1404 4375 1694 4440 θάλασσαν,

130 4463 226 4512 καὶ
256 4461 455 4528 λιμένα
473 4461 738 4530 αὐτοφυῆ.
778 4462 842 4514 'H
899 4464 955 4516 δὲ
1009 4466 1264 4518 ἐπέκεινα
1309 4467 1407 4534 τῆς
1468 4468 1694 4532 πόλεως,

1807 3285 1912 3339 alia
1951 3302 1964 3338 :
1999 3286 2248 3342 videlicet
2270 3289 2517 3344 Amarles
2543 3291 2708 3345 frater
2726 3307 2890 3363 agens
2919 3294 2971 3346 in
3001 3294 3180 3362 ianuis
3210 3297 3376 3367 regis,

1806 3374 1916 3446 regi
1949 3390 2055 3430 non
2085 3379 2322 3432 cessavit
2352 3380 2606 3445 suadere,
2637 3392 2695 3437 ut
2723 3383 2876 3438 fratri
2906 3401 3006 3440 suo
3038 3386 3236 3441 bellum
3288 3391 3341 3442 in
3363 3421 3376 3429 -

1805 3465 2030 3521 diceret.
2060 3465 2298 3538 lmplens
2327 3470 2490 3540 igitdr
2524 3487 2618 3526 rex
2658 3488 2824 3530 naves
2853 3485 2907 3530 et
2939 3477 3188 3534 triremes
3214 3480 3377 3534 circi-

1804 3566 1887 3612 ter
1914 3559 2304 3630 quinquaginta
2336 3571 2389 3616 et
2419 3574 2659 3628 centum,
2686 3583 2804 3620 eam
2850 3568 3077 3624 classem
3101 3571 3235 3625 mari
3251 3588 3373 3640 pro-

1805 3648 2093 3705 fectionem
2115 3651 2291 3707 facere
2305 3654 2489 3723 jussit.
2514 3652 2633 3727 Ipse
2653 3674 2779 3713 vero
2804 3663 3071 3716 transiens
3103 3663 3156 3717 in
3183 3666 3366 3719 Asiam

1805 3740 2004 3797 itinere
2038 3744 2295 3812 pedestri,
2331 3761 2428 3814 per
2453 3750 2819 3806 continentem
2844 3753 3145 3809 incedebat.
3169 3755 3378 3814 Classis

1805 3834 1948 3904 regia
1983 3835 2124 3889 Asia
2155 3851 2307 3890 oram
2339 3839 2574 3904 tenebat,
2603 3842 2774 3896 donec
2832 3847 3041 3900 veniret
3092 3846 3377 3918 Sinopam.

1802 3922 1986 3977 Atrex
2018 3924 2119 3978 iter
2149 3924 2353 3981 faciens
2399 3944 2493 3998 per
2552 3930 2932 3986 Castamonam
3001 3937 3187 3990 urbem
3250 3956 3374 3993 cum

1802 4017 2070 4084 exercitu,
2100 4019 2315 4073 tandem
2351 4023 2596 4092 pervenit
2616 4023 2896 4093 Sinopam.
2927 4025 3067 4082 Urbs
3096 4029 3207 4084 haec
3242 4047 3379 4101 pra:-

1799 4107 1941 4178 jacet
1979 4109 2187 4166 Euxino
2213 4113 2405 4178 Ponto,
2447 4119 2790 4183 extenditse,
2840 4137 2962 4176 cum
3018 4127 3089 4179 sit
3141 4126 3376 4182 Cherso-

1803 4219 1988 4269 nesus,
2019 4205 2069 4257 in
2103 4221 2250 4260 mare
2280 4210 2471 4264 stadiis
2498 4211 2688 4278 viginti
2721 4224 2924 4283 septem
2959 4234 2970 4269 :
3005 4229 3059 4270 ct
3091 4219 3142 4270 in
3176 4219 3378 4274 Isthmo

1801 4294 1902 4347 sita
1939 4306 2042 4349 est.
2069 4295 2252 4352 Hortis
2277 4310 2330 4352 ct
2388 4302 2674 4356 arboribus
2727 4306 2986 4360 abundat.
3041 4308 3264 4365 Plantas
3325 4321 3379 4366 et

1802 4386 2026 4440 arbores
2061 4389 2312 4456 producit
2337 4392 2653 4459 omnigenas
2685 4406 2792 4449 tam
2828 4410 3160 4463 mansuetas,
3209 4419 3375 4472 quam

1802 4476 2102 4533 silvestres.
2144 4481 2353 4536 Nomen
2386 4483 2503 4550 ejus
2540 4497 2621 4541 est
2663 4487 2960 4558 Pordapas.
2993 4491 3132 4547 Sunt
3159 4496 3233 4550 ibi
3278 4498 3377 4551 da~

126 4552 242 4602 ἒσω
291 4551 627 4604 διατείνουσα
679 4549 1042 4623 Χερρόνησος,
1085 4554 1262 4625 διήκει
1311 4559 1403 4609 ἐπὶ
1449 4559 1695 4624 σταδίους

1806 4571 2076 4627 mularum
2105 4583 2159 4627 et
2185 4576 2425 4641 leporum
2463 4579 2688 4634 vivaria.
2723 4581 2830 4636 Nec
2856 4583 3187 4641 desuntaliae
3225 4589 3370 4656 ferae,

115 4646 360 4694 -είκοσιν,
394 4643 684 4709 Ἐμπλεω;
721 4644 778 4697 δέ
806 4647 920 4697 ἐστι
950 4647 1297 4714 παραδείσων
1337 4667 1394 4701 τε
1433 4653 1528 4703 καὶ
1575 4652 1696 4705 δέν-

126 4731 277 4799 δρων
305 4731 684 4795 παντοδαπῶν,
733 4735 955 4803 ἡμέρων
985 4754 1042 4789 τε
1077 4738 1168 4791 καὶ
1222 4739 1447 4808 ἀγρίων,
1495 4745 1698 4814 Πόρδα-

125 4840 237 4883 πεις
271 4823 319 4853 ⁸⁸
353 4824 746 4894 ὀνομαζομένη,
775 4827 976 4895 ἔχουσά
1033 4847 1093 4880 τε
1139 4829 1286 4894 ἐντὸς
1331 4831 1592 4902 δορκάδας
1627 4837 1694 4903 δ’,

121 4913 377 4981 λαγωούς
403 4931 483 4977 τε,
516 4916 607 4984 καὶ
638 4915 752 4968 ἀλλ’
781 4917 916 4971 ἄττα
949 4922 1308 4991 κυνηγέσιμα.
1372 4926 1437 4977 Ἠ
1465 4927 1522 4979 δὲ
1547 4929 1695 4993 πόλις

124 5005 348 5073 ἐρυμνὴ
386 5006 483 5073 μὲν
516 5006 630 5059 ἔστι
677 5008 762 5074 ἐφ’
796 5009 1028 5080 ἑκάτερα
1080 5014 1178 5081 τῆς
1215 5015 1489 5083 θαλάσσης
1540 5020 1598 5082 ἐς
1632 5021 1697 5074 τά

131 5099 398 5165 μάλιστα,
440 5100 904 5171 περικαλλεστάτη
936 5122 994 5156 τε
1025 5106 1117 5158 καὶ
1143 5107 1340 5178 ὡραία,
1377 5111 1484 5164 ἀπὸ
1516 5113 1570 5165 δὲ
1600 5114 1698 5182 τῆς

125 5191 364 5259 ἠπείρου
391 5191 575 5259 ἀνέχει
625 5193 780 5261 μὲνὴ
812 5195 964 5257 πόλις
1009 5199 1099 5249 ἐπὶ
1139 5199 1313 5267 ἀκτήν
1349 5220 1470 5255 τινα
1501 5220 1515 5233 ⁸
1553 5206 1585 5274 ὴ
1640 5207 1697 5259 δὲ

126 5283 239 5333 ἀπὸ
267 5284 369 5351 τῆς
402 5283 746 5356 Χερρονήσου
769 5293 920 5362 χώρα
950 5292 1048 5360 τῆς
1100 5291 1306 5355 πόλεως
1362 5294 1574 5364 πεδεινή
1609 5314 1695 5362 τε,

129 5374 226 5425 καὶ
254 5368 352 5425 ὀἷα
383 5377 746 5442 προσϐάλλειν
777 5386 853 5452 τῷ
888 5383 1054 5454 τείχει
1085 5385 1159 5446 ὡς
1227 5385 1416 5453 ῥᾷστα.
1471 5383 1693 5454 Μαχου-

1798 4678 1936 4731 quas
1959 4666 2141 4719 venari
2178 4668 2442 4723 solemus.
2473 4668 2610 4725 Urbs
2641 4675 2938 4729 admodum
2994 4680 3197 4733 munita
3251 4694 3370 4748 est;

1799 4770 1926 4808 nam
1961 4759 2217 4827 utrinque
2241 4761 2375 4815 mari
2414 4763 2670 4834 cingitur,
2700 4781 2822 4821 cum
2877 4770 2949 4823 sit
3013 4773 3259 4840 speciosa
3319 4787 3375 4829 et

1800 4848 2052 4920 pulchra.
2083 4851 2165 4907 Ab
2192 4855 2503 4910 continente
2525 4858 2695 4927 vergit
2732 4860 2860 4914 urbs
2874 4877 2936 4915 ea
2965 4863 3024 4924 in_
3051 4865 3227 4918 locum
3263 4885 3376 4919 are-

1802 4953 2021 4995 nosum.
2051 4941 2125 4995 Ea
2159 4959 2287 4998 vero
2315 4946 2463 5012 regio
2486 4963 2608 5017 qua:
2642 4950 2692 5003 in
2729 4949 3134 5008 Chersonesum
3181 4960 3370 5024 pandi-

1804 5041 1914 5093 tur,
1941 5036 2261 5102 campestris
2288 5048 2369 5091 est
2397 5055 2411 5091 :
2451 5049 2505 5092 et
2537 5038 2661 5094 hinc
2691 5042 2848 5096 facile
2884 5046 3032 5098 urbis
3062 5050 3256 5100 tiimnia
3279 5067 3372 5113 ag-

1800 5120 1948 5187 gredi
1979 5122 2122 5177 licet.
2165 5124 2530 5182 ftlacbumetes
2559 5129 2834 5197 profectus
2865 5133 2930 5186 ad
2951 5135 3136 5188 urbem
3189 5137 3368 5200 istam,

1798 5218 1924 5262 ante
1963 5211 2251 5266 adventum
2285 5214 2428 5284 regis
2477 5223 2531 5270 In
2587 5207 2886 5276 Turcorum
2923 5235 3124 5289 castra,
3185 5227 3367 5296 hujus-

1799 5301 1943 5354 modi
1976 5304 2276 5358 orationem
2303 5323 2425 5362 cum
2460 5309 2684 5366 lsmacle
2743 5314 3000 5370 habuisse
3068 5317 3238 5371 fertur
3271 5335 3285 5370 :
3324 5319 3368 5371 0

1799 5391 1870 5446 fili
1910 5394 2229 5464 Sccnderis,
2257 5411 2314 5456 tu
2345 5403 2566 5474 quidem
2601 5421 2664 5460 ex
2692 5406 2888 5464 illustri
2909 5408 3193 5480 Tyriorum
3250 5409 3365 5483 (διν

1431 5547 1677 5610 Νοῐυιω
1720 5555 2128 5633 marginales.

201 5665 318 5736 (88)
361 5669 444 5726 ΑΙ.
479 5671 628 5728 Auri.

214 5828 259 5858 "
295 5829 606 5899 Πρόδαπας,
631 5833 683 5887 in
717 5832 782 5888 [ί.
819 5845 872 5890 ut
896 5835 948 5891 t'n
973 5853 1016 5891 c.
1097 5839 1136 5869 δ’
1164 5838 1431 5907 Ζορκάδια
1457 5840 1511 5894 in
1543 5849 1715 5909 utroq.

1873 5683 1983 5752 (89)
2019 5685 2342 5745 Turcorum.
