4180 6434
179 426 272 491 485

171 547 323 599 λιστα.
361 543 574 610 Πέφυκε
604 544 661 595 δὲ
689 542 862 604 ἄλλως
890 539 951 594 τὸ
979 540 1124 593 θεῖον
1151 553 1164 569 ⁸
1194 538 1304 609 ὅτῳ
1339 539 1404 592 ἄν
1435 556 1519 600 τις
1553 538 1710 603 ξυνο-

171 637 371 707 μολογῇ,
409 634 582 704 τούτῳ
621 632 966 686 συντίθεσθαι
995 646 1010 662 ⁸
1044 632 1110 700 ἦν
1165 631 1220 683 δὲ
1286 629 1603 702 παραϐαίνῃ
1646 629 1712 696 ⁸⁸,

169 728 523 799 ἐπιτρίΰεσθαι
569 729 630 779 τὸ
684 726 969 796 παράπαν.
1019 726 1092 779 Σὺ
1140 725 1195 778 δὲ
1244 726 1303 786 ἐς
1359 725 1500 794 μέγα
1557 723 1714 792 ἥκεις

165 819 487 887 εὐδαιμονίας
519 819 629 870 τῶν
664 835 726 885 γε
765 817 862 869 νῦν
897 816 1068 869 όντων
1105 815 1208 866 ἀνὰ
1258 814 1357 881 τὴν
1388 814 1714 879 οἰκουμένην

166 913 431 983 βασιλέων,
463 911 551 964 διὰ
579 912 640 963 τὸ
671 909 955 962 πείθεσθαι
985 908 1062 977 τῷ
1089 907 1253 977 ἥρωϊ,
1282 907 1377 958 καὶ
1426 903 1502 972 μὴ
1535 914 1712 973 παρα·

163 1009 344 1059 σαίνειν
387 1005 453 1058 τὰ
506 1002 859 1072 νομιζόμενα,
899 1002 990 1055 καὶ
1036 999 1133 1052 τοῦ
1183 1017 1249 1067 γε
1303 996 1493 1050 λοιποῦ
1522 995 1713 1064 ἄρχειν

164 1099 398 1152 ἁπάντων
455 1095 780 1165 ἀνθρώπων.
836 1093 945 1146 Καὶ
1006 1085 1088 1150 οἷς
1141 1090 1184 1143 δ’
1233 1089 1300 1142 ἂν
1357 1087 1654 1154 ξυντιθυῖτο
1683 1087 1711 1141 ὁ

159 1191 442 1256 ἄνθρωπος,
479 1188 586 1241 εἴτε
617 1187 758 1256 Θεῷ,
796 1187 906 1239 εἴτε
941 1185 1103 1255 ἦρωῖ,
1140 1187 1197 1242 ἐς
1226 1181 1255 1233 δ
1285 1181 1352 1234 ἂν
1403 1179 1708 1248 τελευτήσῃ

159 1279 420 1333 πείθεσθαι
455 1280 691 1349 ἀνάγκη.
729 1279 834 1330 Καὶ
870 1277 933 1330 σὺ
984 1278 1133 1347 ἡμεῖς
1172 1273 1362 1328 τούσδε
1394 1271 1708 1341 ὁμοφύλους

160 1373 229 1441 μὴ
259 1372 423 1432 καλῶς
473 1374 663 1432 ποιεῖς,
702 1369 920 1447 δούλους
970 1371 1131 1430 ὄντας
1184 1365 1281 1420 τοῦ
1334 1366 1536 1436 ἥρωος,
1570 1362 1708 1432 πρὸς

155 1465 300 1524 ὄντας
333 1467 374 1496 ⁵⁹
403 1464 677 1532 συνθήκας
708 1465 740 1533 ὴ
775 1465 938 1533 μοῖρα
981 1461 1229 1524 ἐτάξατο.
1259 1459 1332 1513 Οὐ
1384 1458 1491 1527 γὰρ
1524 1456 1709 1526 περιό-

156 1558 304 1623 ψεται
333 1558 474 1625 ἡμᾶς
521 1558 586 1609 ἐκ
642 1555 736 1608 σοῦ
776 1551 1329 1623 περιυϐριζομένους,
1366 1552 1460 1604 καὶ
1509 1550 1708 1617 ἠδικη-

158 1651 356 1717 μένους,
402 1650 756 1718 περινοστεῖν.
792 1647 980 1699 Ταῦτα
1034 1646 1209 1713 ἔλεγε.
1253 1645 1361 1698 Καὶ
1416 1641 1705 1696 ὑπολαϐὼν

152 1745 180 1793 ό
211 1743 469 1811 βασιλεὺς,
504 1742 656 1809 ἔλεγε
712 1741 890 1794 τοιάδε
919 1757 932 1772 ’
966 1738 1037 1792 Ὦ
1091 1740 1276 1808 γύναι,
1311 1739 1368 1791 ἐν
1420 1739 1543 1810 δίκῃ
1606 1737 1704 1808 μέν

149 1852 224 1888 τοι
247 1835 449 1904 εἴρηταί
480 1851 562 1887 σοι
611 1833 816 1887 ἕκαστα
842 1848 857 1864 ο
890 1827 948 1886 εὖ
980 1833 1162 1901 μέντοι
1194 1832 1474 1895 ἐπίστασο,
1503 1831 1579 1891 ὡς
1611 1829 1705 1883 καὶ

150 1929 221 1997 τῷ
250 1927 449 1996 βασιλεῖ
475 1927 636 1981 πλέον
672 1944 726 1979 τι
781 1927 1068 1996 χαρίζεται
1107 1927 1140 1996 ἡ
1195 1923 1463 1996 συνθήκη,
1497 1923 1592 1976 καὶ
1625 1920 1703 1993 τῷ

148 2026 402 2094 τυράννῳ.
448 2026 639 2093 Φέρειν
683 2023 738 2076 δὲ
794 2021 949 2075 τοῦτο
1001 2022 1068 2074 τὰ
1108 2021 1414 2091 πράγματα
1466 2018 1701 2086 πέφυκε.

151 2118 248 2168 Ἠν
279 2117 328 2168 δὲ
365 2116 458 2169 καὶ
492 2116 618 2177 τοὺς
647 2113 958 2184 ὁμοφύλους
1010 2109 1410 2180 ἐξαμαρτάνων
1445 2123 1528 2169 τις
1579 2105 1703 2174 φαί-

147 2226 328 2279 νηται,
385 2209 596 2276 ἀνάγκη
653 2207 745 2259 ἐπὶ
814 2205 1122 2276 μαρτυρίαν
1197 2202 1356 2254 τοῦτο
1429 2199 1564 2253 αὑτό
1617 2214 1703 2259 τις

134 2301 396 2366 ὀδεύεται,
445 2303 538 2354 καλ⁵
588 2300 815 2353 ἐπιόντα
862 2296 1194 2365 ἀμύνεσθαι.
1266 2297 1375 2350 Καὶ
1431 2295 1595 2364 ἡμεῖς
1645 2292 1702 2344 δὲ

139 2393 295 2446 τοῦτο
337 2393 713 2464 ποιησάμενοι,
748 2390 843 2444 καὶ
876 2389 1234 2460 προειπόντες
1269 2385 1419 2454 αὐτῷ
1469 2387 1546 2456 μὴ
1596 2401 1700 2437 πα-

140 2487 317 2556 ρέχειν
362 2489 428 2555 τῇ
482 2484 723 2555 ἡμετέρᾳ
752 2480 1075 2554 χώρᾳ,οὖτε
1123 2481 1383 2548 ἀπείχετο
1432 2479 1491 2530 τὸ
1523 2477 1700 2546 παρά·

144 2598 269 2640 παν,
298 2579 390 2631 καὶ
439 2576 607 2630 ἐπιὼν
656 2575 894 2643 ἐνοχλεῖν
942 2575 1044 2625 οὐκ
1092 2570 1369 2624 ἐπαύσατο
1406 2570 1472 2622 ⁸⁸.
1507 2568 1700 2637 Ὅμως

135 2673 264 2725 τάδε
315 2670 684 2722 ἐπιτέλλονται
716 2668 760 2698 ⁸³
813 2665 890 2737 τῷ
933 2663 1009 2734 σῷ
1061 2663 1196 2732 υἱῷ·
1229 2661 1550 2730 ἀπεχόμεθα
1602 2662 1698 2726 μὲν

133 2763 226 2816 τοῦ
265 2761 448 2814 λοιποῦ
497 2761 596 2830 τῆς
639 2759 846 2829 χώρας,
881 2759 964 2824 ἐφ’
987 2749 1032 2824 ᾧ
1067 2757 1142 2826 μὴ
1179 2754 1442 2823 ἐπιϐῆναι
1479 2751 1700 2814 ἐσαῦθις

133 2859 230 2925 τῆς
252 2854 431 2925 χώρας
459 2855 633 2923 ἡμῶν,
664 2854 760 2906 καὶ
809 2851 942 2921 μηδὲ
974 2850 1052 2918 τῷ
1097 2848 1314 2918 βασιλεῖ
1349 2845 1700 2916 Τραπεζοῦν-

131 2966 223 3011 τος
250 2947 552 3016 ἐπαμύνειν
575 2945 669 2998 καὶ
703 2945 1062 3014 ὑπερμαχεῖν.
1099 2941 1287 2994 Ταῦτα
1319 2940 1567 2999 εἰπόντος
1599 2936 1694 2989 τοῦ

131 3040 418 3112 βασιλέως,
455 3038 764 3091 συνετίθετο
794 3037 993 3090 αὐτίκα
1043 3037 1075 3105 ὴ
1123 3033 1280 3104 γυνὴ,
1318 3033 1414 3086 καὶ
1463 3030 1698 3090 σπονδὰς

135 3137 389 3186 ἐποιεῖτο.
440 3131 512 3185 Τὸ
550 3132 605 3183 δὲ
637 3129 887 3184 ἐντεῦθεν
925 3129 1025 3199 ἤδη
1062 3129 1358 3196 ἐπορεύετο
1409 3125 1500 3177 ἐπὶ
1552 3124 1698 3190 Τρα-

1181 423 1280 484 DE
1317 421 1572 483 ΗΕΒυὸ
1611 421 1970 481 TURCIClS
2001 421 2151 484 LIB.
2197 421 2304 480 1X.

3287 419 3393 484 486

1740 540 1782 596 Α
1817 545 1924 599 tur,
1965 538 2415 605 prmvaricantem
2479 536 2626 592 illico
2660 535 3004 591 comminuit.
3039 536 3118 590 Tu
3177 539 3390 604 quidem

1818 629 2109 683 maximam
2152 636 2484 684 Consecutus
2524 644 2582 685 es
2613 629 2955 695 felicitatem,
2993 631 3131 683 adeo
3184 639 3241 682 ut
3275 634 3395 684 nul—

1817 722 1900 777 lus
1936 724 2183 776 omnium
2217 723 2310 792 qui
2343 724 2395 776 in
2432 723 2562 776 urbe
2613 733 2761 786 sunt,
2811 739 2998 792 regum
3034 722 3128 777 tibi
3167 725 3238 776 sit
3264 739 3396 776 eon-

1817 815 2098 870 ferendus.
2127 817 2304 870 Causa
2342 832 2471 872 vero
2499 817 2551 870 in
2587 827 2840 884 promptu
2873 827 2956 870 cst
2987 833 3001 882 ;
3041 832 3163 868 naut
3209 817 3390 884 parui-

1814 909 1881 963 sti
1913 909 2063 963 heroi
2098 917 2153 963 et
2182 911 2451 964 solemnia
2484 926 2604 979 qua:
2661 911 2828 964 semel
2863 912 2974 963 visa
3009 921 3160 974 sunt,
3195 926 3300 962 non
3333 927 3392 963 es

1815 1009 2191 1070 transgressus
2219 1018 2234 1067 ;
2269 1011 2322 1053 et
2355 1001 2405 1053 in
2433 1012 2708 1068 posterum
2741 1000 3039 1068 imperabis
3071 1002 3115 1054 si
3159 1004 3236 1054 sic
3263 1016 3392 1070 per-

1815 1094 2020 1146 rexeris
2056 1108 2237 1162 agerc.
2278 1091 2459 1147 Paetis
2496 1102 2676 1146 autem
2706 1094 2961 1148 omnilms
3007 1110 3125 1162 qua:
3154 1096 3278 1164 quis
3311 1097 3391 1148 l'c-

1812 1185 2099 1246 rcrit,sive
2124 1199 2249 1238 cum
2286 1186 2470 1247 beroe,
2493 1184 2609 1240 sive
2641 1201 2764 1241 cum
2797 1186 2926 1251 Deo,
2958 1188 3133 1242 deuee
3189 1190 3390 1244 moria-

1811 1277 1909 1340 ris,
1961 1279 2216 1330 standum
2279 1287 2383 1332 est.
2421 1274 2616 1331 Verum
2671 1293 2776 1332 non
2823 1279 3051 1334 honeste
3099 1282 3385 1335 nobiscum

1810 1371 1947 1438 agis,
1977 1371 2071 1438 qui
2110 1385 2298 1423 sumus
2358 1371 2424 1424 de
2454 1381 2546 1425 tua
2581 1371 2826 1436 natione,
2882 1381 2934 1424 et
2989 1374 3129 1426 servi
3181 1375 3386 1429 herois.

1808 1463 1941 1516 Nam
1968 1465 2132 1517 etiam
2170 1464 2339 1519 Parca
2373 1475 2551 1519 tecum
2588 1475 2743 1536 pacta
2783 1477 2888 1522 est.
2923 1465 3067 1520 Satis
3098 1468 3233 1531 scio,
3275 1469 3387 1520 haec

1810 1571 1910 1609 nos
1944 1571 2049 1609 non
2077 1555 2370 1625 despiciet,
2402 1574 2499 1612 nec
2526 1574 2628 1612 nos
2681 1560 3033 1612 contumeliis
3087 1570 3140 1613 et
3171 1559 3388 1625 injuriis

1807 1648 1905 1700 abs
1941 1657 1989 1699 te
2029 1646 2255 1702 aﬂectos
2317 1647 2578 1702 aberrare
2620 1666 2787 1716 vagus
2837 1651 2995 1704 sinet.
3029 1650 3153 1703 llaec
3196 1651 3379 1702 lnruta

1806 1753 1907 1794 Ital.
1947 1741 2058 1794 lch
2085 1751 2267 1794 autem
2307 1742 2358 1794 in
2398 1744 2541 1796 hunc
2574 1743 2790 1794 modum
2828 1745 3108 1811 reSpondit
3140 1761 3152 1795 :
3187 1743 3230 1796 Ο
3263 1761 3385 1796 ιιιιι-

1806 1834 1928 1898 lier,
1968 1847 2076 1886 non
2111 1847 2177 1886 eo
2228 1831 2440 1888 inﬁcias
2481 1835 2613 1904 quin
2643 1833 2791 1903 justa
2824 1835 2934 1888 sint
2978 1851 3100 1905 qua:
3136 1850 3383 1889 comme-

1810 1926 2033 1980 morasti
2060 1927 2283 1993 omnia;
2324 1943 2510 1981 verum
2557 1927 2698 1982 haud
2752 1939 2801 1983 te
2827 1928 2966 1983 clam
3003 1938 3106 1991 est.
3159 1939 3379 1998 pactum

1804 2032 2130 2078 conventum
2179 2024 2413 2094 amplius
2444 2024 2725 2093 quidpiam
2770 2042 2931 2095 quam
2968 2027 3179 2094 privato
3207 2027 3380 2094 grati-

1807 2116 1954 2170 ticari
1990 2117 2124 2187 regi,
2158 2126 2211 2172 et
2236 2127 2491 2187 tyranno.
2526 2118 2584 2170 id
2610 2126 2792 2170 autem
2831 2134 3008 2172 rerum
3040 2119 3376 2186 experientia

1802 2209 2182 2264 demonstrare
2207 2208 2666 2265 consuevit.Nam
2709 2210 2754 2265 si
2783 2211 2907 2280 quis
2931 2211 2984 2264 in
3016 2211 3254 2278 ejusdem
3283 2227 3379 2264 nn-

1802 2303 1965 2356 tionis
2001 2303 2250 2357 homines
2309 2317 2539 2370 peccare
2575 2314 2823 2372 apparet,
2866 2302 2985 2372 ejus
3029 2304 3106 2356 rei
3138 2303 3381 2356 testimo-

1804 2395 1908 2449 niis
1938 2394 2069 2449 tides
2101 2394 2414 2464 accipienda
2446 2403 2552 2449 est.
2587 2395 2793 2449 Deinde
2827 2395 3184 2449 accedentem
3211 2409 3375 2463 opor-

1803 2495 1878 2540 tet
1919 2488 2178 2542 ultionem
2233 2488 2471 2556 exigere.
2505 2486 2619 2541 lloc
2649 2502 2679 2540 a
2729 2486 2888 2541 nobis
2926 2485 3130 2541 factum
3160 2498 3264 2540 est.
3293 2487 3378 2541 Si-

1800 2577 2016 2646 quidem
2057 2577 2405 2646 praadiximus
2437 2577 2544 2631 lilio
2597 2583 2712 2642 tuo,
2744 2592 2842 2630 nos
2887 2577 3029 2631 nolle
3065 2578 3299 2643 amplius
3327 2581 3376 2630 ci

1803 2681 2041 2729 nostram
2085 2676 2328 2741 praihere
2352 2672 2659 2742 regionem.
2693 2672 2765 2725 At
2801 2687 2909 2726 non
2949 2672 3222 2741 acquievit
3275 2687 3377 2727 no-

1802 2773 1914 2818 stro
1944 2766 2193 2834 imperio,
2217 2781 2317 2819 nec
2345 2766 2565 2834 regione
2591 2773 2782 2818 nostra
2819 2765 3085 2820 abstinuit
3122 2782 3137 2819 :
3183 2781 3374 2819 verum

1803 2868 1984 2911 nostra
2016 2859 2385 2912 iutcrturbare
2427 2856 2692 2913 accedens
2724 2873 2832 2912 non
2888 2861 3145 2913 cessavit.
3204 2859 3378 2914 (hete-

1803 2967 1920 3029 rum
1953 2962 2010 3004 ut
2036 2951 2224 3006 uthaac
2250 2950 2394 3005 facta
2429 2961 2577 3016 sunt,
2610 2959 2790 3005 tamen
2819 2950 2931 3005 lilio
2970 2962 3062 3006 tuo
3094 2951 3208 3005 haec
3241 2968 3378 3006 nua-

1801 3046 2002 3098 tiamus
2039 3063 2052 3098 :
2083 3059 2206 3115 qua:
2236 3045 2281 3099 si
2325 3044 2536 3110 fecerit,
2570 3045 2637 3098 ab
2672 3045 2788 3115 ejus
2823 3045 3043 3114 regione
3075 3046 3374 3100 exercitum

1801 3139 2154 3192 abducemus.
2185 3137 2278 3192 Det
2323 3153 2567 3207 operam,
2597 3154 2663 3191 ne
2690 3139 2742 3191 in
2802 3151 3044 3193 nostram
3097 3141 3373 3210 regionem

1737 1898 1777 1951 Β

132 3226 428 3288 πεζοῦντα,
475 3224 568 3276 καὶ
619 3223 764 3276 κατὰ
808 3222 1074 3291 βασιλέως
1124 3219 1306 3283 Δαὸὶδ,
1346 3217 1402 3280 ὃς
1442 3217 1693 3286 τελευτή-

1805 3231 2149 3285 incursiones
2181 3231 2367 3294 faciat,
2411 3246 2510 3284 nec
2539 3230 2741 3286 auxilio
2785 3232 2966 3285 veniat
3005 3232 3121 3300 regi
3173 3231 3379 3302 Trape-

132 3336 325 3380 σαντος
356 3316 450 3370 τοῦ
486 3317 750 3387 βασιλέως
805 3316 895 3369 τοῦ
953 3314 1186 3384 ἀδελφοῦ
1223 3311 1389 3366 αὑτοῦ
1420 3310 1694 3375 Ἰωάννου,

128 3415 224 3468 καὶ
278 3410 735 3478 καταλειφθέντος
797 3410 947 3480 αὐτῴ
995 3410 1228 3478 ἐγγόνου
1292 3409 1433 3471 ἐνὸς,
1494 3405 1699 3472 ἐπαγό-

128 3524 292 3575 μενος
319 3508 442 3568 τοὺς
473 3504 908 3569 Καϐαζιτιανοὺς
955 3505 1224 3574 ἄρχοντας
1269 3501 1378 3555 τῶν
1431 3504 1562 3568 περὶ
1600 3499 1700 3563 τὴν

125 3598 516 3669 Τραπεζοῦντα
541 3597 974 3665 Μεσοχαλδείων,
998 3595 1230 3664 κατέσχε
1262 3596 1362 3662 τὴν
1393 3593 1697 3663 βασιλείαν.

124 3696 238 3746 Καὶ
290 3691 646 3756 ἐϐασίλευεν,
707 3690 976 3761 ἀδικήσας
1040 3689 1133 3741 τὸν
1216 3685 1435 3756 ἀνεψιὸν
1487 3682 1695 3747 αὑτοῦ,

122 3787 398 3858 τετραετῆ
444 3785 594 3842 ὅντα.
640 3786 699 3837 Ὀ
734 3785 917 3854 μέντοι
961 3781 1148 3844 στόλος
1197 3781 1340 3849 ἄρας
1383 3779 1491 3832 ἀπὸ
1533 3777 1696 3832 Σινώ-

123 3899 257 3948 πης,
296 3881 419 3931 ἐπεὶ
463 3878 671 3947 ταύτην
705 3872 1181 3939 προεδουλώσαντο
1212 3874 1276 3936 ⁸⁸,
1305 3870 1614 3942 ἐπορεύετο,
1641 3873 1698 3925 ἐν

118 3973 275 4040 δεξιᾷ
329 3970 465 4040 ἔχων
508 3968 633 4030 τοὺς
682 3965 1076 4029 Καππάδοκας,
1113 3964 1206 4016 καὶ
1253 3963 1584 4031 ἀφικόμενος
1642 3966 1698 4024 ἐς

116 4072 221 4136 τὴν
255 4065 414 4118 πόλιν
439 4059 831 4133 Τραπεζοῦντα
859 4059 930 4111 τά
969 4074 1029 4110 τε
1065 4057 1368 4127 προάστεια
1402 4056 1694 4126 ἐνέπρησε,

115 4161 217 4211 καὶ
275 4155 586 4223 ἐπολιόρκει
636 4152 733 4223 τὴν
787 4150 942 4204 πόλιν
999 4150 1090 4201 ἐπὶ
1133 4152 1351 4218 ἡμέρας
1400 4148 1697 4219 τριάκοντα

111 4249 237 4302 δύο.
290 4247 448 4301 Μετὰ
489 4245 543 4298 δὲ
595 4243 764 4298 ταῦτα
823 4239 1138 4295 ἐπελαύνων
1197 4241 1356 4312 ἐπῄει
1415 4239 1692 4310 βασιλεύς.

111 4340 486 4415 Προελαύνων
514 4339 569 4391 δὲ
600 4336 1005 4406 Μαχουμούτης
1052 4337 1108 4397 ἐς
1146 4333 1567 4402 Τραπεζοῦντα,
1599 4339 1695 4388 καὶ

109 4432 290 4489 αὑτοῦ
331 4447 438 4483 που
485 4427 769 4498 σκηνώσας
803 4429 861 4478 ἐν
890 4428 957 4495 τῇ
1004 4426 1272 4496 λεγομένῃ
1327 4426 1691 4500 Σκυλολίμνῃ,

109 4533 212 4581 καὶ
261 4528 459 4592 λόγους
511 4522 838 4591 προσφέρων
882 4520 1020 4586 πρὸς
1053 4518 1143 4569 τὸν
1194 4517 1360 4570 αὑτοῦ
1397 4519 1695 4588 ἐξάδελφον

1804 3322 2005 3386 zuntis,
2062 3332 2120 3375 ut
2175 3321 2335 3376 simul
2371 3336 2494 3375 cum
2534 3322 2647 3389 ipsa
2685 3334 2935 3390 capessat.
2993 3324 3216 3378 bellum.
3255 3323 3380 3378 lber.

1803 3415 1894 3468 ubi
1928 3417 2204 3469 enarravit
2240 3431 2351 3474 rex.
2397 3416 2590 3468 mulier
2643 3416 3044 3483 paciscebatur,
3080 3425 3132 3468 et
3188 3430 3376 3482 paceni

1801 3506 2179 3574 componebat.
2216 3503 2331 3569 Qua
2370 3511 2665 3574 conventa,
2687 3519 2778 3556 rex
2811 3503 2966 3556 duxit
3000 3513 3142 3556 recta
3173 3502 3374 3573 Trape-

1801 3603 2016 3646 zuntem
2054 3606 2242 3646 contra
2279 3608 2458 3662 regem
2503 3571 2766 3645 liavidem
2812 3608 2825 3644 :
2859 3591 2950 3660 qui
2999 3591 3257 3645 defuncto
3288 3608 3379 3645 uc-

1800 3695 1927 3754 pote
1957 3700 2088 3749 uno,
2131 3699 2475 3752 congregans
2514 3683 2926 3746 Cabazitianos,
2961 3685 3055 3753 qui
3104 3686 3378 3753 imperant

1799 3779 2183 3835 Mesochaldiis
2235 3779 2382 3832 circa
2413 3778 2816 3848 Trapezuntem
2882 3794 3107 3847 regnum
3159 3779 3375 3841 inviisit.

1799 3887 1972 3942 coque
2001 3873 2204 3941 potitus
2234 3882 2321 3926 est
2366 3886 2624 3940 regnans,
2686 3886 2810 3924 cum
2869 3871 3068 3940 injuria
3105 3870 3380 3926 aﬂecissct

1801 3961 1987 4017 fratris
2019 3962 2210 4025 (ilium,
2235 3971 2364 4016 tunc
2399 3962 2616 4016 demum
2669 3971 2906 4029 quatuor
2944 3976 3118 4013 annos
3155 3971 3371 4014 uatum.

1799 4056 2003 4111 Classis
2053 4067 2234 4110 autem
2291 4056 2512 4110 solvens
2544 4070 2574 4108 a
2612 4053 2851 4125 Synopa,
2907 4066 3195 4123 postquam
3255 4071 3372 4108 eam

1799 4150 2151 4218 subegerant,
2193 4148 2452 4202 tendebat
2505 4147 2908 4215 Trapezuntem
2945 4164 2958 4202 :
2995 4151 3185 4201 dextra
3232 4147 3374 4216 Cap-

1799 4236 2082 4305 padociam
2115 4246 2322 4298 tenens.
2371 4242 2425 4289 et
2455 4234 2679 4290 veniens
2707 4232 3135 4303 Trapezuntem,
3171 4238 3373 4289 subur-

1801 4329 1938 4380 bana
1989 4326 2250 4391 incendit,
2311 4336 2362 4380 et
2419 4325 2611 4379 diebus
2660 4325 2882 4394 triginta
2921 4327 3136 4380 duobus
3180 4329 3371 4382 urbem

1799 4418 2029 4472 obsedit.
2080 4416 2272 4472 Postea
2330 4419 2496 4471 etiam
2546 4432 2644 4471 rex
2683 4432 2807 4472 cum
2840 4419 3085 4472 exercitu
3117 4421 3371 4484 accessit.

1797 4511 2162 4567 Maclmmetes
2188 4521 2367 4565 autem
2399 4511 2508 4565 dux
2547 4521 2902 4580 praecesserat
2943 4523 3216 4580 rcgem,et
3245 4525 3373 4568 ante

104 4620 397 4690 Γεώργιον
451 4613 973 4685 πρωτοόεστιὰριον,
1005 4610 1155 4678 ἔλεγε
1207 4614 1342 4678 πρὶς
1390 4612 1572 4676 αὑτὸν,
1618 4614 1693 4664 εὶ-

1802 4605 1942 4659 Imuc
1976 4614 2203 4659 venerat
2255 4603 2682 4675 Trapezuntem.
2719 4603 2932 4657 Castris
2967 4605 3163 4673 positis
3200 4607 3271 4658 ibi
3316 4609 3366 4664 in

100 4718 236 4768 πεῖν
275 4713 358 4783 τῷ
383 4710 590 4782 βασιλεί
611 4706 775 4761 Δαϐἰδ
806 4705 932 4758 τάδε
959 4721 974 4735 ο
1008 4703 1224 4755 Βασιλεῖ
1255 4702 1693 4772 Τραπεζοῦντος,

102 4811 318 4874 γένους
367 4804 463 4856 τοῦ
527 4801 796 4870 Ἑλλήνων
839 4796 1149 4867 βασιλείου,
1206 4794 1460 4864 βασιλεὺς
1518 4796 1693 4864 μέγας

96 4902 240 4954 τάδε
277 4898 469 4964 λέγει,
504 4894 578 4956 ὡς
628 4891 791 4960 Ὁρᾷς
836 4889 935 4958 μὲν
980 4889 1111 4957 ὅσην
1151 4885 1336 4957 χώραν
1372 4887 1694 4956 διαπορευό-

95 5011 304 5058 μενος,
339 4987 531 5056 ἐπειδὴ
577 4985 800 5056 διεξῄει,
828 4981 972 5036 ὥστε
1004 4979 1238 5032 ἐνταῦθα
1280 4977 1554 5047 γενέσθαι.
1590 4979 1692 5035 Ἢν

87 5085 194 5138 οὖν
247 5081 464 5135 αὐτίκα
510 5078 610 5148 τὴν
659 5077 812 5128 πόλιν
869 5069 1127 5141 παραδῷς
1187 5068 1265 5138 τῷ
1321 5068 1552 5139 βασιλεῖ,
1596 5068 1691 5119 καὶ

85 5178 300 5249 χώραν
338 5175 526 5244 μέντοι
559 5169 886 5240 παρέχεται,
913 5165 990 5228 ὡς
1020 5167 1116 5218 καὶ
1142 5164 1220 5236 τῷ
1257 5162 1532 5232 Ἑλλήνων
1566 5162 1694 5230 ἡγε-.

85 5275 229 5340 μὸνι
281 5268 388 5338 τῆς
424 5266 834 5331 Πελοποννησου
884 5258 1182 5330 Δημητρίῳ
1231 5257 1581 5327 εὐδαιμονίαν
1630 5271 1690 5308 τε

80 5367 437 5433 ἐδωρήσατο
466 5360 561 5410 καὶ
607 5361 824 5425 νήσους,
861 5354 956 5413 καὶ
983 5348 1142 5409 Αἶνον
1175 5351 1334 5403 πόλιν
1371 5349 1690 5417 εὐδαίμονα,

79 5477 184 5509 και
216 5463 284 5509 εν
321 5452 560 5522 ἀσφαλεῖ
584 5449 679 5512 ὦν,
713 5449 946 5516 κάθηται
993 5443 1353 5513 εὐδαιμονῶν.
1389 5443 1489 5498 Ἢν
1521 5441 1576 5493 δὲ
1609 5442 1684 5511 μὴ

73 5551 446 5618 πειθόμενος
517 5544 761 5612 ἀντέχειν
815 5539 1025 5608 ἐθέλῃς,
1102 5536 1212 5590 ῖσθι
1263 5537 1364 5605 τήν
1415 5551 1472 5588 τε
1529 5533 1685 5587 πόλιν

67 5639 570 5709 ἐξινδὲαποδίσαι
629 5638 689 5688 οὒ
750 5631 930 5702 πολλῷ
993 5629 1238 5699 ὕστερον.
1304 5629 1381 5681 Uti
1451 5627 1560 5697 γὰρ
1620 5626 1684 5680 ἂν

1796 4712 1860 4750 eo
1913 4698 2054 4763 loco,
2107 4698 2198 4769 qui
2257 4697 2589 4768 Scylolimue
2642 4697 2863 4759 dicitur,
2916 4699 2967 4751 in
3027 4698 3367 4766 eullmjuium

1795 4789 1955 4864 263
1990 4792 2211 4844 veniens
2235 4805 2356 4844 cum
2396 4790 2632 4857 Georgio
2660 4791 2905 4858 patruele
2948 4790 3087 4859 ejus.
3113 4791 3280 4857 jussit
3308 4802 3370 4846 ut

1793 4883 1872 4935 sic
1907 4884 2211 4952 alloquatur
2239 4897 2415 4948 regem
2455 4882 2711 4935 Davidem
2745 4899 2756 4933 :
2790 4881 2923 4951 Regi
2972 4883 3362 4952 Trapezunlis,

1796 4974 2106 5032 ϐιιιςουιιιιιι
2139 4976 2380 5042 generis,
2411 4990 2500 5027 rex
2530 4989 2761 5043 magnus
2801 4976 2913 5028 lure
2944 4976 3074 5028 dicit
3103 4995 3114 5029 :
3149 4976 3365 5039 Cernis,

1795 5083 1958 5139 quam
1979 5068 2198 5136 longum
2223 5067 2346 5130 iter,
2375 5075 2428 5120 et
2451 5083 2613 5136 quam
2638 5069 2855 5138 longam
2885 5070 3158 5139 regionem
3179 5085 3368 5126 einen.

1797 5175 1890 5213 sus
1918 5160 1990 5213 sit
2027 5175 2142 5223 rex,
2173 5159 2878 5228 postquamexpeditionem
2901 5163 3140 5230 sumpsit
3172 5173 3364 5218 contra

1800 5262 1852 5304 te
1887 5263 1947 5305 ut
1974 5253 2077 5305 huc
2100 5253 2344 5305 veniret?
2381 5250 2440 5305 Si
2470 5253 2635 5323 igitur
2664 5253 2812 5306 illico
2844 5254 3033 5306 :zrbem
3067 5257 3215 5324 regis
3238 5271 3368 5324 pei-

1803 5343 2014 5397 niiseris
2039 5343 2291 5407 arbitrio,
2322 5358 2387 5395 ne
2448 5343 2681 5406 dubites,
2744 5345 3008 5412 praebebit
3067 5347 3228 5399 aliam
3259 5364 3273 5399 :
3308 5357 3369 5402 ut

1796 5435 2066 5489 Demetrio
2100 5436 2415 5489 Graecorum
2443 5436 2699 5505 principi,
2758 5438 2852 5506 qui
2915 5437 3358 5507 Peloponnesum

1797 5537 2024 5582 rexerat.
2059 5526 2290 5580 Donavit
2313 5543 2442 5580 vero
2475 5528 2620 5582 hunc
2645 5529 2844 5597 Opibus
2902 5531 3177 5598 plurimis,
3203 5531 3362 5584 insue

1795 5625 1994 5692 lisque.
2026 5618 2214 5675 Eidem
2236 5635 2289 5673 et
2324 5621 2513 5674 urbem
2567 5622 2764 5690 opibus
2814 5620 3097 5675 lluremem
3146 5621 3353 5680 Ainqu

1397 5732 1643 5795 Notulie
1675 5722 2070 5804 marginales.

1643 5833 1687 5864 ὕ.

137 5840 315 5917 εει-ιρι
348 5859 481 5908 uno,
515 5843 859 5917 παραϐαίνει.
937 5843 982 5877 ⁸⁹
1012 5841 1077 5898 In
1111 5857 1235 5909 uno,
1267 5854 1327 5894 π.
1353 5837 1413 5892 ὃν
1443 5835 1563 5899 τὰς.

60 5932 85 5964 ε
96 5913 298 5967 δουλὼ
307 5929 468 5968 σατο.

1724 5827 2011 5884 Ἐπαύετο.

2090 5824 2129 5855 ⁶¹
2174 5821 2238 5877 In
2264 5840 2389 5889 uno,
2424 5823 2816 5886 ἐπιτέλλοντες.
2896 5823 2938 5854 ⁶¹
2983 5820 3046 5874 In
3080 5838 3203 5888 uno,
3235 5839 3368 5897 προ-
