4180 6434
228 409 333 474 £89

1253 408 1352 467 DE
1401 404 1652 465 REBUS
1710 402 2070 465 TURCICIS
2116 404 2263 464 LIB.
2306 405 2411 467 IX.

3360 404 3468 476 490

230 526 345 589 λέα,
378 524 471 578 καὶ
502 521 687 593 χώραν
719 521 904 586 αὐτὴν.
942 519 1127 574 Ταῦτα
1178 520 1276 589 μὲν
1320 521 1376 578 ἐς
1411 519 1567 570 τοῦτο
1600 518 1644 549 ⁸⁸
1678 516 1795 582 ἐγέ-

1903 515 2078 568 zuntis
2106 531 2287 585 regem
2325 531 2431 569 una
2487 530 2609 569 cum
2663 517 2882 586 regione
2946 526 3142 572 nactus
3183 526 3287 571 est.
3342 517 3470 575 llaec

228 634 349 672 νετο
375 634 389 651 ·
420 617 520 687 τὴν
556 618 613 669 δὲ
644 615 1035 686 Τραπεζοῦντα
1061 618 1117 679 ἒς
1149 615 1343 685 μοίρας
1372 612 1701 678 διελόμενος,
1734 611 1792 663 τὸ

232 710 331 778 μὲν
360 710 491 779 παρ’
525 709 706 776 ἑαυτῷ
736 710 1133 778 κατεκράτησε,
1156 708 1388 777 ποιήσας
1419 703 1793 773 Σιλικταρίους

229 806 321 856 καὶ
356 804 776 874 Σπαχογλάνους
799 804 867 865 ⁸⁸,
895 801 1124 873 ὕστερον
1166 803 1225 865 ἐς
1265 802 1362 865 τάς
1392 800 1561 872 θύρας
1600 798 1793 859 αὑτοῦ,

228 898 453 960 τούτους
480 900 761 968 κρατήσας
791 897 920 965 παρ’
949 896 1161 961 ἑαυτὸν,
1195 896 1501 965 ὑπηρεσίας
1534 894 1599 925 ⁶⁶”
1630 892 1793 946 αὑτοῦ

225 990 410 1057 ἕνεκα,
448 991 542 1043 καὶ
569 991 626 1052 ἐς
668 991 736 1043 τά
772 989 1015 1044 παιδικά.
1051 991 1124 1043 Τὸ
1166 991 1219 1043 δὲ
1267 988 1571 1059 κατῴκισεν
1608 987 1664 1050 ἐς
1693 987 1796 1038 Βυ-

226 1083 461 1148 ζάντιον,
493 1083 589 1136 καὶ
618 1082 678 1135 τὸ
706 1083 893 1152 ἓτερον
931 1082 1235 1153 πεποίηκεν
1275 1080 1665 1148 ἰανιτζαρίους,
1699 1080 1794 1131 καὶ

226 1177 514 1241 δου).ευτὰς
557 1178 617 1230 ἐν
664 1179 905 1239 σκευαῖς.
953 1176 1344 1244 ἐπιλεξάμενος
1393 1175 1585 1237 παῖδας
1632 1173 1793 1226 ὀκτα-

226 1270 467 1334 κοσίους,
508 1272 602 1324 καὶ
643 1271 701 1332 ἐς
737 1269 837 1340 τὴν
873 1270 983 1322 τῶν
1024 1268 1293 1332 νεηλύδων
1342 1267 1494 1331 τάξιν
1542 1266 1792 1330 ἐτάξατο.

228 1363 340 1433 Τὴν
367 1365 547 1432 μέντοι
588 1364 863 1431 θυγατέρα
910 1362 1004 1414 τοῦ
1051 1361 1313 1429 βασιλέως
1347 1360 1511 1413 Δαϐιδ
1564 1362 1796 1425 γυναῖκα

231 1460 413 1522 μέντοι
442 1458 541 1510 οὐκ
592 1440 859 1526 ἠγάγετο,
887 1454 1003 1523 μετ⁹
1052 1455 1112 1508 οὐ
1154 1454 1295 1511 ,πολὺ
1342 1454 1397 1506 δὲ
1450 1454 1506 1515 ἐς
1547 1452 1638 1504 τὸν
1677 1470 1794 1505 κοι-

226 1553 373 1603 τῶνα
428 1551 817 1621 μετεπέμψατο
870 1550 1061 1617 αὐτὴν,
1094 1548 1527 1616 σφαγιασθέντος
1572 1546 1666 1601 τοῦ
1701 1545 1796 1616 βα-

226 1644 418 1705 σιλέως
450 1644 635 1709 Δασιδ,
668 1640 887 1694 καὶτὸν
917 1644 1081 1693 παῖδα
1120 1641 1345 1708 ἔγγονον
1390 1638 1483 1692 τοῦ
1529 1639 1794 1710 πρότερον

228 1729 516 1799 βασιλέως,
548 1732 739 1799 νήπιον
778 1730 905 1784 ὄντα
952 1725 1064 1797 εἶχε
1100 1732 1232 1799 παρ’
1266 1730 1444 1797 ἐαυτῷ
1474 1733 1503 1783 6
1539 1729 1790 1797 Κράτων.

240 1824 298 1876 Ὀ
355 1826 539 1892 μέντοι
598 1825 859 1893 βασιλέως
906 1829 1035 1887 παῖς
1092 1825 1120 1877 6
1184 1823 1467 1895 νεώτερος.
1523 1824 1867 1915 ΓεώργιοςΒ

232 1917 491 1987 τοῦνομα,
518 1919 592 1980 ὡς
637 1921 693 1977 ἐς
731 1918 829 1989 τὴν
884 1919 1320 1990 Ἀδριανούπολιν
1380 1921 1587 1989 παρὼν,
1633 1922 1795 1992 ἐτρά-

226 2030 361 2065 πετο
392 2016 480 2066 ἑπὶ
524 2014 619 2083 τὴν
648 2013 740 2067 τοῦ
788 2015 1091 2084 Μεχμὲτεω
1125 2014 1443 2084 θρησκείαν,
1473 2016 1567 2068 καὶ
1620 2019 1675 2081 ἐς
1728 2020 1794 2072 τὰ

229 2106 336 2175 ἥϐη
367 2108 655 2175 γενόμενος
699 2107 768 2160 τὰ
797 2108 1041 2173 ἐκείνων,
1072 2110 1132 2161 οὐ
1172 2109 1352 2179 πολλῷ
1384 2111 1609 2181 ὕστερον
1641 2131 1795 2166 συνε⁹

225 2200 406 2269 λήφθη
440 2202 554 2271 ἅμα
580 2201 656 2272 τῷ
691 2205 858 2273 πατρὶ
888 2204 991 2256 καὶ
1032 2207 1143 2266 τοῖς
1198 2202 1593 2275 άδελφςὶῖξὸπδ
1642 2208 1797 2275 βασι-

227 2294 390 2358 λέως.
437 2298 546 2349 Καὶ
575 2297 617 2328 ⁸⁷
656 2297 765 2365 γὰρ
806 2297 1017 2367 ἔπεμψε
1060 2298 1362 2368 γράμματα
1389 2294 1661 2369 ’ίῖθᾶνεψιά
1704 2300 1796 2352 τοῦ

232 2388 519 2455 βασιλέως,
564 2389 716 2455 ήτοῦ
753 2391 975 2460 Χασάνη
1007 2392 1053 2423 ⁸⁸
1101 2393 1258 2461 γυνὴ,
1293 2394 1383 2446 καὶ
1438 2394 1795 2463 μετεκαλεῖτο

230 2481 263 2547 ἢ
303 2480 346 2511 θ’
382 2485 470 2533 τὸν
525 2482 617 2533 τοῦ
673 2482 935 2551 βασιλέως
984 2485 1120 2547 υίὸν,
1159 2486 1191 2555 ἣ
1224 2487 1312 2539 τδν
1369 2487 1590 2552 ἀνεψιὸν
1630 2487 1797 2542 αὑτοῦ

229 2574 322 2624 τὸν
362 2573 597 2638 Ἀλέξιον
649 2576 740 2628 τὸν
800 2578 865 2630 ὲκ
916 2578 1251 2649 Μυτιλήνης,
1310 2580 1594 2648 Κομνηνὸν
1647 2581 1796 2635 ὄντα.

232 2664 340 2715 Καὶ
392 2664 462 2716 τὰ
528 2665 627 2733 μὲν
684 2666 985 2735 γράμματα
1044 2668 1377 2737 ἐνεχείρισαν
1430 2668 1507 2736 τῷ
1563 2670 1795 2738 βασιλεῖ,

229 2757 640 2824 δηλοποιοῦντα,
667 2758 813 2821 ὅπως
848 2753 927 2821 εἷς
972 2759 1037 2811 ἑκ
1070 2759 1177 2812 τῶν
1213 2760 1345 2812 υἱῶν
1380 2760 1474 2812 τοῦ
1509 2761 1796 2829 βασιλέως,

232 2849 265 2916 ἢ
304 2852 331 2900 ὁ
366 2851 586 2918 ἀνεψιὸς
620 2850 807 2914 αὐτοῦ,
846 2854 921 2913 ὡς
952 2854 1189 2922 εἴρηται,
1220 2852 1482 2923 ἁφίξηται
1531 2856 1667 2921 πρὸς
1701 2857 1799 2920 τὴν

231 2942 522 2994 δέσποιναν
560 2944 659 3010 τὴν
690 2946 923 3009 γυναῖκα
957 2945 1051 2995 τοῦ
1088 2944 1317 3011 Μακροΰ
1347 2946 1577 3012 Χασάνη
1609 2945 1794 2999 οὖσαν.

245 3033 576 3102 Ἐνεχείρισε
602 3036 657 3087 δὲ
688 3036 858 3089 ταῦτα
890 3038 959 3088 τὰ
992 3038 1294 3105 γράμματα
1338 3040 1365 3088 ὁ
1395 3039 1801 3107 πρωτοόεστιά-

234 3142 352 3193 pro;
407 3125 678 3195 Γεὼργιος
720 3128 999 3199 ἐπιτρόπῳ
1038 3128 1206 3183 τᾶλλα
1233 3130 1424 3201 ἀγαθῷ
1456 3132 1600 3190 ὅπως
1631 3134 1800 3200 φανή-

1897 606 2116 675 quidem
2149 609 2413 663 hactenus
2443 610 2743 677 contigere.
2764 609 3165 679 Trapezuntios
3193 610 3247 665 in
3279 622 3463 679 partes

1897 698 2213 754 distribuit:
2252 708 2461 769 partem
2496 717 2603 755 una
2646 702 2870 756 retinuit
2895 704 3035 768 ipse,
3063 719 3128 758 ex
3191 721 3300 775 qua
3339 706 3468 763 fecit

1899 790 2227 857 Silictarios,
2258 805 2311 847 et
2342 793 2762 865 Spatltoglanos.
2797 794 2905 851 Hos
2932 796 2985 865 ip
3006 786 3193 866 januis
3223 801 3469 860 tenebat.

1897 901 2196 955 eorumque
2237 888 2537 944 ministerio
2570 889 2843 952 utebatur,
2915 907 3126 946 necnon
3159 892 3291 962 ipsis
3322 896 3472 948 nefa-

1900 980 1980 1033 rio
2006 995 2193 1035 amore
2233 992 2425 1051 raptus
2448 982 2795 1038 abutebatur.
2832 984 3045 1040 Partem
3094 1000 3275 1042 autem
3301 986 3465 1042 aliam

1898 1071 2213 1142 Byzantium
2239 1075 2565 1130 transmisit.
2599 1076 2767 1132 Porro
2801 1093 2869 1133 ex
2897 1079 3002 1133 alia
3034 1079 3338 1147 janitzaros
3364 1084 3474 1137 ele-

1898 1165 1993 1234 git.
2029 1164 2302 1229 Quosdam
2344 1167 2629 1222 constituit
2652 1184 2863 1234 servos,
2892 1171 2984 1239 qui
3017 1171 3071 1224 in
3099 1173 3471 1230 tabernaculis

1898 1259 2184 1311 servirent.
2219 1255 2422 1313 Pueros
2449 1274 2513 1314 ex
2560 1262 2819 1316 omnibus
2884 1262 3047 1331 elegit
3099 1266 3471 1334 octingentos,

1896 1362 2100 1416 eosque
2130 1349 2182 1402 in
2214 1350 2631 1418 peregrinorum
2660 1353 2943 1408 cohortem
2966 1356 3246 1413 submisit.
3271 1357 3468 1416 Filiam

1897 1440 2039 1507 regis
2066 1439 2286 1496 Davidis
2312 1457 2442 1508 non,
2478 1445 2939 1512 quemadmodum
2970 1464 3064 1503 rex
3094 1449 3184 1505 hic
3209 1452 3465 1521 petierat,

1897 1549 2123 1588 uxorem
2160 1532 2539 1592 duxitzhaud
2600 1548 2779 1593 tamen
2836 1542 3008 1596 multo
3066 1552 3191 1612 post
3248 1561 3366 1600 eam
3416 1549 3471 1602 in

1897 1643 2056 1681 suum
2081 1628 2394 1684 cubiculum
2417 1631 2708 1686 accersivit
2738 1644 3015 1703 perempto
3071 1652 3197 1707 rege
3245 1638 3469 1693 Davide.

1895 1716 2152 1789 Nepotem
2182 1734 2361 1775 autem
2386 1722 2571 1791 hujus,
2594 1725 2684 1792 qui
2720 1724 2897 1779 fuerat
2921 1726 3063 1783 (ilius
3082 1730 3259 1785 adhuc
3285 1730 3470 1786 infans

1898 1811 2099 1877 prioris
2132 1814 2297 1882 regis,
2325 1816 2466 1882 apud
2487 1832 2545 1871 se
2579 1816 2766 1873 habuit
2814 1819 2999 1874 Crato.
3059 1820 3223 1892 Regis
3282 1834 3464 1878 autem

1898 1905 2116 1962 Davidis
2163 1908 2303 1963 tilius
2344 1910 2548 1979 junior,
2566 1914 2785 1967 nomine
2814 1915 3101 1983 Georgius,
3123 1933 3245 1972 cum
3277 1919 3473 1973 Adria-

1898 2002 2137 2069 nopolim
2172 2003 2431 2069 venisset,
2460 2006 2525 2060 ad
2574 2002 2890 2064 Meclrmetce
2946 2010 3267 2080 religionem
3334 2029 3471 2069 cou-

1899 2111 2089 2151 versus
2133 2107 2235 2152 est.
2303 2098 2612 2167 Assumptis
2661 2098 2965 2156 Turcorum
3050 2105 3298 2160 moribus
3357 2124 3467 2161 non

1901 2190 2067 2243 multo
2103 2201 2223 2258 post
2249 2201 2441 2259 captus
2476 2202 2559 2247 cst
2586 2194 2652 2247 ab
2696 2210 2816 2265 rege
2850 2211 2960 2250 una
3019 2212 3144 2253 cum
3207 2209 3358 2269 patre
3415 2213 3469 2255 et

1899 2277 2179 2333 fratribus.
2206 2279 2339 2334 Nam
2367 2283 2550 2336 missis
2603 2283 2798 2341 litteris
2864 2290 3196 2345 consobrina
3250 2290 3469 2347 Davidis

1900 2372 2061 2440 regis,
2096 2387 2233 2426 uxor
2254 2372 2523 2430 Chasanis
2555 2376 2787 2432 vocabat
2818 2391 2910 2434 aut
2961 2384 3103 2451 regis
3146 2385 3336 2451 lilium,
3373 2398 3471 2442 aut

1900 2468 2195 2533 patruelem
2228 2468 2369 2536 ejus,
2396 2469 2644 2523 Alexium
2672 2470 3010 2528 Comnenum
3040 2491 3106 2531 ex
3162 2478 3466 2549 Mitylenis.

1901 2555 1965 2610 Et
1994 2558 2202 2614 litteras
2231 2561 2473 2630 quidem,
2511 2564 2715 2632 quibus
2779 2566 3192 2637 significabatur
3247 2582 3469 2629 utunus

1898 2665 1961 2703 ex
2003 2652 2126 2705 [iliis
2145 2656 2287 2721 regis
2314 2653 2553 2718 Davidis,
2586 2667 2677 2711 aut
2703 2661 2965 2727 patruelis
2996 2663 3116 2733 ejus
3150 2663 3233 2736 (ut
3259 2666 3466 2721 dictum

1899 2743 2003 2812 est)
2036 2745 2243 2799 veniret
2279 2747 2343 2800 ad
2369 2748 2671 2814 dominam,
2706 2769 2827 2822 qua:
2864 2771 3005 2809 uxor
3054 2767 3172 2811 erat
3202 2758 3469 2815 Chasauis

1901 2836 2093 2907 Longi,
2146 2838 2483 2896 tradiderant
2531 2844 2684 2912 regi;
2736 2862 2858 2900 nam
2898 2848 3104 2905 litteras
3157 2854 3287 2907 istas
3323 2855 3471 2909 dedit

1902 2930 2361 2989 Protovcstiarius
2393 2934 2664 3005 Georgius
2688 2942 2952 3004 curatori,
2982 2943 3229 2997 moribus
3272 2958 3469 3002 caetera

1901 3039 2009 3079 non
2038 3028 2309 3096 improbo,
2332 3037 2389 3082 ut
2413 3040 2697 3098 appareret
2714 3032 2823 3101 regi
2851 3036 2990 3095 talis.
3015 3037 3163 3104 quali
3196 3035 3470 3095 [idendum

1903 3128 2052 3173 esset
2085 3120 2139 3172 in
2195 3120 2501 3189 quibusvis,
2554 3132 2814 3191 praeterea
2847 3142 2913 3180 ne
2949 3126 3471 3203 innotesceretquo-

234 3237 390 3273 σεται
420 3225 447 3274 6
492 3220 747 3289 βασιλεὺς
796 3223 878 3285 είς
932 3224 1194 3275 πίστωσιν
1251 3223 1381 3286 ἴσως
1421 3223 1653 3293 ἀγαθὴν,
1706 3225 1800 3277 καὶ

1906 3214 2067 3267 modo
2101 3215 2550 3281 protovestiarius
2610 3232 2721 3270 rem
2776 3218 2916 3273 hanc
2951 3222 3208 3289 celasset,
3271 3228 3473 3281 timens

230 3314 410 3375 ἄλλως
454 3315 541 3366 ἵνα
595 3315 669 3383 μὴ
714 3316 959 3387 ἀκουσθῇ
1003 3320 1093 3370 καὶ
1152 3320 1281 3387 παρ’
1324 3314 1520 3383 ἄλλων,
1574 3318 1723 3380 ὅπως
1777 3319 1803 3368 6

229 3406 733 3477 πρωτοὸεστιάριος
777 3408 980 3477 ἔκρυψε
1034 3410 1189 3462 τοῦτο
1240 3411 1574 3479 φοϐούμενος
1608 3411 1698 3463 τόν
1744 3430 1800 3463 τε

232 3502 507 3568 αὐθέντην
545 3502 633 3554 τὸν
669 3503 864 3570 μέγαν,
899 3504 991 3554 καὶ
1036 3505 1126 3555 τὸν
1161 3505 1343 3557 Πασια
1373 3506 1417 3537 "°
1470 3504 1804 3575 Μαχουμού-

230 3609 357 3657 την,
389 3592 481 3643 καὶ
510 3592 654 3660 πάθῃ
696 3594 879 3653 κακῶς
907 3596 933 3643 ὁ
972 3595 1467 3665 πρωτοὸεστιάριος
1519 3602 1669 3666 παρὰ
1708 3598 1801 3650 τοῦ

237 3683 483 3749 μεγάλου
525 3685 802 3741 αὑθέντου.
839 3684 941 3738 Καὶ
996 3686 1081 3738 διὰ
1137 3687 1290 3739 τοῦτο
1338 3688 1537 3741 δέδωκε
1573 3690 1667 3743 καὶ
1714 3694 1802 3743 τὸν

231 3782 447 3847 χάρτην
505 3780 639 3847 πρὸς
695 3781 789 3830 τὸν
844 3781 1017 3847 μέγαν
1073 3778 1359 3851 αὐθέντην.
1416 3782 1497 3834 Τὰ
1556 3783 1655 3850 μὲν
1711 3784 1803 3835 οὖν

233 3871 545 3937 γράμματα
586 3867 878 3937 δεξάμενος
921 3872 947 3922 ὁ
1000 3869 1274 3937 βασιλεὺς,
1307 3872 1400 3923 καὶ
1452 3871 1556 3941 νόῳ
1602 3871 1801 3938 λαόὼν,

231 3965 533 4015 καθίστατο
582 3964 639 4024 ἐς
683 3962 943 4032 ὑποψίαν,
978 3966 1071 4015 καὶ
1125 3965 1322 4027 αὐτοὺς
1381 3966 1682 4034 συλλαϐὼν,
1714 3970 1804 4018 τόν

232 4073 295 4106 τε
350 4056 511 4109 Δαδὶδ
553 4055 804 4124 βασιλέα,
848 4058 940 4110 καὶ
988 4057 1114 4118 τοὺς
1163 4059 1311 4119 υἱοὺς
1367 4054 1530 4111 αὐτοῦ
1584 4060 1681 4111 σὺν
1728 4061 1805 4128 τῷ

232 4148 446 4217 ἀνεψιῷ
476 4149 747 4216 καθεῖρξε.
782 4149 888 4200 Καὶ
911 4148 1008 4216 τὴν
1045 4150 1144 4213 μὲν
1172 4148 1450 4217 θυγατέρα
1480 4152 1536 4212 ἐς
1565 4154 1803 4205 κοιτῶνα

234 4240 394 4310 αὐτῷ
432 4241 836 4309 μετεπέμψατο.
881 4240 1060 4310 Ἐχων
1097 4242 1154 4294 δὲ
1183 4243 1379 4305 αὐτοὺς
1420 4246 1478 4295 ἐν
1503 4243 1549 4276 ἰ
1589 4246 1803 4309 πέδαις,

231 4336 296 4384 οὗ
352 4333 532 4398 πολλῷ
587 4332 832 4401 ὕστερον,
867 4332 1174 4399 ἀπαγαγὼν
1224 4334 1283 4396 ἐς
1333 4335 1649 4400 Βυζάντιον,
1702 4339 1807 4391 διε-

232 4426 502 4493 χρήσατο.
533 4421 671 4485 Τοὺς
709 4424 807 4491 μέν
836 4441 920 4477 τοι
953 4427 1151 4485 παῖδας
1183 4429 1312 4489 τοὺς
1361 4430 1405 4459 ⁷⁸
1437 4430 1544 4482 ἀπὸ
1577 4433 1804 4496 ἄστεως,

234 4521 335 4569 καὶ
359 4518 468 4569 ἀπὸ
508 4518 616 4567 τῶν
645 4517 944 4585 περιοίκων
976 4517 1219 4586 χωρίων,
1246 4522 1375 4582 τοὺς
1415 4523 1515 4589 μὲν
1544 4524 1807 4593 νεήλυδας

1905 3310 2230 3362 Authentem
2270 3309 2383 3362 sive
2409 3310 2790 3378 imperatorem
2843 3329 3123 3383 magnum.
3156 3327 3208 3371 et
3236 3318 3456 3374 Bassam

1904 3401 2282 3465 Mechmetem,
2323 3400 2483 3471 265
2514 3418 2581 3456 ne
2611 3419 2668 3457 re
2696 3406 2915 3475 cognita
2966 3424 3157 3477 pmnas
3189 3411 3342 3466 daret
3371 3430 3470 3467 au-

1906 3494 2074 3547 tltenti
2115 3509 2312 3563 magno
2349 3496 2821 3562 protovestiarius.
2880 3497 3219 3571 Quapropter
3261 3506 3473 3560 litteras

1906 3603 2103 3656 magno
2136 3588 2381 3641 authenti
2418 3590 2634 3644 obtulit.
2689 3592 2819 3657 Rex,
2878 3594 3072 3651 litteris
3126 3601 3361 3668 acceptis
3420 3614 3471 3656 et

1906 3682 2231 3743 loctis,niliil
2265 3681 2388 3735 boni
2423 3683 2824 3751 suspicabatur.
2866 3685 3259 3757 Comprehendi
3289 3693 3473 3765 itaque

1902 3776 2066 3843 jussit
2102 3774 2355 3827 Davidem
2394 3790 2574 3844 regem
2603 3785 2654 3829 et
2692 3777 2832 3831 filios
2877 3779 2997 3849 ejus
3050 3798 3156 3837 una
3208 3802 3331 3840 cum
3382 3804 3477 3858 pa-

1909 3869 2099 3934 truele,
2136 3884 2271 3938 quos
2289 3884 2479 3922 omnes
2515 3869 2567 3921 in
2595 3871 2900 3925 custodiam
2974 3873 3147 3929 dedit.
3200 3878 3469 3935 Caeterum

1910 3960 2071 4014 ﬁliam
2109 3961 2160 4014 in
2185 3976 2338 4013 suum
2370 3956 2685 4015 cubiculum
2740 3966 3057 4020 accersebat
3084 3985 3097 4023 :
3140 3984 3261 4023 cum
3290 3984 3469 4026 autem

1907 4071 1997 4108 eos
2027 4054 2300 4123 aliquanto
2328 4063 2572 4122 tempore
2604 4056 2656 4108 in
2676 4054 2923 4111 custodia
2957 4072 3317 4126 assert/asset,
3353 4076 3472 4120 tan-

1908 4147 2027 4199 dem
2084 4145 2349 4199 abductos
2386 4130 2702 4214 Byzantium
2736 4148 2970 4203 necavit.
3010 4150 3216 4208 Pueros
3254 4155 3470 4224 quidem

1908 4257 1972 4294 ex
1996 4239 2149 4305 urbe,
2184 4239 2327 4292 etab
2359 4239 2493 4293 locis
2527 4238 2644 4293 urbi
2686 4238 2933 4296 (initiatis
2956 4243 3203 4311 allectos,
3237 4249 3287 4300 in
3318 4265 3472 4315 pere-

1910 4334 2185 4401 grinorum
2214 4332 2411 4385 album
2448 4332 2824 4398 conscribens,
2859 4335 2925 4389 ad
2963 4353 3122 4391 suum
3157 4340 3469 4396 cubiculum

1910 4420 2215 4473 ordinabat.
2251 4418 2522 4483 Quosdam
2560 4431 2822 4489 praeterea
2854 4424 3075 4478 tradidit
3129 4428 3181 4481 in
3220 4429 3469 4499 discipli-

1914 4528 2058 4575 nam,
2093 4520 2151 4565 ut
2183 4509 2483 4565 Turcorum
2514 4512 2708 4568 studiis
2752 4515 3152 4574 imbuerentur.
3228 4517 3472 4594 Reliquis

235 4610 566 4677 ταξάμενος,
595 4609 855 4661 κατέθετο
901 4610 957 4669 ἐς
1001 4611 1092 4661 τὸν
1136 4611 1336 4663 ἑαυτοῦ
1389 4613 1645 4676 κοιτῶνα,
1678 4620 1803 4680 τοὺς

1914 4606 2035 4658 liliis
2068 4606 2183 4657 suis
2204 4616 2255 4658 et
2288 4607 2521 4673 satrapis
2544 4606 2684 4660 dono
2717 4605 2863 4661 dedit
2893 4611 3146 4680 virgines,
3206 4619 3469 4684 quasdam

236 4706 281 4757 δ’
312 4705 505 4763 ἀλλους
537 4707 591 4754 ἐν
655 4705 765 4763 τοῖς
811 4703 1005 4754 ἑαυτοῦ
1053 4705 1447 4773 ἐπιτηδεύμασι
1476 4710 1601 4769 τοὺς
1632 4705 1675 4759 δ’
1709 4711 1806 4762 ἆλ-

236 4801 367 4856 λους
397 4799 444 4828 τι
470 4797 843 4864 ἀπεχαρίσατο
870 4798 982 4857 τοῖς
1026 4798 1161 4858 υἱοῖς
1218 4798 1403 4861 αὑτοῦ,
1437 4801 1529 4851 καὶ
1561 4805 1671 4863 τοῖς
1707 4803 1804 4872 ἆρ-

235 4904 421 4955 χουσι.
463 4886 570 4946 Τάς
606 4886 659 4935 δὲ
692 4886 880 4951 κόρας,
913 4887 1009 4943 τὰς
1044 4886 1143 4953 μὲν
1173 4889 1229 4937 ἐν
1253 4890 1364 4948 τοῖς
1391 4888 1553 4940 αὑτοῦ
1580 4891 1804 4944 κοιτῶσι

238 4980 527 5037 κατέθετο,
559 4981 654 5038 τὰς
705 4980 760 5029 δὲ
798 4977 1192 5045 άπεχαρίσατο,
1232 4981 1319 5030 καί
1354 4997 1505 5041 τινας
1534 4981 1591 5045 ἐξ
1626 4983 1805 5035 αὐτῶν

234 5073 354 5129 τοῖς
412 5070 546 5129 υίοίς
601 5068 767 5121 αὐτοῦ
822 5068 1203 5133 ἀπεστέλλετο,
1262 5071 1411 5133 ἐνίας
1471 5072 1515 5122 δ’
1580 5072 1636 5124 ἓν
1698 5091 1806 5127 τινι

232 5166 411 5229 ὀλίγῳ
442 5160 617 5229 καιρῷ
667 5162 763 5213 καὶ
788 5160 834 5190 ⁷⁸
864 5159 1294 5229 ὑπανδρευσατο.
1327 5160 1431 5213 Τοῦ
1465 5165 1649 5230 μέντοι
1690 5182 1805 5231 χει-

237 5252 426 5323 μῶνος
470 5251 661 5303 τούτου
719 5249 968 5320 βασιλεὺς
1008 5250 1299 5320 διατρίσων
1347 5254 1403 5302 ἐν
1454 5255 1565 5315 τοῖς
1612 5257 1808 5307 ἑαυτοῦ

1916 4712 2133 4766 quoque
2172 4712 2269 4766 per
2298 4712 2394 4749 sua
2429 4697 2680 4751 cubicula
2707 4699 2993 4768 disposuit,
3050 4707 3316 4773 quasdam
3340 4712 3475 4762 ami-

1916 4792 2266 4855 cisdonavlt,
2291 4790 2550 4856 quasdam
2589 4807 2716 4844 vero
2743 4792 2869 4847 ﬁliis
2906 4796 3021 4848 suis
3064 4797 3229 4862 misit,
3261 4816 3474 4856 necnon

1915 4885 2175 4953 quasdam
2230 4883 2377 4935 brevi
2423 4892 2665 4951 tempore
2706 4885 2916 4937 maritis
2945 4888 3248 4955 conjunxit.
3283 4888 3356 4943 Ea
3384 4908 3475 4945 au-

1913 4984 2018 5023 tem
2082 4987 2201 5039 quae
2256 4974 2582 5039 sequebatur
2634 4972 2829 5036 hieme,
2898 4976 2952 5028 in
3003 4980 3149 5045 regni
3177 4982 3303 5033 sede
3366 4999 3475 5035 ma-

1914 5085 2069 5132 nens,
2116 5068 2342 5121 vocabat
2401 5067 2645 5130 Bladum,
2675 5067 2787 5136 (94)
2852 5070 3098 5126 Draculis
3144 5073 3333 5141 filium,
3370 5076 3473 5130 du-

1913 5174 2026 5211 cem
2082 5158 2275 5211 Dacim.
2324 5155 2454 5209 Nam
2511 5158 2668 5225 hujus
2722 5158 2941 5214 fratrem
3001 5164 3272 5229 juniorem
3333 5172 3472 5235 apud

1915 5270 1971 5305 se
2008 5250 2237 5304 habebat
2266 5265 2440 5318 eoque
2465 5265 2561 5318 per
2586 5266 2826 5307 amorem
2867 5258 3094 5324 turpiter
3119 5259 3471 5323 abutebatur.

1511 5418 1754 5479 Notulte
1788 5418 2181 5494 marginales.

310 5566 425 5636 (9i)
452 5565 645 5619 Bladus
676 5564 925 5625 Dracula.
987 5563 1264 5619 Moldaviae
1292 5604 1307 5630 ,
1345 5582 1464 5636 quae
1525 5576 1577 5621 et
1608 5566 1983 5637 Transalpina,
2015 5569 2264 5638 princeps
2297 5586 2307 5621 :
2342 5568 2433 5637 qui
2467 5580 2519 5623 et
2551 5569 2833 5628 Vulaldus.

322 5708 369 5740 ⁸⁸
388 5709 660 5760 τοσοῦτον.
736 5708 779 5737 ⁸³
807 5707 1241 5776 Σπηθογλάνους.
1273 5706 1335 5760 R.
1357 5708 1592 5775 Σπαῡογ.
1625 5708 1849 5779 ὕστερον
1868 5712 2129 5779 πρότερον
2160 5711 2255 5771 εἰς.
2288 5710 2353 5741 ⁶⁶”
2375 5711 2464 5774 El;
2483 5712 2574 5765 ὑπ.
2598 5714 2760 5765 αὑτοῦ
2791 5715 2880 5767 καὶ
2906 5719 3003 5776 εἰς.
3084 5719 3128 5749 ⁸⁷
3151 5718 3215 5770 In
3248 5733 3373 5779 uno,
3399 5719 3474 5780 ὡς

236 5798 296 5843 γ.
380 5780 423 5808 ⁸⁸
448 5777 508 5831 Β.
546 5779 643 5829 τοῦ
676 5780 928 5846 χασάνου.

239 5855 389 5916 tum,
436 5848 789 5917 ςοϐούμεειος.
834 5848 1020 5917 κῦρος.
1097 5849 1144 5879 ⁷ο
1174 5850 1409 5901 Πασίαν.

534 5950 804 6008 PA't‘ROL.
856 5946 971 6006 Gtt.
1008 5941 1200 6004 CLIX.

1489 5851 1529 5879 ⁷¹
1565 5854 1705 5913 ταῖς.

1787 5853 1833 5881 ¹’²
1865 5851 1976 5915 οὒς.

1010 5779 1053 5807 ⁸⁸
1094 5777 1158 5857 In
1186 5794 1277 5828 ora
1302 5778 1424 5857 fibri
1470 5777 1803 5857 adnotaturt

1898 5792 1910 5831 ι
1938 5777 2301 5857 "undeunde/.101)
2330 5785 2495 5845 τινὸς,
2527 5783 2706 5857 καὶ-οὑ
2733 5787 3022 5852 Λαονίκου,
3057 5806 3217 5857 usque
3252 5788 3321 5841 ad
3355 5777 3472 5841 uer-

2534 5854 2575 5884 7"
2605 5852 2669 5907 In
2701 5871 2800 5909 uno
2828 5859 2989 5911 deest.

3047 5947 3117 6012 16

2056 5851 2098 5881 ⁷³
2120 5849 2179 5901 Π.
2214 5853 2450 5923 ἑτέρους.
