4180 6434
644 415 739 484 491

1806 416 2114 475 LAONICI
2160 414 2825 477 (IHAI.COCONDYI..E

3807 420 3911 484 492

644 556 697 599 et
730 543 782 596 in
817 556 975 597 suum
1004 542 1315 594 convictum
1340 532 1658 588 adhibebat.
1703 522 1998 586 Discordia
2024 543 2207 586 autem

2336 536 2637 600 ῑασιλείοις,
2694 536 3083 608 μετεπέμπετο
3132 537 3360 599 Βλάδον,
3422 537 3512 589 τὸν
3576 539 3910 607 Δρακιιύλεω

646 638 937 695 vehemens
968 634 1111 689 inter
1131 646 1310 700 regem
1342 637 1395 682 et
1427 641 1651 697 puerum
1686 626 1850 679 istum
1877 635 2071 679 exorta
2105 632 2208 684 est,

644 746 766 789 cum
792 729 968 797 primo
992 743 1115 782 cum
1140 724 1241 788 sibi
1272 724 1414 791 turpi
1434 737 1620 774 atunt‘c
1650 718 1895 789 ﬂagranti
1920 719 2215 771 obnoxium

648 816 767 877 esSe
798 822 985 876 vellet.
1018 819 1153 873 Nam
1185 833 1306 872 cum
1337 817 1573 885 primum
1611 814 1849 867 venisset
1888 813 1939 865 in
1978 814 2215 881 regiam,

644 918 922 987 ablegatus
939 922 1022 967 est
1043 913 1107 967 ad
1123 901 1517 968 Gramauum.
1542 908 1669 978 quia
1707 922 1884 975 regem
1931 919 2191 974 propetuo

647 1012 775 1063 dum
805 1004 1177 1062 interfecerat.
1204 1004 1338 1059 Cum
1370 1002 1514 1056 enim
1549 1015 1736 1054 amore
1759 1000 1958 1053 ardens
1988 1012 2214 1067 puerum

646 1108 861 1155 voearet
892 1100 957 1154 ad
982 1099 1210 1161 coitum,
1236 1110 1470 1164 eumque
1495 1091 1769 1147 illecebris
1789 1098 1842 1145 et
1867 1089 2218 1161 praebibendo

645 1196 872 1252 delinire
893 1201 1182 1263 satageret,
1220 1199 1495 1260 postremo
1548 1187 1599 1241 in
1652 1185 1974 1255 cubiculum
2028 1197 2215 1237 accer-

646 1290 783 1344 situs
810 1298 912 1342 est.
945 1286 1085 1341 Puer
1114 1300 1240 1339 cum
1272 1292 1487 1352 putaret
1546 1296 1605 1335 se
1651 1278 1785 1333 nihil
1816 1275 2219 1347 'hujuscemodi

648 1380 713 1433 ab
744 1392 867 1445 rege
914 1390 1227 1445 passurum,
1261 1380 1455 1441 prwter
1503 1385 1656 1439 spem
1692 1371 1870 1424 cernit
1922 1383 2108 1438 regem
2165 1368 2219 1420 iu

647 1482 801 1537 ttnpe
829 1470 929 1522 hoc
962 1467 1175 1520 facinus
1205 1464 1339 1518 velle
1402 1477 1780 1532 prorumpere.
1830 1458 2035 1516 Vetum
2085 1475 2222 1528 puer

647 1560 1044 1621 reluctabatur,
1064 1570 1163 1611 nec
1184 1571 1366 1625 regem
1394 1554 1731 1608 admittebat.
1753 1552 1866 1606 llex
1884 1566 2015 1605 vero
2037 1551 2220 1607 oscula

649 1656 846 1721 tigebat
881 1653 1207 1722 repugnanti
1236 1659 1289 1704 et
1314 1649 1484 1702 inrito
1515 1662 1707 1716 puero.
1748 1645 1891 1701 Puer
1918 1646 2085 1717 igitur
2124 1659 2221 1699 va-

650 1750 769 1815 gina
799 1747 1036 1814 gladium
1067 1744 1328 1808 extrahit,
1399 1741 1544 1809 regis
1601 1739 1775 1794 femur
1829 1740 2070 1806 graviter
2100 1739 2221 1793 vul-

650 1849 824 1903 nerat,
857 1851 910 1893 et
936 1836 1101 1893 celeri
1154 1838 1277 1905 fuga
1310 1835 1574 1889 continuo
1612 1833 1715 1888 sibi
1751 1832 2053 1888 consuluit.
2080 1831 2212 1885 Clll-

653 1933 798 1997 rurgi
828 1940 1008 1985 autem
1045 1930 1245 1983 vulnus
1279 1928 1421 1998 regis
1448 1926 1735 1981 curabant.
1762 1923 1903 1981 Puer
1933 1938 2065 1979 vero
2095 1938 2226 1978 cono

651 2040 843 2083 scensa
867 2024 1087 2086 arbore,
1116 2020 1313 2075 ibidem
1345 2019 1749 2075 occultabatur.
1781 2018 1852 2074 Ut
1882 2032 2066 2073 autern
2134 2034 2229 2072 rex

651 2120 891 2176 collectis
908 2118 1166 2173 omnibus
1201 2116 1547 2178 discesserat,
1595 2113 1760 2168 etiam
1822 2128 1961 2183 puer
2006 2112 2229 2168 descen-

652 2222 788 2272 dens
810 2233 875 2272 ex
920 2219 1137 2278 arbore,
1168 2226 1221 2268 ct
1257 2214 1359 2268 iter
1386 2211 1614 2274 faciens,
1647 2226 1757 2265 non
1786 2211 1961 2266 multo
1985 2219 2108 2281 post
2147 2225 2231 2264 re-

652 2311 752 2364 diit
784 2311 837 2363 iu
867 2307 1067 2378 januas
1094 2307 1259 2375 regis,
1284 2305 1513 2375 ejusque
1543 2301 1884 2359 concubinus
1917 2302 2094 2359 factus
2122 2314 2227 2360 est.

657 2403 766 2458 Ilex
789 2416 892 2456 nec
919 2401 1085 2456 etiam
1120 2400 1189 2454 iis
1210 2398 1446 2452 abstinet
1480 2398 1574 2467 qui
1601 2411 1758 2452 suam
1790 2396 2107 2463 religionem
2142 2411 2227 2451 se-

653 2506 900 2567 quuntur
934 2513 948 2550 :
991 2509 1115 2548 nam
1145 2508 1266 2547 cum
1294 2493 1378 2546 bis
1406 2506 1622 2564 semper
1672 2491 1764 2546 diu
1796 2503 2069 2558 noctuque
2099 2506 2230 2544 con-

656 2599 926 2645 versatur.
958 2587 1225 2642 Czeterum
1261 2583 1578 2654 alienigenis
1604 2600 1709 2638 non
1738 2582 1739 2585 “
1770 2583 2001 2637 multum
2063 2583 2234 2636 utitur

660 2699 777 2738 rex.
809 2680 1010 2735 Verum
1039 2679 1181 2733 haud
1222 2677 1394 2731 multo
1449 2684 1573 2745 post
1624 2678 1777 2745 pueri
1836 2675 2003 2746 hujus
2055 2675 2229 2739 fratri,

659 2790 818 2845 quem
850 2772 1076 2826 Bladum
1118 2772 1427 2832 nominant,
1477 2767 1654 2822 Dacia:
1705 2768 2070 2838 principatum
2141 2783 2230 2820 rex

660 2869 935 2937 permisit.
955 2868 1129 2934 Opera
1166 2864 1333 2933 igitur
1368 2862 1514 2932 regis
1544 2862 1788 2931 adjutus,
1821 2861 2090 2915 accedens
2117 2859 2236 2913 Bla-

658 2967 781 3022 dus,
811 2958 1057 3013 Drat-ulis
1082 2958 1249 3021 ﬁlius,
1284 2954 1649 3023 principatum
1712 2952 1890 3007 Dacia:
1921 2954 2232 3021 occupavit.

663 3054 762 3109 Ubi
790 3056 1025 3125 primum
1052 3055 1103 3107 in
1134 3052 1502 3123 principatmn
1529 3062 1818 3120 prometus
1847 3059 1950 3113 est,
1987 3050 2232 3102 hastatos

660 3148 880 3216 delegit,
902 3161 1042 3217 quos
1063 3148 1115 3199 in
1133 3145 1444 3199 convictum
1478 3143 1765 3207 adhibens,
1793 3143 2042 3211 corporis
2073 3141 2237 3212 266

2324 632 2509 688 παῖδα.
2566 631 2772 693 Δακίας
2831 631 3111 700 ἡγεμόνα,
3167 631 3307 701 ἔχων
3365 632 3496 700 παρ’
3556 632 3754 685 ἑαυτοῦ
3816 634 3909 687 τὸν

2325 721 2591 792 νεώτερον
2638 722 2804 775 αὐτοῦ
2855 723 3112 792 ἀδελφὸν,
3145 724 3375 776 παιδικά
3430 741 3488 776 τε
3533 724 3700 777 αὐτοῦ
3746 726 3909 792 γενό-

2327 834 2508 882 μενον,
2551 817 2646 868 καὶ
2687 813 3046 883 διαιτώμενον
3094 817 3226 884 παρ’
3280 814 3455 886 αὐτῷ.
3490 816 3810 887 Ξυνηνέχθη
3852 820 3910 872 δὲ

2325 910 2419 962 καὶ
2446 908 2596 977 αὐτῷ
2642 907 2856 975 βασιλεί
2887 907 3249 976 ξυγγενέσθαι
3300 908 3379 978 τῷ
3423 909 3580 962 παιδὶ
3612 910 3747 979 τῷδε
3782 910 3911 978 βου-

2324 1000 2558 1071 λομένῳ,
2600 1000 2696 1053 ὅτε
2750 1000 2975 1069 πρῶτον
3027 1001 3246 1070 παριὼν
3296 1002 3389 1056 ἐπὶ
3450 1005 3549 1073 τὴν
3602 1002 3911 1072 βασιλείαν,

2324 1093 2609 1147 ἐστέλλετο
2657 1097 2750 1149 ὲπί
2798 1098 3156 1167 Καραμᾶνον,
3189 1097 3373 1165 ὀλίγου
3420 1097 3517 1151 ὑπ’
3559 1097 3726 1152 αὐτοῦ
3770 1099 3913 1151 ἀπο-

2327 1187 2534 1240 θανεῖν.
2582 1189 2671 1252 Ὠς
2700 1189 2808 1257 γάρ
2837 1190 2979 1260 ἐρῶν
3005 1188 3102 1244 τοῦ
3140 1190 3334 1253 παιδὸς
3368 1189 3558 1244 ἐκάλει
3589 1190 3648 1253 ἐς
3670 1186 3913 1258 ὁμιλίας,

2328 1282 2419 1335 καὶ
2480 1281 2793 1352 φιλοτιμίαν
2858 1283 3013 1353 αὐτῷ
3062 1284 3369 1354 προπίνων,
3428 1283 3614 1337 ἐκάλει
3671 1282 3768 1335 ἐπὶ
3820 1282 3916 1333 τὸν

2327 1374 2581 1428 κοιτῶνα.
2624 1376 2685 1427 '0
2739 1376 2923 1443 μέντοι
2966 1381 3094 1439 παῖς
3137 1378 3292 1430 οὐδέν
3337 1394 3391 1429 τι
3439 1376 3687 1429 τοιοῦτον
3732 1376 3912 1427 δοκῶν

2328 1468 2461 1537 πρὸς
2508 1466 2604 1521 τοῦ
2641 1467 2907 1537 βασιλέως
2950 1468 3239 1522 πείσεσθαι
3268 1470 3335 1533 ’⁸,
3367 1467 3518 1539 ἑώρα
3550 1469 3644 1521 τὸν
3674 1467 3913 1539 βασιλέα

2328 1563 2728 1633 ἐπιφερόμενον
2758 1563 2906 1633 αὐτῷ
2945 1565 3002 1626 ἐς
3032 1562 3277 1616 τοιοῦτόν
3304 1581 3357 1616 τι
3394 1564 3653 1633 πρᾶγμα,
3685 1562 3913 1630 ἀπεμάο

2326 1656 2451 1726 χετό
2495 1673 2577 1719 τε,
2611 1657 2707 1709 καὶ
2756 1654 2817 1708 οὐ
2870 1653 3304 1722 συνεγινώσκετο
3354 1656 3411 1716 ἐς
3464 1655 3565 1723 τὴν
3618 1652 3914 1706 συνουσίαν

2329 1750 2615 1819 βασιλέως,
2652 1751 2747 1803 καὶ
2798 1749 3027 1811 ἄκοντος
3070 1750 3270 1817 ἐφίλει,
3310 1748 3671 1816 σπασάμενος
3718 1750 3745 1797 6
3782 1750 3913 1808 παῖς

2261 1837 2631 1935 Βμάχαιραν,
2679 1843 2830 1897 παίει
2877 1843 2972 1895 τὸν
3019 1841 3253 1910 βασιλέα
3303 1842 3445 1894 κατὰ
3478 1841 3569 1893 τὸν
3607 1840 3784 1911 μηρδν
3819 1842 3915 1891 καὶ

2330 1937 2473 1992 οὓτω
2497 1937 2717 2007 φεύγων
2749 1937 2970 2001 αὐτίκα,
3001 1936 3128 1990 ὅποι
3159 1934 3470 2007 προεχώρει
3504 1934 3678 2003 αὐτῷ,
3714 1931 3911 2007 ᾤχετο.

2334 2032 2613 2095 Βασιλέως
2668 2030 2860 2099 μέντοι
2899 2033 2948 2084 οἱ
2988 2029 3162 2098 ἰατροὶ
3215 2029 3439 2083 ίάσαντο
3486 2028 3532 2059 ⁷⁸
3577 2027 3638 2079 τὸ
3668 2005 3916 2095 τραῦμαξ

2344 2129 2404 2180 '0
2445 2126 2504 2180 δὲ
2554 2129 2684 2187 παῖς
2716 2124 2808 2176 ἐπὶ
2859 2122 3078 2194 δένδρον
3125 2119 3294 2174 αὑτοῦ
3336 2136 3442 2172 που
3481 2118 3655 2189 ταύτῃ
3702 2116 3916 2176 ἀναϐάς

2333 2218 2637 2288 ἐκρύπτετο
2666 2216 2737 2271 ’⁷.
2781 2214 2870 2277 Ὠς
2922 2213 2980 2266 δὲ
3026 2210 3515 2280 συσκευασάμενος
3565 2210 3593 2261 6
3650 2206 3917 2277 βασιλεὺς

2333 2311 2523 2384 ἀπῄει,
2558 2308 2813 2363 ἐντεῦθεν
2862 2306 3108 2368 καταϐὰς
3142 2308 3169 2358 6
3197 2307 3331 2366 παῖς
3376 2304 3485 2357 ἀπὸ
3536 2300 3632 2355 τοῦ
3659 2301 3912 2369 δένδρου,

2334 2408 2428 2461 καὶ
2460 2404 2942 2473 διαπορευόμενος,
2979 2401 3041 2452 οὔ
3075 2398 3260 2467 πολλῷ
3288 2396 3521 2466 ὕστερον
3557 2396 3789 2465 ἀφίκετο
3820 2394 3916 2446 ἐπὶ

2334 2504 2430 2565 τὰς
2465 2498 2659 2569 θύρας.
2690 2498 2784 2550 καὶ
2821 2493 3047 2548 παιδικὰ
3078 2494 3297 2562 ἐγένετο
3330 2491 3621 2561 βασιλέως.
3653 2487 3931 2558 Χρῆσθαι·

2333 2597 2391 2648 δὲ
2420 2592 2632 2662 νομίζει
2669 2591 2769 2659 οὐχ
2820 2584 2986 2658 ἦττον
3029 2588 3139 2649 τοῖς
3190 2589 3248 2650 ἐς
3297 2586 3391 2655 τὴν
3447 2584 3647 2638 ἑαυτοῦ
3699 2584 3918 2635 δίαιταν

2334 2685 2701 2757 τραπομένοις
2731 2684 2809 2714 "'
2849 2679 3061 2742 τούτοις
3099 2679 3200 2749 μὲν
3252 2680 3361 2748 γὰρ
3398 2678 3507 2731 αἰεί
3542 2694 3602 2729 τε
3652 2675 3920 2741 συγγενό⁹

2339 2795 2521 2845 μενος,
2551 2773 2949 2841 συνδιατρίὸἱειν
2987 2771 3203 2840 νύκτωρ
3234 2772 3330 2823 καὶ
3363 2770 3484 2839 μεθ’
3512 2769 3753 2838 ἡμέραν.
3786 2765 3918 2827 Τοῖς

2336 2870 2380 2922 δ’
2415 2866 2739 2934 ἀλλοφύλοις
2787 2866 2850 2918 οὐ
2896 2863 3037 2917 πάνυ
3083 2881 3167 2916 τοι
3217 2861 3452 2934 χρῆσθαι
3499 2859 3786 2929 νομίζεται
3821 2858 3921 2927 βα-

2340 2962 2514 3022 σιλέα,
2549 2960 2663 3013 ἀλλ’
2716 2960 2809 3011 ἐπὶ
2860 2957 3056 3028 βραχύ.
3090 2955 3295 3009 Τούτου
3342 2955 3398 3007 δὲ
3454 2953 3548 3007 τοῦ
3603 2952 3793 3012 παιδδς
3842 2950 3922 3019 τῷ

2338 3054 2551 3122 ἀδελφῷ
2583 3053 2769 3123 Βλάδῳ
2798 3050 3066 3120 ἐπέτρεψε
3104 3049 3366 3119 βασιλεὺς
3407 3047 3505 3117 τὴν
3541 3047 3750 3105 Δακέας
3786 3046 3920 3113 ἡγε-

2342 3150 2552 3219 μονίαν.
2583 3146 2677 3200 καὶ
2723 3144 3174 3215 συμϐαλλομένου
3223 3141 3514 3211 βασιλέως,
3567 3140 3810 3205 ἐπήλασέ
3858 3155 3921 3189 τε

661 3238 744 3290 sui
782 3229 1039 3291 custodes
1063 3234 1386 3301 designavit.
1423 3233 1628 3288 Deinde
1654 3249 1855 3288 vocans
1876 3233 2121 3301 singulos
2140 3234 2231 3301 qui

2340 3243 2434 3295 καὶ
2486 3240 2723 3308 κατέσχε
2768 3236 2871 3305 τὴν
2924 3234 3229 3306 ἠγεμονίαν
3276 3232 3475 3295 Βλάδος
3520 3233 3549 3283 6
3595 3229 3926 3300 Δρακούλεω

662 3334 716 3385 iu
744 3345 805 3385 ea
835 3330 1055 3398 regione
1078 3328 1339 3393 dignitate
1385 3328 1655 3382 excellere
1692 3327 2038 3391 videbantur,
2068 3342 2239 3395 quos-

662 3439 771 3493 que
833 3423 1079 3493 putabat,
1107 3422 1150 3475 si
1182 3423 1287 3475 dux
1355 3421 1646 3475 mutandus
1702 3429 1873 3485 esset,
1914 3420 2238 3489 proditionis

665 3517 891 3571 consilia
917 3516 1216 3585 agitaturos
1255 3530 1270 3565 :
1322 3514 1445 3578 bos,
1470 3515 1716 3582 inquam,
1750 3528 1941 3575 omnes
1974 3528 2098 3567 cum
2126 3524 2236 3568 tuta

668 3608 871 3662 familia
899 3607 1046 3661 letho
1082 3606 1231 3661 dedit
1263 3617 1317 3660 et
1348 3605 1486 3675 palis
1513 3604 1702 3667 aﬂixit,
1736 3619 1838 3660 nec
1865 3605 2077 3672 liberis,
2104 3622 2239 3659 uxo—

670 3703 822 3755 ribus
856 3699 1189 3768 famulisque
1231 3714 1423 3753 eorum
1490 3714 1746 3768 parcens.
1795 3698 1949 3753 Adeo
1999 3700 2084 3752 vir
2150 3698 2241 3753 ille

670 3796 961 3848 niaximam
977 3794 1219 3847 omnium
1238 3806 1378 3862 quos
1398 3793 1674 3854 novimus,
1694 3791 1894 3846 caedem
1923 3802 1978 3847 et
2001 3801 2236 3863 stragem

671 3888 950 3941 hominum
993 3885 1139 3940 fecit.
1174 3883 1308 3937 Nam
1355 3891 1415 3937 ut
1475 3882 1579 3937 sibi
1631 3884 2005 3940 constabiliret
2062 3885 2241 3941 Dacia:

671 3981 1055 4050 principatum,
1088 3978 1261 4033 fertur
1283 3976 1553 4033 occidisse
1580 3977 1730 4033 brevi
1750 3966 1995 4049 tempore
2021 3980 2245 4036 circiter

670 4074 859 4145 viginti
886 4073 1053 4126 millia
1082 4072 1326 4125 virorum
1365 4080 1420 4125 et
1471 4071 1761 4125 mulierum
1811 4086 2241 4144 puerorumque.

671 4169 806 4220 Cum
844 4174 1026 4219 autem
1051 4164 1308 4241 pulchros
1335 4175 1384 4217 et
1408 4164 1652 4234 egregios
1707 4166 1974 4233 quosdam
2010 4165 2245 4237 delegis-

673 4271 754 4314 set
774 4260 975 4313 milites
1006 4257 1453 4321 etsatellitcs,eos
1468 4255 1706 4311 donabat
1732 4257 1927 4326 opibus
1958 4266 2013 4313 et
2040 4259 2244 4313 divitiis

674 4366 884 4407 necnon
919 4351 1128 4419 reliqua
1161 4349 1421 4404 felicitate
1436 4364 1599 4417 quam
1628 4364 1696 4404 ex
1719 4350 1866 4404 caede
1897 4350 2115 4406 illorum
2149 4368 2243 4407 ac-

672 4444 1007 4512 quisivisset.
1041 4422 1228 4511 Itaque
1258 4441 1407 4495 brevi
1441 4452 1685 4510 tempore
1712 4444 1793 4496 vir
1812 4443 1902 4497 ille
1931 4444 2242 4499 innovatio-

673 4550 797 4589 nem
817 4544 870 4588 et
901 4536 1256 4588 mutationem
1297 4532 1469 4586 Dacia:
1494 4533 1658 4586 rebus
1690 4532 2236 4590 induxitmaximam.

672 4627 941 4682 Pratterea
970 4627 1259 4681 Pannunes
1288 4642 1393 4679 non
1419 4641 1644 4696 paucos,
1693 4643 1926 4697 quorum
1979 4632 2244 4685 interesse

676 4720 977 4790 putabatut
1008 4736 1096 4773 res
1124 4720 1302 4772 Dacia:
1331 4736 1550 4789 quoquo
1587 4720 1751 4775 modo
1781 4722 1921 4775 bene
1953 4723 2241 4791 haberent,

678 4814 810 4867 nulli
836 4813 1298 4882 parcens,trilmtu
1324 4816 1564 4866 maximo
1581 4816 1871 4869 onerabat.
1892 4815 2027 4869 Cum
2047 4820 2239 4871 crede-

680 4919 756 4959 ret
791 4905 966 4958 Daciae
992 4906 1352 4974 principatum
1381 4904 1493 4970 jam
1553 4907 1688 4960 satis
1713 4906 1927 4960 firmum
1952 4920 2007 4960 et
2066 4917 2239 4961 tutum

676 5019 819 5065 esse,
847 5001 1133 5054 cousdium
1168 5003 1438 5069 capiebat,
1480 5004 1759 5069 quomodo
1794 5002 1863 5054 ab
1891 5017 2014 5073 rege
2064 5004 2241 5057 desci-

677 5103 873 5147 sceret.
904 5092 1183 5146 Sententia
1216 5102 1395 5145 autem
1440 5091 1709 5146 Dacorum
1741 5095 1986 5165 graviter
2015 5093 2240 5149 Bladum

677 5184 929 5254 augebat.
955 5181 1203 5236 Timebat
1237 5185 1403 5246 enim,
1432 5182 1476 5235 si
1544 5181 1658 5250 ipse
1719 5183 2045 5237 confirmato
2099 5201 2244 5238 nunc

682 5277 855 5331 Daciae
878 5275 1181 5346 principatu
1211 5276 1336 5343 quid
1360 5285 1547 5328 contra
1569 5290 1746 5343 regem
1778 5275 1995 5329 molitus
2027 5276 2243 5342 fuisset,

682 5368 975 5437 utnegotia
1006 5366 1110 5423 sibi
1149 5365 1482 5419 facesserent
1518 5366 1664 5431 Daci,
1714 5366 2047 5422 adducentes
2105 5370 2249 5423 l’an-

682 5480 852 5521 nones
878 5464 1056 5519 socios
1092 5474 1144 5518 et
1172 5463 1484 5518 auxiliares.

679 5557 834 5621 αὖθις
902 5560 1012 5610 τῶν
1088 5558 1187 5624 τῆς
1216 5559 1419 5618 Δακίας
1498 5556 1705 5625 ἀνδρῶν
1756 5560 2177 5627 πρωτευόντων,

681 5654 1004 5723 συμμάχους
1031 5667 1088 5703 τε
1126 5653 1219 5703 καὶ
1252 5652 1603 5721 ἐπικούρους.

2340 3333 2490 3393 παῖς.
2540 3329 2629 3391 Ὠς
2674 3327 2731 3381 δὲ
2788 3326 2881 3377 ἐπὶ
2924 3326 3025 3395 τὴν
3073 3324 3374 3394 ἡγεμονίαν
3426 3320 3678 3390 ἀφίκετο,
3724 3320 3924 3388 πρῶτα

2346 3424 2442 3493 μὲν
2490 3421 2673 3491 ἑαυτῷ
2717 3421 3058 3490 δορυφόρους
3112 3419 3352 3470 ἐποιεῖτο
3400 3414 3494 3468 καὶ
3546 3412 3923 3481 ὀμοδιαίτουδ.

2342 3519 2490 3574 Μετὰ
2510 3520 2566 3572 δὲ
2598 3514 3100 3587 μεταπεμπόμενος
3128 3512 3225 3565 ἒνα
3260 3512 3493 3565 ’ἑκαστον
3522 3509 3630 3561 τῶν
3670 3509 3774 3576 τῆς
3819 3506 3927 3575 χώ-

2345 3632 2443 3683 ρας
2499 3611 2781 3682 ἐπιφανῶν
2831 3611 2891 3673 ὲς
2940 3610 3040 3671 τὰς
3096 3606 3204 3661 τῶν
3254 3607 3545 3676 ἡγεμόνων
3611 3604 3928 3669 μεταεολρς

2341 3706 2644 3761 δοκούντων
2673 3705 2920 3776 μετεῖναι
2948 3702 3050 3771 τῆς
3072 3699 3384 3771 προδοσίας,
3400 3696 3621 3750 πανοικὶ
3643 3696 3928 3763 διὲᾳθειίτέ

2342 3820 2401 3855 τε
2429 3804 2524 3855 καὶ
2570 3799 3012 3863 ἀνεσκολόπιξεν,
3046 3796 3211 3850 αὐτόν
3263 3812 3323 3847 τε
3372 3794 3509 3862 ἅμα,
3554 3795 3647 3846 καὶ
3700 3792 3926 3854 παῖδας,

2345 3896 2442 3949 καὶ
2482 3897 2739 3962 γυναῖκα,
2774 3894 2872 3945 καὶ
2912 3890 3278 3961 θεράποντας.
3314 3887 3481 3939 Ὥστε
3516 3886 3688 3954 ἄνδρα
3734 3883 3929 3935 ’τοῦτον

2344 3988 2442 4042 ἕνα
2495 3985 2588 4039 ἐπὶ
2636 3984 2783 4053 μέγα
2830 3983 2893 4050 δὴ
2950 3983 3114 4051 φόνου
3163 3980 3372 4050 ἀνδρῶν
3417 3973 3493 4032 ὧν
3546 3979 3708 4047 ἡμεῖς
3744 3977 3927 4045 ἴσμεν,

2347 4081 2537 4132 ἐλάσαι
2580 4077 2920 4146 ἐπυθόμεθα.
2974 4076 3140 4127 Ὥστε
3190 4076 3300 4144 γάρ
3348 4074 3397 4125 οἱ
3448 4072 3770 4140 ἐμπεδῶσαι
3828 4072 3935 4139 τὴν

2347 4171 2670 4243 ἡγεμονίαν,
2726 4170 2935 4223 ἀνελεῖν
2985 4169 3151 4221 αὐτόν
3207 4184 3373 4236 φασιν
3450 4166 3653 4234 ἄνδρας
3710 4182 3771 4215 τε
3837 4164 3935 4216 καί

2350 4268 2636 4333 γυναῖκας,
2674 4267 2769 4317 καὶ
2803 4262 3002 4323 παῖδας
3041 4260 3224 4326 ὀλίγον
3270 4260 3392 4314 τινὰ
3421 4261 3612 4329 χρόνον
3645 4260 3703 4320 ἐς
3732 4258 3934 4323 δισμυ-

2353 4362 2524 4430 ρίους,
2557 4357 2904 4411 καθιστῶνται
2956 4354 3012 4406 δὲ
3067 4353 3264 4415 καλούς
3306 4356 3345 4385 ⁷³
3390 4370 3541 4413 τινας
3573 4354 3725 4421 αὐτῷ
3758 4368 3932 4418 στρα-

2348 4451 2571 4516 τιώτας,
2615 4453 2709 4503 καὶ
2753 4449 3105 4518 δορυφόρους.
3156 4445 3366 4507 τούτοις
3428 4445 3687 4513 ἐδωρεῖτο
3733 4445 3847 4506 τοῖς
3888 4443 3934 4474 ⁸⁸

2353 4546 2459 4598 ἀπὸ
2507 4546 2619 4597 τῶν
2663 4542 3011 4612 γιγνομένων
3055 4534 3304 4608 χρήμασί
3352 4557 3411 4591 τε
3464 4540 3560 4592 καὶ
3613 4537 3780 4607 δλϐῳ,
3834 4540 3934 4589 καὶ

2356 4643 2426 4710 τῇ
2477 4639 2615 4709 ἄλλῃ
2667 4633 3179 4703 εύδαιμονίᾳ,ὦστε
3237 4634 3323 4684 διὰ
3371 4632 3601 4703 βραχέος
3640 4633 3733 4684 ἐπὶ
3792 4633 3938 4701 μέγα

2359 4727 2654 4799 ἀφικέσθαι
2691 4725 3018 4795 μεταϐολῆς,
3052 4725 3145 4776 καὶ
3177 4722 3647 4793 καινοτομηθῆναι
3684 4724 3831 4776 πάνυ
3866 4728 3938 4775 τά

2360 4820 2559 4880 Δακεας
2626 4818 2933 4886 πράγματα
2986 4816 3089 4866 ὑπὸ
3145 4814 3345 4867 τούτου
3397 4813 3490 4867 τοῦ
3542 4815 3777 4883 ἀνδρῦς,
3839 4816 3938 4865 καὶ

2359 4912 2592 4972 Παέονάς
2628 4926 2687 4961 τε
2728 4909 2826 4959 οὐκ
2854 4907 3091 4975 ὀλίγους,
3120 4901 3201 4969 οἷς
3239 4910 3485 4974 μετεῖναι
3522 4907 3701 4959 ἐδόκει
3725 4909 3937 4977 ὁτῳοῦν

2356 5004 2463 5056 τῶν
2522 5002 2885 5070 πραγμάτων,
2922 5002 3016 5053 καὶ
3068 5004 3262 5052 τούτου
3313 5000 3530 5061 οὐδενὸς
3590 5001 3937 5069 φειδόμενος,

2357 5098 2524 5166 φόρον
2554 5094 2596 5125 ⁸⁸
2629 5094 2686 5146 δὲ
2724 5092 2981 5161 μέγιστον
3011 5090 3321 5159 εἰργάζετο.
3372 5092 3457 5153 Ὠς
3489 5091 3591 5159 μὲν
3642 5090 3739 5144 οὖν
3785 5093 3940 5160 αὐτῷ

2357 5190 2529 5241 ἐδόκει
2563 5186 2820 5253 ἀσφαλῶς
2856 5185 2998 5253 ἔχειν
3050 5190 3119 5236 τά
3168 5186 3371 5246 Δακίας
3415 5185 3739 5256 πράγματα,
3778 5186 3937 5237 €66.-

2359 5282 2552 5348 3.513610.
2588 5279 2888 5331 ἀπόστασιν
2933 5277 3041 5329 ἀπὶ
3096 5278 3189 5329 τοῦ
3239 5278 3529 5347 βασιλέως.
3579 5278 3941 5347 Ἐτιμωρεῐτο

2364 5376 2546 5443 μέντοι
2571 5371 2694 5431 τοὺς
2722 5369 2918 5435 ἄνδρας
2955 5369 3177 5431 τούτους
3203 5368 3397 5442 γνώμῃ
3420 5369 3514 5421 τοῦ
3545 5370 3839 5439 βασιλέως,
3861 5372 3938 5432 ὡς

2345 5475 2409 5526 ἂν
2436 5464 2586 5534 αὐτῷ
2621 5464 2884 5533 κρατύνοι
2924 5466 3020 5532 τὴν
3054 5463 3249 5533 ἀρχὴν,
3284 5465 3379 5516 καὶ
3414 5465 3490 5534 μὴ
3539 5465 3938 5533 μεταστάντων

2261 5569 2563 5637 πράγματα
2622 5558 2758 5627 ἔχοι,
2826 5561 3197 5628 ἐπειγομένων
3226 5561 3271 5592 θ’
3321 5560 3504 5615 αὐτῶν
3524 5560 3651 5623 τοὺς
3698 5560 3939 5623 Παίονας

1937 5754 2184 5816 Notulze
2217 5754 2617 5832 t'uarginales.

752 5856 798 5887 ⁷⁸
828 5855 893 5908 In
922 5873 1047 5922 uno,
1082 5855 1387 5908 πείθεσθαι.

688 5930 1005 6003 γινομένωῂξ,
1077 5926 1120 5958 ἰ
1160 5926 1222 5981 In
1254 5942 1361 5979 uno
1394 5926 1810 5995 superscripta»:
1844 5927 2022 5994 φόνον.

878 5990 1017 6119 ἦ

1460 5854 1506 5887 ⁷⁵
1529 5852 1743 5929 lutatio,
1789 5856 1969 5908 ἵασαν.
2050 5859 2093 5889 ⁷⁷
2126 5861 2452 5929 ἐκέκρυπτο.

2103 5930 2147 5961 δ’
2182 5931 2244 5982 lt’.
2282 5935 2445 5997 ἐπαγ.

2534 5862 2576 5891 ⁷⁸
2612 5863 3027 5932 τετραμμένοις.
3115 5865 3157 5896 ⁷³
3180 5863 3405 5924 ἄλλους.
3446 5861 3491 5893 ⁸⁸
3520 5866 3627 5927 toi;
3653 5862 3764 5916 τῶν
3792 5862 3933 5913 ἀπο-
