4180 6434
245 402 345 470 497

1304 409 1402 467 ΒΕ
1445 407 1695 467 HEBUS
1733 407 2095 466 TURCICIS
2132 407 2281 471 LIB.
2320 410 2417 469 lX.

3388 397 3497 461 498

244 522 477 589 σάμενον
520 518 627 572 ἀπὸ
670 519 932 587 βασιλέως
976 519 1066 570 τὸν
1112 520 1476 590 πορθμὸν,οὲς
1520 522 1817 593 τριάκοντα

1937 535 2052 587 apes
2086 522 2351 577 maximas
2373 537 2494 577 esse
2528 523 2786 576 lucratos.
2822 522 2924 576 Per
2951 519 3317 576 continentem
3345 518 3501 571 dein-

246 611 510 683 μυριάδας
550 611 776 682 χρυσίου
823 611 1119 682 στατῆρας,
1163 612 1380 681 λέγεται
1422 615 1680 684 χρήματα
1725 626 1819 681 με·

244 704 383 770 γάλα
417 702 697 774 κερδᾶναι.
728 702 882 757 Μετὰ
916 704 1013 774 τὴν
1047 705 1277 776 ἦπειρον
1308 706 1337 757 ό
1371 704 1604 775 στρατὸς
1636 702 1819 775 ὁρμώ-

246 814 407 864 μενος
435 798 542 849 ἁπδ
568 796 1073 862 Φιλιππουπόλεως,
1103 797 1247 850 κατὰ
1274 797 1332 850 δέ
1360 797 1656 859 θάλατταν,
1686 796 1821 864 πλη-

246 888 432 957 ρώσας
464 889 711 959 τριήρεις
750 889 897 958 άμςρὶ
929 889 1028 952 τάς
1069 888 1142 955 κ’,
1178 892 1271 942 καὶ
1311 896 1374 954 ε’,
1408 888 1503 942 καὶ
1542 888 1703 941 πλοῖα
1743 889 1823 947 είς

246 981 442 1033 ἐκατδν
468 983 561 1033 καὶ
592 981 950 1050 πεντήκοντα,
978 980 1276 1048 ἐπορεύετο
1303 979 1434 1033 εὐθὺ
1459 978 1552 1031 τοῦ
1578 980 1822 1047 Ἴστρου,

244 1072 322 1135 ὡς
373 1073 763 1143 διαϐησόμενος
813 1074 901 1127 διὰ
950 1076 1048 1142 τῆς
1107 1074 1321 1143 Βιδίνης
1348 1074 1416 1129 ⁸⁷.
1466 1074 1715 1127 Ἐκέλευε
1768 1072 1823 1125 δέ

244 1166 436 1218 πλέειν
463 1165 637 1219 ταῦτα
666 1167 739 1219 τά
766 1167 926 1221 πλοῖα
958 1168 1048 1221 διὰ
1075 1166 1171 1221 τοῦ
1209 1168 1464 1231 Εὐξείνου
1499 1168 1695 1219 πόντου
1734 1168 1825 1219 ἐπὶ

244 1255 338 1308 τὸν
368 1256 599 1327 Ἴστρον.
631 1258 742 1312 Καὶ
772 1261 801 1311 ὁ
834 1259 1049 1321 στόλος,
1081 1259 1157 1320 ὼς
1187 1258 1495 1311 ἐνετέλλετο
1530 1258 1788 1329 βασιλεὺς
1808 1295 1825 1322 ,

244 1349 335 1401 διὰ
374 1348 469 1402 τοῦ
518 1349 722 1405 Πόντου
767 1350 997 1404 ἐπέπλει
1042 1353 1099 1415 ἐς
1141 1353 1202 1403 τὸ
1241 1350 1336 1403 τοῦ
1367 1353 1583 1421 Ἴστρου
1630 1350 1825 1421 στόμα.

248 1445 361 1495 Καὶ
390 1444 465 1507 ὡς
493 1446 550 1509 ἐς
578 1445 639 1498 τὸ
671 1437 1126 1517 στόμαέγένετο,
1156 1446 1388 1516 ἀνήγετο
1418 1447 1511 1499 ἐπὶ
1537 1444 1631 1496 τοῦ
1665 1461 1830 1497 ποτα-

250 1538 355 1605 μοῦ
399 1539 490 1591 ἐπὶ
526 1539 625 1610 τὴν
658 1539 910 1611 Βιδήνην.
952 1539 1059 1593 Καί
1101 1556 1191 1591 ποι
1231 1542 1327 1593 καλ⁸
1366 1538 1635 1592 ἀπόϐασιν
1670 1554 1829 1605 ποιη-

249 1632 489 1699 σάμενος
531 1633 560 1685 ό
609 1632 815 1699 στόλος,
867 1633 967 1695 τάς
1013 1650 1070 1685 τε
1121 1633 1299 1695 οἰκίας
1347 1631 1686 1701 ἐνεπίμπρα,
1737 1632 1832 1683 καὶ

250 1726 401 1776 ἔκαιε
433 1724 534 1795 τὴν
562 1742 618 1778 τε
655 1724 966 1797 Πρατλασον
997 1726 1154 1780 πὸλιν
1182 1726 1292 1779 τῶν
1320 1724 1512 1779 Δακῶν
1536 1763 1550 1787 ,
1584 1726 1641 1778 ἐν
1739 1724 1833 1775 καὶ

252 1819 461 1887 ἀγοράν
514 1819 847 1888 παρέχονται
896 1818 1093 1889 βελτίω
1142 1818 1374 1874 ἁπασῶν
1398 1818 1445 1851 ³⁸
1493 1818 1601 1870 τῶν
1650 1820 1708 1870 ἐν
1757 1820 1822 1888 τῇ

252 1874 440 1982 χῷῥᾳ,
478 1874 606 1982 πῦρ.
630 1874 909 1979 ἐλέντεςί
932 1914 1264 1983 ἐνέπρησαν.
1303 1914 1423 1966 Εἰσὶ
1459 1912 1516 1965 δέ
1556 1913 1613 1965 al
1653 1874 1821 1966 οίκίαί
1856 1874 1897 1930 Β

254 2004 468 2065 ξύλιναι
489 2047 504 2066 ,
535 2004 609 2066 ὡς
638 2005 700 2058 τὸ
727 2006 952 2059 ἐπίπαν.
983 2007 1159 2070 Δᾶκες
1189 2008 1297 2077 γὰρ
1327 2006 1402 2069 ὡς
1433 2004 1693 2058 ἐπύθοντο
1725 2006 1823 2076 βα-

255 2098 409 2149 σιλέα
437 2097 651 2151 ἐπιέναι
676 2100 767 2152 ἐπὶ
790 2101 953 2165 σφᾶς,
977 2099 1075 2161 τὰς
1102 2101 1200 2171 μὲν
1223 2103 1483 2169 γυναῖκας
1510 2100 1605 2153 καὶ
1630 2099 1824 2161 παῖδας

256 2191 608 2258 ὑπεξέθεντο,
638 2192 737 2255 τὰς
767 2192 867 2262 μέν
893 2193 948 2257 ἐς
979 2193 1039 2246 τὸ
1066 2193 1192 2264 ὅρος
1218 2195 1279 2246 τὸ
1310 2193 1614 2265 Πράσοϐον.
1640 2193 1740 2257 τὰς
1769 2193 1821 2245 δὲ

254 2286 314 2345 ἐς
336 2284 383 2315 ’⁸
414 2283 696 2354 πολίχνην,
726 2283 966 2354 τοῦνομα
989 2286 1004 2316 ¹
1038 2285 1097 2347 ἐς
1124 2285 1192 2355 ἢν
1219 2285 1405 2357 κύκλῳ
1432 2284 1685 2357 περιιὼν,
1714 2287 1828 2338 ἐνε-

255 2376 415 2445 τήρει
439 2376 533 2429 καὶ
555 2376 818 2444 ἐφύλαττε
839 2392 854 2406 ·
878 2375 975 2427 καὶ
998 2374 1055 2429 τὸ
1076 2374 1195 2439 ἐλος
1221 2377 1546 2448 ἐχυρότατον
1570 2379 1825 2439 ἐποιεῖτο,

258 2471 353 2520 καὶ
384 2470 442 2521 ἐν
469 2469 705 2538 ἀσφαλεῖ
732 2469 1029 2541 καθίστησι
1062 2469 1296 2538 μάλιστα
1317 2485 1333 2502 ·
1361 2471 1462 2533 τὰς
1490 2470 1536 2522 δ’
1555 2466 1622 2524 αὖ
1648 2472 1743 2523 καὶ
1773 2473 1829 2533 ἐς

256 2563 391 2626 τοὺς
420 2562 733 2633 δρυμῶνας,
763 2561 858 2626 οὓς
890 2563 1123 2633 χαλεπόν
1151 2564 1263 2617 ἐστι
1292 2563 1484 2617 διιέναι
1517 2563 1672 2634 ἀνδρὶ
1700 2565 1830 2633 ἐπή-

259 2655 411 2717 λυὸι,
446 2655 541 2708 καὶ
573 2653 649 2723 μὴ
680 2653 961 2725 ἐπιχωρίῳ
983 2670 998 2685 ·
1031 2656 1356 2709 πυκνότατοι
1383 2657 1489 2729 γὰρ
1520 2656 1706 2722 ὄντες,
1739 2658 1831 2709 καὶ

260 2746 503 2814 δένδροις
538 2746 1077 2816 καταπεφυτευμένοι
1110 2750 1365 2811 πυκνοῖς,
1396 2749 1471 2811 ὡς
1499 2748 1699 2818 ἥκιστα
1730 2767 1831 2801 πα-

264 2839 515 2907 ρέχονται
553 2840 645 2892 διὰ
683 2840 880 2895 πολλοῦ
922 2843 1150 2911 βάσιμον
1183 2841 1281 2912 τὴν
1314 2840 1543 2896 εἴσοδον.
1582 2842 1693 2904 Τάς
1734 2841 1832 2910 μὲν

260 2926 359 2984 οὖν
394 2934 663 2999 γυναῖκας
694 2933 793 2986 καὶ
828 2934 1025 2999 παῖδας
1056 2934 1229 2996 οὓτως
1261 2934 1506 2999 ἐξέθεντο
1530 2950 1545 2965 ⁸
1581 2934 1737 2986 αὐτοὶ
1776 2933 1833 2986 δὲ

263 3021 750 3090 συναθροισθέντες
783 3025 838 3086 ἐς
866 3024 925 3075 τὸ
954 3023 1107 3087 αὐτὸ,
1137 3024 1353 3076 εἵποντο
1385 3024 1570 3093 Βλάδῳ
1602 3022 1679 3093 τῷ
1708 3024 1835 3092 ἠγε-

264 3119 417 3186 μόνι.
446 3116 556 3168 Καὶ
586 3118 643 3179 ἐς
669 3115 764 3168 δύο
794 3116 988 3187 μοίρας
1019 3116 1419 3185 ἐπιδιελόμενος
1446 3116 1539 3168 τὸν
1569 3115 1796 3183 στρατὶν
1815 3153 1831 3178 ,

1923 612 1988 665 de
2017 614 2294 669 exercitus
2325 614 2598 683 profectus
2626 623 2709 669 est
2740 614 2806 667 ab
2846 611 3230 682 Plrilippopoli.
3264 609 3501 679 lmplens

1922 718 2050 755 vero
2076 705 2322 759 triremes
2378 707 2600 761 circiter
2669 706 2855 776 viginti
2915 706 3173 776 quinque,
3225 711 3279 756 et
3334 716 3500 755 naves

1924 793 2139 849 circiter
2163 808 2381 850 centum
2418 806 2469 849 et
2506 797 2923 867 quinquaginta,
2974 796 3109 849 mari
3164 803 3310 849 recta
3372 790 3502 845 sub-

1925 899 2111 942 vectus
2142 898 2225 942 est
2254 891 2319 942 ad
2344 886 2562 954 lstrurn,
2596 890 2754 959 quasi
2783 891 2885 943 iter
2930 888 3173 943 facturus
3210 902 3303 954 per
3342 886 3500 938 Bide-

1927 994 2073 1034 nam.
2115 979 2289 1036 Jussit
2340 990 2517 1036 tamen
2583 994 2639 1036 ιιι
2693 985 2808 1037 istae
2859 997 3025 1035 naves
3081 997 3172 1048 per
3228 979 3499 1032 Euxinum

1928 1084 2153 1141 pontum
2186 1073 2253 1126 ad
2291 1058 2487 1127 l'strunt
2507 1076 2916 1128 contenderent.
2944 1074 3006 1127 Et
3037 1073 3255 1141 quidem
3280 1068 3500 1131 classis,

1929 1167 2385 1234 quemadmodum
2426 1176 2759 1236 prmeeperat
2806 1182 2920 1230 rex,
2972 1181 3066 1234 per
3100 1165 3329 1218 Pontum
3368 1166 3505 1217 ferc-

1929 1258 2091 1312 batnr
2127 1260 2180 1313 in
2214 1258 2332 1314 lstri
2358 1260 2582 1316 ostium.
2610 1258 2708 1314 Ubi
2737 1260 2862 1314 lstri
2892 1275 3045 1315 oram
3078 1258 3280 1327 attigit,
3312 1260 3506 1311 adver-

1932 1366 1993 1403 so
2030 1352 2249 1405 flumine
2309 1352 2581 1420 navigavit
2643 1352 2933 1406 Bidenam:
2996 1352 3309 1421 ubicunque
3358 1366 3509 1420 egre-

1931 1444 2219 1498 diebantur
2248 1444 2498 1507 navibus,
2564 1446 2926 1500 incendebant
2965 1444 3213 1508 aedificia,
3262 1452 3315 1498 et
3363 1458 3511 1497 coru-

1932 1536 2221 1592 burebant.
2249 1536 2561 1593 Prailabum
2605 1541 2792 1595 urbem
2849 1541 3286 1608 Dacorum,qu:e
3345 1538 3513 1591 totius

1933 1630 2111 1684 Daciae
2142 1632 2320 1685 forum
2376 1642 2495 1686 erat
2525 1632 2967 1697 celeberrimum,
3004 1634 3202 1701 injecto
3238 1633 3361 1702 igne
3384 1646 3511 1684 con-

1934 1732 2271 1778 cremarunt.
2334 1724 2603 1795 Pleraque
2638 1736 2817 1780 autem
2855 1726 3016 1781 istius
3065 1726 3301 1794 regionis
3343 1723 3511 1777 aedili-

1936 1816 2017 1867 cia
2049 1815 2221 1885 lignea
2257 1825 2409 1882 sunt,
2456 1816 2582 1871 hinc
2612 1816 2777 1888 269
2802 1817 2858 1870 lit
2926 1825 2983 1870 ut
3024 1815 3178 1869 facile
3215 1815 3391 1882 ignem
3422 1814 3512 1866 ad-

1930 1908 2168 1963 mittant.
2193 1908 2323 1963 Daci
2344 1908 2439 1963 ubi
2460 1918 2789 1979 acceperunt
2829 1924 3010 1980 regem
3044 1924 3168 1963 cum
3216 1907 3391 1973 copiis
3418 1907 3507 1958 ad-

1930 2017 2146 2056 versum
2176 2018 2236 2057 se
2285 2018 2530 2073 pergere,
2581 2003 2781 2058 liberos
2827 2013 2881 2057 et
2930 2019 3129 2058 uxores
3176 2001 3513 2055 cullovat'ttnt

1929 2096 2193 2163 quasdam
2213 2096 2265 2150 in
2290 2108 2529 2152 montem
2549 2097 2876 2161 Prasobum,
2899 2099 3163 2166 quasdam
3186 2099 3239 2151 in
3281 2097 3512 2165 oppidu—

1931 2191 2036 2243 lum
2055 2190 2273 2246 nomine
2292 2228 2309 2245 ρ
2337 2228 2385 2245 ..
2410 2231 2423 2245 .
2451 2190 2595 2259 quod
2619 2192 2825 2245 circulo
2839 2193 3004 2244 reluti
3036 2190 3368 2245 circumiens
3395 2206 3511 2240 tun-

1931 2285 2113 2336 niebat
2134 2294 2187 2338 et
2217 2283 2771 2339 custodiebat.Etiam
2814 2287 2965 2352 palus
2989 2285 3103 2339 sive
3157 2286 3309 2338 lacus
3366 2284 3514 2351 pain.

1932 2380 2057 2433 :tris
2076 2378 2129 2432 id
2150 2378 2465 2448 oppidulum
2485 2378 2566 2433 vel
2585 2379 2640 2432 in
2665 2378 2854 2446 primis
2871 2387 2925 2433 et
2945 2379 3281 2432 tutissimum
3310 2385 3363 2431 et
3397 2392 3514 2428 tnu-

1930 2472 2258 2526 nitissimum
2298 2474 2608 2541 praestabat.
2647 2470 2920 2538 Quasdam
2963 2482 3220 2540 praeterea
3263 2470 3516 2523 abdidere

1932 2563 1985 2617 in
2029 2573 2289 2632 querceta
2336 2564 2598 2632 regionis,
2631 2578 2754 2633 qua:
2785 2564 3017 2617 transire
3046 2562 3261 2618 dilIicile
3295 2571 3375 2615 est
3402 2561 3517 2613 viru

1932 2654 2240 2724 peregrino,
2277 2655 2372 2723 qui
2406 2671 2509 2709 non
2542 2657 2613 2710 sit
2668 2656 2947 2727 indigena.
2980 2655 3315 2711 Denslssima
3371 2653 3516 2707 enim

1934 2757 2083 2811 sunt,
2123 2756 2176 2800 et
2208 2748 2494 2803 arboribus
2520 2748 2729 2803 consita
2754 2750 2964 2814 densis,
2998 2748 3319 2818 plerumque
3372 2747 3517 2800 inac-

1934 2858 2085 2897 ccsca
2136 2846 2355 2899 ctinvia
2404 2858 2555 2899 sunt.
2606 2845 2861 2901 Mulieres
2915 2848 3134 2911 quidem
3195 2853 3248 2899 et
3297 2845 3519 2905 liberos,

1935 2936 2396 3001 quemadmodum
2429 2939 2565 3001 dixi,
2606 2938 2660 2992 in
2689 2939 2802 2993 loca
2840 2949 2951 2993 tuta
3000 2950 3344 2994 contraxere.
3411 2935 3519 2987 \‘iri

1937 3040 2065 3079 vero
2092 3026 2147 3081 in
2181 3043 2348 3082 unum
2375 3029 2617 3094 collecti,
2652 3030 3022 3099 sequebantur
3045 3028 3270 3082 Blntlum
3303 3030 3516 3082 ducem:

1938 3118 2043 3182 qui,
2068 3132 2362 3175 secernens
2388 3126 2707 3176 universum
2730 3124 3031 3177 exercitum
3059 3124 3112 3176 in
3143 3122 3278 3175 duas
3320 3130 3522 3190 partes,

262 3213 361 3264 τὸν
389 3210 493 3280 μὲν
517 3207 629 3278 εἶχε
656 3208 787 3279 παρ’
809 3210 1007 3279 ἐαυτῷ,
1033 3209 1123 3263 τὸν
1148 3209 1205 3262 δέ
1234 3210 1480 3279 ἔπεμπεν
1505 3210 1595 3262 ἐπὶ
1621 3208 1711 3262 τδν
1736 3208 1832 3275 τῆς

1941 3209 2165 3264 alteram
2194 3211 2413 3282 quidem
2466 3214 2580 3281 ipse
2606 3216 2861 3279 detinuit,
2896 3215 3121 3268 alteram
3148 3230 3277 3267 vero
3307 3215 3385 3267 ire
3408 3213 3519 3283 jus-

266 3306 535 3377 μελαίνης
566 3304 864 3372 Πογδανίας
892 3304 1155 3374 ἡγεμόνα.
1184 3303 1273 3367 '0;
1299 3304 1366 3371 ἢν
1391 3302 1641 3355 ἐσϐαλεῖν
1658 3303 1678 3332 ³
1703 3302 1843 3353 ἐκεῖο

262 3416 357 3461 νος
395 3398 1000 3468 πειρῷτο,άμυνόμενοι
1039 3396 1113 3467 μὴ
1145 3396 1463 3466 περιίδωσιν
1494 3395 1844 3457 ἐσϐαλόντες⁸

265 3493 328 3553 ἐς
361 3491 464 3559 τὴν
495 3490 701 3560 χώραν.
741 3489 800 3545 '0
833 3491 940 3559 γὰρ
971 3490 1070 3559 τῆς
1107 3490 1367 3561 μελαίνης
1395 3489 1601 3556 ταύτης
1633 3490 1847 3557 Πογδα-

264 3584 391 3646 νίας
433 3583 691 3652 ἡγεμὼν,
727 3582 1059 3651 διενεχθεὶς,
1095 3583 1356 3652 ἐπολέμει
1386 3582 1464 3652 τῷ
1506 3583 1695 3651 Βλάδῳ
1738 3583 1847 3635 ἀπὸ

264 3676 452 3736 αἰτίας
482 3673 719 3739 τοιᾶσδε,
753 3676 843 3726 καὶ
874 3674 1135 3743 πρέσϐεις
1168 3676 1404 3744 πέμπων
1432 3674 1584 3748 παρὰ
1618 3674 1845 3746 βασιλέα

265 3767 597 3839 Μιχμέτην,
622 3768 959 3831 ἐπεκαλεῖτο,
988 3771 1083 3823 καί
1117 3769 1452 3841 συνάρασθαι
1484 3773 1540 3836 ἐς
1564 3771 1656 3826 τδν
1683 3772 1844 3827 πόλε-

271 3877 380 3930 μον
416 3859 657 3927 ιφαοκεν
689 3859 904 3929 ἐτοιμος
948 3854 1108 3914 εἶναι.
1146 3860 1413 3927 Βασιλεὺς
1457 3862 1553 3934 μιν
1584 3858 1679 3917 οὖν
1712 3865 1845 3934 ὴρέ-

272 3952 443 4006 σκετό
471 3966 533 4006 το
564 3952 677 4016 τοῖς
708 3950 802 4006 τοῦ
834 3952 1100 4022 ἡγεμόνος
1130 3952 1323 4007 τούτου
1356 3953 1557 4023 λόγοις,
1594 3957 1688 4010 καὶ
1721 3957 1844 4011 ἐκέ·

268 4046 436 4100 λευεν
456 4044 596 4099 οὕτω
617 4048 793 4099 ποιεῖν
810 4044 899 4099 τὸν
923 4044 1113 4100 ἐαυτοῦ
1136 4045 1442 4115 στρατηγὸν
1463 4048 1845 4117 συμμίσγοντα

270 4138 355 4205 τῷ
387 4138 642 4207 ναυάρχῳ
672 4138 727 4197 ἐς
758 4137 849 4189 τὸν
877 4136 1148 4203 ποταμὸν,
1182 4135 1490 4205 πολιορκεῖν
1517 4135 1578 4187 τὸ
1609 4138 1801 4190 Κελίον
1825 4142 1844 4169 ⁸

273 4231 439 4283 πόλιν
470 4229 613 4283 οὕτω
648 4229 993 4298 καλουμένην
1023 4228 1114 4282 τοῦ
1148 4228 1349 4282 Βλάδου
1386 4230 1476 4281 ἐπὶ
1506 4228 1583 4299 τῷ
1620 4230 1844 4298 στόματι

270 4320 373 4371 τοῦ
428 4319 695 4388 ποταμοῦ.
741 4319 802 4371 '0
855 4320 1034 4388 μέντοι
1088 4318 1311 4389 ἡγεμὼν
1357 4316 1530 4382 οὗτος,
1584 4322 1844 4385 συλλέξας

275 4411 598 4481 στράτευμα
617 4412 724 4465 ἀπὸ
744 4413 839 4479 τῆς
864 4412 1067 4482 χώρας,
1089 4412 1197 4464 ἵετο
1218 4414 1308 4464 ἐπὶ
1328 4412 1419 4466 τὸν
1442 4413 1705 4481 βασιλέως
1730 4416 1847 4467 στό-

1954 3305 2026 3357 sit
2052 3316 2241 3359 contra
2259 3303 2435 3375 Nigrae
2468 3304 2760 3375 Pegdania:
2784 3307 2897 3379 (95)
2928 3308 3224 3375 principem
3254 3326 3266 3361 :
3296 3317 3355 3359 ut
3390 3309 3434 3359 si
3480 3310 3522 3361 is

1952 3398 2310 3455 conareturin
2332 3398 2548 3455 Daciam
2570 3401 2797 3466 irruere,
2825 3400 3038 3454 fortiter
3070 3402 3405 3465 resisterent,
3426 3418 3522 3455 nec

1949 3491 2259 3547 omitterent
2286 3493 2337 3547 in
2366 3493 2487 3563 ejus
2517 3494 2792 3564 regionem
2850 3493 3099 3548 hostilem
3146 3495 3518 3548 lncursium-m

1954 3585 2159 3639 facere.
2198 3583 2332 3638 Nam
2360 3587 2664 3640 inimicitia:
2692 3588 3117 3641 intercesserant
3170 3588 3310 3639 inter
3348 3585 3523 3654 Nigra:

1950 3676 2237 3749 Pogdaniae
2253 3678 2578 3749 principem,
2605 3688 2658 3735 et
2679 3677 2929 3733 Bladum.
2955 3676 3301 3749 Quapmpter
3322 3678 3521 3733 bellum

1949 3771 2001 3826 iu
2011 3782 2092 3830 ter
2108 3772 2256 3843 ipsos
2280 3771 2704 3844 ardebat.Cujus
2719 3775 2833 3829 hac
2849 3786 3013 3828 causa
3034 3769 3525 3844 perbibetur.Priu-

1946 3879 2076 3936 cepe
2120 3862 2296 3938 Nigra
2321 3864 2611 3939 Pogdanla:
2629 3864 2816 3923 mlssis
2844 3864 3060 3936 legatis.
3090 3863 3413 3920 hortabatur
3435 3879 3523 3919 re-

1948 3970 2064 4025 gem
2086 3955 2441 4013 Mechmetem
2460 3957 2527 4014 ad
2548 3957 2746 4013 bellum
2770 3955 3110 4015 lnferendum
3131 3954 3296 4011 Biado
3327 3973 3341 4011 :
3361 3972 3521 4027 quem

1946 4061 2056 4112 quo
2100 4048 2274 4116 magis
2312 4053 2577 4111 moveret,
2602 4045 2961 4114 pollicebatur
2977 4060 3036 4099 se
3058 4059 3186 4099 suae
3205 4044 3390 4112 cepias
3410 4057 3525 4109 ejus

1946 4137 2119 4204 copiis
2136 4135 2474 4203 iuncturum.
2496 4132 2627 4203 Regi
2650 4144 2798 4200 grata
2818 4138 2975 4188 erant
2995 4148 3116 4201 qua:
3141 4133 3399 4201 princeps
3422 4132 3525 4187 iste

1948 4226 2227 4282 afferebat.
2251 4224 2483 4280 Proinde
2506 4225 2669 4293 jussit
2694 4236 2751 4278 ut
2773 4224 3042 4292 promissa
3072 4225 3135 4277 ad
3170 4239 3281 4277 rem
3308 4224 3524 4278 confer-

1949 4327 2049 4381 ret,
2089 4324 2142 4371 et
2189 4315 2487 4369 exercitum
2506 4329 2665 4368 suum
2685 4314 3196 4369 adderetnavarclto
3228 4330 3392 4383 prope
3426 4315 3525 4366 flu-

1950 4424 2091 4475 men,
2112 4416 2165 4463 et
2187 4408 2378 4476 juneto
2402 4406 2571 4460 Marte
2592 4406 2901 4460 obsiderent
2924 4407 3130 4461 Celium
3155 4406 3343 4460 urbem
3371 4405 3523 4459 [lladi

271 4506 369 4556 λον
393 4504 525 4557 εὐθὺ
548 4507 643 4569 τῆς
674 4505 864 4556 Κελίου
894 4504 1119 4568 πόλεως,
1145 4506 1435 4574 συμμίξων
1458 4506 1537 4575 τῷ
1560 4508 1838 4577 ναυάρχῳ.

1954 4506 2035 4556 sic
2058 4502 2283 4566 dictam,
2308 4510 2361 4556 et
2381 4502 2432 4554 in
2456 4515 2550 4555 ora
2579 4499 2817 4554 fluminis
2843 4500 3024 4553 sitam.
3043 4500 3110 4552 At
3130 4499 3380 4568 princeps
3406 4498 3519 4563 ille,

270 4599 392 4651 Kal.
428 4597 550 4649 ἐπεί
584 4613 643 4649 τε
684 4598 977 4665 συνέμισγε
1013 4598 1090 4667 τῷ
1133 4599 1397 4666 βασιλέως
1436 4602 1685 4671 στρατῷ,
1725 4603 1852 4653 ἐπο-

270 4690 537 4756 ).ιόρκ;υν
583 4690 881 4757 ἀμφότεροι
921 4689 1020 4758 τὴν
1064 4690 1235 4749 πόλιν.
1278 4691 1372 4742 καὶ
1413 4691 1851 4759 προδὰλλοντες³

269 4780 380 4832 ἐπὶ
424 4781 636 4849 ἡμέρας
679 4781 898 4847 συχνὰς,
944 4777 1399 4850 ἐξεκρούσθησαν,
1446 4783 1537 4835 καὶ
1581 4783 1854 4836 ἁπέὸαλον

267 4870 501 4936 ὀλίγους
528 4870 699 4929 τινάς.
733 4867 819 4929 Ὠς
846 4867 892 4921 δ’
914 4867 974 4919 οὐ
1010 4870 1313 4938 προεχώρει
1341 4870 1375 4938 ἠ
1406 4868 1502 4939 τῆς
1534 4869 1739 4931 πόλεως
1774 4869 1853 4922 αἴ·

271 4977 440 5030 ρεσις
465 5001 478 5019 ,
515 4959 837 5029 ἀπεχώρουν
871 4959 970 5028 ἤδη
1012 4959 1287 5027 ἑκάτεροι.
1323 4959 1382 5013 Ὀ
1424 4962 1525 5032 μὲν
1556 4960 1650 5015 οὖν
1688 4964 1852 5032 μέλας

270 5052 565 5119 Πόγδανος
586 5053 607 5083 ⁸
636 5052 754 5122 grav
782 5051 947 5120 ὁμόσε
970 5089 987 5115 ,
1016 5051 1089 5114 ὡς
1125 5051 1371 5106 ἐσϐαλὼν
1401 5056 1458 5116 ἐς
1485 5056 1584 5122 τὴν
1611 5059 1719 5109 τῶν
1750 5059 1853 5108 Δα-

267 5148 403 5198 κῶν
438 5142 639 5213 χώραν.
679 5142 979 5197 ἐκωλύετο
1008 5144 1064 5196 δὲ
1099 5143 1202 5197 ὑπὸ
1234 5145 1333 5213 τῆς
1368 5146 1496 5213 μιᾶς
1531 5147 1726 5214 μοίρας
1758 5148 1851 5201 τοῦ

268 5234 552 5303 στρατοῦ,
578 5235 700 5303 ἥτις
725 5236 983 5287 ἐτέτακτο
1006 5236 1176 5306 ταύτῃ
1202 5236 1496 5301 φυλάσσειν
1521 5240 1620 5308 τὴν
1645 5239 1851 5309 χώραν.

263 5327 495 5388 masc;
527 5327 584 5378 δὲ
618 5325 777 5387 αὐτὸς
811 5325 950 5397 ἔχων
986 5327 1083 5397 τὴν
1121 5329 1290 5396 μείζω
1328 5332 1525 5400 μοῖραν
1559 5330 1655 5384 τοῦ
1693 5348 1855 5400 στρα-

255 5414 423 5480 τοῦ,
480 5414 771 5485 ἐπορεύετο
820 5416 909 5469 διά
957 5416 1066 5470 τῶν
1115 5417 1450 5487 δρυμὼνων,
1502 5420 1853 5491 ἐκδεχόμενος

1957 4594 2045 4647 ubi
2078 4597 2321 4650 animum
2348 4593 2490 4662 regis
2513 4592 2799 4656 intellexit,
2833 4590 3149 4657 conscripto
3181 4590 3424 4643 exercitu
3457 4589 3523 4641 de

1956 4683 2176 4751 regione
2194 4697 2314 4748 sua,
2335 4683 2592 4749 pergebat
2618 4680 2686 4734 ad
2707 4680 2938 4733 classem
2963 4681 3105 4749 regis
3136 4689 3191 4732 ut
3222 4693 3389 4748 prope
3421 4679 3523 4731 Ce-

1957 4776 2086 4829 liutn
2111 4778 2299 4830 urbem
2326 4773 2711 4843 adjungeretur
2731 4772 2878 4841 regit)
2896 4772 3192 4827 navarcho.
3210 4769 3330 4836 Quo
3356 4770 3524 4833 laeto,

1960 4876 2191 4936 uterque
2252 4865 2438 4920 urbem
2487 4879 2606 4918 eam
2658 4864 3084 4937 oppugnabant;
3118 4877 3352 4931 cumque
3409 4878 3525 4915 eam

1961 4973 2159 5028 capere
2180 4957 2356 5011 annisi
2381 4965 2563 5011 essent
2590 4955 2783 5010 diebus
2813 4970 2945 5009 sane
2982 4954 3254 5024 plurimis,
3307 4956 3522 5007 tandem

1963 5051 2165 5122 repulsi
2190 5060 2313 5105 sunt
2345 5049 2470 5103 inde
2515 5049 2740 5103 amissis
2805 5048 3012 5117 paucis.
3066 5047 3316 5116 Cumque
3374 5050 3528 5101 urbis

1960 5144 2289 5215 oppugnatio
2320 5156 2510 5211 parum
2536 5141 2869 5207 procederet,
2900 5150 3128 5210 uterque
3179 5139 3334 5193 abiit.
3365 5137 3528 5207 Niger

1961 5237 2252 5307 Pogdanus
2285 5232 2727 5303 prcliciscebalur
2757 5230 2912 5300 quasi
2941 5230 3297 5301 populaturus
3352 5229 3528 5282 Daco-

1963 5344 2083 5385 rum
2110 5328 2403 5395 regionem.
2441 5318 2640 5378 Verum
2664 5323 2922 5378 inhibitus
2944 5332 3026 5378 est
3059 5323 3127 5377 ab
3166 5337 3227 5376 ea
3251 5321 3524 5375 exercitus

1961 5432 2133 5491 parte,
2164 5436 2285 5490 qum
2323 5418 2567 5488 opposita
2593 5416 2641 5470 ei
2671 5415 2867 5483 fuerat,
2898 5424 2956 5471 ut
2993 5414 3309 5470 defenderet
3355 5412 3521 5480 ι·εεὶοσ

1547 5562 1790 5625 Notulte
1835 5563 2230 5642 marginales.

362 5638 480 5708 (95)
512 5636 797 5705 Pogdoliw.

360 5782 407 5811 "’
446 5776 513 5831 In
548 5793 651 5830 uno
678 5776 915 5840 additur,
946 5778 1169 5838 πόλεως.
1249 5780 1293 5808 ⁹⁹
1323 5778 1381 5831 In
1408 5795 1527 5838 uno,
1561 5779 1654 5831 ἀπ.
1697 5780 1743 5831 δ.
1784 5796 1831 5831 τ.
1909 5781 1952 5809 θ’
1988 5779 2095 5831 καί.
2176 5780 2189 5807 ¹

360 5852 538 5899 ιλλειν.
611 5848 629 5877 ³
658 5847 975 5899 ἐσϐαλόντα.
1090 5852 1109 5877 ⁸
1140 5846 1199 5899 bt
1232 5864 1355 5899 uno.
1392 5850 1555 5899 Κελλ.
1638 5852 1653 5873 ’⁸
1687 5849 2104 5899 πτιῡσὸαλὸντκ.

1638 5852 1653 5873 ’⁸
1687 5851 2104 5917 προσὸαλόνκς.

258 5852 538 5910 ϐάλλειν.
611 5848 629 5877 ³
658 5847 975 5901 ἐσϐαλόντα.
1090 5852 1109 5877 ⁸
1140 5846 1199 5901 lu
1232 5864 1355 5915 uno,
1392 5850 1555 5902 Κελλ.

2250 5776 2444 5832 Nomen
2489 5780 2633 5831 urbis
2669 5778 3019 5832 desideratur.
3133 5780 3152 5808 ¹
3185 5777 3250 5832 ltt
3281 5794 3401 5842 uno,
3435 5777 3525 5832 ἐσ-

2211 5851 2228 5873 “
2264 5848 2327 5903 In
2359 5868 2481 5916 uno,
2516 5850 2766 5917 Μπογόα.
2806 5850 2856 5904 in
2885 5851 2960 5903 αί.
2995 5859 3045 5901 ιιι
3080 5848 3129 5901 in
3157 5869 3203 5902 υ.
