4180 6434
242 354 350 421 505

235 466 379 539 ἦσαν
425 472 671 543 δέχεσθαι
726 480 888 533 αὖτδν

235 566 385 618 ὁντα.
435 565 697 631 Βασιλεὺς
750 574 849 640 μὲν
892 570 986 628 οὖν
1037 577 1135 646 τήν
1176 596 1235 630 τε
1282 580 1438 633 πόλιν
1490 580 1803 649 διελαύνων,

236 659 331 708 καὶ
363 657 532 726 ἄνδρα
560 661 752 716 οὐδένα
784 666 882 717 ἐπὶ
912 667 1021 719 τῶν
1066 670 1264 739 τειχῶν
1298 673 1594 740 θεώμενος,
1620 674 1699 727 ὅτι
1731 675 1806 745 μὴ

233 749 618 816 τηλεϐολιστάς
646 755 982 823 ἐπαφιέντας
1005 759 1326 828 τηλεϐόλους
1352 765 1409 827 ἐς
1435 763 1525 816 τὸν
1553 766 1805 836 στρατὸν,

231 838 360 893 οὔτε
394 845 958 917 ἐστρατοπεδεύσατο,
984 853 1108 907 οὔτε
1142 857 1199 919 ἐς
1235 858 1336 926 τὴν
1369 858 1691 929 πολιορκίαν
1710 878 1807 915 κα-

244 934 489 989 ὓίστατο.
527 941 739 1010 Προϊὼν
781 945 860 1009 δὲ,
892 945 970 1010 ὡς
1020 950 1147 1012 τοὺς
1194 953 1491 1022 σφετέρους
1541 955 1719 1009 αὐτῶν
1749 960 1809 1011 ἐν

232 1028 350 1089 τοῖς
408 1030 663 1100 σκόλοψιν
709 1034 1004 1109 ἐθεώρουν,
1054 1042 1318 1110 προϊεσαν
1371 1046 1506 1100 ὡσεὶ
1560 1047 1807 1119 σταδίους

232 1121 411 1173 είκοσι
441 1124 533 1177 καὶ
548 1127 689 1180 ἑπτά
710 1145 725 1161 ·
751 1130 845 1182 καὶ
860 1134 1126 1202 ἐμπίπτει
1147 1139 1174 1190 ό
1194 1139 1459 1207 βασιλέως
1490 1143 1721 1213 στρατὸς
1748 1146 1808 1209 ἐς

233 1214 362 1276 τοὺς
388 1216 912 1292 ἀνασκολοπισμοὺς,
940 1225 1122 1296 χῶρον
1150 1229 1449 1301 ἐπέχοντας
1488 1234 1549 1287 τὸ
1578 1235 1679 1303 μὲν
1704 1239 1809 1309 μῆ-

231 1323 332 1367 κος
361 1309 455 1360 ἐπὶ
486 1311 733 1376 σταδίους
754 1316 1147 1384 ἑπτακαίδεκα,
1170 1322 1231 1375 τὸ
1257 1321 1417 1395 εὖρος
1442 1327 1531 1379 ἐπὶ
1556 1328 1807 1394 σταδίους

231 1398 399 1453 ἐτι·τά.
450 1402 719 1469 Σκόλοπες
766 1408 1106 1480 δέ.μεγάλοι
1151 1414 1373 1485 ἐνῆσαν,
1412 1416 1471 1470 ἐν
1502 1412 1584 1483 οἷς
1616 1419 1808 1474 διαπεο

228 1494 565 1562 πειρωμένοι
593 1496 786 1568 ἄνδρες
806 1517 866 1554 τε
894 1505 989 1556 καὶ
1019 1509 1300 1572 γυναῖκες.
1325 1510 1421 1563 καὶ
1448 1511 1636 1574 παῖδες
1662 1514 1807 1583 ἀμφὶ

230 1586 360 1648 τοὺς
394 1587 736 1660 δισμυρίους.
758 1594 832 1656 ὼς
866 1597 1107 1665 ἐλέγετο,
1139 1599 1321 1670 θέαμα
1343 1605 1671 1676 παρείχοντο
1692 1610 1815 1672 τοῖς,

230 1678 523 1749 Τούρκοις,
556 1687 652 1738 καὶ
686 1688 837 1758 αὐτῷ
867 1690 944 1758 τῷ
984 1691 1215 1760 βασιλεῖ.
1249 1696 1410 1749 Καὶὸ
1440 1715 1501 1751 τε
1552 1700 1807 1769 βασιλεὺς

1311 372 1411 433 DE
1445 375 1702 437 ΗΕΒυὸ
1742 376 2102 443 TURCICIS
2144 385 2293 448 LIB.
2326 385 2437 450 IX.

938 481 1171 551 βασιλέα
1194 487 1291 538 σ’λν
1322 487 1401 551 τῷ
1437 489 1653 561 στρατῷ
1680 494 1800 543 ἐπι-

1909 498 2071 552 etiam
2101 500 2515 557 bombardarios
2554 502 2645 573 qui
2688 505 2744 560 in
2782 506 3085 565 exercitum
3143 509 3490 580 ejacuiaren-

3383 396 3491 464 506

1911 601 2017 659 tur,
2060 610 2159 651 nec
2197 605 2643 660 castrametatus,
2705 614 2804 656 nec
2859 600 3052 657 urbem
3104 603 3356 661 obsidere
3394 622 3485 677 ag-

1908 702 2125 753 gressus
2146 700 2250 743 est.
2284 688 2564 759 Progressi
2605 692 2790 762 igitur,
2844 704 2904 750 ut
2929 712 3061 753 suos
3118 700 3380 770 patibulis
3432 711 3488 755 et

1908 780 2044 846 palis
2079 779 2269 838 aﬂixos
2296 783 2569 849 viderunt,
2600 785 2709 840 iter
2742 800 3137 857 promoverunt
3181 794 3247 848 ad
3302 794 3483 851 stadia

1906 871 2124 927 circiter
2142 874 2330 944 viginti
2350 885 2578 945 septem.
2616 878 2907 935 Exercitus
2935 881 3156 953 quidem
3214 887 3359 955 regis
3387 887 3482 941 iu-

1906 959 2043 1014 cidit
2072 961 2125 1016 in
2154 962 2391 1032 patibula
2417 974 2473 1021 et
2503 969 2677 1036 palos,
2704 982 3041 1041 occupantes
3103 974 3285 1030 locum
3319 992 3334 1029 :
3360 978 3483 1044 eius

1907 1052 2188 1123 longitudo
2216 1058 2460 1112 extendit
2495 1074 2556 1115 se
2587 1062 2654 1116 ad
2692 1063 2869 1119 stadia
2908 1065 3097 1121 decem
3139 1076 3194 1123 et
3247 1078 3480 1138 septem.

1906 1144 2163 1202 Latitudo
2198 1162 2327 1205 vero
2347 1151 2590 1207 continet
2614 1156 2786 1223 stadia
2835 1164 3067 1227 septem.
3129 1160 3375 1216 Patibula
3430 1173 3485 1218 et

1906 1240 2011 1306 pali
2041 1243 2374 1310 apparebant
2410 1246 2658 1311 maximi,
2722 1249 2924 1318 quibus
2971 1249 3116 1306 aﬂixi
3171 1256 3483 1324 conspicie-

1906 1332 2110 1388 bantur
2160 1335 2284 1400 viri,
2347 1338 2621 1403 mulieres.
2678 1350 2733 1395 et
2770 1342 2954 1411 pueri.
3023 1342 3226 1400 Horum
3282 1348 3483 1405 misere

1905 1435 2314 1497 peremptorum
2397 1448 2662 1489 numerus
2743 1436 3211 1505 complectebatur
3289 1440 3482 1511 viginti

1905 1518 2071 1573 millia
2101 1520 2405 1577 hominum.
2429 1522 2685 1581 Profecto
2712 1525 3046 1584 horrendum
3078 1539 3133 1585 et
3168 1532 3484 1590 miserabile

1903 1614 2272 1681 spectaculum
2306 1630 2432 1670 cum
2465 1615 2683 1683 Turcis,
2708 1630 2826 1675 tum
2878 1622 3016 1693 regi.
3065 1621 3180 1679 Rex
3238 1625 3485 1680 admira-

1907 1704 2053 1760 tione
2106 1708 2341 1772 delixus.
2397 1710 2647 1767 dicebat:
2704 1712 2857 1769 llaud
2912 1715 3177 1785 possibile
3226 1728 3308 1773 est
3340 1736 3479 1795 eum

229 1774 289 1822 ἐν
342 1772 529 1840 Θαῦμα
585 1777 629 1809 ¹⁸
678 1781 1003 1851 ἐρισχεθεὶς,
1052 1786 1310 1855 ἔφασκεν,
1338 1790 1414 1853 ὡς
1462 1791 1538 1845 Οὐ
1581 1792 1800 1847 δυνατόν

1905 1797 2084 1851 virum
2119 1798 2212 1867 qui
2253 1799 2392 1856 adeo
2439 1815 2636 1873 magna
2680 1803 2890 1870 fecerit,
2913 1772 3159 1876 uregione
3214 1823 3312 1863 sua
3340 1772 3481 1879 spo-

230 1866 405 1929 ἐστιν,
443 1869 610 1941 ἄνδρα
648 1871 791 1927 οὕτω
826 1878 1084 1945 μεγάλως
1113 1882 1517 1951 ἐργασάμενον,
1548 1888 1800 1957 ἀφαιρεῖ-

1905 1886 2022 1941 liari
2054 1860 2234 1958 posse,
2265 1860 2565 1960 praesertim
2619 1908 2741 1948 cum
2802 1895 2941 1951 adeo
2978 1860 3303 1953 mirabiliter
3359 1860 3477 1955 tum

231 1955 359 2009 σθαι
379 1959 480 2029 τὴν
509 1960 713 2032 χώραν,
746 1966 820 2029 ὡς
863 1968 1157 2038 δαιμονίως
1186 1973 1539 2047 ἐπισταμένῳ
1562 1955 1797 2050 χρῆσθαι

224 2054 292 2120 τῇ
333 2053 477 2127 ἀρκῇ
529 2058 758 2121 καὶτοῖς
812 2060 1095 2132 ὑπηκόοις.
1148 2066 1255 2119 Καὶ
1304 2066 1513 2136 ἔλεγεν,
1540 2071 1616 2135 ὡς
1650 2074 1710 2127 οὺ
1746 2075 1789 2107 ιο

226 2144 427 2198 πολλοῦ
462 2149 569 2220 ἄρα
604 2151 754 2218 ἄξιος
797 2156 881 2225 εἴη
911 2157 940 2210 ὁ
969 2158 1110 2230 ἀνὴρ
1154 2156 1331 2229 οὗτος,
1375 2168 1603 2220 τοιαῦτα
1635 2168 1799 2236 ἐργα-

225 2238 487 2308 σάμενος.
518 2245 627 2299 Καὶ
660 2250 711 2301 oi
743 2249 921 2305 λοιποὶ
953 2252 1208 2322 Τοῦρκοι,
1238 2259 1475 2327 ὁρῶντες
1499 2262 1562 2316 τὸ
1589 2263 1798 2333 πλῆθος

219 2333 335 2386 τῶν
361 2337 453 2389 ἐπὶ
475 2340 589 2401 τοῖς
622 2341 877 2413 σκόλοψιν
892 2347 1121 2415 ἀνδρῶν,
1150 2350 1564 2423 ἐξεπλήττοντο⁸
1596 2358 1798 2428 ἐνῆσαν

219 2425 279 2479 δέ
312 2429 409 2481 καὶ
446 2432 613 2499 νήπια
636 2433 805 2491 τέκνα
827 2438 936 2490 τῶν
959 2442 1216 2511 μητέρων
1242 2444 1666 2516 ἐξηρτημέναὶέν
1679 2425 1799 2514 τοῖς

221 2520 503 2590 σκόλοψιν·
538 2528 633 2578 καὶ
666 2531 848 2599 πτηνὰ
889 2532 1126 2598 ἐνῴκουν
1185 2538 1244 2589 ἐν
1277 2540 1392 2603 τοῖς
1422 2542 1675 2608 ἐγκάτοις
1701 2546 1800 2600 αὐ-

217 2611 334 2663 τῶν
380 2614 787 2681 ἐμφωλεύοντα.
834 2620 925 2684 Ὠς
975 2623 1031 2676 δέ
1069 2626 1207 2696 πρὸς
1259 2632 1373 2693 τοῖς
1423 2634 1797 2705 στρατεύμασι

220 2703 479 2772 βασιλεὺς
523 2710 881 2780 ἐφεπόμενος.
906 2718 933 2768 ό
965 2717 1167 2782 Βλάδος
1196 2720 1417 2794 ἔφθειρέ
1468 2743 1528 2779 τε
1585 2729 1639 2779 si
1665 2703 1790 2783 arcu

217 2798 616 2870 διασπασθείη,
646 2807 757 2858 εἴτε
804 2809 1163 2880 ἱπποδρόμος.
1214 2813 1325 2868 εἴτε
1397 2816 1672 2892 Ἀζὰπηςο
1702 2822 1801 2876 αὑ·-

217 2894 312 2954 τὸς
348 2894 447 2961 μὲν
471 2896 740 2965 ἐτράπετο
767 2901 859 2954 ἐπὶ
890 2903 982 2955 τὸν
1012 2904 1289 2978 Μελαίνης
1328 2910 1641 2979 Πογδανίας
1670 2918 1800 2984 ἠγε-

222 2984 388 3051 μόνα,
415 2988 834 3059 πολιορκοῦντα,
856 2995 931 3046 ὡς
952 2996 1251 3065 ⁴ἠγγέλλετο
1271 3002 1421 3069 αὐτῷ
1451 3007 1511 3058 τὸ
1544 3007 1796 3062 Κελλίον’

222 3081 453 3147 στρατὸν
482 3082 538 3134 δέ
568 3084 711 3154 ἀμφὶ
739 3088 864 3149 τοὺς
912 3091 1319 3163 ἑξακισχιλίους
1348 3099 1668 3155 καταλιπὼν
1700 3106 1797 3157 αὐ-

217 3172 340 3237 τοῦ,
370 3177 665 3244 παρηγγύα
702 3179 932 3235 ἕπεσθαι
962 3185 1039 3253 τῷ
1073 3186 1285 3255 βασιλεῖ
1326 3192 1414 3245 διὰ
1440 3194 1547 3247 τῶν
1575 3195 1795 3266 δρυμώ-
1821 3222 1864 3277 η

217 3281 354 3320 νων.
394 3267 502 3320 Καὶ
530 3269 596 3339 ἦν
638 3272 723 3335 τίς
759 3292 862 3327 που
912 3277 1296 3352 διασπασθείη,
1326 3285 1515 3339 τοῦτον
1546 3288 1793 3353 ἐπιόντες

216 3358 424 3412 αὐτίκα
470 3362 800 3420 ἐπιϐαίνειν.
842 3360 1011 3422 Καιὸ
1056 3372 1155 3441 μὲν
1185 3373 1349 3443 ἤγετο
1392 3377 1556 3445 ὁμόσε
1585 3380 1662 3450 τῷ
1698 3400 1793 3449 με·

216 3454 412 3524 λαίνης
443 3458 744 3525 Πογδανίας
774 3463 1004 3530 ἡγεμόνι
1024 3479 1039 3495 ⁶
1070 3467 1098 3517 ὁ
1120 3467 1177 3519 δὲ
1205 3468 1460 3539 στρατὸς,
1488 3471 1560 3534 ὡς
1583 3474 1789 3545 ἀνεχὼη

219 3566 309 3617 ρει
336 3550 366 3601 δ
402 3550 675 3619 βασιλεὺς,
705 3554 791 3609 ἰθὺ
813 3557 907 3609 τοῦ
938 3560 1173 3628 στρατοῦ
1202 3561 1445 3617 ἐλαύνων
1475 3566 1791 3638 ἀναθαρρή-

218 3661 441 3708 σαντες,
488 3647 562 3710 ὼς
644 3650 916 3721 οἰχομένῳ
1000 3655 1451 3721 ἐπεισπεσόντες.
1538 3662 1792 3729 μεγάλως

216 3736 457 3805 ἡγοῦντο
492 3740 894 3810 εὐδοκιμήσειν,
930 3743 1023 3796 καὶ
1054 3746 1304 3810 ἐπιόντες
1353 3751 1409 3813 ἐς
1455 3751 1517 3805 τὸ
1565 3755 1791 3825 στρατό-

217 3829 387 3882 πεδον
410 3830 505 3883 τοῦ
556 3830 844 3898 βασιλέως,
878 3836 1208 3904 ἐπήλαυνον.
1244 3839 1403 3895 Ἐπεὶ
1454 3843 1511 3896 δέ
1558 3845 1792 3913 ἀγγελία

214 3924 452 3991 ἀφίκετο
476 3926 631 3997 παρὰ
656 3928 755 3997 τῆς
782 3929 956 4001 ταύτῃ
1005 3947 1111 3985 που
1154 3934 1426 4005 φυλακῆς,
1454 3936 1531 4001 ὡς
1556 3940 1604 3990 οἱ
1632 3940 1791 3993 πολέ-

218 4033 338 4084 μιοι
366 4016 617 4085 ἐπίωσιν,
648 4020 876 4091 ὥρμητο
911 4024 1010 4093 μὲν
1040 4026 1205 4090 αὐτός
1235 4044 1319 4090 τις
1349 4027 1578 4095 ἐκαστος
1604 4032 1700 4085 ἐπὶ
1722 4034 1793 4086 τὰ

219 4110 390 4173 ὅπλα,
415 4112 559 4180 πλὴν
585 4113 693 4166 τῶν
725 4116 993 4185 βασιλέως
1027 4118 1207 4189 θυρῶν
1232 4135 1245 4149 ³
1283 4122 1579 4195 Ἰωσούφην
1602 4125 1648 4179 δ’
1678 4128 1792 4181 ἐκέ.

214 4202 344 4254 λευε
399 4204 806 4276 Μαχουμούτης
836 4208 1134 4277 προσιόντα
1167 4210 1212 4242 ³⁹
1260 4206 1617 4279 ὑπαντιάζειν
1665 4220 1791 4283 τοὺς

213 4294 541 4363 πολεμίους.
567 4298 677 4351 Καὶ
704 4300 868 4360 αὑτός
898 4318 961 4354 τε
984 4302 1042 4354 ἐν
1073 4303 1259 4367 ὅπλοις
1288 4300 1357 4375 ἦν
1385 4306 1792 4380 Μαχουμούτης

216 4386 320 4436 σὺν
358 4388 473 4445 τοῖς
528 4388 955 4457 στρατεύμασιν.
1010 4390 1072 4445 Ὀ
1123 4394 1307 4461 μέντοι
1361 4394 1679 4467 Ἰωσούφης,
1716 4401 1790 4462 ὡς

213 4473 395 4527 ἐπιὼν
423 4476 621 4529 αὐτίκα
661 4470 1007 4542 συνέὸαλλεν,
1036 4483 1245 4551 ἡττήθη
1281 4503 1363 4549 τε,
1394 4488 1489 4540 καὶ
1519 4490 1578 4552 ἐς
1608 4492 1792 4560 φυγὴν

1902 1982 2232 2051 principatu,
2295 1992 2409 2038 tum
2463 1986 2696 2042 subditis
2733 1987 2810 2041 uti
2863 1988 3029 2045 norit.
3083 1989 3478 2049 Verumtamen:

1900 2071 2159 2137 addebat,
2211 2089 2339 2130 eum
2397 2076 2573 2131 virum
2636 2077 2731 2148 qui
2772 2087 2920 2135 tanta
2970 2084 3286 2150 patraverit,
3336 2084 3480 2139 haud

1904 2163 2056 2217 multi
2103 2163 2417 2221 faciendum
2471 2181 2618 2223 esse.
2654 2169 2873 2239 Reliqui
2934 2169 3101 2229 Turci
3148 2174 3479 2245 aspicientes

1901 2257 2310 2314 multitudinem
2350 2258 2634 2316 hominum
2665 2262 2720 2317 in
2773 2264 3038 2333 patibulis
3069 2276 3123 2321 et
3182 2267 3321 2337 palis
3360 2268 3477 2323 ha:-

1901 2352 2166 2415 rentium,
2225 2353 2541 2425 stupebant.
2598 2354 2771 2412 Erant
2829 2373 3067 2429 namque
3112 2362 3374 2431 patibulis
3424 2372 3481 2418 et

1900 2447 2037 2516 palis
2058 2446 2201 2503 anisi
2233 2448 2474 2506 infantes
2496 2465 2528 2506 e
2556 2460 2797 2507 matrum
2830 2454 3039 2523 gremio
3098 2457 3261 2526 rapti.
3315 2457 3480 2513 Volu-

1900 2555 2023 2596 cres
2068 2540 2228 2598 nidos
2262 2540 2505 2598 fecerant
2558 2544 2616 2599 in
2678 2543 3033 2603 inferioribus
3071 2561 3290 2602 eorum.
3338 2548 3476 2604 Cum

1899 2642 2079 2687 autem
2133 2648 2226 2688 rex
2260 2634 2725 2703 proﬁcisceretur,
2772 2636 2973 2692 Bladus
3014 2653 3211 2708 agmen
3266 2639 3476 2710 regium

1900 2742 2074 2796 usque
2109 2727 2385 2797 carpebat,
2416 2729 2757 2785 interﬁciens
2806 2730 3043 2800 equites,
3096 2741 3151 2786 et
3188 2732 3475 2803 Azapides,

1898 2819 1944 2873 si
1977 2819 2194 2887 quando
2216 2818 2620 2888 imprudentius
2646 2820 2715 2877 ab
2776 2823 3019 2878 exercitu
3052 2824 3208 2895 regio
3256 2826 3480 2880 fuerant

1898 2911 2354 2981 evagati.Bladus
2400 2914 2645 2969 animum
2689 2916 3009 2972 intendebat
3060 2917 3114 2972 in
3156 2918 3335 2985 Nigrae
3375 2919 3480 2977 Pu-

1897 3006 2110 3077 gdanize
2143 3006 2256 3077 (97)
2305 3006 2632 3078 principem,
2689 3010 2783 3078 qui
2825 3012 3288 3081 quemadmodum
3338 3030 3479 3067 nun-

1898 3099 2086 3153 tiatum
2110 3107 2248 3165 erat,
2279 3099 2565 3157 obsidione
2589 3102 3033 3158 circumvenerat
3089 3103 3317 3160 Cellium
3360 3107 3475 3177 (98)

1896 3193 2085 3247 urbem
2146 3191 2319 3248 Bladi.
2384 3192 2719 3265 Relinquens
2772 3205 2949 3252 autem
3000 3200 3342 3266 exercitum,
3383 3204 3473 3265 qui

1901 3284 2212 3339 continebat
2241 3284 2462 3340 circiter
2485 3301 2579 3342 se:
2611 3287 2783 3344 millia
2836 3289 3142 3355 hominum,
3180 3305 3274 3345 eos
3309 3292 3476 3360 jussit

1902 3394 1998 3447 pcr
2048 3390 2303 3447 querceta
2344 3380 2500 3451 sequi
2562 3396 2787 3452 regem:
2820 3394 2876 3438 et
2922 3382 2969 3439 si
3025 3383 3150 3454 quis
3188 3385 3482 3454 paululum

1901 3471 2065 3526 modo
2116 3470 2394 3541 digressus
2462 3472 2627 3528 fuerit
2672 3472 2742 3528 ab
2799 3475 2952 3545 regio
3011 3475 3273 3544 agmine,
3343 3492 3472 3531 eum

1901 3576 2153 3619 truncare
2198 3564 2365 3634 jussit
2422 3565 2684 3621 continuo
2745 3578 3119 3622 accurrentes.
3173 3568 3293 3638 Ipse
3339 3586 3482 3625 vero.

1901 3666 2045 3711 recta
2068 3655 2302 3713 ducebat
2348 3669 2539 3713 contra
2590 3657 2768 3729 Nigra:
2818 3660 3105 3731 Pogdanias
3149 3663 3470 3732 principem.

1904 3748 2189 3804 Exercitus
2230 3758 2410 3807 autem
2476 3750 2629 3807 Bladi
2688 3766 2813 3808 cum
2848 3754 2965 3824 ipse
3016 3755 3261 3822 abiisset,
3318 3758 3481 3815 abitu,

1899 3842 2161 3912 principis
2189 3842 2485 3899 admodum
2518 3846 2833 3915 gaudebat:
2876 3856 2932 3901 et
2961 3857 3111 3904 recta
3144 3864 3374 3919 pergens
3411 3851 3475 3908 in

1901 3936 2133 4003 hostem,
2165 3936 2431 4008 putabant
2460 3950 2519 3991 se
2557 3952 2808 4007 magnam
2837 3940 3067 4009 gloriam
3124 3941 3473 4010 inventuros,

1898 4030 1945 4085 si
1993 4031 2204 4086 hostem
2236 4030 2418 4085 subito
2457 4032 2881 4100 oppressissent.
2929 4032 3067 4089 Cum
3097 4037 3324 4090 nuntius
3372 4053 3471 4091 vos.

1896 4122 2068 4177 nisset
2086 4123 2154 4177 ad
2184 4123 2407 4194 vigilum
2436 4124 2728 4178 stationem
2775 4141 2897 4192 qua:
2918 4126 2993 4181 ibi
3020 4137 3156 4193 erat,
3195 4130 3471 4184 indicabat

1898 4214 2432 4280 hostesadventare;
2489 4217 2690 4286 singuli
2748 4218 2937 4287 igitur,
2992 4231 3188 4290 praeter
3219 4223 3360 4293 regis
3384 4223 3470 4292 ja-

1899 4324 2061 4371 nuas,
2097 4308 2161 4362 ad
2193 4323 2344 4362 arma
2382 4308 2757 4378 prosiliebant.
2786 4309 3160 4367 Mechumetes
3211 4314 3476 4384 praecepit

1897 4400 2153 4469 Josepho,
2190 4411 2248 4455 ut
2274 4401 2587 4470 pracedens
2617 4404 2827 4457 hostem
2868 4404 2934 4459 ad
2988 4407 3230 4473 praelium
3264 4408 3465 4463 eliciat.

1899 4493 2268 4550 Mechumetes
2294 4496 2515 4564 quidem
2546 4511 2668 4550 cum
2724 4495 2890 4567 274
2924 4499 3178 4553 universo
3228 4499 3469 4553 exercitu

212 4566 588 4634 τραπόμενος,
628 4568 855 4637 ἐφέρετο
898 4573 956 4633 ἐς
982 4572 1042 4624 τδ
1073 4572 1339 4642 βασιλέως
1391 4583 1789 4651 στρατόπεδονσ

1901 4591 1953 4643 iu
1982 4586 2149 4641 armis
2176 4596 2313 4641 erat.
2339 4586 2612 4656 Iosephus
2642 4587 2735 4641 ubi
2771 4589 2919 4642 venit
2955 4590 3019 4642 ad
3057 4591 3295 4656 hostem,
3334 4608 3469 4646 con-

212 4658 469 4728 Ὀμάρης
500 4660 556 4712 δέ
584 4662 613 4712 ὁ
644 4661 1006 4733 Τουραχάνεω
1042 4671 1195 4730 παῖς,
1221 4670 1443 4740 ταχθεὶς
1493 4676 1588 4728 καὶ
1632 4679 1793 4742 αὐτὸς

216 4750 323 4799 ὑπὸ
357 4749 453 4800 τοῦ
497 4752 933 4820 Μαχουμούτεω,
968 4758 1133 4825 ὁμόσε
1177 4760 1314 4814 ίέναι
1340 4766 1455 4827 τοῖς
1487 4767 1792 4837 πολεμίοις,

212 4839 311 4891 και
336 4839 598 4903 ἐλαύνων,
629 4843 841 4913 ὑπήντα
885 4846 963 4915 τῷ
993 4846 1260 4922 ἰωσούφῃ
1289 4854 1547 4921 φεύγοντι
1580 4859 1633 4919 ἐς
1666 4861 1791 4923 τοὺς

212 4930 531 4997 πολεμίους,
563 4932 906 5005 ἐϐλασφήμει
954 4940 1048 4992 καὶ
1092 4940 1243 5009 ἔλεγε
1288 4947 1463 4998 τοιάδε
1488 4962 1505 4978 ο
1535 4941 1607 5002 Ὦ
1627 4952 1791 5003 κακό-

207 5024 433 5091 δαιμον.
472 5026 566 5077 ποῖ
614 5028 788 5099 φέρῃς
842 5032 912 5084 Ἢ
960 5032 1060 5085 οὐκ
1095 5031 1251 5090 οἶσθα
1294 5039 1514 5108 βασιλέα
1547 5044 1693 5105 ὅπως
1730 5062 1789 5097 σε

210 5116 493 5183 φεύγοντα
549 5120 906 5194 ὑποδέχεται;
952 5127 1021 5180 Ἦ
1066 5130 1124 5180 οὐ
1167 5133 1345 5202 χεῖρον
1374 5134 1481 5186 τῶν
1514 5136 1790 5206 πολεμίων

206 5212 554 5267 διακείσεταί
608 5233 692 5270 σοι
748 5220 911 5282 αὐτὸς
973 5221 1243 5289 βασιλεὺς,
1299 5228 1395 5280 καὶ
1442 5230 1684 5299 κακίστῳ
1730 5250 1787 5285 σε

206 5303 426 5374 ὀλέθρῳ
464 5308 831 5377 παραδίδωσιν
867 5313 909 5343 ¹¹
945 5314 1163 5380 αὐτίκα,
1190 5318 1407 5373 ἐπειδάν
1430 5338 1487 5372 σε
1515 5321 1787 5389 φεύγοντα

1900 4685 2051 4737 ιὶηιιο
2085 4680 2261 4735 victus
2286 4688 2369 4735 est
2397 4697 2412 4733 :
2444 4689 2498 4734 et
2558 4680 2774 4751 fugiens
2798 4723 2813 4747 ,
2846 4680 3135 4737 festinabat
3193 4683 3245 4737 in
3285 4693 3466 4739 castra

1900 4774 2061 4841 regis.
2099 4770 2345 4833 Omares.
2388 4767 2733 4825 Turachanis
2784 4771 2946 4835 filius,
2982 4773 3074 4842 qui
3110 4782 3165 4826 ct
3223 4774 3337 4841 ipse
3383 4788 3470 4827 or—

1898 4864 2119 4917 dinatus
2144 4869 2263 4916 erat
2300 4862 2367 4916 ab
2396 4860 2758 4928 Mechumete,
2793 4872 2851 4916 ut
2875 4864 3125 4918 cominus
3178 4876 3465 4933 pugnaret,

1897 4964 2021 5003 cum
2072 4948 2249 5013 hoste,
2318 4951 2383 5003 ad
2455 4964 2688 5018 pugnam
2768 4951 3119 5017 proficiscens
3155 4991 3171 5016 ,
3228 4955 3474 5008 occurrit

1895 5041 2137 5110 Josepho
2165 5040 2416 5110 fugienti,
2458 5057 2693 5112 eumque
2729 5043 3154 5111 blasphemando
3191 5055 3246 5098 et
3304 5046 3473 5099 male.

1897 5134 2127 5189 dicendo
2171 5134 2252 5189 sic
2310 5134 2640 5203 alloquitur:
2690 5135 2731 5187 Ο
2773 5134 2942 5190 miser
3004 5152 3111 5205 quo
3177 5137 3339 5190 abis‘l
3399 5152 3470 5191 an

1896 5227 2116 5296 ignoras
2151 5241 2353 5296 regem,
2392 5227 2667 5295 quomodo
2711 5235 2762 5279 te
2810 5226 3111 5297 fugientem
3174 5229 3247 5283 sit
3281 5244 3474 5299 excep-

1898 5318 2092 5373 turus?
2122 5321 2203 5373 An
2237 5334 2345 5373 non
2373 5318 2653 5374 crudelius
2675 5319 2745 5373 ab
2774 5335 2899 5390 rege
2932 5334 3095 5390 quam
3118 5322 3188 5375 ab
3219 5320 3472 5377 hostibus

1520 5463 1765 5525 Nolulac
1800 5462 2202 5541 marginales.

278 5582 401 5652 (97)
456 5580 711 5641 Podolim.

283 5771 325 5850 ις
367 5768 433 5821 1η
461 5785 587 5833 uno,
624 5764 685 5820 ev"
708 5768 951 5850 θαύματι
986 5776 1174 5834 ἑρυσκ.
1206 5778 1257 5832 iu
1312 5796 1406 5834 ora
1447 5779 1691 5850 alterius,
1718 5781 1903 5835 ἐπισκ.

211 5844 256 5889 1'
291 5840 358 5896 In
394 5858 521 5911 uno,
568 5840 869 5910 παραδιδοῖ.

1967 5594 2077 5666 (98)
2107 5593 2289 5651 Kilim.

2011 5780 2053 5813 "
2086 5778 2153 5834 In
2183 5795 2288 5834 uno
2319 5779 2463 5833 deest
2500 5776 2731 5847 negatio.
2845 5777 2890 5809 ¹⁰
2926 5775 2995 5832 In
3030 5792 3155 5844 uno,
3188 5778 3463 5851 προϊόντα.
