4180 6434
242 417 348 484 513

1332 416 1429 476 DE
1468 416 1723 478 REBUS
1753 416 2112 478 TURClCIS
2155 418 2301 478 LIB.
2348 419 2419 479 X.

3372 424 3477 491 5M

232 551 293 587 τε
315 532 444 593 τοὺς
474 528 583 584 ἀπδ
617 524 1032 598 Τραπεζοῦντος
1071 524 1338 592 βασιλεῖς,
1375 528 1470 581 καὶ
1519 527 1784 598 Ἐλλήνων

1898 536 2086 596 gentes
2111 535 2291 583 autem
2313 527 2586 583 connubia
2605 542 2731 583 cum
2759 528 3140 599 Trapezuntiis
3164 535 3400 604 regibus,
3423 548 3479 592 et

230 625 529 695 ἡγεμόνας,
594 624 686 675 καὶ
735 621 862 683 τοὺς
913 620 1046 689 παρ’
1078 619 1307 689 Ἕλλησι
1394 620 1796 688 πρωτεύοντας,

230 720 487 786 κατεῖχον
517 716 620 784 τὴν
652 715 817 783 νῆσον
848 714 907 777 ἐς
935 714 1007 766 τά
1072 713 1309 783 μάλιστα
1366 713 1795 783 εὐνομουμένην.

242 808 463 875 Ἐπέχει
494 806 548 858 δὲ
583 808 615 875 ή
652 808 821 875 νῆσος
845 802 986 873 αὕτη
1039 803 1148 856 ἀπὸ
1182 806 1280 870 τῆς
1335 806 1393 866 ἐς
1449 805 1550 873 τὴν
1613 804 1799 857 Ἀσίαν

226 899 459 967 ἠπείρου
488 896 737 960 σταδίους
761 895 998 966 μάλιστα
1022 893 1376 963 ὀγδοήκοντα.

313 992 459 1045 Ἀλλ’
493 994 526 1061 ὴ
560 993 658 1058 μὲν
682 991 812 1053 Χίος
835 988 1123 1057 κατείχετο
1154 987 1254 1056 μὲν
1285 987 1378 1040 καὶ⁵
1407 984 1549 1055 αὕτη
1606 987 1799 1056 πρότεο

228 1105 323 1157 ρον
355 1087 461 1139 ὑπὸ
504 1086 771 1147 Ἰανυϊων,
799 1082 861 1136 οὐ
891 1082 1077 1152 μέντοι
1106 1079 1271 1143 ἑάλω,
1334 1079 1471 1132 ἀλλά
1521 1079 1798 1148 δεομένων

224 1181 336 1234 τῶν
393 1177 691 1242 Βυζαντίου
752 1175 1018 1246 βασιλέων
1085 1174 1406 1245 χρημάτων,
1467 1171 1630 1225 ίκανά
1683 1173 1798 1236 τοῖς

227 1273 462 1343 Ἕλλησι
484 1272 662 1325 δέδοτο
692 1270 797 1323 ὑπὸ
826 1268 1129 1340 Μαρτίνου,
1161 1266 1258 1320 τοῦ
1280 1266 1381 1337 τὴν
1408 1265 1571 1335 νῆσον
1592 1264 1798 1337 ταύτην

229 1368 624 1436 κατασχόντος,
658 1365 750 1418 ὑπ’
778 1364 1027 1435 ἀνάγκης
1076 1362 1198 1416 τότε
1232 1360 1341 1414 τῶν
1378 1360 1652 1430 Ἐλλήνων
1708 1360 1796 1413 διὰ

222 1467 317 1515 τὴν
340 1462 476 1532 πρὸς
510 1460 736 1529 Μήδους
770 1458 984 1511 καὶτὸν
1009 1454 1352 1526 Τριϐαλλοὺς
1391 1453 1649 1523 πόλεμον.
1682 1454 1795 1507 Καὶ

223 1556 458 1624 ὕστερον
492 1558 676 1625 μέντοι
744 1552 1022 1606 ἀπέλαϐον
1070 1550 1173 1620 τὴν
1220 1549 1383 1620 νῆσον
1409 1551 1457 1603 οί
1510 1548 1791 1617 Ἕλληνες,

221 1650 519 1711 ἀποδόντες
568 1648 628 1699 τὺ
671 1645 831 1716 χρέος
864 1644 941 1715 τῷ
992 1644 1276 1715 Μαρτίνῳ.
1336 1641 1493 1697 Μετά
1520 1641 1580 1693 δὲ
1619 1639 1795 1693 ταῦτα

223 1746 447 1810 ἐγένετο
478 1741 583 1794 ὑπὸ
643 1740 919 1803 ’1ανυῖοις,
974 1736 1201 1807 ὓστερον
1253 1737 1430 1806 χρόνῳ
1491 1734 1554 1788 οὐ
1613 1734 1794 1804 πολλῷ

221 1838 507 1907 τριήρεσιν
572 1834 925 1903 ἀφικομένοις
986 1833 1081 1887 καὶ
1136 1831 1645 1901 παραστησομένοις
1691 1828 1792 1899 τὴν

224 1897 405 1986 πόλίν.
442 1929 551 1994 υῦς
583 1897 706 1982 oti-re
740 1897 956 1995 ήπόλις
998 1897 1310 1996 ἐξέπεμψεν
1532 1923 1630 1994 τήν
1690 1897 1789 1993 τῆς
1819 1897 1867 1958 Β

220 2027 390 2094 νήσου
422 2022 833 2092 καταστροφὴν,
860 2019 986 2073 οὕτε
1020 2021 1170 2089 κοινῇ
1205 2017 1311 2071 ὑπὸ
1330 2018 1440 2069 τῶν
1471 2016 1645 2070 τελῶν
1675 2016 1791 2079 ἐξε-

222 2120 579 2189 πέμφθησαν.
626 2115 769 2169 Ἀλλ’
792 2114 949 2168 αὐτοὶ
974 2112 1322 2185 ὡρμημένοι,
1357 2112 1405 2163 oi
1429 2112 1583 2164 ἐννέα
1605 2110 1791 2163 οίκιῶν

220 2214 510 2282 γενόμενοι
544 2211 829 2280 ἄρχοντες,
861 2208 961 2276 τὴν
994 2207 1157 2276 νῆσον
1187 2205 1654 2276 κατεστρέψαντο.
1681 2206 1790 2256 Καὶ

216 2307 301 2379 τῷ
328 2306 433 2361 ὑπὸ
461 2304 615 2358 τοῦδε
639 2304 815 2374 ταύτῃ
845 2302 915 2366 ³’,
946 2301 1021 2364 ὡς
1049 2301 1200 2370 σφίσι
1223 2316 1283 2351 τε
1326 2299 1532 2363 αὐτοῖς,
1561 2298 1655 2351 καὶ
1679 2300 1791 2361 τοῖς

221 2407 284 2457 ὲν
333 2403 401 2473 τῇ
443 2400 597 2454 πόλει
662 2397 1013 2469 μετριώτατα
1065 2395 1436 2464 διαιτώμενοι,
1490 2396 1644 2463 κοινῇ
1690 2394 1791 2461 τὴν

219 2495 381 2548 πόλιν
405 2492 657 2561 διῴκουν.
703 2486 1171 2556 Ἐξωνησαμένων
1202 2483 1341 2554 μετά
1367 2481 1539 2536 ταῦτα
1564 2483 1657 2535 καὶ
1692 2483 1790 2543 τὰς

221 2588 326 2657 τῆς
361 2581 569 2647 πόλεώς
623 2600 683 2635 τε
728 2583 825 2634 καὶ
882 2581 1050 2650 νήσου
1112 2579 1310 2649 μοίρας
1364 2577 1472 2630 τῶν
1535 2575 1643 2629 ἀπὸ
1693 2576 1791 2644 τῆς

242 2676 458 2744 Ἰανύης
484 2673 716 2744 ἀνδρῶν,
749 2673 895 2741 μέγα
922 2670 1237 2740 δυναμένων
1288 2671 1345 2731 ἐς
1406 2667 1636 2722 πλοῦτον
1703 2668 1791 2721 διὰ

218 2770 324 2841 τὴν
353 2770 451 2837 τῆς
487 2766 757 2837 μαστίχης
788 2764 1069 2836 πρόσοδον.
1130 2765 1300 2833 Κοινῇ
1337 2763 1445 2832 γὰρ
1477 2763 1542 2833 δὴ
1586 2761 1724 2833 αὕτη
1753 2763 1787 2831 ἡ

218 2863 388 2933 νῆσος
415 2863 525 2915 τῶν
546 2864 605 2915 ὲν
631 2862 709 2931 τῷ
734 2860 946 2930 Αἰγαίῳ
999 2860 1153 2928 φέρει
1215 2859 1429 2928 καρπὸν
1476 2858 1664 2912 τοῦτον
1712 2856 1789 2919 ὡς

222 2957 498 3009 πλεῖστον.
537 2956 643 3009 Καὶ
679 2954 1044 3023 ἐργαζόμενοι
1071 2952 1139 3019 ⁸³,
1175 2951 1578 3022 χρηματίζεται
1615 2951 1787 3020 μεγά-

220 3052 331 3113 λως
368 3052 426 3102 ὲν
478 3048 680 3117 τούτῳ.
732 3048 912 3116 Διέχει
952 3047 1022 3099 δὲ
1054 3046 1277 3097 ἔλαττον
1329 3046 1500 3115 ταύτῃ
1548 3046 1655 3098 ἀπὸ
1687 3048 1785 3115 τῆς

229 3145 418 3208 Ἀσίας
480 3143 725 3203 σταδίους
778 3140 911 3193 ὡσεὶ
968 3139 1310 3208 πεντήκοντα
1386 3140 1622 3208 μάλιστά
1681 3157 1782 3209 πη.

1907 620 2219 677 (ἓτωεοτιιηι
2256 623 2511 689 ducibus,
2536 637 2749 678 necnon
2783 638 2909 680 cum
2945 626 3015 680 iis
3036 628 3128 697 qui
3159 630 3298 697 apud
3324 628 3476 683 Grae-

1905 730 2003 769 cos
2034 723 2294 783 praestare
2322 714 2671 782 videbantur,
2702 715 2937 771 insulam
2962 731 3079 772 eam
3105 728 3364 774 rexerunt
3391 736 3477 775 sa-

1905 807 2219 864 luberrimis
2234 808 2442 877 legibus
2468 808 2770 863 fundatam.
2791 810 2874 865 Ab
2903 825 2965 867 ea
2998 814 3330 879 continente,
3357 830 3477 884 quae

1903 900 2085 957 Asiam
2116 911 2347 972 spectat,
2368 902 2611 958 excurrit
2632 902 2699 957 ad
2726 904 2899 959 stadia
2935 904 3156 961 circiter
3175 910 3471 980 octoginta.

1984 991 2253 1048 Calen-um
2280 1004 2335 1049 et
2355 995 2465 1064 jam
2484 994 2681 1049 olim'rn
2714 1002 2978 1064 potestate
2991 994 3344 1054 Januensium
3373 1001 3475 1055 fuit

1903 1084 2091 1149 Chius,
2126 1100 2226 1142 nec
2258 1095 2435 1142 tamen
2466 1090 2638 1145 armis
2674 1097 2856 1159 capta.
2919 1086 3115 1143 Verum
3148 1106 3273 1146 cum
3323 1091 3473 1149 Gm-

1904 1191 2094 1232 corum
2130 1193 2283 1249 reges
2332 1179 2580 1249 pecunia:
2644 1180 2827 1251 inopia
2881 1181 3212 1250 laborarent,
3255 1194 3476 1254 propter

1904 1269 2103 1325 bellqu
2135 1272 2279 1341 quod
2308 1287 2369 1327 ea
2412 1282 2738 1342 tempestate
2762 1274 3023 1344 gerebant
3048 1291 3171 1331 cum
3205 1278 3375 1337 Medis
3394 1282 3472 1353 (3)

1902 1374 1957 1419 et
1981 1363 2256 1428 Triballis,
2294 1381 2541 1435 magnam
2576 1366 2817 1435 pecunia:
2848 1370 2955 1422 vim
3020 1380 3215 1425 mutuo
3244 1388 3474 1444 accepe-

1903 1468 2030 1511 runt
2060 1473 2091 1511 a
2108 1457 2336 1512 Martino
2358 1458 2435 1527 (4)
2452 1460 2569 1528 ejus
2596 1459 2785 1514 insula:
2801 1471 3035 1516 rectore.
3063 1462 3235 1519 Graeci
3254 1469 3469 1522 tandem

1901 1566 2017 1605 eam
2056 1551 2284 1605 insulam
2332 1562 2680 1620 receperunt,
2738 1569 2862 1608 cum
2917 1570 2992 1611 aes
3043 1556 3307 1623 alienum,
3364 1575 3472 1629 quo

1900 1653 2054 1699 erant
2089 1644 2307 1714 obligati
2337 1644 2586 1710 Martino,
2632 1647 3043 1715 persolvissent.
3083 1649 3290 1706 Deinde
3325 1656 3473 1707 venit

1902 1735 2077 1791 insula
2124 1736 2240 1790 haec
2295 1736 2349 1790 in
2390 1735 2747 1792 Januensium
2815 1738 3076 1795 ditionem
3118 1760 3132 1796 :
3192 1746 3309 1814 qui,
3343 1760 3467 1798 cum

1900 1844 2006 1882 non
2027 1828 2253 1882 multum
2279 1831 2539 1898 temporis
2558 1830 2956 1896 intervenisset,
2986 1838 3324 1891 advenerunt
3341 1853 3465 1891 cum

1898 1920 2235 1983 triremibus,
2271 1932 2329 1975 ut
2364 1922 2551 1976 urbem
2588 1939 2707 1978 eam
2746 1935 3023 1993 caperent.
3053 1926 3114 1980 Hi
3137 1943 3238 1983 nec
3260 1931 3467 1999 populi.

1900 2031 1999 2072 nec
2040 2018 2387 2086 magistratus
2416 2033 2683 2073 consensu
2720 2029 2773 2074 et
2793 2019 3073 2076 voluntate
3104 2022 3257 2078 missi
3287 2033 3464 2088 erant,

1900 2120 1956 2164 ut
1981 2112 2209 2165 insulam
2244 2127 2363 2165 eam
2407 2114 2461 2165 in
2480 2112 2740 2167 ditionem
2768 2115 3095 2183 reciperent,
3128 2132 3321 2170 verum
3366 2133 3465 2172 sua

1899 2214 2113 2272 sponte,
2189 2221 2313 2259 cum
2364 2217 2548 2261 essent
2609 2222 2804 2262 novem
2837 2207 2920 2277 (5)
2973 2208 3306 2264 familiarum
3360 2212 3464 2265 viri

1897 2300 2185 2369 prim-ipes,
2210 2301 2277 2353 ab
2301 2300 2463 2355 domo
2490 2301 2740 2371 profecti,
2773 2302 3007 2357 insulam
3032 2317 3151 2357 eam
3181 2303 3464 2375 subegere.

1896 2391 1974 2446 Ex
2006 2407 2073 2446 eo
2102 2402 2346 2461 tempore
2372 2394 2648 2448 communi
2700 2397 2931 2450 consilio
2957 2410 3153 2467 magna
3171 2396 3464 2452 concordia

1897 2487 2084 2540 urbem
2112 2488 2504 2557 gubernarunt,
2541 2504 2664 2542 cum
2712 2489 2911 2558 ubique
2939 2489 3183 2558 ipsorum
3217 2491 3272 2544 in
3299 2491 3465 2547 rebus

1896 2583 2145 2651 gerendis
2159 2581 2421 2637 modestia
2444 2581 2703 2636 eluceret.
2725 2581 2964 2636 Tandem
3002 2584 3155 2639 urbis
3183 2592 3239 2638 et
3270 2583 3465 2637 insula:

1896 2685 2075 2745 partes
2100 2685 2351 2729 emerunt
2378 2676 2477 2729 viri
2514 2674 2842 2741 Januenses,
2875 2676 2966 2745 qui
3002 2677 3295 2745 plurimum
3344 2677 3464 2743 pol-

1894 2768 2072 2822 Iebant
2111 2768 2328 2837 opibus,
2352 2778 2571 2836 propter
2619 2768 2864 2824 masticis
2906 2768 3137 2823 reditum
3165 2777 3218 2822 et
3232 2784 3465 2838 proven-

1893 2869 2027 2914 tum.
2064 2858 2245 2914 Insula
2271 2875 2508 2929 namque
2529 2862 2627 2912 ista
2655 2860 2706 2911 in
2734 2858 2871 2914 mari
2906 2858 3093 2930 AEng
3110 2860 3235 2926 sita,
3269 2862 3459 2915 masti-

1890 2952 1969 3006 cis
2004 2952 2237 3005 fructum
2260 2951 2434 3006 reddit
2465 2952 2799 3006 uberrimum
2843 2962 2932 3007 :et
2978 2952 3071 3023 qui
3125 2953 3251 3007 huic
3307 2954 3459 3022 operi

1889 3052 2018 3100 sunt
2057 3046 2265 3109 intenti,
2301 3046 2450 3100 lucra
2483 3045 2868 3102 Inultafernnt.
2903 3047 3027 3101 Haec
3059 3057 3242 3102 autem
3273 3050 3457 3102 minus

1890 3148 2096 3194 remota
2152 3140 2220 3193 ab
2287 3142 2411 3195 Asia
2469 3150 2572 3207 est,
2630 3158 2795 3211 quam
2843 3144 3124 3211 praedicta,
3187 3144 3458 3213 siquidem

214 3238 517 3290 Διοικεῖται
548 3232 656 3302 δὲή
683 3232 836 3291 πόλις
872 3230 1012 3299 αὕτη
1041 3230 1145 3281 ὑπὸ
1175 3231 1282 3283 τῶν
1309 3230 1461 3282 ἐννέα
1485 3230 1784 3299 ἀρχόντων,

1891 3234 2081 3291 stadiis
2115 3236 2344 3289 maxime
2376 3235 2768 3305 quinquaginta
2802 3248 3006 3306 septem
3074 3238 3142 3292 ab
3185 3254 3247 3293 ea
3297 3239 3461 3295 dissi-

210 3331 388 3399 τήντε
416 3328 578 3396 νῆσον
600 3323 774 3395 ἀρχὴν
793 3322 1057 3387 τάπρῶτα
1084 3322 1587 3391 κατασχόντων,καὶ
1631 3322 1787 3376 ὔστε-

210 3441 311 3493 ρον
339 3420 514 3474 ἄλλων
549 3416 974 3483 ἐξωνησαμένων
1004 3414 1143 3467 αὐτὰ
1160 3416 1228 3466 τὸ.
1254 3413 1592 3485 πάτρια,τῶν
1627 3414 1686 3466 ὲν
1716 3417 1781 3484 τῇ

205 3516 369 3569 πόλει
383 3512 563 3566 ἀστῶν
577 3509 684 3563 ἀπὸ
700 3508 810 3561 τῶν
838 3506 1104 3577 Ἐλλήνων
1121 3506 1401 3576 βασιλέων.
1424 3507 1710 3576 Εὖνομήθη
1727 3508 1783 3559 δὲ

205 3609 305 3662 καὶ
324 3609 359 3677 ἡ
376 3606 534 3668 πόλις
559 3606 657 3674 τῆς
686 3604 846 3667 Χίου,
869 3602 1103 3670 μάλιστα
1124 3601 1179 3653 δὲ
1209 3601 1417 3653 πόλεων
1442 3601 1549 3654 τῶν
1586 3602 1641 3653 ὲν
1667 3602 1781 3665 ταῖς

201 3702 398 3769 νήσοις
432 3697 676 3758 ταύταις,
710 3694 806 3746 κα)⁵
846 3692 1145 3759 προσοδίων
1212 3691 1519 3762 ἱκανωτάτη
1550 3691 1709 3762 ἔσχεν
1745 3694 1777 3760 ή

202 3794 387 3853 πόλις,
415 3791 556 3842 ὥστε
589 3790 682 3839 ἐπὶ
715 3788 858 3857 μέγα
880 3783 1039 3838 δλὸον
1069 3785 1364 3854 ἀφικέσθαι
1392 3786 1512 3847 τοὺς
1548 3787 1647 3855 τὴν
1684 3786 1778 3837 πό-

199 3889 295 3939 λιν
350 3883 515 3953 τήνδε
547 3883 858 3941 διέποντας.
902 3876 1297 3946 Ἐστρατεύετο
1324 3877 1379 3930 δὲ
1437 3878 1728 3948 Μεχμέτης
1752 3879 1780 3930 ὁ

212 3975 579 4045 Ἀμουράτεω
605 3973 697 4024 tati.
727 3971 825 4041 τὴν
853 3969 1060 4023 Λέσϐον
1087 3968 1348 4031 διἀίτίας
1374 3968 1481 4021 τῶν
1513 3970 1780 4040 πρότερόν

199 4090 301 4142 μοι
336 4069 749 4140 δεδηλωμένωνο
788 4064 1067 4133 ἐπιφέρων
1098 4064 1156 4116 δὲ
1193 4063 1285 4115 τὸν
1312 4062 1404 4116 τοῦ
1435 4063 1663 4131 ἀδελφοῦ
1687 4065 1781 4133 φό-

196 4183 315 4228 νον,
334 4168 427 4218 καὶ
443 4161 705 4231 τιμωρῶν
730 4161 795 4230 τῇ
818 4158 1024 4211 ἐκείνου
1038 4156 1207 4226 ψυχῇ·
1234 4156 1373 4225 μετὰ
1392 4158 1447 4209 δὲ
1470 4162 1559 4209 καὶ
1573 4158 1663 4209 διὰ
1680 4158 1779 4228 τὴν

198 4259 348 4329 πρὸς
382 4256 511 4319 τοὺς
539 4253 803 4323 πειρατὰς
828 4249 1077 4318 ἑταιρίαν
1108 4246 1293 4303 αὐτοῦ.
1377 4248 1692 4318 Ἐκομίζετο
1720 4251 1777 4303 δὲ

195 4351 372 4411 αὐτὸς
403 4348 500 4416 μὲν
527 4346 668 4416 πεζῇ
694 4346 749 4406 ἐς
763 4344 864 4415 τὴν
895 4343 1085 4395 Ἀσίαν
1132 4340 1352 4404 διαϐάς·
1376 4343 1468 4394 τδν
1494 4342 1550 4395 δὲ
1588 4344 1775 4397 στόλον

192 4440 371 4496 αὑτοῦ
400 4441 487 4493 διὰ
512 4439 787 4510 Θαλάσσης
815 4440 1129 4509 ἐκπέμψας,
1166 4440 1421 4508 τριήρεις
1480 4439 1580 4508 μὲν
1607 4440 1770 4493 πέντε

196 4536 303 4589 καὶ
341 4533 536 4597 εἴκοσι,
566 4532 725 4585 πλοῖα
746 4531 804 4583 δὲ
838 4532 1012 4600 μικρά
1043 4531 1186 4600 ἀμφὶ
1230 4531 1299 4583 τὰ
1358 4532 1571 4584 ἑκατόν.
1635 4532 1776 4595 Τοὺς

1889 3338 1941 3383 ta
1979 3336 2082 3383 est.
2132 3328 2480 3383 Gubernatur
2508 3343 2537 3382 a
2570 3329 2906 3398 principibus
2940 3330 3045 3384 illis
3091 3346 3309 3396 novem,
3362 3335 3459 3401 qui

1887 3423 2061 3491 primo
2094 3437 2212 3476 eam
2268 3423 2498 3476 insulam
2530 3422 2772 3491 suijuris
2801 3422 3044 3477 fecerunt
3077 3441 3092 3477 :
3125 3440 3339 3479 necnon
3388 3428 3457 3479 ab

1883 3514 2003 3569 aliis
2032 3514 2125 3584 qui
2152 3517 2493 3583 postmodum
2525 3516 2729 3583 patrias
2784 3516 2946 3570 urbes
2982 3516 3034 3570 in
3062 3531 3123 3572 ea
3180 3518 3359 3573 insula
3386 3518 3456 3573 ab

1883 3606 2193 3662 Graecorum
2222 3608 2441 3677 regibus
2457 3610 2820 3663 redemerunt.
2858 3610 3173 3681 Metropolis
3208 3611 3326 3666 Chii
3356 3628 3456 3683 op-

1883 3698 2028 3753 timis
2056 3700 2259 3768 regitur
2287 3701 2624 3768 legibusmec
2654 3701 2745 3754 ulli
2786 3701 3029 3756 omnium
3057 3704 3295 3766 urbium,
3330 3720 3453 3774 qua:

1883 3792 1936 3846 in
1976 3794 2094 3848 istis
2124 3794 2316 3849 insulis
2339 3794 2769 3864 frequentantur,
2816 3796 3116 3867 disciplinae
3170 3800 3454 3854 sanctitate

1883 3885 2107 3939 inferior
2161 3897 2262 3940 est.
2332 3885 2562 3942 Reditus
2633 3888 2797 3942 habet
2859 3888 3214 3959 largissimas,
3288 3893 3453 3963 279

1880 3980 1970 4047 qui
2006 3979 2324 4033 incredibile
2360 3988 2439 4033 es:
2523 3981 2695 4045 dictu,
2733 3993 2967 4051 quantas
3020 4000 3149 4054 opes
3204 3992 3453 4056 suppedi-

1883 4080 1997 4125 tent
2040 4071 2103 4124 iis
2138 4071 2228 4139 qui
2256 4087 2375 4125 cam
2423 4082 2637 4140 regunt.
2680 4073 2749 4127 At
2794 4074 3141 4143 Mechmetes,
3176 4080 3450 4135 Atnuratis

1881 4164 2046 4228 ﬁlius,
2079 4164 2299 4218 hostilia
2367 4180 2519 4219 arma
2554 4166 2741 4222 intulit
2777 4167 2975 4234 Lesbo,
3010 4170 3096 4224 bis
3150 4171 3217 4225 de
3269 4175 3450 4228 causis

1880 4272 2019 4325 quas
2049 4272 2215 4326 supra
2250 4261 2703 4315 memoravimus.
2769 4262 3076 4317 Accedebat
3126 4275 3321 4332 pratter
3363 4285 3450 4322 so.

1878 4351 2150 4413 cietatem,
2195 4366 2357 4421 quam
2410 4367 2534 4406 eum
2578 4354 2771 4422 piratis
2814 4355 3011 4409 inierat
3068 4354 3231 4413 Lesbi
3292 4361 3445 4429 prin-

1879 4460 2027 4513 ceps,
2078 4444 2240 4499 etiam
2277 4444 2463 4498 fratris
2528 4461 2676 4499 mors
2710 4464 2723 4501 :
2756 4448 2912 4515 cujus
2946 4448 3163 4518 culpam
3216 4452 3273 4505 in
3322 4469 3445 4507 emn

1878 4536 2177 4606 principem
2228 4552 2321 4590 rex
2356 4536 2743 4603 transferebat,
2804 4549 2858 4594 et
2890 4542 3076 4596 ulcisci
3111 4543 3298 4599 fratris
3332 4562 3449 4599 ma-

187 4630 256 4682 δὲ
289 4626 618 4696 τηλεῦόλους
656 4624 745 4677 διὰ
772 4624 1054 4690 θαλάσσης
1084 4622 1345 4692 ἐκόμιζεν
1377 4624 1434 4687 ἐς
1458 4622 1557 4692 τὴν
1583 4625 1767 4692 νῆσον,

1891 4644 1974 4683 tes
2012 4630 2067 4685 in
2116 4630 2360 4684 animum
2407 4630 2725 4687 induxerat.
2787 4633 2897 4688 Rex
2982 4636 3201 4706 quidem
3253 4639 3447 4694 itinere

192 4712 299 4771 καὶ
327 4716 512 4777 λίθους
540 4716 750 4769 τούτων
781 4716 924 4785 ἀμφὶ
948 4713 1076 4778 τοὺς
1120 4713 1442 4783 δισχιλίους.
1503 4712 1616 4783 Τὴν
1673 4713 1772 4781 μὲν

183 4806 294 4864 οὖν
322 4810 684 4879 παρασκευὴν
712 4807 806 4861 τοῦ
834 4807 1072 4876 πολέμου
1102 4807 1321 4860 ἐκέλευε
1346 4808 1434 4861 διὰ
1491 4806 1769 4873 θαλάσσης

182 4900 602 4971 ἐκκομίζεσθαι
625 4900 670 4932 ³⁵
701 4904 758 4963 ἐς
787 4902 883 4969 τὴν
913 4903 1097 4970 νῆσονο
1130 4900 1293 4962 αὐτὸς
1337 4902 1393 4954 δὲ
1427 4901 1764 4970 ἀφικόμενος

181 4998 252 5058 ἐς
288 5011 340 5047 τι
372 4994 557 5046 πεδίον
586 4995 654 5054 ³⁸,
689 4994 1015 5063 ἐπεραιοῦτο
1042 4995 1099 5052 ἐς
1130 4994 1229 5057 τὴν
1259 4994 1444 5062 νῆσον,
1501 4996 1663 5054 αὐτός
1711 5012 1768 5046 τε

179 5090 294 5141 καὶ
349 5088 400 5139 οί
453 5088 562 5139 τῶν
597 5086 778 5155 θυρῶν
838 5088 1013 5150 ὄντες,
1054 5088 1151 5141 καὶ
1200 5089 1310 5141 ἀπὸ
1341 5088 1441 5155 τῆς
1495 5088 1768 5157 Εὐρώπης

173 5184 341 5249 ἀμφὶ
372 5182 500 5243 τοὺς
527 5180 845 5250 δισχιλίους.
877 5182 958 5234 Τὰ
992 5183 1100 5251 γάρ
1131 5200 1213 5235 τοι
1241 5181 1655 5252 στρατεύματα,
1695 5182 1771 5243 ὼς

170 5274 386 5341 διῆκεν
409 5272 653 5323 ἐπανιὼν
692 5273 800 5324 ἀπὸ
830 5274 928 5341 τῆς
968 5275 1197 5338 Δακίας,
1240 5275 1439 5327 αὐτίκα
1499 5274 1656 5343 ἐπῄει
1710 5289 1767 5323 τε

168 5372 251 5429 ἐς
282 5367 387 5436 τὴν
410 5366 594 5431 νῆσον,
632 5366 724 5417 καὶ
755 5366 1060 5436 ἀπέϐησαν.
1100 5367 1438 5437 Ἐπέδραμον
1464 5366 1521 5419 δὲ
1546 5367 1764 5431 αὐτίκα,

168 5460 291 5512 καὶ
319 5458 567 5529 ἐδῄωσαν
595 5461 696 5528 τὴν
716 5460 902 5527 νῆσον,
938 5460 1036 5511 καὶ
1066 5459 1377 5529 ἀνδράποδα
1439 5458 1597 5525 ὀλίγα
1641 5461 1767 5511 ἐπε-

1874 4720 2115 4791 pedcstri
2138 4722 2190 4775 in
2214 4722 2401 4775 Asiam
2430 4723 2709 4779 transiens
2732 4724 3008 4779 ferebatur
3038 4742 3052 4780 :
3090 4737 3144 4782 at
3192 4730 3445 4795 classem,

1874 4828 1996 4882 qua
2042 4814 2506 4882 complectebatur
2561 4816 2815 4871 triremes
2863 4818 3341 4890 vigintiquinque,
3392 4834 3446 4877 et

1876 4920 2042 4959 naves
2105 4905 2347 4961 minores
2390 4916 2637 4972 centum,
2685 4924 2780 4977 per
2850 4925 2999 4964 mare
3059 4914 3213 4982 sequi
3272 4915 3443 4984 jubet.

1876 4995 2209 5051 Bombardas
2264 5012 2359 5066 per
2388 5013 2537 5053 mare
2597 4999 2652 5054 in
2689 5000 2929 5055 insulam
2975 5018 3094 5057 eam
3163 5014 3443 5075 transpor-

1878 5090 2016 5141 tavit
2050 5108 2063 5142 :
2095 5106 2309 5144 necnon
2361 5091 2591 5158 lapides,
2654 5094 2858 5161 quibus
2902 5107 3285 5160 onerarentur,
3338 5102 3435 5153 cir-

1880 5181 2021 5235 citer
2050 5183 2133 5235 bis
2168 5184 2338 5237 mille.
2398 5182 2531 5237 Belli
2589 5185 2810 5252 quidem
2844 5186 3212 5242 instrumenta
3238 5200 3290 5243 et
3325 5206 3445 5242 ma-

1879 5274 2073 5329 chinas
2138 5277 2275 5329 mari
2335 5276 2400 5329 ad
2455 5291 2575 5330 eam
2625 5279 2863 5332 insulam
2922 5281 3147 5335 subvehi
3210 5284 3443 5335 curavit.

1877 5366 2000 5436 lpse
2056 5383 2188 5421 vero
2246 5369 2475 5424 veniens
2549 5369 2883 5437 Possidium,
2940 5374 3177 5441 pedestri
3246 5375 3444 5429 itinere

1875 5462 1942 5514 ad
1983 5460 2218 5514 insulam
2261 5461 2577 5527 accedebat,
2626 5462 2836 5519 ducens
2868 5466 3161 5535 januarum
3215 5468 3441 5534 milites,

1486 5572 1733 5633 Notulae
1766 5575 2166 5650 marginales.

265 5675 340 5743 (ὅ)
376 5674 581 5729 Persis.

264 5749 341 5812 (ί)
376 5745 645 5799 Martinus
681 5744 799 5799 Chii
834 5756 1010 5800 rector
1045 5744 1394 5815 Boccanigra,
1430 5746 1585 5800 1261.

262 5913 302 5943 ³³
330 5910 565 5982 ταύτην,
597 5910 657 5967 R.
701 5926 754 5965 ut
782 5913 833 5964 in
865 5929 913 5967 ι’.
990 5912 1033 5943 ³³
1063 5909 1429 5983 ἐργαζομένη.

1949 5681 2029 5750 (5)
2056 5683 2139 5737 ΑΙ.
2171 5687 2352 5738 decem
2385 5700 2524 5751 quos
2560 5686 2849 5744 Maonesos
2869 5696 3085 5745 vocant.
3127 5687 3447 5745 Videlusti-

1872 5752 2117 5819 nianum,
2148 5771 2273 5809 ann.
2310 5755 2441 5808 1261
2478 5770 2531 5811 et
2555 5759 2712 5813 1346.

1531 5914 1575 5947 3"
1604 5914 1667 5967 In
1700 5934 1821 5986 uno,
1860 5938 2020 5992 κοσμ.
2096 5922 2139 5955 ³⁵
2168 5924 2234 5977 In
2268 5940 2387 5991 uno,
2419 5926 2509 5978 ἐπὶ
2544 5942 2602 5979 π.
