4180 6434
235 368 339 430 517

1296 384 1395 442 DF.
1448 380 1698 441 ΗΕΒυὸ
1724 377 2083 436 'IUlilllCIS
2117 382 2261 442 LIB.
2292 384 2357 446 Χ.

3358 401 3459 464 518

229 478 374 546 αὑτῷ
406 481 503 551 τὴν
535 483 953 558 ἀγνωμοσύνην,
1014 490 1124 543 οὐδ’
1160 492 1234 554 ὡς
1274 496 1573 563 ἀτυχήσειν
1632 492 1779 552 αὐτὸς

1900 490 2028 552 rim,
2080 494 2207 548 sciri
2260 497 2462 564 poterit
2516 499 2585 552 ah
2620 500 2688 556 iis
2740 502 2835 570 qui
2883 505 3025 559 Asia:
3052 505 3166 562 loca
3191 508 3456 568 incolunt.

230 570 463 639 ἔφασκεν
491 578 691 643 ὁτῳοῦν
724 581 834 633 τῶν
859 582 1099 649 ἀγαθῶν.
1147 585 1286 637 Ἀλλ’
1316 586 1477 638 αὐτόν
1509 603 1565 638 τε
1597 584 1791 650 mea-

229 668 413 721 σεσθαι
445 670 487 700 ³⁷
530 672 844 741 παραδόντα
880 677 1074 728 ἑαυτὸν
1105 676 1183 746 τῷ
1221 678 1455 744 βασιλεῖ,
1486 680 1579 729 καὶ
1602 678 1669 743 ἣν
1701 678 1791 728 εὑ-

227 762 319 827 νοῇ
346 764 457 823 τοῖς
474 764 639 816 αὑτοῦ
668 766 1007 835 πράγμασιν,
1030 769 1128 820 οὐκ
1162 770 1559 841 άχθεσθήσεταί
1584 770 1627 801 ³⁸
1662 785 1789 821 ποτε

225 850 311 922 διά
337 855 513 908 τοῦτο.
548 856 732 910 Ταῦτα
765 860 961 927 λέγων,
985 861 1085 928 τήν
1113 877 1171 912 τε
1230 861 1389 913 πόλιν
1430 861 1789 929 παραλαϐὼν,

226 944 423 999 αὐτίκα
449 948 723 1015 ἐκέλευεν,
758 954 904 1006 ίόντα
934 955 1025 1008 καὶ
1062 946 1234 1018 ἐςτὰς
1265 956 1430 1014 ἄλλοις
1461 957 1670 1018 πόλεις,
1702 972 1792 1007 κε-

224 1037 402 1090 λεύειν
439 1043 792 1111 παραδιδόναι
817 1046 916 1108 τὰς
952 1049 1305 1117 ἀκροπόλεις.
1363 1050 1537 1111 Αὐτὸς
1571 1048 1669 1116 μὲν
1694 1042 1791 1100 οὖν

228 1131 327 1181 σὺν
361 1133 476 1191 τοῖς
550 1132 819 1203 βασιλέως
865 1137 1135 1206 ὑπάρχοις
1196 1139 1445 1208 περιιὼν,
1497 1138 1785 1206 παρεδίδου

222 1223 318 1282 τὰς
357 1223 539 1288 πόλεις
566 1226 643 1296 τῷ
675 1226 904 1296 βασιλεῖ.
968 1232 1077 1284 Καὶ
1111 1233 1407 1302 ὲγκαθίστη
1462 1231 1559 1300 μὲν
1589 1234 1667 1294 είς
1697 1232 1790 1282 αὐ-

221 1316 328 1378 τάς.
354 1317 600 1384 φυλακάς
627 1320 905 1390 βασιλεύς·
954 1326 1054 1394 τὴν
1081 1325 1137 1377 δὲ
1184 1325 1337 1377 πόλιν
1389 1324 1705 1395 Μιτυλήνην
1734 1326 1790 1386 ἐς

220 1408 344 1476 τρία
367 1410 699 1481 διελόμενος,
758 1416 949 1485 τὸ¹μὲν
993 1417 1163 1469 αὐτοῦ
1222 1419 1606 1485 ἐγκατέλιπεν,
1655 1418 1788 1470 εἴτι

221 1502 441 1566 αχρεῖον
470 1499 537 1573 ἦν
565 1504 658 1556 τοῦ
689 1506 902 1575 ὁμίλου,
928 1508 988 1561 τὸ
1012 1509 1068 1561 δὲ
1105 1510 1292 1581 ἕτερον
1339 1510 1647 1579 διενείματο
1675 1512 1787 1573 τοῖς

218 1595 440 1663 νεήλυσι
462 1613 475 1625 ·
508 1597 605 1665 τὴν
630 1598 683 1650 δὲ
711 1601 902 1669 τρίτην
936 1604 1130 1672 μοῖραν
1166 1603 1471 1673 κατῴκισεν
1498 1607 1552 1664 ἐς
1581 1603 1789 1666 Βυζάν-

217 1705 353 1751 τιον,
376 1688 429 1741 εἴ
455 1707 507 1741 τι
540 1686 608 1761 ἦν
642 1692 749 1745 τῶν
782 1694 966 1747 ἀστῶν
994 1696 1146 1762 ἄξιον
1168 1696 1329 1765 λόγου
1392 1698 1486 1750 καὶ
1530 1695 1785 1767 εὔπορον.

218 1777 357 1840 Τοὺς
380 1781 435 1833 δὲ
467 1784 732 1851 πειρατὰς
760 1786 1087 1855 ἀπαγαγὼν,
1122 1789 1464 1858 κατέσφαξεν
1480 1792 1537 1852 ἐς
1561 1808 1786 1861 τριακο-

219 1870 366 1933 σίους
400 1873 637 1940 μάλιστα
685 1878 740 1940 ὲς
794 1879 972 1949 χῶρον
1009 1880 1107 1933 ἕνα
1154 1883 1263 1934 τῶν
1309 1883 1675 1950 προαστείων,
1716 1887 1785 1938 τά

218 1962 450 2033 σώματα
474 1968 599 2037 δίχα
629 1973 951 2039 ποιούμενος
982 1974 1040 2035 ἐς
1068 1976 1168 2042 τὴν
1204 1976 1446 2044 σφαγήν.
1476 1975 1646 2028 Τοῦτο
1676 1976 1786 2045 γὰρ

219 2055 524 2129 βιαιότερον
558 2061 614 2124 ὲς
640 2064 768 2125 τοὺς
794 2066 1090 2134 πολεμίους
1123 2066 1391 2138 ἐξεύρητο
1422 2068 1515 2120 τοῦ
1552 2068 1784 2121 θανάτου

221 2144 382 2215 εἶδος,
418 2153 478 2206 τδ
509 2154 668 2225 σῶμα
696 2156 754 2219 ἐς
776 2156 871 2211 δύο
889 2160 1129 2229 τέμνειν.
1174 2160 1519 2225 Καταθέντες
1554 2162 1647 2215 οὖν
1688 2163 1785 2231 τὴν

221 2244 473 2313 τομὴνλές
504 2247 564 2299 τὸ
594 2249 933 2320 διάφραγμα.
975 2252 1099 2305 ὅθεν
1134 2253 1422 2322 ξυμϐαίνει
1466 2257 1640 2324 ῐσχειν
1694 2257 1786 2307 ἐπὶ

218 2338 351 2391 πολὺ
384 2341 483 2409 τῆς
508 2341 767 2413 τελευτῆς
825 2345 912 2400 διά
963 2346 1136 2401 ταῦτα
1175 2347 1266 2399 τὸν
1310 2347 1780 2418 διαφθειρόμενον.

228 2433 559 2505 Ἐγκαθίστη
621 2436 678 2490 δὲ
703 2441 784 2501 εἰς
845 2440 945 2510 τὴν
1014 2443 1167 2496 πόλιν
1240 2444 1444 2512 ταύτην
1503 2444 1784 2514 νεήλυδας,

214 2527 358 2594 ἀμφὶ
386 2530 511 2590 τοὺς
537 2529 848 2595 διακοσίους
866 2535 962 2587 καὶ
995 2534 1288 2599 Ἀζάπιδας
1322 2538 1378 2600 ἐς
1411 2540 1781 2606 τριακοσίους,

217 2620 310 2669 καὶ
348 2619 585 2687 ἄρχοντα
634 2622 837 2691 αὐτῶν,
886 2626 982 2679 τοῦ
1018 2628 1336 2696 Σαμλιάτεω
1386 2631 1571 2694 παῖδα,
1614 2632 1783 2701 ἄνδρα

216 2708 517 2779 ἐπίσημον,
553 2710 612 2763 οὖ
637 2713 727 2765 τὸν
754 2716 969 2785 πατέρα
1001 2718 1061 2769 ὲν
1086 2721 1205 2782 ταῖς
1268 2719 1534 2788 βασιλέως
1592 2722 1785 2791 θύραις

213 2804 440 2858 ἀκούειν
491 2806 853 2879 δικαιοσύνης
885 2811 1112 2881 ἄριστον
1156 2816 1498 2882 ἐπυθόμεθα,
1545 2818 1785 2886 μάλιστα

213 2900 268 2952 δὲ
291 2901 552 2971 δικαστὴν
584 2903 692 2957 τῶν
720 2906 776 2957 ὲν
819 2908 939 2969 ταῖς
968 2906 1233 2976 βασιλέως
1289 2910 1483 2979 θύραις
1521 2912 1784 2964 καθιστα-

216 2993 413 3061 μένων,
443 2997 532 3046 καὶ
552 2995 708 3057 δίκας
730 2996 1029 3051 δικάσαντα
1058 2999 1302 3068 ἄριστον·
1366 3002 1581 3055 πάντων
1618 3004 1674 3055 δὲ
1701 2998 1777 3056 ὧν

212 3086 378 3153 ἡμεῖς
444 3086 623 3153 ἴσμεν,
680 3088 775 3139 καὶ
828 3089 1140 3159 ἐξευρόντα,
1190 3085 1277 3145 οἷα
1337 3093 1401 3163 δὴ
1464 3094 1782 3147 ἀποϐαίνειν

1896 581 2027 633 Nam
2085 588 2380 655 mancipia,
2447 594 2855 662 quamprimum
2899 599 3259 667 capiebantur
3290 618 3321 656 e
3370 616 3456 658 tua

1894 674 2133 741 regione,
2164 680 2429 735 continuo
2468 698 2498 736 a
2532 699 2619 738 me
2650 686 2890 743 dominis
2927 691 3045 745 suis
3068 693 3455 749 reddebantur.

1893 766 2162 823 Praeterea
2202 776 2503 828 maximum
2572 777 2706 832 mihi
2740 781 2840 834 fuit
2872 784 3140 849 studium,
3198 799 3256 841 ut
3284 791 3457 844 sicubi

1894 869 2076 913 vestra
2136 866 2408 933 mancipia
2453 868 2578 936 quis
2601 880 2743 925 esset
2782 883 2995 940 nactus,
3034 892 3094 930 ea
3117 879 3303 933 statim
3358 882 3455 934 do-

1893 951 2054 1007 minis
2104 956 2218 1009 suis
2262 959 2703 1021 restituerentur.
2743 965 2896 1030 Quod
2962 969 3167 1036 piratas
3223 976 3457 1042 suscepi,

1893 1060 1953 1095 ea
2021 1047 2195 1114 gratia
2233 1047 2438 1102 factum
2467 1061 2570 1115 est,
2616 1052 2691 1108 ne
2720 1060 2932 1123 praedas
2962 1074 3027 1113 ex
3082 1076 3202 1115 mea
3239 1064 3457 1132 regione

1896 1148 2143 1204 agi-rent,
2208 1156 2438 1211 eamque
2504 1148 2767 1201 vastando
2836 1164 3276 1222 corrumperent.
3348 1158 3456 1212 Nec

1894 1227 1986 1281 ulli
2049 1231 2241 1285 borum
2281 1250 2521 1304 unquam
2566 1237 2646 1292 vel
2675 1240 3023 1295 occasionem
3077 1246 3310 1311 praebui,
3372 1248 3455 1302 vel

1892 1321 2182 1375 consilium
2212 1326 2355 1391 dedi,
2404 1338 2463 1379 ut
2492 1329 2887 1400 adnavigantes
2941 1336 3238 1405 quidquam
3272 1340 3456 1394 damni

1892 1413 2100 1494 regioni
2129 1424 2234 1469 tuae
2266 1421 2647 1487 importarent.
2677 1421 2834 1479 Nunc
2870 1437 3051 1481 autem
3078 1430 3144 1484 ad
3195 1424 3246 1486 te
3274 1433 3456 1497 venio,

1893 1506 2079 1559 urbem
2141 1516 2306 1577 atque
2368 1510 2503 1565 adeo
2549 1514 2860 1569 universam
2911 1514 3146 1574 insulam
3205 1524 3303 1576 tibi
3349 1534 3447 1578 tra-

1891 1600 2049 1653 dens.
2121 1601 2363 1672 Supplex
2417 1620 2551 1659 vero
2589 1602 2660 1662 'te
2717 1624 2836 1675 oro,
2878 1620 2938 1665 ut
2996 1616 3453 1682 quemadmodum

1891 1691 2156 1746 hactenus
2182 1696 2346 1751 rebus
2392 1698 2501 1751 tuis
2547 1700 2843 1769 plurimum
2888 1698 3276 1762 benevolentiae
3322 1726 3453 1779 pra:-

1893 1784 2031 1849 stiti,
2078 1786 2153 1841 ita
2188 1786 2347 1842 nobis
2382 1792 2587 1858 gratias
2639 1794 2839 1850 referat
2878 1812 2995 1851 rex.
3049 1796 3172 1853 Hinc
3236 1801 3452 1869 quidem

1890 1876 2033 1929 fatus
2088 1888 2191 1944 est,
2232 1888 2285 1932 ει
2312 1879 2571 1951 lacryma‘.
2631 1884 2906 1941 cadebant
2967 1888 3175 1944 oborta:
3227 1890 3452 1955 dicenti,

1888 1967 2100 2023 inscitia
2147 1972 2546 2039 oppidanorum
2573 1975 2776 2032 factum
2809 1994 2955 2047 esse,
3006 1958 3151 2050 ι]ιῖοᾱ
3206 1998 3311 2037 non
3340 1995 3454 2039 sta“

1888 2058 1983 2111 tim
2046 2060 2115 2115 ab
2165 2061 2321 2117 initio
2362 2079 2484 2117 cum
2539 2066 2679 2122 bona
2729 2073 2796 2123 ab
2872 2086 2993 2141 rege
3049 2073 3453 2139 nuntiarentur,

1887 2154 2115 2208 venerit.
2176 2154 2289 2210 Rex
2341 2158 2684 2227 exprobrans
2725 2162 2772 2214 ei
2830 2178 2986 2216 suam
3073 2165 3345 2220 inscitiam
3400 2182 3452 2221 ιιι

1887 2247 2335 2317 imprudentiam,
2384 2264 2662 2322 postremo
2694 2258 3131 2312 consolationem
3177 2261 3449 2324 adhibuit,

1883 2342 2080 2413 iubens
2141 2360 2265 2399 eum
2317 2361 2439 2401 esse
2498 2348 2641 2403 bono
2701 2352 2908 2414 animo,
2966 2351 3101 2404 nihil
3147 2369 3270 2406 eum
3326 2358 3450 2409 mali

1886 2446 2107 2507 prOpter
2140 2438 2192 2491 id
2228 2439 2377 2507 quod
2425 2441 2600 2509 primo
2647 2458 2757 2495 non
2808 2445 3057 2512 paruerit
3107 2446 3285 2501 edicto
3314 2452 3453 2518 regis

1889 2546 2197 2598 passurum.
2245 2532 2339 2587 llis
2396 2534 2539 2589 ultro
2606 2537 2850 2603 citroque
2878 2538 3060 2603 dictis,
3120 2540 3308 2594 urbem
3356 2559 3450 2596 rex

1886 2623 1939 2677 in
1997 2625 2255 2677 ditionem
2320 2628 2565 2696 accepit,
2621 2630 3032 2701 principemque
3071 2634 3234 2687 etiam
3272 2634 3325 2689 in
3368 2654 3453 2690 re.

1889 2716 2061 2784 liquas
2111 2717 2304 2772 insulae
2357 2719 2521 2774 urbes
2598 2721 2673 2773 ire
2713 2722 2890 2789 jubet,
2954 2735 3011 2779 ιιι
3057 2741 3244 2781 earnm
3298 2744 3451 2783 arces

1886 2823 1944 2860 se
1994 2806 2267 2862 dederent.
2329 2809 2431 2874 Qui
2472 2811 2696 2878 impigre
2743 2813 2897 2881 jussa
2954 2817 3094 2886 regis
3128 2832 3445 2886 capessens,

1886 2916 1992 2953 una
2048 2916 2170 2953 cum
2244 2903 2406 2971 regiis
2459 2902 2729 2972 prmfectis
2785 2909 2948 2961 urbes
3010 2908 3166 2977 adiit,
3237 2926 3440 2983 easque

1886 2995 1997 3063 regi
2076 2995 2322 3050 tradidit.
2387 2999 2495 3052 Rex
2545 3002 2829 3063 continuo,
2888 3019 2956 3057 ne
2999 3020 3105 3073 qua
3162 3007 3444 3060 innovatio

1887 3085 2218 3148 exoriretur,
2287 3088 2451 3141 urbes
2500 3090 2557 3143 in
2588 3090 2847 3156 ditionem
2895 3104 3149 3163 acceptas
3183 3097 3452 3166 praesidiis

211 3176 441 3245 ἔμελλεν
473 3179 504 3245 ἡ
540 3179 662 3249 δίκη
692 3181 747 3241 ἐς
781 3181 904 3243 τοὺς
934 3182 1351 3252 δικαζομένους.
1412 3187 1514 3239 Τὸν
1564 3189 1620 3239 δὲ
1676 3191 1774 3241 Λέ-

1886 3178 2088 3232 firmat.
2124 3178 2508 3249 Mitylenarum
2546 3184 2690 3237 cives
2724 3184 2777 3237 in
2813 3194 2921 3239 tres
2943 3186 3221 3242 distribuit
3245 3200 3449 3258 partes.

212 3268 345 3321 o6ou
371 3270 612 3337 ἡγεμόνα
660 3273 1027 3342 ἐνεγκάμενος
1070 3276 1180 3329 ἀπὸ
1229 3276 1330 3342 τῆς
1377 3279 1604 3346 πόλεως,
1639 3280 1776 3350 σύμ-

211 3375 393 3414 παντα
421 3361 639 3413 ἐκέλευε
689 3365 1014 3432 κομίζεσθαι
1052 3370 1108 3430 ἐς
1141 3371 1458 3433 Βυζάντιον.
1494 3376 1778 3446 Ἐξελόμε-

208 3472 300 3518 νος
329 3456 386 3507 δέ
417 3459 468 3508 oi
503 3458 599 3510 καὶ
620 3459 726 3509 τῶν
774 3460 1016 3532 ἀρίστων
1055 3464 1153 3532 τῆς
1209 3466 1418 3519 Λέσϐου
1468 3471 1667 3533 παῖδάς
1719 3489 1777 3524 τε

209 3550 305 3601 καὶ
327 3548 639 3619 θυγατέρας
669 3552 813 3620 ἀμφὶ
842 3554 968 3615 τοὺς
1007 3554 1396 3622 ὀκτακοσίους,
1429 3562 1590 3624 αὐτὸς
1638 3566 1778 3633 ἀπή-

207 3642 410 3694 λαυνεν
438 3643 521 3694 ἐπ’
550 3643 725 3707 οἴκου,
750 3647 845 3699 καὶ
866 3647 964 3709 τάς
990 3666 1049 3699 τε
1104 3652 1354 3720 τριήρεις
1403 3654 1588 3723 διῆκεν
1623 3658 1779 3709 ἀπιέ-

206 3755 321 3806 ναι,
344 3737 739 3804 ἐγκαταλιπὼν
800 3739 962 3792 πλοῖα
997 3745 1170 3810 μικρά
1221 3747 1390 3799 αὐτοῦ
1457 3767 1559 3801 που
1613 3754 1669 3803 ἐν
1712 3755 1774 3821 τῇ

204 3834 377 3901 νήσῳ.
413 3832 526 3902 Τὴν
563 3832 664 3901 μὲν
694 3833 788 3886 οὖν
818 3835 1055 3905 ἀδελφὴν
1086 3838 1179 3890 τοῦ
1204 3842 1494 3909 ἡγεμόνος,
1526 3846 1622 3897 καὶ
1649 3847 1780 3914 πρό-

203 3943 368 3996 τερον
393 3925 631 3980 ἁλοῦσαν
665 3928 771 3981 ὑπὸ
830 3928 1096 3998 βασιλέως
1127 3936 1185 3985 ἐν
1239 3936 1483 4005 Κολχίδι,
1544 3943 1778 4005 γυναῖκα

203 4016 378 4072 οὖσαν
409 4019 674 4088 βασιλέως
714 4020 955 4085 Ἀλεξίου
992 4024 1086 4075 τοῦ
1112 4026 1403 4096 Κομνηνοῦ
1436 4030 1535 4097 τῆς
1574 4049 1779 4101 τραπε-

204 4113 451 4176 ζοῦντος.
485 4114 792 4183 ἐσηγάγετο
812 4117 974 4186 μέχρι
998 4120 1141 4181 τινὸς
1166 4121 1220 4182 ἐς
1244 4120 1341 4191 τὴν
1370 4128 1776 4197 γυναικωνῖτιν,

204 4206 421 4257 πολλῶν
444 4206 507 4275 δὴ
541 4207 840 4278 καλλίστην
872 4210 967 4261 καὶ
998 4209 1207 4281 ὡραίαν
1275 4214 1577 4287 λεγομένην
1614 4215 1776 4286 εἶναι,

202 4297 722 4366 προαποθανοῦντος
755 4298 847 4351 τοῦ
881 4300 1074 4368 ἀνδρὸς
1093 4305 1264 4371 αὐτῆς
1290 4307 1347 4356 ἐν
1382 4308 1775 4376 Τραπεζοῦντι,

202 4394 301 4444 καὶ
363 4392 532 4457 αὐτῆς
566 4394 869 4459 γενομένης
916 4394 1009 4444 καὶ
1044 4392 1210 4462 οὔσης
1267 4398 1464 4466 χήρας,
1516 4402 1779 4468 μεθ’ένδς

200 4486 396 4546 παιδὸς
431 4484 525 4536 καὶ
552 4485 736 4552 μόνου.
764 4484 866 4538 Τὸν
898 4487 954 4539 δὲ
988 4488 1153 4540 παῖδα
1183 4490 1394 4553 τοῦτον,
1423 4494 1512 4544 ὅτε
1533 4491 1646 4547 εἷλε
1678 4499 1776 4566 τὴν

197 4577 619 4647 ’1“ραπεζοῦντα,
654 4580 1106 4646 εἰσενεγκάμενος
1139 4583 1232 4633 καὶ
1252 4584 1416 4635 αὑτὸν
1443 4587 1469 4637 ὁ
1498 4586 1776 4655 βασιλεὺς,

198 4676 260 4725 ἐν
292 4671 568 4741 θεραπεία
598 4689 656 4722 τε
680 4668 795 4739 εἶχε
840 4672 1072 4737 μάλιστα
1096 4675 1159 4744 δὴ
1192 4676 1396 4729 παίδων
1430 4680 1538 4731 τῶν
1574 4683 1631 4733 ἑν
1657 4686 1777 4746 ταῖς

199 4763 475 4833 βασιλέως
527 4764 721 4832 θύραις
757 4764 897 4832 μετά
923 4782 986 4831 γε
1013 4764 1105 4817 τὸν
1138 4768 1245 4819 ἀπὸ
1285 4769 1579 4830 Βυζαντίου
1617 4777 1777 4827 παῖδα

209 4857 568 4924 Ἀμουράτεω
596 4856 848 4924 ἀδελφόν.
887 4858 999 4927 Τὴν
1040 4859 1141 4927 μὲν
1171 4860 1264 4913 οὖν
1297 4864 1576 4933 θυγατέρα
1621 4868 1777 4937 βασι-

194 4950 343 5010 λέως
378 4948 786 5016 Τραπεζοῦντος
820 4952 1020 5002 Ἀνναν
1049 4952 1368 5021 λεγομένην,
1402 4959 1495 5009 καὶ
1518 4960 1779 5028 Χριστια-

194 5042 323 5109 νὴν,
346 5041 720 5109 φυλαχθεῖσαν
752 5041 967 5111 ὁρισμῷ
992 5044 1085 5095 τοῦ
1119 5046 1467 5114 κρατοῦντος,
1500 5050 1778 5118 ἡρμόσατο

194 5135 440 5202 Ζαγάνῳ
474 5136 550 5203 τῷ
603 5135 943 5199 Μακεδονίας
1004 5138 1103 5205 τῆς
1130 5139 1279 5190 κάτω
1342 5141 1572 5213 ὑπάρχῳ
1623 5164 1778 5210 γενο-

196 5227 377 5292 μένῳ,
412 5226 597 5289 ἐξότου
628 5228 723 5295 τὴν
751 5228 1168 5298 Πελοπόννησαν
1224 5234 1386 5284 αὑτὸν
1417 5236 1770 5306 ἀφελόμενος,

192 5319 509 5385 ἐπέτρεπεν
552 5318 823 5372 ’Λλϐάνεω
858 5322 1031 5383 παιδὶ,
1063 5322 1141 5388 τῷ
1179 5324 1328 5375 Ἰυών
1385 5326 1683 5398 λεγομένῳ,
1724 5336 1770 5384 εί

192 5413 296 5463 καί
324 5410 558 5478 ὕστερον
591 5413 894 5481 ἐχωρίσατο
924 5414 1130 5483 ταύτην
1161 5418 1187 5466 ὁ
1218 5418 1434 5484 κρατῶν
1466 5420 1552 5471 ἐπ’
1580 5424 1768 5490 αὑτοῦ,

185 5503 574 5571 ἀναγκάζοντι
609 5504 811 5573 ταύτην
837 5506 1090 5571 γενέσθαι
1127 5509 1183 5568 ἐς
1224 5510 1321 5577 τὴν
1352 5510 1651 5581 θρησκείαν
1676 5517 1774 5569 αὐ-

188 5596 312 5649 τοῦ.
341 5595 450 5648 Τὸν
486 5598 582 5665 μὲν
612 5596 703 5647 οὖν
762 5599 1008 5665 ἡγεμόνα
1046 5600 1142 5664 τῆς
1188 5600 1421 5661 Λέσϐου,
1481 5606 1540 5656 οὐ
1597 5608 1780 5677 πολλῷ

1809 4535 1856 4592 D

1884 3271 2040 3340 Vulgi
2117 3272 2365 3329 inutilem
2438 3284 2644 3342 partem
2720 3276 2795 3329 ibi
2874 3278 3157 3349 reliquit;
3224 3281 3449 3336 alteram

1883 3361 2187 3430 peregrinis
2288 3365 2561 3417 concessit
2624 3383 2641 3419 :
2726 3366 2962 3433 tertiam,
3058 3386 3179 3439 quae
3254 3387 3451 3441 genere

1881 3467 1936 3511 et
2001 3457 2199 3525 opibus
2250 3459 2614 3528 principatum
2718 3460 2879 3516 facile
2961 3463 3260 3530 obtinebat,
3351 3466 3450 3537 By-

1883 3552 2120 3605 zantium
2166 3552 2486 3621 deportavit.
2530 3551 2742 3609 Piratas
2824 3566 3093 3610 trecentos
3168 3558 3221 3612 in
3283 3576 3451 3613 unum

1884 3641 2064 3695 locum
2116 3652 2268 3695 extra
2325 3643 2512 3696 urbem
2586 3652 2904 3697 contractos
2959 3644 3182 3699 occidit.
3222 3646 3289 3699 Et
3337 3660 3447 3714 quo

1885 3735 2043 3803 28],
2110 3735 2385 3789 crudelius
2426 3737 2690 3805 perirent,
2749 3752 2979 3802 corpora
3028 3753 3215 3790 eorum
3273 3739 3452 3791 media

1882 3830 2161 3883 dissecuit.
2206 3829 2342 3881 Nam
2374 3830 2574 3897 placuit
2616 3831 2729 3899 regi
2765 3830 3064 3883 Turcorum
3094 3832 3197 3884 hoc
3255 3832 3451 3884 mortis

1881 3935 2078 3989 genere
2132 3924 2181 3972 in
2244 3919 2427 3973 hostes
2482 3920 2585 3983 uti,
2646 3931 2702 3973 ut
2741 3921 2947 3991 majore
2990 3921 3317 3976 crudelitate
3369 3924 3451 3974 in-

1882 4014 2131 4075 terirent,
2173 4012 2427 4067 dissectis
2479 4013 2801 4080 corporibus
2842 4013 3057 4076 mediis,
3116 4014 3298 4081 gladio
3331 4016 3450 4068 dia-

1886 4106 2192 4174 phragmati
2246 4104 2467 4158 adacto.
2508 4103 2642 4159 Nam
2675 4106 2767 4176 qui
2804 4107 2861 4159 in
2899 4106 3047 4160 hunc
3078 4107 3298 4161 modum
3336 4123 3451 4161 ca:-

1882 4199 2050 4264 ditur,
2111 4199 2201 4252 diu
2242 4199 2434 4253 mortis
2483 4198 2704 4253 dolores
2733 4199 3113 4255 amarissimos
3150 4201 3450 4269 experitur.

1884 4291 2018 4344 lluic
2058 4302 2239 4345 autem
2288 4291 2429 4356 urbi,
2483 4308 2550 4346 ne
2592 4307 2757 4357 quam
2790 4290 3152 4346 defectionem
3193 4293 3443 4347 moliren-

1881 4396 1967 4439 tur
2024 4386 2236 4449 incolae,
2279 4386 2547 4440 ducentos
2601 4386 2668 4439 de
2734 4386 3149 4455 peregrinorum
3197 4402 3450 4456 corpore,

1880 4489 1935 4533 et
1993 4488 2265 4532 trecentos
2321 4478 2586 4546 Azapides
2629 4477 2920 4546 imposuit.
2972 4476 3065 4533 His
3089 4480 3280 4533 ducem
3316 4494 3447 4533 con—

1881 4569 2055 4625 stituit
2104 4568 2396 4622 Samblatis
2448 4568 2634 4632 filium,
2691 4569 2868 4623 virum
2933 4570 3217 4636 illustrem,
3295 4573 3451 4642 cujus

1880 4673 2032 4732 pater
2072 4663 2125 4715 in
2169 4663 2312 4729 regis
2376 4659 2569 4715 Januis
2597 4661 2801 4730 judicis
2866 4660 3045 4716 ofﬁcio
3092 4664 3311 4717 fuoctus
3342 4678 3449 4720 est.

1880 4767 1933 4810 et
1959 4755 2231 4824 litigantes
2270 4766 2482 4807 summa
2515 4753 2794 4823 diligentia
2820 4764 2874 4806 et
2902 4756 3205 4809 attentione
3223 4760 3457 4814 audivit.-

1880 4861 1935 4904 et
1982 4847 2308 4901 sententiam
2368 4862 2585 4900 summa
2658 4846 2919 4915 aequitate
2992 4848 3231 4901 adhibita
3291 4850 3447 4907 dixit.

1883 4942 2019 4994 adeo
2076 4949 2134 4992 ut
2170 4940 2329 4992 facile
2376 4939 2584 5007 primas
2646 4941 2787 4992 inter
2810 4954 3002 4993 omnes
3037 4940 3330 5007 januarum
3362 4946 3446 5007 ju-

1883 5036 2031 5089 dires
2080 5032 2382 5085 [κωτίλης
2417 5031 2894 5101 cuimjustissime
2938 5031 3078 5085 dixit
3115 5048 3130 5085 :
3163 5044 3217 5086 et
3266 5034 3445 5092 facilis

1881 5130 2231 5197 clemensque
2314 5127 2540 5179 omnino
2617 5124 2804 5179 fuitin
2861 5126 3190 5179 inveniendo
3262 5144 3459 5195 pinnas

1882 5226 2081 5293 quibus
2132 5223 2374 5275 damnati
2433 5220 2727 5280 subdendi'i
2756 5229 2959 5272 essent.
3016 5218 3173 5274 Lesbi
3252 5222 3447 5274 durem

1883 5327 2001 5364 eam
2054 5311 2242 5363 urbem
2281 5310 2611 5376 relinquere,
2676 5319 2729 5361 et
2762 5308 2944 5361 omnia
2997 5324 3090 5361 sua
3128 5310 3447 5379 Byzantium

1884 5405 2189 5459 transferre
2244 5404 2423 5471 jubet.
2458 5403 2577 5470 Ipse
2609 5418 2740 5454 vero
2791 5418 3046 5456 reversus
3084 5414 3167 5457 est
3196 5409 3453 5471 domum,

1888 5502 2093 5566 eligens
2144 5497 2246 5551 sibi
2307 5496 2628 5564 optimatum
2687 5495 2851 5548 Lesbi
2913 5510 3135 5563 pueros,
3194 5498 3333 5551 filios
3399 5506 3452 5549 et

1891 5593 2031 5645 tilias
2077 5590 2297 5643 circiter
2328 5587 2693 5656 octingentas.
2726 5586 3003 5643 Trirctnes
3037 5604 3252 5657 quoque
3282 5589 3448 5642 abdu-

1495 5727 1739 5792 Notulte
1779 5736 2177 5815 marginales.

264 5849 313 5883 ³⁷
336 5846 406 5901 In
427 5865 553 5915 uno,
579 5849 769 5918 ἡσθήσ.
854 5854 894 5884 ⁵³
918 5852 981 5906 R.
1013 5852 1460 5921 άχθεσθήσεσθαι.
