4180 6434
713 367 813 427 5'9

1840 361 2155 423 LAONICI
2198 359 2863 420 CHALCOCONDYLJE

3850 356 3949 419 520

713 487 809 540 xit,
848 476 1055 531 relictis
1105 485 1288 531 tamen
1330 475 1566 545 navigiis
1604 475 1915 530 minoribus
1963 478 2015 528 in
2078 475 2278 529 insula.

2389 473 2621 542 ὕστερον
2650 473 3058 541 αἰτιασάμενος,
3095 472 3357 524 συνέλοϐἐ
3393 490 3452 525 τε
3517 474 3610 525 καὶ
3671 472 3954 541 καθεῖρξε-δ

711 570 969 623 Sororem
1001 569 1181 634 ducis,
1221 583 1382 638 quam
1407 570 1572 623 etiam
1629 579 1788 622 antea
1829 585 1921 622 rex
1950 577 2171 638 ceperat
2221 569 2272 620 in

706 662 988 717 Colchidis
1040 665 1284 731 regione,
1348 677 1577 716 uxorem
1644 662 1934 716 Alexandri
1979 661 2272 724 Comneni,

707 756 801 824 qui
838 771 930 809 rex
977 763 1094 809 erat
1133 755 1522 826 Trapezuntis,
1587 755 1797 810 induxit
1826 756 1879 808 in
1907 766 2270 825 gynaeceum':

707 848 982 917 siquidem
1051 847 1228 902 forma
1291 847 1614 902 antecedere
1657 845 1982 900 credebatur
2012 860 2078 898 eo
2138 854 2276 898 tem-

708 957 838 1008 pore
871 955 1080 1005 omnes,
1129 947 1401 1010 quotquot
1429 940 1500 994 ob
1540 938 1733 994 formae
1775 938 2100 1008 elegantiam
2121 952 2272 989 com-

708 1032 1129 1084 mendabantur.
1178 1031 1408 1087 Maritus
1431 1033 1551 1100 ejus
1601 1039 1971 1101 pratmortuus
2002 1043 2114 1083 erat
2147 1028 2274 1082 'l'ra-

705 1135 931 1192 pezunte
963 1124 1191 1192 ipsaque
1221 1123 1380 1176 vidua
1448 1132 1590 1183 erat.
1637 1122 1829 1178 relicto
1875 1122 2039 1176 filiolo
2087 1121 2268 1175 unico.

711 1216 818 1269 Rex
882 1224 1040 1284 capta
1085 1214 1454 1283 Trapezunte,
1515 1230 1743 1282 puerum
1782 1215 1930 1267 hunc
1990 1213 2267 1275 abduxitf:

713 1317 767 1360 et
818 1319 932 1374 prae
958 1307 1174 1361 czrteris
1208 1315 1332 1374 post
1358 1319 1590 1374 puerum
1625 1305 1969 1375 Byzantium,
1998 1305 2273 1359 Amuratis

706 1395 958 1460 fratrem,
1027 1399 1082 1450 in
1111 1396 1298 1465 januis
1348 1395 1738 1465 benignissime
1766 1395 2039 1449 tractavit.
2078 1393 2270 1449 Filiam

705 1491 1061 1559 Trapezuntii
1115 1491 1260 1559 regis
1295 1491 1507 1544 Annam
1534 1488 1780 1555 nomine,
1807 1497 1861 1541 et
1902 1488 2269 1541 Christianam

705 1585 1030 1637 cnstorlitam
1065 1599 1165 1652 pro
1215 1583 1445 1638 arbitrio
1502 1581 1728 1636 victoris
1778 1581 2049 1634 connubio
2093 1581 2272 1647 juuxit

708 1675 944 1743 Zagano,
1009 1674 1289 1729 inferioris
1351 1673 1684 1728 Macedonia“:
1715 1671 1990 1741 praefecto.
2048 1670 2124 1725 Ex
2163 1688 2273 1742 quo

709 1779 890 1821 autem
956 1783 1080 1822 cum
1155 1767 1516 1837 Peloponnesi
1585 1765 1812 1834 imperio
1865 1765 2097 1833 expulit,
2152 1780 2268 1818 eam

709 1860 938 1913 Albanis
1005 1860 1135 1924 filio,
1198 1859 1286 1913 cui
1350 1858 1479 1931 lyon
1544 1873 1743 1912 nomen
1791 1865 1931 1920 erat,
2002 1839 2344 1914 tradidit:n

708 1951 958 2020 quamvis
997 1966 1118 2006 eam
1155 1951 1420 2020 deinceps
1467 1951 1739 2019 acceperit
1788 1950 2041 2015 vincens,
2083 1965 2276 2019 coegev

712 2046 892 2114 ritque
921 2059 1074 2098 suam
1108 2044 1425 2114 religionem
1479 2056 1784 2098 assumere.
1848 2040 2002 2096 Haud
2043 2043 2274 2095 multum

712 2137 1028 2191 intercessit
1061 2137 1352 2205 temporis,
1403 2145 1456 2191 et
1483 2135 1678 2190 Lesbio
1719 2135 1846 2189 duci
1900 2133 2090 2190 nescio
2133 2134 2274 2204 quod

707 2229 918 2283 crimen
954 2229 1199 2298 impegit,
1230 2239 1555 2298 captumque
1586 2230 1636 2281 In
1678 2227 1897 2282 vincula
1943 2227 2111 2283 dedit.
2168 2227 2280 2297 Ego

708 2322 930 2391 quidem
983 2323 1188 2384 audivi,
1251 2336 1377 2376 eum
1411 2321 1463 2375 in
1523 2335 1798 2375 carcerem
1852 2335 1976 2375 esse
2033 2331 2273 2389 raptum,

710 2411 855 2476 quod
912 2410 1233 2480 displiceret
1265 2410 1402 2480 regi,
1443 2420 1498 2465 et
1525 2409 1636 2478 jam
1671 2411 1802 2463 olim
1834 2410 1936 2479 ipsi
1980 2408 2148 2464 fuerit
2195 2412 2274 2463 in-

711 2504 861 2556 visus
926 2513 1148 2572 propter
1194 2502 1360 2555 multa
1403 2511 1456 2556 et
1491 2501 1834 2556 intoleranda
1871 2502 2036 2563 mala,
2075 2502 2273 2572 quibus

711 2595 915 2661 regiam
969 2595 1229 2649 familiam
1270 2595 1560 2648 aﬂecisset.
1628 2590 1853 2658 Verum,
1890 2604 1947 2647 ut
1997 2594 2087 2647 alii
2146 2610 2270 2665 per-

713 2687 923 2752 hibeut,
991 2687 1147 2746 banc.
1197 2687 1340 2754 quod
1390 2687 1443 2740 in
1497 2700 1775 2742 carcerem
1835 2686 2117 2755 conjectus
2175 2689 2268 2750 sit,

2379 568 2520 636 ἔχων
2551 567 2610 620 ὲν
2638 569 2877 637 φυλακῇο
2915 568 2989 629 ὡς
3017 569 3116 636 μὲν
3150 568 3263 633 ἐγὼ
3284 568 3592 638 ἐπυθόμην,
3633 567 3710 629 ὡς
3754 568 3854 620 οὐκ
3891 567 3946 619 ἑν

2377 659 2569 729 γνώμῃ
2591 659 2864 726 γεγονότα
2914 658 2992 728 τῷ
3023 659 3238 726 βασιλεῖ
3291 661 3383 713 τὸν
3431 661 3683 730 ἡγεμόνα
3731 659 3944 721 τοῦτον,

2378 753 2472 804 καὶ
2504 751 2772 820 πρότερον
2823 752 3112 823 ἀχθομένῳ
3140 753 3290 823 αὐτῷ
3345 754 3438 806 ἐπὶ
3466 753 3685 815 πολλοῖς
3734 753 3944 805 eamea;

2375 861 2433 894 τε
2460 845 2555 896 καὶ
2585 844 2909 914 ἀνηκέστοις
2944 844 3126 913 ἔργοις
3159 844 3295 914 πρὸς
3317 845 3408 897 τὸν
3441 845 3712 914 βασιλέως
3775 841 3943 895 οἶκον·

2379 937 2535 998 ὡςδὲ
2600 936 2693 988 ὑπ’
2723 936 2902 989 ἄλλων
2945 937 3187 1004 λέγεται,
3235 938 3407 991 παῖδα
3457 937 3794 1004 διατρυγὸντα
3849 936 3947 995 τὰς

2379 1027 2644 1098 βασιλέως
2671 1025 2866 1097 θύρας,
2905 1028 3201 1094 ἀφικέσθαι
3232 1029 3328 1080 ἐπὶ
3357 1028 3448 1080 τὸν
3481 1027 3694 1081 Λέσϐου
3751 1026 3943 1078 τοῦτον

2377 1124 2640 1190 ἡγεμόνα,
2673 1122 2767 1172 καὶ
2806 1121 3214 1190 μεταϐάλλοντα
3273 1123 3333 1184 lc
3368 1123 3468 1190 τὴν
3500 1121 3799 1190 θρησκείαν
3853 1116 3944 1169 τοῦ

2387 1212 2584 1282 Ἰησοῦ,
2612 1213 2866 1280 γενέσθαι
2901 1215 3127 1267 παιδικὰ
3167 1213 3357 1269 αὑτοῦ.
3435 1213 3525 1276 Ὠς
3576 1212 3632 1265 δὲ
3670 1213 3704 1281 ἡ
3739 1209 3942 1270 Λέσϐος

2376 1308 2539 1371 ἑάλω,
2569 1308 2662 1358 καὶ
2691 1309 2747 1369 ἐς
2771 1306 3064 1370 Βυζάντιον
3093 1306 3329 1373 εγενετο,
3361 1305 3701 1377 ὲπηλέληστὸ
3757 1321 3817 1356 τε
3844 1301 3939 1355 τοῦ

2376 1399 2566 1461 παιδὸς
2589 1399 2616 1450 ό
2635 1397 2880 1467 ἡγεμὼν,
2908 1397 2973 1428 ³⁸⁶
3006 1397 3102 1450 καὶ
3131 1394 3325 1467 δώροις
3344 1399 3566 1468 πέμψας
3601 1398 3674 1459 ὡς
3695 1397 3940 1467 βασιλέα,

2376 1490 2696 1558 ἑπέγνωκὰν
2719 1507 2778 1542 τε
2807 1490 2857 1541 οί
2898 1490 3106 1554 παῖδες,
3173 1491 3267 1543 καὶ
3307 1491 3524 1557 ἐξεῖπον
3585 1491 3663 1559 τῷ
3715 1490 3941 1560 βασιλεῖ.

2377 1582 2496 1634 Kal
2529 1582 2622 1634 τὸν
2654 1581 2752 1650 μὲν
2785 1581 2946 1634 παῖδα
2983 1583 3239 1652 κατέσχε,
3273 1583 3368 1634 καὶ
3392 1582 3486 1634 τὸν
3507 1582 3757 1651 ἡγεμόνα
3795 1583 3947 1633 συνέ-

2377 1676 2504 1727 λαόἐ
2534 1694 2615 1737 τε,
2651 1679 2745 1729 καὶ
2767 1680 2825 1730 ὲν
2849 1679 3069 1746 δεσμοῖς
3110 1679 3410 1748 ἐποιήσατο
3462 1678 3581 1746 ἅμα
3613 1678 3692 1746 τῷ
3740 1675 3946 1745 ἀνεψιῷ

2377 1766 2590 1836 Λουκίῳ
2610 1765 2687 1834 τῷ
2721 1771 2818 1836 τῆς
2875 1769 3036 1821 Λίνου
3090 1769 3370 1838 τυράννῳ,
3417 1769 3572 1821 παιδὶ
3644 1768 3946 1837 γενομένῳ,

2377 1860 2470 1911 καὶ
2500 1862 3083 1931 συγκατεργασαμένῳ
3107 1861 3183 1932 τῷ
3214 1862 3449 1931 ἡγεμόνι
3504 1862 3597 1914 τὸν
3643 1860 3736 1913 τοῦ
3796 1861 3948 1914 ἀδελ-

2375 1952 2476 2021 φοῦ
2501 1954 2682 2021 φόνον,
2714 1953 2810 2006 καὶ
2858 1953 2956 2024 τὴν
2999 1955 3297 2024 ἡγεμονίαν
3333 1955 3470 2024 ἅμα.
3505 1956 3580 2008 Οὐ
3615 1955 3750 2009 πολῦ
3812 1957 3940 2020 μὲν-

2375 2062 2456 2097 τοι
2493 2044 2721 2112 ὕστερον
2779 2044 2978 2117 ξυνέϐη
3041 2048 3136 2098 καὶ
3171 2048 3291 2100 τότε
3358 2047 3563 2108 αὐτοῖς.
3617 2049 3708 2111 Ὠς
3741 2048 3855 2116 γὰρ
3892 2049 3948 2098 ὲν

2375 2137 2568 2207 ἀπόρῳ
2593 2138 3008 2207 καθεστήκεσαν
3033 2138 3222 2208 ἄμφω,
3251 2140 3350 2191 οὐκ
3397 2141 3599 2202 εἰδότες
3633 2141 3739 2209 ὅπη
3776 2141 3948 2192 ἀπαλ-

2379 2227 2551 2296 λαγὴν
2585 2226 2856 2297 εὕρωνται
2896 2228 2995 2299 τῆς
3022 2231 3266 2300 εἱρκτῆς,
3303 2232 3628 2298 ἀνήνεγκαν,
3657 2231 3732 2292 ὡς
3801 2233 3856 2290 ἐς
3881 2233 3947 2283 τά

2379 2318 2586 2387 πάτρια
2617 2321 2683 2373 τὰ
2738 2320 3002 2389 Τοὺρκων
3055 2323 3192 2376 ίέναι
3245 2323 3548 2394 ἀμφότεροι
3608 2323 3950 2393 προθυμοῦν-

2375 2426 2484 2462 ται.
2521 2411 2627 2463 Kal
2651 2411 2812 2475 αὐτὸς
2829 2412 2928 2482 μὲν
2947 2413 3196 2482 βασιλεὺς
3217 2416 3406 2484 ἐσθῆτί
3423 2432 3478 2467 τε
3507 2415 3838 2484 ἐδωρήσατο,
3858 2420 3950 2468 καὶ

2374 2502 2562 2572 τιάρα,
2580 2506 2672 2556 καὶ
2689 2506 3117 2574 περιτεμόμενος
3133 2506 3449 2576 ἐλευθέρους
3470 2507 3684 2575 ἀφῆκεν
3704 2508 3799 2558 ἐπὶ
3817 2510 3951 2576 ἠμέ·

2379 2611 2476 2664 ρας
2490 2595 2551 2651 οὐ
2568 2595 2789 2657 πολλάς.
2815 2597 2970 2650 Μετὰ
2992 2596 3048 2650 δὲ
3069 2595 3243 2650 ταῦτα
3265 2597 3462 2651 αὐτίκα
3482 2593 3633 2660 αὖθις
3651 2600 3705 2659 ἐς
3723 2599 3952 2668 εἱρκτὴν

2379 2687 2764 2755 ποιησάμενος,
2783 2686 3046 2756 κατέσχεν
3069 2686 3164 2748 ἒςὸ
3182 2685 3246 2756 δὴ
3268 2684 3592 2752 ἀπαγαγὼν,
3613 2686 3946 2752 κατέσφαξε.

708 2779 920 2846 accipio
959 2793 1080 2833 esse
1127 2791 1374 2830 causam.
1425 2773 1630 2830 Ferunt
1684 2792 1914 2846 puerum
1967 2777 2256 2846 quemdam
2299 2778 2590 2850 fugientem
2660 2779 2860 2846 januas
2930 2782 3112 2848 regis,
3169 2779 3381 2834 venisse
3435 2782 3499 2833 ad
3563 2782 3706 2834 hunc
3789 2779 3949 2832 [λεειί

708 2873 925 2925 ducem.
991 2870 1164 2938 Quem
1246 2870 1338 2924 ubi
1398 2870 1728 2926 Christiana:
1801 2872 2080 2941 religionis
2159 2873 2264 2928 ﬁde
2303 2874 2520 2939 imbuit,
2574 2889 2682 2926 non
2715 2873 2982 2926 dubitavit
3046 2872 3364 2941 turpissimo
3431 2889 3614 2927 amore
3683 2875 3951 2942 pollue“.

710 2965 984 3033 Occupata
1050 2972 1230 3017 autem
1289 2961 1484 3025 Lesbo,
1530 2978 1655 3018 cum
1701 2962 1956 3032 princeps
1987 2962 2303 3034 Byzantium
2354 2965 2602 3028 abiisset,
2635 2963 2788 3032 pueri
2824 2963 3026 3017 oblitus
3063 2973 3167 3017 est.
3200 2965 3334 3018 Eum
3403 2965 3566 3034 282
3635 2964 3778 3017 inter
3831 2981 3948 3016 mu-

710 3070 840 3108 nera
877 3056 1124 3124 quaedam
1169 3055 1398 3110 missum
1433 3055 1500 3108 ad
1555 3069 1760 3122 regem,
1813 3054 1945 3122 regii
1991 3053 2148 3123 pueri
2197 3063 2560 3121 agnoverunt,
2615 3067 2843 3121 remque
2903 3054 3017 3122 regi
3078 3054 3483 3122 signiﬁcarunt.
3547 3054 3654 3107 [lex
3720 3071 3955 3122 puerum

710 3146 932 3213 quidem
961 3147 1229 3201 retinuit:
1266 3148 1462 3203 ducem
1508 3147 1672 3215 cepit,
1698 3153 1751 3199 et
1776 3146 1830 3198 in
1874 3159 2150 3199 carcerem
2183 3146 2359 3211 duxit,
2419 3161 2523 3198 una
2611 3160 2734 3198 cum
2769 3145 3096 3200 consobrino
3173 3147 3294 3216 ejus
3343 3146 3536 3207 Lucio.
3609 3145 3731 3199 Aini
3801 3150 3951 3216 prin-

711 3242 871 3304 cipe:
905 3243 996 3311 qui
1046 3259 1170 3298 cum
1222 3244 1416 3299 fuisset
1471 3259 1626 3313 puer,
1684 3241 1847 3298 Lesbi
1869 3242 2171 3312 principem
2210 3243 2262 3297 in
2301 3244 2549 3297 necando
2596 3242 2764 3296 fratre
2811 3252 2867 3297 et
2895 3243 3136 3309 parando
3199 3245 3505 3312 principatu
3567 3252 3791 3299 strenue
3856 3249 3954 3300 ad-

712 3339 950 3403 juvarat.
1006 3337 1116 3395 Nec
1156 3341 1328 3395 multo
1359 3349 1483 3412 post
1531 3339 1763 3394 Lesbum
1807 3351 2044 3410 captam,
2111 3341 2166 3393 in
2219 3338 2360 3395 lianc
2425 3340 2679 3394 miseram
2719 3340 2986 3408 provoluti
3043 3350 3173 3394 sunt
3241 3341 3648 3395 necessitatem.
3712 3339 3853 3396 Cum
3899 3344 3950 3396 in

714 3440 930 3483 summo
977 3431 1098 3483 vita:
1131 3441 1318 3485 essent
1373 3429 1540 3484 ambo
1569 3429 1905 3494 discrimine,
1963 3429 2112 3484 dubii
2159 3445 2266 3498 quo
2296 3446 2353 3484 se
2387 3439 2685 3495 verterent,
2725 3430 3146 3497 pronuntiarunt
3223 3447 3281 3486 se
3336 3429 3639 3487 ancorum
3715 3436 3950 3503 religio-

714 3536 1260 3596 uemassumpturos.
1285 3523 1400 3580 Rex
1425 3526 1644 3596 quidem
1676 3527 1890 3583 donans
1938 3540 2034 3582 eos
2063 3527 2258 3580 vestitu
2300 3535 2355 3581 ct
2420 3526 2578 3591 tiara,
2631 3541 2728 3582 eos
2789 3540 3008 3594 quoque
3069 3527 3433 3593 circumcidit,
3491 3536 3545 3581 et
3599 3529 3953 3596 impunitose

712 3633 934 3673 carcere
964 3618 1193 3673 dimisit.
1222 3616 1333 3673 Nec
1359 3627 1540 3674 tamen
1565 3620 1660 3674 diu
1696 3619 1800 3675 hoc
1830 3619 2031 3689 gaudio
2064 3619 2275 3673 illibato
2315 3619 2398 3674 usi
2443 3627 2591 3673 sunt.
2641 3615 2778 3674 Nam
2829 3619 2976 3674 brevi
3017 3629 3259 3689 tempore
3287 3632 3430 3690 post,
3479 3637 3572 3677 eos
3631 3625 3832 3681 iterum
3898 3631 3950 3682 in

709 3725 986 3764 carcerem
1020 3710 1181 3764 condi
1207 3710 1393 3779 jussit,
1444 3711 1757 3780 etdiligenti
1790 3712 2043 3768 custodia
2072 3712 2261 3766 tandiu
2309 3713 2636 3776 asservavit,
2694 3716 2866 3768 donec
2936 3713 3060 3767 inde
3103 3712 3370 3769 abductos
3451 3717 3671 3785 capitali
3740 3723 3952 3790 suppli-

709 3809 800 3862 cio
827 3805 1084 3861 afficeret.

777 3898 890 3953 Isto
919 3914 1063 3952 anno
1095 3912 1187 3955 rex
1215 3897 1369 3952 bisin
1401 3896 1648 3951 militiam
1681 3895 1955 3966 profectus
1973 3905 2078 3964 est,
2112 3896 2278 3950 semel

2457 3893 2562 3948 Τὸν
2599 3893 2700 3964 μὲν
2728 3889 2821 3948 οὖν
2851 3893 3098 3947 ἐνιαυτὸν
3122 3897 3330 3956 τοῦτον,
3390 3897 3470 3960 δὶς
3500 3899 3661 3960 αὐτὸς
3715 3903 3952 3968 ὲκστραμ

709 4001 901 4047 contra
934 3990 1128 4052 Dacos.
1167 3991 1361 4045 iterum
1406 3998 1597 4044 contra
1663 3986 1919 4053 Lesbum;
1974 3998 2027 4041 et
2051 3999 2280 4057 utraque

729 4085 870 4140 bella
905 4084 1138 4139 confecit
1160 4085 1349 4140 eodem
1403 4097 1570 4147 anno;
1622 4081 1904 4151 hiemsque
1966 4081 2277 4143 advenerat,

712 4187 1002 4246 antequam
1034 4177 1260 4231 domum
1311 4176 1489 4230 redire
1520 4183 1719 4244 posset.
1762 4173 1834 4227 Ea
1878 4174 2039 4243 igitur
2103 4174 2280 4227 hieme

714 4281 959 4324 versatus
983 4269 1227 4340 Byzantii
1294 4268 1523 4323 classem
1576 4265 1897 4321 adornabat.
1957 4265 2280 4320 Exstruebat

713 4363 933 4430 tu-mpla;
973 4360 1274 4414 arilificabat
1301 4357 1498 4429 regalia
1561 4356 1780 4424 palatia,
1832 4356 2132 4424 urbemque
2158 4371 2279 4410 eam

711 4455 813 4507 sibi
850 4455 1256 4507 accommoilam
1282 4451 1348 4504 ad
1379 4448 1591 4502 navalia
1625 4447 2045 4517 prmliareddere
2069 4448 2122 4500 in
2153 4448 2278 4501 ani-

713 4565 801 4598 mo
839 4547 1198 4600 constituerat
1239 4559 1252 4596 ε
1322 4551 1380 4595 ιιι
1406 4551 1618 4610 posset,
1648 4539 1928 4608 siquando
1989 4557 2121 4594 usus
2147 4556 2277 4608 pos-

713 4641 928 4700 tularet,
962 4634 1381 4690 memorabilem
1414 4634 1642 4686 classem
1679 4631 1801 4686 inde
1833 4631 1886 4684 in
1924 4647 2072 4685 mare
2109 4633 2278 4685 dedu-

711 4747 856 4786 cere.
889 4729 982 4783 His
1015 4726 1435 4796 cogitationibus
1490 4727 1750 4788 intentus,
1802 4724 2006 4778 invenit
2027 4738 2083 4778 se
2124 4722 2280 4778 facile

716 4837 876 4889 posse
906 4821 1245 4889 superiorem
1279 4832 1400 4871 esse
1424 4816 1691 4875 hostibus.
1731 4815 1781 4869 si
1817 4829 1964 4867 mare
1994 4814 2146 4868 solus
2181 4815 2271 4867 ob-

717 4917 901 4967 iiueat.
937 4914 1132 4965 Animo
1161 4919 1485 4978 conceperat
1521 4917 1804 4961 exstruere
1861 4919 1915 4960 et
1981 4906 2140 4959 aliam
2166 4923 2278 4961 mc-

718 5004 1060 5065 morabilem,
1096 5010 1217 5070 post
1251 4999 1605 5068 Propontidis
1631 4998 2051 5066 LaemocOpiam.
2087 5012 2270 5051 arcem

717 5096 956 5167 Byzantii
996 5095 1346 5148 mirabilem:
1384 5109 1548 5161 quam
1579 5093 1929 5147 exzrdificavit
1953 5093 2104 5161 juxta
2159 5108 2282 5161 por-

719 5204 961 5257 tasquas
994 5189 1203 5240 Aureas
1257 5185 1669 5254 nuncupabant.
1699 5185 2040 5239 Excitavitet
2099 5193 2277 5239 turres

2385 3987 2721 4054 τευσάμενος
2753 3983 3033 4057 βασιλεὺς,
3061 3987 3162 4056 τὴν
3208 3988 3309 4057 μὲν
3351 3989 3447 4042 ἐπὶ
3495 3993 3678 4054 Δᾶκας
3726 3992 3947 4047 ἐλευσιν

2386 4081 2706 4149 ἐποιήσατο,
2733 4080 2831 4151 τὴν
2854 4080 2910 4133 δὲ
2943 4081 3283 4137 ὲπὶΔέσῦον.
3324 4082 3436 4134 Kal
3481 4084 3738 4137 ἐτελεύτα
3795 4087 3949 4157 αὑτῷ

2382 4176 2438 4236 ἐς
2459 4173 2548 4226 τὸν
2570 4173 2815 4244 χειμῶνα
2844 4174 3034 4226 τοῦτον
3058 4174 3092 4244 ὴ
3122 4175 3206 4226 ἐπ’
3236 4173 3388 4227 οἴκου
3448 4176 3780 4248 ἀνακομιδή.
3838 4181 3948 4234 Kal

2382 4266 2472 4318 τὸν
2502 4265 2612 4332 ’μὲν
2635 4265 2881 4334 χειμῶνα
2903 4266 2960 4315 ὲν
2990 4265 3272 4333 Βυζαντίῳ
3318 4266 3631 4335 διατρίϐων,
3693 4273 3953 4326 ναυτικόν

2381 4374 2438 4409 τε
2463 4357 2784 4426 ἐξηρτύετο,
2821 4357 2914 4408 καὶ
2940 4357 2994 4416 ἐς
3034 4355 3126 4406 τὸν
3151 4354 3405 4419 Εὔξεινον
3466 4357 3657 4409 πόντον
3704 4361 3954 4429 ἐναυπηο

2388 4450 2537 4515 γεῐτο
2555 4447 2804 4517 τριήρεις
2834 4449 2977 4516 ἀμφὶ
3003 4445 3099 4509 τὰς
3129 4447 3448 4513 τριάκοντα.
3512 4449 3604 4501 καὶ
3649 4451 3955 4520 οἰκοδομῶν

2383 4542 2539 4602 ναούς
2566 4559 2624 4593 τε
2653 4541 2747 4592 καὶ
2779 4540 3045 4610 βασίλεια,
3074 4541 3288 4593 ἐπενόει
3311 4540 3409 4611 τὴν
3440 4541 3740 4604 Βυζαντίου
3790 4547 3950 4600 πόλιν

2383 4632 2530 4701 αὑτῷ
2575 4635 2654 4695 εἰς
2729 4632 2796 4684 τὰ
2851 4633 3082 4684 ναυτικὰ
3111 4633 3167 4693 ὲς
3218 4637 3449 4702 πορείαν
3488 4634 3531 4665 ³⁹
3589 4636 3950 4703 παρέξεσθαι·

2382 4726 2521 4779 ὥστε
2546 4726 2695 4791 ἄξιον
2717 4726 2880 4793 λόγου
2923 4725 3172 4779 ναυτικὸν
3226 4727 3280 4786 ἐς
3313 4726 3414 4795 τὴν
3457 4726 3736 4781 θάλασσαν
3763 4729 3949 4798 ηεξαρ-

2382 4818 2629 4870 τύεσοαι.
2667 4818 2747 4887 Τῇ
2791 4818 2897 4887 γὰρ
2951 4817 3193 4888 θαλάσσῃ
3247 4817 3594 4885 λογιζόμενος
3659 4819 3946 4889 εὕρισκεν.

2384 4906 2457 4968 ὡς
2479 4909 2526 4958 εί
2555 4909 2937 4975 ἐπικρατήσει,
2977 4910 3108 4978 ῥᾷον
3155 4910 3304 4981 αὑτῷ
3365 4913 3795 4980 παραχωρήσειν
3853 4917 3952 4967 καὶ

2384 4999 2451 5051 τὰ
2479 4999 2587 5050 τῶν
2623 5000 2918 5068 πολεμίων.
2955 5000 3241 5070 Ἐδείματο
3269 5002 3324 5055 δὲ
3353 5005 3448 5056 καὶ
3469 5005 3601 5074 ἄλλῃ
3629 5006 3756 5069 ἄξια
3782 5005 3946 5074 λόγου

2385 5091 2521 5160 μετὰ
2556 5092 2652 5162 τὴν
2712 5097 2770 5145 ἐν
2812 5094 3131 5162 Προποντίδι
3186 5096 3586 5167 Λαιμοκοπίην,
3643 5100 3749 5167 τήν
3782 5117 3835 5151 τε
3889 5104 3946 5151 ἐν

2383 5184 2659 5254 Βυζαντίῳ
2698 5186 2991 5254 ἀκρόπολιν
3036 5188 3201 5254 ἀξίως
3233 5188 3414 5256 λόγου,
3441 5192 3498 5251 ἐς
3553 5189 3653 5252 τὰς
3702 5195 3948 5261 χρυσέας

717 5282 997 5340 maximas,
1031 5287 1084 5330 et
1146 5276 1454 5346 spectaculo
1499 5275 1710 5345 dignas,
1764 5291 1972 5329 necnon
2027 5276 2280 5330 interiora

2393 5273 2729 5342 καλουμένας
2754 5275 2949 5338 πύλαςο
2974 5277 3218 5345 πύργους
3252 5294 3310 5330 τε
3344 5280 3634 5347 μεγίστους
3666 5284 3765 5333 καὶ
3803 5284 3954 5348 ἀξιο-

716 5372 895 5438 regiw,
931 5380 980 5422 et
1014 5368 1206 5423 turrim
1242 5383 1360 5436 quae
1383 5369 1558 5434 vergit
1583 5366 1650 5420 ad
1680 5367 2002 5434 Sc0piorum
2039 5377 2278 5435 pontem,

715 5478 824 5530 quo
853 5463 1098 5531 jungitur
1135 5461 1307 5513 Axius
1342 5458 1556 5512 fluvius.
1613 5459 1783 5511 Etiam
1841 5458 2043 5527 regiam
2097 5461 2277 5512 sedem

717 5552 1073 5620 AdrianOpoli
1116 5553 1253 5606 uitra
1281 5550 1590 5615 Twuarum,
1613 5566 1718 5619 qua
1747 5549 1982 5604 llcbrum
2016 5551 2274 5613 illabitur,

2388 5365 2631 5428 Οεάτους,
2666 5367 2762 5419 καὶ
2801 5367 2867 5420 τὰ
2901 5369 3048 5430 ἐντὸς
3082 5369 3353 5438 βασίλεια,
3405 5369 3498 5422 καὶ
3564 5372 3661 5439 τὴν
3695 5372 3794 5425 ἐπὶ
3844 5375 3952 5427 τῶν

2387 5458 2638 5509 Σκοπίων
2673 5460 2919 5527 γέφυραν
2955 5461 3042 5511 ἐπ’
3093 5460 3256 5530 ’Λξιῷ
3287 5461 3540 5531 ποταμῷ,
3573 5466 3668 5516 καὶ
3692 5463 3944 5534 βασίλεια

2386 5554 2444 5600 ἐν
2490 5549 2928 5617 Ἀδριανουπόλει
2975 5552 3147 5622 πέραν
3207 5551 3300 5606 τοῦ
3335 5555 3575 5626 Ταιὰρου
3604 5555 3676 5625 ⁸⁸,
3727 5573 3767 5630 η
3795 5557 3861 5626 δὴ
3895 5559 3947 5620 ἐς

1993 5693 2237 5754 Notulz‘e
2279 5691 2673 5767 marginales.

788 5829 850 5859 ⁸³⁸
880 5825 1034 5879 Deest
1062 5825 1284 5893 aliquid,
1324 5833 1377 5876 ut
1407 5840 1469 5877 cx
1498 5824 1926 5890 interpretatime
1961 5832 2120 5891 pater.

2203 5823 2242 5852 ε’
2278 5821 2339 5874 In
2374 5838 2500 5885 uno,
2545 5823 2734 5890 εὐπορ.

2809 5823 2854 5854 ⁴⁶
2887 5820 2975 5875 Sic
3037 5840 3130 5875 ms.
