  <div class='ocr_page' id='page_1' title='image "/cluster/home/n/w/nwhite01/storage/ocr_20150623/159/nnc1.0046980628/270.png"; bbox 0 0 4180 6434; ppageno 0'>
   <div class='ocr_carea' id='block_1_1' title="bbox 201 414 301 479">
    <p class='ocr_par' dir='ltr' id='par_1_1' title="bbox 201 414 301 479">
     <span class='ocr_line' id='line_1_1' title="bbox 201 414 301 479; baseline 0 0"><span class='ocrx_word' id='word_1_1' title='bbox 201 414 301 479; x_wconf 81' lang='lat' dir='ltr'><strong>52l</strong></span> 
     </span>
    </p>
   </div>
   <div class='ocr_carea' id='block_1_2' title="bbox 1255 405 2321 468">
    <p class='ocr_par' dir='ltr' id='par_1_2' title="bbox 1255 405 2321 468">
     <span class='ocr_line' id='line_1_2' title="bbox 1255 405 2321 468; baseline -0.001 0"><span class='ocrx_word' id='word_1_2' title='bbox 1255 409 1349 468; x_wconf 90' lang='lat' dir='ltr'><strong>DE</strong></span> <span class='ocrx_word' id='word_1_3' title='bbox 1385 406 1634 468; x_wconf 80' lang='lat' dir='ltr'><strong>REBUS</strong></span> <span class='ocrx_word' id='word_1_4' title='bbox 1671 405 2027 467; x_wconf 82' lang='lat' dir='ltr'><strong>TURCICIS</strong></span> <span class='ocrx_word' id='word_1_5' title='bbox 2072 407 2213 468; x_wconf 87' lang='lat' dir='ltr'><strong>LIB.</strong></span> <span class='ocrx_word' id='word_1_6' title='bbox 2253 407 2321 467; x_wconf 84' lang='lat' dir='ltr'><strong>X.</strong></span> 
     </span>
    </p>
   </div>
   <div class='ocr_carea' id='block_1_3' title="bbox 3321 418 3425 480">
    <p class='ocr_par' dir='ltr' id='par_1_3' title="bbox 3321 418 3425 480">
     <span class='ocr_line' id='line_1_3' title="bbox 3321 418 3425 480; baseline -0.01 0"><span class='ocrx_word' id='word_1_7' title='bbox 3321 418 3425 480; x_wconf 61' lang='grc' dir='ltr'><strong>δραι</strong></span> 
     </span>
    </p>
   </div>
   <div class='ocr_carea' id='block_1_4' title="bbox 198 521 1763 597">
    <p class='ocr_par' dir='ltr' id='par_1_4' title="bbox 198 522 1746 595">
     <span class='ocr_line' id='line_1_4' title="bbox 198 522 1746 595; baseline -0.005 -14"><span class='ocrx_word' id='word_1_8' title='bbox 198 531 290 581; x_wconf 75' lang='grc' dir='ltr'>τὸν</span> <span class='ocrx_word' id='word_1_9' title='bbox 317 526 516 595; x_wconf 85' lang='grc' dir='ltr'>Ἕϐρον</span> <span class='ocrx_word' id='word_1_10' title='bbox 560 526 775 579; x_wconf 71' lang='grc' dir='ltr'>ἐκδιδοῖ·</span> <span class='ocrx_word' id='word_1_11' title='bbox 797 526 892 578; x_wconf 70' lang='grc' dir='ltr'>καὶ</span> <span class='ocrx_word' id='word_1_12' title='bbox 921 522 1177 595; x_wconf 73' lang='grc' dir='ltr'><strong>πολίχνην</strong></span> <span class='ocrx_word' id='word_1_13' title='bbox 1217 522 1317 591; x_wconf 76' lang='grc' dir='ltr'>μὲν</span> <span class='ocrx_word' id='word_1_14' title='bbox 1377 526 1437 577; x_wconf 79' lang='grc' dir='ltr'>ὲν</span> <span class='ocrx_word' id='word_1_15' title='bbox 1486 525 1550 592; x_wconf 82' lang='grc' dir='ltr'>τῇ</span> <span class='ocrx_word' id='word_1_16' title='bbox 1589 522 1746 591; x_wconf 77' lang='grc' dir='ltr'>Ἀσίᾳ.</span> 
     </span>
    </p>
   </div>
   <div class='ocr_carea' id='block_1_5' title="bbox 1854 521 3420 597">
    <p class='ocr_par' dir='ltr' id='par_1_5' title="bbox 1854 521 3420 597">
     <span class='ocr_line' id='line_1_5' title="bbox 1854 521 3420 597; baseline 0.011 -25"><span class='ocrx_word' id='word_1_17' title='bbox 1854 521 2136 576; x_wconf 83' lang='lat' dir='ltr'><strong>emunivit.</strong></span> <span class='ocrx_word' id='word_1_18' title='bbox 2158 521 2355 577; x_wconf 88' lang='lat' dir='ltr'><strong>Urbem</strong></span> <span class='ocrx_word' id='word_1_19' title='bbox 2387 536 2602 593; x_wconf 89' lang='lat' dir='ltr'><strong>quoque</strong></span> <span class='ocrx_word' id='word_1_20' title='bbox 2628 525 2677 578; x_wconf 92' lang='lat' dir='ltr'><strong>in</strong></span> <span class='ocrx_word' id='word_1_21' title='bbox 2701 524 2991 594; x_wconf 79' lang='lat' dir='ltr'><strong>Asiajuxta</strong></span> <span class='ocrx_word' id='word_1_22' title='bbox 3015 527 3271 587; x_wconf 79' lang='lat' dir='ltr'><strong>Maditum</strong></span> <span class='ocrx_word' id='word_1_23' title='bbox 3295 573 3309 597; x_wconf 87' lang='lat'><strong>,</strong></span> <span class='ocrx_word' id='word_1_24' title='bbox 3332 536 3420 590; x_wconf 86' lang='lat' dir='ltr'><strong>ubi</strong></span> 
     </span>
    </p>
   </div>
   <div class='ocr_carea' id='block_1_6' title="bbox 200 611 1748 691">
    <p class='ocr_par' dir='ltr' id='par_1_6' title="bbox 200 611 1748 691">
     <span class='ocr_line' id='line_1_6' title="bbox 200 611 1748 691; baseline -0.003 -22"><span class='ocrx_word' id='word_1_25' title='bbox 200 619 330 688; x_wconf 81' lang='grc' dir='ltr'>περὶ</span> <span class='ocrx_word' id='word_1_26' title='bbox 366 618 622 679; x_wconf 81' lang='grc' dir='ltr'>Μάδιτον,</span> <span class='ocrx_word' id='word_1_27' title='bbox 738 616 801 687; x_wconf 81' lang='grc' dir='ltr'>δὴ</span> <span class='ocrx_word' id='word_1_28' title='bbox 837 616 1170 669; x_wconf 77' lang='grc' dir='ltr'><strong>στενώτατον</strong></span> <span class='ocrx_word' id='word_1_29' title='bbox 1202 614 1295 667; x_wconf 84' lang='grc' dir='ltr'>τοῦ</span> <span class='ocrx_word' id='word_1_30' title='bbox 1352 613 1748 682; x_wconf 75' lang='grc' dir='ltr'><strong>Ἑλλησπόντου</strong></span> 
     </span>
    </p>
   </div>
   <div class='ocr_carea' id='block_1_7' title="bbox 200 707 1750 779">
    <p class='ocr_par' dir='ltr' id='par_1_7' title="bbox 200 707 1750 779">
     <span class='ocr_line' id='line_1_7' title="bbox 200 707 1750 779; baseline -0.006 -14"><span class='ocrx_word' id='word_1_31' title='bbox 200 712 506 774; x_wconf 59' lang='grc' dir='ltr'>ἐσπλέοντι,</span> <span class='ocrx_word' id='word_1_32' title='bbox 553 712 647 763; x_wconf 72' lang='grc' dir='ltr'>καὶ</span> <span class='ocrx_word' id='word_1_33' title='bbox 687 712 745 762; x_wconf 81' lang='grc' dir='ltr'>ἐν</span> <span class='ocrx_word' id='word_1_34' title='bbox 804 712 869 779; x_wconf 78' lang='grc' dir='ltr'>τῇ</span> <span class='ocrx_word' id='word_1_35' title='bbox 930 707 1171 779; x_wconf 77' lang='grc' dir='ltr'><strong>Εὐρώπῃ</strong></span> <span class='ocrx_word' id='word_1_36' title='bbox 1231 707 1491 775; x_wconf 79' lang='grc' dir='ltr'>πολίχνην</span> <span class='ocrx_word' id='word_1_37' title='bbox 1559 707 1750 775; x_wconf 87' lang='grc' dir='ltr'>έτέραν</span> 
     </span>
    </p>
   </div>
   <div class='ocr_carea' id='block_1_8' title="bbox 196 795 1750 870">
    <p class='ocr_par' dir='ltr' id='par_1_8' title="bbox 196 795 1750 870">
     <span class='ocr_line' id='line_1_8' title="bbox 196 795 1750 870; baseline -0.006 -14"><span class='ocrx_word' id='word_1_38' title='bbox 196 802 461 856; x_wconf 77' lang='grc' dir='ltr'><strong>ἀπέναντι</strong></span> <span class='ocrx_word' id='word_1_39' title='bbox 488 801 587 868; x_wconf 81' lang='grc' dir='ltr'>τῆς</span> <span class='ocrx_word' id='word_1_40' title='bbox 622 802 681 853; x_wconf 80' lang='grc' dir='ltr'>ἐν</span> <span class='ocrx_word' id='word_1_41' title='bbox 710 800 869 870; x_wconf 69' lang='grc' dir='ltr'>Ἀσίᾳ</span> <span class='ocrx_word' id='word_1_42' title='bbox 910 800 1195 868; x_wconf 79' lang='grc' dir='ltr'>πολίχνης·</span> <span class='ocrx_word' id='word_1_43' title='bbox 1221 797 1362 850; x_wconf 80' lang='grc' dir='ltr'>ὥστε</span> <span class='ocrx_word' id='word_1_44' title='bbox 1396 795 1621 864; x_wconf 81' lang='grc' dir='ltr'>ἐχυροῦν</span> <span class='ocrx_word' id='word_1_45' title='bbox 1655 795 1750 864; x_wconf 81' lang='grc' dir='ltr'>μὲν</span> 
     </span>
    </p>
   </div>
   <div class='ocr_carea' id='block_1_9' title="bbox 194 886 1747 962">
    <p class='ocr_par' dir='ltr' id='par_1_9' title="bbox 194 886 1747 962">
     <span class='ocr_line' id='line_1_9' title="bbox 194 886 1747 962; baseline -0.005 -16"><span class='ocrx_word' id='word_1_46' title='bbox 194 894 350 962; x_wconf 85' lang='grc' dir='ltr'><strong>αύτῷ</strong></span> <span class='ocrx_word' id='word_1_47' title='bbox 376 893 473 961; x_wconf 76' lang='grc' dir='ltr'>τὴν</span> <span class='ocrx_word' id='word_1_48' title='bbox 496 892 790 955; x_wconf 74' lang='grc' dir='ltr'>Βυζαντίου</span> <span class='ocrx_word' id='word_1_49' title='bbox 817 890 994 951; x_wconf 87' lang='grc' dir='ltr'>πόλιν,</span> <span class='ocrx_word' id='word_1_50' title='bbox 1020 892 1114 942; x_wconf 72' lang='grc' dir='ltr'>καὶ</span> <span class='ocrx_word' id='word_1_51' title='bbox 1142 892 1233 940; x_wconf 77' lang='grc' dir='ltr'><strong>τὸν</strong></span> <span class='ocrx_word' id='word_1_52' title='bbox 1258 886 1508 953; x_wconf 75' lang='grc' dir='ltr'>Εὔξεινον</span> <span class='ocrx_word' id='word_1_53' title='bbox 1531 887 1747 939; x_wconf 81' lang='grc' dir='ltr'>πόντον·</span> 
     </span>
    </p>
   </div>
   <div class='ocr_carea' id='block_1_10' title="bbox 201 978 1753 1051">
    <p class='ocr_par' dir='ltr' id='par_1_10' title="bbox 201 978 1753 1051">
     <span class='ocr_line' id='line_1_10' title="bbox 201 978 1753 1051; baseline -0.004 -16"><span class='ocrx_word' id='word_1_54' title='bbox 201 985 496 1051; x_wconf 80' lang='grc' dir='ltr'><strong>κρατύνειν</strong></span> <span class='ocrx_word' id='word_1_55' title='bbox 545 984 601 1037; x_wconf 82' lang='grc' dir='ltr'>δὲ</span> <span class='ocrx_word' id='word_1_56' title='bbox 638 982 854 1044; x_wconf 78' lang='grc' dir='ltr'>καὶτὰς</span> <span class='ocrx_word' id='word_1_57' title='bbox 894 984 952 1035; x_wconf 86' lang='grc' dir='ltr'>ὲν</span> <span class='ocrx_word' id='word_1_58' title='bbox 982 981 1059 1050; x_wconf 85' lang='grc' dir='ltr'>τῷ</span> <span class='ocrx_word' id='word_1_59' title='bbox 1128 979 1510 1049; x_wconf 80' lang='grc' dir='ltr'>Ἑλλησπόντῳ</span> <span class='ocrx_word' id='word_1_60' title='bbox 1568 978 1753 1038; x_wconf 82' lang='grc' dir='ltr'>πόλεις</span> 
     </span>
    </p>
   </div>
   <div class='ocr_carea' id='block_1_11' title="bbox 198 1068 1755 1144">
    <p class='ocr_par' dir='ltr' id='par_1_11' title="bbox 198 1068 1755 1144">
     <span class='ocr_line' id='line_1_11' title="bbox 198 1068 1755 1144; baseline -0.004 -17"><span class='ocrx_word' id='word_1_61' title='bbox 198 1075 375 1144; x_wconf 83' lang='grc' dir='ltr'>αὐτῷ,</span> <span class='ocrx_word' id='word_1_62' title='bbox 438 1075 690 1128; x_wconf 85' lang='grc' dir='ltr'>ναυτικὸν</span> <span class='ocrx_word' id='word_1_63' title='bbox 736 1072 1123 1144; x_wconf 80' lang='grc' dir='ltr'>παρεχομένας</span> <span class='ocrx_word' id='word_1_64' title='bbox 1166 1072 1227 1123; x_wconf 79' lang='grc' dir='ltr'>οὐ</span> <span class='ocrx_word' id='word_1_65' title='bbox 1261 1071 1511 1139; x_wconf 82' lang='grc' dir='ltr'>σμικρόν.</span> <span class='ocrx_word' id='word_1_66' title='bbox 1568 1068 1755 1122; x_wconf 80' lang='grc' dir='ltr'>Ταῦτα</span> 
     </span>
    </p>
   </div>
   <div class='ocr_carea' id='block_1_12' title="bbox 194 1160 1753 1236">
    <p class='ocr_par' dir='ltr' id='par_1_12' title="bbox 194 1160 1753 1236">
     <span class='ocr_line' id='line_1_12' title="bbox 194 1160 1753 1236; baseline -0.004 -18"><span class='ocrx_word' id='word_1_67' title='bbox 194 1167 526 1236; x_wconf 70' lang='grc' dir='ltr'><strong>δειμάμενος</strong></span> <span class='ocrx_word' id='word_1_68' title='bbox 563 1167 704 1219; x_wconf 79' lang='grc' dir='ltr'>κατὰ</span> <span class='ocrx_word' id='word_1_69' title='bbox 737 1166 835 1235; x_wconf 81' lang='grc' dir='ltr'>τὴν</span> <span class='ocrx_word' id='word_1_70' title='bbox 868 1163 1141 1233; x_wconf 83' lang='grc' dir='ltr'>Εὐρώπην</span> <span class='ocrx_word' id='word_1_71' title='bbox 1166 1164 1255 1215; x_wconf 77' lang='grc' dir='ltr'>καὶ</span> <span class='ocrx_word' id='word_1_72' title='bbox 1283 1162 1491 1222; x_wconf 82' lang='grc' dir='ltr'>Ἀσίαν,</span> <span class='ocrx_word' id='word_1_73' title='bbox 1524 1160 1753 1230; x_wconf 84' lang='grc' dir='ltr'>τηλεϐό-</span> 
     </span>
    </p>
   </div>
   <div class='ocr_carea' id='block_1_13' title="bbox 196 1249 1753 1324">
    <p class='ocr_par' dir='ltr' id='par_1_13' title="bbox 196 1249 1753 1324">
     <span class='ocr_line' id='line_1_13' title="bbox 196 1249 1753 1324; baseline -0.005 -17"><span class='ocrx_word' id='word_1_74' title='bbox 196 1256 324 1318; x_wconf 83' lang='grc' dir='ltr'>λους</span> <span class='ocrx_word' id='word_1_75' title='bbox 356 1256 586 1323; x_wconf 82' lang='grc' dir='ltr'>καθίστη</span> <span class='ocrx_word' id='word_1_76' title='bbox 624 1258 679 1318; x_wconf 71' lang='grc' dir='ltr'><strong>ές</strong></span> <span class='ocrx_word' id='word_1_77' title='bbox 708 1255 875 1324; x_wconf 76' lang='grc' dir='ltr'>ἄμφω</span> <span class='ocrx_word' id='word_1_78' title='bbox 925 1252 995 1305; x_wconf 71' lang='grc' dir='ltr'><strong>τὰ</strong></span> <span class='ocrx_word' id='word_1_79' title='bbox 1046 1252 1295 1321; x_wconf 85' lang='grc' dir='ltr'>πολίχνια</span> <span class='ocrx_word' id='word_1_80' title='bbox 1334 1249 1443 1303; x_wconf 85' lang='grc' dir='ltr'><strong>τῶν</strong></span> <span class='ocrx_word' id='word_1_81' title='bbox 1478 1250 1753 1318; x_wconf 78' lang='grc' dir='ltr'>μεγίστων</span> 
     </span>
    </p>
   </div>
   <div class='ocr_carea' id='block_1_14' title="bbox 196 1339 1755 1417">
    <p class='ocr_par' dir='ltr' id='par_1_14' title="bbox 196 1339 1755 1417">
     <span class='ocr_line' id='line_1_14' title="bbox 196 1339 1755 1417; baseline -0.004 -18"><span class='ocrx_word' id='word_1_82' title='bbox 196 1349 347 1417; x_wconf 69' lang='grc' dir='ltr'>ἀμφὶ</span> <span class='ocrx_word' id='word_1_83' title='bbox 371 1348 496 1410; x_wconf 86' lang='grc' dir='ltr'>τοὺς</span> <span class='ocrx_word' id='word_1_84' title='bbox 521 1348 837 1412; x_wconf 77' lang='grc' dir='ltr'>τριάκοντα,</span> <span class='ocrx_word' id='word_1_85' title='bbox 859 1345 957 1399; x_wconf 77' lang='grc' dir='ltr'>καὶ</span> <span class='ocrx_word' id='word_1_86' title='bbox 985 1345 1204 1413; x_wconf 77' lang='grc' dir='ltr'>ἑτέρους</span> <span class='ocrx_word' id='word_1_87' title='bbox 1228 1345 1329 1396; x_wconf 80' lang='grc' dir='ltr'>οὐκ</span> <span class='ocrx_word' id='word_1_88' title='bbox 1347 1342 1581 1409; x_wconf 82' lang='grc' dir='ltr'>ὀλίγους.</span> <span class='ocrx_word' id='word_1_89' title='bbox 1610 1339 1755 1394; x_wconf 82' lang='grc' dir='ltr'>Ναύ-</span> 
     </span>
    </p>
   </div>
   <div class='ocr_carea' id='block_1_15' title="bbox 202 1432 1753 1510">
    <p class='ocr_par' dir='ltr' id='par_1_15' title="bbox 202 1432 1753 1510">
     <span class='ocr_line' id='line_1_15' title="bbox 202 1432 1753 1510; baseline -0.005 -15"><span class='ocrx_word' id='word_1_90' title='bbox 202 1442 447 1509; x_wconf 87' lang='grc' dir='ltr'>σταθμον</span> <span class='ocrx_word' id='word_1_91' title='bbox 492 1441 547 1493; x_wconf 73' lang='grc' dir='ltr'>δὲ</span> <span class='ocrx_word' id='word_1_92' title='bbox 577 1442 669 1494; x_wconf 82' lang='grc' dir='ltr'>τὸν</span> <span class='ocrx_word' id='word_1_93' title='bbox 707 1432 875 1510; x_wconf 68' lang='grc' dir='ltr'>ταύτῂ</span> <span class='ocrx_word' id='word_1_94' title='bbox 920 1439 1085 1492; x_wconf 81' lang='grc' dir='ltr'>αὑτοῦ</span> <span class='ocrx_word' id='word_1_95' title='bbox 1140 1440 1318 1509; x_wconf 82' lang='grc' dir='ltr'>χῶρον</span> <span class='ocrx_word' id='word_1_96' title='bbox 1371 1438 1753 1507; x_wconf 82' lang='grc' dir='ltr'>ποιησάμενοι,</span> 
     </span>
    </p>
   </div>
   <div class='ocr_carea' id='block_1_16' title="bbox 193 1530 1752 1603">
    <p class='ocr_par' dir='ltr' id='par_1_16' title="bbox 193 1530 1752 1603">
     <span class='ocr_line' id='line_1_16' title="bbox 193 1530 1752 1603; baseline -0.004 -16"><span class='ocrx_word' id='word_1_97' title='bbox 193 1535 380 1588; x_wconf 68' lang='grc' dir='ltr'><strong>οιῖθδιινλ⁵</strong></span> <span class='ocrx_word' id='word_1_98' title='bbox 426 1536 790 1603; x_wconf 73' lang='grc' dir='ltr'>ἐπιτρέπουσι</span> <span class='ocrx_word' id='word_1_99' title='bbox 842 1533 1099 1603; x_wconf 74' lang='grc' dir='ltr'>παριέναι</span> <span class='ocrx_word' id='word_1_100' title='bbox 1151 1532 1260 1585; x_wconf 72' lang='grc' dir='ltr'>ἔσω</span> <span class='ocrx_word' id='word_1_101' title='bbox 1292 1532 1350 1594; x_wconf 77' lang='grc' dir='ltr'><strong>ές</strong></span> <span class='ocrx_word' id='word_1_102' title='bbox 1410 1531 1501 1584; x_wconf 82' lang='grc' dir='ltr'>τὸν</span> <span class='ocrx_word' id='word_1_103' title='bbox 1565 1530 1752 1599; x_wconf 85' lang='grc' dir='ltr'>Ἐλλή-</span> 
     </span>
    </p>
   </div>
   <div class='ocr_carea' id='block_1_17' title="bbox 201 1624 1756 1696">
    <p class='ocr_par' dir='ltr' id='par_1_17' title="bbox 201 1624 1756 1696">
     <span class='ocr_line' id='line_1_17' title="bbox 201 1624 1756 1696; baseline -0.003 -19"><span class='ocrx_word' id='word_1_104' title='bbox 201 1643 453 1690; x_wconf 87' lang='grc' dir='ltr'>σποντον,</span> <span class='ocrx_word' id='word_1_105' title='bbox 499 1627 564 1679; x_wconf 80' lang='grc' dir='ltr'>ἂν</span> <span class='ocrx_word' id='word_1_106' title='bbox 601 1627 675 1696; x_wconf 77' lang='grc' dir='ltr'>μὴ</span> <span class='ocrx_word' id='word_1_107' title='bbox 706 1626 784 1693; x_wconf 81' lang='grc' dir='ltr'><strong>τῷ</strong></span> <span class='ocrx_word' id='word_1_108' title='bbox 833 1627 1011 1696; x_wconf 74' lang='grc' dir='ltr'>ταύτῃ</span> <span class='ocrx_word' id='word_1_109' title='bbox 1081 1625 1311 1694; x_wconf 82' lang='grc' dir='ltr'>ὑπάρχῳ</span> <span class='ocrx_word' id='word_1_110' title='bbox 1368 1624 1756 1685; x_wconf 79' lang='grc' dir='ltr'>ἀποϐαίνοντες</span> 
     </span>
    </p>
   </div>
   <div class='ocr_carea' id='block_1_18' title="bbox 194 1716 1755 1787">
    <p class='ocr_par' dir='ltr' id='par_1_18' title="bbox 194 1716 1755 1787">
     <span class='ocr_line' id='line_1_18' title="bbox 194 1716 1755 1787; baseline -0.002 -17"><span class='ocrx_word' id='word_1_111' title='bbox 194 1720 596 1787; x_wconf 79' lang='grc' dir='ltr'>ἐπιφαίνωνται</span> <span class='ocrx_word' id='word_1_112' title='bbox 629 1720 679 1773; x_wconf 77' lang='grc' dir='ltr'>οι</span> <span class='ocrx_word' id='word_1_113' title='bbox 713 1718 971 1781; x_wconf 78' lang='grc' dir='ltr'>πλέοντες</span> <span class='ocrx_word' id='word_1_114' title='bbox 1033 1717 1159 1771; x_wconf 76' lang='grc' dir='ltr'>ἔσω.</span> <span class='ocrx_word' id='word_1_115' title='bbox 1214 1717 1398 1771; x_wconf 84' lang='grc' dir='ltr'>Ταῦτα</span> <span class='ocrx_word' id='word_1_116' title='bbox 1452 1718 1553 1785; x_wconf 79' lang='grc' dir='ltr'>μὲν</span> <span class='ocrx_word' id='word_1_117' title='bbox 1605 1716 1755 1785; x_wconf 79' lang='grc' dir='ltr'>αὐτῷ</span> 
     </span>
    </p>
   </div>
   <div class='ocr_carea' id='block_1_19' title="bbox 196 1807 1755 1880">
    <p class='ocr_par' dir='ltr' id='par_1_19' title="bbox 196 1807 1755 1880">
     <span class='ocr_line' id='line_1_19' title="bbox 196 1807 1755 1880; baseline -0.003 -16"><span class='ocrx_word' id='word_1_118' title='bbox 196 1812 517 1880; x_wconf 73' lang='grc' dir='ltr'>ἰπεποίητο,</span> <span class='ocrx_word' id='word_1_119' title='bbox 545 1812 620 1875; x_wconf 88' lang='grc' dir='ltr'><strong>ώς</strong></span> <span class='ocrx_word' id='word_1_120' title='bbox 645 1813 767 1879; x_wconf 74' lang='grc' dir='ltr'>ἐμοὶ</span> <span class='ocrx_word' id='word_1_121' title='bbox 799 1812 965 1875; x_wconf 85' lang='grc' dir='ltr'>δοκεῖ,</span> <span class='ocrx_word' id='word_1_122' title='bbox 1012 1810 1101 1863; x_wconf 86' lang='grc' dir='ltr'><strong>διὰ</strong></span> <span class='ocrx_word' id='word_1_123' title='bbox 1130 1810 1221 1862; x_wconf 78' lang='grc' dir='ltr'>τὸν</span> <span class='ocrx_word' id='word_1_124' title='bbox 1272 1809 1409 1879; x_wconf 76' lang='grc' dir='ltr'>πρὸς</span> <span class='ocrx_word' id='word_1_125' title='bbox 1460 1807 1755 1870; x_wconf 82' lang='grc' dir='ltr'>υύενετούς</span> 
     </span>
    </p>
   </div>
   <div class='ocr_carea' id='block_1_20' title="bbox 1850 612 3424 684">
    <p class='ocr_par' dir='ltr' id='par_1_20' title="bbox 1850 612 3424 684">
     <span class='ocr_line' id='line_1_20' title="bbox 1850 612 3424 684; baseline 0.011 -19"><span class='ocrx_word' id='word_1_126' title='bbox 1850 612 2257 681; x_wconf 80' lang='lat' dir='ltr'><strong>Hellespontum</strong></span> <span class='ocrx_word' id='word_1_127' title='bbox 2308 616 2752 683; x_wconf 86' lang='lat' dir='ltr'><strong>angustissimum</strong></span> <span class='ocrx_word' id='word_1_128' title='bbox 2799 618 3094 684; x_wconf 85' lang='lat' dir='ltr'><strong>cernimus,</strong></span> <span class='ocrx_word' id='word_1_129' title='bbox 3145 627 3424 681; x_wconf 89' lang='lat' dir='ltr'><strong>condidit:</strong></span> 
     </span>
    </p>
   </div>
   <div class='ocr_carea' id='block_1_21' title="bbox 1854 705 3425 784">
    <p class='ocr_par' dir='ltr' id='par_1_21' title="bbox 1854 705 3425 784">
     <span class='ocr_line' id='line_1_21' title="bbox 1854 705 3425 784; baseline 0.012 -30"><span class='ocrx_word' id='word_1_130' title='bbox 1854 718 2063 756; x_wconf 85' lang='lat' dir='ltr'><strong>necnon</strong></span> <span class='ocrx_word' id='word_1_131' title='bbox 2097 705 2261 757; x_wconf 79' lang='lat' dir='ltr'><strong>aliam</strong></span> <span class='ocrx_word' id='word_1_132' title='bbox 2283 705 2335 758; x_wconf 92' lang='lat' dir='ltr'><strong>in</strong></span> <span class='ocrx_word' id='word_1_133' title='bbox 2358 707 2566 773; x_wconf 85' lang='lat' dir='ltr'><strong>Europa</strong></span> <span class='ocrx_word' id='word_1_134' title='bbox 2586 720 2616 757; x_wconf 90' lang='lat' dir='ltr'><strong>e</strong></span> <span class='ocrx_word' id='word_1_135' title='bbox 2641 705 2853 773; x_wconf 81' lang='lat' dir='ltr'><strong>regione</strong></span> <span class='ocrx_word' id='word_1_136' title='bbox 2874 710 2990 776; x_wconf 88' lang='lat' dir='ltr'><strong>ejus</strong></span> <span class='ocrx_word' id='word_1_137' title='bbox 3034 713 3185 768; x_wconf 85' lang='lat' dir='ltr'><strong>urbis</strong></span> <span class='ocrx_word' id='word_1_138' title='bbox 3215 732 3335 784; x_wconf 63' lang='lat' dir='ltr'><strong>quas</strong></span> <span class='ocrx_word' id='word_1_139' title='bbox 3373 721 3425 773; x_wconf 81' lang='lat' dir='ltr'><strong>in</strong></span> 
     </span>
    </p>
   </div>
   <div class='ocr_carea' id='block_1_22' title="bbox 1851 790 3424 862">
    <p class='ocr_par' dir='ltr' id='par_1_22' title="bbox 1851 790 3424 862">
     <span class='ocr_line' id='line_1_22' title="bbox 1851 790 3424 862; baseline 0.01 -16"><span class='ocrx_word' id='word_1_140' title='bbox 1851 790 1979 847; x_wconf 77' lang='lat' dir='ltr'><strong>Asia</strong></span> <span class='ocrx_word' id='word_1_141' title='bbox 1994 795 2324 862; x_wconf 84' lang='lat' dir='ltr'><strong>conspicitur</strong></span> <span class='ocrx_word' id='word_1_142' title='bbox 2340 796 2644 851; x_wconf 65' lang='lat' dir='ltr'><strong>aediﬁcavit.</strong></span> <span class='ocrx_word' id='word_1_143' title='bbox 2670 799 2758 854; x_wconf 65' lang='lat' dir='ltr'><strong>llas</strong></span> <span class='ocrx_word' id='word_1_144' title='bbox 2778 800 2938 856; x_wconf 83' lang='lat' dir='ltr'><strong>urbes</strong></span> <span class='ocrx_word' id='word_1_145' title='bbox 2961 802 3196 856; x_wconf 44' lang='lat' dir='ltr'><strong>conditae</strong></span> <span class='ocrx_word' id='word_1_146' title='bbox 3221 814 3347 860; x_wconf 90' lang='lat' dir='ltr'><strong>sunt</strong></span> <span class='ocrx_word' id='word_1_147' title='bbox 3361 811 3424 861; x_wconf 88' lang='lat' dir='ltr'><strong>ad</strong></span> 
     </span>
    </p>
   </div>
   <div class='ocr_carea' id='block_1_23' title="bbox 1851 886 3424 957">
    <p class='ocr_par' dir='ltr' id='par_1_23' title="bbox 1851 886 3424 957">
     <span class='ocr_line' id='line_1_23' title="bbox 1851 886 3424 957; baseline 0.008 -19"><span class='ocrx_word' id='word_1_148' title='bbox 1851 886 2219 940; x_wconf 82' lang='lat' dir='ltr'><strong>defensionem</strong></span> <span class='ocrx_word' id='word_1_149' title='bbox 2237 887 2499 957; x_wconf 78' lang='lat' dir='ltr'><strong>Byzantii,</strong></span> <span class='ocrx_word' id='word_1_150' title='bbox 2529 890 2792 945; x_wconf 75' lang='lat' dir='ltr'><strong>etEuxini</strong></span> <span class='ocrx_word' id='word_1_151' title='bbox 2823 895 3009 949; x_wconf 86' lang='lat' dir='ltr'><strong>maris.</strong></span> <span class='ocrx_word' id='word_1_152' title='bbox 3034 895 3301 951; x_wconf 70' lang='lat' dir='ltr'><strong>Praeterea</strong></span> <span class='ocrx_word' id='word_1_153' title='bbox 3322 914 3424 953; x_wconf 86' lang='lat' dir='ltr'><strong>non</strong></span> 
     </span>
    </p>
   </div>
   <div class='ocr_carea' id='block_1_24' title="bbox 1861 980 3426 1057">
    <p class='ocr_par' dir='ltr' id='par_1_24' title="bbox 1861 980 3426 1057">
     <span class='ocr_line' id='line_1_24' title="bbox 1861 980 3426 1057; baseline 0.01 -25"><span class='ocrx_word' id='word_1_154' title='bbox 1861 980 2205 1033; x_wconf 84' lang='lat' dir='ltr'><strong>mediocriter</strong></span> <span class='ocrx_word' id='word_1_155' title='bbox 2245 983 2557 1036; x_wconf 75' lang='lat' dir='ltr'><strong>tutabantur</strong></span> <span class='ocrx_word' id='word_1_156' title='bbox 2604 985 2774 1039; x_wconf 89' lang='lat' dir='ltr'><strong>urbes</strong></span> <span class='ocrx_word' id='word_1_157' title='bbox 2814 987 2867 1039; x_wconf 90' lang='lat' dir='ltr'><strong>in</strong></span> <span class='ocrx_word' id='word_1_158' title='bbox 2899 987 3246 1057; x_wconf 35' lang='lat' dir='ltr'><strong>I‘Iellesponto</strong></span> <span class='ocrx_word' id='word_1_159' title='bbox 3267 994 3426 1056; x_wconf 85' lang='lat' dir='ltr'><strong>sitas,</strong></span> 
     </span>
    </p>
   </div>
   <div class='ocr_carea' id='block_1_25' title="bbox 1858 1072 3428 1146">
    <p class='ocr_par' dir='ltr' id='par_1_25' title="bbox 1858 1072 3428 1146">
     <span class='ocr_line' id='line_1_25' title="bbox 1858 1072 3428 1146; baseline 0.011 -23"><span class='ocrx_word' id='word_1_160' title='bbox 1858 1072 2157 1138; x_wconf 75' lang='lat' dir='ltr'><strong>praebentes</strong></span> <span class='ocrx_word' id='word_1_161' title='bbox 2185 1073 2412 1127; x_wconf 86' lang='lat' dir='ltr'><strong>classem</strong></span> <span class='ocrx_word' id='word_1_162' title='bbox 2440 1074 2579 1129; x_wconf 87' lang='lat' dir='ltr'><strong>haud</strong></span> <span class='ocrx_word' id='word_1_163' title='bbox 2603 1081 3021 1146; x_wconf 77' lang='lat' dir='ltr'><strong>aspernandam.</strong></span> <span class='ocrx_word' id='word_1_164' title='bbox 3047 1082 3101 1135; x_wconf 92' lang='lat' dir='ltr'><strong>In</strong></span> <span class='ocrx_word' id='word_1_165' title='bbox 3131 1084 3274 1140; x_wconf 91' lang='lat' dir='ltr'><strong>hunc</strong></span> <span class='ocrx_word' id='word_1_166' title='bbox 3309 1102 3428 1139; x_wconf 87' lang='lat' dir='ltr'><strong>mo-</strong></span> 
     </span>
    </p>
   </div>
   <div class='ocr_carea' id='block_1_26' title="bbox 1854 1165 3426 1248">
    <p class='ocr_par' dir='ltr' id='par_1_26' title="bbox 1854 1165 3426 1248">
     <span class='ocr_line' id='line_1_26' title="bbox 1854 1165 3426 1248; baseline 0.01 -32"><span class='ocrx_word' id='word_1_167' title='bbox 1854 1165 1982 1216; x_wconf 80' lang='lat' dir='ltr'><strong>dum</strong></span> <span class='ocrx_word' id='word_1_168' title='bbox 2025 1174 2283 1217; x_wconf 87' lang='lat' dir='ltr'><strong>terrorem</strong></span> <span class='ocrx_word' id='word_1_169' title='bbox 2316 1165 2534 1221; x_wconf 82' lang='lat' dir='ltr'><strong>Asianis</strong></span> <span class='ocrx_word' id='word_1_170' title='bbox 2569 1178 2623 1221; x_wconf 84' lang='lat' dir='ltr'><strong>et</strong></span> <span class='ocrx_word' id='word_1_171' title='bbox 2670 1169 2945 1239; x_wconf 53' lang='lat' dir='ltr'><strong>Europaeis</strong></span> <span class='ocrx_word' id='word_1_172' title='bbox 2998 1175 3288 1242; x_wconf 80' lang='lat' dir='ltr'><strong>incutiens,</strong></span> <span class='ocrx_word' id='word_1_173' title='bbox 3334 1182 3426 1248; x_wconf 84' lang='lat' dir='ltr'><strong>qui</strong></span> 
     </span>
    </p>
   </div>
   <div class='ocr_carea' id='block_1_27' title="bbox 1856 1258 3430 1329">
    <p class='ocr_par' dir='ltr' id='par_1_27' title="bbox 1856 1258 3430 1329">
     <span class='ocr_line' id='line_1_27' title="bbox 1856 1258 3430 1329; baseline 0.011 -21"><span class='ocrx_word' id='word_1_174' title='bbox 1856 1270 1979 1308; x_wconf 92' lang='lat' dir='ltr'><strong>eum</strong></span> <span class='ocrx_word' id='word_1_175' title='bbox 2006 1266 2225 1326; x_wconf 84' lang='lat' dir='ltr'><strong>augeret</strong></span> <span class='ocrx_word' id='word_1_176' title='bbox 2248 1295 2263 1319; x_wconf 86' lang='lat'><strong>,</strong></span> <span class='ocrx_word' id='word_1_177' title='bbox 2291 1258 2345 1313; x_wconf 90' lang='lat' dir='ltr'><strong>in</strong></span> <span class='ocrx_word' id='word_1_178' title='bbox 2367 1270 2647 1329; x_wconf 84' lang='lat' dir='ltr'><strong>utramque</strong></span> <span class='ocrx_word' id='word_1_179' title='bbox 2669 1264 2854 1318; x_wconf 86' lang='lat' dir='ltr'><strong>urbem</strong></span> <span class='ocrx_word' id='word_1_180' title='bbox 2884 1268 3207 1324; x_wconf 83' lang='lat' dir='ltr'><strong>bombardas</strong></span> <span class='ocrx_word' id='word_1_181' title='bbox 3231 1272 3430 1326; x_wconf 76' lang='lat' dir='ltr'><strong>invexit</strong></span> 
     </span>
    </p>
   </div>
   <div class='ocr_carea' id='block_1_28' title="bbox 1856 1348 3422 1429">
    <p class='ocr_par' dir='ltr' id='par_1_28' title="bbox 1856 1348 3422 1429">
     <span class='ocr_line' id='line_1_28' title="bbox 1856 1348 3422 1429; baseline 0.011 -29"><span class='ocrx_word' id='word_1_182' title='bbox 1856 1348 2069 1403; x_wconf 89' lang='lat' dir='ltr'><strong>circiter</strong></span> <span class='ocrx_word' id='word_1_183' title='bbox 2093 1352 2309 1419; x_wconf 84' lang='lat' dir='ltr'><strong>triginta</strong></span> <span class='ocrx_word' id='word_1_184' title='bbox 2338 1355 2625 1416; x_wconf 78' lang='lat' dir='ltr'><strong>maximas.</strong></span> <span class='ocrx_word' id='word_1_185' title='bbox 2672 1364 2725 1409; x_wconf 85' lang='lat' dir='ltr'><strong>et</strong></span> <span class='ocrx_word' id='word_1_186' title='bbox 2759 1358 2892 1412; x_wconf 86' lang='lat' dir='ltr'><strong>alias</strong></span> <span class='ocrx_word' id='word_1_187' title='bbox 2931 1376 3036 1413; x_wconf 92' lang='lat' dir='ltr'><strong>non</strong></span> <span class='ocrx_word' id='word_1_188' title='bbox 3079 1377 3299 1429; x_wconf 87' lang='lat' dir='ltr'><strong>paucas.</strong></span> <span class='ocrx_word' id='word_1_189' title='bbox 3344 1365 3422 1419; x_wconf 81' lang='lat' dir='ltr'><strong>Ad</strong></span> 
     </span>
    </p>
   </div>
   <div class='ocr_carea' id='block_1_29' title="bbox 1857 1442 3421 1529">
    <p class='ocr_par' dir='ltr' id='par_1_29' title="bbox 1857 1442 3421 1529">
     <span class='ocr_line' id='line_1_29' title="bbox 1857 1442 3421 1529; baseline 0.012 -37"><span class='ocrx_word' id='word_1_190' title='bbox 1857 1442 1970 1494; x_wconf 74' lang='lat' dir='ltr'><strong>lucc</strong></span> <span class='ocrx_word' id='word_1_191' title='bbox 2017 1458 2137 1495; x_wconf 93' lang='lat' dir='ltr'><strong>cum</strong></span> <span class='ocrx_word' id='word_1_192' title='bbox 2180 1454 2395 1512; x_wconf 90' lang='lat' dir='ltr'><strong>portum</strong></span> <span class='ocrx_word' id='word_1_193' title='bbox 2452 1447 2523 1502; x_wconf 91' lang='lat' dir='ltr'><strong>ibi</strong></span> <span class='ocrx_word' id='word_1_194' title='bbox 2588 1451 2874 1517; x_wconf 77' lang='lat' dir='ltr'><strong>parassent</strong></span> <span class='ocrx_word' id='word_1_195' title='bbox 2922 1450 3104 1529; x_wconf 64' lang='lat' dir='ltr'><strong>Turci,</strong></span> <span class='ocrx_word' id='word_1_196' title='bbox 3168 1457 3303 1509; x_wconf 87' lang='lat' dir='ltr'><strong>nulli</strong></span> <span class='ocrx_word' id='word_1_197' title='bbox 3338 1458 3421 1510; x_wconf 86' lang='lat' dir='ltr'><strong>in-</strong></span> 
     </span>
    </p>
   </div>
   <div class='ocr_carea' id='block_1_30' title="bbox 1857 1532 3422 1614">
    <p class='ocr_par' dir='ltr' id='par_1_30' title="bbox 1857 1532 3422 1614">
     <span class='ocr_line' id='line_1_30' title="bbox 1857 1532 3422 1614; baseline 0.013 -31"><span class='ocrx_word' id='word_1_198' title='bbox 1857 1540 2001 1585; x_wconf 87' lang='lat' dir='ltr'><strong>trare</strong></span> <span class='ocrx_word' id='word_1_199' title='bbox 2034 1532 2425 1601; x_wconf 85' lang='lat' dir='ltr'><strong>Hellespontum</strong></span> <span class='ocrx_word' id='word_1_200' title='bbox 2460 1541 2843 1607; x_wconf 77' lang='lat' dir='ltr'><strong>concedebant,</strong></span> <span class='ocrx_word' id='word_1_201' title='bbox 2880 1544 2981 1598; x_wconf 89' lang='lat' dir='ltr'><strong>nisi</strong></span> <span class='ocrx_word' id='word_1_202' title='bbox 3010 1545 3155 1614; x_wconf 83' lang='lat' dir='ltr'><strong>prius</strong></span> <span class='ocrx_word' id='word_1_203' title='bbox 3198 1554 3422 1602; x_wconf 84' lang='lat' dir='ltr'><strong>descen-</strong></span> 
     </span>
    </p>
   </div>
   <div class='ocr_carea' id='block_1_31' title="bbox 1854 1624 3424 1703">
    <p class='ocr_par' dir='ltr' id='par_1_31' title="bbox 1854 1624 3424 1703">
     <span class='ocr_line' id='line_1_31' title="bbox 1854 1624 3424 1703; baseline 0.013 -27"><span class='ocrx_word' id='word_1_204' title='bbox 1854 1624 2060 1679; x_wconf 86' lang='lat' dir='ltr'><strong>disscnt</strong></span> <span class='ocrx_word' id='word_1_205' title='bbox 2108 1629 2356 1690; x_wconf 86' lang='lat' dir='ltr'><strong>navibus.</strong></span> <span class='ocrx_word' id='word_1_206' title='bbox 2415 1642 2469 1685; x_wconf 87' lang='lat' dir='ltr'><strong>et</strong></span> <span class='ocrx_word' id='word_1_207' title='bbox 2518 1649 2575 1687; x_wconf 88' lang='lat' dir='ltr'><strong>se</strong></span> <span class='ocrx_word' id='word_1_208' title='bbox 2610 1633 2713 1687; x_wconf 89' lang='lat' dir='ltr'><strong>loci</strong></span> <span class='ocrx_word' id='word_1_209' title='bbox 2758 1636 3009 1703; x_wconf 86' lang='lat' dir='ltr'><strong>praelecto</strong></span> <span class='ocrx_word' id='word_1_210' title='bbox 3048 1640 3424 1697; x_wconf 82' lang='lat' dir='ltr'><strong>exhibuissent</strong></span> 
     </span>
    </p>
   </div>
   <div class='ocr_carea' id='block_1_32' title="bbox 1858 1719 3426 1802">
    <p class='ocr_par' dir='ltr' id='par_1_32' title="bbox 1858 1719 3426 1802">
     <span class='ocr_line' id='line_1_32' title="bbox 1858 1719 3426 1802; baseline 0.014 -35"><span class='ocrx_word' id='word_1_211' title='bbox 1858 1719 2158 1775; x_wconf 86' lang='lat' dir='ltr'><strong>visendum.</strong></span> <span class='ocrx_word' id='word_1_212' title='bbox 2183 1720 2355 1786; x_wconf 80' lang='lat' dir='ltr'><strong>Opera</strong></span> <span class='ocrx_word' id='word_1_213' title='bbox 2388 1722 2502 1778; x_wconf 70' lang='lat' dir='ltr'><strong>hanc</strong></span> <span class='ocrx_word' id='word_1_214' title='bbox 2542 1727 2678 1780; x_wconf 82' lang='lat' dir='ltr'><strong>haud</strong></span> <span class='ocrx_word' id='word_1_215' title='bbox 2707 1729 2867 1782; x_wconf 87' lang='lat' dir='ltr'><strong>dubie</strong></span> <span class='ocrx_word' id='word_1_216' title='bbox 2910 1728 3035 1784; x_wconf 81' lang='lat' dir='ltr'><strong>fecit</strong></span> <span class='ocrx_word' id='word_1_217' title='bbox 3066 1742 3285 1802; x_wconf 89' lang='lat' dir='ltr'><strong>propter</strong></span> <span class='ocrx_word' id='word_1_218' title='bbox 3313 1734 3426 1789; x_wconf 91' lang='lat' dir='ltr'><strong>bel-</strong></span> 
     </span>
    </p>
   </div>
   <div class='ocr_carea' id='block_1_33' title="bbox 1859 1810 3425 1897">
    <p class='ocr_par' dir='ltr' id='par_1_33' title="bbox 1859 1810 3425 1897">
     <span class='ocr_line' id='line_1_33' title="bbox 1859 1810 3425 1897; baseline 0.012 -34"><span class='ocrx_word' id='word_1_219' title='bbox 1859 1810 1966 1864; x_wconf 86' lang='lat' dir='ltr'><strong>lum</strong></span> <span class='ocrx_word' id='word_1_220' title='bbox 1996 1813 2139 1881; x_wconf 92' lang='lat' dir='ltr'><strong>quod</strong></span> <span class='ocrx_word' id='word_1_221' title='bbox 2167 1815 2327 1885; x_wconf 74' lang='lat'><strong>283</strong></span> <span class='ocrx_word' id='word_1_222' title='bbox 2352 1827 2602 1885; x_wconf 78' lang='lat' dir='ltr'><strong>gesturus</strong></span> <span class='ocrx_word' id='word_1_223' title='bbox 2626 1830 2741 1875; x_wconf 87' lang='lat' dir='ltr'><strong>erat</strong></span> <span class='ocrx_word' id='word_1_224' title='bbox 2776 1836 2898 1875; x_wconf 92' lang='lat' dir='ltr'><strong>cum</strong></span> <span class='ocrx_word' id='word_1_225' title='bbox 2930 1822 3163 1890; x_wconf 78' lang='lat' dir='ltr'><strong>Venetis,</strong></span> <span class='ocrx_word' id='word_1_226' title='bbox 3189 1827 3254 1880; x_wconf 90' lang='lat' dir='ltr'><strong>ad</strong></span> <span class='ocrx_word' id='word_1_227' title='bbox 3281 1831 3425 1897; x_wconf 88' lang='lat' dir='ltr'><strong>quod</strong></span> 
     </span>
    </p>
   </div>
   <div class='ocr_carea' id='block_1_34' title="bbox 195 1879 1763 1986">
    <p class='ocr_par' dir='ltr' id='par_1_34' title="bbox 195 1879 1756 1973">
     <span class='ocr_line' id='line_1_34' title="bbox 195 1879 1756 1973; baseline -0.001 -18"><span class='ocrx_word' id='word_1_228' title='bbox 195 1907 249 1957; x_wconf 84' lang='grc' dir='ltr'>οἱ</span> <span class='ocrx_word' id='word_1_229' title='bbox 279 1879 533 1973; x_wconf 77' lang='grc' dir='ltr'>ἐσόμενον</span> <span class='ocrx_word' id='word_1_230' title='bbox 569 1904 822 1971; x_wconf 89' lang='grc' dir='ltr'>πόλεμον,</span> <span class='ocrx_word' id='word_1_231' title='bbox 844 1902 902 1955; x_wconf 85' lang='grc' dir='ltr'>ὃν</span> <span class='ocrx_word' id='word_1_232' title='bbox 939 1903 1044 1973; x_wconf 83' lang='grc' dir='ltr'>πρὸ</span> <span class='ocrx_word' id='word_1_233' title='bbox 1093 1901 1289 1955; x_wconf 78' lang='grc' dir='ltr'>πολλοῦ</span> <span class='ocrx_word' id='word_1_234' title='bbox 1339 1899 1756 1972; x_wconf 74' lang='grc' dir='ltr'>παρασκευαζό-</span> 
     </span>
    </p>
   </div>
   <div class='ocr_carea' id='block_1_35' title="bbox 1854 1879 3421 1986">
    <p class='ocr_par' dir='ltr' id='par_1_35' title="bbox 1860 1879 3421 1986">
     <span class='ocr_line' id='line_1_35' title="bbox 1860 1879 3421 1986; baseline 0.006 -25"><span class='ocrx_word' id='word_1_235' title='bbox 1860 1921 1919 1962; x_wconf 85' lang='lat' dir='ltr'><strong>se</strong></span> <span class='ocrx_word' id='word_1_236' title='bbox 1945 1910 2398 1977; x_wconf 65' lang='lat' dir='ltr'><strong>praeparabanut</strong></span> <span class='ocrx_word' id='word_1_237' title='bbox 2429 1912 2475 1965; x_wconf 88' lang='lat' dir='ltr'><strong>si</strong></span> <span class='ocrx_word' id='word_1_238' title='bbox 2506 1913 2800 1981; x_wconf 81' lang='lat' dir='ltr'><strong>ingrueret,</strong></span> <span class='ocrx_word' id='word_1_239' title='bbox 2829 1933 2990 1986; x_wconf 92' lang='lat' dir='ltr'><strong>quam</strong></span> <span class='ocrx_word' id='word_1_240' title='bbox 3030 1879 3310 1974; x_wconf 50' lang='lat' dir='ltr'><strong>tutissime.</strong></span> <span class='ocrx_word' id='word_1_241' title='bbox 3333 1921 3421 1975; x_wconf 90' lang='lat' dir='ltr'><strong>isti</strong></span> 
     </span>
    </p>
   </div>
   <div class='ocr_carea' id='block_1_36' title="bbox 200 1992 1756 2063">
    <p class='ocr_par' dir='ltr' id='par_1_36' title="bbox 200 1992 1756 2063">
     <span class='ocr_line' id='line_1_36' title="bbox 200 1992 1756 2063; baseline -0.001 -16"><span class='ocrx_word' id='word_1_242' title='bbox 200 2013 387 2063; x_wconf 72' lang='grc' dir='ltr'>μενος,</span> <span class='ocrx_word' id='word_1_243' title='bbox 423 1996 703 2062; x_wconf 80' lang='grc' dir='ltr'>ἐπετήρει,</span> <span class='ocrx_word' id='word_1_244' title='bbox 728 1994 874 2058; x_wconf 82' lang='grc' dir='ltr'>ὅπως</span> <span class='ocrx_word' id='word_1_245' title='bbox 896 1993 1276 2062; x_wconf 85' lang='grc' dir='ltr'>ἀσφαλέστατα</span> <span class='ocrx_word' id='word_1_246' title='bbox 1305 1993 1453 2062; x_wconf 76' lang='grc' dir='ltr'>αὐτῷ</span> <span class='ocrx_word' id='word_1_247' title='bbox 1474 1993 1565 2045; x_wconf 84' lang='grc' dir='ltr'><strong>τδν</strong></span> <span class='ocrx_word' id='word_1_248' title='bbox 1600 1992 1756 2045; x_wconf 84' lang='grc' dir='ltr'>πόλε-</span> 
     </span>
    </p>
   </div>
   <div class='ocr_carea' id='block_1_37' title="bbox 201 2080 1759 2157">
    <p class='ocr_par' dir='ltr' id='par_1_37' title="bbox 201 2080 1759 2157">
     <span class='ocr_line' id='line_1_37' title="bbox 201 2080 1759 2157; baseline -0.004 -17"><span class='ocrx_word' id='word_1_249' title='bbox 201 2105 306 2157; x_wconf 86' lang='grc' dir='ltr'><strong>μον</strong></span> <span class='ocrx_word' id='word_1_250' title='bbox 330 2090 634 2157; x_wconf 83' lang='grc' dir='ltr'>ποιήσαιτο.</span> <span class='ocrx_word' id='word_1_251' title='bbox 673 2086 832 2141; x_wconf 71' lang='grc' dir='ltr'>Ἀλλὰ</span> <span class='ocrx_word' id='word_1_252' title='bbox 856 2087 1031 2149; x_wconf 83' lang='grc' dir='ltr'>ταῦτα</span> <span class='ocrx_word' id='word_1_253' title='bbox 1068 2087 1168 2156; x_wconf 77' lang='grc' dir='ltr'>μὶν</span> <span class='ocrx_word' id='word_1_254' title='bbox 1192 2085 1349 2139; x_wconf 76' lang='grc' dir='ltr'>οὔπω</span> <span class='ocrx_word' id='word_1_255' title='bbox 1405 2087 1464 2139; x_wconf 70' lang='grc' dir='ltr'>ἐν</span> <span class='ocrx_word' id='word_1_256' title='bbox 1493 2085 1636 2140; x_wconf 75' lang='grc' dir='ltr'>τέλει</span> <span class='ocrx_word' id='word_1_257' title='bbox 1689 2080 1759 2155; x_wconf 76' lang='grc' dir='ltr'>ἦν</span> 
     </span>
    </p>
   </div>
   <div class='ocr_carea' id='block_1_38' title="bbox 200 2178 1758 2251">
    <p class='ocr_par' dir='ltr' id='par_1_38' title="bbox 200 2178 1758 2251">
     <span class='ocr_line' id='line_1_38' title="bbox 200 2178 1758 2251; baseline -0.002 -18"><span class='ocrx_word' id='word_1_258' title='bbox 200 2181 717 2251; x_wconf 79' lang='grc' dir='ltr'>παρεσκευασμένα,</span> <span class='ocrx_word' id='word_1_259' title='bbox 744 2182 833 2234; x_wconf 80' lang='grc' dir='ltr'>ὅτε</span> <span class='ocrx_word' id='word_1_260' title='bbox 865 2181 955 2233; x_wconf 83' lang='grc' dir='ltr'>τὸν</span> <span class='ocrx_word' id='word_1_261' title='bbox 993 2179 1129 2251; x_wconf 77' lang='grc' dir='ltr'>πρὸς</span> <span class='ocrx_word' id='word_1_262' title='bbox 1162 2178 1457 2242; x_wconf 76' lang='grc' dir='ltr'>Οὐενετοὺς</span> <span class='ocrx_word' id='word_1_263' title='bbox 1481 2179 1758 2249; x_wconf 78' lang='grc' dir='ltr'>ἀράμενος</span> 
     </span>
    </p>
   </div>
   <div class='ocr_carea' id='block_1_39' title="bbox 197 2274 773 2343">
    <p class='ocr_par' dir='ltr' id='par_1_39' title="bbox 197 2274 773 2343">
     <span class='ocr_line' id='line_1_39' title="bbox 197 2274 773 2343; baseline 0.007 -17"><span class='ocrx_word' id='word_1_264' title='bbox 197 2274 461 2343; x_wconf 77' lang='grc' dir='ltr'>πόλεμον,</span> <span class='ocrx_word' id='word_1_265' title='bbox 498 2274 773 2342; x_wconf 74' lang='grc' dir='ltr'>ἐπολέμει.</span> 
     </span>
    </p>
   </div>
   <div class='ocr_carea' id='block_1_40' title="bbox 274 2363 1758 2436">
    <p class='ocr_par' dir='ltr' id='par_1_40' title="bbox 274 2363 1758 2436">
     <span class='ocr_line' id='line_1_40' title="bbox 274 2363 1758 2436; baseline -0.001 -18"><span class='ocrx_word' id='word_1_266' title='bbox 274 2365 410 2419; x_wconf 87' lang='grc' dir='ltr'>Τότε</span> <span class='ocrx_word' id='word_1_267' title='bbox 434 2365 489 2419; x_wconf 83' lang='grc' dir='ltr'>δὲ</span> <span class='ocrx_word' id='word_1_268' title='bbox 520 2366 914 2435; x_wconf 74' lang='grc' dir='ltr'>ἐπιγενομένου</span> <span class='ocrx_word' id='word_1_269' title='bbox 968 2365 1061 2420; x_wconf 78' lang='grc' dir='ltr'>τοῦ</span> <span class='ocrx_word' id='word_1_270' title='bbox 1112 2366 1330 2436; x_wconf 89' lang='grc' dir='ltr'>θέρους,</span> <span class='ocrx_word' id='word_1_271' title='bbox 1396 2363 1758 2436; x_wconf 66' lang='grc' dir='ltr'>ἐστρατεύετο</span> 
     </span>
    </p>
   </div>
   <div class='ocr_carea' id='block_1_41' title="bbox 194 2454 1757 2530">
    <p class='ocr_par' dir='ltr' id='par_1_41' title="bbox 194 2454 1757 2530">
     <span class='ocr_line' id='line_1_41' title="bbox 194 2454 1757 2530; baseline -0.001 -19"><span class='ocrx_word' id='word_1_272' title='bbox 194 2460 296 2512; x_wconf 74' lang='grc' dir='ltr'><strong>ἐπὶ</strong></span> <span class='ocrx_word' id='word_1_273' title='bbox 326 2458 622 2530; x_wconf 75' lang='grc' dir='ltr'>Ἰλλυριοὺς</span> <span class='ocrx_word' id='word_1_274' title='bbox 670 2460 765 2513; x_wconf 83' lang='grc' dir='ltr'>καὶ</span> <span class='ocrx_word' id='word_1_275' title='bbox 790 2459 1070 2528; x_wconf 85' lang='grc' dir='ltr'>Ἰλλυριῶν</span> <span class='ocrx_word' id='word_1_276' title='bbox 1122 2457 1369 2529; x_wconf 81' lang='grc' dir='ltr'>βασιλέα.</span> <span class='ocrx_word' id='word_1_277' title='bbox 1407 2457 1480 2511; x_wconf 84' lang='grc' dir='ltr'>Τὸ</span> <span class='ocrx_word' id='word_1_278' title='bbox 1514 2457 1613 2526; x_wconf 74' lang='grc' dir='ltr'>μὲν</span> <span class='ocrx_word' id='word_1_279' title='bbox 1663 2454 1757 2510; x_wconf 81' lang='grc' dir='ltr'>οὖν</span> 
     </span>
    </p>
   </div>
   <div class='ocr_carea' id='block_1_42' title="bbox 196 2549 1760 2626">
    <p class='ocr_par' dir='ltr' id='par_1_42' title="bbox 196 2549 1760 2626">
     <span class='ocr_line' id='line_1_42' title="bbox 196 2549 1760 2626; baseline -0.002 -22"><span class='ocrx_word' id='word_1_280' title='bbox 196 2552 364 2606; x_wconf 79' lang='grc' dir='ltr'>τοῦτο</span> <span class='ocrx_word' id='word_1_281' title='bbox 397 2555 551 2621; x_wconf 84' lang='grc' dir='ltr'>γένος</span> <span class='ocrx_word' id='word_1_282' title='bbox 593 2552 1001 2626; x_wconf 68' lang='grc' dir='ltr'>ἰλλυριῶνδθοδί</span> <span class='ocrx_word' id='word_1_283' title='bbox 1036 2552 1263 2605; x_wconf 84' lang='grc' dir='ltr'>παλαιόν</span> <span class='ocrx_word' id='word_1_284' title='bbox 1279 2550 1322 2583; x_wconf 76' lang='grc'><strong>⁸³</strong></span> <span class='ocrx_word' id='word_1_285' title='bbox 1354 2568 1435 2614; x_wconf 80' lang='grc' dir='ltr'><strong>τε,</strong></span> <span class='ocrx_word' id='word_1_286' title='bbox 1462 2549 1553 2603; x_wconf 69' lang='grc' dir='ltr'>καὶ</span> <span class='ocrx_word' id='word_1_287' title='bbox 1588 2552 1643 2615; x_wconf 77' lang='grc' dir='ltr'>ἐς</span> <span class='ocrx_word' id='word_1_288' title='bbox 1669 2551 1760 2605; x_wconf 79' lang='grc' dir='ltr'>τὸν</span> 
     </span>
    </p>
   </div>
   <div class='ocr_carea' id='block_1_43' title="bbox 215 2643 1760 2716">
    <p class='ocr_par' dir='ltr' id='par_1_43' title="bbox 215 2643 1760 2716">
     <span class='ocr_line' id='line_1_43' title="bbox 215 2643 1760 2716; baseline -0.002 -17"><span class='ocrx_word' id='word_1_289' title='bbox 215 2647 409 2699; x_wconf 80' lang='grc' dir='ltr'>Ἰόνιον</span> <span class='ocrx_word' id='word_1_290' title='bbox 463 2646 777 2716; x_wconf 83' lang='grc' dir='ltr'>ᾠκημένον,</span> <span class='ocrx_word' id='word_1_291' title='bbox 821 2645 1182 2715; x_wconf 79' lang='grc' dir='ltr'>εὐδοκιμῆσαί</span> <span class='ocrx_word' id='word_1_292' title='bbox 1215 2661 1276 2698; x_wconf 85' lang='grc' dir='ltr'><strong>τε</strong></span> <span class='ocrx_word' id='word_1_293' title='bbox 1326 2643 1569 2713; x_wconf 79' lang='grc' dir='ltr'>πολλαχῆ</span> <span class='ocrx_word' id='word_1_294' title='bbox 1626 2645 1760 2697; x_wconf 87' lang='grc' dir='ltr'>ἀπο-</span> 
     </span>
    </p>
   </div>
   <div class='ocr_carea' id='block_1_44' title="bbox 198 2734 1757 2808">
    <p class='ocr_par' dir='ltr' id='par_1_44' title="bbox 198 2734 1757 2808">
     <span class='ocr_line' id='line_1_44' title="bbox 198 2734 1757 2808; baseline -0.002 -18"><span class='ocrx_word' id='word_1_295' title='bbox 198 2738 630 2808; x_wconf 79' lang='grc' dir='ltr'>μνημονεύεται.</span> <span class='ocrx_word' id='word_1_296' title='bbox 689 2736 991 2790; x_wconf 82' lang='grc' dir='ltr'>Καλοῦνται</span> <span class='ocrx_word' id='word_1_297' title='bbox 1036 2736 1092 2790; x_wconf 74' lang='grc' dir='ltr'>δὲ</span> <span class='ocrx_word' id='word_1_298' title='bbox 1150 2734 1296 2807; x_wconf 78' lang='grc' dir='ltr'>οὗτοι</span> <span class='ocrx_word' id='word_1_299' title='bbox 1330 2734 1496 2789; x_wconf 84' lang='grc' dir='ltr'>τανῦν</span> <span class='ocrx_word' id='word_1_300' title='bbox 1550 2734 1757 2788; x_wconf 87' lang='grc' dir='ltr'>Βόσνοι.</span> 
     </span>
    </p>
   </div>
   <div class='ocr_carea' id='block_1_45' title="bbox 210 2827 1763 2899">
    <p class='ocr_par' dir='ltr' id='par_1_45' title="bbox 210 2827 1763 2899">
     <span class='ocr_line' id='line_1_45' title="bbox 210 2827 1763 2899; baseline -0.002 -16"><span class='ocrx_word' id='word_1_301' title='bbox 210 2830 358 2883; x_wconf 75' lang='grc' dir='ltr'>Ἀλλ’</span> <span class='ocrx_word' id='word_1_302' title='bbox 402 2831 451 2882; x_wconf 75' lang='grc' dir='ltr'>οἱ</span> <span class='ocrx_word' id='word_1_303' title='bbox 485 2829 583 2898; x_wconf 79' lang='grc' dir='ltr'>μὲν</span> <span class='ocrx_word' id='word_1_304' title='bbox 634 2828 934 2899; x_wconf 82' lang='grc' dir='ltr'>Δαλμάται,</span> <span class='ocrx_word' id='word_1_305' title='bbox 967 2827 1062 2880; x_wconf 76' lang='grc' dir='ltr'>καὶ</span> <span class='ocrx_word' id='word_1_306' title='bbox 1112 2827 1293 2881; x_wconf 75' lang='grc' dir='ltr'>Μυσοὶ</span> <span class='ocrx_word' id='word_1_307' title='bbox 1338 2827 1473 2897; x_wconf 81' lang='grc' dir='ltr'>ἃμα,</span> <span class='ocrx_word' id='word_1_308' title='bbox 1503 2828 1599 2881; x_wconf 78' lang='grc' dir='ltr'>καὶ</span> <span class='ocrx_word' id='word_1_309' title='bbox 1630 2829 1763 2896; x_wconf 87' lang='grc' dir='ltr'>Τρι-</span> 
     </span>
    </p>
   </div>
   <div class='ocr_carea' id='block_1_46' title="bbox 195 2919 1762 2990">
    <p class='ocr_par' dir='ltr' id='par_1_46' title="bbox 195 2919 1762 2990">
     <span class='ocr_line' id='line_1_46' title="bbox 195 2919 1762 2990; baseline -0.001 -18"><span class='ocrx_word' id='word_1_310' title='bbox 195 2922 417 2984; x_wconf 78' lang='grc' dir='ltr'>ϐαλλοὶ,</span> <span class='ocrx_word' id='word_1_311' title='bbox 453 2921 545 2973; x_wconf 76' lang='grc' dir='ltr'>καὶ</span> <span class='ocrx_word' id='word_1_312' title='bbox 569 2920 705 2990; x_wconf 74' lang='grc' dir='ltr'>πρές</span> <span class='ocrx_word' id='word_1_313' title='bbox 733 2936 795 2988; x_wconf 77' lang='grc' dir='ltr'><strong>γε</strong></span> <span class='ocrx_word' id='word_1_314' title='bbox 829 2920 911 2974; x_wconf 73' lang='grc' dir='ltr'>ἔτι</span> <span class='ocrx_word' id='word_1_315' title='bbox 954 2920 1260 2990; x_wconf 80' lang='grc' dir='ltr'>Σαρμάται,</span> <span class='ocrx_word' id='word_1_316' title='bbox 1291 2919 1500 2984; x_wconf 83' lang='grc' dir='ltr'>τούτοις</span> <span class='ocrx_word' id='word_1_317' title='bbox 1555 2919 1762 2989; x_wconf 85' lang='grc' dir='ltr'>ταύτην</span> 
     </span>
    </p>
   </div>
   <div class='ocr_carea' id='block_1_47' title="bbox 194 3011 1762 3085">
    <p class='ocr_par' dir='ltr' id='par_1_47' title="bbox 194 3011 1762 3085">
     <span class='ocr_line' id='line_1_47' title="bbox 194 3011 1762 3085; baseline -0.003 -17"><span class='ocrx_word' id='word_1_318' title='bbox 194 3018 376 3069; x_wconf 78' lang='grc' dir='ltr'>ἵενται</span> <span class='ocrx_word' id='word_1_319' title='bbox 398 3014 495 3085; x_wconf 79' lang='grc' dir='ltr'>τὴν</span> <span class='ocrx_word' id='word_1_320' title='bbox 532 3014 734 3085; x_wconf 76' lang='grc' dir='ltr'>φωνὴν,</span> <span class='ocrx_word' id='word_1_321' title='bbox 785 3015 880 3067; x_wconf 74' lang='grc' dir='ltr'>καὶ</span> <span class='ocrx_word' id='word_1_322' title='bbox 908 3012 985 3082; x_wconf 87' lang='grc' dir='ltr'>τῷ</span> <span class='ocrx_word' id='word_1_323' title='bbox 1026 3012 1187 3067; x_wconf 74' lang='grc' dir='ltr'>παντὶ</span> <span class='ocrx_word' id='word_1_324' title='bbox 1236 3012 1651 3083; x_wconf 79' lang='grc' dir='ltr'>παραπλησίαν,</span> <span class='ocrx_word' id='word_1_325' title='bbox 1685 3011 1762 3074; x_wconf 85' lang='grc' dir='ltr'><strong>ώς</strong></span> 
     </span>
    </p>
   </div>
   <div class='ocr_carea' id='block_1_48' title="bbox 198 3105 1763 3177">
    <p class='ocr_par' dir='ltr' id='par_1_48' title="bbox 198 3105 1763 3177">
     <span class='ocr_line' id='line_1_48' title="bbox 198 3105 1763 3177; baseline -0.002 -18"><span class='ocrx_word' id='word_1_326' title='bbox 198 3110 282 3177; x_wconf 79' lang='grc' dir='ltr'>μὴ</span> <span class='ocrx_word' id='word_1_327' title='bbox 313 3106 567 3176; x_wconf 82' lang='grc' dir='ltr'>χαλεπῶς</span> <span class='ocrx_word' id='word_1_328' title='bbox 618 3106 857 3160; x_wconf 83' lang='grc' dir='ltr'>συνιέναι</span> <span class='ocrx_word' id='word_1_329' title='bbox 915 3106 1160 3175; x_wconf 77' lang='grc' dir='ltr'>ἀλλήλων</span> <span class='ocrx_word' id='word_1_330' title='bbox 1220 3105 1439 3169; x_wconf 83' lang='grc' dir='ltr'>αὐτούς.</span> <span class='ocrx_word' id='word_1_331' title='bbox 1494 3106 1655 3169; x_wconf 79' lang='grc' dir='ltr'>Εἰκὸς</span> <span class='ocrx_word' id='word_1_332' title='bbox 1704 3105 1763 3157; x_wconf 75' lang='grc' dir='ltr'>δὲ</span> 
     </span>
    </p>
   </div>
   <div class='ocr_carea' id='block_1_49' title="bbox 1860 2001 3427 2081">
    <p class='ocr_par' dir='ltr' id='par_1_49' title="bbox 1860 2001 3427 2081">
     <span class='ocr_line' id='line_1_49' title="bbox 1860 2001 3427 2081; baseline 0.008 -27"><span class='ocrx_word' id='word_1_333' title='bbox 1860 2014 1919 2054; x_wconf 84' lang='lat' dir='ltr'><strong>se</strong></span> <span class='ocrx_word' id='word_1_334' title='bbox 1977 2001 2352 2058; x_wconf 88' lang='lat' dir='ltr'><strong>committeret.</strong></span> <span class='ocrx_word' id='word_1_335' title='bbox 2391 2004 2459 2057; x_wconf 84' lang='lat' dir='ltr'><strong>At</strong></span> <span class='ocrx_word' id='word_1_336' title='bbox 2504 2019 2623 2074; x_wconf 67' lang='lat' dir='ltr'><strong>quae</strong></span> <span class='ocrx_word' id='word_1_337' title='bbox 2667 2012 3210 2066; x_wconf 86' lang='lat' dir='ltr'><strong>commemoravimus</strong></span> <span class='ocrx_word' id='word_1_338' title='bbox 3262 2027 3427 2081; x_wconf 85' lang='lat' dir='ltr'><strong>opera</strong></span> 
     </span>
    </p>
   </div>
   <div class='ocr_carea' id='block_1_50' title="bbox 1859 2092 3426 2175">
    <p class='ocr_par' dir='ltr' id='par_1_50' title="bbox 1859 2092 3426 2175">
     <span class='ocr_line' id='line_1_50' title="bbox 1859 2092 3426 2175; baseline 0.007 -27"><span class='ocrx_word' id='word_1_339' title='bbox 1859 2092 2041 2148; x_wconf 90' lang='lat' dir='ltr'><strong>omnia</strong></span> <span class='ocrx_word' id='word_1_340' title='bbox 2088 2094 2198 2163; x_wconf 83' lang='lat' dir='ltr'><strong>iam</strong></span> <span class='ocrx_word' id='word_1_341' title='bbox 2244 2105 2401 2151; x_wconf 85' lang='lat' dir='ltr'><strong>erant</strong></span> <span class='ocrx_word' id='word_1_342' title='bbox 2440 2098 2711 2165; x_wconf 87' lang='lat' dir='ltr'><strong>absoluta,</strong></span> <span class='ocrx_word' id='word_1_343' title='bbox 2746 2111 2798 2155; x_wconf 89' lang='lat' dir='ltr'><strong>et</strong></span> <span class='ocrx_word' id='word_1_344' title='bbox 2853 2102 2920 2155; x_wconf 90' lang='lat' dir='ltr'><strong>ad</strong></span> <span class='ocrx_word' id='word_1_345' title='bbox 2967 2104 3126 2159; x_wconf 79' lang='lat' dir='ltr'><strong>tinent</strong></span> <span class='ocrx_word' id='word_1_346' title='bbox 3171 2109 3426 2175; x_wconf 85' lang='lat' dir='ltr'><strong>perducta</strong></span> 
     </span>
    </p>
   </div>
   <div class='ocr_carea' id='block_1_51' title="bbox 1858 2188 3154 2271">
    <p class='ocr_par' dir='ltr' id='par_1_51' title="bbox 1858 2188 3154 2271">
     <span class='ocr_line' id='line_1_51' title="bbox 1858 2188 3154 2271; baseline 0.012 -29"><span class='ocrx_word' id='word_1_347' title='bbox 1858 2202 1981 2243; x_wconf 87' lang='lat' dir='ltr'><strong>cum</strong></span> <span class='ocrx_word' id='word_1_348' title='bbox 2033 2188 2233 2245; x_wconf 88' lang='lat' dir='ltr'><strong>bellum</strong></span> <span class='ocrx_word' id='word_1_349' title='bbox 2267 2190 2528 2248; x_wconf 84' lang='lat' dir='ltr'><strong>adversus</strong></span> <span class='ocrx_word' id='word_1_350' title='bbox 2564 2192 2795 2252; x_wconf 78' lang='lat' dir='ltr'><strong>Venetos</strong></span> <span class='ocrx_word' id='word_1_351' title='bbox 2835 2200 3154 2271; x_wconf 85' lang='lat' dir='ltr'><strong>susciperet.</strong></span> 
     </span>
    </p>
   </div>
   <div class='ocr_carea' id='block_1_52' title="bbox 1933 2376 3425 2454">
    <p class='ocr_par' dir='ltr' id='par_1_52' title="bbox 1933 2376 3425 2454">
     <span class='ocr_line' id='line_1_52' title="bbox 1933 2376 3425 2454; baseline 0.011 -21"><span class='ocrx_word' id='word_1_352' title='bbox 1933 2376 2143 2434; x_wconf 66' lang='lat' dir='ltr'><strong>distate</strong></span> <span class='ocrx_word' id='word_1_353' title='bbox 2162 2389 2342 2435; x_wconf 85' lang='lat' dir='ltr'><strong>autem</strong></span> <span class='ocrx_word' id='word_1_354' title='bbox 2364 2394 2424 2435; x_wconf 83' lang='lat' dir='ltr'><strong>ea</strong></span> <span class='ocrx_word' id='word_1_355' title='bbox 2453 2396 2571 2451; x_wconf 70' lang='lat' dir='ltr'><strong>qua:</strong></span> <span class='ocrx_word' id='word_1_356' title='bbox 2592 2384 2936 2454; x_wconf 84' lang='lat' dir='ltr'><strong>sequebatur,</strong></span> <span class='ocrx_word' id='word_1_357' title='bbox 2965 2387 3105 2444; x_wconf 85' lang='lat' dir='ltr'><strong>bello</strong></span> <span class='ocrx_word' id='word_1_358' title='bbox 3128 2390 3425 2451; x_wconf 84' lang='lat' dir='ltr'><strong>lacessebat</strong></span> 
     </span>
    </p>
   </div>
   <div class='ocr_carea' id='block_1_53' title="bbox 1861 2472 3420 2547">
    <p class='ocr_par' dir='ltr' id='par_1_53' title="bbox 1861 2472 3420 2547">
     <span class='ocr_line' id='line_1_53' title="bbox 1861 2472 3420 2547; baseline 0.01 -22"><span class='ocrx_word' id='word_1_359' title='bbox 1861 2472 2101 2542; x_wconf 85' lang='lat' dir='ltr'><strong>Illyricos</strong></span> <span class='ocrx_word' id='word_1_360' title='bbox 2122 2482 2174 2528; x_wconf 84' lang='lat' dir='ltr'><strong>et</strong></span> <span class='ocrx_word' id='word_1_361' title='bbox 2210 2474 2541 2545; x_wconf 82' lang='lat' dir='ltr'><strong>Illyricorum</strong></span> <span class='ocrx_word' id='word_1_362' title='bbox 2577 2492 2776 2547; x_wconf 81' lang='lat' dir='ltr'><strong>regem.</strong></span> <span class='ocrx_word' id='word_1_363' title='bbox 2801 2478 2982 2535; x_wconf 85' lang='lat' dir='ltr'><strong>Genus</strong></span> <span class='ocrx_word' id='word_1_364' title='bbox 3005 2483 3109 2537; x_wconf 88' lang='lat' dir='ltr'><strong>hoc</strong></span> <span class='ocrx_word' id='word_1_365' title='bbox 3142 2484 3420 2541; x_wconf 86' lang='lat' dir='ltr'><strong>hominum</strong></span> 
     </span>
    </p>
   </div>
   <div class='ocr_carea' id='block_1_54' title="bbox 1862 2565 3424 2645">
    <p class='ocr_par' dir='ltr' id='par_1_54' title="bbox 1862 2565 3424 2645">
     <span class='ocr_line' id='line_1_54' title="bbox 1862 2565 3424 2645; baseline 0.011 -28"><span class='ocrx_word' id='word_1_366' title='bbox 1862 2565 2143 2634; x_wconf 88' lang='lat' dir='ltr'><strong>antiquum</strong></span> <span class='ocrx_word' id='word_1_367' title='bbox 2161 2575 2265 2629; x_wconf 81' lang='lat' dir='ltr'><strong>est,</strong></span> <span class='ocrx_word' id='word_1_368' title='bbox 2283 2576 2336 2621; x_wconf 89' lang='lat' dir='ltr'><strong>et</strong></span> <span class='ocrx_word' id='word_1_369' title='bbox 2353 2570 2627 2637; x_wconf 74' lang='lat' dir='ltr'><strong>regionem</strong></span> <span class='ocrx_word' id='word_1_370' title='bbox 2649 2586 2839 2625; x_wconf 84' lang='lat' dir='ltr'><strong>versus</strong></span> <span class='ocrx_word' id='word_1_371' title='bbox 2857 2572 3064 2627; x_wconf 93' lang='lat' dir='ltr'><strong>Ionium</strong></span> <span class='ocrx_word' id='word_1_372' title='bbox 3089 2586 3424 2645; x_wconf 84' lang='lat' dir='ltr'><strong>spectantem</strong></span> 
     </span>
    </p>
   </div>
   <div class='ocr_carea' id='block_1_55' title="bbox 1868 2660 3430 2741">
    <p class='ocr_par' dir='ltr' id='par_1_55' title="bbox 1868 2660 3430 2741">
     <span class='ocr_line' id='line_1_55' title="bbox 1868 2660 3430 2741; baseline 0.008 -27"><span class='ocrx_word' id='word_1_373' title='bbox 1868 2660 2134 2725; x_wconf 88' lang='lat' dir='ltr'><strong>incolens,</strong></span> <span class='ocrx_word' id='word_1_374' title='bbox 2192 2660 2511 2731; x_wconf 83' lang='lat' dir='ltr'><strong>plerumque</strong></span> <span class='ocrx_word' id='word_1_375' title='bbox 2560 2663 2623 2717; x_wconf 89' lang='lat' dir='ltr'><strong>ad</strong></span> <span class='ocrx_word' id='word_1_376' title='bbox 2642 2663 2943 2720; x_wconf 88' lang='lat' dir='ltr'><strong>claritatem</strong></span> <span class='ocrx_word' id='word_1_377' title='bbox 2987 2672 3287 2725; x_wconf 86' lang='lat' dir='ltr'><strong>accessisse</strong></span> <span class='ocrx_word' id='word_1_378' title='bbox 3309 2690 3430 2741; x_wconf 85' lang='lat' dir='ltr'><strong>per-</strong></span> 
     </span>
    </p>
   </div>
   <div class='ocr_carea' id='block_1_56' title="bbox 1868 2750 3431 2821">
    <p class='ocr_par' dir='ltr' id='par_1_56' title="bbox 1868 2750 3431 2821">
     <span class='ocr_line' id='line_1_56' title="bbox 1868 2750 3431 2821; baseline 0.009 -17"><span class='ocrx_word' id='word_1_379' title='bbox 1868 2751 2101 2805; x_wconf 83' lang='lat' dir='ltr'><strong>hibetur.</strong></span> <span class='ocrx_word' id='word_1_380' title='bbox 2133 2750 2303 2821; x_wconf 82' lang='lat' dir='ltr'><strong>Vulgo</strong></span> <span class='ocrx_word' id='word_1_381' title='bbox 2337 2769 2482 2807; x_wconf 90' lang='lat' dir='ltr'><strong>nunc</strong></span> <span class='ocrx_word' id='word_1_382' title='bbox 2516 2754 2674 2809; x_wconf 87' lang='lat' dir='ltr'><strong>Bosni</strong></span> <span class='ocrx_word' id='word_1_383' title='bbox 2699 2758 3185 2815; x_wconf 78' lang='lat' dir='ltr'><strong>vocantur.Verum</strong></span> <span class='ocrx_word' id='word_1_384' title='bbox 3216 2763 3431 2818; x_wconf 85' lang='lat' dir='ltr'><strong>Dalma-</strong></span> 
     </span>
    </p>
   </div>
   <div class='ocr_carea' id='block_1_57' title="bbox 1868 2843 3429 2917">
    <p class='ocr_par' dir='ltr' id='par_1_57' title="bbox 1868 2843 3429 2917">
     <span class='ocr_line' id='line_1_57' title="bbox 1868 2843 3429 2917; baseline 0.008 -19"><span class='ocrx_word' id='word_1_385' title='bbox 1868 2856 1954 2917; x_wconf 64' lang='grc' dir='ltr'>ιαι,</span> <span class='ocrx_word' id='word_1_386' title='bbox 1979 2843 2153 2915; x_wconf 77' lang='lat' dir='ltr'><strong>Mysii,</strong></span> <span class='ocrx_word' id='word_1_387' title='bbox 2174 2846 2592 2911; x_wconf 85' lang='lat' dir='ltr'><strong>&#39;I‘riballi,etiam</strong></span> <span class='ocrx_word' id='word_1_388' title='bbox 2614 2848 2889 2914; x_wconf 62' lang='lat' dir='ltr'><strong>Sarmatae,</strong></span> <span class='ocrx_word' id='word_1_389' title='bbox 2916 2853 3103 2907; x_wconf 87' lang='lat' dir='ltr'><strong>eadem</strong></span> <span class='ocrx_word' id='word_1_390' title='bbox 3128 2854 3238 2909; x_wconf 82' lang='lat' dir='ltr'><strong>fere</strong></span> <span class='ocrx_word' id='word_1_391' title='bbox 3269 2868 3429 2911; x_wconf 91' lang='lat' dir='ltr'><strong>utun-</strong></span> 
     </span>
    </p>
   </div>
   <div class='ocr_carea' id='block_1_58' title="bbox 1870 2938 3430 3007">
    <p class='ocr_par' dir='ltr' id='par_1_58' title="bbox 1870 2938 3430 3007">
     <span class='ocr_line' id='line_1_58' title="bbox 1870 2938 3430 3007; baseline 0.007 -17"><span class='ocrx_word' id='word_1_392' title='bbox 1870 2945 1959 2991; x_wconf 91' lang='lat' dir='ltr'><strong>tur</strong></span> <span class='ocrx_word' id='word_1_393' title='bbox 1979 2938 2177 3007; x_wconf 87' lang='lat' dir='ltr'><strong>lingua,</strong></span> <span class='ocrx_word' id='word_1_394' title='bbox 2196 2948 2411 2992; x_wconf 90' lang='lat' dir='ltr'><strong>autnon</strong></span> <span class='ocrx_word' id='word_1_395' title='bbox 2435 2941 2660 2993; x_wconf 91' lang='lat' dir='ltr'><strong>multum</strong></span> <span class='ocrx_word' id='word_1_396' title='bbox 2692 2942 2963 3004; x_wconf 86' lang='lat' dir='ltr'><strong>dissimili,</strong></span> <span class='ocrx_word' id='word_1_397' title='bbox 2985 2952 3044 2997; x_wconf 92' lang='lat' dir='ltr'><strong>ut</strong></span> <span class='ocrx_word' id='word_1_398' title='bbox 3065 2960 3170 2997; x_wconf 90' lang='lat' dir='ltr'><strong>non</strong></span> <span class='ocrx_word' id='word_1_399' title='bbox 3204 2946 3430 3001; x_wconf 82' lang='lat' dir='ltr'><strong>dimcul-</strong></span> 
     </span>
    </p>
   </div>
   <div class='ocr_carea' id='block_1_59' title="bbox 1866 3030 3426 3105">
    <p class='ocr_par' dir='ltr' id='par_1_59' title="bbox 1866 3030 3426 3105">
     <span class='ocr_line' id='line_1_59' title="bbox 1866 3030 3426 3105; baseline 0.007 -24"><span class='ocrx_word' id='word_1_400' title='bbox 1866 3037 1947 3082; x_wconf 90' lang='lat' dir='ltr'><strong>ter</strong></span> <span class='ocrx_word' id='word_1_401' title='bbox 1991 3043 2049 3083; x_wconf 87' lang='lat' dir='ltr'><strong>se</strong></span> <span class='ocrx_word' id='word_1_402' title='bbox 2074 3039 2260 3083; x_wconf 90' lang='lat' dir='ltr'><strong>mutuo</strong></span> <span class='ocrx_word' id='word_1_403' title='bbox 2285 3030 2610 3097; x_wconf 80' lang='lat' dir='ltr'><strong>intelligant.</strong></span> <span class='ocrx_word' id='word_1_404' title='bbox 2640 3030 2946 3087; x_wconf 84' lang='lat' dir='ltr'><strong>Verisimile</strong></span> <span class='ocrx_word' id='word_1_405' title='bbox 2974 3045 3155 3091; x_wconf 88' lang='lat' dir='ltr'><strong>tamen</strong></span> <span class='ocrx_word' id='word_1_406' title='bbox 3179 3048 3280 3105; x_wconf 85' lang='lat' dir='ltr'><strong>est,</strong></span> <span class='ocrx_word' id='word_1_407' title='bbox 3304 3039 3426 3093; x_wconf 89' lang='lat' dir='ltr'><strong>illos</strong></span> 
     </span>
    </p>
   </div>
   <div class='ocr_carea' id='block_1_60' title="bbox 1865 3119 3425 3199">
    <p class='ocr_par' dir='ltr' id='par_1_60' title="bbox 1865 3119 3425 3199">
     <span class='ocr_line' id='line_1_60' title="bbox 1865 3119 3425 3199; baseline 0.01 -28"><span class='ocrx_word' id='word_1_408' title='bbox 1865 3119 2135 3188; x_wconf 78' lang='lat' dir='ltr'><strong>profectos</strong></span> <span class='ocrx_word' id='word_1_409' title='bbox 2167 3122 2233 3175; x_wconf 87' lang='lat' dir='ltr'><strong>ab</strong></span> <span class='ocrx_word' id='word_1_410' title='bbox 2253 3122 2470 3190; x_wconf 84' lang='lat' dir='ltr'><strong>regione</strong></span> <span class='ocrx_word' id='word_1_411' title='bbox 2499 3138 2619 3191; x_wconf 64' lang='lat' dir='ltr'><strong>quae</strong></span> <span class='ocrx_word' id='word_1_412' title='bbox 2649 3138 2841 3179; x_wconf 87' lang='lat' dir='ltr'><strong>versus</strong></span> <span class='ocrx_word' id='word_1_413' title='bbox 2867 3124 3073 3180; x_wconf 88' lang='lat' dir='ltr'><strong>Ionium</strong></span> <span class='ocrx_word' id='word_1_414' title='bbox 3104 3140 3267 3199; x_wconf 85' lang='lat' dir='ltr'><strong>patet,</strong></span> <span class='ocrx_word' id='word_1_415' title='bbox 3301 3150 3425 3186; x_wconf 84' lang='lat' dir='ltr'><strong>eum</strong></span> 
     </span>
    </p>
   </div>
   <div class='ocr_carea' id='block_1_61' title="bbox 194 3197 1763 3296">
    <p class='ocr_par' dir='ltr' id='par_1_61' title="bbox 194 3197 1763 3268">
     <span class='ocr_line' id='line_1_61' title="bbox 194 3197 1763 3268; baseline -0.002 -16"><span class='ocrx_word' id='word_1_416' title='bbox 194 3200 415 3252; x_wconf 78' lang='grc' dir='ltr'>οἴεσθαι</span> <span class='ocrx_word' id='word_1_417' title='bbox 446 3197 672 3261; x_wconf 84' lang='grc' dir='ltr'>τούτους</span> <span class='ocrx_word' id='word_1_418' title='bbox 715 3198 915 3268; x_wconf 82' lang='grc' dir='ltr'>μᾶλλον</span> <span class='ocrx_word' id='word_1_419' title='bbox 964 3197 1330 3267; x_wconf 81' lang='grc' dir='ltr'>ὡρμημένους</span> <span class='ocrx_word' id='word_1_420' title='bbox 1354 3198 1461 3251; x_wconf 73' lang='grc' dir='ltr'><strong>ἀπὸ</strong></span> <span class='ocrx_word' id='word_1_421' title='bbox 1491 3198 1593 3267; x_wconf 82' lang='grc' dir='ltr'>τῆς</span> <span class='ocrx_word' id='word_1_422' title='bbox 1625 3197 1763 3267; x_wconf 77' lang='grc' dir='ltr'>πρὸς</span> 
     </span>
    </p>
   </div>
   <div class='ocr_carea' id='block_1_62' title="bbox 1854 3197 3431 3296">
    <p class='ocr_par' dir='ltr' id='par_1_62' title="bbox 1864 3197 3431 3283">
     <span class='ocr_line' id='line_1_62' title="bbox 1864 3197 3431 3283; baseline 0.009 -22"><span class='ocrx_word' id='word_1_423' title='bbox 1864 3210 2021 3278; x_wconf 86' lang='lat' dir='ltr'><strong>pauci</strong></span> <span class='ocrx_word' id='word_1_424' title='bbox 2068 3225 2294 3264; x_wconf 84' lang='lat' dir='ltr'><strong>numero</strong></span> <span class='ocrx_word' id='word_1_425' title='bbox 2320 3211 2663 3275; x_wconf 76' lang='lat' dir='ltr'><strong>exsisterent,</strong></span> <span class='ocrx_word' id='word_1_426' title='bbox 2701 3216 2976 3283; x_wconf 89' lang='lat' dir='ltr'><strong>etubique</strong></span> <span class='ocrx_word' id='word_1_427' title='bbox 3029 3197 3190 3272; x_wconf 81' lang='lat' dir='ltr'><strong>rebus</strong></span> <span class='ocrx_word' id='word_1_428' title='bbox 3219 3221 3431 3275; x_wconf 80' lang='lat' dir='ltr'><strong>fortiter</strong></span> 
     </span>
    </p>
   </div>
   <div class='ocr_carea' id='block_1_63' title="bbox 188 3289 1759 3361">
    <p class='ocr_par' dir='ltr' id='par_1_63' title="bbox 188 3289 1759 3361">
     <span class='ocr_line' id='line_1_63' title="bbox 188 3289 1759 3361; baseline 0 -18"><span class='ocrx_word' id='word_1_429' title='bbox 188 3293 294 3343; x_wconf 79' lang='grc' dir='ltr'>τὸν</span> <span class='ocrx_word' id='word_1_430' title='bbox 334 3291 521 3343; x_wconf 84' lang='grc' dir='ltr'>Ἰόνιον</span> <span class='ocrx_word' id='word_1_431' title='bbox 551 3289 732 3361; x_wconf 86' lang='grc' dir='ltr'>χώρας</span> <span class='ocrx_word' id='word_1_432' title='bbox 755 3290 908 3357; x_wconf 74' lang='grc' dir='ltr'>γένος</span> <span class='ocrx_word' id='word_1_433' title='bbox 938 3306 997 3343; x_wconf 89' lang='grc' dir='ltr'><strong>τε</strong></span> <span class='ocrx_word' id='word_1_434' title='bbox 1052 3289 1111 3343; x_wconf 83' lang='grc' dir='ltr'>ὃν</span> <span class='ocrx_word' id='word_1_435' title='bbox 1167 3292 1333 3358; x_wconf 82' lang='grc' dir='ltr'>μέγα,</span> <span class='ocrx_word' id='word_1_436' title='bbox 1370 3289 1464 3343; x_wconf 77' lang='grc' dir='ltr'>καὶ</span> <span class='ocrx_word' id='word_1_437' title='bbox 1515 3289 1759 3361; x_wconf 86' lang='grc' dir='ltr'>πολλαχῆ</span> 
     </span>
    </p>
   </div>
   <div class='ocr_carea' id='block_1_64' title="bbox 192 3382 1764 3455">
    <p class='ocr_par' dir='ltr' id='par_1_64' title="bbox 192 3382 1764 3455">
     <span class='ocr_line' id='line_1_64' title="bbox 192 3382 1764 3455; baseline -0.003 -18"><span class='ocrx_word' id='word_1_438' title='bbox 192 3382 616 3454; x_wconf 69' lang='grc' dir='ltr'>ἑνευδοκιμοῦν,</span> <span class='ocrx_word' id='word_1_439' title='bbox 631 3382 730 3453; x_wconf 81' lang='grc' dir='ltr'>τήν</span> <span class='ocrx_word' id='word_1_440' title='bbox 769 3400 828 3436; x_wconf 89' lang='grc' dir='ltr'><strong>τε</strong></span> <span class='ocrx_word' id='word_1_441' title='bbox 860 3383 1082 3455; x_wconf 76' lang='grc' dir='ltr'>Θρᾴκην</span> <span class='ocrx_word' id='word_1_442' title='bbox 1117 3382 1424 3452; x_wconf 80' lang='grc' dir='ltr'>ὑπάγεσθαι</span> <span class='ocrx_word' id='word_1_443' title='bbox 1457 3384 1642 3452; x_wconf 78' lang='grc' dir='ltr'>σφίσιν</span> <span class='ocrx_word' id='word_1_444' title='bbox 1668 3382 1764 3435; x_wconf 85' lang='grc' dir='ltr'>αύ-</span> 
     </span>
    </p>
   </div>
   <div class='ocr_carea' id='block_1_65' title="bbox 196 3476 1761 3549">
    <p class='ocr_par' dir='ltr' id='par_1_65' title="bbox 196 3476 1761 3549">
     <span class='ocr_line' id='line_1_65' title="bbox 196 3476 1761 3549; baseline 0.001 -21"><span class='ocrx_word' id='word_1_445' title='bbox 196 3479 340 3539; x_wconf 87' lang='grc' dir='ltr'><strong>τοίς,</strong></span> <span class='ocrx_word' id='word_1_446' title='bbox 368 3476 463 3528; x_wconf 80' lang='grc' dir='ltr'>καὶ</span> <span class='ocrx_word' id='word_1_447' title='bbox 489 3477 579 3529; x_wconf 77' lang='grc' dir='ltr'>τὸν</span> <span class='ocrx_word' id='word_1_448' title='bbox 612 3476 824 3546; x_wconf 86' lang='grc' dir='ltr'>Ἴστρον</span> <span class='ocrx_word' id='word_1_449' title='bbox 878 3476 1168 3541; x_wconf 80' lang='grc' dir='ltr'>διαϐάντας</span> <span class='ocrx_word' id='word_1_450' title='bbox 1198 3476 1294 3546; x_wconf 74' lang='grc' dir='ltr'>τὴν</span> <span class='ocrx_word' id='word_1_451' title='bbox 1317 3477 1419 3549; x_wconf 82' lang='grc' dir='ltr'>τῆς</span> <span class='ocrx_word' id='word_1_452' title='bbox 1446 3477 1761 3549; x_wconf 80' lang='grc' dir='ltr'>Σαρματίας</span> 
     </span>
    </p>
   </div>
   <div class='ocr_carea' id='block_1_66' title="bbox 193 3569 1759 3640">
    <p class='ocr_par' dir='ltr' id='par_1_66' title="bbox 193 3569 1759 3640">
     <span class='ocr_line' id='line_1_66' title="bbox 193 3569 1759 3640; baseline 0 -17"><span class='ocrx_word' id='word_1_453' title='bbox 193 3572 389 3640; x_wconf 81' lang='grc' dir='ltr'>χώραν</span> <span class='ocrx_word' id='word_1_454' title='bbox 411 3570 653 3638; x_wconf 84' lang='grc' dir='ltr'>οἰκῆσαι,</span> <span class='ocrx_word' id='word_1_455' title='bbox 677 3570 710 3640; x_wconf 71' lang='grc' dir='ltr'>ἢ</span> <span class='ocrx_word' id='word_1_456' title='bbox 737 3570 813 3632; x_wconf 83' lang='grc' dir='ltr'>ὡς</span> <span class='ocrx_word' id='word_1_457' title='bbox 849 3569 982 3623; x_wconf 76' lang='grc' dir='ltr'>ένιοι</span> <span class='ocrx_word' id='word_1_458' title='bbox 1000 3569 1228 3631; x_wconf 86' lang='grc' dir='ltr'>οίονται,</span> <span class='ocrx_word' id='word_1_459' title='bbox 1268 3570 1374 3623; x_wconf 78' lang='grc' dir='ltr'><strong>ὑπὸ</strong></span> <span class='ocrx_word' id='word_1_460' title='bbox 1399 3571 1620 3623; x_wconf 85' lang='grc' dir='ltr'>Σκυθῶν</span> <span class='ocrx_word' id='word_1_461' title='bbox 1639 3570 1759 3624; x_wconf 82' lang='grc' dir='ltr'>διω-</span> 
     </span>
    </p>
   </div>
   <div class='ocr_carea' id='block_1_67' title="bbox 192 3663 1759 3735">
    <p class='ocr_par' dir='ltr' id='par_1_67' title="bbox 192 3663 1759 3735">
     <span class='ocr_line' id='line_1_67' title="bbox 192 3663 1759 3735; baseline 0 -18"><span class='ocrx_word' id='word_1_462' title='bbox 192 3664 470 3733; x_wconf 83' lang='grc' dir='ltr'>κομένους</span> <span class='ocrx_word' id='word_1_463' title='bbox 491 3703 505 3725; x_wconf 86' lang='grc'><strong>,</strong></span> <span class='ocrx_word' id='word_1_464' title='bbox 537 3663 790 3731; x_wconf 79' lang='grc' dir='ltr'>διαϐῆναί</span> <span class='ocrx_word' id='word_1_465' title='bbox 812 3680 871 3717; x_wconf 92' lang='grc' dir='ltr'><strong>τε</strong></span> <span class='ocrx_word' id='word_1_466' title='bbox 903 3665 959 3726; x_wconf 86' lang='grc' dir='ltr'>ὲς</span> <span class='ocrx_word' id='word_1_467' title='bbox 986 3663 1087 3733; x_wconf 77' lang='grc' dir='ltr'><strong>τὴν</strong></span> <span class='ocrx_word' id='word_1_468' title='bbox 1116 3663 1208 3716; x_wconf 75' lang='grc' dir='ltr'><strong>ἐπὶ</strong></span> <span class='ocrx_word' id='word_1_469' title='bbox 1234 3663 1357 3718; x_wconf 80' lang='grc' dir='ltr'>τάδε</span> <span class='ocrx_word' id='word_1_470' title='bbox 1414 3665 1508 3717; x_wconf 83' lang='grc' dir='ltr'><strong>τοῦ</strong></span> <span class='ocrx_word' id='word_1_471' title='bbox 1542 3663 1759 3735; x_wconf 82' lang='grc' dir='ltr'>Ἴστρου</span> 
     </span>
    </p>
   </div>
   <div class='ocr_carea' id='block_1_68' title="bbox 197 3756 1756 3831">
    <p class='ocr_par' dir='ltr' id='par_1_68' title="bbox 197 3756 1756 3831">
     <span class='ocr_line' id='line_1_68' title="bbox 197 3756 1756 3831; baseline 0.002 -21"><span class='ocrx_word' id='word_1_472' title='bbox 197 3759 419 3829; x_wconf 80' lang='grc' dir='ltr'>χώραν,</span> <span class='ocrx_word' id='word_1_473' title='bbox 442 3758 538 3810; x_wconf 75' lang='grc' dir='ltr'>καὶ</span> <span class='ocrx_word' id='word_1_474' title='bbox 569 3756 1124 3826; x_wconf 68' lang='grc' dir='ltr'>καταστρεψαμένους</span> <span class='ocrx_word' id='word_1_475' title='bbox 1154 3757 1253 3828; x_wconf 82' lang='grc' dir='ltr'>τὴν</span> <span class='ocrx_word' id='word_1_476' title='bbox 1293 3758 1466 3831; x_wconf 74' lang='grc' dir='ltr'><strong>ταὺτῃ</strong></span> <span class='ocrx_word' id='word_1_477' title='bbox 1512 3760 1756 3829; x_wconf 84' lang='grc' dir='ltr'>Θράκην,</span> 
     </span>
    </p>
   </div>
   <div class='ocr_carea' id='block_1_69' title="bbox 193 3848 1760 3921">
    <p class='ocr_par' dir='ltr' id='par_1_69' title="bbox 193 3848 1760 3921">
     <span class='ocr_line' id='line_1_69' title="bbox 193 3848 1760 3921; baseline 0.003 -18"><span class='ocrx_word' id='word_1_478' title='bbox 193 3852 325 3903; x_wconf 79' lang='grc' dir='ltr'>ἐστε</span> <span class='ocrx_word' id='word_1_479' title='bbox 367 3850 459 3901; x_wconf 62' lang='grc' dir='ltr'><strong>ἐπὶ</strong></span> <span class='ocrx_word' id='word_1_480' title='bbox 492 3848 661 3919; x_wconf 83' lang='grc' dir='ltr'>μυχὸν</span> <span class='ocrx_word' id='word_1_481' title='bbox 686 3848 780 3901; x_wconf 82' lang='grc' dir='ltr'><strong>τοῦ</strong></span> <span class='ocrx_word' id='word_1_482' title='bbox 812 3849 1016 3902; x_wconf 84' lang='grc' dir='ltr'>κόλπου</span> <span class='ocrx_word' id='word_1_483' title='bbox 1042 3849 1429 3919; x_wconf 81' lang='grc' dir='ltr'>ἀφικομένους,</span> <span class='ocrx_word' id='word_1_484' title='bbox 1458 3852 1760 3921; x_wconf 76' lang='grc' dir='ltr'>ἐνοικῆσαι.</span> 
     </span>
    </p>
   </div>
   <div class='ocr_carea' id='block_1_70' title="bbox 193 3942 1762 4013">
    <p class='ocr_par' dir='ltr' id='par_1_70' title="bbox 193 3942 1762 4013">
     <span class='ocr_line' id='line_1_70' title="bbox 193 3942 1762 4013; baseline 0 -17"><span class='ocrx_word' id='word_1_485' title='bbox 193 3944 485 4013; x_wconf 78' lang='grc' dir='ltr'>Θαυμάζω</span> <span class='ocrx_word' id='word_1_486' title='bbox 537 3943 615 4006; x_wconf 83' lang='grc' dir='ltr'>δὲ,</span> <span class='ocrx_word' id='word_1_487' title='bbox 671 3944 718 3995; x_wconf 84' lang='grc' dir='ltr'><strong>εί</strong></span> <span class='ocrx_word' id='word_1_488' title='bbox 776 3942 901 4010; x_wconf 70' lang='grc' dir='ltr'>τοὺς</span> <span class='ocrx_word' id='word_1_489' title='bbox 949 3942 1263 4012; x_wconf 78' lang='grc' dir='ltr'>Ἰλλυριοὺς,</span> <span class='ocrx_word' id='word_1_490' title='bbox 1327 3944 1762 4013; x_wconf 80' lang='grc' dir='ltr'>ἀποφαινόμενος</span> 
     </span>
    </p>
   </div>
   <div class='ocr_carea' id='block_1_71' title="bbox 207 4034 1761 4104">
    <p class='ocr_par' dir='ltr' id='par_1_71' title="bbox 207 4034 1761 4104">
     <span class='ocr_line' id='line_1_71' title="bbox 207 4034 1761 4104; baseline -0.001 -13"><span class='ocrx_word' id='word_1_491' title='bbox 207 4036 533 4099; x_wconf 82' lang='grc' dir='ltr'>Ἀλϐανοὺς,</span> <span class='ocrx_word' id='word_1_492' title='bbox 599 4034 948 4104; x_wconf 82' lang='grc' dir='ltr'>τεκμαίροιτό</span> <span class='ocrx_word' id='word_1_493' title='bbox 1012 4051 1118 4101; x_wconf 87' lang='grc' dir='ltr'>τις,</span> <span class='ocrx_word' id='word_1_494' title='bbox 1179 4034 1637 4104; x_wconf 77' lang='grc' dir='ltr'>συμϐαλλόμενος,</span> <span class='ocrx_word' id='word_1_495' title='bbox 1684 4035 1761 4098; x_wconf 83' lang='grc' dir='ltr'>ὼς</span> 
     </span>
    </p>
   </div>
   <div class='ocr_carea' id='block_1_72' title="bbox 209 4125 1764 4199">
    <p class='ocr_par' dir='ltr' id='par_1_72' title="bbox 209 4125 1764 4199">
     <span class='ocr_line' id='line_1_72' title="bbox 209 4125 1764 4199; baseline -0.001 -17"><span class='ocrx_word' id='word_1_496' title='bbox 209 4130 470 4199; x_wconf 75' lang='grc' dir='ltr'>Ἰλλυριοὶ</span> <span class='ocrx_word' id='word_1_497' title='bbox 498 4130 548 4180; x_wconf 76' lang='grc' dir='ltr'>οἱ</span> <span class='ocrx_word' id='word_1_498' title='bbox 577 4127 710 4196; x_wconf 72' lang='grc' dir='ltr'>πρὸς</span> <span class='ocrx_word' id='word_1_499' title='bbox 728 4126 805 4194; x_wconf 80' lang='grc' dir='ltr'>τῷ</span> <span class='ocrx_word' id='word_1_500' title='bbox 840 4125 995 4196; x_wconf 85' lang='grc' dir='ltr'><strong>μυχῷ</strong></span> <span class='ocrx_word' id='word_1_501' title='bbox 1019 4126 1113 4179; x_wconf 83' lang='grc' dir='ltr'>τοῦ</span> <span class='ocrx_word' id='word_1_502' title='bbox 1157 4125 1340 4179; x_wconf 86' lang='grc' dir='ltr'>Ἰονίου</span> <span class='ocrx_word' id='word_1_503' title='bbox 1363 4126 1649 4197; x_wconf 69' lang='grc' dir='ltr'>ἐχώρησαν</span> <span class='ocrx_word' id='word_1_504' title='bbox 1670 4126 1764 4181; x_wconf 71' lang='grc' dir='ltr'><strong>ἐπὶ</strong></span> 
     </span>
    </p>
   </div>
   <div class='ocr_carea' id='block_1_73' title="bbox 192 4217 1764 4293">
    <p class='ocr_par' dir='ltr' id='par_1_73' title="bbox 192 4217 1764 4293">
     <span class='ocr_line' id='line_1_73' title="bbox 192 4217 1764 4293; baseline -0.003 -16"><span class='ocrx_word' id='word_1_505' title='bbox 192 4224 301 4293; x_wconf 79' lang='grc' dir='ltr'>τὴν</span> <span class='ocrx_word' id='word_1_506' title='bbox 335 4223 566 4292; x_wconf 74' lang='grc' dir='ltr'>ἦπειρόν</span> <span class='ocrx_word' id='word_1_507' title='bbox 584 4238 665 4285; x_wconf 86' lang='grc' dir='ltr'><strong>τε,</strong></span> <span class='ocrx_word' id='word_1_508' title='bbox 691 4221 786 4273; x_wconf 73' lang='grc' dir='ltr'><strong>καὶ</strong></span> <span class='ocrx_word' id='word_1_509' title='bbox 809 4219 1095 4283; x_wconf 75' lang='grc' dir='ltr'>Αἰτωλίαν,</span> <span class='ocrx_word' id='word_1_510' title='bbox 1115 4220 1209 4272; x_wconf 84' lang='grc' dir='ltr'>καὶ</span> <span class='ocrx_word' id='word_1_511' title='bbox 1229 4218 1522 4281; x_wconf 76' lang='grc' dir='ltr'>θετταλίας</span> <span class='ocrx_word' id='word_1_512' title='bbox 1553 4217 1764 4289; x_wconf 85' lang='grc' dir='ltr'>χώραν.</span> 
     </span>
    </p>
   </div>
   <div class='ocr_carea' id='block_1_74' title="bbox 212 4309 1761 4384">
    <p class='ocr_par' dir='ltr' id='par_1_74' title="bbox 212 4309 1761 4384">
     <span class='ocr_line' id='line_1_74' title="bbox 212 4309 1761 4384; baseline -0.006 -13"><span class='ocrx_word' id='word_1_513' title='bbox 212 4317 362 4372; x_wconf 79' lang='grc' dir='ltr'>Ἀλλ’</span> <span class='ocrx_word' id='word_1_514' title='bbox 394 4316 477 4367; x_wconf 86' lang='grc' dir='ltr'>ὅτι</span> <span class='ocrx_word' id='word_1_515' title='bbox 510 4314 606 4384; x_wconf 82' lang='grc' dir='ltr'>μὲν</span> <span class='ocrx_word' id='word_1_516' title='bbox 635 4313 742 4365; x_wconf 78' lang='grc' dir='ltr'><strong>ἀπὸ</strong></span> <span class='ocrx_word' id='word_1_517' title='bbox 782 4313 1114 4381; x_wconf 72' lang='grc' dir='ltr'>Ἐπιδάμνου</span> <span class='ocrx_word' id='word_1_518' title='bbox 1152 4312 1317 4382; x_wconf 83' lang='grc' dir='ltr'>μέχρι</span> <span class='ocrx_word' id='word_1_519' title='bbox 1340 4309 1433 4363; x_wconf 78' lang='grc' dir='ltr'>τοῦ</span> <span class='ocrx_word' id='word_1_520' title='bbox 1453 4310 1761 4379; x_wconf 77' lang='grc' dir='ltr'>Καρνερίου</span> 
     </span>
    </p>
   </div>
   <div class='ocr_carea' id='block_1_75' title="bbox 194 4402 1764 4474">
    <p class='ocr_par' dir='ltr' id='par_1_75' title="bbox 194 4402 1764 4474">
     <span class='ocr_line' id='line_1_75' title="bbox 194 4402 1764 4474; baseline -0.003 -12"><span class='ocrx_word' id='word_1_521' title='bbox 194 4407 545 4474; x_wconf 77' lang='grc' dir='ltr'>καλουμένου</span> <span class='ocrx_word' id='word_1_522' title='bbox 578 4406 775 4458; x_wconf 83' lang='grc' dir='ltr'>κόλπου</span> <span class='ocrx_word' id='word_1_523' title='bbox 808 4404 1000 4467; x_wconf 75' lang='grc' dir='ltr'>ἂπαςό</span> <span class='ocrx_word' id='word_1_524' title='bbox 1048 4404 1222 4473; x_wconf 82' lang='grc' dir='ltr'>χῶρος</span> <span class='ocrx_word' id='word_1_525' title='bbox 1277 4402 1431 4466; x_wconf 82' lang='grc' dir='ltr'>οὗτος</span> <span class='ocrx_word' id='word_1_526' title='bbox 1483 4404 1764 4457; x_wconf 83' lang='grc' dir='ltr'>διατείνων</span> 
     </span>
    </p>
   </div>
   <div class='ocr_carea' id='block_1_76' title="bbox 1866 3302 3432 3376">
    <p class='ocr_par' dir='ltr' id='par_1_76' title="bbox 1866 3302 3432 3376">
     <span class='ocr_line' id='line_1_76' title="bbox 1866 3302 3432 3376; baseline 0.008 -19"><span class='ocrx_word' id='word_1_527' title='bbox 1866 3302 2032 3372; x_wconf 80' lang='lat' dir='ltr'><strong>gestis</strong></span> <span class='ocrx_word' id='word_1_528' title='bbox 2085 3302 2527 3369; x_wconf 86' lang='lat' dir='ltr'><strong>inclarescereut,</strong></span> <span class='ocrx_word' id='word_1_529' title='bbox 2589 3303 2877 3360; x_wconf 86' lang='lat' dir='ltr'><strong>Thraciam</strong></span> <span class='ocrx_word' id='word_1_530' title='bbox 2922 3310 3331 3376; x_wconf 78' lang='lat' dir='ltr'><strong>perdomuisse:</strong></span> <span class='ocrx_word' id='word_1_531' title='bbox 3377 3323 3432 3370; x_wconf 83' lang='lat' dir='ltr'><strong>et</strong></span> 
     </span>
    </p>
   </div>
   <div class='ocr_carea' id='block_1_77' title="bbox 1875 3393 3422 3467">
    <p class='ocr_par' dir='ltr' id='par_1_77' title="bbox 1875 3393 3422 3467">
     <span class='ocr_line' id='line_1_77' title="bbox 1875 3393 3422 3467; baseline 0.008 -20"><span class='ocrx_word' id='word_1_532' title='bbox 1875 3394 2016 3450; x_wconf 91' lang='lat' dir='ltr'><strong>Istro</strong></span> <span class='ocrx_word' id='word_1_533' title='bbox 2048 3396 2394 3458; x_wconf 89' lang='lat' dir='ltr'><strong>transmisso,</strong></span> <span class='ocrx_word' id='word_1_534' title='bbox 2430 3393 2718 3451; x_wconf 62' lang='lat' dir='ltr'><strong>Sarmatiae</strong></span> <span class='ocrx_word' id='word_1_535' title='bbox 2754 3399 3031 3467; x_wconf 80' lang='lat' dir='ltr'><strong>regionem</strong></span> <span class='ocrx_word' id='word_1_536' title='bbox 3066 3404 3422 3460; x_wconf 68' lang='lat' dir='ltr'><strong>inhabitasse.</strong></span> 
     </span>
    </p>
   </div>
   <div class='ocr_carea' id='block_1_78' title="bbox 1864 3487 3428 3563">
    <p class='ocr_par' dir='ltr' id='par_1_78' title="bbox 1864 3487 3428 3563">
     <span class='ocr_line' id='line_1_78' title="bbox 1864 3487 3428 3563; baseline 0.006 -19"><span class='ocrx_word' id='word_1_537' title='bbox 1864 3488 2005 3544; x_wconf 88' lang='lat' dir='ltr'><strong>Sttnt</strong></span> <span class='ocrx_word' id='word_1_538' title='bbox 2045 3502 2171 3542; x_wconf 80' lang='lat' dir='ltr'><strong>vero</strong></span> <span class='ocrx_word' id='word_1_539' title='bbox 2196 3488 2289 3557; x_wconf 86' lang='lat' dir='ltr'><strong>qui</strong></span> <span class='ocrx_word' id='word_1_540' title='bbox 2314 3487 2647 3543; x_wconf 87' lang='lat' dir='ltr'><strong>tradunteos</strong></span> <span class='ocrx_word' id='word_1_541' title='bbox 2679 3504 2708 3542; x_wconf 88' lang='lat' dir='ltr'><strong>a</strong></span> <span class='ocrx_word' id='word_1_542' title='bbox 2737 3488 2957 3560; x_wconf 85' lang='lat' dir='ltr'><strong>Scythis</strong></span> <span class='ocrx_word' id='word_1_543' title='bbox 2984 3494 3189 3563; x_wconf 90' lang='lat' dir='ltr'><strong>pulsos,</strong></span> <span class='ocrx_word' id='word_1_544' title='bbox 3222 3502 3428 3554; x_wconf 87' lang='lat' dir='ltr'><strong>transi-</strong></span> 
     </span>
    </p>
   </div>
   <div class='ocr_carea' id='block_1_79' title="bbox 1864 3584 3426 3655">
    <p class='ocr_par' dir='ltr' id='par_1_79' title="bbox 1864 3584 3426 3655">
     <span class='ocr_line' id='line_1_79' title="bbox 1864 3584 3426 3655; baseline 0.006 -18"><span class='ocrx_word' id='word_1_545' title='bbox 1864 3586 1973 3638; x_wconf 87' lang='lat' dir='ltr'><strong>Isse</strong></span> <span class='ocrx_word' id='word_1_546' title='bbox 1999 3585 2050 3637; x_wconf 92' lang='lat' dir='ltr'><strong>in</strong></span> <span class='ocrx_word' id='word_1_547' title='bbox 2081 3584 2354 3654; x_wconf 81' lang='lat' dir='ltr'><strong>regionem</strong></span> <span class='ocrx_word' id='word_1_548' title='bbox 2371 3600 2490 3653; x_wconf 69' lang='lat' dir='ltr'><strong>qua:</strong></span> <span class='ocrx_word' id='word_1_549' title='bbox 2514 3585 2653 3637; x_wconf 88' lang='lat' dir='ltr'><strong>ultra</strong></span> <span class='ocrx_word' id='word_1_550' title='bbox 2674 3584 2865 3641; x_wconf 87' lang='lat' dir='ltr'><strong>Istrum</strong></span> <span class='ocrx_word' id='word_1_551' title='bbox 2885 3588 3103 3655; x_wconf 90' lang='lat' dir='ltr'><strong>colitur,</strong></span> <span class='ocrx_word' id='word_1_552' title='bbox 3121 3601 3175 3644; x_wconf 91' lang='lat' dir='ltr'><strong>et</strong></span> <span class='ocrx_word' id='word_1_553' title='bbox 3204 3593 3426 3646; x_wconf 79' lang='lat' dir='ltr'><strong>subacta</strong></span> 
     </span>
    </p>
   </div>
   <div class='ocr_carea' id='block_1_80' title="bbox 1864 3671 3430 3747">
    <p class='ocr_par' dir='ltr' id='par_1_80' title="bbox 1864 3671 3430 3747">
     <span class='ocr_line' id='line_1_80' title="bbox 1864 3671 3430 3747; baseline 0.008 -21"><span class='ocrx_word' id='word_1_554' title='bbox 1864 3671 2123 3738; x_wconf 86' lang='lat' dir='ltr'><strong>Thracia,</strong></span> <span class='ocrx_word' id='word_1_555' title='bbox 2166 3676 2230 3727; x_wconf 90' lang='lat' dir='ltr'><strong>ad</strong></span> <span class='ocrx_word' id='word_1_556' title='bbox 2263 3675 2441 3728; x_wconf 89' lang='lat' dir='ltr'><strong>sinum</strong></span> <span class='ocrx_word' id='word_1_557' title='bbox 2489 3689 2613 3729; x_wconf 92' lang='lat' dir='ltr'><strong>eum</strong></span> <span class='ocrx_word' id='word_1_558' title='bbox 2640 3680 2871 3741; x_wconf 84' lang='lat' dir='ltr'><strong>venisse,</strong></span> <span class='ocrx_word' id='word_1_559' title='bbox 2896 3678 3081 3747; x_wconf 80' lang='lat' dir='ltr'><strong>ibique</strong></span> <span class='ocrx_word' id='word_1_560' title='bbox 3098 3683 3253 3735; x_wconf 90' lang='lat' dir='ltr'><strong>sedes</strong></span> <span class='ocrx_word' id='word_1_561' title='bbox 3282 3684 3430 3739; x_wconf 72' lang='lat' dir='ltr'><strong>(tris-</strong></span> 
     </span>
    </p>
   </div>
   <div class='ocr_carea' id='block_1_81' title="bbox 1862 3765 3429 3844">
    <p class='ocr_par' dir='ltr' id='par_1_81' title="bbox 1862 3765 3429 3844">
     <span class='ocr_line' id='line_1_81' title="bbox 1862 3765 3429 3844; baseline 0.004 -23"><span class='ocrx_word' id='word_1_562' title='bbox 1862 3781 1942 3821; x_wconf 86' lang='lat' dir='ltr'><strong>se.</strong></span> <span class='ocrx_word' id='word_1_563' title='bbox 1961 3765 2127 3819; x_wconf 80' lang='lat' dir='ltr'><strong>Miror</strong></span> <span class='ocrx_word' id='word_1_564' title='bbox 2158 3767 2516 3835; x_wconf 88' lang='lat' dir='ltr'><strong>autetn,quod</strong></span> <span class='ocrx_word' id='word_1_565' title='bbox 2544 3766 2760 3835; x_wconf 88' lang='lat' dir='ltr'><strong>quidam</strong></span> <span class='ocrx_word' id='word_1_566' title='bbox 2792 3776 2917 3822; x_wconf 85' lang='lat' dir='ltr'><strong>sunt</strong></span> <span class='ocrx_word' id='word_1_567' title='bbox 2941 3771 3031 3838; x_wconf 90' lang='lat' dir='ltr'><strong>qui</strong></span> <span class='ocrx_word' id='word_1_568' title='bbox 3054 3784 3277 3827; x_wconf 86' lang='lat' dir='ltr'><strong>censent</strong></span> <span class='ocrx_word' id='word_1_569' title='bbox 3300 3775 3429 3844; x_wconf 90' lang='lat' dir='ltr'><strong>Illy-</strong></span> 
     </span>
    </p>
   </div>
   <div class='ocr_carea' id='block_1_82' title="bbox 1863 3858 3421 3928">
    <p class='ocr_par' dir='ltr' id='par_1_82' title="bbox 1863 3858 3421 3928">
     <span class='ocr_line' id='line_1_82' title="bbox 1863 3858 3421 3928; baseline 0.004 -17"><span class='ocrx_word' id='word_1_570' title='bbox 1863 3858 2009 3913; x_wconf 85' lang='lat' dir='ltr'><strong>ricos</strong></span> <span class='ocrx_word' id='word_1_571' title='bbox 2057 3858 2295 3911; x_wconf 78' lang='lat' dir='ltr'><strong>Albanos</strong></span> <span class='ocrx_word' id='word_1_572' title='bbox 2322 3872 2443 3912; x_wconf 79' lang='lat' dir='ltr'><strong>esse</strong></span> <span class='ocrx_word' id='word_1_573' title='bbox 2480 3875 2493 3911; x_wconf 90' lang='lat'><strong>:</strong></span> <span class='ocrx_word' id='word_1_574' title='bbox 2525 3860 2678 3926; x_wconf 86' lang='lat' dir='ltr'><strong>quasi</strong></span> <span class='ocrx_word' id='word_1_575' title='bbox 2709 3858 2893 3928; x_wconf 89' lang='lat' dir='ltr'><strong>Illyrii,</strong></span> <span class='ocrx_word' id='word_1_576' title='bbox 2920 3861 3013 3927; x_wconf 89' lang='lat' dir='ltr'><strong>qui</strong></span> <span class='ocrx_word' id='word_1_577' title='bbox 3034 3871 3219 3916; x_wconf 88' lang='lat' dir='ltr'><strong>tenent</strong></span> <span class='ocrx_word' id='word_1_578' title='bbox 3242 3865 3421 3919; x_wconf 80' lang='lat' dir='ltr'><strong>sinunt</strong></span> 
     </span>
    </p>
   </div>
   <div class='ocr_carea' id='block_1_83' title="bbox 1864 3948 3427 4018">
    <p class='ocr_par' dir='ltr' id='par_1_83' title="bbox 1864 3948 3427 4018">
     <span class='ocr_line' id='line_1_83' title="bbox 1864 3948 3427 4018; baseline 0.005 -17"><span class='ocrx_word' id='word_1_579' title='bbox 1864 3948 2016 4014; x_wconf 85' lang='lat' dir='ltr'><strong>Ionii,</strong></span> <span class='ocrx_word' id='word_1_580' title='bbox 2038 3948 2397 4016; x_wconf 84' lang='lat' dir='ltr'><strong>processerint</strong></span> <span class='ocrx_word' id='word_1_581' title='bbox 2425 3949 2477 4001; x_wconf 91' lang='lat' dir='ltr'><strong>in</strong></span> <span class='ocrx_word' id='word_1_582' title='bbox 2498 3949 2635 4002; x_wconf 86' lang='lat' dir='ltr'><strong>hanc</strong></span> <span class='ocrx_word' id='word_1_583' title='bbox 2653 3951 3044 4013; x_wconf 81' lang='lat' dir='ltr'><strong>continentem,</strong></span> <span class='ocrx_word' id='word_1_584' title='bbox 3071 3952 3348 4018; x_wconf 68' lang='lat' dir='ltr'><strong>Etoliattt,</strong></span> <span class='ocrx_word' id='word_1_585' title='bbox 3373 3968 3427 4011; x_wconf 87' lang='lat' dir='ltr'><strong>ct</strong></span> 
     </span>
    </p>
   </div>
   <div class='ocr_carea' id='block_1_84' title="bbox 1864 4036 3429 4113">
    <p class='ocr_par' dir='ltr' id='par_1_84' title="bbox 1864 4036 3429 4113">
     <span class='ocr_line' id='line_1_84' title="bbox 1864 4036 3429 4113; baseline 0.006 -23"><span class='ocrx_word' id='word_1_586' title='bbox 1864 4036 2158 4091; x_wconf 68' lang='lat' dir='ltr'><strong>Thessaliae</strong></span> <span class='ocrx_word' id='word_1_587' title='bbox 2194 4037 2487 4103; x_wconf 81' lang='lat' dir='ltr'><strong>regionem.</strong></span> <span class='ocrx_word' id='word_1_588' title='bbox 2509 4036 2776 4109; x_wconf 66' lang='lat' dir='ltr'><strong>Craterum</strong></span> <span class='ocrx_word' id='word_1_589' title='bbox 2801 4039 3047 4094; x_wconf 83' lang='lat' dir='ltr'><strong>universa</strong></span> <span class='ocrx_word' id='word_1_590' title='bbox 3077 4041 3165 4095; x_wconf 92' lang='lat' dir='ltr'><strong>illa</strong></span> <span class='ocrx_word' id='word_1_591' title='bbox 3186 4045 3335 4113; x_wconf 82' lang='lat' dir='ltr'><strong>regio</strong></span> <span class='ocrx_word' id='word_1_592' title='bbox 3361 4049 3429 4099; x_wconf 87' lang='lat' dir='ltr'><strong>ab</strong></span> 
     </span>
    </p>
   </div>
   <div class='ocr_carea' id='block_1_85' title="bbox 1864 4126 3431 4205">
    <p class='ocr_par' dir='ltr' id='par_1_85' title="bbox 1864 4126 3431 4205">
     <span class='ocr_line' id='line_1_85' title="bbox 1864 4126 3431 4205; baseline 0.006 -24"><span class='ocrx_word' id='word_1_593' title='bbox 1864 4126 2161 4195; x_wconf 85' lang='lat' dir='ltr'><strong>Epidamno</strong></span> <span class='ocrx_word' id='word_1_594' title='bbox 2180 4144 2350 4198; x_wconf 81' lang='lat' dir='ltr'><strong>usque</strong></span> <span class='ocrx_word' id='word_1_595' title='bbox 2375 4130 2439 4182; x_wconf 89' lang='lat' dir='ltr'><strong>ad</strong></span> <span class='ocrx_word' id='word_1_596' title='bbox 2462 4130 2775 4183; x_wconf 84' lang='lat' dir='ltr'><strong>Carneriunt</strong></span> <span class='ocrx_word' id='word_1_597' title='bbox 2805 4133 2981 4185; x_wconf 90' lang='lat' dir='ltr'><strong>sinutn</strong></span> <span class='ocrx_word' id='word_1_598' title='bbox 3012 4137 3026 4184; x_wconf 76' lang='grc' dir='ltr'><strong>ι</strong></span> <span class='ocrx_word' id='word_1_599' title='bbox 3037 4135 3175 4201; x_wconf 89' lang='grc'><strong>7-8),</strong></span> <span class='ocrx_word' id='word_1_600' title='bbox 3194 4138 3431 4205; x_wconf 87' lang='lat' dir='ltr'><strong>comple-</strong></span> 
     </span>
    </p>
   </div>
   <div class='ocr_carea' id='block_1_86' title="bbox 1868 4219 3425 4296">
    <p class='ocr_par' dir='ltr' id='par_1_86' title="bbox 1868 4219 3425 4296">
     <span class='ocr_line' id='line_1_86' title="bbox 1868 4219 3425 4296; baseline 0.004 -22"><span class='ocrx_word' id='word_1_601' title='bbox 1868 4221 2034 4274; x_wconf 86' lang='lat' dir='ltr'><strong>ctitur</strong></span> <span class='ocrx_word' id='word_1_602' title='bbox 2065 4219 2302 4289; x_wconf 86' lang='lat' dir='ltr'><strong>spatium</strong></span> <span class='ocrx_word' id='word_1_603' title='bbox 2341 4229 2424 4275; x_wconf 78' lang='lat' dir='ltr'><strong>ter</strong></span> <span class='ocrx_word' id='word_1_604' title='bbox 2448 4221 2596 4275; x_wconf 90' lang='lat' dir='ltr'><strong>mille</strong></span> <span class='ocrx_word' id='word_1_605' title='bbox 2621 4221 2942 4275; x_wconf 88' lang='lat' dir='ltr'><strong>stadiorum.</strong></span> <span class='ocrx_word' id='word_1_606' title='bbox 2976 4225 3128 4278; x_wconf 79' lang='lat' dir='ltr'><strong>Hanc</strong></span> <span class='ocrx_word' id='word_1_607' title='bbox 3155 4227 3425 4296; x_wconf 86' lang='lat' dir='ltr'><strong>regionem</strong></span> 
     </span>
    </p>
   </div>
   <div class='ocr_carea' id='block_1_87' title="bbox 1866 4312 3424 4385">
    <p class='ocr_par' dir='ltr' id='par_1_87' title="bbox 1866 4312 3424 4385">
     <span class='ocr_line' id='line_1_87' title="bbox 1866 4312 3424 4385; baseline 0.004 -19"><span class='ocrx_word' id='word_1_608' title='bbox 1866 4320 2011 4367; x_wconf 77' lang='lat' dir='ltr'><strong>tenet</strong></span> <span class='ocrx_word' id='word_1_609' title='bbox 2041 4312 2325 4366; x_wconf 85' lang='lat' dir='ltr'><strong>hominum</strong></span> <span class='ocrx_word' id='word_1_610' title='bbox 2352 4326 2524 4380; x_wconf 77' lang='lat' dir='ltr'><strong>genus</strong></span> <span class='ocrx_word' id='word_1_611' title='bbox 2589 4328 2755 4366; x_wconf 90' lang='lat' dir='ltr'><strong>unum</strong></span> <span class='ocrx_word' id='word_1_612' title='bbox 2786 4313 2972 4368; x_wconf 84' lang='lat' dir='ltr'><strong>eadem</strong></span> <span class='ocrx_word' id='word_1_613' title='bbox 3006 4315 3184 4385; x_wconf 80' lang='lat' dir='ltr'><strong>lingua</strong></span> <span class='ocrx_word' id='word_1_614' title='bbox 3245 4329 3424 4373; x_wconf 85' lang='lat' dir='ltr'><strong>utens.</strong></span> 
     </span>
    </p>
   </div>
   <div class='ocr_carea' id='block_1_88' title="bbox 1863 4404 3425 4477">
    <p class='ocr_par' dir='ltr' id='par_1_88' title="bbox 1863 4404 3425 4477">
     <span class='ocr_line' id='line_1_88' title="bbox 1863 4404 3425 4477; baseline 0.003 -17"><span class='ocrx_word' id='word_1_615' title='bbox 1863 4404 2167 4473; x_wconf 85' lang='lat' dir='ltr'><strong>Porrigitur</strong></span> <span class='ocrx_word' id='word_1_616' title='bbox 2192 4405 2260 4460; x_wconf 88' lang='lat' dir='ltr'><strong>ab</strong></span> <span class='ocrx_word' id='word_1_617' title='bbox 2277 4405 2667 4459; x_wconf 86' lang='lat' dir='ltr'><strong>mediterranea</strong></span> <span class='ocrx_word' id='word_1_618' title='bbox 2707 4420 2764 4459; x_wconf 88' lang='lat' dir='ltr'><strong>se</strong></span> <span class='ocrx_word' id='word_1_619' title='bbox 2791 4408 3090 4462; x_wconf 79' lang='lat' dir='ltr'><strong>extendens</strong></span> <span class='ocrx_word' id='word_1_620' title='bbox 3136 4425 3307 4477; x_wconf 88' lang='lat' dir='ltr'><strong>usque</strong></span> <span class='ocrx_word' id='word_1_621' title='bbox 3356 4414 3425 4465; x_wconf 90' lang='lat' dir='ltr'><strong>ad</strong></span> 
     </span>
    </p>
   </div>
   <div class='ocr_carea' id='block_1_89' title="bbox 194 4495 1763 4567">
    <p class='ocr_par' dir='ltr' id='par_1_89' title="bbox 194 4495 1763 4567">
     <span class='ocr_line' id='line_1_89' title="bbox 194 4495 1763 4567; baseline -0.004 -14"><span class='ocrx_word' id='word_1_622' title='bbox 194 4503 299 4553; x_wconf 72' lang='grc' dir='ltr'><strong>ἐπὶ</strong></span> <span class='ocrx_word' id='word_1_623' title='bbox 332 4500 583 4561; x_wconf 84' lang='grc' dir='ltr'>σταδίους</span> <span class='ocrx_word' id='word_1_624' title='bbox 620 4500 857 4567; x_wconf 69' lang='grc' dir='ltr'>μάλιστα</span> <span class='ocrx_word' id='word_1_625' title='bbox 897 4503 984 4549; x_wconf 83' lang='grc' dir='ltr'>πα¹</span> <span class='ocrx_word' id='word_1_626' title='bbox 1010 4496 1359 4567; x_wconf 81' lang='grc' dir='ltr'>τρισχιλίους,</span> <span class='ocrx_word' id='word_1_627' title='bbox 1397 4496 1550 4562; x_wconf 83' lang='grc' dir='ltr'>γένος</span> <span class='ocrx_word' id='word_1_628' title='bbox 1606 4512 1665 4548; x_wconf 87' lang='grc' dir='ltr'><strong>τε</strong></span> <span class='ocrx_word' id='word_1_629' title='bbox 1705 4495 1763 4548; x_wconf 83' lang='grc' dir='ltr'>ἓν</span> 
     </span>
    </p>
   </div>
   <div class='ocr_carea' id='block_1_90' title="bbox 1854 4495 3427 4567">
    <p class='ocr_par' dir='ltr' id='par_1_90' title="bbox 1867 4498 3427 4567">
     <span class='ocr_line' id='line_1_90' title="bbox 1867 4498 3427 4567; baseline 0.003 -17"><span class='ocrx_word' id='word_1_630' title='bbox 1867 4498 2092 4561; x_wconf 86' lang='lat' dir='ltr'><strong>Istrum,</strong></span> <span class='ocrx_word' id='word_1_631' title='bbox 2116 4498 2387 4567; x_wconf 80' lang='lat' dir='ltr'><strong>attingens</strong></span> <span class='ocrx_word' id='word_1_632' title='bbox 2417 4498 2669 4555; x_wconf 88' lang='lat' dir='ltr'><strong>Sandalis</strong></span> <span class='ocrx_word' id='word_1_633' title='bbox 2733 4500 3009 4567; x_wconf 84' lang='lat' dir='ltr'><strong>regionem</strong></span> <span class='ocrx_word' id='word_1_634' title='bbox 3047 4502 3293 4558; x_wconf 87' lang='lat' dir='ltr'><strong>linitimis</strong></span> <span class='ocrx_word' id='word_1_635' title='bbox 3327 4520 3427 4557; x_wconf 90' lang='lat' dir='ltr'><strong>un-</strong></span> 
     </span>
    </p>
   </div>
   <div class='ocr_carea' id='block_1_91' title="bbox 189 4568 1763 4663">
    <p class='ocr_par' dir='ltr' id='par_1_91' title="bbox 189 4588 1763 4660">
     <span class='ocr_line' id='line_1_91' title="bbox 189 4588 1763 4660; baseline -0.003 -16"><span class='ocrx_word' id='word_1_636' title='bbox 189 4594 432 4653; x_wconf 73' lang='grc' dir='ltr'>ἐνοικεῖ,</span> <span class='ocrx_word' id='word_1_637' title='bbox 474 4592 568 4643; x_wconf 84' lang='grc' dir='ltr'>καὶ</span> <span class='ocrx_word' id='word_1_638' title='bbox 592 4593 655 4660; x_wconf 83' lang='grc' dir='ltr'><strong>τῇ</strong></span> <span class='ocrx_word' id='word_1_639' title='bbox 712 4591 849 4659; x_wconf 81' lang='grc' dir='ltr'>αὐτῇ</span> <span class='ocrx_word' id='word_1_640' title='bbox 906 4593 1055 4657; x_wconf 77' lang='grc' dir='ltr'>φωνῇ</span> <span class='ocrx_word' id='word_1_641' title='bbox 1109 4589 1504 4658; x_wconf 84' lang='grc' dir='ltr'>διαχρώμενον,</span> <span class='ocrx_word' id='word_1_642' title='bbox 1541 4589 1633 4640; x_wconf 73' lang='grc' dir='ltr'>καὶ</span> <span class='ocrx_word' id='word_1_643' title='bbox 1672 4588 1763 4641; x_wconf 67' lang='grc' dir='ltr'><strong>ἐπὶ</strong></span> 
     </span>
    </p>
   </div>
   <div class='ocr_carea' id='block_1_92' title="bbox 1854 4568 3427 4663">
    <p class='ocr_par' dir='ltr' id='par_1_92' title="bbox 1870 4590 3427 4663">
     <span class='ocr_line' id='line_1_92' title="bbox 1870 4590 3427 4663; baseline 0.004 -19"><span class='ocrx_word' id='word_1_644' title='bbox 1870 4592 2033 4660; x_wconf 88' lang='lat' dir='ltr'><strong>dique</strong></span> <span class='ocrx_word' id='word_1_645' title='bbox 2074 4590 2329 4646; x_wconf 86' lang='lat' dir='ltr'><strong>Triballis</strong></span> <span class='ocrx_word' id='word_1_646' title='bbox 2360 4601 2415 4645; x_wconf 87' lang='lat' dir='ltr'><strong>et</strong></span> <span class='ocrx_word' id='word_1_647' title='bbox 2454 4591 2655 4663; x_wconf 72' lang='lat' dir='ltr'><strong>Mysiis.</strong></span> <span class='ocrx_word' id='word_1_648' title='bbox 2688 4593 2814 4647; x_wconf 67' lang='lat' dir='ltr'><strong>llarc</strong></span> <span class='ocrx_word' id='word_1_649' title='bbox 2866 4604 3045 4648; x_wconf 88' lang='lat' dir='ltr'><strong>autem</strong></span> <span class='ocrx_word' id='word_1_650' title='bbox 3075 4595 3219 4657; x_wconf 84' lang='lat' dir='ltr'><strong>dico.</strong></span> <span class='ocrx_word' id='word_1_651' title='bbox 3256 4601 3427 4650; x_wconf 82' lang='lat' dir='ltr'><strong>maxi-</strong></span> 
     </span>
    </p>
   </div>
   <div class='ocr_carea' id='block_1_93' title="bbox 190 4676 1765 4755">
    <p class='ocr_par' dir='ltr' id='par_1_93' title="bbox 190 4676 1765 4755">
     <span class='ocr_line' id='line_1_93' title="bbox 190 4676 1765 4755; baseline -0.004 -19"><span class='ocrx_word' id='word_1_652' title='bbox 190 4686 511 4755; x_wconf 74' lang='grc' dir='ltr'>μεσόγαιαν</span> <span class='ocrx_word' id='word_1_653' title='bbox 545 4684 790 4750; x_wconf 81' lang='grc' dir='ltr'>παρῆκον</span> <span class='ocrx_word' id='word_1_654' title='bbox 838 4680 965 4748; x_wconf 78' lang='grc' dir='ltr'>ἄχρι</span> <span class='ocrx_word' id='word_1_655' title='bbox 1008 4679 1101 4731; x_wconf 80' lang='grc' dir='ltr'>τοῦ</span> <span class='ocrx_word' id='word_1_656' title='bbox 1137 4680 1348 4747; x_wconf 89' lang='grc' dir='ltr'>’Ἰστρου</span> <span class='ocrx_word' id='word_1_657' title='bbox 1372 4716 1388 4741; x_wconf 92' lang='grc'><strong>,</strong></span> <span class='ocrx_word' id='word_1_658' title='bbox 1421 4676 1765 4748; x_wconf 87' lang='grc' dir='ltr'>παραμεῖϐόν</span> 
     </span>
    </p>
   </div>
   <div class='ocr_carea' id='block_1_94' title="bbox 187 4768 1766 4845">
    <p class='ocr_par' dir='ltr' id='par_1_94' title="bbox 187 4768 1766 4845">
     <span class='ocr_line' id='line_1_94' title="bbox 187 4768 1766 4845; baseline -0.011 -13"><span class='ocrx_word' id='word_1_659' title='bbox 187 4796 263 4832; x_wconf 76' lang='grc' dir='ltr'>τε</span> <span class='ocrx_word' id='word_1_660' title='bbox 295 4777 399 4845; x_wconf 80' lang='grc' dir='ltr'>τὴν</span> <span class='ocrx_word' id='word_1_661' title='bbox 430 4773 525 4828; x_wconf 82' lang='grc' dir='ltr'><strong>τοῦ</strong></span> <span class='ocrx_word' id='word_1_662' title='bbox 558 4773 835 4829; x_wconf 81' lang='grc' dir='ltr'>Σανδάλεω</span> <span class='ocrx_word' id='word_1_663' title='bbox 862 4770 1073 4840; x_wconf 87' lang='grc' dir='ltr'>χώραν.</span> <span class='ocrx_word' id='word_1_664' title='bbox 1128 4771 1221 4822; x_wconf 72' lang='grc' dir='ltr'>καὶ</span> <span class='ocrx_word' id='word_1_665' title='bbox 1249 4769 1343 4821; x_wconf 81' lang='grc' dir='ltr'><strong>τοῦ</strong></span> <span class='ocrx_word' id='word_1_666' title='bbox 1395 4768 1575 4842; x_wconf 74' lang='grc' dir='ltr'>ταύτῃ</span> <span class='ocrx_word' id='word_1_667' title='bbox 1615 4768 1766 4838; x_wconf 79' lang='grc' dir='ltr'>βασι-</span> 
     </span>
    </p>
   </div>
   <div class='ocr_carea' id='block_1_95' title="bbox 1873 4682 3428 4755">
    <p class='ocr_par' dir='ltr' id='par_1_95' title="bbox 1873 4682 3428 4755">
     <span class='ocr_line' id='line_1_95' title="bbox 1873 4682 3428 4755; baseline 0.003 -20"><span class='ocrx_word' id='word_1_668' title='bbox 1873 4698 1957 4735; x_wconf 88' lang='lat' dir='ltr'><strong>tne</strong></span> <span class='ocrx_word' id='word_1_669' title='bbox 1985 4686 2123 4736; x_wconf 89' lang='lat' dir='ltr'><strong>hanc</strong></span> <span class='ocrx_word' id='word_1_670' title='bbox 2153 4682 2523 4751; x_wconf 88' lang='lat' dir='ltr'><strong>conjecturam</strong></span> <span class='ocrx_word' id='word_1_671' title='bbox 2575 4693 2817 4745; x_wconf 88' lang='lat' dir='ltr'><strong>secutus,</strong></span> <span class='ocrx_word' id='word_1_672' title='bbox 2848 4685 2991 4751; x_wconf 89' lang='lat' dir='ltr'><strong>quod</strong></span> <span class='ocrx_word' id='word_1_673' title='bbox 3044 4694 3260 4738; x_wconf 88' lang='lat' dir='ltr'><strong>constet</strong></span> <span class='ocrx_word' id='word_1_674' title='bbox 3308 4688 3428 4755; x_wconf 86' lang='lat' dir='ltr'><strong>Illy-</strong></span> 
     </span>
    </p>
   </div>
   <div class='ocr_carea' id='block_1_96' title="bbox 1871 4772 3426 4841">
    <p class='ocr_par' dir='ltr' id='par_1_96' title="bbox 1871 4772 3426 4841">
     <span class='ocr_line' id='line_1_96' title="bbox 1871 4772 3426 4841; baseline 0.002 -14"><span class='ocrx_word' id='word_1_675' title='bbox 1871 4774 1982 4827; x_wconf 88' lang='lat' dir='ltr'><strong>rios</strong></span> <span class='ocrx_word' id='word_1_676' title='bbox 2014 4774 2082 4827; x_wconf 86' lang='lat' dir='ltr'><strong>ad</strong></span> <span class='ocrx_word' id='word_1_677' title='bbox 2104 4787 2352 4841; x_wconf 87' lang='lat' dir='ltr'><strong>magnam</strong></span> <span class='ocrx_word' id='word_1_678' title='bbox 2394 4772 2687 4841; x_wconf 87' lang='lat' dir='ltr'><strong>potentiam</strong></span> <span class='ocrx_word' id='word_1_679' title='bbox 2745 4772 3052 4834; x_wconf 81' lang='lat' dir='ltr'><strong>devenisse.</strong></span> <span class='ocrx_word' id='word_1_680' title='bbox 3085 4784 3139 4827; x_wconf 87' lang='lat' dir='ltr'><strong>et</strong></span> <span class='ocrx_word' id='word_1_681' title='bbox 3170 4776 3221 4827; x_wconf 94' lang='lat' dir='ltr'><strong>in</strong></span> <span class='ocrx_word' id='word_1_682' title='bbox 3254 4775 3426 4830; x_wconf 87' lang='lat' dir='ltr'><strong>multa</strong></span> 
     </span>
    </p>
   </div>
   <div class='ocr_carea' id='block_1_97' title="bbox 187 4861 1763 4936">
    <p class='ocr_par' dir='ltr' id='par_1_97' title="bbox 187 4861 1763 4936">
     <span class='ocr_line' id='line_1_97' title="bbox 187 4861 1763 4936; baseline -0.006 -13"><span class='ocrx_word' id='word_1_683' title='bbox 187 4872 343 4933; x_wconf 80' lang='grc' dir='ltr'>λέως</span> <span class='ocrx_word' id='word_1_684' title='bbox 375 4869 649 4936; x_wconf 77' lang='grc' dir='ltr'>ἐχομένων</span> <span class='ocrx_word' id='word_1_685' title='bbox 676 4865 873 4919; x_wconf 78' lang='grc' dir='ltr'>αὐτίκα</span> <span class='ocrx_word' id='word_1_686' title='bbox 898 4866 1004 4918; x_wconf 81' lang='grc' dir='ltr'>τῶν</span> <span class='ocrx_word' id='word_1_687' title='bbox 1034 4861 1354 4932; x_wconf 85' lang='grc' dir='ltr'>Τριϐαλλῶν</span> <span class='ocrx_word' id='word_1_688' title='bbox 1381 4879 1439 4914; x_wconf 91' lang='grc' dir='ltr'><strong>τε</strong></span> <span class='ocrx_word' id='word_1_689' title='bbox 1489 4861 1608 4930; x_wconf 81' lang='grc' dir='ltr'><strong>ἃμα</strong></span> <span class='ocrx_word' id='word_1_690' title='bbox 1670 4861 1763 4913; x_wconf 74' lang='grc' dir='ltr'>καὶ</span> 
     </span>
    </p>
   </div>
   <div class='ocr_carea' id='block_1_98' title="bbox 1854 4861 3431 4936">
    <p class='ocr_par' dir='ltr' id='par_1_98' title="bbox 1872 4861 3431 4936">
     <span class='ocr_line' id='line_1_98' title="bbox 1872 4861 3431 4936; baseline 0.003 -20"><span class='ocrx_word' id='word_1_691' title='bbox 1872 4864 1991 4918; x_wconf 86' lang='lat' dir='ltr'><strong>loca</strong></span> <span class='ocrx_word' id='word_1_692' title='bbox 2019 4878 2113 4932; x_wconf 87' lang='lat' dir='ltr'><strong>per</strong></span> <span class='ocrx_word' id='word_1_693' title='bbox 2133 4862 2419 4916; x_wconf 86' lang='lat' dir='ltr'><strong>Thraciam</strong></span> <span class='ocrx_word' id='word_1_694' title='bbox 2442 4877 2561 4916; x_wconf 83' lang='lat' dir='ltr'><strong>esse</strong></span> <span class='ocrx_word' id='word_1_695' title='bbox 2597 4861 2895 4931; x_wconf 85' lang='lat' dir='ltr'><strong>dispersos.</strong></span> <span class='ocrx_word' id='word_1_696' title='bbox 2951 4862 3187 4919; x_wconf 88' lang='lat' dir='ltr'><strong>Proinde</strong></span> <span class='ocrx_word' id='word_1_697' title='bbox 3255 4870 3431 4936; x_wconf 82' lang='lat' dir='ltr'><strong>magis</strong></span> 
     </span>
    </p>
   </div>
   <div class='ocr_carea' id='block_1_99' title="bbox 185 4953 1764 5027">
    <p class='ocr_par' dir='ltr' id='par_1_99' title="bbox 185 4953 1764 5027">
     <span class='ocr_line' id='line_1_99' title="bbox 185 4953 1764 5027; baseline -0.008 -11"><span class='ocrx_word' id='word_1_698' title='bbox 185 4962 438 5021; x_wconf 67' lang='grc' dir='ltr'>Μυσῶν.</span> <span class='ocrx_word' id='word_1_699' title='bbox 470 4959 717 5013; x_wconf 80' lang='grc' dir='ltr'>Μάλιστα</span> <span class='ocrx_word' id='word_1_700' title='bbox 753 4958 809 5011; x_wconf 82' lang='grc' dir='ltr'>δὲ</span> <span class='ocrx_word' id='word_1_701' title='bbox 855 4956 1299 5027; x_wconf 75' lang='grc' dir='ltr'>συμϐαλλόμενος</span> <span class='ocrx_word' id='word_1_702' title='bbox 1350 4955 1486 5023; x_wconf 79' lang='grc' dir='ltr'>ἔχων</span> <span class='ocrx_word' id='word_1_703' title='bbox 1521 4953 1764 5022; x_wconf 76' lang='grc' dir='ltr'>ἁποφαί·</span> 
     </span>
    </p>
   </div>
   <div class='ocr_carea' id='block_1_100' title="bbox 187 5044 1763 5117">
    <p class='ocr_par' dir='ltr' id='par_1_100' title="bbox 187 5044 1763 5117">
     <span class='ocr_line' id='line_1_100' title="bbox 187 5044 1763 5117; baseline -0.01 -9"><span class='ocrx_word' id='word_1_704' title='bbox 187 5054 423 5114; x_wconf 81' lang='grc' dir='ltr'>νεσθαι,</span> <span class='ocrx_word' id='word_1_705' title='bbox 446 5051 533 5104; x_wconf 72' lang='grc' dir='ltr'><strong>διὰ</strong></span> <span class='ocrx_word' id='word_1_706' title='bbox 559 5050 620 5103; x_wconf 83' lang='grc' dir='ltr'>τὸ</span> <span class='ocrx_word' id='word_1_707' title='bbox 662 5051 757 5102; x_wconf 68' lang='grc' dir='ltr'><strong>ἐπὶ</strong></span> <span class='ocrx_word' id='word_1_708' title='bbox 792 5048 935 5117; x_wconf 75' lang='grc' dir='ltr'>μέγα</span> <span class='ocrx_word' id='word_1_709' title='bbox 968 5048 1026 5100; x_wconf 81' lang='grc' dir='ltr'>τὸ</span> <span class='ocrx_word' id='word_1_710' title='bbox 1062 5046 1357 5115; x_wconf 83' lang='grc' dir='ltr'>Ἰλλυρικὸν</span> <span class='ocrx_word' id='word_1_711' title='bbox 1397 5045 1549 5112; x_wconf 86' lang='grc' dir='ltr'>γένος</span> <span class='ocrx_word' id='word_1_712' title='bbox 1584 5044 1763 5113; x_wconf 81' lang='grc' dir='ltr'>χωρῆ-</span> 
     </span>
    </p>
   </div>
   <div class='ocr_carea' id='block_1_101' title="bbox 189 5137 1765 5209">
    <p class='ocr_par' dir='ltr' id='par_1_101' title="bbox 189 5137 1765 5209">
     <span class='ocr_line' id='line_1_101' title="bbox 189 5137 1765 5209; baseline -0.006 -10"><span class='ocrx_word' id='word_1_713' title='bbox 189 5164 301 5199; x_wconf 85' lang='grc' dir='ltr'>σαι</span> <span class='ocrx_word' id='word_1_714' title='bbox 329 5144 636 5209; x_wconf 79' lang='grc' dir='ltr'>δυνάμεως,</span> <span class='ocrx_word' id='word_1_715' title='bbox 692 5142 787 5193; x_wconf 77' lang='grc' dir='ltr'>καὶ</span> <span class='ocrx_word' id='word_1_716' title='bbox 832 5142 928 5194; x_wconf 76' lang='grc' dir='ltr'><strong>ἰπὶ</strong></span> <span class='ocrx_word' id='word_1_717' title='bbox 970 5138 1141 5191; x_wconf 78' lang='grc' dir='ltr'>πολλὰ</span> <span class='ocrx_word' id='word_1_718' title='bbox 1189 5139 1360 5207; x_wconf 79' lang='grc' dir='ltr'>ταύτῃ</span> <span class='ocrx_word' id='word_1_719' title='bbox 1404 5137 1765 5206; x_wconf 73' lang='grc' dir='ltr'>σκεδασθῆναι</span> 
     </span>
    </p>
   </div>
   <div class='ocr_carea' id='block_1_102' title="bbox 1871 4953 3430 5023">
    <p class='ocr_par' dir='ltr' id='par_1_102' title="bbox 1871 4953 3430 5023">
     <span class='ocr_line' id='line_1_102' title="bbox 1871 4953 3430 5023; baseline 0.002 -13"><span class='ocrx_word' id='word_1_720' title='bbox 1871 4955 2053 5022; x_wconf 87' lang='lat' dir='ltr'><strong>credo,</strong></span> <span class='ocrx_word' id='word_1_721' title='bbox 2078 4969 2172 5009; x_wconf 90' lang='lat' dir='ltr'><strong>eos</strong></span> <span class='ocrx_word' id='word_1_722' title='bbox 2197 4955 2378 5023; x_wconf 80' lang='lat' dir='ltr'><strong>potius</strong></span> <span class='ocrx_word' id='word_1_723' title='bbox 2410 4953 2619 5023; x_wconf 85' lang='lat' dir='ltr'><strong>Illyrios</strong></span> <span class='ocrx_word' id='word_1_724' title='bbox 2654 4968 2818 5022; x_wconf 87' lang='lat' dir='ltr'><strong>quam</strong></span> <span class='ocrx_word' id='word_1_725' title='bbox 2864 4954 3104 5010; x_wconf 81' lang='lat' dir='ltr'><strong>Albanos</strong></span> <span class='ocrx_word' id='word_1_726' title='bbox 3171 4958 3430 5014; x_wconf 88' lang='lat' dir='ltr'><strong>dicendos</strong></span> 
     </span>
    </p>
   </div>
   <div class='ocr_carea' id='block_1_103' title="bbox 1867 5049 3430 5122">
    <p class='ocr_par' dir='ltr' id='par_1_103' title="bbox 1867 5049 3430 5122">
     <span class='ocr_line' id='line_1_103' title="bbox 1867 5049 3430 5122; baseline 0 -15"><span class='ocrx_word' id='word_1_727' title='bbox 1867 5066 2013 5107; x_wconf 84' lang='lat' dir='ltr'><strong>esse.</strong></span> <span class='ocrx_word' id='word_1_728' title='bbox 2052 5050 2332 5105; x_wconf 79' lang='lat' dir='ltr'><strong>Assentior</strong></span> <span class='ocrx_word' id='word_1_729' title='bbox 2363 5060 2621 5119; x_wconf 65' lang='lat' dir='ltr'><strong>preterea</strong></span> <span class='ocrx_word' id='word_1_730' title='bbox 2645 5060 2699 5103; x_wconf 92' lang='lat' dir='ltr'><strong>et</strong></span> <span class='ocrx_word' id='word_1_731' title='bbox 2726 5049 2854 5113; x_wconf 86' lang='lat' dir='ltr'><strong>illis,</strong></span> <span class='ocrx_word' id='word_1_732' title='bbox 2905 5054 2996 5120; x_wconf 91' lang='lat' dir='ltr'><strong>qui</strong></span> <span class='ocrx_word' id='word_1_733' title='bbox 3066 5052 3276 5122; x_wconf 85' lang='lat' dir='ltr'><strong>Illyrios</strong></span> <span class='ocrx_word' id='word_1_734' title='bbox 3334 5070 3430 5107; x_wconf 89' lang='lat' dir='ltr'><strong>no-</strong></span> 
     </span>
    </p>
   </div>
   <div class='ocr_carea' id='block_1_104' title="bbox 1876 5140 3427 5208">
    <p class='ocr_par' dir='ltr' id='par_1_104' title="bbox 1876 5140 3427 5208">
     <span class='ocr_line' id='line_1_104' title="bbox 1876 5140 3427 5208; baseline 0.002 -14"><span class='ocrx_word' id='word_1_735' title='bbox 1876 5155 1998 5194; x_wconf 90' lang='lat' dir='ltr'><strong>men</strong></span> <span class='ocrx_word' id='word_1_736' title='bbox 2034 5141 2102 5192; x_wconf 91' lang='lat' dir='ltr'><strong>ab</strong></span> <span class='ocrx_word' id='word_1_737' title='bbox 2140 5142 2359 5208; x_wconf 87' lang='lat' dir='ltr'><strong>regione</strong></span> <span class='ocrx_word' id='word_1_738' title='bbox 2389 5140 2621 5195; x_wconf 80' lang='lat' dir='ltr'><strong>traxisse</strong></span> <span class='ocrx_word' id='word_1_739' title='bbox 2646 5150 2980 5195; x_wconf 84' lang='lat' dir='ltr'><strong>asseverant.</strong></span> <span class='ocrx_word' id='word_1_740' title='bbox 3041 5141 3175 5196; x_wconf 86' lang='lat' dir='ltr'><strong>Nam</strong></span> <span class='ocrx_word' id='word_1_741' title='bbox 3203 5144 3340 5195; x_wconf 91' lang='lat' dir='ltr'><strong>inter</strong></span> <span class='ocrx_word' id='word_1_742' title='bbox 3366 5158 3427 5197; x_wconf 85' lang='lat' dir='ltr'><strong>se</strong></span> 
     </span>
    </p>
   </div>
   <div class='ocr_carea' id='block_1_105' title="bbox 186 5224 1763 5306">
    <p class='ocr_par' dir='ltr' id='par_1_105' title="bbox 186 5224 1763 5306">
     <span class='ocr_line' id='line_1_105' title="bbox 186 5224 1763 5306; baseline -0.008 -15"><span class='ocrx_word' id='word_1_743' title='bbox 186 5237 306 5306; x_wconf 78' lang='grc' dir='ltr'>τὴν</span> <span class='ocrx_word' id='word_1_744' title='bbox 332 5236 581 5306; x_wconf 75' lang='grc' dir='ltr'>Θρᾳκην,</span> <span class='ocrx_word' id='word_1_745' title='bbox 624 5232 916 5301; x_wconf 68' lang='grc' dir='ltr'>Ἰλλυριοὺς</span> <span class='ocrx_word' id='word_1_746' title='bbox 952 5231 1148 5301; x_wconf 83' lang='grc' dir='ltr'>μᾶλλον</span> <span class='ocrx_word' id='word_1_747' title='bbox 1174 5230 1234 5283; x_wconf 73' lang='grc' dir='ltr'>τὸ</span> <span class='ocrx_word' id='word_1_748' title='bbox 1269 5230 1423 5297; x_wconf 83' lang='grc' dir='ltr'>γένος</span> <span class='ocrx_word' id='word_1_749' title='bbox 1451 5228 1609 5281; x_wconf 82' lang='grc' dir='ltr'>τοῦτο</span> <span class='ocrx_word' id='word_1_750' title='bbox 1628 5224 1763 5280; x_wconf 75' lang='grc' dir='ltr'>εἶναι</span> 
     </span>
    </p>
   </div>
   <div class='ocr_carea' id='block_1_106' title="bbox 1854 5224 3429 5306">
    <p class='ocr_par' dir='ltr' id='par_1_106' title="bbox 1871 5231 3429 5302">
     <span class='ocr_line' id='line_1_106' title="bbox 1871 5231 3429 5302; baseline 0.001 -18"><span class='ocrx_word' id='word_1_751' title='bbox 1871 5231 2057 5295; x_wconf 75' lang='lat' dir='ltr'><strong>divisi,</strong></span> <span class='ocrx_word' id='word_1_752' title='bbox 2097 5232 2186 5284; x_wconf 86' lang='lat' dir='ltr'><strong>alii</strong></span> <span class='ocrx_word' id='word_1_753' title='bbox 2217 5233 2377 5285; x_wconf 87' lang='lat' dir='ltr'><strong>aliam</strong></span> <span class='ocrx_word' id='word_1_754' title='bbox 2440 5234 2494 5286; x_wconf 92' lang='lat' dir='ltr'><strong>in</strong></span> <span class='ocrx_word' id='word_1_755' title='bbox 2542 5248 2640 5287; x_wconf 93' lang='lat' dir='ltr'><strong>usu</strong></span> <span class='ocrx_word' id='word_1_756' title='bbox 2688 5234 2927 5302; x_wconf 85' lang='lat' dir='ltr'><strong>linguam</strong></span> <span class='ocrx_word' id='word_1_757' title='bbox 2971 5233 3190 5286; x_wconf 85' lang='lat' dir='ltr'><strong>habent.</strong></span> <span class='ocrx_word' id='word_1_758' title='bbox 3243 5233 3429 5302; x_wconf 88' lang='lat' dir='ltr'><strong>Itaque</strong></span> 
     </span>
    </p>
   </div>
   <div class='ocr_carea' id='block_1_107' title="bbox 184 5318 1764 5399">
    <p class='ocr_par' dir='ltr' id='par_1_107' title="bbox 184 5318 1764 5399">
     <span class='ocr_line' id='line_1_107' title="bbox 184 5318 1764 5399; baseline -0.007 -19"><span class='ocrx_word' id='word_1_759' title='bbox 184 5332 235 5399; x_wconf 79' lang='grc' dir='ltr'>ἦ</span> <span class='ocrx_word' id='word_1_760' title='bbox 274 5326 585 5386; x_wconf 80' lang='grc' dir='ltr'>Ἀλϐανούς.</span> <span class='ocrx_word' id='word_1_761' title='bbox 623 5324 950 5391; x_wconf 86' lang='grc' dir='ltr'>Συντίθεμαι</span> <span class='ocrx_word' id='word_1_762' title='bbox 985 5324 1040 5376; x_wconf 83' lang='grc' dir='ltr'>δὲ</span> <span class='ocrx_word' id='word_1_763' title='bbox 1082 5320 1176 5376; x_wconf 80' lang='grc' dir='ltr'>καὶ</span> <span class='ocrx_word' id='word_1_764' title='bbox 1205 5321 1434 5382; x_wconf 83' lang='grc' dir='ltr'>ἐκείνοις</span> <span class='ocrx_word' id='word_1_765' title='bbox 1486 5320 1682 5387; x_wconf 70' lang='grc' dir='ltr'>ἔγωγε,</span> <span class='ocrx_word' id='word_1_766' title='bbox 1713 5318 1764 5370; x_wconf 86' lang='grc' dir='ltr'>οἳ</span> 
     </span>
    </p>
   </div>
   <div class='ocr_carea' id='block_1_108' title="bbox 188 5411 1760 5491">
    <p class='ocr_par' dir='ltr' id='par_1_108' title="bbox 188 5411 1760 5491">
     <span class='ocr_line' id='line_1_108' title="bbox 188 5411 1760 5491; baseline -0.008 -16"><span class='ocrx_word' id='word_1_767' title='bbox 188 5424 487 5491; x_wconf 73' lang='grc' dir='ltr'>φάσκουσι</span> <span class='ocrx_word' id='word_1_768' title='bbox 536 5417 595 5469; x_wconf 82' lang='grc' dir='ltr'>τὸ</span> <span class='ocrx_word' id='word_1_769' title='bbox 656 5415 949 5484; x_wconf 72' lang='grc' dir='ltr'>Ἰλλυρικὸν</span> <span class='ocrx_word' id='word_1_770' title='bbox 998 5416 1150 5482; x_wconf 78' lang='grc' dir='ltr'>γένος</span> <span class='ocrx_word' id='word_1_771' title='bbox 1217 5413 1388 5483; x_wconf 79' lang='grc' dir='ltr'>ἴσχειν</span> <span class='ocrx_word' id='word_1_772' title='bbox 1464 5411 1613 5481; x_wconf 80' lang='grc' dir='ltr'>αὐτῷ</span> <span class='ocrx_word' id='word_1_773' title='bbox 1663 5412 1760 5481; x_wconf 76' lang='grc' dir='ltr'>τὴν</span> 
     </span>
    </p>
   </div>
   <div class='ocr_carea' id='block_1_109' title="bbox 1873 5324 3431 5394">
    <p class='ocr_par' dir='ltr' id='par_1_109' title="bbox 1873 5324 3431 5394">
     <span class='ocr_line' id='line_1_109' title="bbox 1873 5324 3431 5394; baseline 0.001 -17"><span class='ocrx_word' id='word_1_774' title='bbox 1873 5339 1995 5377; x_wconf 89' lang='lat' dir='ltr'><strong>cum</strong></span> <span class='ocrx_word' id='word_1_775' title='bbox 2025 5324 2256 5391; x_wconf 86' lang='lat' dir='ltr'><strong>plurima</strong></span> <span class='ocrx_word' id='word_1_776' title='bbox 2280 5324 2561 5380; x_wconf 87' lang='lat' dir='ltr'><strong>hominum</strong></span> <span class='ocrx_word' id='word_1_777' title='bbox 2607 5338 2802 5394; x_wconf 82' lang='lat' dir='ltr'><strong>genera</strong></span> <span class='ocrx_word' id='word_1_778' title='bbox 2833 5325 2905 5378; x_wconf 87' lang='lat' dir='ltr'><strong>ibi</strong></span> <span class='ocrx_word' id='word_1_779' title='bbox 2952 5326 3195 5379; x_wconf 88' lang='lat' dir='ltr'><strong>habitent</strong></span> <span class='ocrx_word' id='word_1_780' title='bbox 3234 5325 3431 5394; x_wconf 75' lang='lat' dir='ltr'><strong>lingua:</strong></span> 
     </span>
    </p>
   </div>
   <div class='ocr_carea' id='block_1_110' title="bbox 1875 5416 3433 5484">
    <p class='ocr_par' dir='ltr' id='par_1_110' title="bbox 1875 5416 3433 5484">
     <span class='ocr_line' id='line_1_110' title="bbox 1875 5416 3433 5484; baseline 0.003 -15"><span class='ocrx_word' id='word_1_781' title='bbox 1875 5432 1976 5471; x_wconf 89' lang='lat' dir='ltr'><strong>usu</strong></span> <span class='ocrx_word' id='word_1_782' title='bbox 2002 5416 2143 5470; x_wconf 92' lang='lat' dir='ltr'><strong>inter</strong></span> <span class='ocrx_word' id='word_1_783' title='bbox 2174 5432 2233 5472; x_wconf 88' lang='lat' dir='ltr'><strong>se</strong></span> <span class='ocrx_word' id='word_1_784' title='bbox 2301 5418 2712 5484; x_wconf 80' lang='lat' dir='ltr'><strong>diversa,-reor</strong></span> <span class='ocrx_word' id='word_1_785' title='bbox 2758 5416 2893 5472; x_wconf 85' lang='lat' dir='ltr'><strong>istos</strong></span> <span class='ocrx_word' id='word_1_786' title='bbox 2920 5417 2971 5472; x_wconf 90' lang='lat' dir='ltr'><strong>id</strong></span> <span class='ocrx_word' id='word_1_787' title='bbox 3016 5418 3252 5473; x_wconf 88' lang='lat' dir='ltr'><strong>nominis</strong></span> <span class='ocrx_word' id='word_1_788' title='bbox 3309 5432 3433 5473; x_wconf 86' lang='lat' dir='ltr'><strong>esse</strong></span> 
     </span>
    </p>
   </div>
   <div class='ocr_carea' id='block_1_111' title="bbox 1460 5529 2134 5606">
    <p class='ocr_par' dir='ltr' id='par_1_111' title="bbox 1460 5529 2134 5606">
     <span class='ocr_line' id='line_1_111' title="bbox 1460 5529 2134 5606; baseline 0.009 -18"><span class='ocrx_word' id='word_1_789' title='bbox 1460 5530 1704 5589; x_wconf 75' lang='lat' dir='ltr'><strong>Notulte</strong></span> <span class='ocrx_word' id='word_1_790' title='bbox 1737 5529 2134 5606; x_wconf 83' lang='lat' dir='ltr'><strong>marginales.</strong></span> 
     </span>
    </p>
   </div>
   <div class='ocr_carea' id='block_1_112' title="bbox 289 5661 1200 5734">
    <p class='ocr_par' dir='ltr' id='par_1_112' title="bbox 289 5661 1200 5734">
     <span class='ocr_line' id='line_1_112' title="bbox 289 5661 1200 5734; baseline -0.003 -16"><span class='ocrx_word' id='word_1_791' title='bbox 289 5664 433 5734; x_wconf 85' lang='lat'><strong>(7-8)</strong></span> <span class='ocrx_word' id='word_1_792' title='bbox 465 5661 566 5728; x_wconf 89' lang='lat' dir='ltr'><strong>Qui</strong></span> <span class='ocrx_word' id='word_1_793' title='bbox 599 5670 651 5714; x_wconf 91' lang='lat' dir='ltr'><strong>et</strong></span> <span class='ocrx_word' id='word_1_794' title='bbox 682 5662 943 5716; x_wconf 82' lang='lat' dir='ltr'><strong>Carnicus</strong></span> <span class='ocrx_word' id='word_1_795' title='bbox 976 5662 1200 5716; x_wconf 89' lang='lat' dir='ltr'><strong>dicitur.</strong></span> 
     </span>
    </p>
   </div>
   <div class='ocr_carea' id='block_1_113' title="bbox 290 5804 1823 5877">
    <p class='ocr_par' dir='ltr' id='par_1_113' title="bbox 290 5804 1823 5877">
     <span class='ocr_line' id='line_1_113' title="bbox 290 5804 1823 5877; baseline 0.006 -24"><span class='ocrx_word' id='word_1_796' title='bbox 290 5810 405 5844; x_wconf 64' lang='grc' dir='ltr'>δοοιι</span> <span class='ocrx_word' id='word_1_797' title='bbox 438 5806 707 5877; x_wconf 81' lang='grc' dir='ltr'>Ἰλλυριοὶ,</span> <span class='ocrx_word' id='word_1_798' title='bbox 740 5807 815 5860; x_wconf 82' lang='lat' dir='ltr'><strong>sic</strong></span> <span class='ocrx_word' id='word_1_799' title='bbox 848 5807 1007 5861; x_wconf 78' lang='lat' dir='ltr'><strong>etiam</strong></span> <span class='ocrx_word' id='word_1_800' title='bbox 1043 5805 1106 5859; x_wconf 78' lang='grc' dir='ltr'>Π.</span> <span class='ocrx_word' id='word_1_801' title='bbox 1183 5805 1226 5839; x_wconf 71' lang='grc'><strong>⁵³</strong></span> <span class='ocrx_word' id='word_1_802' title='bbox 1260 5807 1502 5874; x_wconf 56' lang='lat' dir='ltr'><strong>Habeat,</strong></span> <span class='ocrx_word' id='word_1_803' title='bbox 1533 5804 1593 5858; x_wconf 74' lang='grc' dir='ltr'><strong>Β.</strong></span> <span class='ocrx_word' id='word_1_804' title='bbox 1626 5815 1680 5859; x_wconf 82' lang='grc' dir='ltr'><strong>ιιι</strong></span> <span class='ocrx_word' id='word_1_805' title='bbox 1704 5808 1753 5859; x_wconf 83' lang='lat' dir='ltr'><strong>in</strong></span> <span class='ocrx_word' id='word_1_806' title='bbox 1779 5822 1823 5862; x_wconf 77' lang='grc' dir='ltr'><strong>ε.</strong></span> 
     </span>
    </p>
   </div>
   <div class='ocr_carea' id='block_1_114' title="bbox 548 5899 1228 5969">
    <p class='ocr_par' dir='ltr' id='par_1_114' title="bbox 548 5899 1228 5969">
     <span class='ocr_line' id='line_1_114' title="bbox 548 5899 1228 5969; baseline -0.006 0"><span class='ocrx_word' id='word_1_807' title='bbox 548 5909 826 5969; x_wconf 65' lang='lat' dir='ltr'><strong>Panos.</strong></span> <span class='ocrx_word' id='word_1_808' title='bbox 867 5906 987 5967; x_wconf 77' lang='lat' dir='ltr'><strong>Gtt.</strong></span> <span class='ocrx_word' id='word_1_809' title='bbox 1030 5899 1228 5965; x_wconf 82' lang='lat' dir='ltr'><strong>CLIX.</strong></span> 
     </span>
    </p>
   </div>
   <div class='ocr_carea' id='block_1_115' title="bbox 2937 5890 3005 5957">
    <p class='ocr_par' dir='ltr' id='par_1_115' title="bbox 2937 5890 3005 5957">
     <span class='ocr_line' id='line_1_115' title="bbox 2937 5890 3005 5957; baseline 0 0"><span class='ocrx_word' id='word_1_810' title='bbox 2937 5890 3005 5957; x_wconf 79' lang='lat'><strong>1&#39;1</strong></span> 
     </span>
    </p>
   </div>
  </div>
