4180 6434
747 415 850 476 5‘23

1847 400 2157 462 LAONlCI
2198 395 2863 459 CHALCOCONDYL/E

3878 388 3971 449 52$

749 528 993 588 sortitos,
1029 532 1080 577 ut
1104 524 1353 577 dicantur
1381 520 1600 590 Illyrici.
1651 517 1756 573 Sed
1791 518 1904 571 hare
1937 519 2200 570 hactenus
2221 517 2312 569 ad-

2428 513 2735 584 :nmvupiav
2790 513 2896 565 ἀπὸ
2949 512 3048 575 τῆς
3104 509 3308 579 χώρας,
3358 506 3742 576 διακεκρίσθαι
3795 507 3971 574 μέντοι

745 628 931 672 notata
960 617 1026 670 de
1068 618 1167 670 ista
1199 625 1354 685 gente
1378 612 1789 676 sullieiaut,etsi
1844 610 2064 678 quidam
2121 617 2312 677 putent

745 712 987 765 nominis
1017 710 1282 762 rationem
1329 706 1470 760 haud
1501 719 1703 759 rectam
1739 718 1822 757 me
1847 703 2173 770 assignasse.
2207 698 2310 753 Ve-

747 818 866 854 rum
888 810 1108 870 propter
1128 800 1397 869 regionem
1421 812 1582 867 quam
1610 797 1814 861 colunt,
1848 796 2067 854 merito.
2090 804 2147 847 ut
2177 791 2308 845 mihi

748 895 978 956 videtur,
1030 891 1223 961 Illyrici
1286 891 1644 960 appellantur.
1701 887 1810 941 Nec
1872 895 2048 939 tamen
2109 881 2309 936 invidia

747 1003 833 1039 me
863 986 1174 1047 comitetur,
1201 984 1254 1037 in
1288 984 1430 1036 hunc
1478 981 1693 1035 modum
1733 980 1799 1034 de
1848 979 1930 1033 his
1967 977 2307 1033 sentientem.

745 1077 877 1131 Nam
901 1077 1142 1132 Albanos
1171 1076 1350 1146 potius
1381 1073 1774 1128 Macedonibus
1831 1069 2178 1126 adnumerari
2201 1069 2285 1122 cxi

742 1170 906 1222 stimo
968 1185 1128 1238 quam
1150 1168 1237 1221 alii
1272 1167 1323 1219 in
1354 1178 1621 1220 terrarum
1652 1166 1784 1218 orbe
1810 1165 1978 1234 genti.
2038 1163 2107 1216 At
2130 1162 2197 1214 de
2231 1161 2313 1215 his

743 1263 898 1316 satis.
927 1261 1177 1329 Illyricos
1209 1259 1375 1328 igitur
1396 1274 1517 1312 eam
1545 1267 1757 1326 gentem
1780 1256 2021 1317 nomino,
2047 1269 2166 1323 quae
2187 1252 2314 1322 jux-

744 1365 797 1405 ta
836 1353 1044 1406 lenium
1086 1352 1304 1406 habitat
1335 1365 1506 1419 usque
1536 1350 1602 1404 ad
1626 1364 1894 1404 srrrnnrarn
1951 1346 2188 1410 lstriarn,
2234 1348 2313 1402 sic

743 1446 942 1499 dictam
977 1445 1248 1514 regionem
1286 1442 1449 1513 284
1502 1457 1621 1511 qum
1645 1441 1710 1495 ad
1760 1442 1938 1496 sinum
1988 1439 2229 1494 excurrit
2258 1441 2310 1493 in

744 1533 986 1602 pelagus.
1023 1533 1300 1586 Adversus
1333 1533 1525 1584 horum
1552 1547 1730 1600 regem
1771 1529 1846 1601 (9)
1873 1546 2024 1584 arma
2067 1529 2313 1598 capiebat

742 1624 1092 1687 Meclrrnctes,
1124 1625 1249 1693 quia
1286 1624 1545 1677 tribtrtum
1603 1624 1837 1690 amplius
1891 1621 2032 1673 ferre
2095 1635 2311 1672 recusa-

745 1720 858 1766 hat.
887 1713 1018 1766 Nam
1046 1715 1228 1782 regius
1263 1728 1440 1782 pra'eo
1471 1713 1537 1765 ad
1585 1712 1730 1765 hunc
1754 1718 2078 1774 accesserat,
2111 1710 2312 1777 jubcns

749 1806 1255 1875 utquampriunrm,
1295 1821 1443 1858 mora
1496 1805 1641 1859 omni
1704 1803 1899 1873 posita,
1936 1803 2197 1856 tributum
2257 1802 2310 1856 in

742 1866 939 1964 januas
964 1866 1203 1951 inferret.
1224 1896 1560 1966 Illyricorum
1591 1911 1705 1959 rex,
1735 1895 1993 1965 colligens
2015 1897 2307 1958 tributurn,
2338 1866 2386 1926 Β

746 1990 893 2058 quod
979 1989 1293 2044 currtirrebat
1396 1990 1638 2057 quinque
1707 1989 1976 2058 myriadcs
2046 1999 2306 2042 staterum

745 2097 1061 2145 :rrreorum,
1090 2082 1252 2149 idque
1331 2084 1564 2150 praeconi
1649 2081 1963 2145 ostendens,
2017 2082 2231 2135 dicebat
2297 2099 2312 2136 :

746 2173 1035 2229 Tributum
1066 2175 1285 2242 quidem
1314 2173 1602 2228 collectum
1631 2183 1681 2228 et
1705 2185 1950 2242 paratum
1980 2174 2032 2227 iu
2063 2184 2314 2244 pronrptn

746 2277 847 2321 est.
884 2266 992 2321 Nec
1023 2275 1201 2319 tamen
1243 2267 1374 2320 ruilri
1408 2267 1558 2320 cordi
1585 2277 1668 2322 est
1696 2267 1910 2321 mittere
1965 2268 2074 2336 regi
2136 2275 2314 2320 tantas

745 2375 900 2429 opes,
931 2368 982 2412 et
1023 2375 1108 2411 me
1145 2357 1466 2428 planissime
1506 2357 1588 2412 his
1619 2360 1853 2427 privare.
1894 2357 2090 2414 Verum
2128 2359 2173 2416 si
2205 2359 2317 2413 bel-

751 2454 860 2504 lum
889 2451 959 2505 ab
996 2465 1121 2519 rege
1151 2450 1502 2519 impenderit,
1551 2451 1694 2505 bello
1753 2469 1836 2506 me
1867 2453 2202 2507 committam
2243 2451 2317 2508 le-

750 2542 928 2608 lieius,
991 2543 1035 2595 si
1097 2552 1244 2596 tanta
1312 2544 1554 2611 pecuniae
1599 2544 1816 2597 affuerit
1899 2547 2000 2598 vis.
2053 2544 2319 2600 Praeterea

752 2638 795 2688 si
844 2652 905 2690 ea
938 2635 1230 2689 necessitas
1251 2650 1336 2687 me
1365 2636 1795 2703 apprehenderit,
1832 2645 1889 2689 ut
1922 2636 2054 2690 mihi
2079 2637 2130 2690 in
2162 2638 2320 2691 aliam

750 2731 822 2782 sit
851 2729 1191 2798 migrandum
1233 2728 1508 2796 regionem
1543 2747 1556 2782 :
1597 2729 1764 2784 fretus
1813 2730 1933 2784 istis
1992 2732 2206 2799 opibus,
2246 2733 2323 2785 vi-

752 2833 863 2876 tam
889 2822 1228 2877 commodius
1263 2824 1478 2891 exigere
1532 2831 1741 2890 potero.
1788 2823 1990 2892 llegius
2025 2840 2202 2895 pra3co
2227 2843 2322 2879 au-

751 2917 905 2968 diens
935 2914 1070 2967 istos
1095 2929 1402 2977 sermones,
1457 2915 1809 2981 respondisse
1867 2913 2038 2969 fertur
2067 2917 2122 2970 in
2178 2918 2321 2971 lnrnc

751 3005 974 3058 modum
1016 3005 1119 3058 :Et
1154 3006 1374 3073 quidem
1409 3007 1696 3073 pulchrum
1758 3016 1811 3061 et
1871 3006 2162 3062 honestum
2204 3018 2324 3062 erat

752 3111 885 3165 υνυς)
916 3095 1048 3150 istas
1080 3096 1129 3148 in
1155 3107 1248 3150 tuo
1290 3098 1534 3152 dominio
1592 3115 1932 3168 permanere,
1983 3104 2027 3155 si
2088 3118 2194 3154 non
2234 3103 2314 3154 in-

755 3189 909 3242 terim
967 3188 1229 3242 fosderurn
1286 3190 1598 3259 religionem
1648 3190 1812 3260 impie
1878 3196 2391 3267 transgrediendoc

757 3291 1048 3334 temer-ares
1080 3297 1095 3334 ξ
1129 3281 1209 3333 sin
1238 3281 1494 3349 cupidine
1531 3283 1721 3336 harum
1776 3299 1938 3352 opum
1971 3286 2192 3347 ducnrs,
2226 3285 2320 3340 fte-

756 3375 882 3425 rlera
928 3372 1132 3425 violare
1165 3374 1485 3438 institueris,
1515 3386 1570 3428 et
1599 3375 1724 3429 inde
1777 3377 1870 3430 tibi
1931 3381 2112 3431 nescio
2155 3395 2319 3446 quam

757 3465 1065 3518 felicitatem
1096 3466 1367 3534 pollicitus
1396 3466 1585 3530 fueris,
1612 3483 1798 3522 vereor
1827 3468 2068 3535 profecto
2108 3480 2165 3522 ut
2197 3486 2326 3524 con-

760 3555 985 3606 trarium
1045 3555 1280 3608 eveniat.
1315 3553 1450 3609 Nam
1481 3568 1702 3611 auctore
1736 3557 1845 3611 Deo
1880 3559 2158 3626 possidere
2191 3560 2325 3614 istas

757 3661 886 3712 opes
919 3647 1230 3714 neutiquam
1292 3649 1492 3702 malum
1527 3650 1754 3704 duxero.
1817 3645 2086 3706 Praeterea
2127 3654 2317 3707 iisdem

755 3740 948 3807 opibus
979 3751 1201 3795 auctore
1232 3742 1342 3796 Deo
1400 3744 1548 3810 exui,
1593 3743 1751 3814 longe
1799 3747 2064 3814 Optimum
2111 3746 2322 3814 jUdlCO,

758 3833 939 3898 potius
961 3849 1120 3901 quam
1153 3836 1499 3890 contumelus
1525 3837 1814 3906 etinjuriis
1835 3837 2048 3892 allicere
2074 3854 2199 3892 eum
2229 3855 2325 3891 cu-

750 3940 845 4016 !ns
877 3925 1130 3993 prmsidio
1157 3944 1248 3984 eas
1275 3929 1624 3998 aequisieris.

2415 611 2707 680 ύττάρχονη
2749 609 2936 663 ἄλλοτε
2993 609 3161 672 ἄλλην
3212 605 3397 673 φωνὴν
3451 604 3782 672 ἀφιέμενον,
3839 600 3973 652 ὥστε

2412 703 2583 755 πολλὰ
2622 703 2754 769 γένη
2801 699 2990 764 αὐτοῦ,
3024 702 3115 752 καὶ
3143 699 3292 766 σφίσι
3345 696 3696 766 διενηνοχότα
3746 694 3972 761 πάμπαν

2412 800 2467 861 ἐς
2490 796 2586 866 τὴν
2614 796 2821 867 φωνὴν,
2853 794 3038 862 λαχεῖν
3077 793 3319 867 τοῦνομα
3353 790 3514 843 τοῦτο
3562 789 3858 856 Ἰλλυριοὺς
3883 804 3975 838 κα-

2410 891 2732 956 λουμένους.
2781 886 2942 940 Ἀλλὰ
2969 884 3141 938 ταῦτα
3179 864 3279 953 μέν
3305 883 3448 936 οὕτω
3486 900 3578 952 μοι
3616 883 3671 944 ἐς
3725 879 3976 932 τοσοῦτον

2410 980 2836 1049 ἀναγεγράφθω.
2856 981 2916 1032 Εἰ
2937 979 2992 1032 δέ
3023 977 3100 1048 μὴ
3127 977 3369 1041 τοῦνομα
3401 975 3534 1029 αὐτὸ
3563 976 3617 1036 ἐς
3648 974 3804 1042 γένος
3825 971 3975 1024 τοῦτο

2409 1077 2582 1145 ὀρθῶς
2610 1076 2854 1146 εἴρηται,
2889 1075 2979 1130 διὰ
3008 1076 3066 1128 δὲ
3093 1075 3194 1144 τὴν
3224 1074 3432 1142 χώραν,
3462 1074 3527 1143 ἢν
3559 1070 3807 1124 ἐνοικοῦν
3850 1070 3970 1137 φαί-

2410 1185 2557 1221 νεται
2581 1170 2677 1237 τὴν
2726 1168 3026 1238 Ἰλλυριῶν,
3049 1167 3198 1233 ἄξιόν
3223 1168 3340 1220 ἐστι
3370 1165 3635 1235 φέρεσθαί
3668 1165 3718 1217 oi
3742 1163 3975 1230 τοῦνομα

2408 1257 2587 1310 τοῦτο.
2627 1259 2736 1310 Καὶ
2773 1258 2849 1326 μὴ
2911 1256 3134 1326 νέμεσις
3188 1257 3273 1326 εἴη
3313 1255 3458 1308 οὕτω
3504 1252 3792 1324 φρονοῦντι
3855 1256 3976 1320 περὶ

2410 1351 2609 1404 αὐτῶν.
2644 1349 2935 1410 Ἀλὸανοὺς
2958 1349 3068 1418 γὰρ
3110 1349 3288 1416 ἔγωγε
3321 1346 3523 1416 μᾶλλόν
3554 1363 3613 1398 τε
3641 1347 3755 1407 τοῖς
3796 1346 3975 1397 Μακε-

2409 1445 2523 1497 δόσι
2556 1442 2944 1511 προστίθεσθαι
2971 1441 3037 1494 ἃν
3057 1441 3276 1510 λέγοιμι
3302 1441 3336 1510 ἢ
3372 1441 3522 1509 ἄλλῳ
3546 1440 3653 1492 τιν)⁵
3684 1440 3796 1492 τῶν
3840 1441 3978 1490 κατα

2407 1535 2507 1606 τὴν
2533 1534 2861 1603 οἰκουμένην
2900 1533 3091 1589 ἐθνῶν.
3119 1534 3314 1587 Οὐδενί
3339 1551 3398 1586 τε
3437 1534 3547 1604 γὰρ
3581 1534 3977 1602 συμφέρονται,

2411 1627 2493 1678 ὅτι
2537 1627 2612 1695 μὴ
2637 1626 2697 1677 τὸ
2727 1625 3057 1678 Μακεδόνων
3089 1626 3267 1693 γένος.
3310 1625 3473 1677 Ἀλλὰ
3500 1625 3704 1678 τούτων
3729 1625 3829 1695 μὲν
3855 1625 3979 1692 πέρι

2411 1716 2533 1776 ἃλις
2583 1717 2723 1768 ἔστω
2763 1714 2932 1767 ταῦτα
2989 1715 3276 1785 είρημένα.
3309 1715 3612 1767 Καλείσθω
3644 1714 3699 1767 δέ
3760 1732 3850 1780 μοι
3908 1714 3983 1780 τῷ

2411 1809 2639 1875 ὀνόματι
2697 1806 2873 1876 τούτῳ
2921 1807 3172 1876 Ἰλλυριοὶ
3227 1808 3277 1858 οἱ
3332 1807 3462 1876 περ).
3516 1806 3607 1858 τὸν
3670 1807 3854 1859 Ἰόνιον
3909 1808 3984 1856 οί-

2417 1903 2641 1962 κοῦντες
2686 1901 2843 1972 ἄχρις
2872 1900 3047 1971 ἄκρας
3093 1901 3327 1971 Ἰστρίας
3363 1901 3705 1970 καλουμένης
3748 1900 3884 1971 πρὸς
3909 1899 3984 1968 τῷ

2419 1995 2574 2065 μυχῷ
2612 1995 2704 2048 τοῦ
2733 1995 2954 2060 κόλπου,
2981 1995 3278 2065 ἀνεχούσης
3311 1995 3485 2066 ταύτῃ
3528 1996 3586 2057 ἐς
3619 1997 3679 2048 τὺ
3723 1997 3983 2060 πέλαγος,

2418 2088 2511 2140 καὶ
2535 2088 2583 2140 οί
2616 2089 2745 2157 περὶ
2793 2086 2892 2157 τὴν
2921 2087 3094 2158 ταύτῃ
3157 2088 3453 2156 μεσόγαιον
3502 2087 3781 2151 οἰκοῦντες
3824 2087 3986 2140 Ἰλλυ-

2419 2181 2547 2251 ριοί.
2591 2181 2714 2234 Ἐπὶ
2746 2181 2936 2234 τοῦτον
2971 2181 3029 2234 δέ
3060 2181 3152 2235 τὸν
3185 2163 3412 2251 βασιλέα
3443 2181 3805 2252 ἐστρατεύετο
3829 2182 3987 2250 βασι-

2419 2275 2544 2338 λεὺς
2571 2274 2885 2344 Μεχμέτης,
2928 2275 3126 2328 ὃτιτδν
3155 2277 3322 2344 ιρόρον
3367 2274 3553 2338 αὐτοῦ,
3592 2275 3667 2337 ὡς
3694 2274 3780 2328 ἐπ’
3825 2274 3988 2327 αὐτόν

2420 2368 2649 2435 ἀφίκετο
2705 2368 2969 2436 βασιλέως
3039 2366 3236 2436 κῆρυξ,
3287 2367 3527 2420 κελεύων
3591 2369 3682 2421 τόν
3715 2384 3773 2420 τε
3825 2369 3992 2436 φόρον

2421 2462 2660 2530 ἀπάγειν
2696 2462 2778 2513 ὅτι
2815 2460 3045 2530 τάχιστα
3094 2463 3151 2524 ἐς
3199 2462 3301 2523 τὰς
3358 2459 3620 2528 βασιλέως
3667 2461 3863 2530 θύρας,
3902 2467 3997 2513 καὶ

2426 2555 2501 2624 μὴ
2529 2553 2864 2622 διαμέλλειν,
2899 2553 3224 2622 συναγείρας
3261 2554 3351 2605 τόν
3399 2557 3586 2622 φόρον,
3639 2556 3803 2607 πέντε
3863 2555 3996 2606 ὄντα

2427 2647 2696 2716 μυριάδας
2754 2647 3061 2717 στατήρων,
3127 2648 3221 2698 καὶ
3252 2647 3525 2713 ἐπιδείξας
3587 2649 3665 2716 τῷ
3721 2647 3998 2716 βασιλέως

2425 2746 2648 2810 κήρυκι,
2693 2741 2768 2802 ὡς
2803 2741 3022 2808 ἕτοιμος
3057 2741 3157 2808 μὲν
3181 2741 3264 2810 είη
3296 2744 3322 2793 ό
3347 2741 3530 2811 φόρος,
3567 2743 3661 2794 καὶ
3713 2743 3793 2804 ὡς
3857 2759 4002 2806 πατ-

2425 2832 2753 2898 εσκεύαστο,
2781 2833 2842 2884 οὐ
2880 2833 3064 2903 μέντοι
3099 2851 3162 2900 γε
3212 2835 3579 2904 προθυμεῖται
3609 2834 4002 2903 ἐπιπέμποντα

2424 2926 2501 2995 τῷ
2556 2924 2769 2995 βασιλεῖ
2805 2926 2872 2977 τὰ
2929 2927 3214 2994 χρήματα,
3263 2924 3553 2995 στέρεσθαι
3580 2924 3788 2977 τούτων
3835 2926 4004 2977 αὺτὶν

2424 3020 2547 3073 ούδέ
2578 3023 2628 3072 οἱ
2653 3020 2834 3082 καλῶς
2875 3019 3043 3089 ἔχειν.
3097 3018 3261 3072 Ἀλλὰ
3288 3021 3383 3072 σὺν
3404 3019 3638 3082 τούτοις,
3679 3021 3776 3071 καὶ
3807 3019 3876 3089 ἢν
3911 3038 4003 3070 πι-

2426 3114 2615 3182 λεμείν
2645 3113 2762 3182 δέῃ,
2803 3113 3064 3181 πολεμεῖν
3093 3113 3170 3181 τῷ
3201 3110 3417 3181 βασιλεῖ
3441 3112 3682 3169 πόλεμον
3712 3112 4008 3180 ἐπαράμε-

2430 3221 2540 3267 νον,
2609 3204 2834 3272 ἄμεινον
2867 3203 2933 3255 ἂν
2981 3201 3460 3272 παρασκευάζοιτο
3499 3203 3555 3264 ἐς
3601 3203 3694 3253 τὸν
3738 3203 4009 3271 πόλεμον.

2428 3297 2537 3349 Καὶ
2561 3294 2626 3363 ἢν
2654 3296 2746 3364 δὲῃ
2790 3295 3098 3363 ἀπαίροντα
3133 3295 3301 3362 ἀλλην
3356 3293 3482 3345 τινὰ
3533 3293 3858 3345 στέλλεσθαι
3903 3294 4012 3363 χώ-

2428 3406 2554 3458 ραν,
2587 3386 2762 3440 ταῦτα
2799 3388 2992 3456 ἔχοντα
3030 3387 3099 3439 τὰ
3149 3388 3431 3456 χρήματα,
3467 3385 3694 3455 ἄμεινον
3744 3388 4010 3456 πράξειν.

2429 3481 2532 3533 Τὸν
2572 3481 2670 3549 μὲν
2696 3479 2789 3533 οὖν
2823 3483 3046 3548 κήρυκα
3105 3479 3324 3546 λέγεται
3368 3481 3636 3540 ἐπειπεῖν,
3687 3481 4021 3532 ἀκούσαντα

2433 3572 2557 3634 τοὺς
2582 3571 2776 3636 λόγους
2844 3567 3201 3633 τούτους·⁹0
3262 3570 3486 3640 βασιλεῦ
3547 3571 3709 3638 τῆσδε
3754 3573 3858 3642 τῆς
3903 3573 4020 3641 χώ-

2435 3681 2557 3734 ρας,
2592 3665 2729 3718 ἀλλὰ
2755 3665 2933 3716 ταῦτα
2968 3665 3035 3716 τὰ
3064 3667 3328 3734 χρήματα
3363 3665 3542 3726 καλῶς
3589 3665 3698 3735 ἔχει
3726 3667 3888 3734 παρὰ
3939 3668 4025 3717 σοὶ

2436 3757 2581 3812 εἶναι
2637 3759 2711 3828 μὴ
2768 3762 2866 3822 τὰς
2921 3760 3151 3822 σπονδὰς
3211 3758 3625 3827 παραϐαίνοντι.
3670 3760 3776 3811 Ἦν
3819 3758 3883 3810 δὲ
3933 3759 4026 3810 διὰ

2436 3851 2609 3904 ταῦτα
2665 3851 3027 3920 παραϐαίνων
3060 3851 3149 3921 οἴῃ
3207 3851 3434 3920 ἄμεινον
3488 3850 3742 3920 πράξειν,
3789 3849 4032 3901 δέδοικα

2443 3946 2518 4014 μὴ
2573 3945 2757 4013 χεῖρόν
2782 3960 2866 3996 σοι
2919 3945 3131 4008 γένοιτο
3181 3946 3270 3997 διὰ
3312 3943 3510 3994 ταῦτα.
3568 3941 3672 3994 Σὺν
3721 3943 3836 4010 γὰρ
3904 3939 4033 4007 Θεῷ

757 4023 1058 4077 καὶταῦτα
1098 4025 1242 4092 ἔχειν
1289 4026 1357 4076 τὰ
1405 4028 1664 4097 χρήματα
1723 4030 1861 4084 πολὺ
1906 4032 2169 4099 ἄμεινον·
2236 4039 2328 4089 καὶ
2383 4040 2481 4093 σὺν
2529 4042 2605 4111 τῷ
2675 4040 2794 4109 Θεῷ
2860 4039 3067 4092 τούτων
3116 4039 3400 4110 στέρεσθαι
3451 4036 3700 4107 ἄμεινον,
3765 4037 3797 4105 ἦ
3862 4037 4033 4104 ὑδρί-

757 4118 919 4179 ςοντα
974 4120 1030 4178 ἐς
1097 4119 1316 4178 ,ἐκεῖνον
1397 4119 1772 4175 πολλαπλάσια
1852 4124 2072 4177 τούτων
2130 4128 2447 4196 κεκτῆσθαι.

829 4208 1125 4276 Ηίσιὶιυιὶε,
1147 4225 1323 4279 praeco
1376 4211 1444 4265 ad
1477 4227 1653 4282 regem
1675 4218 2330 4286 revertiturzexponens-

759 4315 866 4367 que
897 4316 1017 4368 qua:
1040 4313 1394 4370 aceeperrtab
1433 4304 1771 4373 Illyricorum
1799 4324 1943 4379 rege,
1967 4326 2146 4378 regem
2173 4327 2328 4366 com-

761 4397 951 4457 movit,
987 4405 1259 4448 utcontra
1305 4398 1496 4451 ambos
1553 4398 1750 4452 bellum
1809 4403 2132 4471 susciperet.
2193 4402 2326 4458 Nam

764 4486 954 4540 eodem
1010 4498 1248 4554 tempore
1311 4488 1474 4541 etiarn
1539 4490 1737 4544 Lcllutn
1824 4491 1927 4546 fuit
1959 4508 2084 4547 cum
2156 4494 2329 4550 Daciae

763 4580 1031 4648 principe,
1063 4582 1156 4647 qui
1190 4580 1447 4648 iniuriam
1497 4587 1788 4636 maximam
1818 4586 1978 4655 regiae
2010 4585 2227 4640 famrlize
2253 4592 2327 4642 fe-

764 4681 935 4732 cerat,
960 4670 1150 4739 legalis
1182 4671 1301 4739 ejus
1335 4672 1551 4726 violatis
1593 4685 1647 4727 et
1711 4674 2032 4731 interfectis.
2059 4680 2326 4733 Caeterum

765 4763 865 4814 sub
897 4762 1034 4814 idem
1069 4773 1278 4830 tempus
1315 4778 1424 4831 quo
1454 4763 1628 4818 Dacos
1690 4766 1830 4820 bello
1854 4767 2168 4833 lacessebat,
2214 4771 2335 4839 Illy-

766 4855 864 4906 rici
916 4870 1094 4923 regem
1126 4854 1314 4908 ulcisci
1387 4859 1647 4924 nequivit.
1703 4857 1897 4912 Verum
1954 4863 2061 4913 isto
2115 4868 2330 4915 «lt-muni

767 4961 911 4996 anno
939 4961 1060 4997 cum
1093 4947 1368 5000 exercitus
1399 4951 1468 5000 ab
1496 4945 1710 5016 Europa
1754 4958 1805 5001 et
1826 4950 1952 5003 Asia
1994 4953 2335 5020 Adriauopo-

771 5041 864 5088 bin
894 5039 1069 5090 forent
1101 5038 1334 5100 collecti,
1357 5041 1531 5107 primo
1560 5055 1684 5093 vere
1727 5044 1778 5093 in
1837 5042 2080 5112 Illyricos
2146 5046 2335 5109 movit,

769 5130 821 5178 in
859 5128 1042 5179 animo
1075 5137 1283 5195 agitans
1313 5141 1364 5182 et
1395 5131 1444 5181 in
1477 5131 1726 5185 Sandalis
1781 5135 2052 5203 regionerrr
2108 5136 2341 5191 irruere.

769 5218 869 5271 llic
904 5235 993 5272 rex
1025 5219 1198 5273 fuerat
1225 5222 1368 5276 filius
1401 5223 1711 5290 illegitinnrs
1763 5242 1904 5294 regis
1933 5230 2025 5295 qui
2062 5231 2216 5297 prius
2239 5234 2340 5283 irn-

772 5313 923 5375 perio
948 5319 1344 5378 temperaverat
1370 5314 1615 5384 Illyricos
1647 5333 1660 5368 :
1714 5331 1766 5372 et
1817 5335 1939 5372 eum
1967 5321 2253 5373 discordiae
2276 5338 2338 5372 a-

771 5415 948 5457 troees
972 5406 1302 5472 interrpsurn
1327 5418 1378 5460 et
1398 5409 1591 5465 fratres
1638 5412 1756 5479 ejus
1813 5416 1904 5481 qui
1961 5416 2026 5465 ad
2072 5414 2332 5466 ducatum

771 5496 1082 5562 aspirabant
1117 5500 1472 5561 exarsissent,
1511 5503 1768 5554 miserunt
1807 5504 2007 5573 legatos
2031 5505 2094 5556 al
2126 5521 2330 5572 regem,

770 5587 998 5656 ejusque
1027 5588 1246 5640 arbitrio
1273 5604 1382 5641 rem
1423 5601 1586 5644 totazn
1622 5594 2021 5662 transigendam
2065 5597 2333 5662 permise-

2506 4225 2693 4278 Ταῦτα
2720 4227 2746 4278 ὁ
2790 4225 2968 4295 κῆρυξ
3026 4224 3197 4277 εἰπὼν
3249 4223 3529 4293 ἀπήλαυνε
3574 4225 3724 4292 παρὰ
3765 4222 4038 4292 βασιλέα,

2434 4320 2527 4372 καὶ
2586 4319 2929 4385 ἀπαγγείλας
2986 4317 3080 4370 τοῦ
3136 4315 3402 4385 Ἰλλυριοῦ
3461 4318 3557 4367 τὸν
3593 4317 3774 4381 λόγον.
3847 4319 4040 4384 ἐπῆρε

2436 4409 2659 4477 βασιλέα
2698 4408 3091 4476 στρατεύεσθαι
3122 4407 3208 4459 ἐπ’
3251 4409 3621 4475 ἀμφοτέρους.
3647 4403 3757 4460 ἾΙν
3781 4408 3838 4459 δ’
3881 4413 4044 4476 αὐτῷ

2434 4499 2740 4569 τηνικαῦτα
2771 4502 2952 4561 ἐλασις
2987 4501 3076 4551 ἐπὶ
3105 4502 3196 4551 τὸν
3231 4499 3435 4560 Δακίας
3483 4497 3749 4568 ἡγεμόνα,
3801 4501 4044 4569 ἐξυϐρί-

2437 4609 2601 4643 σαντα
2643 4591 2892 4659 μεγάλως
2919 4592 2973 4651 ἐς
3002 4591 3095 4641 ’τὸν
3120 4589 3214 4641 τοῦ
3253 4589 3522 4657 βασιλέως
3558 4583 3732 4652 οἷκον,
3763 4592 3880 4644 καὶ
3915 4594 4045 4644 ἁνε-

2438 4684 2598 4735 λόντα
2623 4681 2753 4744 τοὺς
2787 4681 3070 4747 πρέσὸεις,
3116 4682 3279 4733 Ἀλλὰ
3308 4683 3428 4732 τότε
3478 4683 3577 4748 μὲν
3613 4682 3924 4735 ἐλαύοντι
3951 4689 4047 4735 ἐπὶ

2438 4777 2640 4836 Δᾶκας,
2669 4776 2768 4826 ούκ
2800 4777 3080 4840 ἐξεγένετο
3127 4772 3380 4826 τίσασθαι
3433 4772 3659 4842 βασιλέα
3709 4773 4049 4846 Ἱλλυριῶν·

2439 4865 2515 4933 τῷ
2531 4865 2575 4916 δ’
2597 4866 2828 4931 ἐνιαυτῴ
2845 4867 3037 4934 τούτῳ,
3064 4864 3138 4925 ὡς
3163 4863 3343 4930 παρῆν
3376 4862 3524 4930 αὑτῷ
3541 4863 3607 4914 τὰ
3627 4867 4053 4934 στρατεύματα

2439 4957 2494 5015 ἐς
2545 4955 2646 5022 τὴν
2707 4953 3156 5023 Ἀδριανούπολιν
3207 4952 3316 5004 ἀπό
3383 4967 3442 5002 τε
3496 4951 3600 5016 τῆς
3674 4952 3894 5004 Ἀσίας
3959 4973 4056 5007 και

2443 5048 2539 5110 τῆς
2614 5045 2916 5113 Εὐρώπης,
2989 5044 3125 5111 ἦρος
3193 5040 3637 5108 ἐπιγενομένου,
3715 5039 4056 5109 ἐξήλαυνεν

3999 5139 4056 5196 ἒς

2443 5236 2542 5299 τὴν
2571 5231 2850 5284 Σανδάλεω
2879 5232 3080 5300 χώραν.
3115 5230 3219 5282 Τὸν
3247 5231 3302 5282 δὲ
3337 5227 3562 5297 βασιλέα
3595 5227 3830 5292 τοῦτον,
3869 5235 4058 5285 παῖδα

2443 5324 2572 5376 ὄντα
2602 5325 2757 5375 νόθον
2790 5323 2884 5375 τοῦ
2925 5325 3190 5393 πρότερον
3219 5322 3487 5389 βασιλέως
3558 5320 3891 5390 Ἰλλυριῶν,
3962 5329 4061 5379 καὶ

2446 5418 2581 5485 πρὸς
2629 5423 2756 5478 τοὺς
2811 5417 3073 5484 ἀδελφοὺς
3110 5415 3276 5467 αὑτοῦ
3328 5415 3706 5483 διηνεγμένον,
3744 5415 4063 5488 ὡρμημέ-

2441 5525 2564 5569 νους
2616 5510 2702 5560 ἐπὶ
2729 5509 2824 5577 τὴν
2863 5509 2963 5575 τῆς
3015 5513 3200 5577 χώρας
3264 5507 3586 5576 ἠγεμονίαν.
3639 5507 3737 5558 καὶ
3800 5509 4063 5584 διαπρε-

2446 5601 2771 5666 σόευόμενον
2801 5600 2874 5663 ὡς
2905 5600 3147 5669 βασιλέα,
3168 5601 3540 5670 ἐπετράποντο
3567 5598 3719 5669 αὖτῷ
3744 5600 4062 5679 διαιτητῇ,

2446 5137 2540 5189 ἐπὶ
2597 5135 2925 5205 Ἰλλυριοὺς,
2975 5137 3034 5187 ἐν
3103 5135 3178 5204 νῷ
3237 5134 3378 5202 ἔχων
3447 5132 3699 5183 ἐσϐαλεῖν
3774 5135 3906 5187 καὶ

2052 5735 2296 5796 Notulm
2328 5738 2732 5815 marginales.

841 5856 918 5922 {9)
950 5852 1278 5924 Stephanum
1308 5860 1667 5929 illegitimurn,
1703 5863 1787 5932 qui
1816 5873 2020 5939 patrem
2062 5866 2182 5920 dolo
2236 5880 2398 5936 regno
2420 5868 2674 5938 eiecerat.
2717 5867 2845 5922 Vide
2879 5866 3087 5922 Bonfiu.
3121 5877 3168 5922 et
3201 5864 3320 5921 Jov.
