4180 6434
203 414 309 478 5'25

1207 421 1305 481 DE
1343 422 1591 483 REBUS
1619 421 1979 481 TURCICIS
2010 425 2163 483 LIB.
2200 428 2272 486 X.

3337 424 3438 485 526

202 534 445 599 ἐπεδειξέ
474 552 533 586 τε
569 535 753 586 τοῦτον
792 536 1015 605 βασιλέα
1044 537 1139 603 τῆς
1164 540 1366 606 χώρας.
1401 541 1506 591 Καὶ
1538 541 1763 611 Ἰσαάκῃ

1874 544 2137 612 ruut,qui
2170 545 2315 597 hunc
2342 543 2575 612 regionis
2630 556 2812 611 regem
2880 541 3197 595 declaravit.
3255 538 3440 595 isaacu

199 628 277 695 τῷ
308 627 554 677 Σκοπῗων
581 628 814 697 ὑπάρχῳ
847 628 1138 697 ὁμοροῦντί
1180 634 1312 692 τεὲς
1346 632 1443 699 τὴν
1474 632 1581 683 τῶν
1605 634 1773 688 Ἰλλυ-

203 716 339 783 ριῶν
367 716 575 783 χώραν,
614 718 762 778 ὅπως
799 720 947 786 αὑτῴ
979 722 1245 790 τιμωρῶν
1279 726 1692 778 συνεπιλάϐσιτο
1717 729 1775 790 ἐς

199 808 297 876 τὴν
326 811 673 876 ήγεμονείαν.
698 813 806 862 Καὶ
833 812 1065 880 στρατὸν
1096 815 1247 882 αὐτῷ
1271 818 1647 886 παρεχόμενος
1680 821 1774 870 ἐπεὶ

200 900 328 955 τοὺς
361 900 642 969 άδελῳοὺς,
677 904 775 967 τήν
812 920 871 955 τε
901 905 1089 973 χώραν
1120 906 1298 976 ἐδῄου,
1362 910 1456 959 καὶ
1498 911 1773 978 ἠνδραπο-

199 990 399 1052 δίζετο.
430 993 537 1043 Καὶ
569 993 733 1044 αὑτὸν
765 994 819 1055 ἐς
857 998 957 1062 τὴν
1000 996 1282 1063 βασιλείαν
1352 1002 1774 1071 καταστησάμε-

202 1101 382 1152 μενος,
408 1085 666 1151 ἐπολέμει
695 1089 803 1147 10E;
845 1086 1115 1154 ἀδελφοῖς,
1144 1090 1258 1155 ἅμα
1282 1090 1417 1158 τῴδε
1464 1090 1539 1157 τῷ
1606 1092 1772 1144 Ἰλλυ-

200 1178 338 1245 ριῶν
366 1178 597 1247 βασιλεῖ.
660 1180 770 1232 Καὶ
814 1181 1047 1232 πλεῖστα
1097 1181 1154 1233 δὲ
1198 1182 1403 1251 ταύτης
1437 1188 1533 1249 της
1589 1184 1771 1253 χώρας

197 1271 513 1339 ἀνδράποδα
536 1272 798 1341 ἀγόμενοι
830 1274 879 1324 οἱ
932 1272 1170 1343 Τοῦρκοι
1201 1274 1269 1338 ⁸³,
1325 1276 1530 1345 ταύτην
1569 1278 1771 1346 ὅμορον

196 1362 475 1425 οξκοῦντες
508 1363 606 1431 τὴν
638 1366 845 1434 χώραν.
878 1365 1077 1421 Πασῶν
1107 1366 1163 1420 δὲ
1188 1367 1299 1419 τῶν
1330 1369 1539 1419 πόλεινγ
1560 1369 1770 1438 ἀρχῶν,

191 1448 267 1506 ὧν
305 1456 467 1523 ἡμεῖς
501 1455 659 1524 ἴσμεν
695 1457 1007 1525 ἀνδράποδα
1040 1458 1099 1521 ἐς
1137 1476 1196 1511 τε
1228 1462 1329 1529 τὴν
1360 1460 1658 1531 Εὐρώπην,
1680 1462 1773 1514 καῖ⁸

191 1548 250 1609 ἐς
281 1548 384 1616 τὴν
433 1547 615 1599 Ἀσίαν
662 1547 1007 1619 ληϊσάμενθι,
1063 1550 1390 1617 διεϐίϐαζον.
1446 1553 1550 1607 Καὶ
1587 1556 1771 1619 ἑξότου

191 1640 293 1708 τὴν
325 1640 572 1693 Σκοπίων
616 1641 788 1711 ᾤκισε
821 1643 1001 1708 πόλιν,
1058 1646 1153 1697 καὶ
1199 1645 1409 1714 Ἰησοῦς
1442 1648 1471 1699 6
1514 1649 1772 1702 Ἰσαάκεω

194 1737 325 1795 παῖς
366 1735 746 1803 ἐπιτροπεύων
784 1737 889 1789 ὑπὸ
931 1736 1203 1807 βασιλέως
1231 1740 1434 1809 ταύτην
1457 1741 1555 1811 τὴν
1591 1743 1769 1803 πόλιν,

190 1826 268 1886 ὡς
296 1825 547 1885 πλεῖστα,
599 1819 672 1877 ὧν
722 1828 881 1895 ἡμεῖς
931 1828 1109 1896 ἴσμεν,
1167 1828 1258 1881 διὰ
1308 1829 1506 1882 πολλοῦ
1569 1832 1764 1900 χρόνου

1889 637 2244 705 Scopiorumo
2273 636 2551 705 prrel'ecto,
2580 636 2670 704 qui
2702 635 2971 688 linitimus
3024 642 3141 686 erat
3196 634 3441 703 Illyricis.

1878 729 2040 783 istum
2067 728 2329 797 adjuvare
2362 727 2515 795 jubet
2546 728 2598 779 in
2623 726 2953 794 acquirendo
2982 725 3284 795 principatu
3313 744 3326 787 ;
3357 728 3443 780 hic

1877 821 2177 874 exercitum
2200 820 2445 889 praebens
2472 829 2659 873 contra
2686 818 2905 883 fratres,
2936 833 3124 871 eorum
3158 818 3433 886 regionem

1878 913 2184 975 cvastabat,
2210 912 2465 980 plurimis
2522 909 2647 963 inde
2673 910 2965 963 abstractis
3002 910 3312 977 mancipiis.
3346 908 3441 960 lllo

1878 1004 2042 1073 igitur
2067 1019 2190 1072 rege
2243 1004 2614 1072 pronuntiato,
2639 1002 2839 1056 bellum
2903 1001 3125 1069 gerebat
3156 1016 3277 1055 cum
3335 1000 3448 1054 l‘ra-

1878 1096 2052 1148 tribus
2087 1105 2288 1149 etcum
2314 1094 2622 1164 Illyriorum
2662 1110 2808 1164 rege.
2831 1093 2992 1147 anci
3026 1094 3117 1162 qui
3155 1092 3437 1145 ﬁnitimam

1875 1188 2037 1259 285
2070 1191 2217 1243 circa
2248 1192 2506 1243 tenebant
2554 1187 2852 1256 regionem,
2900 1187 3132 1254 plurima
3164 1187 3449 1239 nancisce-

1874 1279 2074 1333 bantur
2111 1282 2400 1349 mancipia.
2428 1281 2560 1335 Cum
2588 1288 2771 1333 autem
2801 1281 3008 1347 paanlas
3034 1291 3254 1346 agerent
3291 1294 3448 1331 tuan-

1874 1374 2141 1442 cipiorum
2161 1389 2224 1429 ex
2258 1376 2514 1429 omnibus
2538 1390 2676 1443 quas
2701 1375 2907 1429 scimus
2930 1372 3180 1433 urbibus,
3221 1388 3284 1425 ea
3315 1389 3448 1425 con-

1875 1467 2024 1520 tinuo
2056 1468 2109 1520 in
2140 1467 2409 1536 Europam
2451 1477 2505 1521 et
2526 1469 2711 1520 Asiam
2768 1465 3229 1520 transmittebant.
3270 1463 3334 1517 Et
3381 1481 3445 1517 ex

1872 1574 1986 1629 quo
2026 1576 2116 1613 rex
2150 1558 2500 1614 coloniamin
2560 1558 2884 1626 Scopiorum
2946 1559 3133 1611 urbem
3202 1557 3443 1617 deduxit.

1873 1662 1925 1703 et
1954 1648 2121 1706 Iosue
2161 1652 2329 1707 lsaaci
2364 1651 2508 1706 [ilius
2575 1652 2718 1722 regis
2750 1653 2971 1705 nomine
3020 1667 3137 1703 eam
3206 1650 3447 1703 admini-

1873 1745 2091 1810 stravit,
2127 1744 2357 1813 piurima
2378 1745 2446 1799 ab
2472 1744 2690 1815 Illyrico
2727 1743 2997 1813 mancipia
3033 1753 3162 1796 sont
3186 1743 3444 1805 abducta,

1876 1847 1933 1890 et
1967 1838 2020 1889 in
2051 1838 2323 1905 Europam
2360 1838 2653 1905 Asiamque
2685 1836 3222 1906 translata,;quorum
3258 1853 3448 1890 nume-

190 1919 442 1987 ἐληῗζετο
468 1920 566 1989 τὴν
603 1920 877 1989 Ἰλλυριῶν
906 1923 1114 1990 χώραν,
1137 1923 1230 1975 καὶ
1267 1923 1647 1993 ἀποφέρεσθαι
1669 1924 1765 1974 άν-

1874 1947 1969 1985 rus
1994 1931 2168 2000 major
2197 1941 2316 1985 erat
2338 1946 2500 2000 quam
2538 1945 2761 1999 sperare
2792 1930 3061 2000 potuisset
3089 1930 3157 1983 ab
3188 1946 3248 1983 ca
3274 1946 3449 1998 regiu-

188 2014 462 2082 δράποδα,
505 2016 604 2066 ὅσα
629 2016 701 2083 μὴ
727 2015 791 2065 ἄν
816 2032 949 2067 ποτε
998 2015 1221 2068 ἐλπίσαι
1257 2019 1507 2085 ἐνεγκεῖν
1533 2019 1635 2088 τὴν
1657 2018 1768 2088 χώ-

193 2125 298 2173 ραν
336 2110 577 2175 ἐκείνην.
606 2106 954 2176 Πυνθὰνομαι
982 2106 1038 2159 δὲ
1072 2108 1172 2175 τὴν
1200 2108 1399 2178 χώραν,
1424 2109 1633 2179 διήκειν
1662 2110 1770 2162 ἀπὸ

188 2200 293 2266 τῆς
339 2199 660 2264 Τριὸαλλῶν
690 2198 895 2267 χώρας,
924 2200 1018 2251 καὶ
1052 2199 1354 2271 Δοροϐίκης
1406 2200 1658 2270 ποταμοῦ
1713 2204 1769 2264 ἐς

190 2294 297 2359 τὴν
333 2291 618 2344 Σανδάλεω
667 2291 875 2362 χώραν,
910 2292 1008 2344 καὶ
1071 2292 1165 2343 ἐπὶ
1210 2293 1300 2345 τὸν
1340 2292 1524 2345 Ἰόνιον
1571 2292 1770 2346 κόλπον

194 2386 462 2448 σταδίους
494 2388 551 2445 ἐς
574 2385 935 2448 ὀκτακοσίους
963 2384 1009 2417 ⁸⁵
1040 2385 1100 2437 τὸ
1129 2385 1327 2454 μῆκος.
1378 2386 1449 2437 Τὸ
1476 2385 1530 2438 δὲ
1565 2385 1770 2449 πλάτος

190 2479 293 2528 ἐπὶ
321 2476 625 2545 δισχιλίους
653 2476 891 2546 μάλιστά
926 2492 1019 2529 ποι
1050 2475 1301 2538 σταδίους
1350 2480 1620 2547 παρήκειν
1671 2478 1772 2545 τὴν

190 2569 386 2638 χώραν
411 2572 466 2629 ἐς
499 2568 625 2630 τοὺς
652 2569 889 2646 Παίονας
918 2570 1013 2620 καὶ
1038 2569 1094 2631 ἐς
1126 2568 1481 2638 Τριϐαλλούς.
1516 2571 1626 2622 Καὶ
1664 2569 1771 2621 ἀπὸ

190 2662 300 2728 μὲν
360 2661 468 2713 τῶν
527 2660 841 2729 Τριϐαλλῶν
890 2660 1075 2732 ἔχεται
1130 2663 1331 2715 αὐτίκα
1376 2664 1408 2732 ἡ
1465 2662 1617 2733 χώρα
1676 2664 1768 2717 τοῦ

200 2752 511 2803 Ίσαάκεωδ
549 2754 687 2818 μετά
723 2752 780 2803 δὲ
808 2754 839 2822 ἡ
874 2751 966 2803 τοῦ
998 2752 1214 2805 Παύλου
1264 2753 1438 2822 χώρα,
1469 2755 1563 2806 καὶ
1592 2754 1645 2806 αἱ
1678 2755 1771 2807 πό-

184 2846 310 2905 λεις
355 2846 780 2914 παρατείνουσιν
842 2848 897 2907 ἐς
930 2844 1103 2913 αὐτὴν
1161 2844 1273 2896 τῶν
1321 2845 1596 2915 Ἰλλυριῶν
1629 2845 1773 2915 βασι-

185 2937 336 2997 λέως
372 2938 579 3005 χώραν.
621 2936 961 3006 Ἐπολὲμουν
991 2936 1090 3004 μὲν
1118 2930 1264 2989 οὗτοι
1284 2939 1380 2989 καὶ
1412 2938 1679 3008 πρότερον
1696 2937 1772 3004 τῷ

184 3029 441 3098 βασιλεῖ.
478 3030 599 3082 Ὀτὲ
635 3029 733 3098 μὲν
782 3030 836 3091 ἐς
895 3031 1022 3093 τοὺς
1077 3029 1434 3098 Τριϐαλλοὺς,
1468 3033 1554 3083 ὁτὲ
1584 3030 1641 3083 δὲ
1679 3032 1774 3082 καὶ

182 3126 247 3184 ἐς
286 3126 418 3183 τοὺς
475 3123 709 3183 Παίονας
773 3121 1252 3190 ταλαντευόμενοι,
1293 3123 1385 3174 καὶ
1443 3124 1772 3191 ἐπαγόμενοι

179 3216 325 3275 τοὺς
346 3215 646 3284 Τούρκους,
677 3214 958 3283 ἐληίζοντο
975 3213 1077 3282 τὴν
1120 3213 1401 3284 Ἰλλυριῶν
1422 3215 1625 3283 ὅμορον
1659 3216 1767 3285 χώ-

181 3325 326 3373 ραν.
380 3308 488 3359 Καὶ
525 3308 663 3375 πρὸς
710 3306 837 3369 τοὺς
877 3304 1209 3376 Τριϐαλλοὺς
1248 3306 1569 3375 ἐπολέμουν,
1615 3310 1707 3360 καὶ
1744 3311 1770 3361 6

175 3400 308 3451 τῶν
346 3398 669 3468 Τριϐαλλῶν
728 3397 954 3469 ἡγεμὼν
1002 3398 1596 3469 ἐκστρατευόμενος⁸⁵,
1640 3402 1768 3453 ἐπο-

172 3498 413 3563 λιόρκει
470 3493 570 3552 τὰς
630 3491 838 3555 πόλεις,
907 3492 1047 3561 μετά
1096 3493 1367 3545 δὲταῦτα
1407 3497 1772 3564 σπεισάμενος

169 3590 430 3657 εἰρήνην
470 3588 624 3654 ἄγειν
653 3588 709 3648 ἐς
741 3586 987 3647 τούτους.
1016 3584 1128 3639 Καὶ
1150 3586 1427 3655 Σανδάλης
1448 3588 1545 3655 μὲν
1560 3588 1771 3651 τούτοις

170 3685 289 3736 καὶ
328 3683 599 3748 πρότερον
657 3680 940 3749 ἐπολέμει,
979 3680 1073 3733 καὶ
1141 3681 1485 3749 ἑπαγόμενος
1541 3682 1770 3750 στρατὸν

168 3776 281 3827 τοῦ
334 3773 626 3842 βασιλέως,
660 3772 905 3841 ἐληίζετο
930 3772 1029 3841 τὴν
1075 3772 1261 3843 χώραν
1304 3774 1553 3824 ἐκείνων.
1608 3773 1769 3823 Ὥστε

168 3871 355 3938 μόνοι
387 3867 452 3936 δὴ
502 3861 928 3933 οὗτοιὰλλήλοις
971 3865 1252 3934 φέροντες,
1304 3867 1396 3917 καὶ
1440 3865 1771 3933 ἐπαγόμενοι

163 3964 432 4032 στρατὸν
461 3960 707 4027 ἐπήλυδα
737 3958 829 4011 τοῦ
872 3958 1163 4027 βασιλέως,
1193 3958 1447 4026 μεγάλως
1486 3957 1551 4025 δὴ
1617 3956 1771 4006 ἔϐλα-

161 4073 332 4107 πτον
358 4052 631 4121 αὐτῷτὴν
662 4050 845 4120 χώραν
878 4048 1225 4119 ἀνδραπόδων
1255 4048 1329 4110 ὡς
1367 4048 1633 4099 πλείστων
1665 4046 1770 4098 ὑπὸ

158 4150 297 4201 τῶν
336 4147 590 4215 στρατῶν
620 4146 985 4215 ἀπαγομένων
1020 4144 1306 4206 ἑκάστοτε,
1345 4142 1439 4192 καὶ
1466 4138 1767 4208 φθειρομέ-

154 4260 279 4310 νης
340 4239 448 4306 τῆς
504 4238 685 4307 χώρας
740 4241 797 4300 ἐς
849 4238 917 4289 τὰ
983 4236 1249 4305 μάλιστα.
1316 4234 1451 4285 Τότε
1520 4232 1631 4300 μὲν,
1674 4224 1771 4282 οὖν

155 4338 279 4390 καί
336 4336 367 4385 6
443 4334 725 4399 Ἰσαάκης,
772 4334 867 4383 καὶ
925 4333 953 4383 ὁ
1012 4328 1241 4390 Παῦλος,
1283 4327 1602 4394 συνθέμενοι
1632 4342 1770 4393 συμ-

153 4427 409 4500 μαχίαν
486 4425 565 4493 τῷ
650 4422 923 4491 Ἰλλυριῶν
1006 4420 1256 4490 βασιλεῖ,
1323 4418 1624 4470 διενοοῦντο
1679 4417 1773 4468 καὶ⁴

153 4523 355 4575 αὐτοὶ
413 4519 653 4585 πόλεμον
717 4515 1003 4569 ἀνελέσθαι
1054 4514 1132 4584 τῷ
1175 4512 1406 4583 βασιλεῖ,
1455 4511 1521 4579 ἦν
1549 4528 1600 4562 τι
1663 4511 1771 4563 ἀπὸ

154 4614 457 4670 Παιόνων
490 4610 889 4679 καταλαμϐάνῃ
922 4612 1047 4671 τοὺς
1084 4608 1382 4676 Ἰ“ούρκους.

246 4705 541 4765 Βασιλεὺς
590 4704 753 4766 δὲὼς
803 4704 1025 4772 ἧλαυνε,
1073 4703 1225 4769 διέϐη
1280 4699 1380 4767 μὲν
1414 4698 1503 4750 τὸν
1559 4695 1772 4748 Δοδοϐί-

144 4818 285 4869 κην
327 4795 384 4826 ⁸⁸
422 4794 685 4861 ποταμὸν,
723 4792 780 4854 ὃς
804 4793 903 4863 τήν
934 4810 992 4844 τε
1017 4792 1332 4862 Τριϐαλλῶν
1356 4792 1451 4841 καὶ
1495 4788 1770 4856 Ἰλλυριῶν

144 4895 387 4963 χώραν
421 4887 671 4954 διείργει.
704 4886 905 4947 Διαϐὰς
972 4886 1027 4937 δὲ
1067 4886 1158 4937 ἐπὶ
1226 4883 1481 4953 Ἰλλυριὸν
1527 4880 1774 4948 ποταμὸν

142 4982 536 5047 ναυσίπορον
565 4978 716 5043 ὄντα,
757 4979 907 5046 διέϐη
937 4993 950 5007 ’
985 4980 1012 5029 ὀ
1060 4978 1116 5028 δὲ
1174 4977 1338 5039 πεζὸς
1385 4975 1611 5042 στρατδις
1646 4989 1776 5023 ναυ-

143 5081 284 5137 σὶν,
318 5072 401 5134 ἃς
428 5070 591 5121 αὐτοῦ
617 5068 1021 5138 ναυπηγεῖσθαι
1056 5067 1294 5121 ἐκέλευε.
1330 5067 1467 5127 Τοὺς
1498 5067 1553 5118 δε
1577 5065 1778 5125 ἵππους

138 5172 177 5221 ἀ
202 5144 419 5237 ιςῆκξεν
445 5164 501 5224 ἐς
529 5164 618 5213 τὸν
652 5162 918 5230 ποταμὸν,
948 5161 1207 5227 διαϐῆναι
1248 5161 1312 5211 τά
1361 5158 1775 5225 στρατεύματα.

157 5258 469 5327 Ἐγένετο
522 5255 578 5307 δὲ
625 5255 653 5305 ὀ
734 5255 982 5321 στρατὸςν
1022 5251 1179 5313 οὗτος
1243 5250 1337 5300 τοῦ
1397 5249 1664 5318 βασιλέως
1722 5249 1779 5309 ἐς

142 5348 613 5407 πεντεκαίδεκα
642 5345 911 5415 μυριάδας
946 5345 1255 5397 ίππέων.’0
1288 5345 1395 5411 γὰρ
1438 5342 1502 5411 δὴ
1549 5340 1777 5409 στρατὸς

132 5442 373 5507 οὗτος,
444 5439 583 5507 πλὴν
649 5439 758 5491 τῶν
818 5436 1112 5507 νεηλύδων,
1179 5438 1272 5487 καὶ
1339 5434 1666 5497 Ἀζαπίδων,
1725 5433 1776 5484 οἳ

136 5536 336 5604 τιτῷ
381 5532 783 5599 παραγίνονται
820 5532 877 5593 ἐς
906 5534 998 5582 τὸν
1053 5530 1314 5598 πόλεμον,
1384 5529 1542 5590 πεζοὶ
1597 5526 1771 5589 ὄντες,

1294 5620 1507 5687 χρείαν,
1565 5618 1767 5686 παρείη

128 5633 257 5685 καὶ
312 5630 448 5677 ὅσοι
490 5623 836 5690 ὑπουργῆσαι
883 5619 1030 5689 αὐτῴ
1079 5620 1147 5670 τὰ
1179 5622 1234 5681 ἐς

1875 2041 1960 2079 ne.
1998 2026 2175 2079 Audio
2233 2039 2350 2079 eam
2409 2022 2704 2093 regionem,
2770 2024 2815 2078 si
2876 2025 3001 2094 quis
3051 2024 3444 2092 longitudinem

1871 2119 2201 2183 consideret,
2222 2119 2288 2171 ab
2306 2118 2670 2171 Triballorum
2714 2119 2933 2187 regione
2952 2127 2997 2171 et
3027 2117 3303 2189 Dorobyza
3345 2117 3447 2171 ilu-

1872 2214 1961 2267 vio
1983 2228 2043 2267 se
2069 2211 2365 2267 extendere
2404 2226 2577 2279 usque
2606 2211 2671 2263 ad
2700 2210 2953 2265 Sandalis
2986 2211 3285 2280 regionem,
3305 2220 3359 2265 et
3378 2212 3445 2265 ad

1872 2305 2085 2360 Ionium
2110 2304 2287 2358 sinum
2332 2303 2523 2358 stadiis
2538 2302 2884 2373 octingentis.
2910 2299 3160 2356 Latitudo
3195 2318 3322 2357 vero
3357 2318 3445 2357 re-

1872 2399 2069 2469 gionis,
2090 2413 2195 2466 qua
2224 2397 2464 2452 excurrit
2488 2399 2553 2451 ad
2584 2393 2869 2449 Pannones
2890 2405 2945 2450 et
2976 2393 3269 2457 Triballos,
3294 2409 3445 2449 com-

1873 2490 2129 2560 pleCtitur
2168 2488 2279 2544 duo
2338 2489 2502 2543 millia
2548 2487 2876 2544 stadiorum.
2920 2488 2964 2540 Α
3023 2486 3279 2541 Triballis
3305 2487 3443 2541 inci-

1872 2582 1951 2652 pit
1982 2582 2134 2652 regio
2166 2580 2338 2636 lsaaci
2361 2599 2373 2633 :
2400 2582 2540 2635 hanc
2583 2580 2787 2649 excipit
2844 2578 3042 2634 deinde
3084 2577 3240 2632 Pauli
3272 2580 3441 2649 regio,

1871 2675 2031 2745 cujus
2062 2674 2224 2729 urbes
2248 2689 2305 2728 se
2333 2674 2617 2744 porrigunt
2647 2688 2821 2742 usque
2882 2674 2935 2726 in
2961 2672 3100 2728 hanc
3157 2673 3298 2741 regis
3321 2672 3444 2742 lily-

1873 2769 2081 2823 riorum
2120 2768 2419 2837 regionem.
2455 2766 2519 2820 ili
2551 2767 2767 2836 quidem
2795 2767 2907 2837 jam
2940 2776 3065 2821 ante
3084 2766 3284 2821 bellum
3324 2782 3442 2835 ges--

1875 2872 2056 2915 serant
2086 2876 2207 2914 cum
2233 2877 2376 2930 rege,
2404 2876 2550 2914 nunc
2585 2859 2801 2929 quidem
2829 2859 3106 2922 Triballis,
3140 2874 3286 2912 nunc
3318 2873 3445 2911 vero

1876 2953 2226 3008 Panuouibus
2291 2955 2730 3007 aillizeresceutes
2780 2971 2791 3003 :
2861 2962 3058 3006 etcum
3119 2952 3449 3005 adducerent

1875 3045 2105 3109 Turcos,
2148 3047 2422 3114 regionem
2469 3044 2678 3115 Illytico
2739 3043 2967 3097 allusam
3023 3044 3445 3113 populabantur,

1875 3138 2187 3204 bellumque
2230 3136 2283 3189 in
2318 3133 2593 3189 Triballos
2648 3136 2987 3189 avertebant.
3016 3134 3287 3188 Caeterum
3322 3135 3447 3188 Tri-

1874 3228 2145 3283 ballorum
2185 3230 2433 3296 princeps
2492 3228 2688 3280 bellum
2742 3238 2928 3280 contra
2960 3228 3059 3281 IIOS
3120 3228 3444 3296 suscipiens.

1877 3321 2040 3373 urbes
2067 3334 2253 3372 eorum
2285 3317 2603 3371 obsidebat:
2635 3328 2688 3370 et
2711 3316 2909 3371 fmdera
2935 3332 3056 3371 cum
3091 3318 3156 3370 iis
3185 3332 3446 3387 pangcns,

1872 3411 2089 3463 tandem
2121 3428 2177 3464 se
2217 3423 2464 3478 pacatum
2494 3408 2804 3464 exhibebat.
2831 3408 3003 3463 Etiam
3034 3408 3295 3464 Sandales
3350 3412 3449 3465 lics

1874 3507 2034 3549 antea
2068 3495 2206 3549 bello
2231 3495 2587 3564 appetiverat,
2618 3504 2671 3549 et
2698 3497 2879 3549 accito
2924 3494 3068 3565 regis
3086 3497 3326 3549 exercitu
3362 3497 3445 3566 ip-

1875 3603 2060 3642 sorum
2087 3602 2247 3658 agros
2279 3588 2585 3655 evastabat.
2620 3587 2757 3640 Cum
2787 3596 2970 3641 autem
3037 3588 3088 3640 lii
3121 3589 3219 3642 soli
3260 3604 3449 3657 perpe-

1875 3682 1983 3734 tuis
2016 3682 2159 3734 inter
2182 3696 2243 3735 se
2294 3680 2625 3742 dissiderent
2674 3681 2899 3741 odiis,et
2950 3681 3092 3749 regis
3134 3683 3447 3752 peregrinos

1872 3784 2236 3834 accerserent,
2294 3773 2524 3839 propria:
2573 3772 2777 3841 regioni
2836 3772 3131 3841 plurimum
3162 3773 3449 3827 calamita-

1873 3865 1942 3917 tis
1975 3866 2320 3918 invexerunt.
2358 3863 2488 3916 Nam
2554 3866 2823 3933 mancipia
2874 3865 3105 3933 plurima
3156 3865 3278 3919 belli
3330 3864 3449 3932 iure

1873 3957 2101 4012 subinde
2159 3972 2188 4009 a
2256 3957 2515 4013 militibus
2572 3957 2944 4022 capiebantur,
2997 3957 3445 4026 dcportabantur.

1874 4048 2136 4102 Prrctcrea
2166 4061 2219 4102 et
2260 4065 2322 4103 ea
2379 4049 2528 4114 regio
2583 4050 2668 4103 vel
2728 4050 3021 4102 maximam
3068 4051 3449 4119 experiebatur

1870 4143 2253 4195 vastationem.
2276 4140 2477 4197 Eadem
2514 4152 2835 4211 tempestate
2884 4144 3098 4197 lsaacus
3132 4153 3184 4197 et
3244 4142 3447 4197 Paulus

1874 4233 2189 4286 societatem
2221 4233 2505 4298 facientes,
2546 4235 2811 4287 auxilium
2868 4234 3268 4302 pollicebantur
3324 4235 3448 4306 Illy-

1875 4326 2082 4379 riorum
2116 4326 2249 4396 regi.
2282 4326 2414 4380 Nam
2440 4331 2839 4382 constituerant
2861 4336 2914 4381 et
2941 4327 3043 4396 ipsi
3071 4327 3266 4380 bellum
3302 4328 3450 4381 india

1878 4435 2003 4473 cere
2040 4422 2175 4487 regi,
2222 4422 2266 4475 si
2305 4423 2601 4473 Pannoucs
2628 4421 2831 4488 aliquid
2863 4424 2986 4475 novi
3016 4431 3202 4475 contra
3235 4420 3447 4476 Turcos

1879 4513 2226 4568 molirentur.

1945 4690 2081 4757 Rex,
2130 4690 2182 4743 in
2232 4691 2476 4744 militiam
2531 4689 2827 4759 profectus,
2868 4692 3079 4761 trajecit
3114 4692 3446 4765 Dorobyzam

1874 4784 2121 4850 ﬂuvium,
2161 4784 2254 4853 qui
2297 4783 2565 4839 Triballos
2594 4794 2647 4838 et
2675 4784 2884 4855 Illyrius
2931 4786 3158 4839 dirimit.
3196 4789 3449 4857 Progres-

1879 4895 1972 4932 sus
1998 4879 2214 4940 deiutle,
2255 4879 2402 4931 venit
2440 4880 2504 4931 ad
2562 4878 2863 4947 Illyrissum
2896 4877 3119 4938 ﬂuvium
3167 4881 3447 4949 navigabi-

1881 4972 2005 5037 lem,
2033 4988 2191 5040 quem
2228 4973 2508 5039 superavit
2555 4970 2789 5039 pedestri
2842 4973 3084 5025 excrcitu
3135 4979 3449 5025 ιιτιηδνοιοιυ

1883 5043 2112 5114 navibus
2165 5076 2301 5129 quas
2376 5060 2573 5113 ibidem
2642 5058 2901 5113 fabricari
2952 5061 3211 5129 jusserat.
3268 5061 3449 5128 Equus

1880 5166 2061 5207 autem
2098 5153 2148 5204 iu
2180 5152 2402 5205 ﬂumine
2444 5152 2687 5221 reliquit,
2729 5152 2900 5205 donec
2950 5155 3135 5219 copias
3171 5162 3447 5220 transpor-

1881 5257 2037 5300 taret.
2074 5246 2213 5298 Tum
2264 5247 2527 5313 temporis
2580 5245 2632 5297 in
2676 5246 2842 5297 armis
2900 5245 3159 5298 habuisse
3204 5246 3450 5299 creditur

1880 5354 1973 5391 rex
2013 5338 2324 5403 quindecim
2355 5337 2625 5405 inyriades
2664 5339 2928 5405 equitum,
2979 5348 3174 5407 praeter
3206 5342 3449 5406 peregri-

1883 5446 1983 5483 nos
2040 5438 2093 5482 et
2143 5429 2409 5497 Azapides
2466 5429 2714 5497 pedestre
2770 5430 2955 5492 robur,
3005 5430 3255 5497 quicum
3302 5430 3355 5481 iu
3401 5430 3451 5481 id

1880 5522 2078 5576 bellum
2112 5522 2500 5590 sequebantur.
2543 5519 2743 5573 Aderat
2785 5531 2837 5573 et
2866 5521 2967 5573 alia
2999 5521 3280 5574 hominum
3315 5524 3454 5573 mul-

1880 5616 2053 5668 titudo
2086 5613 2292 5666 inutilis
2322 5614 2384 5665 ad
2418 5627 2567 5664 arma
2589 5629 2602 5677 ;
2628 5628 2749 5680 quae
2796 5624 3083 5681 oropterea
3109 5614 3449 5668 comitaban-

1480 5754 1725 5815 Notulze
1773 5752 2178 5826 marginales.

224 5895 279 5924 δέ
336 5888 633 5957 Ἱύύρκων.
712 5888 755 5917 ⁵³
811 5887 1303 5957 ﬁndunt/ica;

1384 5885 1426 5915 ”
1468 5882 1988 5953 Ἐκστρατευμὲνος.

2074 5882 2116 5912 ἰθ
2150 5883 2467 5953 Δοὸοϐίκην.
2520 5882 2606 5936 Sir
2629 5883 2785 5936 etiam
2832 5881 2894 5935 li.
