4866 6594
549 367 649 429 529

1615 373 1714 432 DE
1752 374 2009 436 REBUS
2048 377 2413 442 TURCICIS
2444 384 2591 448 LIB.
2630 388 2703 451 X;

3660 397 3765 459 530

548 496 726 543 στους,
756 480 895 534 ὥστε
950 482 1240 545 διαϐάντας
1290 484 1381 538 τὸν
1430 488 1674 553 ποταμὸν
1732 486 1895 557 ἔργον
1953 486 2397 557 μέγαΔΠιιιηθη
2445 513 2470 550 e

1853 506 1895 541 ιν
1953 486 2397 557 μέγαΔαιιιηθιι
2445 499 2533 552 cui
2573 513 2770 554 nomen
2796 510 2996 556 est.....
3047 503 3096 558 Is
3144 502 3344 557 ﬂuvius
3413 505 3628 559 navium
3658 521 3775 560 erat

547 573 879 642 ιργάσασθαι
935 575 1162 643 βασιλεῖ,
1221 575 1579 640 συλλαϐόντας
1638 579 1911 648 Ἰλλυριῶν
1950 580 2100 649 βασι·

544 665 660 729 λέα,
694 665 845 732 [lays
897 667 1071 718 τοιάδε
1094 685 1107 699 ο
1148 668 1377 736 Ἀνδρες
1421 668 1672 736 Τοῦρκοι,
1706 670 1798 725 νῦν
1842 689 1922 733 τις
1948 670 2099 738 ὑμῶν

542 759 771 821 ἕκαστος
796 759 974 810 αὐτῶν
1004 760 1225 828 φανήτω
1254 760 1391 831 ἀνὴρ
1425 762 1649 828 ἀγαθὸς,
1680 764 1925 833 ποταμὸν
1950 764 2098 816 τόνδε

544 850 682 920 πεξῇ
731 852 922 914 διαϐάς
953 868 969 883 ο
1019 853 1079 904 οὐ
1120 853 1226 923 γὰρ
1284 854 1508 923 μελήσει
1556 854 1703 923 αὐτῷ
1757 873 1863 908 τινι
1897 856 2099 925 πρώτῳ

541 943 808 1006 διαϐάντι,
852 943 926 1012 μὴ
961 943 1102 1011 μέγα
1157 961 1208 997 τι
1252 945 1571 998 ἀποίσεσθαι
1614 947 1765 1017 παρά
1815 948 2098 1017 βασιλέως.

545 1037 733 1089 Ταῦτα
771 1038 1040 1099 εἰπόντος,
1073 1037 1372 1110 ἐπειρῶντο
1423 1039 1721 1092 διαϐαίνειν
1769 1042 1816 1092 oi
1866 1041 1961 1093 τοῦ
2008 1040 2103 1110 βα-

551 1130 762 1192 σιλέως.
810 1130 1075 1183 Ἐνταῦοα
1115 1131 1178 1200 δὴ
1242 1133 1453 1198 πρῶτος
1496 1131 1714 1199 λέγεται
1775 1136 2019 1204 Ὀμάρης
2076 1138 2104 1188 6

544 1221 905 1289 Τουραχάνεω
967 1224 1114 1283 παῖς,
1173 1221 1470 1285 Θετταλίας
1519 1224 1781 1294 ὕπαρχος,
1834 1227 1931 1278 σὺν
1994 1229 2105 1291 τοῖς

542 1312 679 1378 ἀμφ’
729 1312 888 1363 αὑτὸν
932 1312 1247 1375 ἐλαύνοντες
1291 1314 1574 1367 εἰσέπεσον
1620 1316 1676 1378 ἐς
1720 1318 1812 1369 τὸν
1842 1319 2105 1387 ποταμὸν,

543 1408 640 1455 καὶ
673 1402 844 1473 βραχύ
875 1421 925 1455 τι
970 1404 1367 1473 διανηχόμενοι,
1399 1405 1689 1460 διέϐαινον.
1723 1408 1830 1460 Καὶ
1858 1410 1884 1460 6
1917 1410 2107 1472 λοιπὸς

545 1500 663 1565 ἃμα
696 1498 921 1567 στρατὸς
969 1497 1167 1557 αὐτίκα
1196 1496 1452 1549 διέϐαινε.
1493 1498 1789 1562 Διαῦἀντες
1823 1501 1878 1552 δὲ
1907 1500 2109 1553 αὐτίκα

542 1589 857 1658 ἐπέδραμον
914 1586 1135 1658 χώραν,
1195 1588 1334 1641 ὥστε
1392 1588 1488 1641 τὸν
1549 1589 1827 1659 Ἰλλυριῶν
1887 1591 2110 1661 βασιλέα

543 1683 820 1744 δείσαντα,
856 1682 931 1751 μὴ
983 1681 1040 1743 ἐς
1083 1681 1260 1750 φυγὴν
1290 1680 1655 1751 τραπόμενον,
1691 1682 2111 1745 ἐπεισπεσόντες

541 1775 594 1825 οἱ
626 1773 973 1842 ἱπποδρόμοι,
1001 1772 1375 1834 καταλάὸωσι,
1407 1774 1503 1826 καὶ
1539 1774 1635 1825 ὀπὶ
1675 1772 1919 1826 κίνδυνον
1940 1773 2112 1827 ἔλθω-

548 1886 657 1919 σιν.
695 1867 755 1918 Εἰ
778 1866 833 1918 δὲ
867 1866 1015 1933 αὐτῷ
1047 1865 1120 1935 μὴ
1167 1864 1421 1935 ληφθείη,
1450 1865 1729 1934 οἰχόμενος
1774 1864 2113 1929 ἀνασώζεται

544 1962 603 2020 ἐς
642 1960 793 2012 πόλιν
841 1959 1006 2012 αὑτοῦ
1039 1976 1182 2021 τινα,
1216 1957 1386 2027 ὄνομα
1427 1958 1643 2026 Κλιτίη.
1678 1958 2021 2027 Καταφυγὼν
2060 1960 2113 2011 δὲ

548 2052 921 2120 πολιορκιῖται
954 2050 1057 2104 ὑπὸ
1105 2051 1534 2123 Μαχουμούτεω.
1583 2052 1647 2104 Ἡ
1678 2052 1733 2104 δὲ
1765 2052 1918 2114 πόλις
1955 2054 2116 2105 οἰκεῖ-

544 2165 641 2199 ται
675 2148 772 2216 μὲν
800 2148 856 2197 ἰν
886 2146 1067 2216 χωρίῳ
1114 2148 1217 2199 ⁴ιινί
1266 2146 1474 2209 tribe“,
1510 2146 1599 2199 καὶ
1647 2146 1744 2216 ἕλη
1779 2146 1909 2217 παρ’
1948 2146 2117 2217 αὐτὴν

550 2240 790 2309 μεγάλα,
835 2239 921 2293 διὰ
966 2236 1159 2291 πολλοῦ
1204 2238 1561 2301 διατείναντα,
1590 2239 1793 2309 ἐχυρὰν
1834 2240 1999 2304 ποιεῖ,
2025 2248 2119 2292 και

544 2334 609 2384 οὐ
644 2332 894 2400 βασιμον.
934 2330 1067 2382 Τότε
1104 2331 1159 2383 δὲ
1208 2330 1313 2382 ὑπὸ
1353 2330 1638 2399 καύματος
1665 2330 2114 2400 ἀποξηρούμενὸν

544 2443 609 2476 τε
644 2420 712 2494 ἦν
759 2423 818 2479 τὸ
867 2423 1061 2493 χωρίον
1116 2424 1282 2477 ἆπαν.
1317 2423 1427 2478 Καὶ
1476 2423 1747 2487 ἐπελάσας
1799 2426 1826 2477 6
1866 2423 2116 2494 στρατὸς,

546 2520 860 2591 ἐπολιόρκει
898 2520 998 2587 τὴν
1039 2518 1214 2582 πόλιν,
1253 2520 1347 2571 καὶ
1381 2520 1648 2588 κάλαμον,
1677 2517 1734 2581 ὃς
1781 2517 2012 2586 ἄφθονος,
2049 2514 2116 2587 ἧν

548 2613 709 2683 παρὰ
754 2611 853 2681 τὴν
908 2612 1081 2676 πόλιν,
1138 2611 1523 2673 ὲπιπίπτοντες
1567 2612 1851 2680 διεφόρουν
1910 2616 1965 2674 ὲς
2020 2612 2119 2680 τὴν

546 2710 780 2774 τάφρον,
807 2705 879 2767 ὡς
910 2704 1020 2774 πῦρ
1053 2705 1338 2772 ἐνήσοντες
1372 2706 1427 2766 ὲς
1457 2705 1548 2755 τὸν
1596 2692 1867 2772 κάλαμον,
1897 2705 1989 2756 καὶ
2033 2705 2119 2757 διὰ

553 2795 645 2846 τοῦ
701 2794 871 2862 πυρδς
924 2792 1246 2863 αἱρήσοντες
1307 2810 1365 2843 τε
1417 2792 1543 2853 τοὺς
1601 2793 1659 2843 ἐν
1718 2794 1783 2861 τῇ
1824 2791 1995 2855 πόλει,
2029 2790 2121 2861 βίᾳ

548 2888 789 2947 ἄκοντας
833 2888 887 2947 ἐς
937 2868 1227 2954 όμολολίὶαν
1280 2882 1778 2952 παραστησάμενοι.
1812 2879 1995 2934 Ταῦτα
2027 2882 2123 2950 μὲν

552 2978 879 3047 εἰσορῶντες
906 2979 953 3030 οἱ
984 2975 1075 3029 τοῦ
1108 2975 1371 3043 Ἰλλυριοῦ
1414 2974 1764 3043 στρατιῶται,
1804 2974 1896 3026 καὶ
1928 2976 1976 3025 οἱ
2026 2975 2122 3041 τῆς

552 3073 791 3133 πόλεως,
836 3073 928 3122 καὶ
965 3069 1202 3138 οἰόμενοι
1237 3070 1311 3136 μὴ
1352 3066 1417 3121 ἂν
1473 3064 1798 3134 δυνήσεσθαι
1846 3063 1936 3116 ἐπὶ
1987 3062 2119 3117 πολὺ

2202 587 2431 653 patiens,
2476 599 2529 644 et
2580 608 2730 661 spem
2760 609 2975 648 omnem
3010 595 3063 648 in
3094 610 3160 649 eo
3211 596 3371 650 sitam
3403 595 3643 666 ponebat
3674 613 3767 651 rex

2203 679 2525 749 Illyriorum.
2565 682 2701 737 Nam
2748 701 2873 740 cum
2926 687 3085 741 nullae
3124 702 3289 741 naves
3334 704 3543 757 magme
3574 698 3773 757 praasto

2204 786 2409 839 essent,
2442 777 2666 844 putabat
2721 794 2900 849 regem
2953 796 3229 851 nunquam
3265 796 3330 835 eo
3356 782 3596 836 audaciae
3639 798 3769 852 pro-

2207 882 2549 934 gressurum,
2596 880 2654 924 ut
2693 870 2744 925 id
2790 873 3048 929 transiret
3095 890 3206 943 quo
3241 888 3425 928 secum
3452 874 3651 928 bellum
3684 890 3773 943 ge-

2208 968 2370 1012 reret.
2402 957 2469 1013 Ut
2492 970 2674 1013 autem
2708 976 2831 1016 cum
2866 964 3037 1031 copiis
3065 966 3129 1017 ad
3166 964 3367 1019 ﬂumen
3399 964 3768 1019 Machumetes

2208 1050 2462 1115 accessit,
2517 1052 2652 1105 mire
2703 1052 3036 1118 festinando,
3092 1057 3369 1111 cohortari
3430 1071 3536 1109 non
3565 1053 3776 1109 abstitit

2207 1142 2529 1209 exercitum,
2562 1152 2617 1199 et
2648 1144 2921 1200 exercitus
2951 1145 3142 1209 duces.
3181 1156 3237 1201 ιιι
3268 1146 3776 1213 transgrederentur

2208 1232 2432 1300 ﬂumen,
2467 1237 2687 1306 regique
2720 1255 2856 1307 opus
2887 1239 3321 1305 pnleherrimmn
3349 1236 3648 1303 edicerent,
3685 1252 3777 1291 ea-

2208 1328 2420 1395 pientes
2461 1328 2714 1383 videlicet
2754 1332 3059 1399 Illyriorum
3113 1346 3314 1398 regem.
3344 1329 3435 1383 Sic
3468 1338 3645 1384 autem
3693 1330 3774 1383 Io-

2209 1426 2370 1471 eutus
2419 1419 2589 1472 fertur
2623 1439 2637 1475 :
2670 1418 2784 1474 Viri
2820 1421 3006 1487 Turei,
3061 1436 3205 1474 nunc
3255 1420 3483 1487 quilibet
3536 1431 3773 1474 vestrum

2212 1507 2296 1561 fac
2329 1510 2410 1563 vir
2468 1511 2624 1565 fortis
2681 1521 2959 1581 appareat,
3010 1522 3171 1581 atque
3221 1512 3386 1577 pedes
3436 1512 3633 1565 ﬂumen
3677 1513 3781 1564 hoe

2214 1610 2476 1656 transeat.
2508 1603 2832 1672 Neutiquam
2875 1605 3020 1659 enim
3060 1605 3193 1657 mihi
3232 1606 3457 1657 dubium
3498 1615 3602 1665 est.
3642 1604 3773 1672 quin

2215 1693 2450 1749 maxima
2496 1702 2550 1749 et
2584 1695 2867 1764 splendida
2908 1710 3131 1748 munera
3182 1705 3437 1749 maneant
3479 1712 3623 1758 eum,
3659 1710 3782 1764 qua:

2216 1782 2284 1837 ab
2339 1799 2463 1851 rege
2520 1784 2773 1854 accipiet,
2834 1785 2925 1854 qui
2976 1784 3187 1853 primus
3226 1785 3424 1840 fiumen
3478 1788 3781 1856 superarit.

2221 1873 2315 1928 His
2347 1876 2528 1940 dictis,
2562 1876 2696 1942 regii
2738 1877 2935 1931 milites
2965 1877 3201 1931 mnium
3227 1878 3407 1932 studio
3442 1880 3785 1933 conabantur

2219 1968 2520 2036 transgredi
2563 1967 2785 2022 ﬂumen.
2842 1967 2915 2022 Ibi
2981 1978 3093 2022 tum
3150 1969 3375 2034 primus,
3416 1978 3475 2023 ut
3528 1970 3783 2033 traditur,

2219 2060 2445 2114 Ornares
2499 2056 2841 2113 Turaehanis
2893 2057 3059 2121 filius.
3116 2058 3411 2113 Thessalia:
3467 2060 3779 2128 praefectus.

2219 2164 2342 2205 cum
2373 2148 2490 2204 suis
2528 2150 2686 2203 irruit
2745 2149 2797 2202 in
2866 2147 3104 2215 ﬂumen;
3165 2150 3258 2219 qui
3314 2151 3591 2219 paululum
3624 2153 3784 2204 modo

2220 2248 2519 2305 natantes,
2628 2239 2829 2295 ﬂumen
2918 2252 3268 2311 superarunt.
3374 2242 3483 2298 IIos
3563 2253 3787 2297 secutus

2219 2344 2322 2400 est,
2383 2334 2498 2404 pari
2553 2350 2812 2389 successu
2878 2350 3037 2399 usus,
3083 2345 3137 2390 et
3194 2336 3432 2406 reliquus
3492 2338 3786 2392 exercitus.

2220 2425 2439 2494 Egressi
2470 2422 2713 2487 nurnine,
2766 2425 2911 2480 illico
2963 2425 3214 2482 invasere
3263 2443 3447 2498 agros.
3514 2429 3654 2484 lIinc
3692 2447 3788 2485 rex

2223 2515 2556 2586 Illyricorum
2626 2517 2845 2583 timens,
2904 2531 2971 2571 ne
3038 2519 3083 2573 si
3141 2520 3194 2573 in
3244 2520 3423 2591 fugam
3459 2530 3788 2583 verteretur,

2220 2608 2461 2674 equitum
2503 2608 2734 2663 adventu
2769 2624 3088 2679 oppressus,
3143 2610 3197 2664 in
3249 2613 3544 2666 maximum
3576 2613 3792 2682 pericu-

2224 2701 2332 2753 Inm
2366 2700 2601 2764 veniret,
2635 2717 2693 2756 se
2720 2703 2947 2772 recepit,
2979 2712 3040 2757 ut
3086 2704 3378 2759 incolumis
3414 2719 3652 2774 prasens
3678 2705 3794 2760 dis-

2224 2792 2433 2847 crimen
2491 2793 2763 2858 evaderet,
2818 2795 2871 2848 iu
2925 2795 3111 2849 urbem
3148 2796 3436 2864 quamdam
3469 2811 3537 2849 eo
3568 2796 3674 2850 loci
3713 2796 3793 2850 si-

2224 2893 2333 2939 tam
2418 2886 2638 2940 nomine
2693 2885 2932 2941 Clitiam.
3002 2889 3205 2942 Verum
3258 2887 3628 2943 Machumetes
3669 2903 3790 2942 cum

2224 2977 2471 3032 exercitu
2501 2977 2911 3045 superveniens,
2975 2992 3095 3030 eam
3146 2979 3335 3033 urbem
3379 2978 3664 3032 obsidione
3687 2978 3794 3031 cir-

2227 3068 2519 3123 cumdedit.
2560 3068 2725 3124 Urbis
2774 3068 2895 3138 ejus
2962 3070 3102 3123 situs
3153 3077 3237 3124 est
3297 3070 3348 3123 in
3386 3069 3506 3123 loco
3541 3069 3792 3139 palustri,

551 3167 810 3234 ἀντέχειν
855 3160 1338 3230 πολιορκούμενοι,
1398 3158 1743 3227 προσέφερον
1797 3155 1989 3222 λόγους
2049 3155 2125 3224 τῷ
2151 3160 2194 3217 C
2228 3172 2281 3216 et
2317 3162 2369 3217 in
2400 3162 2473 3216 cir

1874 3173 1989 3222 [ους
2049 3155 2125 3224 τῷ
2151 3160 2194 3217 C
2228 3172 2281 3216 et
2317 3162 2369 3217 in
2400 3162 2632 3217 circuitu
2663 3161 2888 3232 paludes
2921 3162 3168 3216 visuntur
3213 3162 3373 3232 longe
3402 3163 3637 3231 lateque,
3675 3179 3796 3231 qua:

553 3260 951 3332 Μαχουμούτῃ,
997 3259 1071 3321 ὡς
1115 3260 1252 3325 σφᾶς
1308 3274 1365 3310 τε
1421 3256 1618 3316 αὐτοὺς
1674 3252 2121 3322 παραδώσοντας,

554 3357 651 3406 καὶ
683 3354 768 3421 ἐφ’
798 3347 839 3419 ᾧ
876 3352 1101 3421 βασιλέα
1135 3349 1286 3418 σφῶν
1330 3347 1510 3401 αὐτῶν
1556 3346 1842 3416 μηδοτιοῦν
1890 3345 2123 3415 χαλεπὸν

552 3443 845 3495 πείσεσθαι
876 3443 979 3494 ὑπὸ
1009 3440 1288 3510 βασιλέως,
1328 3438 1719 3508 προσχωρῆσαί
1748 3456 1830 3501 τε,
1864 3437 1929 3506 ἢν
1962 3437 2126 3505 ὅρκια

552 3537 773 3604 γένοιτό
822 3536 892 3596 oi,
937 3536 1021 3602 ἐφ’
1168 3531 1373 3600 ἀγαθὸν
1419 3530 1539 3598 μὲν,
1584 3530 1817 3599 χαλεπὸν
1860 3528 1915 3581 δὲ
1963 3528 2127 3597 μηδὲν

554 3631 865 3699 ὑποστῆναι
912 3628 1017 3679 ὑπὸ
1064 3626 1340 3696 Τούρκων.
1371 3622 1557 3675 Ταῦτα
1604 3622 1999 3692 προϊσχομένου
2033 3618 2127 3670 τοῦ

565 3720 862 3790 Ἰλλυριοῦ,
892 3719 1100 3788 ἐδέχετό
1144 3733 1203 3771 τε
1253 3721 1279 3770 6
1331 3714 1732 3785 Μαχουμούτης
1793 3715 1884 3767 καὶ
1930 3712 2127 3764 ἐσπέν-

552 3818 711 3868 δετο.
741 3816 967 3883 Ὅρκιον
998 3812 1053 3863 δὲ
1082 3810 1227 3880 αὐτῷ
1278 3811 1645 3879 ποιησάμενος
1674 3809 1758 3875 ἐφ’
1790 3801 1869 3870 οἷς
1905 3804 2129 3876 προύτι-

552 3912 713 3970 οετο,
739 3907 829 3959 τόν
858 3924 916 3958 τε
951 3904 1171 3974 βασιλέα
1222 3902 1431 3967 ἐξιόντα
1461 3905 1525 3953 ὲκ
1570 3903 1667 3969 τῆς
1699 3898 1929 3960 πόλεως,
1960 3896 2131 3965 παρέ-

552 4001 700 4052 λαῦἑ
732 4018 789 4050 τε
823 3999 919 4068 τὴν
952 3997 1123 4058 πόλιν,
1160 3997 1252 4048 καὶ
1282 3995 1341 4046 τὸ
1373 3994 1470 4063 μὲν
1504 3995 1561 4044 ὲν
1593 3995 1658 4061 τῇ
1690 3993 1843 4043 πόλει
1896 3991 1953 4053 ὲς
2000 3988 2131 4057 τρία

552 4093 896 4159 διελόμενος,
931 4092 989 4143 τὸ
1042 4089 1139 4159 μὲν
1205 4089 1370 4141 αὑτοῦ
1416 4086 1700 4151 κατέλιπε,
1753 4085 1813 4137 τδ
1864 4085 1919 4136 δὲ
1969 4082 2129 4144 αὐτὸς

557 4187 672 4237 σὺν
703 4184 795 4235 καὶ
824 4186 933 4245 τοῖς
961 4182 1202 4251 ἀρίστοις
1232 4180 1667 4248 διανειμάμενος,
1696 4176 1755 4228 τὸ
1788 4175 1970 4244 τρίτον
1996 4175 2132 4227 ἐπά-

554 4295 685 4343 γων
717 4276 793 4344 τῷ
832 4276 1040 4343 βασιλεῖ
1073 4273 1403 4342 ἐδωρήσατο.

562 4370 787 4423 \eniam
827 4370 979 4421 daret
1009 4367 1137 4435 :qui
1186 4380 1404 4434 quoque
1448 4365 1796 4431 semetipsqu
1847 4361 2131 4415 dediturus
2169 4360 2265 4422 sit,
2312 4359 2359 4413 si
2402 4356 2758 4428 jurisjurandi
2813 4355 3002 4423 religio
3040 4356 3366 4409 interveniat
3398 4374 3410 4408 :
3444 4371 3550 4422 qua

2228 3254 2413 3309 urbem
2444 3254 2708 3309 munitam
2765 3263 2818 3308 et
2866 3255 3015 3309 aditu
3068 3253 3345 3309 difficilem
3400 3258 3663 3324 praebent.
3721 3256 3796 3308 Eo

2227 3357 2467 3417 tempore
2495 3347 2648 3401 locus
2695 3346 2786 3400 ille
2835 3346 3123 3401 universus
3150 3348 3422 3401 solaribns
3454 3348 3626 3401 radiis
3658 3363 3794 3400 exu-

2226 3450 2345 3491 stus
2381 3446 2694 3491 exaruerat.
2752 3436 3044 3501 Caeterum,
3105 3437 3188 3490 his
3253 3436 3386 3490 nihil
3428 3438 3561 3490 moti
3598 3437 3798 3489 milites

2235 3528 2604 3595 Machumetis,
2635 3529 2925 3593 accedunt,
2967 3543 3199 3597 eamque
3243 3528 3532 3583 obsidione
3563 3529 3801 3582 circnm-

2232 3621 2473 3675 veniunt.
2524 3620 2885 3684 Arundiuem,
2917 3635 3037 3689 qua:
3069 3619 3298 3690 plurima
3347 3620 3420 3673 ibi
3466 3629 3625 3675 enata
3661 3629 3795 3678 erat.

2234 3712 2569 3774 excidentes,
2625 3713 3043 3780 comportabant
3120 3711 3175 3764 in
3262 3709 3483 3775 fossam,
3559 3718 3617 3762 ut
3677 3711 3801 3778 igne

2232 3805 2426 3859 deinde
2472 3804 2695 3873 injecto,
2738 3802 2820 3857 vel
2866 3803 2919 3858 vi
2968 3802 3185 3857 tandem
3221 3802 3382 3855 etiam
3421 3802 3612 3856 invitos
3648 3801 3802 3869 Oppi-

2234 3898 2402 3950 danos
2431 3895 2483 3948 in
2517 3895 2778 3949 ditionem
2805 3894 3131 3962 redigerent.
3157 3892 3280 3948 Ilaec
3310 3893 3489 3963 parari
3516 3903 3802 3947 cernentes

2233 3990 2379 4044 cives
2406 3987 2577 4050 urbis,
2621 3996 2674 4040 et
2704 3987 2871 4057 Illyrii
2906 3986 3128 4050 milites,
3157 3986 3558 4053 credentcsque
3589 4002 3649 4039 se
3690 4002 3795 4038 non

2236 4082 2326 4135 diu
2358 4096 2516 4149 posse
2549 4080 2802 4133 resistere
2841 4080 3050 4133 viribus
3103 4078 3436 4141 Tureorum,
3475 4081 3681 4148 legatos
3735 4080 3801 4130 ad

2240 4173 2629 4228 Maehumetem
2671 4174 2887 4226 mittere
2917 4171 3237 4233 decernunt,
3269 4179 3489 4224 orantes
3528 4180 3585 4223 nt
3628 4172 3678 4223 iu
3709 4171 3804 4223 de—

2240 4266 2503 4320 ditionem
2546 4263 2961 4331 acciperentur;
3013 4269 3259 4331 petentes
3309 4274 3565 4330 prmterea
3603 4270 3661 4314 ut
3694 4260 3802 4330 regi

3648 4367 3807 4407 Inter-

554 4464 825 4525 cedeute,
854 4462 905 4512 in
945 4476 1093 4529 spem
1132 4459 1388 4527 erigatur.
1427 4471 1485 4509 se
1518 4454 1651 4508 nihil
1687 4452 1815 4507 mali
1845 4455 1913 4506 ab
1954 4451 2137 4505 l‘urcis
2214 4463 2524 4519 passurum.
2598 4446 2963 4500 Machumetes
3002 4444 3209 4529 Illyrici
3255 4458 3442 4513 preces
3508 4443 3652 4496 haud
3704 4443 3803 4494 ah-

559 4562 720 4614 uuit.
755 4525 1089 4611 Fredus'est
1140 4525 1328 4617 ictum,
1376 4551 1760 4625 jusjuranddm
1837 4559 1919 4604 est
1982 4550 2195 4613 datum,
2237 4542 2700 4616 quemadmodum
2770 4525 3067 4595 oraveraitt
3123 4540 3313 4611 Illyrii.
3371 4540 3610 4593 Tandem
3682 4553 3806 4591 cum

560 4654 717 4707 urbe
761 4666 1011 4714 egressus
1066 4659 1208 4702 esset
1280 4662 1395 4709 rex,
1435 4645 1620 4698 urbem
1668 4642 1976 4710 occupavit.
2032 4637 2291 4693 Ilomiues
2332 4636 2504 4705 quiin
2549 4636 2683 4688 urbe
2735 4641 2914 4696 erant,
2999 4634 3053 4685 in
3108 4642 3216 4686 tres
3290 4640 3475 4701 partes
3529 4630 3803 4692 secrevit;

557 4759 742 4796 ιιιιςιιιι
776 4741 941 4810 288
970 4740 1163 4793 ibidem
1219 4738 1419 4791 morari
1475 4733 1658 4803 jussit,
1726 4734 1952 4787 alteram
2010 4731 2149 4784 inter
2184 4730 2474 4798 Optimates
2500 4742 2633 4781 suos
2658 4725 2959 4788 distribuit,
2990 4724 3203 4777 tertiam
3232 4722 3461 4775 adduxit
3489 4722 3555 4775 ad
3626 4735 3808 4789 regem

551 4851 624 4893 et
667 4837 849 4889 vident
882 4837 1022 4888 dono
1061 4834 1229 4887 dedit.

648 4926 811 4979 Οὕτω
864 4925 961 4988 μὲν
1014 4921 1107 4977 οὖν
1156 4924 1184 4975 6
1233 4921 1509 4991 Ἱλλυριῶν
1573 4918 1828 4989 βασιλεὺς
1885 4918 2029 4972 ἑάλω
2084 4919 2142 4970 ἐν
2174 4934 2221 4992 ι)
2317 4913 2373 4966 In
2410 4913 2554 4966 hunc

1892 4918 2029 4972 ἑάλω
2084 4919 2142 4970 ἐν
2174 4934 2221 4992 ι)
2317 4913 2373 4966 In
2410 4913 2554 4966 hunc
2583 4909 2802 4963 modum
2861 4907 3059 4979 Illyrici
3125 4921 3215 4959 rex
3274 4915 3463 4973 captus
3515 4914 3599 4959 est
3641 4904 3814 4958 Clitia:

555 5023 802 5089 κλαίῃ,
838 5018 931 5071 καὶ
975 5016 1201 5084 ἀδελφοῦ
1250 5031 1308 5066 τε
1352 5016 1467 5082 ἅμα
1519 5013 1687 5065 αὐτοῦ
1734 5014 1864 5072 παις
1897 5011 2040 5078 ἀμφὶ
2072 5010 2141 5063 τὰ
2246 5022 2353 5060 una
2392 5019 2477 5057 eul

1897 5011 2040 5078 ἀμφὶ
2072 5010 2141 5063 τὰ
2246 5022 2353 5060 una
2392 5019 2515 5057 eum
2556 5003 2734 5056 fratris
2783 5002 2912 5063 ﬁlio,
2974 5001 3067 5069 qui
3123 5000 3267 5054 hami
3306 5001 3433 5053 dum
3498 4999 3816 5067 impleverat

550 5114 939 5185 τρισκαίδεκα
980 5114 1072 5178 ἐτη
1125 5108 1386 5177 γεγονώς.
1427 5107 1487 5159 'H
1523 5107 1579 5158 δὲ
1629 5106 1767 5185 γυνὴ
1816 5103 1980 5156 αὑτοῦ
2014 5105 2147 5173 πρό-
2246 5096 2421 5152 aetatis
2461 5111 2472 5148 :

1891 5103 1980 5156 τοῦ
2014 5105 2147 5173 πρό-
2246 5096 2421 5152 etatis
2461 5111 2664 5148 annum
2715 5093 2989 5147 decimum
3044 5093 3283 5145 tertium.
3332 5088 3479 5143 Uxor
3532 5090 3672 5157 regis
3703 5089 3813 5156 (II)

553 5183 744 5277 τερον
773 5206 910 5272 ἔφθη
944 5205 999 5265 ἐς
1033 5201 1349 5283 Ῥαγοξζιον
1382 5198 1557 5259 πόλιν,
1587 5197 1684 5267 τὴν
1732 5184 1789 5257 ἐς
1836 5195 1927 5246 τὸν
1956 5194 2144 5245 Ἰόνιον
2242 5192 2352 5261 jam
2384 5198 2475 5242 aut

1892 5212 1927 5244 ιν
1956 5194 2144 5245 Ἰόνιον
2242 5192 2352 5261 jam
2384 5198 2508 5242 ante
2551 5203 2611 5241 se
2660 5186 2965 5241 contulerat
3018 5185 3377 5251 Rhagusium,
3409 5198 3529 5251 quae
3574 5191 3656 5234 est
3687 5183 3814 5234 urbs

546 5296 954 5363 διαφυγοῦσα,
1003 5296 1098 5345 καὶ
1152 5277 1381 5345 πλοῦτον
1451 5290 1617 5343 πολὺν
1685 5288 2144 5354 ἁπενεγκαμένη’,
2244 5287 2397 5353 juxta
2421 5285 2468 5338 lu

1894 5288 2144 5354 καμένη’.
2244 5287 2397 5353 juxta
2421 5285 2654 5344 Ionium,
2681 5292 2737 5335 ut
2764 5279 3015 5350 praesenti
3039 5279 3341 5333 discrimini
3376 5277 3810 5331 subtraheretur.

548 5389 829 5460 οἶχεσοαι.
898 5386 1088 5456 γνώμῃ
1140 5387 1233 5439 τοῦ
1294 5384 1505 5452 ἀνδρός.
1560 5380 1627 5433 Ἦ
1682 5380 1741 5432 δὲ
1791 5379 1946 5441 πόλις
2001 5378 2144 5444 αὕτη
2251 5377 2470 5430 Plurim:

1889 5396 1946 5441 ,ις
2001 5378 2144 5444 αὕτη
2251 5377 2522 5430 Plui-imas
2560 5391 2626 5429 eo
2674 5382 3007 5426 convexerat
3051 5387 3183 5441 opes
3229 5370 3459 5424 consilio
3516 5368 3639 5421 viri.
3682 5366 3811 5419 Eam

550 5485 823 5553 ᾤκισται
856 5479 953 5547 μὲν
981 5478 1084 5530 ὑπὸ
1114 5477 1221 5530 τῶν
1270 5478 1440 5546 ταύτῃ
1479 5473 1754 5542 Ἰλλυριῶν
1785 5469 1997 5540 ἀνδρῶν
2027 5471 2143 5521 ἐπι·
2254 5470 2442 5522 urbem

1889 5469 1997 5540 ρῶν
2027 5471 2143 5521 ὲπι-
2254 5470 2442 5522 urbem
2495 5467 2739 5522 incolunt
2798 5464 2995 5535 Illyrici
3048 5463 3148 5517 viri
3195 5464 3489 5517 admodum
3549 5461 3811 5522 illustres,

1832 5610 2076 5670 Notulee
2108 5609 2514 5687 marginales.

656 5744 704 5797 tl
730 5743 774 5799 I)
804 5739 1035 5863 ιίιρῦιςίτι
1078 5738 1312 5810 des-potae
1347 5739 1474 5794 filia.
1513 5737 1631 5790 IIee
1659 5735 1722 5789 ad
1758 5736 1965 5788 Sixtum
2024 5734 2087 5789 IV
2131 5732 2283 5787 I‘ont.
2321 5734 2385 5787 fil.
2427 5736 2649 5789 Romam
2685 5731 2936 5803 profugit,
2980 5738 3025 5784 et
3057 5730 3119 5783 ad
3154 5736 3377 5782 mortem
3424 5740 3593 5794 usque
3647 5725 3816 5777 henc-

660 5815 745 5863 ite
772 5821 852 5863 est
923 5826 951 5861 a
996 5812 1086 5862 ita.

568 5832 603 5869 δ’
617 5815 701 5867 itit
714 5827 745 5865 ε
772 5821 852 5865 est
884 5812 1086 5863 habita.
