4866 6594
1350 505 1454 567 535

2462 506 2766 566 LAONICI
2803 504 3469 566 CHALCOCONDYLE

4472 498 4575 563 536

1350 620 1432 672 Ad
1477 618 1577 671 hos
1610 633 1889 688 prmeones
1934 618 2164 683 dimisit,
2218 620 2309 689 qui
2340 620 2595 689 juberent
2642 628 2701 672 ut
2754 634 2904 671 suam
2936 619 2980 673 A
3010 617 3229 670 ἔσεσθαι
3264 637 3272 670 ι

2650 628 2701 672 ιιι
2754 634 2904 671 suam
2936 619 2980 673 A
3010 617 3229 670 ἔσεσθαι
3264 618 3463 679 αὐτοὺς
3497 619 3555 670 ὲν
3589 614 3739 685 μέσῳ
3762 612 3857 680 τῆς
3890 610 4152 681 βασιλέως
4194 608 4376 679 χώρας
4422 609 4572 661 ἀντέ-

1350 711 1547 779 singuli
1599 711 1869 779 regionem
1908 710 2020 782 regi
2049 712 2323 766 traderent
2350 727 2364 764 :
2388 710 2530 778 quod
2564 708 2609 763 si
2648 708 2908 774 facerent,

1349 805 1472 856 fore
1501 811 1560 855 ut
1601 803 1801 873 singuli
1836 803 1999 857 aliam
2035 804 2311 871 regionem
2355 804 2407 855 in
2440 782 2755 871 Europaab
2787 815 2912 870 rege

1346 894 1682 963 accipereut.
1749 894 2033 964 Principes
2108 896 2208 960 illi,
2268 894 2516 964 persuasi
2600 905 2909 961 praeconum

1343 988 1550 1051 verbis,
1602 990 1931 1055 semetipsos
1955 997 2010 1042 et
2041 987 2317 1056 regionem
2350 986 2465 1055 regi
2508 984 2909 1054 manciparent.

1345 1078 1670 1146 COgitahant
1745 1079 1893 1132 enim
1949 1078 2289 1148 impossibile
2338 1078 2475 1142 fore,
2528 1086 2585 1129 ut
2626 1075 2681 1129 in
2732 1083 2911 1145 poste-

1342 1184 1468 1223 rum
1514 1170 1791 1237 regionem
1843 1184 1997 1224 suam
2033 1168 2324 1224 defendere
2358 1177 2411 1223 et
2469 1168 2633 1221 tutari
2668 1174 2909 1235 possent,

1347 1277 1472 1315 cuin
1520 1262 1757 1327 undique
1801 1264 2149 1333 ciugerentnr
2207 1262 2347 1331 regis
2373 1261 2617 1331 regione,
2649 1260 2805 1329 quasi
2841 1261 2896 1313 in

1340 1351 1524 1406 medio
1576 1352 1904 1408 habitantes.
1967 1351 2164 1407 Verum
2228 1352 2454 1421 proiecti
2486 1352 2539 1407 in
2576 1351 2776 1421 januas
2826 1366 2909 1406 re-

1341 1445 1447 1510 gis,
1505 1446 1607 1499 hac
1658 1445 1972 1500 conditione
2007 1445 2254 1509 adducti,
2286 1445 2626 1502 deditionem
2664 1444 2905 1503 faciunt.

1344 1545 1402 1588 ut
1440 1536 1545 1590 alia
1595 1538 1814 1604 regione
1856 1554 1955 1605 pro
2011 1551 2108 1591 sua
2133 1539 2202 1591 ab
2235 1552 2359 1608 rege
2389 1537 2750 1592 donarentur.
2796 1535 2907 1591 Nec

1340 1630 1521 1683 multo
1554 1639 1676 1696 post
1724 1630 1823 1683 lios
1880 1628 2235 1696 compedibus
2278 1629 2615 1698 compeditos
2679 1629 2907 1684 abduxit

1339 1726 1581 1788 domum,
1648 1723 1811 1777 simul
1862 1722 2026 1778 etiam
2075 1723 2374 1777 exercitum
2425 1721 2657 1777 dimisit.
2701 1721 2902 1791 Regem

1336 1811 1682 1883 Illyricorum
1731 1830 1889 1868 mane
1924 1830 2046 1867 cum
2098 1814 2151 1867 in
2210 1812 2404 1868 castris
2464 1814 2793 1881 quiesceret,
2851 1822 2905 1864 et

1336 1906 1545 1958 abitum
1576 1906 1894 1969 moliretur,
1936 1903 2221 1959 accersivit
2254 1904 2307 1957 in
2336 1914 2687 1973 conspectum
2722 1919 2899 1958 suum.

1337 1997 1443 2062 Qui
1484 2014 1603 2052 cum
1622 1999 1971 2063 intelligeret,
2002 2013 2072 2052 eo
2098 2014 2291 2068 parum
2319 1996 2505 2051 favore
2528 1996 2670 2066 regis
2695 1995 2902 2059 vocari.

1334 2101 1529 2144 tenens
1592 2108 1753 2146 tnanu
1810 2093 2038 2154 litteras,
2093 2092 2291 2158 quibus
2351 2090 2732 2146 continebatur
2780 2089 2905 2160 jus-

1330 2182 1630 2247 jurandum
1691 2185 1757 2236 ab
1790 2183 2129 2238 Maehumete
2149 2184 2357 2247 datum,
2388 2183 2641 2253 prodibat
2676 2189 2736 2237 'ln
2776 2199 2909 2239 con-

1335 2283 1585 2341 apertum
1623 2277 1786 2346 regis.
1813 2276 1883 2332 Ut
1914 2277 1968 2329 in
2001 2287 2349 2345 conspectum
2398 2276 2541 2342 regis
2576 2277 2744 2340 venit,
2785 2291 2911 2348 rege

1333 2367 1635 2436 imperante
1658 2370 1951 2440 caputeius
1983 2370 2266 2440 praecisum
2292 2376 2369 2424 est
2396 2369 2528 2440 (15).
2560 2366 2805 2424 Tradunt
2830 2385 2917 2424 re-

3014 728 3130 780 χειν
3184 711 3240 771 ες
3269 710 3438 771 τέλος.
3477 705 3890 760 Ἀναπεὶθονται
3922 701 4016 757 οὖν
4062 703 4146 773 ἐφ’
4174 697 4217 770 ᾧ
4248 704 4419 772 ἄλλην
4456 704 4577 756 ἀντὶ

3012 801 3110 867 τῆς
3145 801 3414 868 σςρετέρας
3450 799 3630 852 αὐτῶν
3667 815 3819 866 σφισι
3850 796 4104 866 γενέσθαι
4151 797 4254 848 ὑπὸ
4288 795 4575 865 βασιλέως.

3013 891 3124 946 Καὶ
3150 892 3478 961 ἀφικόμενοι
3512 894 3569 955 ες
3596 892 3693 953 τὰς
3721 891 3918 960 θύρας,
3954 890 4053 960 τήν
4086 906 4145 942 τε
4175 889 4358 958 χώραν
4408 888 4577 955 παρέω

3011 983 3193 1037 δοσαν.
3232 985 3339 1039 Καὶ
3363 983 3423 1036 οὗ
3456 983 3638 1054 πο).λῷ
3676 982 3925 1051 ὕστερον,
3978 982 4175 1045 αὐτοὺς
4216 984 4273 1045 ὲς
4323 978 4576 1049 φυλακὴν

3011 1076 3404 1145 ποιησάμενος,
3456 1078 3833 1146 εἰσεκομίζετο
3886 1075 3972 1128 ἐπ’
4024 1076 4192 1138 οῐκου,
4248 1074 4341 1126 καὶ
4372 1071 4468 1124 τόν
4515 1087 4576 1123 τε

3013 1169 3244 1238 στρατὸν
3279 1167 3397 1237 ἅμα
3432 1168 3612 1237 διῆκε.
3645 1168 3750 1223 Τὸν
3796 1168 3981 1239 μέντοι
4026 1167 4247 1239 βασιλέα
4274 1164 4577 1234 Ἰλλυριῶν,

3009 1259 3332 1313 ἀπελαύνων
3369 1261 3434 1312 ἐκ
3479 1260 3578 1329 τῆς
3618 1261 3826 1329 χώρας,
3880 1259 4074 1325 ἕωθεν,
4110 1259 4186 1317 ὼς
4216 1259 4273 1311 ὲν
4306 1258 4385 1326 τῷ
4414 1274 4579 1325 στραο

3009 1351 3223 1422 τοπέδῳ
3251 1352 3345 1406 ἁνε
3358 1352 3577 1415 παύετο,
3621 1352 4121 1424 μεταπεμψάμενος
4146 1351 4329 1405 εκάλει
4360 1352 4418 1412 ἐς
4450 1349 4577 1417 ὄψιν

3008 1444 3108 1513 τὴν
3140 1443 3357 1496 ἑαυτοῦ.
3406 1443 3466 1497 Ὀ
3498 1442 3554 1495 δὲ
3592 1442 3820 1504 συνιεὶς,
3848 1442 3925 1505 ὡς
3952 1442 4051 1495 οὐκ
4078 1438 4379 1509 επ’ὰγαθῷ
4407 1453 4578 1507 μετα-

3010 1538 3289 1606 πέμπεται
3314 1535 3498 1599 αὐτὸν,
3523 1534 3593 1588 τὰ
3617 1535 3781 1606 ὅρκια
3801 1536 3861 1587 ὲν
3890 1536 4075 1605 χερσὶι
4101 1532 4259 1604 έχων,
4297 1528 4579 1599 ἐξηγέρθη

3005 1648 3089 1697 τε,
3125 1631 3218 1684 καὶ
3252 1629 3324 1693 ὡς
3358 1628 3579 1700 ἀπήχθη
3613 1630 3669 1692 ἐς
3700 1628 3824 1698 δψιν
3847 1626 3943 1697 τὴν
3973 1626 4260 1697 βασιλέως,
4292 1622 4579 1692 ἀπέταμον

3006 1738 3065 1774 τε
3099 1720 3265 1775 αὐτοῦ
3299 1723 3401 1791 τὴν
3450 1721 3690 1792 κεφαλὴν
3744 1720 4106 1786 ἐπιτάξαντος
4161 1717 4446 1787 βασιλέως.
4480 1715 4583 1769 Λέ-

3007 1830 3162 1882 γεται
3215 1813 3271 1867 δὲ
3325 1813 3422 1866 καὶ
3473 1812 3783 1881 διδασκάλῳ
3828 1810 3995 1866 αὐτοῦ
4037 1811 4115 1880 τῷ
4172 1811 4359 1881 Πέρσῃ
4388 1808 4587 1861 τοῦτον

3009 1908 3336 1977 παρασχεῖν,
3366 1905 3507 1960 ὥστε
3535 1905 3962 1977 διαχρήσασθαι.
3997 1905 4060 1959 Oi
4100 1905 4155 1958 δὲ
4192 1903 4459 1972 μάγειρον
4490 1902 4587 1953 αὺ-

3006 1998 3099 2051 τοῦ
3160 1998 3528 2067 αἰτησάμενον
3585 2000 3819 2063 ἀνελεῖν,
3880 1998 4229 2067 διενεχθέντα
4276 1995 4332 2048 δὲ
4383 1993 4588 2065 γνώμῃ

3009 2093 3147 2162 πρὸς
3174 2091 3577 2163 Μαχουμούτην
3608 2094 3702 2146 τὸν
3730 2092 4042 2162 Μιχαήλου,
4094 2091 4316 2157 λέγεται
4369 2086 4587 2143 ἀνελεῖν

3011 2186 3268 2240 κελεῦσαι
3296 2186 3385 2239 τον
3427 2186 3650 2256 βασιλέα
3676 2186 3972 2256 Ἰλλυριῶν.
4011 2176 4179 2248 Οὗτος
4218 2184 4315 2254 μὲν
4344 2181 4410 2250 δὴ
4434 2180 4589 2233 οὕτω

3014 2276 3232 2344 λέγεται
3262 2276 3591 2347 τελευτῆσαι
3623 2277 3762 2346 μετὰ
3791 2279 3888 2347 τῆς
3917 2276 4243 2345 ἡγεμονεξας
4276 2270 4443 2326 αὑτοῦ
4478 2269 4590 2323 ὑπὸ

3017 2368 3276 2441 βασιλέως
3307 2370 3713 2441 καταστροφήν.

1334 2480 1453 2535 gem
1480 2463 1799 2534 pr0piuasse
1835 2465 2269 2522 interficiendum
2298 2465 2603 2537 Illyriorum
2628 2480 2831 2535 regem,
2850 2463 3027 2522 Persae
3047 2465 3369 2536 praeceptori
3387 2480 3506 2521 suo.
3534 2465 3673 2520 Sunt
3692 2468 3784 2537 qui
3804 2468 4072 2528 referunt,
4096 2477 4332 2534 coquum
4368 2459 4588 2529 regium

1336 2564 1502 2616 istum
1529 2561 1728 2627 virum,
1790 2564 1980 2617 nescio
2010 2564 2155 2630 quod
2208 2563 2412 2617 crimen
2485 2563 2540 2615 in
2610 2576 2735 2615 eum
2782 2560 3172 2625 intendentetn,
3227 2560 3553 2618 confecisse.
3608 2560 3743 2617 Nam
3801 2562 3869 2629 is,
3905 2577 4028 2617 cum
4075 2560 4371 2630 plurimum
4423 2556 4592 2610 dissi-

1334 2657 1491 2710 deret
1543 2671 1571 2708 a
1640 2656 1907 2709 sententia
1943 2654 2298 2710 Machumetis
2327 2655 2417 2709 lilii
2450 2654 2750 2721 Michaelis,
2772 2655 2913 2723 regis
2937 2655 3093 2722 jussu
3126 2655 3432 2726 Illyriorum
3450 2669 3632 2726 regem
3682 2656 3830 2711 letho
3886 2656 4055 2711 dedit.
4098 2654 4155 2708 ln
4186 2653 4329 2706 hunc
4360 2649 4593 2705 modum

1338 2750 1618 2804 memoriae
1645 2749 1915 2818 proditum
1951 2757 2056 2815 est,
2115 2750 2387 2804 occidisse
2418 2749 2721 2820 Illyriorum
2758 2763 2965 2818 regem,
2998 2749 3265 2819 occupato
3310 2765 3477 2819 regno
3511 2749 3627 2818 ejus
3654 2750 3722 2805 ab
3757 2765 3879 2819 rege
3904 2748 4227 2803 Tureorum.

1405 2845 1594 2902 Veneti
1622 2859 1678 2902 et
1713 2848 2005 2904 Pannones
2038 2849 2255 2918 cognito
2289 2850 2570 2919 regionem
2596 2846 2904 2920 Illyriorum

1334 2943 1392 2996 in
1422 2942 1684 2995 ditionem
1711 2944 1929 2996 venisse
1959 2944 2121 3013 regis,
2162 2957 2455 3012 regemque
2512 2942 2756 3014 Illyrium
2814 2958 2908 2998 ca-

1336 3046 1485 3101 ptum
1510 3034 1577 3088 ab
1601 3032 1782 3089 Turco
1808 3036 2152 3099 occubuisse,
2186 3046 2473 3104 propterea
2533 3037 2772 3104 reliquos
2814 3051 2904 3089 re—

1336 3124 1515 3191 gionis
1542 3125 1817 3194 principes
1849 3125 2214 3180 miserandam
2240 3125 2460 3195 291m
2490 3127 2720 3181 vinculis
2745 3141 2907 3197 agere

1334 3216 1523 3278 vitam,
1563 3218 1675 3269 haec
1700 3218 2014 3285 neutiquam
2045 3219 2251 3273 diutius
2273 3217 2493 3272 ferenda
2529 3233 2653 3273 esse
2678 3234 2908 3273 censue-

1338 3318 1496 3363 runt:
1525 3324 1589 3363 ac
1622 3309 1910 3362 formidine
1938 3325 2135 3377 magna
2160 3309 2528 3375 tentabantur,
2549 3325 2675 3365 cum
2702 3310 2904 3364 animis

3096 2847 3184 2911 Ὠς
3212 2848 3311 2917 μὲν
3332 2845 3427 2903 οὖν
3452 2851 3594 2904 ἑάλω
3624 2853 3656 2921 ή
3694 2849 3802 2903 τῶν
3837 2847 4108 2917 Ἰλλυριῶν
4134 2846 4306 2916 χώρα.
4330 2846 4433 2899 καὶ
4466 2846 4497 2898 ε
4528 2864 4591 2900 τε

3012 2936 3271 3005 βασιλεὺς
3297 2941 3651 3010 ἐτελεύτησεν
3683 2942 3866 3005 ἁλοὺς,
3900 2940 3994 2992 καὶ
4022 2939 4072 2991 οἱ
4102 2938 4281 2991 λοιποὶ
4309 2937 4597 3007 ήγεμὸνες

3014 3029 3223 3097 εἴχοντο
3254 3030 3312 3083 ὲν
3338 3030 3580 3102 φυλακῇ,
3610 3030 3909 3100 πυθόμενοι
3938 3027 4110 3082 ταῦτα
4144 3028 4198 3081 οἵ
4234 3044 4293 3080 τε
4330 3027 4598 3080 Οὑενετνὶ

3014 3122 3111 3175 καὶ
3145 3122 3394 3187 Παίονες,
3432 3123 3608 3177 saw»;
3639 3124 3947 3189 ἐποιοῦντο,
3995 3124 4088 3177 καὶ
4125 3125 4182 3182 ἐς
4212 3120 4383 3187 φόϐον
4431 3120 4601 3172 x105-

3015 3234 3211 3272 σταντο
3243 3219 3440 3286 μέγαν,
3491 3219 3691 3273 αὐτίκα
3735 3218 3977 3288 οἰόμενοι
4014 3219 4106 3271 ἐπὶ
4146 3219 4288 3285 σφᾶς
4335 3215 4499 3285 ’ήξειν
4534 3215 4600 3266 τὸ

3011 3312 3204 3367 δεινόν.
3239 3313 3348 3364 Καὶ
3394 3313 3443 3364 οἱ
3498 3312 3596 3381 μὲν
3628 3312 3882 3365 Οὑενετοὶ
3912 3310 4295 3380 ἐχαλέπαινον,
4325 3310 4600 3378 ἐπιφερο-

1340 3409 1681 3467 reputarent,
1744 3401 1895 3454 brevi
1947 3400 2064 3456 fore
2092 3411 2146 3455 ut
2206 3400 2375 3455 idem
2419 3403 2644 3455 exitium
2715 3416 2907 3471 parum
2934 3382 2978 3441 (ἶ
3016 3406 3195 3472 μένων
3226 3422 3258 3457 σ

2715 3416 2907 3471 parum
2934 3382 2978 3441 (ἶ
3016 3406 3195 3472 μένων
3226 3405 3379 3473 σφῗσι
3412 3405 3522 3458 τῶν
3559 3405 3823 3473 βασιλέως
3873 3406 4133 3473 ὑπάρχων
4181 3405 4277 3456 καλ⁵
4327 3402 4597 3473 χαλεπῶν

1340 3493 1572 3546 feliciter
1627 3494 2028 3562 experirentur.
2090 3494 2281 3548 Veneti
2334 3496 2569 3565 graviter
2624 3494 2905 3556 ferebant,

1340 3585 1630 3654 praifectos
1697 3586 1874 3654 regios
1920 3595 2112 3640 contra
2150 3587 2298 3655 ipsos
2336 3587 2641 3654 insurgere,
2693 3594 2749 3640 et
2783 3586 2910 3639 sub-

1339 3678 1470 3733 ditis
1532 3692 1722 3733 eorum
1790 3679 2051 3733 molestos
2102 3689 2155 3734 et
2210 3678 2584 3734 intolerandus
2630 3693 2776 3733 esse.
2828 3678 2911 3731 ln-

1341 3773 1501 3826 terim
1529 3781 1710 3826 tamen
1745 3769 2012 3828 foederum
2046 3772 2392 3827 sanctitatem
2422 3771 2560 3825 bona
2597 3770 2697 3825 fide
2719 3770 2909 3826 colue-

1340 3876 1495 3926 runt,
1518 3867 1770 3935 suspensi
1803 3867 2212 3935 exspectatione
2243 3874 2471 3919 eventus
2509 3879 2717 3919 rerum.
2744 3862 2911 3919 Josue

1340 3958 1565 4011 Albanis
1592 3958 1732 4011 filius
1768 3960 1911 4027 regis
1935 3959 2246 4028 praefectus,
2276 3959 2447 4026 Argos
2467 3956 2521 4009 in
2537 3954 2911 4025 Peloponneso

1342 4063 1440 4117 per
1478 4050 1841 4118 proditionem
1863 4049 2185 4112 sacerdotis,
2213 4049 2307 4120 qui
2326 4065 2390 4103 ea
2424 4050 2477 4102 in
2500 4048 2635 4103 urbe
2667 4047 2910 4102 moraba-

1345 4150 1458 4206 tur,
1482 4152 1675 4195 nactus
1696 4151 1802 4206 est,
1828 4151 1882 4196 et
1910 4157 1974 4196 ex
2029 4149 2215 4208 aperto
2248 4141 2362 4209 jam
2420 4141 2622 4194 bellum
2664 4139 2909 4207 gerebat.

1349 4229 1575 4284 Omates
1604 4230 1941 4289 Turaelianis
1975 4232 2142 4295 filius,
2196 4232 2568 4286 incursionem
2602 4232 2654 4285 in
2700 4230 2910 4301 Naupag

1346 4334 1493 4377 etum
1538 4325 1684 4390 fecit,
1721 4339 1822 4380 nec
1870 4324 2035 4378 etiam
2073 4324 2141 4378 ab
2188 4325 2407 4394 regione
2430 4324 2485 4377 in
2537 4322 2911 4392 Peloponneso

1346 4415 1676 4470 Venetorum
1727 4416 1871 4471 circa
1898 4416 2232 4479 Methonam,
2268 4415 2400 4482 regii
2426 4417 2516 4483 jus
2551 4416 2675 4469 belli
2735 4415 2910 4471 absti-

1348 4517 1612 4560 nuerunt.
1671 4506 1763 4560 His
1797 4508 2013 4561 accensi
2057 4507 2267 4569 Veneti,
2297 4508 2441 4560 haud
2503 4508 2736 4577 amplius
2779 4524 2913 4562 cun-

1346 4598 1602 4651 ctandum
1646 4608 1700 4652 et
1725 4598 2005 4653 ferendum
2039 4600 2162 4665 rati,
2205 4600 2271 4653 ad
2321 4600 2738 4654 consultandum
2782 4601 2910 4671 quid

1349 4706 1573 4762 agerent
1605 4696 1973 4761 potissimum,
2032 4695 2449 4759 conveniebant,
2505 4697 2793 4750 sententiis
2856 4696 2909 4749 in
2944 4728 2987 4782 ι)

1349 4797 1638 4856 utramque
1673 4798 1876 4857 partem
1907 4790 2073 4859 probe
2107 4788 2485 4857 pensiculatis,
2519 4804 2643 4844 cum
2666 4789 2776 4859 jam
2806 4804 2912 4843 sa:-

1350 4882 1475 4947 pius
1508 4880 1914 4935 consultassent
1935 4892 2220 4935 senatores
2250 4883 2341 4950 qui
2376 4881 2593 4935 Evocati
2628 4881 2909 4935 dicuntur.

1360 4974 1540 5026 Victor
1572 4974 1636 5026 de
1670 4973 1877 5027 familia
1902 4974 2245 5040 Capellarum
2275 4973 2416 5043 (tt),
2446 4956 2551 5027 vir
2601 4971 2803 5027 divitiis
2859 4982 2914 5027 et

1350 5067 1612 5136 dignitate
1645 5066 1979 5135 praecellens,
2010 5067 2215 5137 quique
2248 5066 2435 5120 urbem
2466 5081 2650 5135 regere
2677 5065 2917 5134 optimus

1354 5159 1702 5222 censebatur,
1721 5160 1967 5215 adductis
1996 5161 2049 5214 in
2069 5175 2224 5213 suam
2244 5162 2564 5214 sententiam
2600 5160 2919 5229 propinquis

1353 5262 1408 5306 et
1443 5253 1710 5321 cognatis,
1740 5254 2118 5307 conscendens
2154 5253 2414 5316 tribunal,
2438 5253 2917 5307 talemorationem

1354 5346 1608 5399 habuisse
1641 5345 1849 5399 fertur:
1882 5346 1993 5399 Viri
2027 5346 2239 5409 Veneti,
2277 5347 2478 5413 saepius
2520 5347 2655 5401 alias
2688 5346 2917 5415 cognovi

1356 5438 1520 5491 certis
1550 5438 1965 5506 experimentis,
2002 5439 2163 5505 hujus
2189 5438 2435 5492 civitatis
2467 5439 2675 5492 incolas
2708 5453 2916 5506 nequa-

3011 3496 3184 3551 ὄντων
3226 3500 3341 3562 τοῖς
3372 3498 3657 3567 ὑπηκόοις·
3692 3498 3945 3567 ἐνέμενον
3979 3497 4027 3550 δ’
4060 3498 4211 3567 ὅμως
4260 3498 4386 3559 ταῖς
4426 3511 4602 3548 σπον-

3010 3592 3153 3655 δαῖς,
3185 3592 3615 3662 καραδοκοῦντες
3711 3592 4050 3661 ἀποϐήσεται
4091 3591 4244 3658 σφίσι
4288 3590 4359 3643 τὰ
4408 3590 4602 3659 πραγ-

3014 3703 3182 3755 ματα.
3230 3686 3317 3748 Ὠς
3351 3685 3408 3738 δὲ
3436 3685 3495 3737 τό
3518 3702 3577 3738 τε
3605 3686 3663 3737 tv
3697 3684 4091 3752 Πελοποννήσῳ
4127 3686 4359 3754 Ἄργος,
4394 3682 4597 3749 ἱερέως

3012 3777 3122 3830 τῶν
3152 3777 3209 3829 ὲν
3234 3779 3300 3847 τῇ
3334 3777 3491 3831 πόλει
3529 3777 3865 3846 παραδόντος
3891 3776 4175 3846 προδοσία,
4204 3774 4402 3828 ἔλασεν
4432 3775 4464 3827 ὁ
4500 3773 4596 3828 τοῦ

3014 3870 3285 3939 βασιλέως
3312 3868 3559 3941 ὕπαρχος
3584 3869 3861 3923 ’Δλὸἀνεω
3891 3871 4042 3935 παῖς,
4068 3868 4310 3937 τοῦνομα
4350 3868 4595 3937 Ἰησοῦς,

3013 3962 3105 4013 καὶ
3138 3961 3361 4015 ἐπέθετο
3401 3965 3714 4030 περιφανῶς
3755 3960 3856 4031 ἤδη
3901 3961 4177 4027 πολεμεῖν*
4219 3962 4317 4013 καὶ
4365 3960 4604 4016 Ναύπα-

3012 4070 3139 4106 κτον
3161 4055 3260 4122 μὲν
3281 4054 3584 4122 ἐπέδραμεν
3619 4052 3861 4124 Ὀμάρης
3881 4054 3909 4106 δ
3928 4054 4309 4123 Τουραχανεω·
4331 4053 4435 4122 τὴν
4457 4052 4517 4104 δὲ
4540 4054 4602 4105 έν

3013 4143 3408 4212 Πελοποννήσῳ
3432 4142 3616 4213 χώραν
3649 4143 3951 4203 Οὑενετῶν,
3978 4144 4078 4212 τὴν
4111 4143 4241 4211 περὶ
4288 4142 4596 4212 Μεθώνην,

3014 4236 3418 4297 καταλαϐόντες
3447 4237 3496 4287 ot
3540 4235 3632 4288 τοῦ
3662 4234 3952 4303 βασιλέως,
3984 4236 4087 4288 οὐκ
4121 4234 4435 4287 ἐνεδίδοσαν
4462 4252 4477 4265 ·
4508 4237 4599 4287 ἐν-

3014 4325 3185 4378 ταῦθα
3212 4326 3418 4379 οὐκέτι
3458 4327 3757 4395 ἀνασχετὸν
3803 4325 4091 4378 ἐποιοῦντο
4121 4327 4362 4395 ήσυχῖαν
4408 4326 4597 4392 ἄγειν.

3027 4420 3166 4473 Ἀλλ’
3201 4418 3553 4475 ἐϐουλεύοντο
3591 4420 3689 4486 μὲν
3720 4418 3809 4471 ἐπ’
3838 4418 4126 4488 ἀμφότερα
4153 4420 4439 4485 γινῧμενοι
4476 4420 4603 4479 ταῖς

3014 4511 3284 4582 γνώμαις.
3325 4513 3692 4579 Καταστὰσης
3748 4510 3804 4564 δὲ
3852 4510 4091 4580 πολλαχῆ
4140 4510 4446 4578 ἐκκλησίας
4485 4510 4602 4564 τῶν

3016 4602 3249 4671 Κλητῶν
3279 4601 3656 4669 καλουμένων,
3686 4601 3905 4670 Βίκτωρ
3929 4599 4037 4653 τῶν
4065 4599 4371 4653 Καπέλλων
4390 4600 4597 4662 οἰκίας,

3016 4695 3154 4763 ἀνὴρ
3189 4695 3406 4764 πλούτῳ
3440 4712 3499 4746 τε
3546 4694 3642 4746 καὶ
3673 4691 3944 4762 ἀξιώματι
3974 4693 4243 4761 προέχων,
4283 4694 4383 4745 καὶ
4437 4692 4599 4759 ἄγειν

3019 4789 3192 4841 δοκῶν
3227 4790 3328 4855 τὴν
3358 4787 3519 4841 πόλιν
3550 4789 3869 4857 κράτιστος,
3904 4787 4451 4857 προσπαρακαλέσας
4500 4791 4599 4839 καὶ

3017 4883 3143 4941 τοὺς
3176 4882 3558 4951 προσήκοντας
3599 4881 3747 4950 αὐτῴ
3807 4882 3903 4932 καὶ
3935 4883 4217 4947 συγγενεῖς
4246 4883 4303 4941 ἐς
4336 4882 4437 4950 τὴν
4471 4882 4599 4934 ἐαυ-

3018 4974 3113 5027 τοῦ
3139 4975 3341 5043 ψῆφον,
3373 4974 3592 5043 παριὼν
3634 4976 3724 5027 ἐπὶ
3766 4975 3826 5026 τὸ
3861 4974 4010 5043 βῆμα
4040 4974 4191 5035 ἔλεγε
4218 4974 4426 5026 τοιάδε·
4470 4975 4599 5025 Ἀν-

3020 5067 3141 5135 δρες
3172 5068 3448 5131 Οὑενετοὶ,
3476 5068 3718 5137 πολλαχῆ
3754 5068 3851 5134 μὲν
3881 5069 3976 5119 καὶ
4007 5068 4195 5120 ἄλλοτε
4241 5068 4421 5119 δοκῶν
4468 5068 4599 5127 τοὺς

3015 5160 3361 5221 ἐνοικοῦντας
3404 5161 3465 5211 τὸ
3495 5160 3630 5211 ἄστυ
3659 5160 3775 5211 τόδε
3819 5159 3894 5228 μὴ
3934 5160 4251 5211 διαπίπτειν
4304 5158 4601 5225 λογιζομέ-

3015 5270 3137 5314 νους
3164 5252 3232 5304 τὰ
3268 5252 3474 5313 δέοντα,
3508 5250 3699 5319 βραχεῖ
3762 5269 3871 5304 τινι
3905 5250 4050 5321 λόγῳ
4086 5251 4335 5319 ἐνόμιζον
4380 5250 4605 5303 δεῖσθαι

3014 5346 3073 5408 ἐς
3106 5347 3270 5413 ὑμᾶς·
3302 5345 3480 5398 πάντα
3503 5346 3562 5398 δὲ
3592 5345 3657 5397 τὰ
3682 5345 4008 5413 πράγματα,
4029 5340 4119 5397 οἶα
4149 5342 4603 5411 προτρέπεσθαι,

3014 5440 3110 5493 καὶ
3145 5440 3219 5509 μὴ
3260 5438 3754 5508 προθυμουμένους
3801 5437 3895 5490 ἐπὶ
3948 5438 4039 5489 τὸν
4090 5437 4332 5506 πόλεμον
4378 5436 4609 5501 τοῦτον,

3021 5533 3142 5583 ἐπεὶ
3191 5531 3247 5583 δὲ
3295 5532 3390 5583 καὶ
3440 5530 3548 5582 τῶν
3601 5530 3904 5599 πρωτεύειν
3954 5528 4257 5594 ἀξιούντων
4291 5526 4427 5597 παρ’
4462 5531 4615 5597 ἡμῖν

3027 5624 3127 5675 οὐκ
3160 5622 3380 5689 ὀλίγων,
3412 5622 3701 5691 παριόντες
3738 5621 4052 5674 κελεύουσιν
4103 5622 4247 5689 ὑμᾶς
4291 5621 4369 5691 μὴ
4420 5620 4621 5684 οὓτως

3029 5716 3286 5785 ἐπαχθῶς
3338 5717 3466 5786 περὶ
3519 5717 3771 5785 μεγάλων
3824 5715 4180 5785 βουλεύεσθαι
4223 5731 4619 5787 πραγματων,

1358 5543 1521 5596 quam
1541 5533 1733 5584 cedere
1761 5530 1981 5597 animis,
2014 5532 2059 5586 si
2120 5532 2341 5600 quando
2389 5532 2673 5585 instituant
2730 5545 2909 5584 rerum

1360 5624 1815 5688 necessariarum,
1874 5639 1997 5692 quae
2048 5626 2115 5677 ad
2169 5624 2560 5693 rempublicam
2624 5625 2917 5692 pertinent,

1357 5715 1836 5771 consultationem.
1870 5718 2210 5787 Quapropter
2242 5720 2426 5787 paucis
2470 5734 2566 5773 vos
2588 5720 2919 5787 compellan-

2625 5831 2869 5893 Notulée
2903 5831 3310 5909 marginales.

1427 5979 1539 6053 (l3)
1571 5983 1671 6038 Alii
1711 5983 2046 6039 cxcoriatum
2075 5984 2341 6047 scribunt,
2382 5982 2533 6038 1465.
3090 5982 3198 6052 (14)
3234 5981 3306 6039 De
3336 5981 3605 6039 Caselliis.
