4866 6594
558 382 660 444 537

1596 380 1692 439 DE
1722 378 1970 440 REBUS
2009 380 2362 442 TURCICIS
2395 383 2536 446 LIB.
2583 385 2654 445 Χ.

3683 389 3782 449 538

553 500 663 552 ἀλλ’
694 498 980 568 ἀνέχεσθαι
1008 498 1231 568 μᾶλλον,
1264 498 1564 567 πρεσϐείαν
1589 500 1905 567 πέμποντας
1929 499 1986 561 ἐς
2015 498 2104 550 τὸν
2134 514 2179 567 Α
2208 498 2306 554 dos
2356 499 2473 554 exis

1859 516 1905 561 ις
1929 499 1986 561 ἐς
2015 498 2104 550 τὸν
2134 514 2179 567 Α
2208 498 2306 554 dos
2356 499 2687 564 existimavi,
2715 516 2839 555 cum
2872 500 3078 555 videam
3113 501 3276 555 ctiam
3307 500 3492 554 invitis
3543 510 3597 553 et
3628 510 3781 554 arma

552 593 824 660 βάρϐαρον
859 591 990 659 περὶ
1019 591 1128 644 τῶν
1160 591 1420 657 σπονδῶν,
1455 591 1528 653 ὡς
1558 592 1618 643 οὑ
1663 591 1847 644 δίκαια
1882 591 2112 659 πράττοι

553 684 906 751 παραϐαίνων
941 685 1068 747 τοὺς
1097 685 1313 753 ὄρχους,
1354 686 1444 737 καὶ
1467 684 1566 746 τὰς
1589 686 1841 748 σπονδὰς,
1869 685 1961 736 καὶ
1987 701 2114 736 νου-

553 774 728 825 θετεῖν
754 775 917 826 αὑτὸν
950 773 1017 825 τὰ
1044 773 1253 834 δέοντα,
1290 773 1359 842 ἦν
1389 773 1484 844 δὲῃ
1522 774 1865 842 πεισόμενον.
1903 773 2030 825 Ἐὰν
2057 773 2115 824 δὲ

552 865 898 936 ἀναιρεῖσθαι
928 867 1186 936 πόλεμον,
1211 867 1510 933 ἀναγκαῖον
1537 865 1692 932 λόγον
1731 868 1860 932 περὶ
1889 866 1984 919 τοῦ
2016 882 2117 917 πα-

556 959 745 1028 ρόντος
782 958 1041 1028 πολέμου,
1073 959 1514 1026 ἑπιμνησὰμενον
1543 959 1750 1020 ἱκανὸν,
1778 956 1949 1021 οὕτως
1977 959 2111 1010 ίὲναι

552 1051 647 1103 ἐπὶ
680 1051 778 1118 τὴν
809 1051 1013 1119 ψῆφον.
1045 1053 1134 1102 Δεῖ
1171 1050 1226 1102 δὲ
1257 1049 1465 1102 ἕκαστα
1493 1049 1868 1119 λογιζομένοις
1897 1051 1964 1104 τὰ
2017 1068 2115 1120 χα-

554 1141 694 1194 λεπὰ
753 1143 1098 1212 μετριώτερα
1168 1141 1508 1212 φαινομένων
1559 1141 1769 1194 τούτων
1835 1143 2113 1211 αἱρεῖσθαι

555 1235 997 1303 ἐπιλεγομένους.
1052 1233 1273 1304 Πρῶτον
1325 1235 1381 1287 δὲ
1433 1235 1736 1299 ἀναγκαῖον
1778 1233 2116 1303 προθέμενον

551 1326 756 1396 ψῆφον,
789 1328 1013 1395 γνώμην
1037 1327 1240 1395 ταύτην
1264 1324 1338 1387 ὡς
1379 1326 1584 1379 ἕκαστα
1609 1325 1948 1379 ἀποϐαίνειν.
1976 1327 2118 1379 Φασὶ

552 1421 662 1486 γὰρ
692 1414 861 1478 οὗτοι.
891 1420 974 1471 ὅτι
1004 1421 1050 1471 εί
1081 1419 1489 1488 πολεμήσομεν,
1517 1421 1570 1471 αξ
1598 1420 1740 1471 κατά
1768 1417 1864 1487 τὴν
1887 1419 2115 1488 ἧπειρον

552 1511 739 1573 πόλεις
773 1510 951 1579 ἡμῶν,
981 1509 1035 1572 ές
1062 1510 1241 1568 τετὺν
1272 1509 1472 1576 Ὶῦνιον,
1500 1511 1594 1563 καὶ
1637 1513 1694 1573 ἐς
1717 1509 1816 1580 τὴν
1850 1510 2117 1564 Πελοπόν-

552 1619 739 1668 νησον,
773 1603 868 1653 καὶ
897 1601 993 1670 τὴν
1038 1601 1208 1670 ἀλλην
1242 1603 1474 1672 ἧπειρον
1519 1603 1720 1666 πόλεις,
1761 1604 1859 1674 οὐχ
1903 1603 2118 1668 ἕξουσιν

551 1698 700 1756 ὅπως
735 1694 1097 1764 διαρκέσωσιν
1123 1696 1217 1748 ἐπὶ
1263 1697 1452 1765 χρόνον
1491 1698 1633 1758 τινὰ,
1683 1696 1798 1750 ἀλλ’
1847 1697 2114 1764 ἐπιλείψει

553 1804 611 1838 τε
650 1786 820 1848 αὑτὰς
854 1787 922 1839 τά
971 1786 1272 1857 ἐπιτήδεια,
1323 1789 1416 1840 καὶ
1446 1788 1773 1842 ἀπολοῦνται
1813 1789 1878 1857 ἡν
1909 1806 1958 1841 τι
1987 1789 2114 1858 ἐπίῃ

553 1881 611 1941 ἐς
636 1880 806 1942 αὑτὰς
843 1879 1098 1948 χαλεπόν.
1146 1881 1253 1934 Καὶ
1295 1883 1391 1951 τῆς
1433 1899 1492 1934 τε
1522 1883 1793 1952 ἐμπορίας
1823 1884 1918 1953 τῆς
1949 1881 2112 1934 αὑτοῦ

552 1973 739 2042 χώρας
777 1973 1167 2048 στερουμὲνης,
1193 1975 1340 2042 ἡμᾶς
1368 1991 1501 2042 φασι
1545 1974 1757 2042 μεγάλα
1789 1975 1854 2028 ἂν
1887 1975 2115 2044 βλάπτε-

555 2066 684 2117 σθαι
723 2063 818 2117 τοῦ
851 2065 1060 2118 λοιποῦ.
1114 2065 1429 2134 Ἀνέχεσθαι
1461 2065 1542 2118 δεῖ
1569 2061 1660 2119 οὖν
1692 2064 1777 2118 διὰ
1800 2065 1989 2129 ταῦτα,
2024 2067 2114 2118 καὶ

553 2156 856 2224 πρεσϐείαν
910 2158 1150 2226 πέμπειν
1192 2157 1667 2228 διισχυριζομένῳ)
1715 2160 1790 2222 ὡς
1855 2159 1999 2220 εἰκὸς
2047 2157 2114 2210 τὰ

549 2248 804 2301 τοιαῦτα.
833 2249 996 2300 Ἀλλὰ
1023 2250 1154 2317 περὶ
1197 2250 1295 2320 μὲν
1333 2251 1430 2318 τῆς
1467 2247 1763 2318 πρεσϐείας
1791 2250 2004 2319 πρῶτον
2026 2248 2113 2317 ἕρ-

550 2358 722 2410 χομαι
754 2340 916 2409 ἐρῶν,
961 2340 1038 2404 ὼς
1088 2340 1437 2411 ἀφικομένων
1464 2340 1572 2394 τῶν
1605 2339 1888 2409 πρέσϐεων
1938 2341 2112 2409 ἡμῶν,

550 2433 856 2502 ἐλλογίμων
878 2435 1046 2487 ὄντων
1067 2435 1206 2504 ἅμα,
1231 2437 1325 2488 καὶ
1348 2433 1602 2499 ξυνετῶν,
1633 2433 1755 2487 οὔτε
1781 2432 2116 2503 ἐπιστροφὴν

549 2527 847 2595 ἐποιήσατο
873 2527 979 2578 τῶν
1009 2527 1314 2596 πρέσϐεων,
1367 2527 1718 2598 ἐξαπατήσας
1748 2544 1809 2580 τε
1839 2527 1915 2596 τῷ
1949 2526 2111 2598 λόγῳ,

549 2621 619 2669 τε
660 2619 877 2671 ἐναντία
912 2620 1159 2687 φαίνεται
1217 2619 1558 2691 πεποιηκώς.
1615 2621 1772 2672 Ὥστε
1820 2619 1920 2673 οὐκ
1971 2616 2111 2684 οἶδα,

548 2711 576 2762 δ
613 2729 667 2762 τι
703 2715 767 2764 ἂν
800 2714 970 2782 ἔχοιεν
1002 2712 1146 2783 αὑτῷ
1179 2715 1357 2780 λέγειν
1388 2719 1435 2767 οἱ
1463 2715 1738 2784 πρέσϐεις,
1761 2715 2116 2784 ἐπικαιρότα-

547 2821 644 2856 τον
675 2796 750 2856 ὦν
787 2804 1025 2873 πρόσθεν
1049 2807 1370 2875 ἀφικόμενοι
1410 2806 1800 2875 ἐχρημάτιζον,
1851 2809 1898 2859 εί
1932 2805 2006 2875 μὴ
2035 2807 2115 2858 ὃτι

546 2897 942 2962 ἀδυνατοῦντες
989 2899 1221 2966 πόλεμον
1255 2899 1556 2968 ἐπιφέρειν,
1604 2899 1867 2968 πρέσϐεσι
1912 2898 2115 2950 διαλύε-

550 2992 677 3042 σθαι
721 2989 1004 3060 βούλεσθαι
1035 2991 1075 3020 ⁸³
1110 2992 1257 3060 ἡμᾶς
1288 2991 1356 3043 τὰ
1387 2991 1731 3060 ἐγκλήματα,
1772 2993 1828 3052 ἐς
1865 2988 2114 3043 τοσοῦτον

545 3084 704 3154 αὐτῷ
737 3085 1140 3154 προσφέρεσθαι
1171 3085 1299 3153 περὶ
1339 3085 1446 3137 τῶν
1476 3085 1779 3153 ἡμετέρων.
1810 3084 1993 3137 Ταῦτα
2034 3082 2111 3144 δὲ,

2221 591 2646 646 detrectantibus
2677 593 2797 646 belli
2827 594 3204 647 necessitatem
3229 593 3455 662 imponi.
3477 592 3608 646 Nam
3638 595 3788 645 vide-

2222 681 2353 734 mini
2389 681 2520 735 mihi
2551 685 2938 752 rempublicam
2979 684 3294 754 planissime
3325 685 3576 753 prodere,
3651 685 3779 737 dum

2221 775 2556 828 cunctamini
2583 790 2732 828 arma
2761 776 2813 829 in
2842 777 3259 844 prmsentiarum
3287 777 3549 831 adversus
3589 777 3788 830 barba-

2221 878 2338 916 rum
2375 880 2590 934 capere.
2633 864 2916 933 Siquidem
2949 870 3002 923 bi
3043 869 3136 938 qui
3179 869 3321 938 apud
3366 883 3461 922 vos
3493 869 3781 936 nonpanci

2223 958 2427 1023 primas
2455 968 2660 1024 tenent,
2687 971 2932 1024 monent,
2961 976 3028 1015 ne
3065 973 3266 1016 temere
3293 971 3348 1016 et
3388 961 3578 1016 odiose
3606 961 3672 1014 de
3705 976 3788 1013 re-

2221 1052 2322 1102 bus
2349 1049 2485 1103 adeo
2511 1052 2698 1106 arduis
2721 1053 3037 1107 eunsultetis
3065 1069 3078 1106 :
3123 1070 3312 1108 verum
3347 1062 3575 1108 censent
3632 1053 3780 1120 lega-

2222 1147 2306 1194 tos
2339 1141 2631 1195 mittendos
2662 1146 2727 1196 ad
2754 1143 3048 1198 barbarum
3073 1160 3236 1213 super
3288 1145 3492 1199 findere
3530 1156 3789 1211 expostu-

2219 1229 2413 1297 lantes,
2443 1241 2499 1286 ut
2528 1234 2620 1302 qui
2660 1233 2859 1303 injuste
2882 1245 3025 1304 agat,
3055 1236 3322 1290 fwderum
3346 1246 3398 1290 et
3426 1235 3786 1305 iurisiurandi

2221 1323 2537 1393 religionem
2563 1328 2891 1396 abrumpens
2915 1345 2930 1394 ;
2960 1330 3292 1382 monendum
3326 1343 3546 1398 quoque
3567 1342 3706 1391 esse,
3732 1335 3792 1379 ut

2219 1430 2425 1482 pacein,
2447 1419 2900 1487 quemadmodum
2919 1423 3257 1489 convenerit,
3297 1422 3570 1484 observet,
3595 1421 3637 1474 si
3667 1435 3794 1472 vcr-

2221 1509 2306 1565 bis
2325 1511 2502 1577 potius
2522 1527 2684 1580 quam
2705 1513 2874 1568 armis
2897 1528 2926 1567 a
2949 1516 3140 1582 cceptis
3163 1531 3286 1569 cum
3311 1517 3583 1569 deterrere
3607 1513 3786 1582 possi-

2220 1618 2359 1656 nxus.
2383 1602 2534 1668 Quod
2567 1604 2610 1659 si
2644 1605 2726 1658 his
2756 1607 2890 1660 nihil
2912 1608 3049 1676 apud
3079 1608 3365 1661 barbarum
3389 1606 3637 1660 eﬂ‘ectum
3671 1605 3791 1659 fue-

2219 1697 2311 1757 rit,
2341 1706 2453 1749 tum
2481 1695 2698 1750 demum
2725 1699 3030 1754 necessaria
3051 1703 3154 1753 erit
3171 1702 3346 1754 oratio
3367 1714 3488 1769 qua:
3505 1700 3571 1753 ad
3591 1700 3787 1753 bellum

2221 1789 2808 1844 barbaroiniercndum
2841 1807 2942 1846 nos
2979 1795 3029 1846 iu
3064 1793 3317 1862 suﬂ'ragia
3347 1795 3538 1846 mittet.
3567 1791 3793 1860 Oportet

2218 1897 2350 1936 sane
2379 1897 2473 1937 eos
2503 1884 2596 1952 qui
2631 1885 2871 1951 pericula
2907 1896 3186 1954 reputant,
3216 1903 3277 1940 ea
3310 1887 3448 1939 inter
3476 1902 3535 1939 se
3565 1901 3780 1954 ccuipa-

2215 1990 2372 2029 rare:
2409 1985 2464 2029 et
2499 1991 2620 2045 quae
2646 1976 2850 2030 minora
2880 1981 3246 2046 apparuerint,
3282 1979 3501 2048 eligere.
3543 1978 3675 2030 Eum
3700 1977 3792 2045 qui

2215 2067 2529 2138 suﬂragioin
2566 2068 2689 2132 fert,
2727 2073 2873 2124 circa
2911 2071 3125 2140 singula
3167 2072 3305 2124 hanc
3334 2071 3658 2124 sententiam
3707 2081 3791 2124 te-

2215 2176 2342 2216 nere
2357 2164 2626 2218 convenit.
2652 2162 2783 2218 Nam
2813 2164 3109 2218 adversarii
3139 2166 3305 2219 nostri
3326 2166 3498 2226 aiunt,
3520 2167 3563 2218 si
3594 2164 3790 2218 bellum

2216 2254 2566 2318 moverimus,
2587 2258 2747 2312 urbes
2772 2268 2968 2311 nostra:
2993 2258 3045 2311 iu
3079 2258 3415 2318 continente,
3439 2272 3559 2326 quae
3587 2266 3795 2323 Spectat

2219 2345 2422 2400 Ionium
2481 2355 2535 2400 et
2585 2346 3048 2417 Pel0ponnesum,
3109 2364 3321 2401 necnon
3358 2347 3518 2416 292
3573 2348 3794 2415 reliqua:

2215 2439 2544 2494 continentis
2576 2439 2759 2505 urbes,
2796 2440 2938 2494 haud
2970 2440 3247 2496 habebunt
3270 2443 3469 2511 quibus
3493 2457 3550 2495 se
3574 2451 3793 2494 susten-

2217 2541 2327 2586 tent
2353 2533 2417 2586 ad
2445 2531 2608 2588 breve
2649 2534 2938 2587 admodum
2984 2542 3218 2604 tempus.
3263 2535 3455 2587 \‘erum
3491 2534 3794 2588 necessaria

2215 2640 2310 2678 eos
2349 2624 2678 2678 destituent:
2715 2634 2769 2677 et
2813 2623 3088 2692 peribunt,
3135 2626 3178 2679 si
3227 2624 3526 2693 periculum
3574 2625 3791 2692 aliquoi

2218 2718 2497 2786 ingruerit.
2521 2718 2785 2770 Prwterea
2812 2718 2856 2770 si
2887 2717 3138 2786 prmdicta
3165 2719 3311 2784 regio
3334 2718 3602 2772 mercibus
3631 2717 3793 2770 fuerit

2215 2812 2499 2873 exhausta,
2536 2819 2588 2862 et
2627 2808 2945 2878 despoliata,
2986 2810 3149 2863 etiam
3189 2809 3448 2878 deindeps
3492 2820 3545 2863 et
3592 2811 3643 2861 in
3694 2823 3793 2861 nos

2216 2901 2411 2956 damna
2458 2901 2694 2955 maxima
2755 2901 3155 2955 redundabunt.
3207 2901 3541 2969 Quapropter
3590 2900 3786 2954 bellum

2216 2994 2591 3064 prolatandum
2642 3004 2745 3057 est,
2790 3003 2842 3047 et
2889 2993 3083 3062 legatio
3164 2992 3446 3055 mittenda,
3515 3008 3633 3060 qua:
3689 2993 3791 3044 ista

2218 3086 2430 3141 eﬂiciet.
2463 3087 2536 3140 De
2562 3087 2828 3156 legatione
2851 3090 3024 3154 primo
3052 3085 3215 3138 verba
3235 3083 3461 3138 iaciam.
3499 3083 3631 3136 Nam
3666 3099 3787 3136 cuin

545 3177 727 3249 οἶμαι,
754 3181 929 3244 καλῶς
964 3177 1109 3251 εἶχεν
1132 3181 1280 3251 αὐτῷ
1309 3181 1582 3249 λέγεσθαι,
1609 3182 1674 3249 ἦν
1709 3180 1783 3250 μὴ
1810 3181 1869 3232 τὸ
1911 3179 2114 3249 Ἀργος
2143 3215 2187 3277 C
2219 3179 2373 3250 legati
2408 3198 2467 3232 no

1867 3209 1869 3227 .
1911 3179 2114 3249 Ἀργος
2143 3215 2187 3277 C
2219 3179 2373 3250 legati
2408 3180 2598 3243 nostri,
2634 3181 2730 3233 viri
2763 3185 3052 3248 prudentes
3081 3190 3130 3232 et
3155 3177 3538 3246 intelligentes,
3567 3177 3631 3229 ad
3666 3192 3789 3229 eum

545 3271 909 3341 παραλαϐὼν,
953 3274 1188 3340 πόλεμον
1231 3275 1360 3342 ἡμῖν
1411 3273 1723 3341 περιφανῶς
1776 3272 2114 3344 ἀπαγγέλλῃ.

559 3365 860 3434 Ἐπειρᾶτο
895 3368 991 3435 μὲν
1025 3367 1215 3435 μέχρις
1243 3363 1301 3420 οὗ
1336 3365 1507 3420 ταῦτα
1538 3367 1602 3420 ἂν
1634 3367 1916 3435 φέροιμεν,
1945 3368 2038 3419 καὶ
2068 3367 2116 3418 εἰ

548 3458 653 3526 μὲν
681 3457 1005 3526 ἀνεχόμεθα,
1035 3459 1135 3528 ἤδη
1182 3461 1376 3528 χωρεῖν
1403 3459 1562 3509 αὑτὸν
1610 3459 1706 3510 καὶ
1733 3460 1823 3510 ἐπὶ
1855 3457 1922 3510 τὰ
1957 3459 2118 3510 λοιπὰ

542 3546 746 3608 ἀδεῶς·
777 3549 826 3599 εἰ
858 3547 910 3599 δὲ
948 3548 1044 3616 μὴ,
1094 3547 1394 3615 ὑποχωρεῖν
1441 3549 1542 3618 ήδη
1579 3550 1634 3609 ές
1678 3549 1802 3601 ὅσον
1843 3548 1989 3619 αὐτῴ
2029 3548 2119 3617 ὑφ’

540 3639 710 3710 ἡμῶν
739 3642 1092 3709 συγχωροῖτο.
1118 3641 1222 3692 Καὶ
1245 3643 1300 3692 ὲν
1331 3639 1502 3710 τούτῳ
1524 3641 1622 3710 τὴν
1648 3641 1878 3711 ἀπορίαν
1897 3643 1939 3672 ⁸⁸
1967 3659 2121 3711 ποιη-

546 3733 804 3800 σόμενος,
835 3732 984 3785 οὐδὲν
1022 3733 1199 3801 μέντοι
1223 3727 1381 3800 ἦττον
1427 3736 1692 3802 χωρήσων
1721 3733 1811 3785 ἐπὶ
1843 3733 1932 3784 τὸν
1965 3732 2120 3784 πόλε-

549 3843 678 3895 μον.
716 3825 778 3876 El
826 3824 880 3876 δὲ
931 3823 1026 3894 μὴ,
1087 3824 1291 3890 λεγέτω
1341 3825 1438 3894 μέν
1491 3843 1601 3895 μοι,
1648 3827 1740 3879 καὶ
1786 3826 2000 3895 πρῶτον
2029 3825 2122 3877 ἐπὶ

547 3917 960 3987 Πελοπόννησον
1001 3918 1350 3985 ἀφικόμενος,
1386 3919 1485 3986 τήν
1533 3935 1591 3969 τε
1643 3916 1873 3970 Εὔϐοιαν
1918 3917 2118 3987 ἐπέστη

541 4011 835 4077 ὀψόμενος,
857 4011 972 4073 οἴω,
1009 4015 1100 4064 καὶ
1124 4013 1215 4063 ἐπὶ
1244 4015 1340 4082 τὴν
1374 4014 1611 4083 Εὐρίπου
1634 4015 1806 4066 πόλιν.
1839 4016 1944 4068 Καὶ
1963 4013 2122 4079 ἐξιὼν

541 4100 710 4164 αὖθις
741 4103 849 4154 ἀπὸ
884 4103 1309 4172 Πελοποννήσου,
1355 4106 1531 4157 καὶτὸ
1554 4105 1805 4176 δεύτερον
1834 4106 1934 4176 ἠδη
1967 4104 2124 4158 έλαύ-

539 4215 656 4248 νων
688 4197 785 4248 σὺν
819 4199 924 4259 τοῖς
966 4197 1386 4266 πειρασομένοις
1435 4196 1527 4249 τοῦ
1567 4197 1757 4267 πόρου,
1805 4199 2029 4265 ἀφίκετο
2066 4200 2123 4261 ἐς

542 4291 678 4359 δψιν
709 4291 808 4357 τῆς
844 4291 1073 4353 πόλεως,
1101 4291 1244 4353 ὅπως
1274 4289 1336 4342 ἂν
1361 4290 1456 4360 τὴν
1489 4289 1795 4361 προσϐολὴν
1819 4294 2120 4358 ποιήσαιτο,

540 4381 724 4433 ἐπιὼν
761 4383 855 4434 ἐπὶ
886 4380 982 4450 τὴν
1033 4381 1206 4436 πόλιν.
1241 4383 1349 4435 Καὶ
1381 4384 1407 4434 ὁ
1458 4384 1556 4450 μὲν
1611 4381 1760 4450 ἵππῳ
1800 4382 1990 4443 διαϐὰς
2032 4383 2123 4433 τὸν

541 4473 793 4542 Εὔριπον
819 4477 1018 4526 συνίδοι
1037 4475 1082 4504 ⁵³
1105 4475 1252 4537 ὅπως
1277 4474 1484 4543 βασιμὰ
1507 4491 1563 4527 τε
1583 4475 1668 4542 εἰη
1685 4473 1832 4542 αὐτῷ
1855 4473 2122 4542 προσϐαλ-

535 4567 694 4617 λοντι
723 4565 789 4630 ⁵³,
827 4566 920 4617 καὶ
953 4565 1363 4635 εὐεπιχείρητα.
1412 4565 1594 4616 Ταῦτα
1631 4565 1727 4633 μὲν
1760 4563 1852 4616 οὖν
1902 4564 1975 4634 μὴ
2028 4581 2121 4617 πο·

538 4657 720 4724 λέμου
747 4657 1020 4726 τεκμήριά
1047 4657 1160 4709 ἐστι
1190 4658 1484 4726 περιφανῆ,
1518 4658 1610 4725 ἀφ’
1637 4651 1710 4709 ὧν
1754 4657 1819 4708 ἄν
1850 4674 1930 4718 τις
1963 4657 2122 4708 αὑτὸν

533 4750 644 4800 ἐπὶ
669 4747 763 4798 τὸν
792 4749 1027 4816 πόλεμον
1075 4749 1634 4818 παρασκευασάμενον
1679 4749 1783 4799 ἀπὸ
1817 4747 2009 4800 πολλοῦ
2039 4747 2120 4798 δι-

535 4842 914 4911 ισχυρίσαιτο,
936 4841 1339 4910 διαμαχόμενον
1371 4844 1480 4904 τοῖς
1511 4841 1680 4903 οὕτως
1709 4841 1964 4904 ἐπιεικῶς
2001 4840 2121 4906 βου-

527 4936 892 5000 λευομένοιςς
931 4933 1072 4985 Ἀλλ’
1109 4934 1232 4986 ἐπεὶ
1266 4933 1501 5001 πόλεμος
1543 4933 1640 5002 μὲν
1675 4935 1805 5002 ἡμῖν
1858 4933 2120 5003 κηρύττε-

525 5049 632 5082 ται
685 5033 750 5082 ὲκ
781 5028 974 5080 πολλοῦ
1011 5026 1234 5097 προῖὼν,
1271 5027 1340 5080 τὰ
1388 5029 1482 5096 μὲν
1528 5025 1618 5094 ὑφ
1668 5024 1830 5078 αὑτοῦ
1867 5027 1910 5056 ⁸⁵
1937 5025 2120 5078 ποιού-

529 5136 733 5188 μενος,
770 5120 1082 5188 ἀφαιρεῖται
1118 5119 1288 5187 ma;-
1319 5118 1387 5169 τὰ
1424 5117 1479 5169 δὲ
1527 5118 1617 5168 καὶ
1650 5115 1949 5168 διαϐάλλων
1994 5116 2120 5178 τοὺς

523 5212 849 5273 ἐπιστάτας
885 5212 1052 5282 αὐτῷ,
1093 5214 1158 5263 τά
1194 5212 1480 5280 πρόσφορα
1510 5208 1842 5277 ἐπιτηδεύει,
1868 5211 1957 5260 καί
1980 5209 2120 5260 κατὰ

524 5304 727 5374 βραχὺ
759 5302 974 5371 μεγαλα
1007 5300 1494 5371 προσποιούμενος,
1519 5301 1670 5368 ἄφνω
1695 5298 2118 5368 ἀπαρασκεύοις,

517 5401 589 5452 εἰ
620 5397 863 5453 δύναιτο,
901 5397 1272 5457 ἑπεισπεσεῖν,
1303 5392 1635 5462 παραλαϐὼν
1650 5393 1695 5424 ⁸⁸
1728 5393 1844 5445 ἃττ’
1877 5391 1941 5444 ἂν
1967 5391 2115 5460 αὐτῷ

514 5488 778 5557 δύναμιν
809 5488 1070 5556 αξιῦχρεω
1091 5485 1528 5556 περιποιήσαιτο.
1548 5483 1691 5552 Φημὶ
1709 5483 1823 5548 οὖν,
1846 5483 1892 5534 εί
1925 5480 1999 5551 μὴ
2023 5481 2116 5533 πό-

2221 3275 2621 3336 convenissent,
2655 3288 2843 3328 eorum
2893 3273 3092 3324 nullam
3132 3272 3398 3325 rationem
3443 3269 3662 3323 habuit:
3701 3285 3793 3321 ve-

2221 3383 2338 3420 rum
2366 3365 2728 3419 fraudulentis
2745 3374 2796 3417 et
2816 3364 3020 3418 dolosis
3036 3363 3376 3418 sermonibus
3403 3377 3552 3422 usus.
3579 3370 3788 3415 contra-

2219 3459 2322 3520 ria,
2345 3473 2504 3526 quam
2541 3472 2642 3510 nos
2678 3455 3128 3518 cxistimavimus,
3154 3454 3348 3510 fecisse
3373 3455 3640 3523 apparuit.
3672 3453 3788 3505 Non

2221 3553 2400 3620 itaque
2439 3551 2570 3604 satis
2599 3549 2739 3618 apud
2773 3566 2854 3603 me
2903 3558 3134 3612 constat,
3170 3550 3424 3617 quidnam
3459 3547 3794 3616 principalis-

2222 3645 2414 3698 simom
2434 3659 2617 3697 eorum
2639 3659 2802 3710 super
2819 3641 3018 3712 quibus
3047 3644 3112 3695 ad
3144 3657 3268 3696 eum
3293 3649 3572 3700 venerant,
3602 3656 3786 3694 coram

2221 3752 2287 3792 eo
2323 3751 2638 3802 expromere
2664 3735 2914 3802 debeant,
2955 3737 3000 3790 si
3027 3737 3206 3789 denuo
3247 3735 3570 3804 legationem
3607 3748 3792 3786 susce-

2223 3828 2419 3896 perint,
2443 3842 2602 3896 quam
2623 3825 2750 3880 illud
2779 3841 2792 3876 :
2824 3841 2948 3891 nov,
2970 3841 3092 3878 cum
3113 3841 3218 3878 non
3241 3831 3532 3892 suppetant
3555 3823 3698 3876 ViI'CS
3721 3823 3789 3874 ad

2225 3920 2448 3985 bellum,
2476 3919 2610 3972 velle
2641 3918 3005 3988 legationibus
3059 3932 3170 3970 rem
3219 3931 3427 3984 gerere,
3465 3925 3520 3969 et
3546 3916 3609 3967 ad
3644 3916 3788 3967 hunc

2226 4014 2444 4066 modum
2479 4013 2705 4080 injurias
2739 4012 3082 4081 propulsare,
3105 4020 3158 4064 et
3185 4011 3419 4062 erimina
3450 4007 3786 4062 dissolvere:

2225 4108 2358 4160 adeo
2394 4122 2490 4159 nos
2527 4122 2646 4161 esse
2677 4115 2954 4174 promptos
3013 4114 3067 4158 et
3101 4115 3318 4172 paratos
3347 4119 3442 4170 pro
3495 4102 3664 4167 ipsius
3701 4117 3791 4154 ar-

2225 4199 2385 4253 bitrio
2411 4215 2534 4251 cum
2576 4198 2695 4267 ipso
2724 4214 2902 4268 agere.
2941 4197 3062 4252 llaec
3094 4199 3314 4265 quidem
3363 4195 3592 4248 honesta
3650 4194 3789 4245 ratio

2224 4298 2328 4353 est,
2369 4289 2476 4344 dici
2511 4289 2804 4357 posset:si
2847 4305 2952 4342 non
3003 4297 3272 4354 occupato
3337 4289 3505 4354 Argo,
3551 4285 3662 4352 jam
3723 4302 3791 4338 ex

2229 4392 2413 4450 aperto
2441 4380 2598 4433 nobis
2669 4380 2867 4434 bellum
2899 4380 3216 4433 intentaret.
3271 4377 3495 4431 Animos
3546 4376 3790 4445 profecto

2230 4480 2449 4524 nostros
2484 4471 2535 4522 in
2571 4470 2716 4524 hunc
2737 4471 2958 4524 modum
2990 4480 3281 4540 pertentat,
3307 4468 3549 4537 quandiu
3573 4469 3790 4521 tandem

2154 4551 2196 4605 D
2229 4567 2326 4619 ista
2359 4565 2564 4632 perpeti
2593 4565 2839 4617 velimus.
2877 4563 2932 4616 Si
2963 4563 3219 4632 patimur,
3261 4563 3425 4616 etiam
3477 4564 3542 4613 ad
3575 4561 3780 4630 reliqua

2228 4656 2564 4709 conlideutcr
2588 4665 2641 4709 et
2699 4657 2952 4708 audacter
2983 4653 3253 4723 procedet.
3293 4651 3387 4706 Sin
3434 4652 3792 4707 restiterimns

2229 4747 2462 4810 fortiter,
2515 4746 2726 4800 recedet
2779 4762 2886 4814 quo
2931 4759 3023 4816 per
3072 4761 3171 4798 nos
3225 4744 3274 4797 ei
3312 4743 3560 4796 licuerit:
3620 4749 3672 4795 et
3732 4741 3784 4792 in

2228 4841 2385 4895 trivio
2456 4839 2632 4910 (quod
2691 4841 2878 4904 aiunt)
2909 4837 3238 4892 constitutus
3266 4875 3281 4901 ,
3315 4835 3516 4889 bellum
3563 4833 3791 4903 posthac

2226 4932 2464 4985 omittet.
2518 4929 2572 4983 Si
2611 4945 2767 4984 secus
2828 4929 3140 4992 fecerimus,
3201 4941 3394 4980 vereor
3451 4941 3628 4980 seram
3693 4924 3790 4976 ali-

2223 5023 2440 5091 quando
2520 5021 2896 5090 pmnitcntiain
2966 5032 3278 5073 venturam.
3341 5016 3544 5070 Ferunt
3593 5017 3794 5069 barba-

2225 5129 2368 5177 rum,
2399 5111 2486 5166 ubi
2527 5113 2760 5182 primum
2818 5113 2869 5165 in
2923 5111 3362 5179 Ρειομοιιιιεειιηι
3431 5109 3788 5176 pervenisset,

2223 5206 2385 5257 etiam
2430 5203 2695 5258 Enboiani
2742 5205 3058 5266 accessisse,
3096 5202 3339 5257 visurum
3361 5201 3545 5270 Euripi
3577 5200 3788 5253 urbem.

2223 5297 2488 5366 Egressus
2538 5297 2734 5351 iterum
2803 5296 3204 5366 Poloponncso,
3272 5295 3544 5363 profectus
3599 5304 3682 5347 est
3730 5303 3790 5347 ut

2223 5396 2452 5442 tentaret
2501 5389 2786 5440 transitum
2814 5427 2829 5450 ,
2863 5390 3112 5454 venitque
3162 5381 3214 5436 in
3246 5393 3595 5447 conspectum
3635 5380 3788 5435 uibis

2223 5495 2286 5535 eo
2316 5479 2518 5546 animo,
2559 5491 2614 5534 ut
2637 5495 2752 5536 eam
2787 5479 3050 5534 hostiliter
3081 5477 3487 5548 aggrederetur.
3542 5473 3606 5527 Et
3657 5472 3783 5543 qui-

1814 5628 2060 5690 Notolze
2100 5628 2505 5707 marginales.

617 5782 659 5814 ⁶¹
694 5779 761 5833 In
801 5798 924 5842 uno,
960 5781 1295 5835 Ἐεοὺλετθε.

512 5870 672 5919 uno,
708 5856 758 5904 in
807 5853 878 5906 al.
916 5864 1040 5907 ulc.
1120 5855 1162 5886 "
1201 5853 1289 5907 ΑΙ.
1328 5853 1493 5924 αὐτῷ.

1374 5782 1416 5812 ⁸³
1448 5782 1556 5834 Καὶ
1584 5785 1638 5833 ὲν
1673 5782 1882 5840 τούτοις
1912 5780 2010 5847 τὴν
2035 5782 2358 5848 ἀπόπειραν.

1574 5855 1616 5884 ⁸⁵
1647 5851 1708 5904 In
1738 5867 1835 5904 uno
1862 5853 2298 5921 παραλαϐἐσθαι.

2438 5785 2478 5815 ⁸³
2516 5782 2578 5839 1η
2609 5801 2729 5850 uno,
2762 5783 2980 5837 σνιιίδει.
3086 5782 3126 5813 ⁵³
3181 5778 3474 5847 ιῐροςϐολὸι
3499 5795 3564 5829 ιι.
3605 5772 3692 5829 Sic
3727 5776 3779 5826 in
