4866 6594
208 416 265 479 5i
278 414 299 478 l

1306 412 1404 472 DE
1450 411 1697 472 REBUS
1734 411 2090 473 TURCICIS
2130 413 2272 476 LIB.
2318 416 2387 476 Χ.

3333 415 3439 479 542

205 534 373 590 πέλιν,
408 534 456 585 οἱ
489 532 543 585 δὲ
597 534 652 596 ἐς
701 535 805 587 πᾶν
857 532 949 586 τοῦ
1006 526 1177 585 κακοῦ
1213 530 1554 599 ἀφικόμενοι,
1585 527 1761 599 πολλῷ
1790 531 1836 589 Α
1864 530 2016 593 ditis,
2047 546 2127 584 n01

1516 548 1554 591 ι,
1585 527 1761 599 πο).λῷ
1790 531 1836 589 Α
1864 530 2016 593 ditis,
2047 546 2153 584 non
2203 547 2495 599 possumus
2535 529 2814 584 infamiam
2878 530 3019 600 apnd
3068 528 3305 601 reliquas
3341 550 3435 602 per

204 625 264 675 ἂν
298 624 498 693 μᾶλλον
538 624 755 677 ἕποιντο
781 623 1013 693 δύναμίν
1059 640 1118 675 τε
1157 621 1422 692 ἀξιόχρεω
1451 621 1539 673 διὰ
1571 621 1762 674 Θαλάτ-

201 734 293 782 της
338 716 589 783 ὁρῶντες,
622 717 716 770 καὶ⁵
739 716 857 769 κατ’
888 717 1112 787 ἧπειρον
1138 714 1383 782 κομίζειν
1415 713 1521 765 τῶν
1550 712 1762 767 ἱππέων

201 810 420 873 ὁπλίτας
442 812 545 863 τῶν
593 810 867 863 Ἰταλικῶν
896 812 951 872 ἐς
983 809 1298 878 δισχιλίους.
1337 809 1655 876 Πέμπεοθαι
1704 807 1763 860 δὲ

201 903 254 960 ἐς
286 902 691 970 Πελοπόννησον
726 902 821 954 καὶ
864 903 988 964 τοὺς
1033 904 1088 953 ἐν
1118 903 1229 961 τοῖς
1271 900 1580 968 ἐγκλήμασι
1616 900 1763 969 Κρῆ-

202 1012 297 1055 τας
330 995 420 1046 ἐπὶ
456 994 695 1047 διαλύσει
726 994 831 1045 τῶν
882 994 1262 1063 ἐγκλημάτων,
1305 993 1486 1046 Ταῦτα
1521 992 1579 1044 δέ
1628 992 1765 1045 ἐπά-

204 1105 396 1152 γοντας
431 1088 571 1155 ὑμᾶς
594 1086 828 1155 ὁρῶντες
856 1086 1075 1155 ὄψονται
1106 1103 1164 1139 τε
1223 1086 1443 1148 αὐτίκα,
1480 1087 1572 1137 καὶ
1604 1103 1765 1154 μετα-

206 1180 426 1240 στάντες
479 1181 562 1247 ἐφ’
605 1180 776 1247 ἡμᾶς,
810 1178 1139 1246 παρέξουσιν
1187 1176 1500 1245 ὑποχείριον
1535 1174 1631 1245 τὴν
1665 1176 1767 1227 Πε-

202 1271 554 1337 λοπόννησον.
618 1270 734 1337 Ἀφ’
788 1262 851 1339 ἦς
905 1268 1055 1320 ἔσται
1117 1269 1246 1336 ἡμῖν
1304 1266 1663 1335 ταμιεύεσθαι
1698 1268 1764 1333 τῇ

204 1365 409 1414 ἐκείνου
428 1362 598 1432 χώρᾳ,
621 1363 712 1414 καὶ
733 1361 935 1413 εἴσοδον
960 1360 1148 1429 ἱκανὴν
1174 1360 1562 1427 ἀποφέρεσθαι.
1583 1358 1767 1410 Ταῦτα

202 1457 255 1506 δὲ
300 1456 659 1521 συνῡεμέιιονς
693 1457 800 1512 τοῖς
838 1455 1082 1515 Παίοσιν,
1129 1452 1368 1514 ἐκείνους
1394 1453 1490 1521 μὲν
1535 1453 1640 1503 ἀπὸ
1670 1450 1764 1503 τοῦ

209 1550 445 1616 Ἴστρου,
472 1549 617 1617 ἡμᾶς
651 1548 705 1599 δὲ
756 1548 862 1599 ἀπὸ
908 1548 1005 1615 τῆς
1044 1546 1454 1614 Πελοποννήσου
1498 1546 1765 1614 ὡρμημέ-

386 1642 681 1706 ὲπιχειρεῖν
708 1642 770 1709 τῇ
811 1641 1017 1692 ἐκείνου
1066 1640 1231 1709 ἀρχῇ.
1293 1640 1400 1691 Καὶ
1436 1638 1511 1708 μὴ
1540 1637 1769 1701 καθεζο-

208 1729 401 1795 μένους
435 1734 697 1803 περιορᾷί
734 1734 829 1802 τὴν
870 1731 1051 1802 χώραν
1100 1731 1256 1801 ἡμῶν
1308 1731 1635 1803 δῃουμένην,
1674 1732 1766 1783 καὶ

205 1657 347 1699 νους,

205 1825 262 1886 ἐς
294 1826 727 1894 ἀνδραποδισμὶν
753 1830 875 1890 τοὺς
930 1828 1205 1896 ὑπηκόους
1247 1828 1404 1896 ἡμῶν
1437 1826 1763 1895 ἀγομένους,

206 1921 624 1988 ἁναγκασθῆναί
659 1940 789 1975 ποτε
828 1922 1042 1975 ἐλέσοαι
1070 1925 1253 1990 σιρίσιν
1285 1922 1493 1991 αἵρεσίν
1528 1940 1645 1976 τινα
1672 1922 1764 1976 ἄλ-

205 2010 325 2077 λην,
354 2013 724 2079 τρεπομένους
755 2014 813 2075 ἐς
843 2013 932 2065 τὸν
966 2014 1224 2081 πόλεμον.

1865 622 2139 692 Europam
2175 634 2362 693 gentes
2388 624 2646 693 effugere,
2676 624 2806 694 quin
2835 624 3039 691 dicant,
3077 640 3177 679 nos
3221 640 3435 679 merca-

1865 725 2001 768 turae
2022 726 2074 769 et
2120 718 2295 784 turpis
2356 717 2492 770 lucri
2525 717 2714 770 avidos
2757 717 3058 785 neglexisse
3098 727 3285 783 gentes
3339 732 3434 771 εο-

1869 807 2115 860 rumdem
2148 807 2434 862 nobiscum
2462 823 2698 874 morum,
2719 808 3071 877 ejusdemque
3100 809 3382 877 religionis
3414 826 3429 862 :

1864 906 1913 950 ει
1936 899 2087 967 quasi
2115 911 2414 968 spectasse,
2446 909 2503 952 ut
2552 900 2812 953 caderent
2874 898 3181 952 Turcorum
3234 908 3430 953 marte.

1865 989 2116 1054 Proinde,
2149 1001 2203 1045 ut
2231 993 2295 1044 ad
2328 1007 2498 1061 pauca
2529 991 2827 1053 redeam,si
2858 993 3099 1060 adjuncti
3138 992 3435 1046 Pannoniis

1867 1098 2013 1136 arma
2050 1082 2466 1151 arripuerimus,
2499 1085 2703 1137 nostris
2737 1086 2890 1139 nobis
2918 1085 3022 1139 frui
3050 1086 3253 1139 licebit.
3277 1086 3433 1151 Quod

1868 1175 1912 1229 si
1948 1177 2185 1229 cunctati
2216 1185 2270 1229 et
2292 1178 2530 1244 quietem
2562 1178 2733 1231 secuti
2762 1177 3043 1241 fuerintns,
3101 1180 3249 1232 brevi
3291 1182 3435 1233 vide-

1868 1267 2048 1321 bimus
2077 1283 2199 1321 eum
2230 1269 2524 1336 imparatos
2554 1284 2971 1338 Oppressurum,
3008 1280 3059 1323 et
3086 1281 3430 1325 extorturum

1868 1362 2021 1414 nobis
2053 1362 2328 1427 regionem
2357 1362 2519 1432 294
2551 1373 2817 1425 nostram,
2853 1380 2957 1431 qua
2989 1362 3037 1415 ei
3068 1364 3295 1416 finitima
3328 1372 3436 1416 est.

1866 1455 2106 1509 Consulo
2158 1455 2346 1524 igitur,
2385 1466 2444 1508 ιιι
2508 1458 2709 1524 legatos
2757 1472 2880 1509 cum
2939 1472 3136 1526 magna
3197 1456 3439 1521 ιιεειιιιὶιε

1866 1549 1917 1601 vi
1961 1549 2043 1602 ire
2068 1549 2359 1619 jnbeamus
2388 1550 2454 1603 ad
2489 1549 2796 1604 Pannones.
2832 1549 3120 1613 Pra'terea,
3159 1560 3215 1602 ιιι
3248 1559 3441 1618 praeter

1866 1657 2030 1697 naves
2060 1657 2181 1711 quae
2239 1642 2396 1697 nobis
2456 1652 2653 1711 praesto
2693 1653 2838 1706 sunt,
2886 1644 3047 1696 etiam
3108 1642 3244 1695 alias
3284 1651 3440 1708 quot-

1874 1748 2011 1807 quot
2036 1754 2348 1808 possumus.
2400 1740 2725 1805 impleamus
2789 1740 3074 1793 militibus.
3110 1736 3219 1792 Nec
3274 1739 3439 1792 etiam

1869 1830 2273 1897 praatereundus
2301 1841 2381 1885 est
2408 1830 2650 1899 pontifex
2700 1830 2991 1893 maximus,
3038 1832 3152 1899 qui,
3192 1844 3443 1898 quoquo—

1871 1922 2031 1975 modo
2058 1922 2171 1976 fieri
2196 1933 2394 1991 potest,
2418 1924 2471 1977 in
2495 1924 2618 1977 belli
2648 1924 2962 1978 societatem
2997 1924 3362 1983 adhibendus,
3389 1936 3444 1975 et

1871 2016 2042 2069 totius
2075 2015 2199 2069 belli
2249 2016 2360 2069 dux
2404 2016 2767 2071 declarandus
2818 2027 2920 2070 est.
2965 2016 3042 2069 Ad
3092 2017 3224 2075 bare,
3274 2029 3439 2080 Opera

204 2102 379 2154 danda
419 2114 521 2166 est,
580 2114 633 2156 ut
679 2104 1087 2174 Peloponnesus
1120 2105 1184 2158 ad
1239 2105 1604 2159 defectionem
1661 2104 2010 2159 sollicitetur.
2039 2104 2104 2158 Et
2134 2105 2183 2160 id
2214 2106 2435 2173 quidem
2500 2104 2553 2160 in
2610 2106 2836 2176 proclivi
2887 2116 3012 2171 est;
3066 2107 3111 2160 si
3181 2107 3326 2159 enim
3369 2104 3446 2157 al-

206 2194 388 2248 terum
414 2198 478 2248 de
500 2198 691 2250 ducum
723 2214 966 2262 numero,
993 2198 1083 2267 qui
1111 2199 1341 2254 descivit
1366 2200 1433 2253 ab
1461 2214 1605 2267 rege,
1630 2209 1843 2253 tenuem
1866 2209 2113 2268 agentem
2142 2201 2302 2254 vitam
2324 2200 2766 2271 Peloponnesiaci
2792 2200 2965 2255 secuti
3001 2209 3149 2263 sunt,
3177 2214 3299 2252 cum
3326 2200 3446 2266 qui—

205 2294 330 2345 dam
364 2294 676 2348 desererent
720 2296 904 2354 urbes.
930 2296 1018 2349 alii
1048 2297 1243 2351 veroin
1286 2313 1497 2351 smnma
1516 2298 1763 2351 venirent
1802 2298 2069 2365 pericula,
2103 2298 2232 2365 quid
2260 2297 2500 2352 futurum
2547 2299 2792 2361 creditis,
2869 2298 2913 2352 si
2968 2295 3201 2350 viderint
3262 2305 3442 2348 tantas

207 2387 394 2454 copias
421 2398 558 2441 terra
596 2389 838 2457 marique
865 2387 1127 2445 adversus
1155 2390 1441 2445 barbarum
1463 2391 1793 2445 adventare?
1832 2390 2037 2446 Censeo
2063 2392 2282 2460 inSnper
2327 2392 2539 2460 equites
2581 2399 2898 2445 etarmatos
2924 2390 3137 2443 Italicos
3162 2391 3243 2443 bis
3294 2390 3438 2442 mille

209 2480 509 2537 mittendos
556 2484 609 2536 in
672 2484 1122 2553 Peloponnesum.
1180 2484 1527 2541 Cretensibus
1590 2502 1802 2554 quoque
1845 2488 2001 2541 venia
2061 2497 2115 2541 et
2163 2488 2453 2541 criminum
2507 2486 2733 2541 abolitio
2772 2486 2950 2540 danda
3019 2496 3125 2539 est;
3194 2484 3318 2539 Haec
3344 2484 3433 2537 ubi

212 2594 317 2633 nos
358 2596 515 2649 agere
540 2584 800 2648 viderint,
854 2585 1114 2637 continuo
1145 2585 1210 2639 ad
1254 2600 1354 2639 nos
1409 2584 1785 2638 transitionem
1825 2582 2044 2648 facient,
2095 2593 2148 2638 et
2192 2584 2629 2651 Pol0ponnesum
2707 2582 3016 2648 subjicient,
3067 2582 3210 2634 unde
3267 2580 3450 2634 licebit

205 2679 429 2745 negotia
463 2683 573 2748 regi
605 2680 898 2737 facessere.
931 2681 1061 2737 Nam
1095 2684 1161 2736 ab
1205 2683 1579 2752 Peloponneso
1623 2681 1965 2736 commodius
1992 2684 2049 2735 in
2081 2684 2200 2748 ejus
2227 2683 2510 2751 regionem
2570 2680 2792 2734 dabitur
2873 2694 3154 2732 accessus.
3246 2674 3304 2728 Si
3354 2678 3451 2740 igi-

207 2786 296 2827 tur
334 2774 647 2829 soeietutem
679 2778 1009 2831 coiret-imus
1035 2794 1157 2831 cum
1182 2777 1557 2841 Pannonibus,
1608 2779 1895 2831 Pannones
1962 2778 2029 2831 ab
2084 2775 2244 2842 Istro,
2303 2792 2404 2831 nos
2445 2779 2513 2833 ab
2553 2776 2924 2845 Peloponneso
2992 2773 3211 2827 Barbari
3272 2773 3449 2837 regio-

206 2883 335 2921 ncm
370 2867 772 2933 populabimur.
815 2867 921 2921 Nec
961 2868 1189 2935 pressis,
1213 2870 1357 2936 quod
1383 2869 1556 2931 aiunt,
1586 2868 1838 2923 sedentes
1900 2870 2151 2925 manibus
2183 2911 2197 2931 .
2233 2870 2567 2939 negligemus
2617 2872 2891 2941 regionem
2949 2878 3188 2922 nostram
3248 2865 3452 2920 vastari

204 2974 261 3017 et
285 2964 532 3018 subditos
569 2971 785 3016 nostros
813 2959 1119 3015 Turcorum
1173 2963 1443 3030 mancipia
1493 2962 1631 3016 fieri.
1666 2959 1862 3015 Verum
1903 2965 1985 3018 his
2010 2967 2227 3019 tandem
2255 2974 2507 3019 auctores
2560 2965 2788 3029 erimus,
2852 2974 2910 3018 ut
2975 2963 3268 3032 aliquando
3307 2962 3452 3014 aliud

206 3056 507 3112 consilium
545 3065 783 3121 captent,
808 3064 859 3107 et
901 3057 1069 3108 armis
1092 3055 1323 3109 barbaro
1346 3056 1556 3109 fortiter
1575 3056 1828 3111 resistere
1867 3058 2173 3114 instituant.

282 3150 472 3202 Ταῦτα
498 3148 742 3208 εἰπόντος
770 3146 864 3199 τοῦ
892 3146 1190 3214 Βίκτωρος,
1227 3148 1546 3200 συνέπαινοί
1571 3165 1629 3199 τε
1653 3148 1775 3214 ἐγέ-

206 3258 369 3293 νοντο
400 3242 495 3293 καὶ
539 3240 587 3290 οί
634 3238 853 3300 πλείους
899 3238 945 3267 ⁷⁸
995 3237 1052 3287 ἐν
1095 3238 1266 3305 αὐτῷ.
1305 3238 1599 3300 Ἰσοπαλείς
1634 3238 1688 3289 δὲ
1720 3238 1777 3291 αι

1951 3151 2154 3215 Victor,
2191 3149 2828 3217 lmjuscemodioratione
2862 3148 3062 3210 habita,
3089 3148 3352 3217 plurimos
3397 3150 3449 3201 in

1884 3258 2039 3296 suam
2072 3245 2394 3296 sententiam
2453 3243 2638 3296 traxit.
2691 3242 2891 3296 Calculi
2936 3251 3113 3295 autem
3166 3260 3288 3295 cum
3325 3260 3455 3308 prn-

208 3337 388 3404 ψῆφοι
438 3333 617 3397 οὖσαι,
647 3333 794 3401 ὅμως
858 3331 1239 3399 ἐπεκράτησαν
1299 3331 1354 3383 αἱ
1408 3331 1499 3383 τὸν
1545 3330 1780 3397 πόλεμον
1809 3366 1851 3422 C
1884 3335 2130 3404 pemodui

1545 3330 1780 3397 πόλεμον
1809 3366 1851 3422 C
1884 3335 2173 3404 pemodum
2203 3336 2456 3403 utrinque
2480 3345 2664 3390 essent
2718 3335 2955 3403 a‘quales
2987 3351 3232 3396 numero,
3276 3337 3452 3389 vicere

207 3426 686 3494 ἀπαγγέλλουσαι.
732 3424 885 3477 Μετὰ
934 3424 991 3475 δέ
1040 3423 1235 3474 αὐτίκα
1288 3422 1464 3474 ἐδόκει
1522 3422 1782 3492 πρέσϐεις

214 3523 325 3590 μὲν
359 3523 413 3577 ἐς
447 3521 539 3572 τθιν
581 3518 754 3586 μέγαν
787 3516 1051 3583 ἀρχιερέα
1080 3516 1343 3583 πέμπειν,
1373 3516 1469 3567 καὶ
1497 3516 1588 3566 ἐπὶ
1620 3513 1785 3567 Παίο-

210 3636 319 3678 νας
354 3615 551 3667 αὐτίκα
610 3612 870 3682 πρέσϐεις
925 3611 1166 3678 πέμπειν
1204 3609 1483 3672 ὡσαύτως,
1522 3609 1783 3677 χρήματα

209 3711 467 3778 ἔχοντας.
521 3707 584 3759 Oi
646 3707 742 3773 μὲν
775 3705 868 3757 οὖν
921 3703 1183 3773 πρέσϐεις
1242 3701 1565 3770 ἀφικόμενοι
1597 3702 1652 3762 ἐς
1690 3699 1783 3752 τὸν

211 3805 393 3861 ἄκρον
432 3798 711 3868 ἀρχιερέα,
760 3798 944 3860 ἔλεγον
980 3798 1046 3849 τὰ
1080 3795 1390 3865 καθήκοντα
1420 3796 1531 3856 τοῖς
1584 3795 1783 3845 065v:-

210 3896 358 3952 τοῖς.
389 3892 464 3952 ὡς
510 3894 564 3943 ἐν
617 3889 796 3959 καιρῷ
837 3890 976 3942 πάνυ
1012 3889 1094 3954 εἴη
1131 3888 1247 3955 ἅμα
1281 3887 1466 3947 αὐτοῖς
1500 3886 1589 3938 τὸν
1628 3886 1786 3937 πόλε-

216 4004 326 4053 μον
381 3982 775 4050 ἀναιρούμενον
827 3983 937 4040 τοῖς
977 3980 1285 4049 Βαρϐἀροις
1332 3978 1782 4045 διαπράττεσθαι,

208 4076 342 4129 an‘
372 4076 437 4127 ἂν
472 4073 618 4142 αὐτῷ
658 4074 750 4125 καὶ
782 4074 1046 4142 πρότερον
1080 4074 1134 4123 ἐν
1183 4071 1406 4142 Μαντύῃ
1443 4072 1786 4138 ἐπετήδευτο.

222 4172 293 4220 't)
318 4168 367 4221 δ’
390 4170 674 4238 ἀρχιερεὺς
699 4165 1202 4233 ὑπολαὸωνέλεγεν,
1222 4166 1296 4225 ὡς
1319 4166 1615 4231 ἀναγκαῖον
1638 4165 1788 4232 πρῶ-

208 4278 313 4313 τον
345 4262 505 4313 αὑτὸν
534 4260 623 4312 τὸν
651 4260 843 4328 μικρὸν
871 4259 1152 4324 Βᾶρϐαοον
1182 4258 1243 4307 ὲκ
1283 4259 1451 4324 μέσον
1497 4260 1786 4318 ποιεῖσθαι,

209 4356 325 4408 εἶθ’
375 4355 545 4417 οὕτως
581 4356 718 4407 ἰέναι
776 4354 868 4408 καὶ
900 4354 990 4406 ἐπὶ
1014 4355 1105 4406 τὸν
1135 4358 1306 4422 μέγαν
1328 4374 1340 4386 ·
1373 4356 1651 4422 σημαίνων
1700 4354 1790 4405 τὸν

211 4451 279 4501 Ἀ
293 4451 523 4518 ριμήνου
543 4448 807 4516 ἡγεμόνα,
840 4448 969 4518 πρὸς
995 4450 1052 4500 ὃν
1070 4449 1303 4516 πόλεμος
1321 4443 1386 4515 ἦν
1425 4447 1591 4516 αὐτῷ,
1623 4446 1792 4499 διενε-

212 4542 427 4611 χθέντα
478 4541 570 4591 ἐπὶ
621 4541 826 4610 τρόπῳ,
870 4541 926 4590 ὃν
980 4540 1312 4605 παραλιπεῖν
1366 4540 1536 4602 ἄξιον.
1582 4538 1679 4590 Διὰ
1727 4536 1792 4607 δὴ

207 4630 404 4682 ταῦτα
462 4628 636 4682 αἰτίαν
695 4627 975 4697 ἐπιφέρων
1026 4628 1301 4695 τοιαύτην,
1341 4628 1620 4696 ἐπολέμει.
1678 4629 1792 4680 Καὶ

1885 3440 2087 3491 tamen,
2122 3428 2245 3497 quia
2306 3429 2586 3497 aliquanto
2648 3430 2831 3495 plures
2882 3437 3061 3494 erant,
3117 3429 3211 3497 qui
3251 3429 3451 3483 bellum

1884 3518 2229 3574 nuntiabant.
2261 3520 2571 3575 Secundum
2598 3520 2712 3573 haec
2754 3520 3029 3573 decretum
3086 3520 3287 3573 factum
3343 3534 3451 3585 est,

1884 3622 1945 3665 ut
1970 3612 2127 3677 legati
2170 3612 2381 3665 abirent
2434 3612 2500 3665 ad
2552 3612 2865 3680 pontificem
2910 3628 3192 3680 magnum,
3237 3623 3291 3665 et
3356 3612 3455 3664 alii

1886 3720 2047 3771 porro
2087 3706 2149 3757 ad
2179 3704 2463 3757 Pannones
2512 3704 2893 3772 ablegarentur
2962 3720 3086 3756 cum
3133 3718 3329 3772 magna
3364 3718 3453 3771 pe-

1886 3798 2061 3849 cuniae
2105 3796 2175 3848 vi.
2228 3793 2411 3864 Legati
2452 3796 2731 3849 venientes
2780 3796 2844 3848 ad
2910 3795 3219 3862 pontificem
3278 3794 3457 3846 niaxi-

1887 3902 2059 3950 mum,
2090 3887 2346 3940 dixerunt
2378 3902 2498 3953 quae
2526 3885 2762 3941 Venetos
2812 3887 2993 3940 dicere
3054 3902 3268 3954 aequum
3318 3895 3457 3948 erat,

1887 3981 2139 4034 videlicet
2172 3990 2381 4046 tempus
2422 3993 2564 4032 nunc
2603 3980 2831 4041 instare,
2870 3989 2924 4031 et
2967 3993 3211 4040 monere,
3248 3984 3305 4029 ut
3348 3993 3455 4029 una

1888 4087 2009 4125 cum
2066 4072 2194 4140 ipsis
2249 4072 2447 4125 bellum
2490 4071 2751 4124 adversus
2802 4070 3068 4124 Barbaros
3129 4079 3456 4136 capesseret,

1888 4163 2339 4232 quemadmodum
2387 4161 2615 4214 Mantua!
2656 4160 3019 4214 convenisset.
3091 4157 3338 4211 Pontifex
3373 4174 3461 4209 re-

1890 4256 2164 4324 Spmidens
2217 4255 2435 4323 inquit:
2475 4253 2706 4307 Necesse
2736 4261 2819 4305 est
2864 4262 2922 4305 ut
2958 4252 3109 4319 prius
3145 4251 3368 4318 impium
3406 4259 3461 4302 et

1891 4348 2320 4400 consceleratum
2377 4348 2754 4413 minoremqne
2810 4345 3109 4397 Barbarum
3178 4359 3208 4397 ε
3277 4342 3459 4395 modio

1893 4441 2096 4493 tollam.
2151 4438 2350 4491 Deinde
2394 4439 2498 4492 diis
2543 4438 2680 4491 bene
2736 4438 3082 4490 monentibus
3142 4435 3455 4503 proficiscar

1891 4542 2080 4585 contra
2123 4547 2376 4600 magnum
2412 4531 2736 4583 Barbarum.
2770 4533 2837 4584 At
2868 4527 3450 4597 iutelligebatArimini

1893 4625 2108 4685 ducem,
2158 4639 2281 4675 cum
2342 4637 2452 4692 quo
2498 4621 2696 4675 bellutn
2749 4637 2810 4674 ea
2860 4630 3175 4688 tempestate
3212 4619 3452 4686 gerebat.

206 4722 373 4775 οὕτω
409 4722 508 4787 μὲν
539 4722 565 4771 ὁ
598 4721 890 4788 ἀρχιερεὺς
948 4720 1300 4787 διεκρούσατο
1336 4724 1446 4782 τοῖς
1484 4722 1787 4783 Οὑενετοῖς,
1822 4703 1867 4760 D
1896 4716 2091 4770 Verum
2125 4741 2128 4761 ι

1535 4722 1787 4783 ὐενετοῖς,
1822 4703 1867 4760 D
1896 4716 2091 4770 Verum
2125 4731 2343 4770 causam
2367 4716 2482 4785 ejus
2522 4715 2646 4768 belli
2672 4729 2817 4767 nunc
2852 4713 3104 4766 omisisse
3149 4713 3323 4767 satius
3353 4721 3457 4765 est.

206 4818 369 4883 ἔχων
426 4811 683 4879 ἐμφύλιον
732 4814 931 4863 οἰκεῖον
984 4814 1247 4880 πόλεμον·
1302 4815 1439 4880 μετὰ
1491 4814 1547 4867 δὲ
1597 4815 1645 4865 οἱ
1699 4814 1794 4866 ἐπὶ

210 4906 467 4962 Παίονας
499 4902 861 4969 πεμφθέντες.
892 4902 1032 4955 ὥστε
1069 4905 1160 4956 ἐπὶ
1215 4904 1302 4957 τὸν
1340 4906 1575 4973 πόλεμον
1615 4924 1795 4975 παρα-

205 4996 547 5063 λαμϐάνειν,
570 4997 624 5057 ἐς
666 4994 787 5063 ὄψιν
818 4995 1063 5058 ἐλθόντες
1084 4976 1390 5064 τῷδβασιλεϊ
1418 4997 1677 5062 Παιόνων,
1705 4999 1796 5051 καὶ

198 5090 295 5155 τῇ
358 5087 667 5156 συγκλήτῳ,
728 5086 912 5153 ελεγον
964 5088 1175 5140 τοιάἰε³
1253 5089 1480 5157 Ἄνδρες
1543 5091 1797 5153 Παίονες,

204 5182 399 5247 ἑρὶτε
439 5177 501 5245 δὴ
535 5180 688 5243 ὑμεῖς
722 5178 817 5247 τὴν
854 5177 1116 5245 Τούρκων
1173 5181 1440 5249 βασιλέως
1477 5182 1727 5249 δύναμιν,

204 5271 647 5339 ἀπροεχὼρησεν,
689 5272 762 5333 ὡς
813 5272 1099 5340 δυναστείᾳ
1136 5275 1233 5338 μὲν
1268 5276 1394 5335 τοῦς
1431 5275 1489 5325 ἐν
1522 5276 1586 5344 τῇ
1619 5277 1801 5327 οἰκου-

212 5364 378 5434 μένῃ
418 5362 716 5427 ὁμοςύλους
751 5364 883 5432 ἡμῖν
933 5365 1368 5431 κατεστρέᾇατο.
1408 5367 1513 5417 Καὶ
1546 5366 1700 5435 ἡμῶν
1743 5366 1800 5417 δὲ

200 5456 334 5522 τὴν
369 5452 551 5521 χώραν
582 5452 653 5512 ὡς
678 5452 1004 5521 ληϊζόμενοι.
1042 5454 1385 5521 ἀνδραπόδων
1418 5457 1511 5522 τήν
1534 5472 1591 5506 τε
1621 5455 1804 5507 Ἀσίαν

197 5546 330 5603 καὶ
381 5543 647 5611 Εὐρώπην
691 5544 1014 5611 ἐνέπλησαν.
1054 5548 1161 5598 Καὶ
1211 5547 1301 5597 τόν
1348 5564 1408 5614 γε
1458 5547 1668 5612 Ἴστρον
1715 5547 1802 5599 ἀεὶ

200 5637 631 5698 διαϐαίνοντες,
664 5635 850 5705 δῃοῦσί
880 5655 933 5689 τε
970 5641 1062 5707 τὴν
1091 5638 1292 5708 χώραν,
1320 5641 1411 5691 καὶ
1435 5640 1796 5696 ἐπικαίουσιν.

1896 4810 2105 4878 Legati,
2151 4809 2241 4876 qui
2297 4808 2362 4859 ad
2416 4807 2738 4859 Pannonum
2793 4806 3008 4860 animos
3062 4806 3459 4860 conciliandos.

1897 4913 1957 4958 ut
1992 4901 2222 4971 prompti
2281 4910 2640 4968 sequerentur
2702 4900 2757 4952 in
2832 4898 3119 4957 Turcicam
3164 4901 3463 4966 expeditio-

1899 5010 2044 5054 nem.
2078 4993 2233 5045 missi
2267 5001 2444 5053 erant,
2471 4990 2801 5059 prodeuntes
2837 4991 2889 5043 in
2923 4990 3083 5060 295
3110 5005 3463 5060 conspectum

1902 5090 2045 5159 regis
2092 5085 2326 5153 Matbiaz,
2394 5086 2445 5138 in
2509 5084 2778 5153 frequenti
2839 5098 3029 5139 senatu
3086 5085 3462 5153 hujuscemodi

1900 5181 2200 5233 orationem
2257 5176 2438 5231 exorsi
2490 5188 2675 5229 sunt:
2736 5177 2845 5228 Viri
2906 5174 3219 5243 Pannones,
3280 5177 3467 5243 utique

1902 5271 2123 5324 cernitis
2152 5267 2455 5323 Turcorum
2506 5269 2650 5336 regis
2702 5266 2998 5334 potentiam
3053 5283 3162 5335 quo
3211 5268 3467 5320 evaserit.

1906 5363 2012 5416 Eos
2047 5363 2136 5430 qui
2180 5362 2232 5413 in
2267 5362 2397 5415 orbe
2436 5360 2748 5413 Christiano
2794 5359 3036 5425 ejusdem
3076 5359 3361 5413 nobiscum
3417 5369 3471 5412 et

1909 5455 2029 5507 tidi-i
2089 5464 2140 5507 et
2204 5453 2378 5521 gentis
2431 5461 2577 5515 sunt,
2645 5467 2800 5505 suum
2850 5450 3135 5518 imperium
3186 5452 3471 5519 suscipere

1911 5548 2104 5612 coegit.
2140 5545 2211 5597 Ex
2243 5544 2551 5614 regionibus
2590 5542 2788 5597 nostris
2825 5541 3034 5610 praedas
3077 5558 3261 5611 agens,
3290 5543 3472 5595 Asiam

1908 5645 1961 5690 ει
1991 5635 2259 5702 Europam
2288 5633 2574 5703 mancipiis
2601 5631 2799 5686 nostris
2831 5631 3077 5701 replevit.
3110 5632 3303 5686 Istrum
3338 5648 3474 5701 pra:—

1515 5756 1759 5817 Notulae
1795 5750 2198 5831 marginales.

332 5880 374 5910 τ’
420 5876 484 5931 1η
514 5895 610 5930 uno
646 5880 755 5931 des.
