4866 6594
1392 545 1498 604 5ί3

2515 547 2818 609 LAONICI
2860 547 3518 613 CHAI.(‘.OCONDYL£

4491 547 4584 611 544

1395 671 1537 712 turea
1587 659 1896 721 frequenter
1929 659 2358 728 transgrediens,
2403 660 2680 728 regionem
2725 661 3030 731 popula-A
3062 665 3150 728 Ὠς
3216 664 3273 715 δὲ

2725 661 3030 731 popula-A
3062 665 3150 728 Ὠς
3216 664 3273 715 δὲ
3332 665 3494 728 αὐτὸς
3545 667 3574 719 ὁ
3636 664 3938 732 Βάρϐιιρος,
3995 663 4095 716 ούκ
4147 663 4227 715 ἔτι
4282 661 4462 724 διαϐὰς
4514 664 4602 713 τὸν

1395 762 1501 812 tur,
1535 764 1799 818 agrosque
1829 748 1951 800 urit.
1983 746 2171 816 Itaque
2216 750 2261 803 si
2287 764 2384 803 nos
2415 751 2720 814 audieritis,
2751 751 2951 804 Barba-

1397 857 1489 894 rus
1542 858 1648 895 non
1717 841 1950 909 amplius
2017 842 2256 910 trajit-iet
2321 843 2538 908 Istrum,
2607 855 2665 896 ut
2713 856 2950 898 vestram

1394 936 1670 1004 regionrm
1728 935 2024 1005 impugnet.
2055 933 2188 986 Nam
2245 935 2590 989 manifestum
2646 952 2770 991 esse
2832 952 2954 991 reor

1391 1029 1668 1091 omnibus,
1726 1029 1771 1083 si
1833 1029 1992 1083 modo
2058 1028 2200 1082 vires
2258 1029 2563 1084 intellectus
2623 1046 2717 1084 seu
2762 1031 2956 1084 mentis

1405 1122 1763 1180 intenderim.
1803 1122 1940 1186 fore,
1989 1122 2033 1175 si
2070 1138 2167 1176 vos
2214 1122 2410 1177 Istrum
2442 1123 2873 1187 transmiseritis,
2904 1133 2959 1177 et

1407 1216 1459 1268 in
1506 1213 1625 1282 ejus
1656 1214 1927 1280 regionem
1983 1213 2166 1268 hostili
2210 1215 2395 1267 animo
2446 1215 2655 1270 fueritis
2702 1215 2956 1283 ingressi,

1407 1315 1466 1358 ut
1509 1307 1803 1359 maximum
1846 1307 2135 1359 tumultum
2164 1306 2215 1359 in
2249 1306 2369 1374 ejus
2403 1308 2622 1376 regione
2653 1306 2957 1370 coucitetis,

1406 1414 1603 1466 resque
1645 1401 1764 1467 ejus
1802 1399 2114 1466 planissime
2148 1399 2508 1453 conturbetis.
2539 1398 2769 1464 Turcus,
2813 1408 2872 1453 ut
2898 1399 2962 1452 li-

1406 1489 1573 1557 quido
1601 1499 1830 1552 constat,
1861 1489 2075 1543 Grzrcos
2111 1488 2424 1550 debellavit,
2472 1498 2525 1542 et
2573 1505 2762 1543 eorum
2790 1490 2962 1556 regio-

1405 1598 1527 1634 nem
1583 1596 1682 1634 suo
1734 1582 1975 1635 dominio
2002 1581 2220 1650 adjecit.
2254 1581 2620 1636 Triballorum
2660 1583 2959 1651 regionem,

1402 1685 1456 1726 et
1489 1674 1793 1728 universam
1841 1673 2271 1740 Peloponnesum
2327 1675 2411 1729 sui
2449 1675 2594 1745 juris
2648 1675 2797 1729 fecit.
2825 1673 2964 1728 Tra-

1407 1770 1720 1834 pezuntlum
1758 1781 1934 1836 regem
1967 1766 2194 1830 domuit,
2240 1767 2468 1834 ejusque
2506 1766 2727 1835 regione
2766 1767 2967 1835 potitus

1407 1871 1514 1913 est.
1576 1859 1748 1913 Dacia:
1813 1859 2004 1913 ducem
2053 1861 2219 1912 dedit.
2279 1859 2619 1930 Illyricorum
2686 1860 2966 1928 regionem

1408 1953 1609 2006 misere
1636 1954 1928 2016 evastavit;
1969 1966 2266 2021 eorumque
2303 1967 2506 2020 regem,
2536 1953 2712 2006 virum
2753 1967 2965 2022 mquum

1409 2053 1463 2096 ct
1520 2044 1848 2108 modestum,
1908 2047 2050 2114 cepit
2104 2054 2159 2098 et
2223 2045 2446 2100 occidit.
2491 2044 2624 2098 Eum
2661 2045 2846 2112 igitur,
2875 2045 2968 2113 qui

1411 2137 1557 2188 brevi
1588 2136 1872 2189 admodum
1922 2147 2158 2205 tempore
2211 2147 2291 2191 tot
2329 2137 2662 2206 principatus
2687 2147 2741 2192 et
2782 2148 2970 2207 polen-

1415 2239 1557 2280 tatus
1585 2227 1879 2281 demolitus
1945 2237 2049 2292 est,
2115 2229 2244 2298 quid
2308 2244 2474 2297 porro
2524 2230 2794 2283 facturum
2853 2244 2972 2284 cre—

1412 2317 1582 2370 ditis?
1613 2317 1764 2370 l-laud
1820 2317 1987 2387 quieti
2033 2327 2086 2372 et
2139 2319 2367 2388 ignaviae
2403 2334 2461 2373 se
2512 2320 2969 2388 corrumpendum

1414 2409 1609 2476 tradet,
1675 2426 1857 2464 verum
1903 2410 2158 2465 ﬁnitimos
2210 2412 2381 2466 armis
2414 2421 2645 2482 appetet,
2673 2427 2974 2481 eorumque

1418 2501 1667 2570 regiones
1696 2517 1804 2557 sure
1832 2501 2108 2571 adjunget.
2143 2502 2250 2558 Nec
2294 2519 2476 2560 moras
2514 2505 2785 2560 nectendo
2819 2504 2974 2560 sede-

1414 2594 1528 2656 bit;
1569 2609 1752 2647 verum
1788 2594 1932 2648 illico
1970 2596 2023 2648 in
2055 2595 2314 2652 ﬁnitimos
2344 2614 2493 2653 arma
2521 2600 2779 2656 vibrabit.
2818 2600 2976 2656 Nunc

1417 2687 1584 2755 igitur
1646 2703 1743 2742 nec
1799 2687 1951 2743 vobis
2007 2689 2203 2743 bellum
2259 2702 2462 2760 parcet.
2507 2691 2640 2748 Nam
2689 2696 2977 2750 conabitur

1421 2782 1689 2834 universis
1720 2781 1833 2834 suis
1865 2783 2035 2851 copiis
2068 2783 2258 2850 fretus,
2315 2786 2368 2839 in
2428 2787 2700 2856 regionem
2738 2801 2974 2843 vestram

1421 2875 1678 2942 impetum
1722 2873 1920 2938 facere,
1982 2886 2039 2930 et
2095 2893 2160 2931 ex
2205 2893 2267 2932 ea
2315 2878 2594 2934 hominum
2633 2881 2976 2952 aliarumque

1421 2984 1602 3021 rerum
1655 2968 1861 3037 prtrdas
1886 2984 2065 3035 agere,
2101 2970 2372 3040 principes
2394 2980 2602 3026 vestros
2653 2973 2979 3043 turpissima:

1425 3060 1538 3112 neci
1579 3059 1790 3115 tradere
1838 3061 1978 3114 lmtd
2024 3063 2390 3118 cunctabitur.
2429 3065 2563 3118 Nam
2613 3068 2831 3122 animus
2862 3069 2980 3138 ejus

1423 3166 1637 3219 semper
1665 3161 1747 3206 est
1784 3153 2143 3222 implacabilis
2178 3171 2303 3225 erga
2340 3167 2575 3222 nostros,
2607 3169 2661 3214 et
2707 3176 2831 3232 erga
2865 3179 2982 3216 om-

1426 3259 1521 3297 nes
1544 3259 1638 3298 eos
1669 3245 1759 3313 qui
1799 3246 2121 3302 Christiana:
2151 3249 2398 3320 religioni
2436 3254 2811 3320 acquiescunt.
2841 3256 2983 3309 Prae-

1424 3345 1569 3389 terca
1602 3353 1789 3404 parum
1826 3350 2073 3406 paratum
2126 3342 2367 3396 animum
2394 3344 2532 3412 gerit
2574 3361 2698 3415 erga
2727 3363 2852 3401 eum
2887 3348 2976 3418 qui
3008 3363 3052 3422 ο

1426 3446 1485 3483 se
1527 3430 1844 3483 benevolum
1890 3440 1942 3486 et
1974 3431 2261 3501 benignum
2299 3436 2479 3491 oll‘ert.
2519 3437 2668 3492 lland
2715 3440 2859 3493 enim
2892 3457 2985 3496 vos

1427 3523 1689 3590 ιιι-αξιειῆι,
1743 3521 1872 3590 quid
1931 3522 2118 3577 fecerit
2181 3523 2454 3582 Vladislao
2513 3531 2742 3598 principi
2780 3542 2982 3587 vestro.

1429 3612 1625 3666 Verum
1669 3614 1949 3668 enimvero
2001 3615 2212 3668 veniam
2241 3617 2327 3672 hic
2352 3629 2587 3672 meretur
2639 3621 2882 3686 Turcus;
2917 3623 2988 3676 si-

1428 3707 1646 3775 quidem
1677 3706 1985 3760 \'ladislaus
2023 3707 2073 3760 in
2115 3709 2299 3777 pnelio
2350 3723 2540 3779 captus
2591 3712 2819 3769 interiit.
2884 3714 2987 3770 Sed

1430 3795 1560 3863 quid
1601 3796 1727 3849 mali
1763 3811 1952 3864 passus
1988 3809 2090 3862 est,
2123 3809 2216 3852 aut
2260 3816 2553 3869 quamnam
2611 3804 2868 3873 injuriam
2901 3823 2991 3861 ac-

1432 3888 1572 3955 cepit
1604 3888 1670 3941 ab
1706 3887 1904 3944 Davide
1935 3888 2295 3959 Trapezuntis
2321 3907 2468 3962 rege,
2499 3903 2555 3948 ct
2587 3895 2656 3948 ab
2687 3895 2990 3966 Illyriorum

1435 3990 1490 4034 et
1521 3980 1676 4035 Lesbi
1718 3981 1876 4044 duce,
1942 3998 2154 4037 necnon
2222 3984 2290 4038 ab
2352 3985 2572 4054 reliquis
2636 4002 2772 4055 quos
2800 4002 2994 4045 omnes

1437 4073 1730 4126 crudeliter
1757 4073 2012 4127 necavit?
2061 4077 2105 4129 si
2164 4075 2347 4144 itaque
2401 4081 2697 4134 contractis
2735 4081 2906 4148 copiis
2940 4083 2993 4136 in

1435 4167 1554 4233 ejus
1588 4166 1866 4233 regionem
1916 4165 2205 4229 irrueritis,
2245 4177 2393 4222 certe
2446 4168 2596 4224 brevi
2627 4173 2852 4239 spiritus
2876 4173 2995 4241 ejus

1436 4273 1747 4322 generosos.
1789 4272 1927 4327 quos
1958 4270 2145 4312 contra
2175 4257 2514 4314 Pannoniam
2553 4264 2822 4333 concepit,
2865 4278 2997 4318 con-

1437 4351 1710 4405 tuderitis.
1746 4350 1840 4404 Sin
1893 4361 2070 4405 autem
2113 4353 2380 4420 patienter
2418 4370 2539 4423 quae
2586 4355 2656 4409 ab
2701 4371 2830 4424 rege
2862 4355 3000 4410 iule-

1437 4453 1652 4502 runtur.
1707 4444 2102 4504 sustinueritis.
2171 4445 2601 4512 transgredietur
2652 4447 2699 4501 is
2755 4447 2996 4502 universi

1435 4537 1706 4590 exercitus
1762 4537 1955 4589 robore
2009 4538 2071 4588 ad
2139 4552 2254 4590 vos.
2289 4537 2492 4591 Vereor
2539 4538 2683 4606 quod
2728 4539 2772 4592 si
2805 4538 2999 4592 deinde

1438 4626 1604 4680 semel
1640 4626 2042 4686 abcrraveritis.
2080 4627 2244 4696 296
2271 4636 2325 4680 et
2358 4643 2550 4695 parum
2608 4628 2837 4684 feliciter
2867 4645 3000 4683 con-

3062 762 3313 830 Ἴστρον,
3368 762 3496 830 περὶ
3546 761 3645 829 τῆς
3702 760 3972 829 ὑμετέρας
4036 760 4219 812 αὐτῶν
4282 740 4376 811 τὸν
4431 759 4605 824 ἀγῶνα

3059 854 3315 916 ποιεῖται,
3347 851 3480 918 δῆλά
3524 852 3639 904 ἐστι
3671 852 4044 919 λογιζομένοις
4080 851 4232 918 ὑμῖν,
4264 849 4346 902 δτι
4387 850 4474 902 ἐπὶ
4511 847 4605 915 τὴν

3060 942 3270 995 ἐκείνου
3317 941 3710 1004 διαϐαίνοντες,
3743 943 3801 1005 ἐς
3836 941 4064 1012 θόρυϐον
4093 941 4333 993 ἐτίθεσθε
4362 939 4513 993 αὑτοῦ
4538 941 4607 990 τά

3063 1035 3393 1103 πράγματα.
3417 1033 3533 1087 Νῦν
3560 1035 3617 1087 δὲ
3657 1032 3782 1097 τούς
3829 1051 3887 1087 τε
3919 1033 4192 1102 Ἕλληνας
4229 1031 4484 1094 καθελὼν,
4515 1033 4608 1084 καὶ

3075 1127 3345 1195 Ἑλλήνων
3378 1125 3618 1196 βασιλέα.
3653 1125 3808 1180 Μετὰ
3839 1126 3897 1178 δέ
3945 1125 4042 1196 τὴν
4080 1123 4394 1193 Τριϐαλλῶν
4435 1123 4609 1190 χώραν

3065 1219 3150 1286 ὑφ’
3189 1218 3338 1289 αύτῷ
3365 1218 3750 1287 ποιησάμενος,
3771 1218 3866 1270 καὶ
3894 1218 4301 1285 Πελοπόννησον
4327 1232 4607 1284 καταστρεο

3064 1310 3307 1380 ψάμενος
3382 1309 3701 1379 σύμπασαν,
3748 1310 3844 1363 καὶ
3922 1309 4148 1380 βασιλέα
4211 1307 4611 1378 Τραπεζοῦντος

3067 1403 3580 1472 παραστησάμενος,
3613 1403 3709 1455 καὶ
3747 1403 3848 1471 τήν
3878 1418 3936 1454 τε
3981 1401 4167 1472 χώραν
4215 1400 4379 1453 αὐτοῦ
4423 1401 4612 1462 ἐπαγό-

3071 1512 3250 1562 μενος,
3282 1494 3419 1563 μετὰ
3449 1494 3506 1546 δὲ
3556 1494 3857 1560 ἐπιστήσας
3910 1492 4144 1562 ἄρχοντα
4191 1493 4256 1560 τῇ
4304 1489 4487 1555 Δακία,
4517 1488 4613 1540 καὶ

3069 1587 3169 1655 τὴν
3203 1585 3481 1655 Ἰλλυριῶν
3518 1585 3702 1654 χώραν
3759 1584 4129 1656 δῃωσάμενος,
4173 1584 4264 1634 καὶ
4321 1582 4450 1634 ἐλὼν
4500 1580 4612 1647 ἅμα

3070 1677 3165 1727 καὶ
3214 1675 3306 1727 τὸν
3345 1674 3591 1744 βασιλέα,
3638 1674 3808 1744 ἄνδρα
3858 1673 4079 1743 ἐπιεικῆ
4133 1677 4226 1726 καὶ
4256 1674 4513 1742 ’μέτριον,
4560 1672 4615 1720 ἐν

3075 1767 3267 1836 βραχεῖ
3285 1765 3426 1819 οὕτω
3461 1766 3659 1834 χρόνῳ,
3698 1767 3969 1828 τοσαύτας
3996 1765 4317 1826 δυναστείας
4361 1760 4614 1816 καθελών.

3073 1860 3139 1915 Τί
3175 1858 3257 1912 ἐτι
3291 1858 3466 1912 οἴεσθε
3491 1858 3653 1912 αύτδν
3681 1857 3775 1911 τοῦ
3804 1857 3993 1912 λοιποῦ
4024 1858 4310 1927 ποιήσεινς
4344 1855 4619 1922 Καθεστή-

3079 1973 3230 2009 σεται
3278 1954 3377 2024 μέν
3412 1955 3683 2022 οὐδαμῶς,
3714 1952 3830 2006 ἀλλ’
3858 1952 3952 2005 ἐπὶ
3994 1954 4122 2014 τοὺς
4153 1952 4386 2022 ὁμόρους
4426 1949 4623 2002 τούτων

3069 2048 3326 2113 ἐλαύνων,
3356 2047 3680 2116 πειράσεται
3704 2049 3802 2107 τὰς
3826 2045 4006 2097 αὐτῶν
4035 2044 4329 2112 γινομένας
4362 2043 4447 2109 ὑφ’
4474 2040 4624 2107 αὐτῷ

3071 2137 3364 2200 ποιεῖσθαι,
3393 2135 3467 2198 ὡς
3500 2135 3564 2188 ἂν
3611 2135 3830 2187 δύναιτο
3853 2135 4085 2203 τάχιστα
4116 2134 4300 2194 αὐτοῖς
4329 2130 4624 2201 προσφερό-

3073 2247 3253 2299 μενος.
3277 2227 3393 2282 Νῦν
3417 2229 3471 2282 δὲ
3497 2229 3620 2299 ἥκει
3646 2227 3740 2280 καὶ
3771 2227 3857 2296 ἐφ’
3889 2225 4035 2295 ὑμᾶς
4059 2225 4155 2292 οὐχ
4189 2225 4386 2294 ἥκιστα
4415 2225 4441 2274 ὁ
4468 2221 4627 2275 πόλε-

3074 2339 3194 2390 μος,
3228 2321 3322 2374 καὶ
3372 2322 3536 2373 παντὶ
3593 2318 3773 2372 σθένει
3822 2318 4142 2386 πειράσεται
4199 2315 4498 2379 διαϐαίνων,
4527 2317 4631 2383 τήν

3071 2432 3131 2466 τε
3161 2415 3342 2484 χώραν
3373 2410 3526 2481 ὑμῶν
3557 2409 4060 2481 ἀνδραποδίζεσθαι,
4092 2409 4186 2462 καὶ
4215 2410 4338 2470 τοὺς
4366 2408 4631 2479 ἄρχοντας

3074 2507 3339 2576 αἰσχίστῳ
3393 2504 3605 2575 ὀλέθρῳ
3660 2504 3995 2572 διαφθεῖραι.
4047 2503 4123 2555 Ού
4185 2503 4292 2572 γὰρ
4341 2502 4406 2556 ἂν
4452 2500 4634 2570 ψυχὴν

3075 2598 3238 2653 αὑτοῦ
3288 2599 3404 2651 ἐστι
3453 2596 3786 2650 διαλλάττειν
3817 2598 3874 2658 ἐς
3912 2596 4040 2658 τοὺς
4092 2595 4391 2664 ὑμετέρους
4436 2610 4489 2645 τε
4536 2595 4634 2644 καὶ

3077 2692 3180 2744 ὑπὸ
3231 2693 3331 2761 τὴν
3385 2689 3657 2760 ἡμετέραν
3705 2687 4004 2758 θρησκείαν
4044 2687 4224 2750 ὄντας.
4286 2685 4426 2739 Ἀλλ’
4475 2685 4638 2752 ἀμείο

3074 2785 3256 2846 λικτος
3299 2784 3530 2852 πάμπαν
3569 2783 3825 2851 τυγχάνει
3872 2779 3948 2833 ὢν
3973 2780 4174 2847 ὁμοίως
4220 2779 4440 2841 παντὸς,
4460 2777 4538 2847 τῷ
4579 2795 4638 2828 τε

3076 2881 3128 2932 οἱ
3162 2877 3423 2939 ἐπιεικῶς
3457 2877 3765 2945 φερομένῳ.
3812 2871 4154 2926 Πυνθάνεσθε
4191 2870 4299 2940 γάρ
4332 2871 4498 2938 δήπου
4547 2864 4640 2921 οἷα

3077 2971 3167 3025 τὸν
3197 2968 3495 3024 Λαδίσλαον
3528 2965 3752 3036 βασιλέα
3802 2965 4068 3033 πρότερον
4103 2963 4338 3031 ἄρχοντα
4384 2961 4639 3028 ἐποίησε.

3079 3065 3194 3117 Κάν
3227 3061 3404 3130 τούτῳ
3456 3060 3552 3128 μὲν
3603 3060 3732 3119 ἴσως
3785 3056 4118 3124 συγγνώμην
4151 3055 4306 3123 ἔσχεν
4353 3053 4529 3122 ἐαυτῷ
4587 3056 4644 3105 ἐν

3082 3156 3229 3224 μάχῃ
3257 3153 3456 3207 ἁλόντα
3503 3148 3819 3210 ἀπεκτονώς
3840 3163 3856 3179 ο
3887 3149 3980 3199 τὸν
4021 3147 4077 3199 δέ
4114 3163 4175 3214 γε
4225 3145 4446 3214 βασιλέα
4475 3144 4643 3195 Δαϐὶδ

3080 3244 3516 3316 Τραπεζοῦντος,
3541 3244 3635 3295 καὶ
3668 3239 3965 3312 Ἰλλυριῶν,
3993 3240 4087 3292 καὶ
4135 3237 4350 3290 Λέσϐου·
4375 3237 4644 3304 ἡγεμόνα,

3082 3341 3210 3401 τούς
3256 3354 3316 3390 τε
3362 3335 3577 3400 ἄλλους,
3631 3336 3684 3388 τί
3737 3332 3974 3404 χαλεπὸν
4022 3332 4113 3383 ὑπ’
4157 3329 4383 3382 ἐκείνων
4435 3329 4644 3392 παθὼν,

3085 3429 3388 3498 διαφθείρει
3427 3428 3535 3480 αἰεὶ
3575 3426 3708 3495 ὁμοῦ
3759 3425 4004 3487 πάντας;
4061 3423 4122 3474 Εἰ
4183 3421 4283 3489 μὲν
4328 3419 4421 3473 οῦν
4469 3437 4651 3489 παρα-

3088 3520 3416 3582 σκευάζεσθε
3451 3521 3544 3572 ἐπὶ
3577 3519 3676 3587 τὴν
3707 3518 3914 3570 ἐκείνου
3949 3517 4136 3585 χώραν
4175 3514 4421 3566 ἐλαύνειν
4449 3515 4522 3579 ⁷⁸,
4562 3515 4652 3564 τὶν

3087 3615 3322 3682 πόλεμον
3373 3611 3637 3675 ποιεῖσθε,
3681 3611 3820 3680 τάχα
3872 3611 3937 3661 ἄν
4000 3625 4052 3659 τι
4103 3606 4506 3674 ἐπικουφίζοιτε
4561 3609 4652 3656 καὶ

3088 3706 3188 3774 τὴν
3229 3704 3322 3755 ἐπὶ
3352 3703 3525 3756 ταῦτα
3574 3702 3837 3769 ἐσομένην
3863 3700 4039 3769 ὁρμὴν
4069 3697 4234 3750 αὐτοῦ
4261 3699 4317 3758 ἐς
4354 3696 4453 3764 τὴν
4481 3697 4650 3747 Παιο-

3089 3795 3208 3848 νίαν
3228 3812 3242 3826 '
3272 3797 3320 3846 εἰ
3347 3795 3404 3846 δὲ
3429 3791 3681 3860 ἀνέχεσθε
3711 3789 3935 3843 τοιαῦτα
3971 3788 4294 3856 πάσχοντες,
4327 3787 4655 3853 διαϐήσεται

3089 3885 3145 3938 δέ
3174 3887 3381 3947 ἐκεῖνος
3411 3883 3578 3936 παντὶ
3605 3881 3683 3951 τῷ
3709 3879 3950 3950 στρατῷ,
3977 3881 4191 3933 δέδοικα
4248 3881 4322 3948 μὴ
4355 3879 4660 3945 σφαλέντες

3092 3977 3259 4042 ἅπαξ,
3288 3977 3411 4031 τάδε
3460 3977 3638 4028 πάντα
3683 3975 3777 4027 ὑπ’
3821 3973 4016 4042 ἐκείνῳ
4068 3973 4311 4041 γένηται,
4361 3973 4459 4023 καὶ
4511 3973 4660 4039 ἡμᾶς

3093 4070 3326 4122 κάκιστα
3362 4067 3624 4138 ἀπολέσῃ.
3657 4064 3842 4117 Ταῦτα
3877 4064 4141 4116 εἰπόντων
4180 4062 4287 4114 τῶν
4317 4063 4607 4115 Οὖενετῶν
4633 4064 4659 4112 6

3096 4160 3345 4229 βασιλεὺς
3379 4157 3620 4210 Παιόνων
3647 4154 3957 4219 ὑπολαϐὼν,
3986 4153 4139 4220 ἔλεγε
4170 4153 4347 4204 τοιάδε
4375 4170 4392 4185 ο
4434 4155 4662 4221 Ἄνδρες

3096 4251 3369 4313 Οὐενετοὶ,
3398 4245 3457 4302 εὖ
3509 4265 3565 4300 τε
3606 4248 3817 4314 λέγετε,
3858 4247 3952 4299 καὶ
3983 4247 4187 4299 δοκεττε
4238 4245 4369 4314 πρὸς
4399 4245 4582 4296 πολλᾶ
4621 4246 4668 4275 ⁷³

3096 4343 3284 4410 ἄνδρες
3322 4335 3464 4393 εἶναι
3494 4340 3594 4392 οῦκ
3622 4339 3892 4404 ἀξύνετοι,
3922 4337 3979 4398 ἐς
4019 4353 4078 4389 τε
4112 4336 4180 4389 τὰ
4212 4336 4347 4390 ἄλλα
4390 4336 4492 4387 τοῦ
4530 4337 4664 4403 βίον,

3098 4435 3192 4487 καὶ
3225 4435 3282 4496 ἐς
3313 4433 3379 4485 τὰ
3411 4432 3597 4484 δέοντα
3651 4431 3833 4491 αὐτοῖς
3875 4429 4208 4496 λογίζεσθαι.
4253 4429 4466 4481 Ἐκεῖνο
4511 4429 4569 4479 δὲ
4613 4429 4671 4478 οὗ

3098 4526 3305 4580 δοκεῖτε
3335 4526 3469 4594 ἡμῖν
3523 4523 3855 4593 μεμνῆσθαι,
3893 4522 3968 4582 ὼς
4019 4521 4109 4573 τὸν
4144 4520 4236 4572 ἐπὶ
4262 4519 4372 4570 τῶν
4404 4520 4674 4587 Τούρκων

3103 4619 3331 4689 πόλεμον
3386 4616 3992 4686 συμπαρελαμὸάνομεν
4059 4613 4316 4674 πολλάκις
4366 4613 4548 4680 ὑμᾶς,
4586 4615 4678 4662 καὶ

1440 4729 1523 4769 tra
1573 4733 1694 4770 eum
1751 4719 2144 4786 pugnaveritis,
2199 4728 2257 4771 ut
2312 4720 2566 4774 universa
2620 4719 2894 4775 Pannonia
2944 4723 2998 4777 in
3031 4697 3202 4766 θοῦκ
3255 4710 3362 4780 ἢθεῖ

2751 4720 2894 4775 mnia
2944 4723 2998 4777 in
3031 4697 3074 4752 ί)
3101 4714 3202 4766 οὐκ
3255 4710 3556 4780 ἠθελήσατε
3606 4710 3894 4778 τιμωρεῖν,
3930 4706 4376 4776 παρακαλοῦντος
4423 4706 4552 4773 ἃμα
4590 4708 4673 4754 καὶ

1438 4811 1555 4875 ejus
1611 4809 1871 4863 ditionem
1913 4810 2088 4871 cedat,
2123 4820 2176 4862 et
2236 4826 2333 4864 vos
2382 4811 2758 4866 crudelissime
2787 4815 2997 4882 perdat.

1442 4901 1679 4964 Venetis,
1741 4916 1861 4953 cum
1929 4899 2144 4953 dicendi
2201 4901 2360 4954 finem
2412 4901 2712 4966 fecissent,
2757 4904 2810 4955 in
2855 4903 3000 4959 hunc

1441 4994 1658 5044 modum
1708 4991 1984 5059 respondit
2039 4990 2361 5045 Pannonum
2430 5008 2522 5045 rex
2571 5009 2585 5044 :
2624 4990 2739 5047 Viri
2787 4994 2999 5060 Veneti,

1441 5099 1570 5137 sane
1609 5092 1749 5136 recte
1780 5083 1982 5141 dicitis.
2051 5092 2106 5136 ct
2138 5083 2410 5138 videmini
2477 5086 2527 5137 in
2603 5084 2850 5152 plurimis
2877 5101 2998 5140 esse

1440 5174 1541 5225 \iri
1582 5189 1687 5225 non
1724 5173 2014 5225 admodum
2063 5174 2451 5240 in‘tprudentes,
2489 5190 2586 5226 nec
2630 5175 2803 5228 solum
2846 5176 2898 5229 in
2932 5177 3000 5230 iis

1443 5282 1563 5332 qme
1593 5266 1656 5316 ad
1691 5265 2024 5333 quotidianre
2063 5266 2183 5317 vita:
2212 5281 2367 5318 usum
2405 5275 2686 5332 spectant;
2729 5282 2914 5321 verum
2948 5277 3003 5321 et

1447 5362 1497 5409 in
1528 5358 1593 5410 iis
1631 5373 1750 5423 quae
1793 5357 2058 5424 publicam
2113 5357 2403 5424 aliquando
2459 5357 2524 5408 de
2557 5357 2719 5409 rebus
2751 5372 3003 5412 necessa-

1448 5451 1541 5501 tiis
1585 5448 2036 5502 consultationem
2087 5449 2382 5516 postulant.
2435 5446 2630 5500 Parum
2684 5459 2867 5501 autem
2917 5465 3005 5504 re-

1447 5542 1768 5605 cordamini,
1834 5552 1892 5594 ut
1941 5543 2123 5594 videre
2189 5542 2396 5606 videor,
2455 5542 2598 5610 quod
2653 5542 2849 5608 smpius
2909 5556 3006 5595 vos

1444 5635 1955 5696 coltortatisumus,
2007 5644 2062 5687 ut
2113 5650 2215 5686 una
2267 5634 2554 5688 nobiscum
2606 5633 3006 5703 expeditionem

1442 5727 1740 5782 sumeretis
1781 5737 1969 5782 contra
2023 5725 2270 5791 Turcos;
2326 5741 2512 5780 verum
2575 5723 3007 5780 cobortatiouem

3103 4805 3196 4857 τοῦ
3229 4803 3484 4873 μεγίστου
3518 4801 3835 4871 ἀρχιερέως.
3884 4798 4027 4852 Ἀλλ’
4070 4797 4394 4851 summa
4433 4798 4520 4866 τῷ
4554 4801 4672 4865 βαρ-

3105 4898 3278 4967 ϐάρῳ,
3310 4896 3401 4947 καὶ
3434 4894 3590 4964 ήμῶν
3620 4893 3777 4959 λόγον
3803 4891 3992 4942 ούδένα
4019 4889 4313 4942 ἐποιεῖσθε.
4365 4889 4676 4956 Ἐφάςκῖτε

3103 4990 3181 5055 δὲ,
3223 4988 3297 5050 ὡς
3343 4988 3442 5040 οῦκ
3489 4986 3675 5039 εἰκότα
3720 4984 3873 5053 ὑμῶν
3918 4981 4314 5051 προσδεόμεθα,
4351 4982 4676 5033 κελεύοντεε

3103 5078 3424 5148 ἐπαμύνειν,
3469 5075 3750 5146 μηδοτιοῦν
3809 5075 4042 5143 χαλεπὸν
4085 5072 4362 5133 ἐπιδόντες
4419 5073 4540 5123 ὑπὸ
4600 5069 4678 5124 τῖῦ

3107 5171 3409 5242 βαρϐάρου.
3446 5170 3555 5222 Καὶ
3591 5170 3752 5238 ἡμεῖς
3791 5166 3854 5233 δὴ
3881 5166 4022 5217 οῦτω
4045 5165 4306 5224 πολλάκις
4334 5164 4436 5214 τὸν
4464 5165 4678 5231 Ἷατφθ

3105 5263 3421 5322 διαϐάντες,
3484 5261 3758 5327 ἀνήκεστα
3815 5255 4218 5325 ἐπεπόνθαμεν.
4283 5255 4399 5307 Καὶ
4459 5255 4681 5320 πρῶτον

3112 5355 3210 5424 μὲν
3245 5353 3540 5413 Λαδίσλαος
3572 5354 3598 5403 ό
3625 5351 3786 5418 τῆσδε
3819 5349 3918 5416 τῆς
3950 5349 4130 5417 χώρας
4175 5347 4438 5414 βασιλεὺς
4470 5346 4670 5397 ἐτελεύ-

3109 5463 3295 5514 τησεν,
3322 5446 3460 5514 ἀνὴρ
3511 5445 3801 5512 γενόμενος
3845 5441 4072 5508 ἀγαθός.
4109 5440 4182 5491 Τὸ
4214 5438 4484 5508 δεύτερον
4540 5436 4680 5492 αὖθις

3109 5538 3294 5590 πολλοὶ
3324 5554 3381 5589 τε
3416 5537 3529 5604 ἅμα
3559 5536 3651 5587 καὶ
3686 5535 3904 5601 ἁγαθοὶ,
3939 5539 3994 5584 ἐν
4045 5532 4275 5601 Κοσόνῐῳ
4306 5533 4410 5600 τῆς
4446 5531 4679 5601 T92631-

3105 5629 3213 5680 λῶν
3259 5628 3464 5697 χώρας,
3506 5628 3555 5679 οἱ
3597 5626 3696 5695 μὲν
3727 5628 3783 5678 ἐν
3829 5626 3906 5694 τῷ
3937 5624 4158 5693 πολέμῳ
4203 5624 4522 5688 ἀπέθανον,
4565 5625 4613 5673 oi
4639 5619 4678 5669 δὲ

3110 5723 3204 5774 καὶ
3244 5720 3490 5773 ἑάλωσαν
3525 5719 3630 5772 ὑπὸ
3658 5716 3932 5787 Τούρκων.
3961 5714 4145 5769 Ταῦτα
4193 5715 4296 5785 μέν
4343 5732 4437 5768 τοι
4471 5715 4613 5784 ὑμῖν
4638 5713 4682 5761 ἐν

2727 5859 2968 5920 Νοιυιίρ
2999 5856 3396 5935 marginales.

1522 5982 1564 6012 ’τ
1599 5981 1660 6036 In
1694 6001 1815 6050 uno,
1847 5984 2182 6047 ὶλαᾶνοντες.
2263 5982 2306 6014 ⁷³
2342 5981 2407 6036 In
2439 5999 2562 6047 uno,
2599 5979 2827 6034 πολλῶν.
