4866 6594
206 407 290 469 545

1230 397 1325 457 DE
1361 396 1613 457 REBUS
1640 396 1997 456 TURCICIS
2031 397 2175 458 LIB.
2212 398 2282 455 Χ.

3290 397 3394 459 546

202 526 267 593 τῷ
301 523 509 593 παρόντι
562 520 990 590 ἐπιμεμφόμεθα
1017 533 1029 547 '
1060 520 1328 587 τιμωρεῖν
1365 518 1423 569 δέ
1466 516 1723 584 ὕποδεχόο
1752 518 1794 571 Δ
1824 524 2063 568 nostrain
2096 529 2123 566 a

1467 516 1723 584 ὕποδεχόο
1752 518 1794 571 Α
1824 524 2063 568 nostram
2096 515 2379 567 admittere
2410 512 2723 577 recusastis,
2753 513 3005 582 quamvis
3036 514 3103 566 ad
3140 516 3389 570 eamdem

204 617 320 684 μεηα
349 616 539 668 αἰτίκα
594 615 739 685 μάλα
769 614 1055 674 διαὸἁντες
1092 612 1184 663 τὸν
1229 612 1462 679 Ἴστρον,
1496 612 1553 671 ἐς
1595 610 1722 660 ὅσον

200 710 398 777 ἐγχωρεῖ
435 712 492 760 ἐν
532 707 609 777 τῷ
648 707 832 775 τοιῷδε
863 705 1061 775 βλάψαι
1092 704 1187 773 τήν
1231 702 1413 772 χώραν
1446 701 1542 754 τοῦ
1592 700 1724 769 βαρ-
1758 749 1766 757 ,

201 795 544 868 6άρου.ἽΙρος
598 798 641 850 δ’
696 798 1083 865 ἐπιγενομένου
1142 792 1585 871 στρατευσόμεθα
1631 793 1724 843 ἐπὶ

197 890 282 960 τὴν
338 892 559 954 ἐκείνου,
621 893 1006 957 πειρασόμενοι
1064 888 1140 948 ὡς
1200 886 1267 939 ἂν
1326 884 1450 954 διδῴ
1500 886 1529 937 ὁ
1571 884 1721 946 Θεὸς.

196 984 357 1051 Χρεὼν
379 983 431 1035 δὲ
467 984 558 1034 καὶ
585 982 727 1047 ὑμᾶς
768 980 885 1049 ἅμα
918 978 1279 1039 ἐσϐάλλοντας
1318 979 1374 1037 ἐς
1412 976 1510 1045 τὴν
1555 978 1721 1028 Πελο-

194 1078 426 1143 ποννησον
461 1075 721 1142 βλάπτειν
763 1071 1076 1139 πειρᾶσθαι,
1105 1072 1202 1121 ὅσα
1244 1070 1311 1123 ἂν
1341 1068 1591 1123 δύνασθε.
1634 1067 1722 1129 Ὠς

193 1169 251 1221 ἂν
284 1168 359 1219 ἐπ’
387 1167 712 1235 ἀμφοτέρων
758 1164 868 1216 τῶν
915 1163 1132 1233 χωρίων
1179 1163 1516 1230 παρέχοιμεν
1570 1161 1717 1229 αὐτῷ

191 1260 465 1328 πράγματα
516 1256 899 1327 ἐργαζόμενοι,
935 1259 991 1318 ἐς
1044 1255 1333 1322 ἐγγυτάτω
1385 1253 1559 1322 ἴοιμεν
1617 1254 1721 1321 τῆς

187 1353 404 1421 γνώμης,
444 1350 579 1419 ἐμοῦ
622 1350 680 1402 δὲ
730 1351 775 1381 ⁷⁸
804 1348 1111 1417 ἐγχειρίσαι
1155 1348 1286 1415 περὶ
1310 1346 1405 1399 τὸν
1456 1346 1714 1414 πᾶλεμον.

187 1444 347 1494 Ὶάὖτα
383 1442 571 1503 εἰπὼν,
610 1442 703 1494 καὶ
753 1440 1316 1509 παρασκευασάμενος
1345 1439 1410 1491 τὰ
1459 1439 1717 1507 χρήματα

184 1535 379 1597 ἐδέξατο
421 1535 475 1603 ἐς
522 1532 842 1601 δισμυρίους
916 1533 1010 1583 καὶ
1064 1530 1537 1599 πεντακισχιλίους
1586 1547 1718 1599 χρυ-

185 1627 364 1682 σίνους.
398 1619 568 1686 Οὗτος
608 1622 706 1693 μὲν
734 1620 841 1675 ὀὖν
872 1621 1014 1674 οὕτω
1051 1624 1511 1691 παρεσκευάσατο
1542 1621 1597 1682 ἐς
1628 1620 1716 1672 τὸν

182 1734 416 1783 πολεμον.

1823 622 1938 661 rem
1990 606 2152 659 etiam
2206 607 2445 674 pontifex
2514 605 2780 659 maximus
2834 622 2927 662 vos
2986 609 3389 660 cohortaretur.

1826 697 2027 752 Fmdus
2054 698 2341 767 pepegistis
2379 712 2502 751 cum
2544 697 2801 763 Barbaro,
2836 699 3123 766 nostrique
3179 699 3387 751 nullum

1828 798 2129 858 respectum
2163 791 2370 857 egistis.
2402 790 2480 843 Ad
2517 792 2633 844 hac
2685 800 2861 844 vestra
2903 792 3080 844 oratio
3122 801 3259 855 erat,
3294 806 3395 843 nos

1828 898 2017 950 parum
2077 883 2301 937 honeste
2345 899 2525 951 agere,
2576 884 2828 951 jubentes
2876 898 2971 937 vos
3022 899 3171 936 arma
3201 892 3391 936 contra

1831 975 2125 1029 Barbarum
2163 976 2431 1043 arripere,
2472 991 2592 1028 cum
2636 975 2797 1028 nulla:
2843 984 3020 1027 tamen
3051 974 3171 1043 ejus
3204 976 3255 1027 in
3296 991 3392 1029 vos

1833 1076 2047 1123 exstent
2120 1068 2354 1136 injuriae.
2403 1066 2511 1122 Nos
2588 1068 2753 1137 igitur
2823 1069 3020 1135 saepius
3079 1068 3392 1135 trajecimns

1831 1160 2051 1222 Istrum.
2090 1171 2141 1216 et
2176 1162 2441 1216 maximas
2476 1162 2654 1217 clades
2688 1164 3023 1231 acet-pimus.
3054 1162 3235 1215 Primo
3270 1165 3392 1231 qni-

1826 1253 1949 1308 dem
1994 1253 2299 1309 Vladislaus
2333 1271 2421 1308 rex
2459 1265 2642 1309 noster
2675 1257 2723 1308 in
2777 1256 3123 1324 expeditione
3160 1255 3388 1309 Tureira

1823 1345 2100 1409 occubuit,
2156 1360 2275 1398 cu-n
2319 1345 2511 1400 fui55et
2548 1346 2628 1398 vir
2668 1346 2927 1415 optimus.
2964 1346 3162 1401 Deinde
3197 1348 3387 1399 iterum

1826 1438 1982 1489 multi
2006 1446 2059 1490 et
2089 1436 2212 1490 boui
2258 1439 2355 1491 viri
2392 1439 2443 1491 in
2482 1439 2697 1492 Cosobo
2741 1441 2972 1508 regionis
3007 1440 3391 1501 Triballoruin,

1824 1529 2019 1594 partim
2052 1530 2200 1593 caesi,
2246 1531 2439 1598 partim
2501 1532 2644 1600 capti
2706 1544 2833 1585 sunt
2886 1535 2953 1586 ab
3015 1533 3229 1588 Turcis.
3267 1533 3389 1587 lla:c

1822 1620 2038 1687 quidem
2078 1622 2345 1676 hactenus
2382 1623 2538 1677 vobis
2564 1626 2890 1693 exprobrare
2914 1627 3091 1680 libuit.
3119 1626 3387 1680 Caeterum

1827 1712 1998 1778 parati
2023 1722 2077 1765 et
2105 1716 2338 1782 prorupti
2388 1730 2576 1769 sumus
2629 1732 2734 1769 una
2796 1718 3073 1771 vobiscum
3112 1720 3389 1783 suscipere

181 1807 382 1869 bellum,
421 1808 1054 1861 eontinnotranseuntcs
1104 1810 1342 1865 Istrum;
1392 1812 1447 1858 et
1514 1809 1777 1870 quantum
1839 1816 2149 1869 possumus,
2210 1816 2515 1859 evastautes
2582 1808 2853 1875 regionem
2914 1807 3156 1863 Barbari.
3214 1813 3390 1879 Appe-

179 1912 314 1957 tente
357 1919 476 1957 vere
514 1905 711 1957 bellum
747 1903 1055 1957 iudicemus
1113 1901 1225 1971 regi
1259 1918 1273 1954 :
1307 1898 1448 1969 quod
1479 1907 1743 1967 quantum
1790 1896 1936 1951 Deus
1971 1900 2133 1954 nobis
2166 1902 2283 1970 opis
2325 1901 2555 1966 dederit,
2604 1918 2813 1955 summa
2856 1902 3169 1957 fortitudine
3234 1919 3387 1974 gere-

180 2014 309 2052 mus.
337 1998 596 2052 Crtet‘um
619 2010 671 2054 et
694 2014 789 2053 vos
822 1999 986 2055 simul
1016 2001 1318 2067 irrumpere
1354 1996 1408 2050 in
1474 1995 1935 2062 Peloponnesum,
2007 2005 2063 2049 et
2145 1998 2404 2052 molestos
2453 2013 2597 2061 esse,
2657 2010 2918 2067 quantum
2971 2002 3204 2067 licuerit,
3277 2014 3386 2069 regi

176 2102 502 2160 oportet,»ut
550 2093 601 2145 in
643 2093 789 2146 hunc
840 2093 1060 2147 modum
1110 2093 1177 2146 ab
1210 2098 1439 2158 utraque
1499 2088 1718 2156 regione
1757 2088 1971 2153 negetia
2015 2090 2062 2142 ei
2142 2088 2501 2153 facessamus,
2529 2100 2582 2144 et
2612 2092 2725 2159 pari
2770 2093 2953 2148 animo
2997 2094 3209 2165 utrique
3277 2092 3391 2148 bel-

177 2187 280 2239 lum
313 2186 707 2254 aggrediamur

243 2278 569 2345 Συναγείρας
625 2280 683 2333 δέ
741 2283 1059 2350 στράτευμα
1118 2282 1176 2344 ἐς
1242 2278 1565 2351 δισμυρίους
1630 2274 1725 2326 καὶ
1758 2278 1800 2333 Β

175 2372 657 2439 πεντακισχιλίους,
685 2372 779 2423 τὸν
835 2374 1049 2441 Ἴστρον
1096 2387 1153 2424 τε
1199 2370 1410 2435 διαϐὰς,
1436 2368 1590 2438 ἐδῄου
1624 2367 1723 2437 τὴν

173 2463 424 2532 βασιλέως
472 2462 675 2532 χώραν.
711 2463 820 2516 Καὶ
851 2464 1227 2533 ἐπιτειχισμὸν
1263 2466 1329 2533 τῇ
1361 2462 1721 2531 Μπελογράδῃ

170 2559 195 2606 ὁ
228 2556 533 2625 Σαὸατὶνης
567 2557 850 2625 ἐτείχισεν,
889 2558 977 2610 ὅτε
1010 2559 1108 2625 τὴν
1162 2556 1421 2609 Παιονίαν
1455 2555 1719 2623 ἐληῖζετο,

169 2650 262 2701 καὶ
296 2649 537 2717 φρουρὰν
601 2647 985 2716 ἐγκαταλιπὼν
1050 2650 1109 2699 ἐν
1166 2649 1324 2717 αὐτῇ,
1377 2648 1577 2716 ἄνδρας
1615 2647 1723 2699 τῶν

171 2740 431 2804 βασιλέως
477 2738 677 2809 Θυρῶν,
705 2740 1006 2808 ἀπήλαυνε.
1030 2739 1200 2791 Τοῦτο
1256 2741 1353 2805 μὲν
1398 2740 1462 2807 δὴ
1511 2740 1570 2790 τὺ
1603 2741 1723 2791 ἐπι-

165 2834 423 2899 τείχισμα
487 2831 545 2883 δν
605 2832 647 2862 ⁷⁸
718 2832 954 2897 μάλιστα
1036 2833 1101 2900 τῇ
1179 2831 1359 2890 πόλει.
1419 2831 1720 2893 ἐπελάσας,

164 2922 565 2989 ἐπολιόρκησε·
628 2920 768 2988 μετὰ
826 2920 883 2972 δέ
933 2919 1253 2990 ἐπιδραμὼν
1309 2918 1405 2988 τὴν
1457 2920 1722 2989 βασιλέως

162 3013 366 3079 χώραν,
415 3011 537 3063 ἐστε
592 3012 685 3064 ἐπὶ
734 3011 970 3074 Σάϐϐαν,
1018 3014 1110 3065 καὶ
1192 3013 1721 3081 ἀνδραποδισάμενος

160 3107 261 3168 τὴν
320 3104 535 3171 χώραν,
598 3103 934 3171 Τριϐαλλούς
986 3120 1046 3155 τε
1104 3104 1221 3171 ἅμα
1275 3104 1368 3156 καὶ
1420 3103 1632 3173 Τούρκο
1672 3122 1719 3168 ς,

157 3194 440 3261 ἀπήλαυνε
489 3196 557 3248 τὰ
593 3195 829 3263 ἔμπαλιν
884 3198 1173 3264 γενόμενος
1207 3196 1295 3248 ἐπ’
1345 3196 1516 3249 οἴκου.
1550 3196 1720 3262 Λέγε-

156 3302 246 3337 ται
275 3287 327 3339 δὲ
363 3287 775 3353 ἀπενέγκασθαι
806 3288 1113 3356 ἀνδράποδα
1141 3289 1287 3355 ἀμφὶ
1316 3292 1383 3340 τὰ
1414 3287 1714 3356 δυσμὺρια.

157 3374 271 3425 Καὶ
301 3375 370 3426 τὰ
407 3374 504 3441 μὲν
539 3375 647 3426 τῶν
682 3375 924 3426 Παιόνων
961 3376 1131 3437 οὕτως
1164 3377 1379 3443 ἐγένετο
1406 3393 1420 3407 ⁸
1470 3376 1719 3428 Οὐενετοὶ

150 3464 235 3525 δὲ,
271 3465 344 3525 ὡς
384 3468 477 3516 καὶ
527 3467 650 3527 τοὺς
686 3466 915 3528 Παίονάς
972 3484 1123 3533 σφισι
1176 3470 1500 3538 συμμάχους
1552 3486 1720 3537 παρε-

150 3557 458 3623 λάμῦανον,
492 3556 877 3623 πληρώσαντες
927 3561 1168 3629 τριήρεις
1219 3560 1380 3613 πέντε
1428 3563 1522 3612 καὶ
1565 3562 1720 3632 τριά-

147 3665 337 3707 κοντα,
369 3650 460 3698 καὶ
490 3648 620 3711 ναῦς
651 3665 708 3701 τε
751 3651 865 3717 ᾶμα
899 3650 1107 3718 ὑψηλὰς
1150 3651 1494 3716 δυοκαίδεκα,
1529 3652 1718 3705 ἔπλεον

146 3738 243 3788 ἐπὶ
277 3738 701 3807 Πελοπόννησον.
766 3741 871 3792 Καὶ
905 3742 1127 3805 ὁπλίτας
1183 3742 1283 3811 μὲν
1328 3741 1587 3808 Ἰταλοὺς,
1635 3745 1720 3795 ἱπ-

145 3831 294 3892 πέας
338 3828 649 3900 δισχιλίους,
680 3831 1012 3901 ἐμϐαλόντες
1048 3836 1102 3900 ἐς
1158 3836 1257 3899 τὰς
1300 3836 1507 3906 ὑψηλὰς
1566 3836 1714 3899 ναῦς.

136 3924 552 3994 διεπόρθμευον
586 3928 642 3989 ἐς
664 3926 761 3995 τὴν
796 3930 1200 3998 Πελοπόννησον
1235 3944 1247 3958 ⁸
1294 3931 1431 3998 μετὰ
1464 3930 1518 3983 δὲ
1552 3947 1718 4001 στρα-

137 4018 321 4084 et;be
353 4017 575 4083 εἴλοντο,
611 4019 777 4088 ἄνδρα
810 4022 1078 4089 ἐπίσημον
1107 4023 1203 4091 τῆς
1255 4024 1615 4093 Λαυρεδὰνων
1641 4029 1718 4079 οί-

136 4111 301 4170 χίας,
344 4110 742 4179 ἐπιτρέψαντες
778 4112 924 4180 αὐτῷ
953 4112 1019 4163 τὰ
1048 4114 1371 4182 πράγματα,
1412 4117 1504 4168 καὶ
1534 4119 1587 4180 ἐς
1618 4120 1714 4184 τὰς

132 4200 457 4269 παραλίους
484 4200 577 4263 τάς
606 4219 665 4253 τε
702 4204 759 4265 ἐς
787 4202 875 4255 τὸν
921 4204 1123 4267 Ἰόνιον,
1155 4207 1250 4258 καὶ¹
1295 4208 1351 4269 ἐς
1387 4209 1447 4261 τὸ
1472 4212 1713 4280 Αἰγαῖον,

129 4290 403 4358 ἡγεμόνα
458 4294 906 4364 κατεστήσαντο,
990 4295 1175 4364 κύριόν
1224 4315 1283 4350 τε
1336 4302 1709 4371 ποιησάμενοι,

124 4382 424 4433 διαθεῖναι
585 4383 651 4436 ἂν
712 4384 858 4454 αὐτῷ
910 4385 1094 4456 δοκοίη
1126 4388 1183 4449 ἐς
1216 4389 1309 4443 τὸν
1334 4391 1566 4462 πόλεμον
1596 4396 1717 4465 ἄρι-

125 4489 242 4523 στα
279 4472 452 4539 ἔχειν.
505 4473 635 4525 ’Δπὺ
688 4473 744 4526 δὲ
786 4474 882 4544 τῆς
931 4476 1155 4547 Κρήτης
1203 4479 1465 4551 κήρυγμα
1525 4484 1713 4555 amni]-

123 4578 313 4612 σαντο
334 4564 452 4622 τοῖς
487 4563 579 4614 ἐπὶ
603 4563 710 4614 τῶν
739 4563 1104 4634 ἐγκλημάτων
1138 4569 1193 4630 ἐς
1216 4571 1339 4632 τοὺς
1367 4570 1577 4641 χώρους
1611 4592 1713 4626 κα-

116 4649 535 4717 ταφυγοῦσιν,
607 4652 743 4704 ίὲναι
802 4652 1139 4723 θαρροῦντας
1201 4659 1257 4721 ἐς
1306 4660 1397 4714 τὸν
1454 4663 1711 4734 πόλεμον.

117 4742 436 4809 Ἐγένοντο
459 4742 511 4795 δὲ
542 4742 888 4811 συλλεγέντες
911 4747 1049 4815 ἀμφὶ
1076 4750 1200 4812 τοὺς
1225 4755 1708 4822 τετρακισχιλίους,

112 4834 223 4883 καὶ
275 4833 338 4893 ἐς
374 4833 474 4899 τὴν
506 4832 1383 4907 Πελοποννησονδιεπόρθμευσαν,
1436 4846 1530 4897 καὶ
1583 4846 1711 4910 τούς

1900 2272 1994 2326 llis
2014 2270 2195 2338 dictis,
2247 2273 2545 2343 accipiebat
2587 2276 2773 2347 viginti
2807 2278 3048 2345 quinque
3091 2278 3256 2331 millia
3288 2294 3387 2332 au-

1827 2380 2066 2419 reorum.
2122 2364 2333 2431 Quibus
2375 2368 2638 2437 acceptis,
2698 2370 3085 2439 accingebatur
3153 2373 3219 2424 ad
3272 2372 3388 2426 bel-

1827 2455 1958 2520 lum,
2017 2472 2342 2527 comparans
2400 2460 2700 2513 exercitum
2771 2460 2862 2530 qui
2929 2462 3391 2527 complectebatur

1829 2549 2283 2619 vigintiquinque
2334 2552 2507 2606 millia
2571 2554 2839 2607 virorum.
2884 2552 3388 2625 Transgressusque

1826 2641 2044 2705 Istrum,
2112 2644 2253 2712 regis
2316 2644 2587 2711 regionem
2656 2645 3033 2713 p0pulabatur.
3102 2646 3386 2703 Sabatines

1828 2750 2039 2788 murum
2087 2733 2350 2804 Belgrado
2380 2735 2676 2804 objecerat,
2730 2752 2837 2804 quo
2883 2738 3053 2790 tutior
3089 2750 3233 2793 esset
3260 2755 3383 2794 cum

1824 2842 1887 2881 ex
1929 2829 2204 2881 Pannonia
2254 2828 2463 2897 praedas
2523 2839 2738 2897 ageret;
2800 2830 2853 2883 in
2913 2846 3021 2899 quo
3071 2833 3385 2901 relinquens

1825 2919 2135 2986 prmsidium
2172 2921 2410 2974 virorum
2459 2922 2528 2975 de
2576 2921 2763 2989 januis
2815 2922 2970 2975 abiit.
3034 2924 3189 2978 Hunc
3221 2926 3387 2994 igitur

1826 3026 2039 3063 murum
2068 3026 2230 3079 quam
2280 3011 2523 3079 proxime
2573 3010 2639 3063 ad
2681 3013 2869 3066 urbem
2901 3016 3167 3069 accedens
3216 3032 3387 3086 Oppii-

1823 3100 2006 3170 gnavit
2057 3110 2111 3154 et
2164 3100 2350 3155 diruit.
2405 3100 2611 3156 Dehinc
2675 3102 3035 3159 incursionem
3095 3106 3301 3162 faciens
3331 3111 3383 3162 in

1823 3191 1965 3261 regis
1998 3192 2269 3262 regionem
2309 3208 2482 3262 usque
2516 3194 2579 3247 ad
2616 3192 2841 3259 Savum,
2896 3207 2948 3248 et
2993 3200 3383 3267 mancipiorum

1822 3279 2029 3348 praedas
2057 3297 2240 3349 agens,
2283 3283 2449 3351 pulsis
2486 3282 2736 3337 Triballis
2788 3295 2840 3338 et
2890 3286 3104 3352 Turcis,
3156 3289 3377 3344 domum

1823 3388 2073 3426 reversus
2154 3382 2278 3437 est,
2340 3374 2567 3428 :vehens
2651 3376 2871 3431 circiter
2944 3380 3130 3448 viginti
3211 3383 3381 3436 millia

1822 3465 2239 3533 mancipiorum.
2282 3465 2334 3519 lu
2373 3466 2471 3519 hoc
2502 3477 2643 3521 statu
2698 3484 2784 3522 res
2842 3470 3160 3525 Pannonum
3201 3483 3377 3527 erant.

1825 3553 2032 3619 Veneti,
2059 3571 2181 3609 cum
2217 3553 2508 3611 Pannones
2563 3559 2618 3612 in
2673 3560 2797 3615 belli
2835 3563 3152 3617 societatem
3201 3565 3383 3619 venis-

1821 3655 1968 3711 sent,
2027 3647 2390 3716 impleverunt
2427 3649 2676 3704 triremes
2738 3652 2955 3721 triginta
3011 3655 3274 3723 quinque,
3327 3666 3382 3710 et

1819 3755 1987 3793 naves
2041 3741 2173 3795 alias
2220 3741 2542 3807 duodecim;
2589 3742 2789 3810 quibus
2819 3745 2979 3815 297
3015 3749 3223 3811 confisi,
3250 3765 3382 3803 con-

1820 3833 2105 3885 tenderunt
2167 3832 2222 3885 in
2286 3830 2747 3902 Peloponnesum.
2808 3835 2971 3890 Italos
3023 3849 3262 3900 armatos
3322 3850 3379 3893 et

1817 3924 2026 3992 equites
2074 3924 2157 3978 bis
2217 3924 2363 3979 mille
2424 3926 2735 3994 imposuere
2795 3927 2850 3982 in
2900 3943 3065 3983 naves
3118 3932 3273 3995 altas,
3325 3942 3379 3985 et

1818 4014 2234 4069 transfretaruut
2295 4017 2347 4069 in
2400 4016 2852 4086 Peloponnesum.
2914 4021 2995 4074 Ad
3067 4022 3119 4076 id
3172 4024 3370 4079 bellum

1817 4109 2287 4162 crearuutducem
2346 4110 2520 4162 virum
2570 4111 2831 4165 illustrem
2889 4110 3150 4167 Jacobum
3189 4119 3253 4170 de
3286 4120 3377 4172 fa-

1818 4203 1963 4256 milia
1992 4203 2461 4268 Lauredanorum,
2500 4207 2587 4261 cui
2642 4208 2806 4262 etiam
2848 4209 3131 4277 imperium
3177 4214 3229 4265 in
3265 4232 3378 4267 mu-

1818 4297 2030 4351 ritimas
2091 4298 2337 4365 regiones
2402 4300 2689 4366 dederunt,
2744 4302 2997 4357 videlicet
3058 4305 3113 4358 in
3140 4321 3230 4360 eas
3256 4324 3377 4376 qua:

1816 4388 2027 4442 Ionium
2062 4399 2116 4443 et
2147 4387 2389 4457 Egaeum
2429 4391 2746 4461 respiciunt.
2778 4391 2912 4448 Huic
2943 4396 3156 4463 plenam
3193 4414 3374 4454 rerum

1815 4482 2169 4549 gerendarum
2198 4489 2515 4548 potestatem
2566 4486 2906 4550 permittunt,
2970 4502 3163 4556 nempe
3198 4499 3259 4544 ut
3306 4493 3373 4545 ad

1817 4588 1938 4625 eum
1967 4573 2182 4625 modum
2210 4572 2351 4627 bello
2381 4583 2587 4640 utatur,
2637 4591 2745 4645 quo
2784 4576 2886 4631 sibi
2930 4593 3014 4633 res
3045 4578 3373 4637 Venetorum

1815 4664 2017 4733 Optime
2051 4664 2251 4719 habere
2291 4667 2620 4721 viderentur.
2658 4667 2907 4723 Edictum
2951 4673 3171 4726 missum
3208 4684 3293 4729 est
3322 4676 3374 4728 in

1812 4756 2053 4817 Cretam,
2089 4756 2156 4809 ad
2212 4772 2304 4810 eos
2356 4758 2450 4827 qui
2490 4760 2816 4827 capitalibus
2880 4762 3207 4819 criminibus
3239 4768 3376 4831 ἱιτοτ

1817 4847 1920 4911 titi,
1960 4848 2023 4901 ad
2080 4862 2141 4901 ca
2203 4848 2317 4902 loca
2378 4849 2758 4918 confugerant,
2819 4865 2877 4905 ut
2923 4855 3202 4919 audacter,
3226 4858 3376 4922 ,‘nihil

108 4940 181 4975 τε
247 4924 736 4992 Πελοποννησίους
780 4926 1141 4996 παρώτρυναν
1164 4932 1209 4962 ⁷⁸
1266 4934 1556 5000 ἀφιστάναι
1609 4939 1716 4991 ἀπὸ
1748 4948 1792 5002 ιδ
1822 4946 2030 4988 rnetuen

1452 4936 1556 4990 ἱναι
1609 4939 2145 5002 dnbpmctuentes,
2210 4936 2262 4988 in
2324 4938 2462 4991 hanc
2515 4938 2917 5007 expeditionem
2982 4943 3250 4999 venirent.
3312 4946 3374 5000 lli

109 5014 441 5082 βασιλέως.
492 5015 599 5064 Καὶ
646 5015 694 5066 οἱ
757 5015 1174 5087 Πελοποννήσιοι
1226 5022 1412 5087 δεινῶς
1455 5027 1711 5094 δεδιότες,

108 5104 495 5173 προσέφερον
536 5104 747 5171 λόγους,
796 5107 885 5158 τόν
930 5125 985 5160 τε
1034 5112 1248 5180 Ἰσθμὸν
1305 5117 1582 5186 τειχίζειν,
1640 5120 1714 5183 ὡς

102 5195 318 5262 ταύτῃ
356 5194 763 5264 ἀποληψόμενοι
790 5199 916 5261 τοὺς
948 5202 1005 5253 ἐν
1034 5204 1150 5264 ταῖς
1198 5205 1383 5259 πόλεσι
1446 5208 1714 5276 βασιλέως

100 5286 440 5354 νεήλυδας,
479 5291 571 5338 καὶ
610 5288 947 5355 ἀπογνόντας
993 5294 1483 5363 παραδωσομένους
1553 5304 1715 5368 σφᾶς,

96 5379 277 5429 ὥστε
329 5378 566 5441 ἁπαθεῖς
618 5380 854 5434 ἀπιέναι.
899 5382 961 5435 Ἠ
1006 5388 1103 5452 μὲν
1137 5385 1232 5439 οὖν
1276 5390 1590 5461 Λακωνικῇ,
1626 5398 1716 5447 καὶ

93 5475 172 5523 τὸ
231 5470 549 5541 Ταίναρον,
575 5472 667 5523 καὶ
712 5475 759 5525 οξ
815 5476 955 5543 ἀμφὶ
997 5477 1339 5548 Ἐπίδαυρον,
1399 5484 1712 5555 ἀπέστησαν

94 5566 343 5615 αὐτίκα
388 5564 650 5616 ἐπιόντων
680 5566 785 5617 τῶν
818 5568 1094 5624 Οὐενετῶν
1124 5588 1137 5600 °
1198 5576 1289 5626 καὶ
1345 5578 1393 5628 σί
1433 5580 1710 5647 ’Δρκάδε;,

1820 5040 1975 5080 erant
2006 5044 2231 5083 numero
2293 5032 2345 5082 in
2404 5047 2570 5084 unum
2613 5032 2825 5086 collecti
2875 5043 3070 5101 quater
3102 5038 3283 5103 tnillc;
3326 5048 3379 5092 et

1825 5118 1876 5171 in
1913 5116 2344 5187 Peloponnesum
2388 5121 2745 5189 trajecerunt,
2795 5133 2853 5176 ut
2887 5123 3379 5194 Peloponnesiacos

1824 5211 1889 5265 ad
1922 5212 2279 5267 defectionem
2315 5210 2383 5267 ab
2446 5230 2569 5283 rege
2605 5216 2960 5284 impellerent.
3001 5219 3194 5273 Verum
3220 5220 3378 5273 Pelo-

1824 5304 2133 5373 ponnesiaci
2190 5321 2381 5375 magna
2424 5305 2476 5358 in
2536 5308 2825 5362 formidine
2884 5313 3187 5375 constituti,
3238 5312 3379 5367 inter

1824 5412 1880 5450 se
1906 5396 2049 5449 varia
2086 5396 2355 5460 collocuti,
2410 5406 2717 5452 statuerunt
2779 5400 3042 5454 Isthmum
3082 5419 3236 5456 muro
3277 5407 3358 5458 cir

1822 5488 2157 5549 cumvenire,
2188 5499 2243 5539 ut
2308 5503 2373 5539 eo
2421 5492 2578 5542 modo
2639 5492 2947 5560 peregrinos
3001 5494 3165 5563 regis,
3194 5497 3283 5565 qui
3329 5497 3380 5551 in

1823 5580 2047 5633 urbibus
2091 5588 2261 5643 erant,
2334 5581 2735 5650 interciperent.
2800 5583 3075 5654 Pertgrini
3152 5605 3383 5658 namque

1428 5714 1674 5775 Notulm
1711 5720 2113 5795 marginales.

184 5826 238 5857 "'
278 5823 353 5877 In
386 5838 514 5887 uno,
558 5826 783 5897 διαχειρ.
863 5830 904 5859 ⁷⁵
951 5830 1168 5899 Ὲγγὺς.
1205 5842 1294 5884 aut
1334 5835 1506 5887 simile
1532 5839 1654 5905 qui‘l
1688 5842 1828 5894 deest
1889 5842 1949 5895 Β.
1990 5853 2044 5894 ut
2078 5844 2106 5895 ii

995 5831 1168 5899 ῖῒγῦςι
1205 5842 1294 5884 HM
1334 5835 1506 5887 simile
1532 5839 1654 5905 qui‘l
1688 5842 1828 5894 deest
1889 5842 1949 5895 Β.
1990 5853 2044 5894 ut
2078 5844 2195 5897 inc.
2270 5846 2315 5875 "‘
2356 5843 2417 5897 In
2446 5864 2571 5913 uno,
2604 5850 2917 5919 ἐπειρῶντο.
