  <div class='ocr_page' id='page_1' title='image "/cluster/home/n/w/nwhite01/storage/ocr_20150623/159/nnc1.0046980628/283.png"; bbox 0 0 4866 6594; ppageno 0'>
   <div class='ocr_carea' id='block_1_1' title="bbox 1328 549 1432 612">
    <p class='ocr_par' dir='ltr' id='par_1_1' title="bbox 1328 549 1432 612">
     <span class='ocr_line' id='line_1_1' title="bbox 1328 549 1432 612; baseline 0 0"><span class='ocrx_word' id='word_1_1' title='bbox 1328 549 1432 612; x_wconf 71' lang='grc'><strong>547</strong></span> 
     </span>
    </p>
   </div>
   <div class='ocr_carea' id='block_1_2' title="bbox 2452 522 3485 597">
    <p class='ocr_par' dir='ltr' id='par_1_2' title="bbox 2452 522 3485 597">
     <span class='ocr_line' id='line_1_2' title="bbox 2452 522 3485 597; baseline -0.015 -1"><span class='ocrx_word' id='word_1_2' title='bbox 2452 531 2760 597; x_wconf 73' lang='lat' dir='ltr'><strong>LAONICI</strong></span> <span class='ocrx_word' id='word_1_3' title='bbox 2820 522 3485 589; x_wconf 64' lang='lat' dir='ltr'><strong>CHALCOCUNDYLE.</strong></span> 
     </span>
    </p>
   </div>
   <div class='ocr_carea' id='block_1_3' title="bbox 4483 516 4581 578">
    <p class='ocr_par' dir='ltr' id='par_1_3' title="bbox 4483 516 4581 578">
     <span class='ocr_line' id='line_1_3' title="bbox 4483 516 4581 578; baseline -0.01 0"><span class='ocrx_word' id='word_1_4' title='bbox 4483 516 4581 578; x_wconf 56' lang='lat'><strong>543</strong></span> 
     </span>
    </p>
   </div>
   <div class='ocr_carea' id='block_1_4' title="bbox 1324 633 3246 734">
    <p class='ocr_par' dir='ltr' id='par_1_4' title="bbox 1324 638 3246 734">
     <span class='ocr_line' id='line_1_4' title="bbox 1324 638 3246 734; baseline -0.015 -16"><span class='ocrx_word' id='word_1_5' title='bbox 1324 667 1437 734; x_wconf 83' lang='lat' dir='ltr'><strong>jam</strong></span> <span class='ocrx_word' id='word_1_6' title='bbox 1472 663 1832 731; x_wconf 81' lang='lat' dir='ltr'><strong>desperarant</strong></span> <span class='ocrx_word' id='word_1_7' title='bbox 1887 657 1968 725; x_wconf 91' lang='lat' dir='ltr'><strong>(ut</strong></span> <span class='ocrx_word' id='word_1_8' title='bbox 2007 654 2099 724; x_wconf 86' lang='lat' dir='ltr'><strong>qui</strong></span> <span class='ocrx_word' id='word_1_9' title='bbox 2136 651 2461 720; x_wconf 88' lang='lat' dir='ltr'><strong>semetipsos</strong></span> <span class='ocrx_word' id='word_1_10' title='bbox 2497 647 2742 718; x_wconf 81' lang='lat' dir='ltr'><strong>proditos</strong></span> <span class='ocrx_word' id='word_1_11' title='bbox 2774 658 2892 698; x_wconf 87' lang='lat' dir='ltr'><strong>cre-</strong></span> <span class='ocrx_word' id='word_1_12' title='bbox 2924 646 2970 700; x_wconf 73' lang='grc' dir='ltr'><strong>Α</strong></span> <span class='ocrx_word' id='word_1_13' title='bbox 2999 639 3094 692; x_wconf 80' lang='grc' dir='ltr'>καὶ</span> <span class='ocrx_word' id='word_1_14' title='bbox 3152 638 3246 693; x_wconf 75' lang='lat' dir='ltr'><strong>ue}</strong></span> 
     </span>
    </p>
   </div>
   <div class='ocr_carea' id='block_1_5' title="bbox 2663 633 4585 734">
    <p class='ocr_par' dir='ltr' id='par_1_5' title="bbox 2663 633 4585 707">
     <span class='ocr_line' id='line_1_5' title="bbox 2663 633 4585 707; baseline -0.009 -7"><span class='ocrx_word' id='word_1_15' title='bbox 2663 658 2742 700; x_wconf 86' lang='lat' dir='ltr'><strong>los</strong></span> <span class='ocrx_word' id='word_1_16' title='bbox 2774 658 2892 698; x_wconf 86' lang='lat' dir='ltr'><strong>cre-</strong></span> <span class='ocrx_word' id='word_1_17' title='bbox 2924 639 3094 700; x_wconf 73' lang='grc' dir='ltr'>Ακαὶ</span> <span class='ocrx_word' id='word_1_18' title='bbox 3152 638 3439 707; x_wconf 77' lang='grc' dir='ltr'>υεληνείς.</span> <span class='ocrx_word' id='word_1_19' title='bbox 3513 637 3576 690; x_wconf 87' lang='lat'><strong>&#39;0</strong></span> <span class='ocrx_word' id='word_1_20' title='bbox 3618 635 3675 688; x_wconf 79' lang='grc' dir='ltr'>δὲ</span> <span class='ocrx_word' id='word_1_21' title='bbox 3740 635 4155 704; x_wconf 76' lang='grc' dir='ltr'>Πελοποννήσου</span> <span class='ocrx_word' id='word_1_22' title='bbox 4213 633 4480 701; x_wconf 79' lang='grc' dir='ltr'>ὕπαρχος,</span> <span class='ocrx_word' id='word_1_23' title='bbox 4531 638 4585 686; x_wconf 82' lang='grc' dir='ltr'>ὲν</span> 
     </span>
    </p>
   </div>
   <div class='ocr_carea' id='block_1_6' title="bbox 1331 745 2903 823">
    <p class='ocr_par' dir='ltr' id='par_1_6' title="bbox 1331 745 2903 823">
     <span class='ocr_line' id='line_1_6' title="bbox 1331 745 2903 823; baseline -0.013 -14"><span class='ocrx_word' id='word_1_24' title='bbox 1331 757 1544 823; x_wconf 82' lang='lat' dir='ltr'><strong>dercnt)</strong></span> <span class='ocrx_word' id='word_1_25' title='bbox 1579 770 1635 808; x_wconf 90' lang='lat' dir='ltr'><strong>se</strong></span> <span class='ocrx_word' id='word_1_26' title='bbox 1673 767 1830 823; x_wconf 50' lang='lat' dir='ltr'><strong>posse</strong></span> <span class='ocrx_word' id='word_1_27' title='bbox 1864 751 2060 803; x_wconf 66' lang='lat' dir='ltr'><strong>illmsos</strong></span> <span class='ocrx_word' id='word_1_28' title='bbox 2108 755 2163 799; x_wconf 91' lang='lat' dir='ltr'><strong>et</strong></span> <span class='ocrx_word' id='word_1_29' title='bbox 2211 745 2394 799; x_wconf 84' lang='lat' dir='ltr'><strong>salvos</strong></span> <span class='ocrx_word' id='word_1_30' title='bbox 2443 747 2767 806; x_wconf 86' lang='lat' dir='ltr'><strong>praesentem</strong></span> <span class='ocrx_word' id='word_1_31' title='bbox 2805 750 2903 790; x_wconf 84' lang='lat' dir='ltr'><strong>ne-</strong></span> 
     </span>
    </p>
   </div>
   <div class='ocr_carea' id='block_1_7' title="bbox 1332 832 2906 911">
    <p class='ocr_par' dir='ltr' id='par_1_7' title="bbox 1332 832 2906 911">
     <span class='ocr_line' id='line_1_7' title="bbox 1332 832 2906 911; baseline -0.013 -10"><span class='ocrx_word' id='word_1_32' title='bbox 1332 849 1643 903; x_wconf 62' lang='lat' dir='ltr'><strong>cessitatem</strong></span> <span class='ocrx_word' id='word_1_33' title='bbox 1687 846 1943 911; x_wconf 70' lang='lat' dir='ltr'><strong>effugere.</strong></span> <span class='ocrx_word' id='word_1_34' title='bbox 1991 839 2249 901; x_wconf 80' lang='lat' dir='ltr'><strong>Laconia,</strong></span> <span class='ocrx_word' id='word_1_35' title='bbox 2295 837 2500 905; x_wconf 85' lang='lat' dir='ltr'><strong>quique</strong></span> <span class='ocrx_word' id='word_1_36' title='bbox 2539 832 2825 884; x_wconf 71' lang='lat' dir='ltr'><strong>Taenarum</strong></span> <span class='ocrx_word' id='word_1_37' title='bbox 2851 837 2906 881; x_wconf 91' lang='lat' dir='ltr'><strong>et</strong></span> 
     </span>
    </p>
   </div>
   <div class='ocr_carea' id='block_1_8' title="bbox 1333 922 2906 1009">
    <p class='ocr_par' dir='ltr' id='par_1_8' title="bbox 1333 922 2906 1009">
     <span class='ocr_line' id='line_1_8' title="bbox 1333 922 2906 1009; baseline -0.014 -15"><span class='ocrx_word' id='word_1_38' title='bbox 1333 940 1693 1009; x_wconf 81' lang='lat' dir='ltr'><strong>Epidamnum</strong></span> <span class='ocrx_word' id='word_1_39' title='bbox 1728 935 1841 1001; x_wconf 73' lang='grc'><strong>(15)</strong></span> <span class='ocrx_word' id='word_1_40' title='bbox 1902 932 2182 990; x_wconf 79' lang='lat' dir='ltr'><strong>tenebant,</strong></span> <span class='ocrx_word' id='word_1_41' title='bbox 2223 942 2436 981; x_wconf 84' lang='lat' dir='ltr'><strong>necnon</strong></span> <span class='ocrx_word' id='word_1_42' title='bbox 2489 922 2704 978; x_wconf 84' lang='lat' dir='ltr'><strong>finitimi</strong></span> <span class='ocrx_word' id='word_1_43' title='bbox 2759 922 2906 975; x_wconf 89' lang='lat' dir='ltr'><strong>illico</strong></span> 
     </span>
    </p>
   </div>
   <div class='ocr_carea' id='block_1_9' title="bbox 1335 1011 2908 1088">
    <p class='ocr_par' dir='ltr' id='par_1_9' title="bbox 1335 1011 2908 1088">
     <span class='ocr_line' id='line_1_9' title="bbox 1335 1011 2908 1088; baseline -0.011 -4"><span class='ocrx_word' id='word_1_44' title='bbox 1335 1027 1728 1084; x_wconf 85' lang='lat' dir='ltr'><strong>accedentibus</strong></span> <span class='ocrx_word' id='word_1_45' title='bbox 1788 1023 2010 1077; x_wconf 76' lang='lat' dir='ltr'><strong>Venetis</strong></span> <span class='ocrx_word' id='word_1_46' title='bbox 2065 1021 2135 1073; x_wconf 85' lang='lat' dir='ltr'><strong>ab</strong></span> <span class='ocrx_word' id='word_1_47' title='bbox 2194 1034 2318 1088; x_wconf 89' lang='lat' dir='ltr'><strong>rege</strong></span> <span class='ocrx_word' id='word_1_48' title='bbox 2370 1015 2746 1070; x_wconf 89' lang='lat' dir='ltr'><strong>desciverunt.</strong></span> <span class='ocrx_word' id='word_1_49' title='bbox 2798 1011 2908 1066; x_wconf 87' lang='lat' dir='ltr'><strong>llos</strong></span> 
     </span>
    </p>
   </div>
   <div class='ocr_carea' id='block_1_10' title="bbox 1337 1104 2905 1176">
    <p class='ocr_par' dir='ltr' id='par_1_10' title="bbox 1337 1104 2905 1176">
     <span class='ocr_line' id='line_1_10' title="bbox 1337 1104 2905 1176; baseline -0.012 0"><span class='ocrx_word' id='word_1_50' title='bbox 1337 1121 1508 1176; x_wconf 79' lang='lat' dir='ltr'><strong>secuti</strong></span> <span class='ocrx_word' id='word_1_51' title='bbox 1540 1129 1666 1173; x_wconf 90' lang='lat' dir='ltr'><strong>sunt</strong></span> <span class='ocrx_word' id='word_1_52' title='bbox 1703 1117 1944 1173; x_wconf 77' lang='lat' dir='ltr'><strong>Arcades</strong></span> <span class='ocrx_word' id='word_1_53' title='bbox 1996 1124 2049 1167; x_wconf 90' lang='lat' dir='ltr'><strong>et</strong></span> <span class='ocrx_word' id='word_1_54' title='bbox 2113 1111 2484 1166; x_wconf 82' lang='lat' dir='ltr'><strong>Pellenenses.</strong></span> <span class='ocrx_word' id='word_1_55' title='bbox 2543 1104 2905 1175; x_wconf 81' lang='lat' dir='ltr'><strong>PclOponnesi</strong></span> 
     </span>
    </p>
   </div>
   <div class='ocr_carea' id='block_1_11' title="bbox 1339 1202 2911 1283">
    <p class='ocr_par' dir='ltr' id='par_1_11' title="bbox 1339 1202 2911 1283">
     <span class='ocr_line' id='line_1_11' title="bbox 1339 1202 2911 1283; baseline -0.009 -19"><span class='ocrx_word' id='word_1_56' title='bbox 1339 1212 1624 1283; x_wconf 75' lang='lat' dir='ltr'><strong>prmfectus</strong></span> <span class='ocrx_word' id='word_1_57' title='bbox 1674 1211 1727 1263; x_wconf 91' lang='lat' dir='ltr'><strong>in</strong></span> <span class='ocrx_word' id='word_1_58' title='bbox 1790 1207 2014 1262; x_wconf 86' lang='lat' dir='ltr'><strong>Leontia</strong></span> <span class='ocrx_word' id='word_1_59' title='bbox 2052 1205 2165 1276; x_wconf 84' lang='grc'>(16)</span> <span class='ocrx_word' id='word_1_60' title='bbox 2224 1202 2578 1272; x_wconf 77' lang='lat' dir='ltr'><strong>Megalopolis</strong></span> <span class='ocrx_word' id='word_1_61' title='bbox 2642 1208 2911 1262; x_wconf 83' lang='lat' dir='ltr'><strong>moratus,</strong></span> 
     </span>
    </p>
   </div>
   <div class='ocr_carea' id='block_1_12' title="bbox 1337 1289 2914 1369">
    <p class='ocr_par' dir='ltr' id='par_1_12' title="bbox 1337 1289 2914 1369">
     <span class='ocr_line' id='line_1_12' title="bbox 1337 1289 2914 1369; baseline -0.007 -16"><span class='ocrx_word' id='word_1_62' title='bbox 1337 1299 1691 1369; x_wconf 64' lang='lat' dir='ltr'><strong>exspectabat</strong></span> <span class='ocrx_word' id='word_1_63' title='bbox 1749 1298 1823 1351; x_wconf 86' lang='lat' dir='ltr'><strong>rei</strong></span> <span class='ocrx_word' id='word_1_64' title='bbox 1873 1296 2153 1352; x_wconf 68' lang='lat' dir='ltr'><strong>leventum.</strong></span> <span class='ocrx_word' id='word_1_65' title='bbox 2209 1293 2472 1347; x_wconf 74' lang='lat' dir='ltr'><strong>Nuntium</strong></span> <span class='ocrx_word' id='word_1_66' title='bbox 2506 1293 2571 1346; x_wconf 85' lang='lat' dir='ltr'><strong>ad</strong></span> <span class='ocrx_word' id='word_1_67' title='bbox 2615 1305 2795 1360; x_wconf 66' lang='lat' dir='ltr'><strong>regem</strong></span> <span class='ocrx_word' id='word_1_68' title='bbox 2833 1289 2914 1342; x_wconf 87' lang='lat' dir='ltr'><strong>di-</strong></span> 
     </span>
    </p>
   </div>
   <div class='ocr_carea' id='block_1_13' title="bbox 1341 1385 2915 1462">
    <p class='ocr_par' dir='ltr' id='par_1_13' title="bbox 1341 1385 2915 1462">
     <span class='ocr_line' id='line_1_13' title="bbox 1341 1385 2915 1462; baseline -0.006 -18"><span class='ocrx_word' id='word_1_69' title='bbox 1341 1396 1488 1446; x_wconf 84' lang='lat' dir='ltr'><strong>misit</strong></span> <span class='ocrx_word' id='word_1_70' title='bbox 1525 1393 1619 1462; x_wconf 85' lang='lat' dir='ltr'><strong>qui</strong></span> <span class='ocrx_word' id='word_1_71' title='bbox 1656 1393 1931 1445; x_wconf 90' lang='lat' dir='ltr'><strong>nuntiaret</strong></span> <span class='ocrx_word' id='word_1_72' title='bbox 1971 1389 2206 1443; x_wconf 88' lang='lat' dir='ltr'><strong>Venetos</strong></span> <span class='ocrx_word' id='word_1_73' title='bbox 2242 1390 2293 1442; x_wconf 89' lang='lat' dir='ltr'><strong>in</strong></span> <span class='ocrx_word' id='word_1_74' title='bbox 2339 1385 2509 1440; x_wconf 81' lang='lat' dir='ltr'><strong>armis</strong></span> <span class='ocrx_word' id='word_1_75' title='bbox 2539 1399 2679 1448; x_wconf 87' lang='lat' dir='ltr'><strong>esse,</strong></span> <span class='ocrx_word' id='word_1_76' title='bbox 2725 1391 2778 1436; x_wconf 65' lang='grc' dir='ltr'>οἱ</span> <span class='ocrx_word' id='word_1_77' title='bbox 2835 1397 2915 1436; x_wconf 67' lang='grc' dir='ltr'>,νε-</span> 
     </span>
    </p>
   </div>
   <div class='ocr_carea' id='block_1_14' title="bbox 1341 1475 2916 1555">
    <p class='ocr_par' dir='ltr' id='par_1_14' title="bbox 1341 1475 2916 1555">
     <span class='ocr_line' id='line_1_14' title="bbox 1341 1475 2916 1555; baseline -0.007 -18"><span class='ocrx_word' id='word_1_78' title='bbox 1341 1489 1558 1555; x_wconf 68' lang='lat' dir='ltr'><strong>gionetn</strong></span> <span class='ocrx_word' id='word_1_79' title='bbox 1626 1485 1691 1537; x_wconf 89' lang='lat' dir='ltr'><strong>ad</strong></span> <span class='ocrx_word' id='word_1_80' title='bbox 1751 1482 2110 1537; x_wconf 76' lang='lat' dir='ltr'><strong>defectionem</strong></span> <span class='ocrx_word' id='word_1_81' title='bbox 2164 1479 2487 1534; x_wconf 73' lang='lat' dir='ltr'><strong>sollicitare.</strong></span> <span class='ocrx_word' id='word_1_82' title='bbox 2538 1475 2729 1529; x_wconf 89' lang='lat' dir='ltr'><strong>Veneti</strong></span> <span class='ocrx_word' id='word_1_83' title='bbox 2774 1485 2916 1529; x_wconf 85' lang='lat' dir='ltr'><strong>terra</strong></span> 
     </span>
    </p>
   </div>
   <div class='ocr_carea' id='block_1_15' title="bbox 1344 1572 2916 1644">
    <p class='ocr_par' dir='ltr' id='par_1_15' title="bbox 1344 1572 2916 1644">
     <span class='ocr_line' id='line_1_15' title="bbox 1344 1572 2916 1644; baseline -0.005 -14"><span class='ocrx_word' id='word_1_84' title='bbox 1344 1579 1590 1644; x_wconf 85' lang='lat' dir='ltr'><strong>marique</strong></span> <span class='ocrx_word' id='word_1_85' title='bbox 1617 1576 1685 1628; x_wconf 94' lang='lat' dir='ltr'><strong>ab</strong></span> <span class='ocrx_word' id='word_1_86' title='bbox 1725 1573 1962 1641; x_wconf 87' lang='lat' dir='ltr'><strong>Nauplio</strong></span> <span class='ocrx_word' id='word_1_87' title='bbox 1996 1574 2363 1642; x_wconf 80' lang='lat' dir='ltr'><strong>praperabant</strong></span> <span class='ocrx_word' id='word_1_88' title='bbox 2389 1572 2591 1641; x_wconf 73' lang='lat' dir='ltr'><strong>Argos;</strong></span> <span class='ocrx_word' id='word_1_89' title='bbox 2633 1584 2792 1638; x_wconf 57' lang='lat' dir='ltr'><strong>qua&quot;:</strong></span> <span class='ocrx_word' id='word_1_90' title='bbox 2822 1583 2916 1622; x_wconf 87' lang='lat' dir='ltr'><strong>ur-</strong></span> 
     </span>
    </p>
   </div>
   <div class='ocr_carea' id='block_1_16' title="bbox 1345 1663 2920 1738">
    <p class='ocr_par' dir='ltr' id='par_1_16' title="bbox 1345 1663 2920 1738">
     <span class='ocr_line' id='line_1_16' title="bbox 1345 1663 2920 1738; baseline -0.006 -15"><span class='ocrx_word' id='word_1_91' title='bbox 1345 1672 1464 1723; x_wconf 89' lang='lat' dir='ltr'><strong>bem</strong></span> <span class='ocrx_word' id='word_1_92' title='bbox 1497 1668 1736 1738; x_wconf 78' lang='lat' dir='ltr'><strong>aggressi</strong></span> <span class='ocrx_word' id='word_1_93' title='bbox 1807 1667 2193 1737; x_wconf 87' lang='lat' dir='ltr'><strong>oppugnabant</strong></span> <span class='ocrx_word' id='word_1_94' title='bbox 2224 1685 2238 1733; x_wconf 89' lang='lat'>;</span> <span class='ocrx_word' id='word_1_95' title='bbox 2293 1665 2548 1734; x_wconf 83' lang='lat' dir='ltr'><strong>Oppidani</strong></span> <span class='ocrx_word' id='word_1_96' title='bbox 2580 1663 2920 1718; x_wconf 81' lang='lat' dir='ltr'><strong>conabantur</strong></span> 
     </span>
    </p>
   </div>
   <div class='ocr_carea' id='block_1_17' title="bbox 1346 1752 2912 1824">
    <p class='ocr_par' dir='ltr' id='par_1_17' title="bbox 1346 1752 2912 1824">
     <span class='ocr_line' id='line_1_17' title="bbox 1346 1752 2912 1824; baseline -0.006 -8"><span class='ocrx_word' id='word_1_97' title='bbox 1346 1763 1724 1816; x_wconf 84' lang='lat' dir='ltr'><strong>transitionem</strong></span> <span class='ocrx_word' id='word_1_98' title='bbox 1781 1759 1984 1814; x_wconf 87' lang='lat' dir='ltr'><strong>facere.</strong></span> <span class='ocrx_word' id='word_1_99' title='bbox 2043 1757 2209 1813; x_wconf 87' lang='lat' dir='ltr'><strong>Erant</strong></span> <span class='ocrx_word' id='word_1_100' title='bbox 2267 1760 2319 1812; x_wconf 92' lang='lat' dir='ltr'><strong>in</strong></span> <span class='ocrx_word' id='word_1_101' title='bbox 2356 1774 2418 1812; x_wconf 83' lang='lat' dir='ltr'><strong>ea</strong></span> <span class='ocrx_word' id='word_1_102' title='bbox 2454 1757 2589 1810; x_wconf 84' lang='lat' dir='ltr'><strong>urbe</strong></span> <span class='ocrx_word' id='word_1_103' title='bbox 2636 1752 2912 1824; x_wconf 81' lang='lat' dir='ltr'><strong>peregrini</strong></span> 
     </span>
    </p>
   </div>
   <div class='ocr_carea' id='block_1_18' title="bbox 1348 1848 2919 1921">
    <p class='ocr_par' dir='ltr' id='par_1_18' title="bbox 1348 1848 2919 1921">
     <span class='ocr_line' id='line_1_18' title="bbox 1348 1848 2919 1921; baseline -0.005 -15"><span class='ocrx_word' id='word_1_104' title='bbox 1348 1856 1552 1908; x_wconf 83' lang='lat' dir='ltr'><strong>milites</strong></span> <span class='ocrx_word' id='word_1_105' title='bbox 1619 1853 1762 1920; x_wconf 74' lang='lat' dir='ltr'><strong>l&#39;t&#39;gls</strong></span> <span class='ocrx_word' id='word_1_106' title='bbox 1817 1852 2212 1921; x_wconf 73' lang='lat' dir='ltr'><strong>quinquaginta</strong></span> <span class='ocrx_word' id='word_1_107' title='bbox 2283 1865 2389 1902; x_wconf 89' lang='lat' dir='ltr'><strong>una</strong></span> <span class='ocrx_word' id='word_1_108' title='bbox 2445 1863 2568 1902; x_wconf 86' lang='lat' dir='ltr'><strong>cum</strong></span> <span class='ocrx_word' id='word_1_109' title='bbox 2611 1848 2745 1908; x_wconf 83' lang='lat' dir='ltr'><strong>duce</strong></span> <span class='ocrx_word' id='word_1_110' title='bbox 2781 1858 2919 1900; x_wconf 89' lang='lat' dir='ltr'><strong>suo:</strong></span> 
     </span>
    </p>
   </div>
   <div class='ocr_carea' id='block_1_19' title="bbox 1347 1936 2925 2012">
    <p class='ocr_par' dir='ltr' id='par_1_19' title="bbox 1347 1936 2925 2012">
     <span class='ocr_line' id='line_1_19' title="bbox 1347 1936 2925 2012; baseline -0.006 -15"><span class='ocrx_word' id='word_1_111' title='bbox 1347 1946 1462 2012; x_wconf 87' lang='lat' dir='ltr'><strong>qui,</strong></span> <span class='ocrx_word' id='word_1_112' title='bbox 1513 1943 1924 1996; x_wconf 81' lang='lat' dir='ltr'><strong>conditionibus</strong></span> <span class='ocrx_word' id='word_1_113' title='bbox 1975 1942 2300 2009; x_wconf 82' lang='lat' dir='ltr'><strong>quibusdam</strong></span> <span class='ocrx_word' id='word_1_114' title='bbox 2334 1936 2819 2000; x_wconf 74' lang='lat' dir='ltr'><strong>intercedentibus,</strong></span> <span class='ocrx_word' id='word_1_115' title='bbox 2866 1947 2925 1988; x_wconf 86' lang='lat' dir='ltr'><strong>se</strong></span> 
     </span>
    </p>
   </div>
   <div class='ocr_carea' id='block_1_20' title="bbox 3009 720 4587 802">
    <p class='ocr_par' dir='ltr' id='par_1_20' title="bbox 3009 720 4587 802">
     <span class='ocr_line' id='line_1_20' title="bbox 3009 720 4587 802; baseline -0.005 -17"><span class='ocrx_word' id='word_1_116' title='bbox 3009 732 3241 802; x_wconf 83' lang='grc' dir='ltr'>Λεοντίῃ</span> <span class='ocrx_word' id='word_1_117' title='bbox 3273 732 3374 800; x_wconf 85' lang='grc' dir='ltr'>τῆς</span> <span class='ocrx_word' id='word_1_118' title='bbox 3425 730 3863 798; x_wconf 84' lang='grc' dir='ltr'>Μεγαλοπόλεως</span> <span class='ocrx_word' id='word_1_119' title='bbox 3918 728 4234 798; x_wconf 81' lang='grc' dir='ltr'>διατρίϐων,</span> <span class='ocrx_word' id='word_1_120' title='bbox 4296 720 4587 798; x_wconf 81' lang='grc' dir='ltr'>ἐσκόπειῇ</span> 
     </span>
    </p>
   </div>
   <div class='ocr_carea' id='block_1_21' title="bbox 3007 819 4586 894">
    <p class='ocr_par' dir='ltr' id='par_1_21' title="bbox 3007 819 4586 894">
     <span class='ocr_line' id='line_1_21' title="bbox 3007 819 4586 894; baseline -0.004 -16"><span class='ocrx_word' id='word_1_121' title='bbox 3007 827 3216 880; x_wconf 71' lang='grc' dir='ltr'>ἕκαστα</span> <span class='ocrx_word' id='word_1_122' title='bbox 3244 824 3609 894; x_wconf 76' lang='grc' dir='ltr'>προϐήσεται.</span> <span class='ocrx_word' id='word_1_123' title='bbox 3637 825 3747 877; x_wconf 79' lang='grc' dir='ltr'><strong>Καὶ</strong></span> <span class='ocrx_word' id='word_1_124' title='bbox 3785 824 4007 893; x_wconf 84' lang='grc' dir='ltr'>κήρυκα</span> <span class='ocrx_word' id='word_1_125' title='bbox 4057 821 4298 892; x_wconf 80' lang='grc' dir='ltr'><strong>πέμπων</strong></span> <span class='ocrx_word' id='word_1_126' title='bbox 4347 821 4404 882; x_wconf 85' lang='grc' dir='ltr'><strong>ἐς</strong></span> <span class='ocrx_word' id='word_1_127' title='bbox 4438 819 4586 889; x_wconf 81' lang='grc' dir='ltr'>βασι-</span> 
     </span>
    </p>
   </div>
   <div class='ocr_carea' id='block_1_22' title="bbox 3009 915 4592 997">
    <p class='ocr_par' dir='ltr' id='par_1_22' title="bbox 3009 915 4592 997">
     <span class='ocr_line' id='line_1_22' title="bbox 3009 915 4592 997; baseline -0.005 -25"><span class='ocrx_word' id='word_1_128' title='bbox 3009 919 3130 980; x_wconf 85' lang='grc' dir='ltr'>λέα,</span> <span class='ocrx_word' id='word_1_129' title='bbox 3163 919 3375 997; x_wconf 54' lang='lat' dir='ltr'><strong>eam»,</strong></span> <span class='ocrx_word' id='word_1_130' title='bbox 3417 920 3493 980; x_wconf 86' lang='grc' dir='ltr'>ὼς</span> <span class='ocrx_word' id='word_1_131' title='bbox 3525 918 3781 972; x_wconf 70' lang='grc' dir='ltr'>Οὑενετοὶ</span> <span class='ocrx_word' id='word_1_132' title='bbox 3805 921 3905 985; x_wconf 82' lang='grc' dir='ltr'>τήν</span> <span class='ocrx_word' id='word_1_133' title='bbox 3930 935 3989 970; x_wconf 90' lang='grc' dir='ltr'><strong>τε</strong></span> <span class='ocrx_word' id='word_1_134' title='bbox 4027 917 4218 985; x_wconf 83' lang='grc' dir='ltr'>χώραν</span> <span class='ocrx_word' id='word_1_135' title='bbox 4262 915 4592 982; x_wconf 74' lang='grc' dir='ltr'><strong>ἀφιστάντες</strong></span> 
     </span>
    </p>
   </div>
   <div class='ocr_carea' id='block_1_23' title="bbox 3011 1008 4590 1083">
    <p class='ocr_par' dir='ltr' id='par_1_23' title="bbox 3011 1008 4590 1083">
     <span class='ocr_line' id='line_1_23' title="bbox 3011 1008 4590 1083; baseline -0.004 -17"><span class='ocrx_word' id='word_1_136' title='bbox 3011 1014 3336 1083; x_wconf 66' lang='grc' dir='ltr'>πολεμοῦσι,</span> <span class='ocrx_word' id='word_1_137' title='bbox 3364 1013 3460 1064; x_wconf 76' lang='grc' dir='ltr'>καὶ</span> <span class='ocrx_word' id='word_1_138' title='bbox 3483 1011 3544 1064; x_wconf 72' lang='grc' dir='ltr'>τὸ</span> <span class='ocrx_word' id='word_1_139' title='bbox 3589 1013 3792 1080; x_wconf 77' lang='grc' dir='ltr'><strong>¹Ἀργος</strong></span> <span class='ocrx_word' id='word_1_140' title='bbox 3821 1013 4068 1072; x_wconf 81' lang='grc' dir='ltr'><strong>ἐπιόντες</strong></span> <span class='ocrx_word' id='word_1_141' title='bbox 4111 1008 4221 1062; x_wconf 82' lang='grc' dir='ltr'><strong>ἀπὸ</strong></span> <span class='ocrx_word' id='word_1_142' title='bbox 4280 1009 4590 1066; x_wconf 80' lang='grc' dir='ltr'>Ναυπλίου,</span> 
     </span>
    </p>
   </div>
   <div class='ocr_carea' id='block_1_24' title="bbox 3011 1100 4594 1176">
    <p class='ocr_par' dir='ltr' id='par_1_24' title="bbox 3011 1100 4594 1176">
     <span class='ocr_line' id='line_1_24' title="bbox 3011 1100 4594 1176; baseline -0.006 -16"><span class='ocrx_word' id='word_1_143' title='bbox 3011 1108 3101 1161; x_wconf 76' lang='grc' dir='ltr'><strong>διὰ</strong></span> <span class='ocrx_word' id='word_1_144' title='bbox 3129 1108 3229 1175; x_wconf 83' lang='grc' dir='ltr'>τῆς</span> <span class='ocrx_word' id='word_1_145' title='bbox 3275 1107 3538 1176; x_wconf 69' lang='grc' dir='ltr'>ἠπείρου,</span> <span class='ocrx_word' id='word_1_146' title='bbox 3593 1105 3689 1158; x_wconf 77' lang='grc' dir='ltr'>καὶ</span> <span class='ocrx_word' id='word_1_147' title='bbox 3742 1104 3830 1157; x_wconf 76' lang='grc' dir='ltr'><strong>διὰ</strong></span> <span class='ocrx_word' id='word_1_148' title='bbox 3885 1103 4188 1171; x_wconf 78' lang='grc' dir='ltr'>θαλάσσης,</span> <span class='ocrx_word' id='word_1_149' title='bbox 4236 1100 4594 1170; x_wconf 71' lang='grc' dir='ltr'><strong>ἐπολιόρκουν</strong></span> 
     </span>
    </p>
   </div>
   <div class='ocr_carea' id='block_1_25' title="bbox 3015 1194 4597 1269">
    <p class='ocr_par' dir='ltr' id='par_1_25' title="bbox 3015 1194 4597 1269">
     <span class='ocr_line' id='line_1_25' title="bbox 3015 1194 4597 1269; baseline -0.005 -18"><span class='ocrx_word' id='word_1_150' title='bbox 3015 1200 3441 1269; x_wconf 75' lang='grc' dir='ltr'>προσϐαλόντες.</span> <span class='ocrx_word' id='word_1_151' title='bbox 3502 1199 3614 1251; x_wconf 81' lang='grc' dir='ltr'><strong>Καὶ</strong></span> <span class='ocrx_word' id='word_1_152' title='bbox 3673 1196 3979 1259; x_wconf 84' lang='grc' dir='ltr'>ἐπειρῶντο</span> <span class='ocrx_word' id='word_1_153' title='bbox 4031 1196 4218 1262; x_wconf 80' lang='grc' dir='ltr'>μολεῖν</span> <span class='ocrx_word' id='word_1_154' title='bbox 4253 1196 4320 1248; x_wconf 87' lang='lat'><strong>&quot;.</strong></span> <span class='ocrx_word' id='word_1_155' title='bbox 4367 1194 4597 1258; x_wconf 79' lang='grc' dir='ltr'>Ἐνῆσαν</span> 
     </span>
    </p>
   </div>
   <div class='ocr_carea' id='block_1_26' title="bbox 3015 1287 4599 1362">
    <p class='ocr_par' dir='ltr' id='par_1_26' title="bbox 3015 1287 4599 1362">
     <span class='ocr_line' id='line_1_26' title="bbox 3015 1287 4599 1362; baseline -0.007 -14"><span class='ocrx_word' id='word_1_156' title='bbox 3015 1295 3072 1349; x_wconf 84' lang='grc' dir='ltr'><strong>δέ</strong></span> <span class='ocrx_word' id='word_1_157' title='bbox 3105 1292 3199 1346; x_wconf 82' lang='grc' dir='ltr'>τοῦ</span> <span class='ocrx_word' id='word_1_158' title='bbox 3229 1292 3492 1362; x_wconf 80' lang='grc' dir='ltr'>βασιλέως</span> <span class='ocrx_word' id='word_1_159' title='bbox 3519 1291 3860 1359; x_wconf 69' lang='grc' dir='ltr'>πεντήκοντα</span> <span class='ocrx_word' id='word_1_160' title='bbox 3887 1288 4163 1355; x_wconf 78' lang='grc' dir='ltr'>νεήλυδες,</span> <span class='ocrx_word' id='word_1_161' title='bbox 4185 1288 4282 1340; x_wconf 76' lang='grc' dir='ltr'>καὶ</span> <span class='ocrx_word' id='word_1_162' title='bbox 4313 1287 4599 1357; x_wconf 69' lang='grc' dir='ltr'>ἁρμοστὴς</span> 
     </span>
    </p>
   </div>
   <div class='ocr_carea' id='block_1_27' title="bbox 3017 1377 4604 1454">
    <p class='ocr_par' dir='ltr' id='par_1_27' title="bbox 3017 1377 4604 1454">
     <span class='ocr_line' id='line_1_27' title="bbox 3017 1377 4604 1454; baseline -0.006 -15"><span class='ocrx_word' id='word_1_163' title='bbox 3017 1386 3244 1448; x_wconf 76' lang='grc' dir='ltr'>τούτων,</span> <span class='ocrx_word' id='word_1_164' title='bbox 3277 1385 3327 1437; x_wconf 76' lang='grc' dir='ltr'>οἳ</span> <span class='ocrx_word' id='word_1_165' title='bbox 3353 1383 3784 1454; x_wconf 83' lang='grc' dir='ltr'><strong>προσεχώρησαν</strong></span> <span class='ocrx_word' id='word_1_166' title='bbox 3816 1383 3924 1441; x_wconf 70' lang='grc' dir='ltr'>τοῖς</span> <span class='ocrx_word' id='word_1_167' title='bbox 3955 1380 4241 1442; x_wconf 79' lang='grc' dir='ltr'>Οὐενετοίς</span> <span class='ocrx_word' id='word_1_168' title='bbox 4293 1377 4418 1432; x_wconf 78' lang='grc' dir='ltr'>καθ’</span> <span class='ocrx_word' id='word_1_169' title='bbox 4468 1379 4604 1447; x_wconf 81' lang='grc' dir='ltr'>όμο-</span> 
     </span>
    </p>
   </div>
   <div class='ocr_carea' id='block_1_28' title="bbox 3019 1467 4605 1545">
    <p class='ocr_par' dir='ltr' id='par_1_28' title="bbox 3019 1467 4605 1545">
     <span class='ocr_line' id='line_1_28' title="bbox 3019 1467 4605 1545; baseline -0.005 -15"><span class='ocrx_word' id='word_1_170' title='bbox 3019 1478 3232 1540; x_wconf 85' lang='grc' dir='ltr'>λογίαν,</span> <span class='ocrx_word' id='word_1_171' title='bbox 3291 1476 3389 1529; x_wconf 65' lang='grc' dir='ltr'><strong>καὶ⁵</strong></span> <span class='ocrx_word' id='word_1_172' title='bbox 3441 1477 3664 1545; x_wconf 78' lang='grc' dir='ltr'><strong>ἀφῆκαν</strong></span> <span class='ocrx_word' id='word_1_173' title='bbox 3718 1474 3957 1536; x_wconf 72' lang='grc' dir='ltr'>ἀπαθεῖς</span> <span class='ocrx_word' id='word_1_174' title='bbox 4007 1475 4254 1526; x_wconf 77' lang='grc' dir='ltr'>ἀπιέναι.</span> <span class='ocrx_word' id='word_1_175' title='bbox 4301 1467 4464 1526; x_wconf 74' lang='grc' dir='ltr'>Οὗτοι</span> <span class='ocrx_word' id='word_1_176' title='bbox 4505 1473 4605 1540; x_wconf 78' lang='grc' dir='ltr'>μὲν</span> 
     </span>
    </p>
   </div>
   <div class='ocr_carea' id='block_1_29' title="bbox 3019 1564 4601 1637">
    <p class='ocr_par' dir='ltr' id='par_1_29' title="bbox 3019 1564 4601 1637">
     <span class='ocr_line' id='line_1_29' title="bbox 3019 1564 4601 1637; baseline -0.006 -14"><span class='ocrx_word' id='word_1_177' title='bbox 3019 1569 3158 1623; x_wconf 73' lang='grc' dir='ltr'>οὕτω</span> <span class='ocrx_word' id='word_1_178' title='bbox 3191 1570 3453 1636; x_wconf 74' lang='grc' dir='ltr'>διέφυγον</span> <span class='ocrx_word' id='word_1_179' title='bbox 3484 1567 3559 1637; x_wconf 86' lang='grc' dir='ltr'>μὴ</span> <span class='ocrx_word' id='word_1_180' title='bbox 3583 1567 3909 1628; x_wconf 72' lang='grc' dir='ltr'>ἀπολέσθαι,</span> <span class='ocrx_word' id='word_1_181' title='bbox 3947 1566 4042 1617; x_wconf 77' lang='grc' dir='ltr'>καὶ</span> <span class='ocrx_word' id='word_1_182' title='bbox 4066 1565 4127 1617; x_wconf 73' lang='grc' dir='ltr'>τὸ</span> <span class='ocrx_word' id='word_1_183' title='bbox 4172 1564 4380 1632; x_wconf 83' lang='grc' dir='ltr'>Ἀργος</span> <span class='ocrx_word' id='word_1_184' title='bbox 4419 1581 4601 1634; x_wconf 81' lang='grc' dir='ltr'>παρα-</span> 
     </span>
    </p>
   </div>
   <div class='ocr_carea' id='block_1_30' title="bbox 3019 1658 4608 1729">
    <p class='ocr_par' dir='ltr' id='par_1_30' title="bbox 3019 1658 4608 1729">
     <span class='ocr_line' id='line_1_30' title="bbox 3019 1658 4608 1729; baseline -0.006 -15"><span class='ocrx_word' id='word_1_185' title='bbox 3019 1661 3279 1723; x_wconf 74' lang='grc' dir='ltr'>λαϐόντες</span> <span class='ocrx_word' id='word_1_186' title='bbox 3309 1659 3586 1721; x_wconf 77' lang='grc' dir='ltr'>Οὐενετοὶ,</span> <span class='ocrx_word' id='word_1_187' title='bbox 3639 1659 3889 1729; x_wconf 80' lang='grc' dir='ltr'>φρουράν</span> <span class='ocrx_word' id='word_1_188' title='bbox 3938 1675 3996 1711; x_wconf 85' lang='grc' dir='ltr'><strong>τε</strong></span> <span class='ocrx_word' id='word_1_189' title='bbox 4057 1658 4443 1726; x_wconf 77' lang='grc' dir='ltr'>ἐγκατέλιπον,</span> <span class='ocrx_word' id='word_1_190' title='bbox 4512 1658 4608 1706; x_wconf 69' lang='grc' dir='ltr'>καὶ</span> 
     </span>
    </p>
   </div>
   <div class='ocr_carea' id='block_1_31' title="bbox 3020 1749 4608 1824">
    <p class='ocr_par' dir='ltr' id='par_1_31' title="bbox 3020 1749 4608 1824">
     <span class='ocr_line' id='line_1_31' title="bbox 3020 1749 4608 1824; baseline -0.005 -15"><span class='ocrx_word' id='word_1_191' title='bbox 3020 1756 3261 1824; x_wconf 77' lang='grc' dir='ltr'>ἄρχοντα</span> <span class='ocrx_word' id='word_1_192' title='bbox 3279 1756 3336 1807; x_wconf 83' lang='grc' dir='ltr'><strong>ἐν</strong></span> <span class='ocrx_word' id='word_1_193' title='bbox 3351 1752 3521 1822; x_wconf 66' lang='grc' dir='ltr'>αὐτῷ.</span> <span class='ocrx_word' id='word_1_194' title='bbox 3552 1749 3722 1806; x_wconf 81' lang='grc' dir='ltr'>Ἔνθα</span> <span class='ocrx_word' id='word_1_195' title='bbox 3744 1752 3808 1820; x_wconf 84' lang='grc' dir='ltr'><strong>δὴ</strong></span> <span class='ocrx_word' id='word_1_196' title='bbox 3827 1751 4132 1823; x_wconf 70' lang='grc' dir='ltr'>συνηνέχθη</span> <span class='ocrx_word' id='word_1_197' title='bbox 4159 1753 4347 1814; x_wconf 83' lang='grc' dir='ltr'>αὐτοῖς</span> <span class='ocrx_word' id='word_1_198' title='bbox 4375 1749 4608 1803; x_wconf 72' lang='grc' dir='ltr'>τοιόνδε.</span> 
     </span>
    </p>
   </div>
   <div class='ocr_carea' id='block_1_32' title="bbox 3035 1842 4612 1915">
    <p class='ocr_par' dir='ltr' id='par_1_32' title="bbox 3035 1842 4612 1915">
     <span class='ocr_line' id='line_1_32' title="bbox 3035 1842 4612 1915; baseline -0.005 -17"><span class='ocrx_word' id='word_1_199' title='bbox 3035 1845 3124 1907; x_wconf 77' lang='grc' dir='ltr'>Ὠς</span> <span class='ocrx_word' id='word_1_200' title='bbox 3159 1847 3269 1914; x_wconf 81' lang='grc' dir='ltr'>γὰρ</span> <span class='ocrx_word' id='word_1_201' title='bbox 3321 1845 3710 1914; x_wconf 78' lang='grc' dir='ltr'><strong>ἐπεκράτησαν</strong></span> <span class='ocrx_word' id='word_1_202' title='bbox 3755 1843 3850 1896; x_wconf 82' lang='grc' dir='ltr'>τοῦ</span> <span class='ocrx_word' id='word_1_203' title='bbox 3886 1845 4150 1915; x_wconf 80' lang='grc' dir='ltr'>Ἀργους,</span> <span class='ocrx_word' id='word_1_204' title='bbox 4203 1844 4298 1898; x_wconf 77' lang='grc' dir='ltr'>καὶ</span> <span class='ocrx_word' id='word_1_205' title='bbox 4357 1842 4612 1912; x_wconf 72' lang='grc' dir='ltr'>βοήθειαν</span> 
     </span>
    </p>
   </div>
   <div class='ocr_carea' id='block_1_33' title="bbox 3028 1933 4616 2008">
    <p class='ocr_par' dir='ltr' id='par_1_33' title="bbox 3028 1933 4616 2008">
     <span class='ocr_line' id='line_1_33' title="bbox 3028 1933 4616 2008; baseline -0.004 -17"><span class='ocrx_word' id='word_1_206' title='bbox 3028 1938 3300 2005; x_wconf 78' lang='grc' dir='ltr'>ῑπεμπον,</span> <span class='ocrx_word' id='word_1_207' title='bbox 3353 1936 3752 2006; x_wconf 76' lang='grc' dir='ltr'><strong>ἐπιτρέψαντες</strong></span> <span class='ocrx_word' id='word_1_208' title='bbox 3796 1937 3952 2008; x_wconf 73' lang='grc' dir='ltr'>ἀνδρὶ</span> <span class='ocrx_word' id='word_1_209' title='bbox 3997 1936 4310 2006; x_wconf 76' lang='grc' dir='ltr'><strong>Ἱερωνύμῳ</strong></span> <span class='ocrx_word' id='word_1_210' title='bbox 4375 1933 4616 2003; x_wconf 71' lang='grc' dir='ltr'>Βερνᾶρ-</span> 
     </span>
    </p>
   </div>
   <div class='ocr_carea' id='block_1_34' title="bbox 1353 2007 3275 2102">
    <p class='ocr_par' dir='ltr' id='par_1_34' title="bbox 1353 2007 3275 2102">
     <span class='ocr_line' id='line_1_34' title="bbox 1353 2007 3275 2102; baseline -0.003 -14"><span class='ocrx_word' id='word_1_211' title='bbox 1353 2007 1570 2090; x_wconf 73' lang='lat' dir='ltr'><strong>Venetis</strong></span> <span class='ocrx_word' id='word_1_212' title='bbox 1602 2034 1878 2096; x_wconf 85' lang='lat' dir='ltr'><strong>dedidere,</strong></span> <span class='ocrx_word' id='word_1_213' title='bbox 1919 2007 2054 2102; x_wconf 84' lang='lat' dir='ltr'><strong>quos</strong></span> <span class='ocrx_word' id='word_1_214' title='bbox 2095 2031 2238 2100; x_wconf 83' lang='lat' dir='ltr'><strong>passi</strong></span> <span class='ocrx_word' id='word_1_215' title='bbox 2274 2041 2402 2084; x_wconf 91' lang='lat' dir='ltr'><strong>sunt</strong></span> <span class='ocrx_word' id='word_1_216' title='bbox 2450 2031 2604 2084; x_wconf 89' lang='lat' dir='ltr'><strong>abire</strong></span> <span class='ocrx_word' id='word_1_217' title='bbox 2635 2029 2926 2083; x_wconf 78' lang='lat' dir='ltr'><strong>inviolatos</strong></span> <span class='ocrx_word' id='word_1_218' title='bbox 2958 2007 3000 2060; x_wconf 71' lang='grc' dir='ltr'><strong>Β</strong></span> <span class='ocrx_word' id='word_1_219' title='bbox 3029 2033 3134 2085; x_wconf 84' lang='grc' dir='ltr'>δων</span> <span class='ocrx_word' id='word_1_220' title='bbox 3157 2032 3275 2099; x_wconf 80' lang='grc' dir='ltr'>γένο</span> 
     </span>
    </p>
   </div>
   <div class='ocr_carea' id='block_1_35' title="bbox 2694 2007 4616 2102">
    <p class='ocr_par' dir='ltr' id='par_1_35' title="bbox 2698 2007 4616 2099">
     <span class='ocr_line' id='line_1_35' title="bbox 2698 2007 4616 2099; baseline -0.003 -18"><span class='ocrx_word' id='word_1_221' title='bbox 2698 2029 2926 2082; x_wconf 79' lang='lat' dir='ltr'><strong>violatos</strong></span> <span class='ocrx_word' id='word_1_222' title='bbox 2958 2007 3000 2060; x_wconf 71' lang='grc' dir='ltr'><strong>Β</strong></span> <span class='ocrx_word' id='word_1_223' title='bbox 3029 2033 3134 2085; x_wconf 87' lang='grc' dir='ltr'>δων</span> <span class='ocrx_word' id='word_1_224' title='bbox 3157 2032 3366 2099; x_wconf 73' lang='grc' dir='ltr'>γένους,</span> <span class='ocrx_word' id='word_1_225' title='bbox 3399 2035 3494 2083; x_wconf 81' lang='grc' dir='ltr'>καὶ</span> <span class='ocrx_word' id='word_1_226' title='bbox 3525 2007 3919 2095; x_wconf 71' lang='grc' dir='ltr'>ἐπιτείλαντες,</span> <span class='ocrx_word' id='word_1_227' title='bbox 3950 2031 4025 2091; x_wconf 80' lang='grc' dir='ltr'>ὡς</span> <span class='ocrx_word' id='word_1_228' title='bbox 4055 2029 4122 2083; x_wconf 83' lang='grc' dir='ltr'>ἂν</span> <span class='ocrx_word' id='word_1_229' title='bbox 4165 2029 4253 2081; x_wconf 77' lang='grc' dir='ltr'><strong>διὰ</strong></span> <span class='ocrx_word' id='word_1_230' title='bbox 4302 2025 4395 2081; x_wconf 83' lang='grc' dir='ltr'>τοῦ</span> <span class='ocrx_word' id='word_1_231' title='bbox 4433 2026 4616 2092; x_wconf 79' lang='grc' dir='ltr'>αιγια-</span> 
     </span>
    </p>
   </div>
   <div class='ocr_carea' id='block_1_36' title="bbox 1350 2124 2928 2184">
    <p class='ocr_par' dir='ltr' id='par_1_36' title="bbox 1350 2124 2928 2184">
     <span class='ocr_line' id='line_1_36' title="bbox 1350 2124 2928 2184; baseline -0.005 0"><span class='ocrx_word' id='word_1_232' title='bbox 1350 2144 1406 2184; x_wconf 89' lang='lat' dir='ltr'><strong>et</strong></span> <span class='ocrx_word' id='word_1_233' title='bbox 1458 2131 1780 2184; x_wconf 82' lang='lat' dir='ltr'><strong>incolumes.</strong></span> <span class='ocrx_word' id='word_1_234' title='bbox 1830 2129 1941 2182; x_wconf 88' lang='lat' dir='ltr'><strong>lloc</strong></span> <span class='ocrx_word' id='word_1_235' title='bbox 1987 2127 2150 2180; x_wconf 89' lang='lat' dir='ltr'><strong>modo</strong></span> <span class='ocrx_word' id='word_1_236' title='bbox 2211 2126 2296 2179; x_wconf 85' lang='lat' dir='ltr'><strong>isti</strong></span> <span class='ocrx_word' id='word_1_237' title='bbox 2353 2125 2582 2178; x_wconf 81' lang='lat' dir='ltr'><strong>exitium</strong></span> <span class='ocrx_word' id='word_1_238' title='bbox 2637 2124 2928 2178; x_wconf 85' lang='lat' dir='ltr'><strong>imminens</strong></span> 
     </span>
    </p>
   </div>
   <div class='ocr_carea' id='block_1_37' title="bbox 1349 2216 2931 2287">
    <p class='ocr_par' dir='ltr' id='par_1_37' title="bbox 1349 2216 2931 2287">
     <span class='ocr_line' id='line_1_37' title="bbox 1349 2216 2931 2287; baseline -0.004 -10"><span class='ocrx_word' id='word_1_239' title='bbox 1349 2233 1661 2278; x_wconf 82' lang='lat' dir='ltr'><strong>evaserunt.</strong></span> <span class='ocrx_word' id='word_1_240' title='bbox 1697 2219 1883 2274; x_wconf 82' lang='lat' dir='ltr'><strong>Veneti</strong></span> <span class='ocrx_word' id='word_1_241' title='bbox 1915 2222 2063 2283; x_wconf 77' lang='lat' dir='ltr'><strong>Argo</strong></span> <span class='ocrx_word' id='word_1_242' title='bbox 2104 2219 2248 2282; x_wconf 91' lang='lat' dir='ltr'><strong>urbi,</strong></span> <span class='ocrx_word' id='word_1_243' title='bbox 2287 2234 2409 2287; x_wconf 62' lang='lat' dir='ltr'><strong>quae</strong></span> <span class='ocrx_word' id='word_1_244' title='bbox 2451 2219 2504 2270; x_wconf 91' lang='lat' dir='ltr'><strong>in</strong></span> <span class='ocrx_word' id='word_1_245' title='bbox 2530 2216 2795 2270; x_wconf 90' lang='lat' dir='ltr'><strong>ditionem</strong></span> <span class='ocrx_word' id='word_1_246' title='bbox 2838 2230 2931 2271; x_wconf 82' lang='lat' dir='ltr'><strong>ve-</strong></span> 
     </span>
    </p>
   </div>
   <div class='ocr_carea' id='block_1_38' title="bbox 1354 2309 2931 2384">
    <p class='ocr_par' dir='ltr' id='par_1_38' title="bbox 1354 2309 2931 2384">
     <span class='ocr_line' id='line_1_38' title="bbox 1354 2309 2931 2384; baseline -0.005 -15"><span class='ocrx_word' id='word_1_247' title='bbox 1354 2327 1533 2379; x_wconf 82' lang='lat' dir='ltr'><strong>uerat,</strong></span> <span class='ocrx_word' id='word_1_248' title='bbox 1564 2314 1873 2384; x_wconf 73' lang='lat' dir='ltr'><strong>praesidium</strong></span> <span class='ocrx_word' id='word_1_249' title='bbox 1929 2313 2326 2382; x_wconf 89' lang='lat' dir='ltr'><strong>imposuerunt,</strong></span> <span class='ocrx_word' id='word_1_250' title='bbox 2385 2309 2576 2364; x_wconf 90' lang='lat' dir='ltr'><strong>relicto</strong></span> <span class='ocrx_word' id='word_1_251' title='bbox 2625 2309 2823 2362; x_wconf 88' lang='lat' dir='ltr'><strong>ibidem</strong></span> <span class='ocrx_word' id='word_1_252' title='bbox 2877 2318 2931 2362; x_wconf 92' lang='lat' dir='ltr'><strong>et</strong></span> 
     </span>
    </p>
   </div>
   <div class='ocr_carea' id='block_1_39' title="bbox 1353 2400 2932 2473">
    <p class='ocr_par' dir='ltr' id='par_1_39' title="bbox 1353 2400 2932 2473">
     <span class='ocr_line' id='line_1_39' title="bbox 1353 2400 2932 2473; baseline -0.005 -13"><span class='ocrx_word' id='word_1_253' title='bbox 1353 2407 1515 2460; x_wconf 88' lang='lat' dir='ltr'><strong>duce.</strong></span> <span class='ocrx_word' id='word_1_254' title='bbox 1578 2406 1679 2461; x_wconf 91' lang='lat' dir='ltr'><strong>Ubi</strong></span> <span class='ocrx_word' id='word_1_255' title='bbox 1741 2404 2056 2473; x_wconf 83' lang='lat' dir='ltr'><strong>bujusniodi</strong></span> <span class='ocrx_word' id='word_1_256' title='bbox 2123 2417 2284 2458; x_wconf 88' lang='lat' dir='ltr'><strong>casus</strong></span> <span class='ocrx_word' id='word_1_257' title='bbox 2333 2400 2555 2458; x_wconf 78' lang='lat' dir='ltr'><strong>Venetis</strong></span> <span class='ocrx_word' id='word_1_258' title='bbox 2607 2400 2825 2455; x_wconf 89' lang='lat' dir='ltr'><strong>accidit.</strong></span> <span class='ocrx_word' id='word_1_259' title='bbox 2861 2400 2932 2456; x_wconf 91' lang='lat' dir='ltr'><strong>Ut</strong></span> 
     </span>
    </p>
   </div>
   <div class='ocr_carea' id='block_1_40' title="bbox 1354 2496 2933 2571">
    <p class='ocr_par' dir='ltr' id='par_1_40' title="bbox 1354 2496 2933 2571">
     <span class='ocr_line' id='line_1_40' title="bbox 1354 2496 2933 2571; baseline -0.004 -15"><span class='ocrx_word' id='word_1_260' title='bbox 1354 2504 1498 2556; x_wconf 84' lang='lat' dir='ltr'><strong>enim</strong></span> <span class='ocrx_word' id='word_1_261' title='bbox 1532 2502 1688 2571; x_wconf 91' lang='lat' dir='ltr'><strong>potiti</strong></span> <span class='ocrx_word' id='word_1_262' title='bbox 1715 2511 1842 2555; x_wconf 89' lang='lat' dir='ltr'><strong>sunt</strong></span> <span class='ocrx_word' id='word_1_263' title='bbox 1879 2501 2048 2568; x_wconf 85' lang='lat' dir='ltr'><strong>Argo,</strong></span> <span class='ocrx_word' id='word_1_264' title='bbox 2095 2498 2468 2554; x_wconf 88' lang='lat' dir='ltr'><strong>submiserunt</strong></span> <span class='ocrx_word' id='word_1_265' title='bbox 2497 2497 2758 2552; x_wconf 78' lang='lat' dir='ltr'><strong>auxilium</strong></span> <span class='ocrx_word' id='word_1_266' title='bbox 2793 2496 2933 2551; x_wconf 88' lang='lat' dir='ltr'><strong>duce</strong></span> 
     </span>
    </p>
   </div>
   <div class='ocr_carea' id='block_1_41' title="bbox 1357 2589 2933 2666">
    <p class='ocr_par' dir='ltr' id='par_1_41' title="bbox 1357 2589 2933 2666">
     <span class='ocr_line' id='line_1_41' title="bbox 1357 2589 2933 2666; baseline -0.006 -17"><span class='ocrx_word' id='word_1_267' title='bbox 1357 2596 1693 2666; x_wconf 83' lang='lat' dir='ltr'><strong>Hieronymo</strong></span> <span class='ocrx_word' id='word_1_268' title='bbox 1743 2595 1811 2649; x_wconf 93' lang='lat' dir='ltr'><strong>de</strong></span> <span class='ocrx_word' id='word_1_269' title='bbox 1869 2593 2074 2648; x_wconf 86' lang='lat' dir='ltr'><strong>familia</strong></span> <span class='ocrx_word' id='word_1_270' title='bbox 2130 2591 2558 2656; x_wconf 87' lang='lat' dir='ltr'><strong>Bernardorum;</strong></span> <span class='ocrx_word' id='word_1_271' title='bbox 2615 2589 2699 2645; x_wconf 86' lang='lat' dir='ltr'><strong>cui</strong></span> <span class='ocrx_word' id='word_1_272' title='bbox 2735 2603 2933 2659; x_wconf 69' lang='lat' dir='ltr'><strong>praece-</strong></span> 
     </span>
    </p>
   </div>
   <div class='ocr_carea' id='block_1_42' title="bbox 1359 2685 2932 2762">
    <p class='ocr_par' dir='ltr' id='par_1_42' title="bbox 1359 2685 2932 2762">
     <span class='ocr_line' id='line_1_42' title="bbox 1359 2685 2932 2762; baseline -0.007 -16"><span class='ocrx_word' id='word_1_273' title='bbox 1359 2703 1512 2762; x_wconf 86' lang='lat' dir='ltr'><strong>ptum</strong></span> <span class='ocrx_word' id='word_1_274' title='bbox 1537 2700 1678 2754; x_wconf 85' lang='lat' dir='ltr'><strong>erat,</strong></span> <span class='ocrx_word' id='word_1_275' title='bbox 1717 2698 1775 2743; x_wconf 91' lang='lat' dir='ltr'><strong>ut</strong></span> <span class='ocrx_word' id='word_1_276' title='bbox 1822 2705 1915 2758; x_wconf 89' lang='lat' dir='ltr'><strong>per</strong></span> <span class='ocrx_word' id='word_1_277' title='bbox 1954 2688 2106 2741; x_wconf 84' lang='lat' dir='ltr'><strong>littus</strong></span> <span class='ocrx_word' id='word_1_278' title='bbox 2135 2686 2432 2740; x_wconf 73' lang='lat' dir='ltr'><strong>auxiliares</strong></span> <span class='ocrx_word' id='word_1_279' title='bbox 2471 2685 2702 2750; x_wconf 86' lang='lat' dir='ltr'><strong>ducens,</strong></span> <span class='ocrx_word' id='word_1_280' title='bbox 2740 2698 2932 2754; x_wconf 86' lang='lat' dir='ltr'><strong>perge-</strong></span> 
     </span>
    </p>
   </div>
   <div class='ocr_carea' id='block_1_43' title="bbox 1356 2781 2937 2853">
    <p class='ocr_par' dir='ltr' id='par_1_43' title="bbox 1356 2781 2937 2853">
     <span class='ocr_line' id='line_1_43' title="bbox 1356 2781 2937 2853; baseline -0.007 -13"><span class='ocrx_word' id='word_1_281' title='bbox 1356 2797 1442 2841; x_wconf 79' lang='lat' dir='ltr'><strong>ret</strong></span> <span class='ocrx_word' id='word_1_282' title='bbox 1475 2789 1670 2853; x_wconf 84' lang='lat' dir='ltr'><strong>Argos.</strong></span> <span class='ocrx_word' id='word_1_283' title='bbox 1700 2784 1771 2845; x_wconf 86' lang='lat' dir='ltr'><strong>Is.</strong></span> <span class='ocrx_word' id='word_1_284' title='bbox 1817 2791 2131 2851; x_wconf 89' lang='lat' dir='ltr'><strong>contempto</strong></span> <span class='ocrx_word' id='word_1_285' title='bbox 2162 2781 2395 2850; x_wconf 86' lang='lat' dir='ltr'><strong>imperio</strong></span> <span class='ocrx_word' id='word_1_286' title='bbox 2432 2781 2802 2848; x_wconf 85' lang='lat' dir='ltr'><strong>magistratus,</strong></span> <span class='ocrx_word' id='word_1_287' title='bbox 2842 2793 2937 2830; x_wconf 88' lang='lat' dir='ltr'><strong>au-</strong></span> 
     </span>
    </p>
   </div>
   <div class='ocr_carea' id='block_1_44' title="bbox 1359 2872 2935 2945">
    <p class='ocr_par' dir='ltr' id='par_1_44' title="bbox 1359 2872 2935 2945">
     <span class='ocr_line' id='line_1_44' title="bbox 1359 2872 2935 2945; baseline -0.005 -14"><span class='ocrx_word' id='word_1_288' title='bbox 1359 2879 1553 2932; x_wconf 75' lang='lat' dir='ltr'><strong>xiliare</strong></span> <span class='ocrx_word' id='word_1_289' title='bbox 1586 2890 1782 2945; x_wconf 87' lang='lat' dir='ltr'><strong>agmen</strong></span> <span class='ocrx_word' id='word_1_290' title='bbox 1817 2876 1964 2928; x_wconf 90' lang='lat' dir='ltr'><strong>ducit</strong></span> <span class='ocrx_word' id='word_1_291' title='bbox 2018 2889 2113 2943; x_wconf 91' lang='lat' dir='ltr'><strong>per</strong></span> <span class='ocrx_word' id='word_1_292' title='bbox 2154 2874 2606 2928; x_wconf 73' lang='lat' dir='ltr'><strong>mediterraneaui</strong></span> <span class='ocrx_word' id='word_1_293' title='bbox 2637 2872 2935 2940; x_wconf 74' lang='lat' dir='ltr'><strong>regionem,</strong></span> 
     </span>
    </p>
   </div>
   <div class='ocr_carea' id='block_1_45' title="bbox 1363 2960 2935 3036">
    <p class='ocr_par' dir='ltr' id='par_1_45' title="bbox 1363 2960 2935 3036">
     <span class='ocr_line' id='line_1_45' title="bbox 1363 2960 2935 3036; baseline -0.006 -13"><span class='ocrx_word' id='word_1_294' title='bbox 1363 2972 1466 3023; x_wconf 89' lang='lat' dir='ltr'><strong>iter</strong></span> <span class='ocrx_word' id='word_1_295' title='bbox 1491 2968 1702 3022; x_wconf 83' lang='lat' dir='ltr'><strong>faciens</strong></span> <span class='ocrx_word' id='word_1_296' title='bbox 1744 2982 1836 3036; x_wconf 85' lang='lat' dir='ltr'><strong>per</strong></span> <span class='ocrx_word' id='word_1_297' title='bbox 1878 2966 2114 3019; x_wconf 84' lang='lat' dir='ltr'><strong>radicem</strong></span> <span class='ocrx_word' id='word_1_298' title='bbox 2181 2965 2404 3018; x_wconf 83' lang='lat' dir='ltr'><strong>montis.</strong></span> <span class='ocrx_word' id='word_1_299' title='bbox 2457 2964 2531 3018; x_wconf 91' lang='lat' dir='ltr'><strong>lbi</strong></span> <span class='ocrx_word' id='word_1_300' title='bbox 2577 2972 2690 3018; x_wconf 91' lang='lat' dir='ltr'><strong>tum</strong></span> <span class='ocrx_word' id='word_1_301' title='bbox 2746 2960 2935 3029; x_wconf 87' lang='lat' dir='ltr'><strong>Turci,</strong></span> 
     </span>
    </p>
   </div>
   <div class='ocr_carea' id='block_1_46' title="bbox 1364 3054 2941 3130">
    <p class='ocr_par' dir='ltr' id='par_1_46' title="bbox 1364 3054 2941 3130">
     <span class='ocr_line' id='line_1_46' title="bbox 1364 3054 2941 3130; baseline -0.004 -16"><span class='ocrx_word' id='word_1_302' title='bbox 1364 3062 1543 3116; x_wconf 85' lang='lat' dir='ltr'><strong>locum</strong></span> <span class='ocrx_word' id='word_1_303' title='bbox 1581 3063 1798 3116; x_wconf 79' lang='lat' dir='ltr'><strong>insidiis</strong></span> <span class='ocrx_word' id='word_1_304' title='bbox 1841 3069 2285 3130; x_wconf 71' lang='lat' dir='ltr'><strong>prmoeeupantes</strong></span> <span class='ocrx_word' id='word_1_305' title='bbox 2325 3059 2376 3111; x_wconf 91' lang='lat' dir='ltr'><strong>in</strong></span> <span class='ocrx_word' id='word_1_306' title='bbox 2433 3058 2624 3110; x_wconf 83' lang='lat' dir='ltr'><strong>itinere</strong></span> <span class='ocrx_word' id='word_1_307' title='bbox 2653 3054 2799 3124; x_wconf 88' lang='lat' dir='ltr'><strong>quod</strong></span> <span class='ocrx_word' id='word_1_308' title='bbox 2837 3056 2941 3109; x_wconf 91' lang='lat' dir='ltr'><strong>fert</strong></span> 
     </span>
    </p>
   </div>
   <div class='ocr_carea' id='block_1_47' title="bbox 1363 3149 2942 3222">
    <p class='ocr_par' dir='ltr' id='par_1_47' title="bbox 1363 3149 2942 3222">
     <span class='ocr_line' id='line_1_47' title="bbox 1363 3149 2942 3222; baseline -0.004 -16"><span class='ocrx_word' id='word_1_309' title='bbox 1363 3154 1558 3222; x_wconf 73' lang='lat' dir='ltr'><strong>Argus,</strong></span> <span class='ocrx_word' id='word_1_310' title='bbox 1615 3153 2116 3220; x_wconf 89' lang='lat' dir='ltr'><strong>submittcntesque</strong></span> <span class='ocrx_word' id='word_1_311' title='bbox 2166 3149 2315 3204; x_wconf 87' lang='lat' dir='ltr'><strong>viros</strong></span> <span class='ocrx_word' id='word_1_312' title='bbox 2362 3159 2601 3211; x_wconf 89' lang='lat' dir='ltr'><strong>centum,</strong></span> <span class='ocrx_word' id='word_1_313' title='bbox 2654 3155 2942 3216; x_wconf 81' lang='lat' dir='ltr'><strong>exspecta-</strong></span> 
     </span>
    </p>
   </div>
   <div class='ocr_carea' id='block_1_48' title="bbox 1367 3234 2935 3308">
    <p class='ocr_par' dir='ltr' id='par_1_48' title="bbox 1367 3234 2935 3308">
     <span class='ocr_line' id='line_1_48' title="bbox 1367 3234 2935 3308; baseline -0.006 -14"><span class='ocrx_word' id='word_1_314' title='bbox 1367 3249 1514 3301; x_wconf 88' lang='lat' dir='ltr'><strong>runt,</strong></span> <span class='ocrx_word' id='word_1_315' title='bbox 1569 3241 1613 3294; x_wconf 88' lang='lat' dir='ltr'><strong>si</strong></span> <span class='ocrx_word' id='word_1_316' title='bbox 1667 3255 1774 3308; x_wconf 88' lang='lat' dir='ltr'><strong>qua</strong></span> <span class='ocrx_word' id='word_1_317' title='bbox 1828 3240 2045 3292; x_wconf 84' lang='lat' dir='ltr'><strong>occasio</strong></span> <span class='ocrx_word' id='word_1_318' title='bbox 2097 3238 2323 3290; x_wconf 88' lang='lat' dir='ltr'><strong>daretur</strong></span> <span class='ocrx_word' id='word_1_319' title='bbox 2355 3234 2660 3288; x_wconf 89' lang='lat' dir='ltr'><strong>ulciscendi</strong></span> <span class='ocrx_word' id='word_1_320' title='bbox 2687 3234 2935 3302; x_wconf 79' lang='lat' dir='ltr'><strong>Argivos.</strong></span> 
     </span>
    </p>
   </div>
   <div class='ocr_carea' id='block_1_49' title="bbox 1371 3327 2941 3401">
    <p class='ocr_par' dir='ltr' id='par_1_49' title="bbox 1371 3327 2941 3401">
     <span class='ocr_line' id='line_1_49' title="bbox 1371 3327 2941 3401; baseline -0.005 -14"><span class='ocrx_word' id='word_1_321' title='bbox 1371 3332 1438 3388; x_wconf 88' lang='lat' dir='ltr'><strong>Ut</strong></span> <span class='ocrx_word' id='word_1_322' title='bbox 1481 3331 1778 3401; x_wconf 77' lang='lat' dir='ltr'><strong>conspicati</strong></span> <span class='ocrx_word' id='word_1_323' title='bbox 1835 3340 1962 3385; x_wconf 87' lang='lat' dir='ltr'><strong>sunt</strong></span> <span class='ocrx_word' id='word_1_324' title='bbox 2026 3329 2413 3399; x_wconf 84' lang='lat' dir='ltr'><strong>Hieronymum</strong></span> <span class='ocrx_word' id='word_1_325' title='bbox 2462 3330 2564 3381; x_wconf 89' lang='lat' dir='ltr'><strong>iter</strong></span> <span class='ocrx_word' id='word_1_326' title='bbox 2615 3327 2794 3381; x_wconf 89' lang='lat' dir='ltr'><strong>metiri</strong></span> <span class='ocrx_word' id='word_1_327' title='bbox 2847 3342 2941 3396; x_wconf 91' lang='lat' dir='ltr'><strong>per</strong></span> 
     </span>
    </p>
   </div>
   <div class='ocr_carea' id='block_1_50' title="bbox 1368 3413 3018 3493">
    <p class='ocr_par' dir='ltr' id='par_1_50' title="bbox 1368 3413 3018 3493">
     <span class='ocr_line' id='line_1_50' title="bbox 1368 3413 3018 3493; baseline -0.002 -13"><span class='ocrx_word' id='word_1_328' title='bbox 1368 3427 1826 3482; x_wconf 77' lang='lat' dir='ltr'><strong>mediterraneum</strong></span> <span class='ocrx_word' id='word_1_329' title='bbox 1910 3425 2216 3492; x_wconf 79' lang='lat' dir='ltr'><strong>regionem,</strong></span> <span class='ocrx_word' id='word_1_330' title='bbox 2297 3431 2677 3493; x_wconf 54' lang='lat' dir='ltr'><strong>praevenerunt</strong></span> <span class='ocrx_word' id='word_1_331' title='bbox 2748 3422 2950 3476; x_wconf 90' lang='lat' dir='ltr'><strong>montis</strong></span> <span class='ocrx_word' id='word_1_332' title='bbox 2977 3413 3018 3435; x_wconf 66' lang='grc'><strong>’³</strong></span> 
     </span>
    </p>
   </div>
   <div class='ocr_carea' id='block_1_51' title="bbox 1366 3518 2951 3588">
    <p class='ocr_par' dir='ltr' id='par_1_51' title="bbox 1366 3518 2951 3588">
     <span class='ocr_line' id='line_1_51' title="bbox 1366 3518 2951 3588; baseline -0.004 -11"><span class='ocrx_word' id='word_1_333' title='bbox 1366 3524 1641 3586; x_wconf 60' lang='lat' dir='ltr'><strong>radicem;</strong></span> <span class='ocrx_word' id='word_1_334' title='bbox 1691 3534 1745 3577; x_wconf 90' lang='lat' dir='ltr'><strong>et</strong></span> <span class='ocrx_word' id='word_1_335' title='bbox 1788 3528 2122 3588; x_wconf 84' lang='lat' dir='ltr'><strong>occupantes</strong></span> <span class='ocrx_word' id='word_1_336' title='bbox 2173 3520 2350 3584; x_wconf 90' lang='lat' dir='ltr'><strong>littus,</strong></span> <span class='ocrx_word' id='word_1_337' title='bbox 2419 3518 2746 3573; x_wconf 82' lang='lat' dir='ltr'><strong>Venetorum</strong></span> <span class='ocrx_word' id='word_1_338' title='bbox 2799 3518 2951 3572; x_wconf 74' lang='lat' dir='ltr'><strong>auxi-</strong></span> 
     </span>
    </p>
   </div>
   <div class='ocr_carea' id='block_1_52' title="bbox 1369 3611 2946 3670">
    <p class='ocr_par' dir='ltr' id='par_1_52' title="bbox 1369 3611 2946 3670">
     <span class='ocr_line' id='line_1_52' title="bbox 1369 3611 2946 3670; baseline -0.001 -4"><span class='ocrx_word' id='word_1_339' title='bbox 1369 3614 1531 3670; x_wconf 80' lang='lat' dir='ltr'><strong>liares</strong></span> <span class='ocrx_word' id='word_1_340' title='bbox 1585 3617 1637 3668; x_wconf 92' lang='lat' dir='ltr'><strong>in</strong></span> <span class='ocrx_word' id='word_1_341' title='bbox 1679 3615 1856 3669; x_wconf 89' lang='lat' dir='ltr'><strong>medio</strong></span> <span class='ocrx_word' id='word_1_342' title='bbox 1909 3615 2250 3669; x_wconf 89' lang='lat' dir='ltr'><strong>conclusere.</strong></span> <span class='ocrx_word' id='word_1_343' title='bbox 2289 3611 2425 3667; x_wconf 91' lang='lat' dir='ltr'><strong>llinc</strong></span> <span class='ocrx_word' id='word_1_344' title='bbox 2483 3627 2548 3665; x_wconf 81' lang='lat' dir='ltr'><strong>ex</strong></span> <span class='ocrx_word' id='word_1_345' title='bbox 2612 3611 2822 3667; x_wconf 84' lang='lat' dir='ltr'><strong>insidiis</strong></span> <span class='ocrx_word' id='word_1_346' title='bbox 2850 3625 2946 3665; x_wconf 79' lang='lat' dir='ltr'><strong>ex-</strong></span> 
     </span>
    </p>
   </div>
   <div class='ocr_carea' id='block_1_53' title="bbox 1369 3704 2943 3780">
    <p class='ocr_par' dir='ltr' id='par_1_53' title="bbox 1369 3704 2943 3780">
     <span class='ocr_line' id='line_1_53' title="bbox 1369 3704 2943 3780; baseline -0.003 -17"><span class='ocrx_word' id='word_1_347' title='bbox 1369 3719 1676 3777; x_wconf 76' lang='lat' dir='ltr'><strong>surgentes,</strong></span> <span class='ocrx_word' id='word_1_348' title='bbox 1722 3708 1953 3760; x_wconf 84' lang='lat' dir='ltr'><strong>Veuetos</strong></span> <span class='ocrx_word' id='word_1_349' title='bbox 1983 3707 2249 3760; x_wconf 89' lang='lat' dir='ltr'><strong>continuo</strong></span> <span class='ocrx_word' id='word_1_350' title='bbox 2298 3707 2352 3758; x_wconf 92' lang='lat' dir='ltr'><strong>in</strong></span> <span class='ocrx_word' id='word_1_351' title='bbox 2407 3704 2588 3774; x_wconf 85' lang='lat' dir='ltr'><strong>fugam</strong></span> <span class='ocrx_word' id='word_1_352' title='bbox 2636 3705 2943 3780; x_wconf 67' lang='lat' dir='ltr'><strong>conjecere,</strong></span> 
     </span>
    </p>
   </div>
   <div class='ocr_carea' id='block_1_54' title="bbox 1371 3797 2948 3870">
    <p class='ocr_par' dir='ltr' id='par_1_54' title="bbox 1371 3797 2948 3870">
     <span class='ocr_line' id='line_1_54' title="bbox 1371 3797 2948 3870; baseline -0.003 -16"><span class='ocrx_word' id='word_1_353' title='bbox 1371 3800 1540 3870; x_wconf 77' lang='lat'><strong>298</strong></span> <span class='ocrx_word' id='word_1_354' title='bbox 1569 3801 1724 3854; x_wconf 70' lang='lat' dir='ltr'><strong>caesis</strong></span> <span class='ocrx_word' id='word_1_355' title='bbox 1763 3799 2036 3862; x_wconf 66' lang='lat' dir='ltr'><strong>ducentis,</strong></span> <span class='ocrx_word' id='word_1_356' title='bbox 2081 3798 2418 3866; x_wconf 78' lang='lat' dir='ltr'><strong>totidemque</strong></span> <span class='ocrx_word' id='word_1_357' title='bbox 2452 3798 2644 3866; x_wconf 79' lang='lat' dir='ltr'><strong>captis.</strong></span> <span class='ocrx_word' id='word_1_358' title='bbox 2683 3797 2948 3866; x_wconf 83' lang='lat' dir='ltr'><strong>Hierony-</strong></span> 
     </span>
    </p>
   </div>
   <div class='ocr_carea' id='block_1_55' title="bbox 3034 2121 4618 2192">
    <p class='ocr_par' dir='ltr' id='par_1_55' title="bbox 3034 2121 4618 2192">
     <span class='ocr_line' id='line_1_55' title="bbox 3034 2121 4618 2192; baseline -0.006 -14"><span class='ocrx_word' id='word_1_359' title='bbox 3034 2126 3127 2178; x_wconf 74' lang='grc' dir='ltr'>λοῦ</span> <span class='ocrx_word' id='word_1_360' title='bbox 3157 2124 3385 2192; x_wconf 87' lang='grc' dir='ltr'>προῖὼν,</span> <span class='ocrx_word' id='word_1_361' title='bbox 3417 2123 3671 2188; x_wconf 72' lang='grc' dir='ltr'>ἀφίκοιτο</span> <span class='ocrx_word' id='word_1_362' title='bbox 3701 2123 3757 2186; x_wconf 78' lang='grc' dir='ltr'><strong>ἐς</strong></span> <span class='ocrx_word' id='word_1_363' title='bbox 3783 2124 3845 2175; x_wconf 75' lang='grc' dir='ltr'>τὸ</span> <span class='ocrx_word' id='word_1_364' title='bbox 3867 2124 4072 2192; x_wconf 78' lang='grc' dir='ltr'>Ἀργος</span> <span class='ocrx_word' id='word_1_365' title='bbox 4103 2137 4116 2150; x_wconf 84' lang='lat'><strong><em>°</em></strong></span> <span class='ocrx_word' id='word_1_366' title='bbox 4151 2124 4178 2174; x_wconf 83' lang='grc' dir='ltr'><strong>ό</strong></span> <span class='ocrx_word' id='word_1_367' title='bbox 4204 2121 4261 2174; x_wconf 81' lang='grc' dir='ltr'><strong>δὲ</strong></span> <span class='ocrx_word' id='word_1_368' title='bbox 4303 2121 4618 2186; x_wconf 78' lang='grc' dir='ltr'>ἀπειθήσας</span> 
     </span>
    </p>
   </div>
   <div class='ocr_carea' id='block_1_56' title="bbox 3031 2215 4617 2293">
    <p class='ocr_par' dir='ltr' id='par_1_56' title="bbox 3031 2215 4617 2293">
     <span class='ocr_line' id='line_1_56' title="bbox 3031 2215 4617 2293; baseline -0.006 -20"><span class='ocrx_word' id='word_1_369' title='bbox 3031 2221 3122 2293; x_wconf 72' lang='grc' dir='ltr'>ᾔει</span> <span class='ocrx_word' id='word_1_370' title='bbox 3159 2221 3203 2253; x_wconf 81' lang='grc'><strong>⁷⁸</strong></span> <span class='ocrx_word' id='word_1_371' title='bbox 3234 2220 3332 2287; x_wconf 79' lang='grc' dir='ltr'>τὴν</span> <span class='ocrx_word' id='word_1_372' title='bbox 3361 2218 3688 2287; x_wconf 82' lang='grc' dir='ltr'>μεσόγαιον,</span> <span class='ocrx_word' id='word_1_373' title='bbox 3723 2218 3998 2288; x_wconf 75' lang='grc' dir='ltr'>φέρουσαν</span> <span class='ocrx_word' id='word_1_374' title='bbox 4021 2217 4110 2269; x_wconf 73' lang='grc' dir='ltr'><strong>διὰ</strong></span> <span class='ocrx_word' id='word_1_375' title='bbox 4150 2218 4248 2285; x_wconf 80' lang='grc' dir='ltr'>τῆς</span> <span class='ocrx_word' id='word_1_376' title='bbox 4307 2215 4617 2284; x_wconf 73' lang='grc' dir='ltr'>ὑπωρείας.</span> 
     </span>
    </p>
   </div>
   <div class='ocr_carea' id='block_1_57' title="bbox 3049 2307 4622 2381">
    <p class='ocr_par' dir='ltr' id='par_1_57' title="bbox 3049 2307 4622 2381">
     <span class='ocr_line' id='line_1_57' title="bbox 3049 2307 4622 2381; baseline -0.004 -15"><span class='ocrx_word' id='word_1_377' title='bbox 3049 2313 3314 2366; x_wconf 83' lang='grc' dir='ltr'>Ἐνταῦθα</span> <span class='ocrx_word' id='word_1_378' title='bbox 3361 2315 3410 2366; x_wconf 90' lang='grc' dir='ltr'>οἱ</span> <span class='ocrx_word' id='word_1_379' title='bbox 3462 2313 3698 2381; x_wconf 82' lang='grc' dir='ltr'>Τοῦρκοι</span> <span class='ocrx_word' id='word_1_380' title='bbox 3737 2312 4178 2381; x_wconf 81' lang='grc' dir='ltr'>προλοχὴσαντες</span> <span class='ocrx_word' id='word_1_381' title='bbox 4224 2311 4326 2378; x_wconf 81' lang='grc' dir='ltr'>τὴν</span> <span class='ocrx_word' id='word_1_382' title='bbox 4389 2309 4483 2362; x_wconf 74' lang='grc' dir='ltr'>ἐπὶ</span> <span class='ocrx_word' id='word_1_383' title='bbox 4539 2307 4622 2375; x_wconf 82' lang='grc' dir='ltr'>τῷ</span> 
     </span>
    </p>
   </div>
   <div class='ocr_carea' id='block_1_58' title="bbox 3042 2403 4626 2476">
    <p class='ocr_par' dir='ltr' id='par_1_58' title="bbox 3042 2403 4626 2476">
     <span class='ocr_line' id='line_1_58' title="bbox 3042 2403 4626 2476; baseline -0.006 -14"><span class='ocrx_word' id='word_1_384' title='bbox 3042 2409 3236 2476; x_wconf 74' lang='grc' dir='ltr'>Ἀργει</span> <span class='ocrx_word' id='word_1_385' title='bbox 3267 2407 3410 2471; x_wconf 75' lang='grc' dir='ltr'>ὁδὸν,</span> <span class='ocrx_word' id='word_1_386' title='bbox 3436 2407 3532 2459; x_wconf 77' lang='grc' dir='ltr'>καὶ</span> <span class='ocrx_word' id='word_1_387' title='bbox 3558 2406 3886 2469; x_wconf 85' lang='grc' dir='ltr'>ὐποίσαντες</span> <span class='ocrx_word' id='word_1_388' title='bbox 3921 2407 4124 2475; x_wconf 82' lang='grc' dir='ltr'>ἄνδρας</span> <span class='ocrx_word' id='word_1_389' title='bbox 4155 2403 4374 2466; x_wconf 76' lang='grc' dir='ltr'>ἑκατὸν,</span> <span class='ocrx_word' id='word_1_390' title='bbox 4419 2403 4626 2471; x_wconf 81' lang='grc' dir='ltr'>ἀνέμε-</span> 
     </span>
    </p>
   </div>
   <div class='ocr_carea' id='block_1_59' title="bbox 3036 2494 4629 2569">
    <p class='ocr_par' dir='ltr' id='par_1_59' title="bbox 3036 2494 4629 2569">
     <span class='ocr_line' id='line_1_59' title="bbox 3036 2494 4629 2569; baseline -0.007 -13"><span class='ocrx_word' id='word_1_391' title='bbox 3036 2520 3129 2556; x_wconf 91' lang='grc' dir='ltr'><strong>νον</strong></span> <span class='ocrx_word' id='word_1_392' title='bbox 3161 2502 3212 2554; x_wconf 85' lang='grc' dir='ltr'><strong>εί</strong></span> <span class='ocrx_word' id='word_1_393' title='bbox 3234 2517 3286 2552; x_wconf 85' lang='grc' dir='ltr'><strong>τι</strong></span> <span class='ocrx_word' id='word_1_394' title='bbox 3317 2499 3456 2569; x_wconf 79' lang='grc' dir='ltr'>ἀπίῃ</span> <span class='ocrx_word' id='word_1_395' title='bbox 3495 2500 3552 2558; x_wconf 79' lang='grc' dir='ltr'><strong>ἐς</strong></span> <span class='ocrx_word' id='word_1_396' title='bbox 3603 2498 3885 2568; x_wconf 75' lang='grc' dir='ltr'>τιμωρίαν</span> <span class='ocrx_word' id='word_1_397' title='bbox 3935 2498 4104 2568; x_wconf 78' lang='grc' dir='ltr'>φέρον</span> <span class='ocrx_word' id='word_1_398' title='bbox 4162 2499 4276 2558; x_wconf 85' lang='grc' dir='ltr'>τοῖς</span> <span class='ocrx_word' id='word_1_399' title='bbox 4325 2494 4629 2564; x_wconf 73' lang='grc' dir='ltr'>Ἀργείοις.</span> 
     </span>
    </p>
   </div>
   <div class='ocr_carea' id='block_1_60' title="bbox 3049 2589 4631 2664">
    <p class='ocr_par' dir='ltr' id='par_1_60' title="bbox 3049 2589 4631 2664">
     <span class='ocr_line' id='line_1_60' title="bbox 3049 2589 4631 2664; baseline -0.004 -17"><span class='ocrx_word' id='word_1_400' title='bbox 3049 2595 3138 2656; x_wconf 83' lang='grc' dir='ltr'>Ὧς</span> <span class='ocrx_word' id='word_1_401' title='bbox 3167 2594 3225 2647; x_wconf 85' lang='grc' dir='ltr'><strong>δέ</strong></span> <span class='ocrx_word' id='word_1_402' title='bbox 3250 2592 3438 2664; x_wconf 76' lang='grc' dir='ltr'>ἐώρων</span> <span class='ocrx_word' id='word_1_403' title='bbox 3465 2593 3558 2645; x_wconf 66' lang='grc' dir='ltr'><strong>τὸν</strong></span> <span class='ocrx_word' id='word_1_404' title='bbox 3605 2590 3934 2662; x_wconf 80' lang='grc' dir='ltr'>Ἱερώνυμον</span> <span class='ocrx_word' id='word_1_405' title='bbox 3980 2591 4185 2658; x_wconf 76' lang='grc' dir='ltr'>ἄγοντα</span> <span class='ocrx_word' id='word_1_406' title='bbox 4229 2591 4357 2652; x_wconf 79' lang='grc' dir='ltr'>τοὺς</span> <span class='ocrx_word' id='word_1_407' title='bbox 4420 2589 4631 2655; x_wconf 73' lang='grc' dir='ltr'>ἄνδρας</span> 
     </span>
    </p>
   </div>
   <div class='ocr_carea' id='block_1_61' title="bbox 3041 2684 4632 2756">
    <p class='ocr_par' dir='ltr' id='par_1_61' title="bbox 3041 2684 4632 2756">
     <span class='ocr_line' id='line_1_61' title="bbox 3041 2684 4632 2756; baseline -0.006 -15"><span class='ocrx_word' id='word_1_408' title='bbox 3041 2689 3138 2741; x_wconf 79' lang='grc' dir='ltr'>ἐπὶ</span> <span class='ocrx_word' id='word_1_409' title='bbox 3167 2688 3228 2740; x_wconf 83' lang='grc' dir='ltr'>τὸ</span> <span class='ocrx_word' id='word_1_410' title='bbox 3257 2687 3463 2756; x_wconf 80' lang='grc' dir='ltr'>Ἀργος</span> <span class='ocrx_word' id='word_1_411' title='bbox 3491 2686 3584 2739; x_wconf 74' lang='grc' dir='ltr'>δια</span> <span class='ocrx_word' id='word_1_412' title='bbox 3613 2685 3714 2754; x_wconf 81' lang='grc' dir='ltr'>τῆς</span> <span class='ocrx_word' id='word_1_413' title='bbox 3762 2687 4085 2755; x_wconf 88' lang='grc' dir='ltr'>μεσογαίου,</span> <span class='ocrx_word' id='word_1_414' title='bbox 4146 2685 4396 2750; x_wconf 72' lang='grc' dir='ltr'>ἔφθησαν</span> <span class='ocrx_word' id='word_1_415' title='bbox 4436 2684 4540 2750; x_wconf 82' lang='grc' dir='ltr'>τήν</span> <span class='ocrx_word' id='word_1_416' title='bbox 4572 2699 4632 2732; x_wconf 86' lang='grc' dir='ltr'><strong>τε</strong></span> 
     </span>
    </p>
   </div>
   <div class='ocr_carea' id='block_1_62' title="bbox 3043 2775 4636 2852">
    <p class='ocr_par' dir='ltr' id='par_1_62' title="bbox 3043 2775 4636 2852">
     <span class='ocr_line' id='line_1_62' title="bbox 3043 2775 4636 2852; baseline -0.009 -17"><span class='ocrx_word' id='word_1_417' title='bbox 3043 2782 3332 2852; x_wconf 74' lang='grc' dir='ltr'>ἀπῶρειαν</span> <span class='ocrx_word' id='word_1_418' title='bbox 3370 2781 3440 2846; x_wconf 75' lang='grc'><strong>⁷⁸,</strong></span> <span class='ocrx_word' id='word_1_419' title='bbox 3479 2781 3576 2832; x_wconf 75' lang='grc' dir='ltr'>καὶ</span> <span class='ocrx_word' id='word_1_420' title='bbox 3633 2778 3726 2831; x_wconf 68' lang='grc' dir='ltr'>τὸν</span> <span class='ocrx_word' id='word_1_421' title='bbox 3767 2779 4019 2844; x_wconf 75' lang='grc' dir='ltr'>αἰγιαλὸν</span> <span class='ocrx_word' id='word_1_422' title='bbox 4086 2775 4515 2838; x_wconf 76' lang='grc' dir='ltr'>καταλαϐόντες,</span> <span class='ocrx_word' id='word_1_423' title='bbox 4577 2775 4636 2822; x_wconf 61' lang='grc' dir='ltr'><strong>ὲ)</strong></span> 
     </span>
    </p>
   </div>
   <div class='ocr_carea' id='block_1_63' title="bbox 3049 2865 4637 2943">
    <p class='ocr_par' dir='ltr' id='par_1_63' title="bbox 3049 2865 4637 2943">
     <span class='ocr_line' id='line_1_63' title="bbox 3049 2865 4637 2943; baseline -0.006 -19"><span class='ocrx_word' id='word_1_424' title='bbox 3049 2877 3200 2943; x_wconf 79' lang='grc' dir='ltr'>μέσῳ</span> <span class='ocrx_word' id='word_1_425' title='bbox 3228 2870 3566 2940; x_wconf 82' lang='grc' dir='ltr'>ποιήσασθαι</span> <span class='ocrx_word' id='word_1_426' title='bbox 3600 2869 3698 2939; x_wconf 81' lang='grc' dir='ltr'>τὴν</span> <span class='ocrx_word' id='word_1_427' title='bbox 3727 2869 4011 2921; x_wconf 72' lang='grc' dir='ltr'>υὺενετῶν</span> <span class='ocrx_word' id='word_1_428' title='bbox 4045 2867 4324 2937; x_wconf 81' lang='grc' dir='ltr'>βοήθειαν.</span> <span class='ocrx_word' id='word_1_429' title='bbox 4392 2866 4503 2919; x_wconf 79' lang='grc' dir='ltr'><strong>Καὶ</strong></span> <span class='ocrx_word' id='word_1_430' title='bbox 4559 2865 4637 2923; x_wconf 72' lang='lat' dir='ltr'><strong>ib;</strong></span> 
     </span>
    </p>
   </div>
   <div class='ocr_carea' id='block_1_64' title="bbox 3045 2957 4640 3038">
    <p class='ocr_par' dir='ltr' id='par_1_64' title="bbox 3045 2957 4640 3038">
     <span class='ocr_line' id='line_1_64' title="bbox 3045 2957 4640 3038; baseline -0.008 -20"><span class='ocrx_word' id='word_1_431' title='bbox 3045 2968 3329 3038; x_wconf 84' lang='grc' dir='ltr'>ἐποίησαν,</span> <span class='ocrx_word' id='word_1_432' title='bbox 3374 2964 3676 3034; x_wconf 80' lang='grc' dir='ltr'>ἐτρέψαντο</span> <span class='ocrx_word' id='word_1_433' title='bbox 3709 2963 3906 3015; x_wconf 81' lang='grc' dir='ltr'>αὐτίκα</span> <span class='ocrx_word' id='word_1_434' title='bbox 3957 2963 4204 3020; x_wconf 71' lang='grc' dir='ltr'>τούτους,</span> <span class='ocrx_word' id='word_1_435' title='bbox 4258 2959 4351 3012; x_wconf 80' lang='grc' dir='ltr'>καὶ</span> <span class='ocrx_word' id='word_1_436' title='bbox 4385 2957 4640 3026; x_wconf 78' lang='grc' dir='ltr'>διαφθεί-</span> 
     </span>
    </p>
   </div>
   <div class='ocr_carea' id='block_1_65' title="bbox 3050 3051 4640 3130">
    <p class='ocr_par' dir='ltr' id='par_1_65' title="bbox 3050 3051 4640 3130">
     <span class='ocr_line' id='line_1_65' title="bbox 3050 3051 4640 3130; baseline -0.008 -18"><span class='ocrx_word' id='word_1_437' title='bbox 3050 3076 3244 3130; x_wconf 88' lang='grc' dir='ltr'>ραντες</span> <span class='ocrx_word' id='word_1_438' title='bbox 3276 3061 3334 3121; x_wconf 80' lang='grc' dir='ltr'><strong>ἐς</strong></span> <span class='ocrx_word' id='word_1_439' title='bbox 3359 3057 3670 3117; x_wconf 79' lang='grc' dir='ltr'>διακοσίους</span> <span class='ocrx_word' id='word_1_440' title='bbox 3706 3055 3934 3116; x_wconf 81' lang='grc' dir='ltr'>τούτους</span> <span class='ocrx_word' id='word_1_441' title='bbox 3960 3052 4307 3121; x_wconf 69' lang='grc' dir='ltr'>ἐζώγρησαν.</span> <span class='ocrx_word' id='word_1_442' title='bbox 4374 3051 4550 3110; x_wconf 77' lang='grc' dir='ltr'>Αὐτός</span> <span class='ocrx_word' id='word_1_443' title='bbox 4578 3066 4640 3099; x_wconf 76' lang='grc' dir='ltr'><strong>τε</strong></span> 
     </span>
    </p>
   </div>
   <div class='ocr_carea' id='block_1_66' title="bbox 3058 3142 4640 3223">
    <p class='ocr_par' dir='ltr' id='par_1_66' title="bbox 3058 3142 4640 3223">
     <span class='ocr_line' id='line_1_66' title="bbox 3058 3142 4640 3223; baseline -0.008 -18"><span class='ocrx_word' id='word_1_444' title='bbox 3058 3151 3386 3223; x_wconf 83' lang='grc' dir='ltr'>Ἱερώνυμος</span> <span class='ocrx_word' id='word_1_445' title='bbox 3417 3150 3640 3217; x_wconf 75' lang='grc' dir='ltr'>διέφυγε</span> <span class='ocrx_word' id='word_1_446' title='bbox 3676 3147 3750 3218; x_wconf 83' lang='grc' dir='ltr'>μὴ</span> <span class='ocrx_word' id='word_1_447' title='bbox 3801 3145 4121 3198; x_wconf 80' lang='grc' dir='ltr'>ἀπολέσθαι.</span> <span class='ocrx_word' id='word_1_448' title='bbox 4193 3143 4400 3213; x_wconf 66' lang='grc' dir='ltr'>Ἔμϐας</span> <span class='ocrx_word' id='word_1_449' title='bbox 4457 3142 4513 3194; x_wconf 79' lang='grc' dir='ltr'><strong>δὲ</strong></span> <span class='ocrx_word' id='word_1_450' title='bbox 4582 3145 4640 3200; x_wconf 81' lang='grc' dir='ltr'><strong>ἐς</strong></span> 
     </span>
    </p>
   </div>
   <div class='ocr_carea' id='block_1_67' title="bbox 3049 3233 4644 3312">
    <p class='ocr_par' dir='ltr' id='par_1_67' title="bbox 3049 3233 4644 3312">
     <span class='ocr_line' id='line_1_67' title="bbox 3049 3233 4644 3312; baseline -0.007 -17"><span class='ocrx_word' id='word_1_451' title='bbox 3049 3243 3236 3295; x_wconf 75' lang='grc' dir='ltr'>πλοῖον</span> <span class='ocrx_word' id='word_1_452' title='bbox 3287 3241 3456 3312; x_wconf 81' lang='grc' dir='ltr'>ταύτῃ</span> <span class='ocrx_word' id='word_1_453' title='bbox 3509 3259 3613 3292; x_wconf 90' lang='grc' dir='ltr'><strong>που</strong></span> <span class='ocrx_word' id='word_1_454' title='bbox 3670 3238 4056 3309; x_wconf 79' lang='grc' dir='ltr'>όρμιξόμενον,</span> <span class='ocrx_word' id='word_1_455' title='bbox 4124 3236 4523 3304; x_wconf 70' lang='grc' dir='ltr'>ἐπηγγέλλετο,</span> <span class='ocrx_word' id='word_1_456' title='bbox 4561 3233 4644 3295; x_wconf 80' lang='grc' dir='ltr'>ὡς</span> 
     </span>
    </p>
   </div>
   <div class='ocr_carea' id='block_1_68' title="bbox 3052 3329 4642 3405">
    <p class='ocr_par' dir='ltr' id='par_1_68' title="bbox 3052 3329 4642 3405">
     <span class='ocr_line' id='line_1_68' title="bbox 3052 3329 4642 3405; baseline -0.006 -16"><span class='ocrx_word' id='word_1_457' title='bbox 3052 3338 3155 3390; x_wconf 67' lang='grc' dir='ltr'><strong>ὑπὸ</strong></span> <span class='ocrx_word' id='word_1_458' title='bbox 3183 3335 3276 3389; x_wconf 79' lang='grc' dir='ltr'>τοῦ</span> <span class='ocrx_word' id='word_1_459' title='bbox 3314 3333 3624 3405; x_wconf 77' lang='grc' dir='ltr'>στρατηγοῦ</span> <span class='ocrx_word' id='word_1_460' title='bbox 3677 3335 3883 3402; x_wconf 80' lang='grc' dir='ltr'>παρείη</span> <span class='ocrx_word' id='word_1_461' title='bbox 3941 3331 4190 3382; x_wconf 74' lang='grc' dir='ltr'>πλεύσων</span> <span class='ocrx_word' id='word_1_462' title='bbox 4236 3329 4334 3400; x_wconf 82' lang='grc' dir='ltr'>τὴν</span> <span class='ocrx_word' id='word_1_463' title='bbox 4375 3329 4642 3395; x_wconf 83' lang='grc' dir='ltr'>Αἴγιναν.</span> 
     </span>
    </p>
   </div>
   <div class='ocr_carea' id='block_1_69' title="bbox 3067 3423 4651 3495">
    <p class='ocr_par' dir='ltr' id='par_1_69' title="bbox 3067 3423 4651 3495">
     <span class='ocr_line' id='line_1_69' title="bbox 3067 3423 4651 3495; baseline -0.007 -13"><span class='ocrx_word' id='word_1_464' title='bbox 3067 3430 3157 3491; x_wconf 83' lang='grc' dir='ltr'><strong>Ὠς</strong></span> <span class='ocrx_word' id='word_1_465' title='bbox 3187 3430 3244 3482; x_wconf 82' lang='grc' dir='ltr'><strong>δὲ</strong></span> <span class='ocrx_word' id='word_1_466' title='bbox 3279 3429 3371 3481; x_wconf 62' lang='grc' dir='ltr'>ἐπὶ</span> <span class='ocrx_word' id='word_1_467' title='bbox 3402 3428 3628 3495; x_wconf 78' lang='grc' dir='ltr'>Αἴγιναν</span> <span class='ocrx_word' id='word_1_468' title='bbox 3651 3429 3900 3494; x_wconf 76' lang='grc' dir='ltr'>ἀφίκετο,</span> <span class='ocrx_word' id='word_1_469' title='bbox 3939 3423 4094 3486; x_wconf 82' lang='grc' dir='ltr'>αὖθις</span> <span class='ocrx_word' id='word_1_470' title='bbox 4155 3424 4402 3474; x_wconf 82' lang='grc' dir='ltr'>ἐκέλευεν</span> <span class='ocrx_word' id='word_1_471' title='bbox 4470 3423 4651 3474; x_wconf 70' lang='grc' dir='ltr'>αὐτον</span> 
     </span>
    </p>
   </div>
   <div class='ocr_carea' id='block_1_70' title="bbox 3057 3518 4658 3592">
    <p class='ocr_par' dir='ltr' id='par_1_70' title="bbox 3057 3518 4658 3592">
     <span class='ocr_line' id='line_1_70' title="bbox 3057 3518 4658 3592; baseline -0.006 -16"><span class='ocrx_word' id='word_1_472' title='bbox 3057 3521 3495 3592; x_wconf 75' lang='grc' dir='ltr'>διαπορθμεῦσαι</span> <span class='ocrx_word' id='word_1_473' title='bbox 3533 3525 3591 3582; x_wconf 81' lang='grc' dir='ltr'>ἐς</span> <span class='ocrx_word' id='word_1_474' title='bbox 3633 3520 3887 3573; x_wconf 73' lang='grc' dir='ltr'>Εὔϐοιαν,</span> <span class='ocrx_word' id='word_1_475' title='bbox 3941 3519 4160 3580; x_wconf 70' lang='grc' dir='ltr'>Ἐπιὸας</span> <span class='ocrx_word' id='word_1_476' title='bbox 4187 3519 4242 3570; x_wconf 74' lang='grc' dir='ltr'><strong>δὲ</strong></span> <span class='ocrx_word' id='word_1_477' title='bbox 4277 3521 4333 3579; x_wconf 84' lang='grc' dir='ltr'><strong>ἐς</strong></span> <span class='ocrx_word' id='word_1_478' title='bbox 4379 3518 4481 3585; x_wconf 83' lang='grc' dir='ltr'>τὴν</span> <span class='ocrx_word' id='word_1_479' title='bbox 4523 3519 4658 3568; x_wconf 76' lang='grc' dir='ltr'><strong>’Δτ-</strong></span> 
     </span>
    </p>
   </div>
   <div class='ocr_carea' id='block_1_71' title="bbox 3060 3612 4661 3687">
    <p class='ocr_par' dir='ltr' id='par_1_71' title="bbox 3060 3612 4661 3687">
     <span class='ocr_line' id='line_1_71' title="bbox 3060 3612 4661 3687; baseline -0.004 -16"><span class='ocrx_word' id='word_1_480' title='bbox 3060 3619 3243 3687; x_wconf 77' lang='grc' dir='ltr'>τικὴν,</span> <span class='ocrx_word' id='word_1_481' title='bbox 3281 3617 3534 3670; x_wconf 81' lang='grc' dir='ltr'>ἐντεῦθεν</span> <span class='ocrx_word' id='word_1_482' title='bbox 3560 3616 3790 3683; x_wconf 79' lang='grc' dir='ltr'>ἀφίκετο</span> <span class='ocrx_word' id='word_1_483' title='bbox 3822 3616 3972 3684; x_wconf 71' lang='grc' dir='ltr'>παρὰ</span> <span class='ocrx_word' id='word_1_484' title='bbox 4007 3614 4255 3682; x_wconf 77' lang='grc' dir='ltr'>βασιλέα.</span> <span class='ocrx_word' id='word_1_485' title='bbox 4325 3612 4498 3673; x_wconf 78' lang='grc' dir='ltr'>Οὗτος</span> <span class='ocrx_word' id='word_1_486' title='bbox 4546 3614 4661 3680; x_wconf 74' lang='grc' dir='ltr'>μὲν</span> 
     </span>
    </p>
   </div>
   <div class='ocr_carea' id='block_1_72' title="bbox 3053 3707 4665 3779">
    <p class='ocr_par' dir='ltr' id='par_1_72' title="bbox 3053 3707 4665 3779">
     <span class='ocr_line' id='line_1_72' title="bbox 3053 3707 4665 3779; baseline -0.004 -15"><span class='ocrx_word' id='word_1_487' title='bbox 3053 3711 3147 3765; x_wconf 81' lang='grc' dir='ltr'>οὖν</span> <span class='ocrx_word' id='word_1_488' title='bbox 3185 3711 3243 3762; x_wconf 81' lang='grc' dir='ltr'>οὐ</span> <span class='ocrx_word' id='word_1_489' title='bbox 3278 3709 3459 3779; x_wconf 81' lang='grc' dir='ltr'>πολλῷ</span> <span class='ocrx_word' id='word_1_490' title='bbox 3492 3707 3721 3778; x_wconf 75' lang='grc' dir='ltr'>ὕστερον</span> <span class='ocrx_word' id='word_1_491' title='bbox 3753 3707 3911 3769; x_wconf 83' lang='grc' dir='ltr'>αὖθις</span> <span class='ocrx_word' id='word_1_492' title='bbox 3944 3709 4001 3771; x_wconf 82' lang='grc' dir='ltr'><strong>ἐς</strong></span> <span class='ocrx_word' id='word_1_493' title='bbox 4026 3710 4149 3770; x_wconf 71' lang='grc' dir='ltr'>τοὺς</span> <span class='ocrx_word' id='word_1_494' title='bbox 4181 3708 4479 3769; x_wconf 71' lang='grc' dir='ltr'>Οὐενετοίις</span> <span class='ocrx_word' id='word_1_495' title='bbox 4515 3707 4665 3760; x_wconf 77' lang='grc' dir='ltr'>ὑπο-</span> 
     </span>
    </p>
   </div>
   <div class='ocr_carea' id='block_1_73' title="bbox 3060 3801 3914 3874">
    <p class='ocr_par' dir='ltr' id='par_1_73' title="bbox 3060 3801 3914 3874">
     <span class='ocr_line' id='line_1_73' title="bbox 3060 3801 3914 3874; baseline -0.002 -18"><span class='ocrx_word' id='word_1_496' title='bbox 3060 3804 3327 3874; x_wconf 72' lang='grc' dir='ltr'>στρέψας,</span> <span class='ocrx_word' id='word_1_497' title='bbox 3351 3804 3567 3874; x_wconf 74' lang='grc' dir='ltr'>χαλεπὰ</span> <span class='ocrx_word' id='word_1_498' title='bbox 3599 3801 3914 3855; x_wconf 78' lang='grc' dir='ltr'>ἐπεπόνθει.</span> 
     </span>
    </p>
   </div>
   <div class='ocr_carea' id='block_1_74' title="bbox 1373 3893 4668 3970">
    <p class='ocr_par' dir='ltr' id='par_1_74' title="bbox 1373 3893 4668 3970">
     <span class='ocr_line' id='line_1_74' title="bbox 1373 3893 4668 3970; baseline -0.002 -19"><span class='ocrx_word' id='word_1_499' title='bbox 1373 3915 1497 3952; x_wconf 83' lang='lat' dir='ltr'><strong>ntus</strong></span> <span class='ocrx_word' id='word_1_500' title='bbox 1539 3899 1658 3966; x_wconf 85' lang='lat' dir='ltr'><strong>fuga</strong></span> <span class='ocrx_word' id='word_1_501' title='bbox 1691 3897 1866 3950; x_wconf 85' lang='lat' dir='ltr'><strong>evasit</strong></span> <span class='ocrx_word' id='word_1_502' title='bbox 1909 3893 2229 3964; x_wconf 86' lang='lat' dir='ltr'><strong>impendens</strong></span> <span class='ocrx_word' id='word_1_503' title='bbox 2278 3893 2598 3948; x_wconf 83' lang='lat' dir='ltr'><strong>discrimen.</strong></span> <span class='ocrx_word' id='word_1_504' title='bbox 2655 3894 2943 3966; x_wconf 81' lang='lat' dir='ltr'><strong>Ingressus</strong></span> <span class='ocrx_word' id='word_1_505' title='bbox 2986 3912 3168 3956; x_wconf 87' lang='lat' dir='ltr'><strong>autem</strong></span> <span class='ocrx_word' id='word_1_506' title='bbox 3200 3916 3416 3961; x_wconf 88' lang='lat' dir='ltr'><strong>navem,</strong></span> <span class='ocrx_word' id='word_1_507' title='bbox 3454 3916 3575 3970; x_wconf 74' lang='lat' dir='ltr'><strong>qua:</strong></span> <span class='ocrx_word' id='word_1_508' title='bbox 3621 3901 3759 3952; x_wconf 85' lang='lat' dir='ltr'><strong>forte</strong></span> <span class='ocrx_word' id='word_1_509' title='bbox 3811 3915 3878 3952; x_wconf 85' lang='lat' dir='ltr'><strong>eo</strong></span> <span class='ocrx_word' id='word_1_510' title='bbox 3924 3897 4227 3967; x_wconf 88' lang='lat' dir='ltr'><strong>appulerat,</strong></span> <span class='ocrx_word' id='word_1_511' title='bbox 4294 3897 4517 3950; x_wconf 83' lang='lat' dir='ltr'><strong>diceth</strong></span> <span class='ocrx_word' id='word_1_512' title='bbox 4591 3910 4668 3947; x_wconf 76' lang='lat' dir='ltr'><strong>se</strong></span> 
     </span>
    </p>
   </div>
   <div class='ocr_carea' id='block_1_75' title="bbox 1376 3989 4660 4064">
    <p class='ocr_par' dir='ltr' id='par_1_75' title="bbox 1376 3989 4660 4064">
     <span class='ocr_line' id='line_1_75' title="bbox 1376 3989 4660 4064; baseline -0.001 -19"><span class='ocrx_word' id='word_1_513' title='bbox 1376 3994 1610 4047; x_wconf 76' lang='lat' dir='ltr'><strong>abduce</strong></span> <span class='ocrx_word' id='word_1_514' title='bbox 1685 3991 1889 4045; x_wconf 79' lang='lat' dir='ltr'><strong>Veneto</strong></span> <span class='ocrx_word' id='word_1_515' title='bbox 1939 3989 2246 4051; x_wconf 86' lang='lat' dir='ltr'><strong>advenisse,</strong></span> <span class='ocrx_word' id='word_1_516' title='bbox 2309 3999 2368 4043; x_wconf 89' lang='lat' dir='ltr'><strong>ut</strong></span> <span class='ocrx_word' id='word_1_517' title='bbox 2423 3989 2867 4058; x_wconf 79' lang='lat' dir='ltr'><strong>proficisceretur</strong></span> <span class='ocrx_word' id='word_1_518' title='bbox 2925 3995 2980 4048; x_wconf 92' lang='lat' dir='ltr'><strong>in</strong></span> <span class='ocrx_word' id='word_1_519' title='bbox 3048 3994 3325 4064; x_wconf 69' lang='lat' dir='ltr'><strong>Eginam.</strong></span> <span class='ocrx_word' id='word_1_520' title='bbox 3388 3994 3458 4049; x_wconf 91' lang='lat' dir='ltr'><strong>Ut</strong></span> <span class='ocrx_word' id='word_1_521' title='bbox 3526 3997 3578 4048; x_wconf 93' lang='lat' dir='ltr'><strong>in</strong></span> <span class='ocrx_word' id='word_1_522' title='bbox 3633 3993 3886 4063; x_wconf 64' lang='lat' dir='ltr'><strong>A&#39;Iginam</strong></span> <span class='ocrx_word' id='word_1_523' title='bbox 3935 3995 4099 4052; x_wconf 87' lang='lat' dir='ltr'><strong>venit.</strong></span> <span class='ocrx_word' id='word_1_524' title='bbox 4167 4002 4384 4046; x_wconf 80' lang='lat' dir='ltr'><strong>nautam</strong></span> <span class='ocrx_word' id='word_1_525' title='bbox 4440 4007 4660 4044; x_wconf 81' lang='lat' dir='ltr'><strong>navem</strong></span> 
     </span>
    </p>
   </div>
   <div class='ocr_carea' id='block_1_76' title="bbox 1375 4082 4670 4159">
    <p class='ocr_par' dir='ltr' id='par_1_76' title="bbox 1375 4082 4670 4159">
     <span class='ocr_line' id='line_1_76' title="bbox 1375 4082 4670 4159; baseline -0.002 -17"><span class='ocrx_word' id='word_1_526' title='bbox 1375 4089 1589 4142; x_wconf 87' lang='lat' dir='ltr'><strong>solvere</strong></span> <span class='ocrx_word' id='word_1_527' title='bbox 1615 4096 1921 4139; x_wconf 83' lang='lat' dir='ltr'><strong>ctcursam</strong></span> <span class='ocrx_word' id='word_1_528' title='bbox 1954 4085 2007 4138; x_wconf 91' lang='lat' dir='ltr'><strong>in</strong></span> <span class='ocrx_word' id='word_1_529' title='bbox 2063 4082 2327 4136; x_wconf 87' lang='lat' dir='ltr'><strong>Euboiam</strong></span> <span class='ocrx_word' id='word_1_530' title='bbox 2377 4083 2614 4153; x_wconf 87' lang='lat' dir='ltr'><strong>dirigere</strong></span> <span class='ocrx_word' id='word_1_531' title='bbox 2638 4084 2812 4153; x_wconf 79' lang='lat' dir='ltr'><strong>jubet.</strong></span> <span class='ocrx_word' id='word_1_532' title='bbox 2880 4086 3088 4144; x_wconf 86' lang='lat' dir='ltr'><strong>Dehinc</strong></span> <span class='ocrx_word' id='word_1_533' title='bbox 3161 4104 3414 4159; x_wconf 86' lang='lat' dir='ltr'><strong>egressus</strong></span> <span class='ocrx_word' id='word_1_534' title='bbox 3468 4100 3550 4142; x_wconf 89' lang='lat' dir='ltr'><strong>est</strong></span> <span class='ocrx_word' id='word_1_535' title='bbox 3631 4088 3682 4140; x_wconf 94' lang='lat' dir='ltr'><strong>in</strong></span> <span class='ocrx_word' id='word_1_536' title='bbox 3733 4088 3990 4150; x_wconf 82' lang='lat' dir='ltr'><strong>Atticam,</strong></span> <span class='ocrx_word' id='word_1_537' title='bbox 4044 4096 4097 4140; x_wconf 91' lang='lat' dir='ltr'><strong>et</strong></span> <span class='ocrx_word' id='word_1_538' title='bbox 4142 4087 4267 4139; x_wconf 90' lang='lat' dir='ltr'><strong>inde</strong></span> <span class='ocrx_word' id='word_1_539' title='bbox 4313 4086 4378 4139; x_wconf 77' lang='lat' dir='ltr'><strong>ad</strong></span> <span class='ocrx_word' id='word_1_540' title='bbox 4461 4102 4670 4156; x_wconf 78' lang='lat' dir='ltr'><strong>regem</strong></span> 
     </span>
    </p>
   </div>
   <div class='ocr_carea' id='block_1_77' title="bbox 1374 4180 4671 4256">
    <p class='ocr_par' dir='ltr' id='par_1_77' title="bbox 1374 4180 4671 4256">
     <span class='ocr_line' id='line_1_77' title="bbox 1374 4180 4671 4256; baseline -0.003 -13"><span class='ocrx_word' id='word_1_541' title='bbox 1374 4191 1479 4243; x_wconf 82' lang='lat' dir='ltr'><strong>iter</strong></span> <span class='ocrx_word' id='word_1_542' title='bbox 1538 4184 1709 4240; x_wconf 78' lang='lat' dir='ltr'><strong>flexit.</strong></span> <span class='ocrx_word' id='word_1_543' title='bbox 1759 4183 1807 4236; x_wconf 88' lang='lat' dir='ltr'><strong>ls</strong></span> <span class='ocrx_word' id='word_1_544' title='bbox 1859 4183 2002 4236; x_wconf 88' lang='lat' dir='ltr'><strong>baud</strong></span> <span class='ocrx_word' id='word_1_545' title='bbox 2053 4183 2226 4235; x_wconf 91' lang='lat' dir='ltr'><strong>multo</strong></span> <span class='ocrx_word' id='word_1_546' title='bbox 2284 4191 2406 4251; x_wconf 93' lang='lat' dir='ltr'><strong>post</strong></span> <span class='ocrx_word' id='word_1_547' title='bbox 2456 4196 2707 4236; x_wconf 81' lang='lat' dir='ltr'><strong>reversus</strong></span> <span class='ocrx_word' id='word_1_548' title='bbox 2764 4184 2829 4238; x_wconf 87' lang='lat' dir='ltr'><strong>ad</strong></span> <span class='ocrx_word' id='word_1_549' title='bbox 2859 4181 3117 4252; x_wconf 90' lang='lat' dir='ltr'><strong>Venetos,</strong></span> <span class='ocrx_word' id='word_1_550' title='bbox 3174 4200 3369 4256; x_wconf 85' lang='lat' dir='ltr'><strong>graves</strong></span> <span class='ocrx_word' id='word_1_551' title='bbox 3416 4200 3608 4255; x_wconf 65' lang='lat' dir='ltr'><strong>pinnas</strong></span> <span class='ocrx_word' id='word_1_552' title='bbox 3668 4183 3834 4254; x_wconf 89' lang='lat' dir='ltr'><strong>spreti</strong></span> <span class='ocrx_word' id='word_1_553' title='bbox 3916 4194 3968 4238; x_wconf 88' lang='lat' dir='ltr'><strong>et</strong></span> <span class='ocrx_word' id='word_1_554' title='bbox 4036 4182 4335 4251; x_wconf 88' lang='lat' dir='ltr'><strong>contempti</strong></span> <span class='ocrx_word' id='word_1_555' title='bbox 4423 4180 4671 4252; x_wconf 85' lang='lat' dir='ltr'><strong>imperii</strong></span> 
     </span>
    </p>
   </div>
   <div class='ocr_carea' id='block_1_78' title="bbox 1376 4281 1546 4336">
    <p class='ocr_par' dir='ltr' id='par_1_78' title="bbox 1376 4281 1546 4336">
     <span class='ocr_line' id='line_1_78' title="bbox 1376 4281 1546 4336; baseline 0 -1"><span class='ocrx_word' id='word_1_556' title='bbox 1376 4281 1546 4336; x_wconf 88' lang='lat' dir='ltr'><strong>dedit.</strong></span> 
     </span>
    </p>
   </div>
   <div class='ocr_carea' id='block_1_79' title="bbox 1452 4368 2970 4441">
    <p class='ocr_par' dir='ltr' id='par_1_79' title="bbox 1452 4368 2970 4441">
     <span class='ocr_line' id='line_1_79' title="bbox 1452 4368 2970 4441; baseline -0.001 -15"><span class='ocrx_word' id='word_1_557' title='bbox 1452 4371 1624 4426; x_wconf 73' lang='lat' dir='ltr'><strong>Graeci</strong></span> <span class='ocrx_word' id='word_1_558' title='bbox 1661 4374 1756 4441; x_wconf 90' lang='lat' dir='ltr'><strong>qui</strong></span> <span class='ocrx_word' id='word_1_559' title='bbox 1786 4380 1944 4423; x_wconf 87' lang='lat' dir='ltr'><strong>erant</strong></span> <span class='ocrx_word' id='word_1_560' title='bbox 1982 4369 2037 4422; x_wconf 92' lang='lat' dir='ltr'><strong>in</strong></span> <span class='ocrx_word' id='word_1_561' title='bbox 2070 4368 2473 4438; x_wconf 87' lang='lat' dir='ltr'><strong>Peloponneso,</strong></span> <span class='ocrx_word' id='word_1_562' title='bbox 2505 4376 2559 4421; x_wconf 91' lang='lat' dir='ltr'><strong>et</strong></span> <span class='ocrx_word' id='word_1_563' title='bbox 2591 4369 2808 4431; x_wconf 86' lang='lat' dir='ltr'><strong>Albani,</strong></span> <span class='ocrx_word' id='word_1_564' title='bbox 2846 4385 2970 4424; x_wconf 86' lang='lat' dir='ltr'><strong>nec-</strong></span> 
     </span>
    </p>
   </div>
   <div class='ocr_carea' id='block_1_80' title="bbox 1380 4460 2968 4527">
    <p class='ocr_par' dir='ltr' id='par_1_80' title="bbox 1380 4460 2968 4527">
     <span class='ocr_line' id='line_1_80' title="bbox 1380 4460 2968 4527; baseline -0.001 -8"><span class='ocrx_word' id='word_1_565' title='bbox 1380 4480 1484 4519; x_wconf 90' lang='lat' dir='ltr'><strong>non</strong></span> <span class='ocrx_word' id='word_1_566' title='bbox 1522 4463 1809 4527; x_wconf 62' lang='lat' dir='ltr'><strong>liliasicus,</strong></span> <span class='ocrx_word' id='word_1_567' title='bbox 1857 4473 1913 4516; x_wconf 90' lang='lat' dir='ltr'><strong>et</strong></span> <span class='ocrx_word' id='word_1_568' title='bbox 1956 4461 2147 4516; x_wconf 82' lang='lat' dir='ltr'><strong>Petrus</strong></span> <span class='ocrx_word' id='word_1_569' title='bbox 2197 4460 2461 4522; x_wconf 87' lang='lat' dir='ltr'><strong>Claudus,</strong></span> <span class='ocrx_word' id='word_1_570' title='bbox 2505 4460 2646 4514; x_wconf 84' lang='lat' dir='ltr'><strong>haud</strong></span> <span class='ocrx_word' id='word_1_571' title='bbox 2676 4464 2968 4517; x_wconf 85' lang='lat' dir='ltr'><strong>cessabant</strong></span> 
     </span>
    </p>
   </div>
   <div class='ocr_carea' id='block_1_81' title="bbox 1379 4551 2955 4618">
    <p class='ocr_par' dir='ltr' id='par_1_81' title="bbox 1379 4551 2955 4618">
     <span class='ocr_line' id='line_1_81' title="bbox 1379 4551 2955 4618; baseline 0 -10"><span class='ocrx_word' id='word_1_572' title='bbox 1379 4557 1667 4609; x_wconf 89' lang='lat' dir='ltr'><strong>consulere</strong></span> <span class='ocrx_word' id='word_1_573' title='bbox 1697 4552 1944 4618; x_wconf 86' lang='lat' dir='ltr'><strong>Venetis,</strong></span> <span class='ocrx_word' id='word_1_574' title='bbox 1991 4560 2048 4605; x_wconf 91' lang='lat' dir='ltr'><strong>ut</strong></span> <span class='ocrx_word' id='word_1_575' title='bbox 2103 4551 2366 4606; x_wconf 89' lang='lat' dir='ltr'><strong>lstlnnum</strong></span> <span class='ocrx_word' id='word_1_576' title='bbox 2405 4568 2562 4606; x_wconf 92' lang='lat' dir='ltr'><strong>muro</strong></span> <span class='ocrx_word' id='word_1_577' title='bbox 2592 4554 2955 4608; x_wconf 78' lang='lat' dir='ltr'><strong>inrluderent.</strong></span> 
     </span>
    </p>
   </div>
   <div class='ocr_carea' id='block_1_82' title="bbox 1385 4642 2957 4712">
    <p class='ocr_par' dir='ltr' id='par_1_82' title="bbox 1385 4642 2957 4712">
     <span class='ocr_line' id='line_1_82' title="bbox 1385 4642 2957 4712; baseline 0 -13"><span class='ocrx_word' id='word_1_578' title='bbox 1385 4648 1498 4700; x_wconf 90' lang='lat' dir='ltr'><strong>lloc</strong></span> <span class='ocrx_word' id='word_1_579' title='bbox 1556 4647 1699 4699; x_wconf 89' lang='lat' dir='ltr'><strong>enim</strong></span> <span class='ocrx_word' id='word_1_580' title='bbox 1759 4643 1923 4707; x_wconf 79' lang='lat' dir='ltr'><strong>facto,</strong></span> <span class='ocrx_word' id='word_1_581' title='bbox 1979 4643 2200 4698; x_wconf 88' lang='lat' dir='ltr'><strong>aiebant</strong></span> <span class='ocrx_word' id='word_1_582' title='bbox 2251 4642 2753 4712; x_wconf 84' lang='lat' dir='ltr'><strong>Peloponnesiacos</strong></span> <span class='ocrx_word' id='word_1_583' title='bbox 2807 4646 2957 4700; x_wconf 86' lang='lat' dir='ltr'><strong>illico</strong></span> 
     </span>
    </p>
   </div>
   <div class='ocr_carea' id='block_1_83' title="bbox 1382 4737 2954 4840">
    <p class='ocr_par' dir='ltr' id='par_1_83' title="bbox 1382 4737 2954 4840">
     <span class='ocr_line' id='line_1_83' title="bbox 1382 4737 2954 4840; baseline 0.001 -48"><span class='ocrx_word' id='word_1_584' title='bbox 1382 4740 1696 4840; x_wconf 54' lang='lat' dir='ltr'><strong>defecturos</strong></span> <span class='ocrx_word' id='word_1_585' title='bbox 1751 4741 1817 4790; x_wconf 79' lang='lat' dir='ltr'><strong>ab</strong></span> <span class='ocrx_word' id='word_1_586' title='bbox 1865 4753 2009 4805; x_wconf 74' lang='lat' dir='ltr'><strong>rege,</strong></span> <span class='ocrx_word' id='word_1_587' title='bbox 2057 4749 2110 4791; x_wconf 90' lang='lat' dir='ltr'><strong>et</strong></span> <span class='ocrx_word' id='word_1_588' title='bbox 2170 4737 2237 4790; x_wconf 85' lang='lat' dir='ltr'><strong>ad</strong></span> <span class='ocrx_word' id='word_1_589' title='bbox 2291 4737 2525 4791; x_wconf 89' lang='lat' dir='ltr'><strong>Venetos</strong></span> <span class='ocrx_word' id='word_1_590' title='bbox 2579 4739 2954 4793; x_wconf 88' lang='lat' dir='ltr'><strong>transitionem</strong></span> 
     </span>
    </p>
   </div>
   <div class='ocr_carea' id='block_1_84' title="bbox 1383 4828 2957 4898">
    <p class='ocr_par' dir='ltr' id='par_1_84' title="bbox 1383 4828 2957 4898">
     <span class='ocr_line' id='line_1_84' title="bbox 1383 4828 2957 4898; baseline -0.003 -12"><span class='ocrx_word' id='word_1_591' title='bbox 1383 4828 1642 4886; x_wconf 78' lang='lat' dir='ltr'><strong>facturos.</strong></span> <span class='ocrx_word' id='word_1_592' title='bbox 1676 4828 1807 4883; x_wconf 85' lang='lat' dir='ltr'><strong>Nam</strong></span> <span class='ocrx_word' id='word_1_593' title='bbox 1843 4829 2132 4898; x_wconf 89' lang='lat' dir='ltr'><strong>plurimum</strong></span> <span class='ocrx_word' id='word_1_594' title='bbox 2179 4829 2439 4882; x_wconf 86' lang='lat' dir='ltr'><strong>momenti</strong></span> <span class='ocrx_word' id='word_1_595' title='bbox 2466 4829 2531 4882; x_wconf 90' lang='lat' dir='ltr'><strong>ad</strong></span> <span class='ocrx_word' id='word_1_596' title='bbox 2571 4828 2957 4894; x_wconf 82' lang='lat' dir='ltr'><strong>defectionem,</strong></span> 
     </span>
    </p>
   </div>
   <div class='ocr_carea' id='block_1_85' title="bbox 1386 4920 2958 4990">
    <p class='ocr_par' dir='ltr' id='par_1_85' title="bbox 1386 4920 2958 4990">
     <span class='ocr_line' id='line_1_85' title="bbox 1386 4920 2958 4990; baseline -0.001 -12"><span class='ocrx_word' id='word_1_597' title='bbox 1386 4940 1501 4978; x_wconf 89' lang='lat' dir='ltr'><strong>rem</strong></span> <span class='ocrx_word' id='word_1_598' title='bbox 1535 4940 1652 4976; x_wconf 86' lang='lat' dir='ltr'><strong>eam</strong></span> <span class='ocrx_word' id='word_1_599' title='bbox 1683 4923 1900 4976; x_wconf 85' lang='lat' dir='ltr'><strong>habere.</strong></span> <span class='ocrx_word' id='word_1_600' title='bbox 1933 4923 2115 4974; x_wconf 88' lang='lat' dir='ltr'><strong>Visum</strong></span> <span class='ocrx_word' id='word_1_601' title='bbox 2142 4933 2227 4975; x_wconf 88' lang='lat' dir='ltr'><strong>est</strong></span> <span class='ocrx_word' id='word_1_602' title='bbox 2257 4920 2422 4990; x_wconf 88' lang='lat' dir='ltr'><strong>igitur</strong></span> <span class='ocrx_word' id='word_1_603' title='bbox 2447 4931 2509 4974; x_wconf 90' lang='lat' dir='ltr'><strong>ut</strong></span> <span class='ocrx_word' id='word_1_604' title='bbox 2533 4936 2656 4974; x_wconf 90' lang='lat' dir='ltr'><strong>cum</strong></span> <span class='ocrx_word' id='word_1_605' title='bbox 2688 4923 2958 4977; x_wconf 86' lang='lat' dir='ltr'><strong>universis</strong></span> 
     </span>
    </p>
   </div>
   <div class='ocr_carea' id='block_1_86' title="bbox 1385 5012 2965 5084">
    <p class='ocr_par' dir='ltr' id='par_1_86' title="bbox 1385 5012 2965 5084">
     <span class='ocr_line' id='line_1_86' title="bbox 1385 5012 2965 5084; baseline -0.003 -13"><span class='ocrx_word' id='word_1_606' title='bbox 1385 5017 1555 5084; x_wconf 84' lang='lat' dir='ltr'><strong>copiis</strong></span> <span class='ocrx_word' id='word_1_607' title='bbox 1585 5030 1721 5084; x_wconf 90' lang='lat' dir='ltr'><strong>opus</strong></span> <span class='ocrx_word' id='word_1_608' title='bbox 1775 5014 2224 5082; x_wconf 79' lang='lat' dir='ltr'><strong>aggrederentur,</strong></span> <span class='ocrx_word' id='word_1_609' title='bbox 2285 5012 2661 5082; x_wconf 87' lang='lat' dir='ltr'><strong>lstbmumque</strong></span> <span class='ocrx_word' id='word_1_610' title='bbox 2716 5014 2965 5068; x_wconf 85' lang='lat' dir='ltr'><strong>obstrue-</strong></span> 
     </span>
    </p>
   </div>
   <div class='ocr_carea' id='block_1_87' title="bbox 1388 5105 2963 5170">
    <p class='ocr_par' dir='ltr' id='par_1_87' title="bbox 1388 5105 2963 5170">
     <span class='ocr_line' id='line_1_87' title="bbox 1388 5105 2963 5170; baseline -0.004 -6"><span class='ocrx_word' id='word_1_611' title='bbox 1388 5119 1528 5170; x_wconf 87' lang='lat' dir='ltr'><strong>rent,</strong></span> <span class='ocrx_word' id='word_1_612' title='bbox 1568 5125 1634 5162; x_wconf 88' lang='lat' dir='ltr'><strong>an</strong></span> <span class='ocrx_word' id='word_1_613' title='bbox 1684 5109 1766 5161; x_wconf 87' lang='lat' dir='ltr'><strong>vel</strong></span> <span class='ocrx_word' id='word_1_614' title='bbox 1815 5109 1921 5160; x_wconf 90' lang='lat' dir='ltr'><strong>isto</strong></span> <span class='ocrx_word' id='word_1_615' title='bbox 1953 5109 2112 5160; x_wconf 87' lang='lat' dir='ltr'><strong>modo</strong></span> <span class='ocrx_word' id='word_1_616' title='bbox 2157 5107 2223 5159; x_wconf 88' lang='lat' dir='ltr'><strong>ad</strong></span> <span class='ocrx_word' id='word_1_617' title='bbox 2259 5107 2618 5159; x_wconf 89' lang='lat' dir='ltr'><strong>defectionem</strong></span> <span class='ocrx_word' id='word_1_618' title='bbox 2651 5105 2963 5158; x_wconf 85' lang='lat' dir='ltr'><strong>inclinatnri</strong></span> 
     </span>
    </p>
   </div>
   <div class='ocr_carea' id='block_1_88' title="bbox 1385 5195 2966 5268">
    <p class='ocr_par' dir='ltr' id='par_1_88' title="bbox 1385 5195 2966 5268">
     <span class='ocr_line' id='line_1_88' title="bbox 1385 5195 2966 5268; baseline -0.007 -11"><span class='ocrx_word' id='word_1_619' title='bbox 1385 5210 1570 5256; x_wconf 89' lang='lat' dir='ltr'><strong>essent</strong></span> <span class='ocrx_word' id='word_1_620' title='bbox 1621 5199 2208 5268; x_wconf 85' lang='lat' dir='ltr'><strong>Peloponnesiacorum</strong></span> <span class='ocrx_word' id='word_1_621' title='bbox 2263 5196 2452 5249; x_wconf 90' lang='lat' dir='ltr'><strong>animi.</strong></span> <span class='ocrx_word' id='word_1_622' title='bbox 2510 5196 2876 5249; x_wconf 86' lang='lat' dir='ltr'><strong>Advenientes</strong></span> <span class='ocrx_word' id='word_1_623' title='bbox 2903 5195 2966 5247; x_wconf 89' lang='lat' dir='ltr'><strong>ad</strong></span> 
     </span>
    </p>
   </div>
   <div class='ocr_carea' id='block_1_89' title="bbox 1387 5290 2968 5363">
    <p class='ocr_par' dir='ltr' id='par_1_89' title="bbox 1387 5290 2968 5363">
     <span class='ocr_line' id='line_1_89' title="bbox 1387 5290 2968 5363; baseline -0.005 -16"><span class='ocrx_word' id='word_1_624' title='bbox 1387 5310 1526 5363; x_wconf 86' lang='lat' dir='ltr'><strong>opus</strong></span> <span class='ocrx_word' id='word_1_625' title='bbox 1595 5293 1937 5360; x_wconf 56' lang='lat' dir='ltr'><strong>praedictum,</strong></span> <span class='ocrx_word' id='word_1_626' title='bbox 1997 5291 2204 5358; x_wconf 88' lang='lat' dir='ltr'><strong>lapides</strong></span> <span class='ocrx_word' id='word_1_627' title='bbox 2276 5302 2328 5342; x_wconf 84' lang='lat' dir='ltr'><strong>et</strong></span> <span class='ocrx_word' id='word_1_628' title='bbox 2389 5303 2520 5342; x_wconf 78' lang='lat' dir='ltr'><strong>saxa</strong></span> <span class='ocrx_word' id='word_1_629' title='bbox 2583 5290 2968 5357; x_wconf 80' lang='lat' dir='ltr'><strong>congerebant,</strong></span> 
     </span>
    </p>
   </div>
   <div class='ocr_carea' id='block_1_90' title="bbox 1387 5378 2968 5450">
    <p class='ocr_par' dir='ltr' id='par_1_90' title="bbox 1387 5378 2968 5450">
     <span class='ocr_line' id='line_1_90' title="bbox 1387 5378 2968 5450; baseline -0.002 -16"><span class='ocrx_word' id='word_1_630' title='bbox 1387 5397 1638 5450; x_wconf 84' lang='lat' dir='ltr'><strong>opusque</strong></span> <span class='ocrx_word' id='word_1_631' title='bbox 1687 5379 2060 5435; x_wconf 74' lang='lat' dir='ltr'><strong>incredibilem</strong></span> <span class='ocrx_word' id='word_1_632' title='bbox 2109 5378 2161 5431; x_wconf 92' lang='lat' dir='ltr'><strong>iu</strong></span> <span class='ocrx_word' id='word_1_633' title='bbox 2225 5393 2429 5431; x_wconf 87' lang='lat' dir='ltr'><strong>morem</strong></span> <span class='ocrx_word' id='word_1_634' title='bbox 2477 5379 2624 5432; x_wconf 89' lang='lat' dir='ltr'><strong>brevi</strong></span> <span class='ocrx_word' id='word_1_635' title='bbox 2671 5379 2968 5432; x_wconf 86' lang='lat' dir='ltr'><strong>crescebat.</strong></span> 
     </span>
    </p>
   </div>
   <div class='ocr_carea' id='block_1_91' title="bbox 1388 5469 2969 5541">
    <p class='ocr_par' dir='ltr' id='par_1_91' title="bbox 1388 5469 2969 5541">
     <span class='ocr_line' id='line_1_91' title="bbox 1388 5469 2969 5541; baseline 0 -16"><span class='ocrx_word' id='word_1_636' title='bbox 1388 5473 1454 5525; x_wconf 81' lang='lat' dir='ltr'><strong>Et</strong></span> <span class='ocrx_word' id='word_1_637' title='bbox 1489 5483 1760 5526; x_wconf 85' lang='lat' dir='ltr'><strong>tentantes</strong></span> <span class='ocrx_word' id='word_1_638' title='bbox 1825 5473 2037 5526; x_wconf 86' lang='lat' dir='ltr'><strong>animos</strong></span> <span class='ocrx_word' id='word_1_639' title='bbox 2085 5469 2698 5538; x_wconf 74' lang='lat' dir='ltr'><strong>l‘eIOponnesiaeorutn,</strong></span> <span class='ocrx_word' id='word_1_640' title='bbox 2754 5474 2969 5541; x_wconf 76' lang='lat' dir='ltr'><strong>pericu-</strong></span> 
     </span>
    </p>
   </div>
   <div class='ocr_carea' id='block_1_92' title="bbox 1390 5564 2968 5630">
    <p class='ocr_par' dir='ltr' id='par_1_92' title="bbox 1390 5564 2968 5630">
     <span class='ocr_line' id='line_1_92' title="bbox 1390 5564 2968 5630; baseline 0 -14"><span class='ocrx_word' id='word_1_641' title='bbox 1390 5568 1499 5617; x_wconf 89' lang='lat' dir='ltr'><strong>lum</strong></span> <span class='ocrx_word' id='word_1_642' title='bbox 1551 5566 1843 5630; x_wconf 84' lang='lat' dir='ltr'><strong>faciebant,</strong></span> <span class='ocrx_word' id='word_1_643' title='bbox 1909 5567 1954 5616; x_wconf 89' lang='lat' dir='ltr'><strong>si</strong></span> <span class='ocrx_word' id='word_1_644' title='bbox 2015 5573 2070 5618; x_wconf 70' lang='lat' dir='ltr'><strong>et</strong></span> <span class='ocrx_word' id='word_1_645' title='bbox 2121 5565 2442 5618; x_wconf 74' lang='lat' dir='ltr'><strong>Corinthum</strong></span> <span class='ocrx_word' id='word_1_646' title='bbox 2494 5565 2560 5617; x_wconf 83' lang='lat' dir='ltr'><strong>ad</strong></span> <span class='ocrx_word' id='word_1_647' title='bbox 2607 5564 2968 5619; x_wconf 79' lang='lat' dir='ltr'><strong>defeetionetn</strong></span> 
     </span>
    </p>
   </div>
   <div class='ocr_carea' id='block_1_93' title="bbox 3140 4363 4681 4437">
    <p class='ocr_par' dir='ltr' id='par_1_93' title="bbox 3140 4363 4681 4437">
     <span class='ocr_line' id='line_1_93' title="bbox 3140 4363 4681 4437; baseline -0.005 -15"><span class='ocrx_word' id='word_1_648' title='bbox 3140 4370 3205 4422; x_wconf 78' lang='grc' dir='ltr'><strong>Οἱ</strong></span> <span class='ocrx_word' id='word_1_649' title='bbox 3243 4368 3424 4437; x_wconf 85' lang='grc' dir='ltr'>μέντοι</span> <span class='ocrx_word' id='word_1_650' title='bbox 3451 4365 3727 4427; x_wconf 70' lang='grc' dir='ltr'>Οὐενετοῖ,</span> <span class='ocrx_word' id='word_1_651' title='bbox 3758 4365 3831 4425; x_wconf 82' lang='grc' dir='ltr'>ὡς</span> <span class='ocrx_word' id='word_1_652' title='bbox 3865 4365 4275 4433; x_wconf 66' lang='grc' dir='ltr'>προϊσχομένων</span> <span class='ocrx_word' id='word_1_653' title='bbox 4306 4363 4416 4416; x_wconf 83' lang='grc' dir='ltr'>τῶν</span> <span class='ocrx_word' id='word_1_654' title='bbox 4469 4365 4536 4416; x_wconf 79' lang='grc' dir='ltr'><strong>ἐν</strong></span> <span class='ocrx_word' id='word_1_655' title='bbox 4594 4370 4681 4434; x_wconf 77' lang='grc' dir='ltr'><strong>τῇ</strong></span> 
     </span>
    </p>
   </div>
   <div class='ocr_carea' id='block_1_94' title="bbox 3071 4457 4682 4530">
    <p class='ocr_par' dir='ltr' id='par_1_94' title="bbox 3071 4457 4682 4530">
     <span class='ocr_line' id='line_1_94' title="bbox 3071 4457 4682 4530; baseline -0.004 -14"><span class='ocrx_word' id='word_1_656' title='bbox 3071 4462 3465 4530; x_wconf 82' lang='grc' dir='ltr'>Πελοποννήσῳ</span> <span class='ocrx_word' id='word_1_657' title='bbox 3509 4458 3778 4527; x_wconf 74' lang='grc' dir='ltr'>Ἑλλήνων</span> <span class='ocrx_word' id='word_1_658' title='bbox 3811 4477 3870 4510; x_wconf 90' lang='grc' dir='ltr'><strong>τε</strong></span> <span class='ocrx_word' id='word_1_659' title='bbox 3904 4458 4018 4528; x_wconf 75' lang='grc' dir='ltr'>ἅμα</span> <span class='ocrx_word' id='word_1_660' title='bbox 4044 4463 4136 4510; x_wconf 73' lang='grc' dir='ltr'>καὶ</span> <span class='ocrx_word' id='word_1_661' title='bbox 4184 4457 4489 4524; x_wconf 81' lang='grc' dir='ltr'>Ἀλεανῶν,</span> <span class='ocrx_word' id='word_1_662' title='bbox 4557 4466 4682 4512; x_wconf 66' lang='grc' dir='ltr'>καί</span> 
     </span>
    </p>
   </div>
   <div class='ocr_carea' id='block_1_95' title="bbox 3069 4552 4679 4623">
    <p class='ocr_par' dir='ltr' id='par_1_95' title="bbox 3069 4552 4679 4623">
     <span class='ocr_line' id='line_1_95' title="bbox 3069 4552 4679 4623; baseline -0.004 -15"><span class='ocrx_word' id='word_1_663' title='bbox 3069 4555 3441 4623; x_wconf 82' lang='grc' dir='ltr'>κελευομένων</span> <span class='ocrx_word' id='word_1_664' title='bbox 3473 4553 3673 4616; x_wconf 82' lang='grc' dir='ltr'>αὐτῶν,</span> <span class='ocrx_word' id='word_1_665' title='bbox 3707 4552 3800 4604; x_wconf 73' lang='grc' dir='ltr'>καὶ</span> <span class='ocrx_word' id='word_1_666' title='bbox 3842 4553 4098 4605; x_wconf 81' lang='grc' dir='ltr'>Ῥασίκου</span> <span class='ocrx_word' id='word_1_667' title='bbox 4132 4555 4225 4605; x_wconf 74' lang='grc' dir='ltr'>καὶ</span> <span class='ocrx_word' id='word_1_668' title='bbox 4284 4554 4501 4622; x_wconf 79' lang='grc' dir='ltr'>Πέτρου</span> <span class='ocrx_word' id='word_1_669' title='bbox 4557 4554 4679 4606; x_wconf 75' lang='grc' dir='ltr'>τοῖο</span> 
     </span>
    </p>
   </div>
   <div class='ocr_carea' id='block_1_96' title="bbox 3068 4641 4690 4713">
    <p class='ocr_par' dir='ltr' id='par_1_96' title="bbox 3068 4641 4690 4713">
     <span class='ocr_line' id='line_1_96' title="bbox 3068 4641 4690 4713; baseline -0.002 -14"><span class='ocrx_word' id='word_1_670' title='bbox 3068 4647 3279 4707; x_wconf 70' lang='grc' dir='ltr'>Χωλοῧ,</span> <span class='ocrx_word' id='word_1_671' title='bbox 3312 4645 3387 4707; x_wconf 84' lang='grc' dir='ltr'>ὡς</span> <span class='ocrx_word' id='word_1_672' title='bbox 3415 4646 3461 4696; x_wconf 88' lang='grc' dir='ltr'><strong>εί</strong></span> <span class='ocrx_word' id='word_1_673' title='bbox 3492 4643 3582 4695; x_wconf 77' lang='grc' dir='ltr'>τὸν</span> <span class='ocrx_word' id='word_1_674' title='bbox 3615 4643 3836 4712; x_wconf 72' lang='grc' dir='ltr'>Ἰσθμὸν</span> <span class='ocrx_word' id='word_1_675' title='bbox 3876 4641 4193 4713; x_wconf 79' lang='grc' dir='ltr'>τειχίσαιεν,</span> <span class='ocrx_word' id='word_1_676' title='bbox 4239 4644 4442 4697; x_wconf 72' lang='grc' dir='ltr'>αὐτίκα</span> <span class='ocrx_word' id='word_1_677' title='bbox 4503 4647 4690 4702; x_wconf 76' lang='grc' dir='ltr'>ὄντες</span> 
     </span>
    </p>
   </div>
   <div class='ocr_carea' id='block_1_97' title="bbox 3066 4735 4684 4805">
    <p class='ocr_par' dir='ltr' id='par_1_97' title="bbox 3066 4735 4684 4805">
     <span class='ocr_line' id='line_1_97' title="bbox 3066 4735 4684 4805; baseline 0.002 -17"><span class='ocrx_word' id='word_1_678' title='bbox 3066 4739 3113 4790; x_wconf 90' lang='grc' dir='ltr'>οἱ</span> <span class='ocrx_word' id='word_1_679' title='bbox 3146 4736 3570 4804; x_wconf 82' lang='grc' dir='ltr'>Πελοποννήσιοι</span> <span class='ocrx_word' id='word_1_680' title='bbox 3603 4737 4032 4804; x_wconf 76' lang='grc' dir='ltr'>ἀποστήσονται,</span> <span class='ocrx_word' id='word_1_681' title='bbox 4058 4739 4149 4788; x_wconf 72' lang='grc' dir='ltr'>καὶ</span> <span class='ocrx_word' id='word_1_682' title='bbox 4184 4735 4270 4787; x_wconf 84' lang='grc' dir='ltr'><strong>ἐπ’</strong></span> <span class='ocrx_word' id='word_1_683' title='bbox 4304 4737 4512 4799; x_wconf 70' lang='grc' dir='ltr'>αὐτοὺς</span> <span class='ocrx_word' id='word_1_684' title='bbox 4537 4756 4684 4805; x_wconf 74' lang='grc' dir='ltr'><strong>χω-</strong></span> 
     </span>
    </p>
   </div>
   <div class='ocr_carea' id='block_1_98' title="bbox 3071 4827 4690 4904">
    <p class='ocr_par' dir='ltr' id='par_1_98' title="bbox 3071 4827 4690 4904">
     <span class='ocr_line' id='line_1_98' title="bbox 3071 4827 4690 4904; baseline -0.001 -22"><span class='ocrx_word' id='word_1_685' title='bbox 3071 4833 3321 4904; x_wconf 81' lang='grc' dir='ltr'>ρήσουσι.</span> <span class='ocrx_word' id='word_1_686' title='bbox 3357 4831 3519 4899; x_wconf 80' lang='grc' dir='ltr'>Μέγα</span> <span class='ocrx_word' id='word_1_687' title='bbox 3544 4831 3654 4899; x_wconf 74' lang='grc' dir='ltr'>γὰρ</span> <span class='ocrx_word' id='word_1_688' title='bbox 3685 4848 3765 4881; x_wconf 89' lang='grc' dir='ltr'><strong>τοι</strong></span> <span class='ocrx_word' id='word_1_689' title='bbox 3790 4830 4130 4899; x_wconf 78' lang='grc' dir='ltr'>προσφέρειν</span> <span class='ocrx_word' id='word_1_690' title='bbox 4181 4827 4341 4881; x_wconf 83' lang='grc' dir='ltr'>τοῦτό</span> <span class='ocrx_word' id='word_1_691' title='bbox 4377 4845 4581 4899; x_wconf 77' lang='grc' dir='ltr'>σφισιν</span> <span class='ocrx_word' id='word_1_692' title='bbox 4615 4834 4638 4881; x_wconf 77' lang='grc' dir='ltr'><em>ὲ</em></span> <span class='ocrx_word' id='word_1_693' title='bbox 4661 4851 4690 4891; x_wconf 86' lang='grc' dir='ltr'><strong>ς</strong></span> 
     </span>
    </p>
   </div>
   <div class='ocr_carea' id='block_1_99' title="bbox 3058 4923 4697 4994">
    <p class='ocr_par' dir='ltr' id='par_1_99' title="bbox 3058 4923 4697 4994">
     <span class='ocr_line' id='line_1_99' title="bbox 3058 4923 4697 4994; baseline -0.002 -16"><span class='ocrx_word' id='word_1_694' title='bbox 3058 4927 3157 4994; x_wconf 80' lang='grc' dir='ltr'>τὴν</span> <span class='ocrx_word' id='word_1_695' title='bbox 3189 4925 3509 4978; x_wconf 75' lang='grc' dir='ltr'>ἀπόστασιν.</span> <span class='ocrx_word' id='word_1_696' title='bbox 3555 4923 3759 4976; x_wconf 74' lang='grc' dir='ltr'>Ἐδόκει</span> <span class='ocrx_word' id='word_1_697' title='bbox 3790 4923 3845 4974; x_wconf 81' lang='grc' dir='ltr'><strong>δὲ</strong></span> <span class='ocrx_word' id='word_1_698' title='bbox 3874 4925 4050 4984; x_wconf 77' lang='grc' dir='ltr'>ἰόντας</span> <span class='ocrx_word' id='word_1_699' title='bbox 4099 4925 4474 4992; x_wconf 71' lang='grc' dir='ltr'>πανστρατιᾷ,</span> <span class='ocrx_word' id='word_1_700' title='bbox 4517 4941 4550 4987; x_wconf 73' lang='grc' dir='ltr'>φ</span> <span class='ocrx_word' id='word_1_701' title='bbox 4572 4927 4697 4992; x_wconf 67' lang='grc' dir='ltr'>ρα-</span> 
     </span>
    </p>
   </div>
   <div class='ocr_carea' id='block_1_100' title="bbox 3066 5014 4694 5085">
    <p class='ocr_par' dir='ltr' id='par_1_100' title="bbox 3066 5014 4694 5085">
     <span class='ocr_line' id='line_1_100' title="bbox 3066 5014 4694 5085; baseline -0.002 -16"><span class='ocrx_word' id='word_1_702' title='bbox 3066 5017 3303 5081; x_wconf 85' lang='grc' dir='ltr'>γνυσθαι</span> <span class='ocrx_word' id='word_1_703' title='bbox 3334 5017 3425 5068; x_wconf 70' lang='grc' dir='ltr'><strong>τὸν</strong></span> <span class='ocrx_word' id='word_1_704' title='bbox 3469 5015 3705 5085; x_wconf 60' lang='grc' dir='ltr'>Ἰσθμὸν,</span> <span class='ocrx_word' id='word_1_705' title='bbox 3739 5017 3830 5068; x_wconf 84' lang='grc' dir='ltr'>καὶ</span> <span class='ocrx_word' id='word_1_706' title='bbox 3883 5015 4271 5084; x_wconf 82' lang='grc' dir='ltr'>διαπειρᾶσθαι</span> <span class='ocrx_word' id='word_1_707' title='bbox 4323 5014 4445 5066; x_wconf 84' lang='grc' dir='ltr'>τῶν</span> <span class='ocrx_word' id='word_1_708' title='bbox 4499 5017 4563 5065; x_wconf 76' lang='grc' dir='ltr'><strong>ἐν</strong></span> <span class='ocrx_word' id='word_1_709' title='bbox 4611 5021 4694 5084; x_wconf 69' lang='grc' dir='ltr'>τῇ</span> 
     </span>
    </p>
   </div>
   <div class='ocr_carea' id='block_1_101' title="bbox 3070 5105 4700 5177">
    <p class='ocr_par' dir='ltr' id='par_1_101' title="bbox 3070 5105 4700 5177">
     <span class='ocr_line' id='line_1_101' title="bbox 3070 5105 4700 5177; baseline -0.001 -17"><span class='ocrx_word' id='word_1_710' title='bbox 3070 5107 3489 5177; x_wconf 79' lang='grc' dir='ltr'>Πελοποννήσῳ.</span> <span class='ocrx_word' id='word_1_711' title='bbox 3542 5107 3918 5175; x_wconf 67' lang='grc' dir='ltr'>’Λφικομένων</span> <span class='ocrx_word' id='word_1_712' title='bbox 3945 5106 4024 5168; x_wconf 84' lang='grc' dir='ltr'><strong>δὲ,</strong></span> <span class='ocrx_word' id='word_1_713' title='bbox 4056 5105 4236 5166; x_wconf 73' lang='grc' dir='ltr'>λίθους</span> <span class='ocrx_word' id='word_1_714' title='bbox 4283 5107 4666 5168; x_wconf 75' lang='grc' dir='ltr'>συντιθέντες</span> <span class='ocrx_word' id='word_1_715' title='bbox 4687 5152 4700 5168; x_wconf 85' lang='grc'><strong>,</strong></span> 
     </span>
    </p>
   </div>
   <div class='ocr_carea' id='block_1_102' title="bbox 3069 5198 4696 5270">
    <p class='ocr_par' dir='ltr' id='par_1_102' title="bbox 3069 5198 4696 5270">
     <span class='ocr_line' id='line_1_102' title="bbox 3069 5198 4696 5270; baseline -0.001 -19"><span class='ocrx_word' id='word_1_716' title='bbox 3069 5201 3476 5270; x_wconf 73' lang='grc' dir='ltr'>ἐπῳκοδόμουν,</span> <span class='ocrx_word' id='word_1_717' title='bbox 3525 5201 3599 5262; x_wconf 83' lang='grc' dir='ltr'>ὠς</span> <span class='ocrx_word' id='word_1_718' title='bbox 3641 5198 4090 5268; x_wconf 82' lang='grc' dir='ltr'>ἀποπειρώμενοι</span> <span class='ocrx_word' id='word_1_719' title='bbox 4147 5198 4258 5250; x_wconf 84' lang='grc' dir='ltr'>τῶν</span> <span class='ocrx_word' id='word_1_720' title='bbox 4302 5199 4696 5267; x_wconf 63' lang='grc' dir='ltr'>Πελοποννη-</span> 
     </span>
    </p>
   </div>
   <div class='ocr_carea' id='block_1_103' title="bbox 3071 5290 4700 5362">
    <p class='ocr_par' dir='ltr' id='par_1_103' title="bbox 3071 5290 4700 5362">
     <span class='ocr_line' id='line_1_103' title="bbox 3071 5290 4700 5362; baseline -0.002 -19"><span class='ocrx_word' id='word_1_721' title='bbox 3071 5295 3200 5345; x_wconf 85' lang='grc' dir='ltr'>σίων</span> <span class='ocrx_word' id='word_1_722' title='bbox 3220 5293 3523 5358; x_wconf 88' lang='grc' dir='ltr'>γνώσωσιν,</span> <span class='ocrx_word' id='word_1_723' title='bbox 3559 5294 3605 5344; x_wconf 78' lang='grc' dir='ltr'>εἰ</span> <span class='ocrx_word' id='word_1_724' title='bbox 3639 5293 3993 5362; x_wconf 86' lang='grc' dir='ltr'>προσχωροίη</span> <span class='ocrx_word' id='word_1_725' title='bbox 4031 5291 4125 5344; x_wconf 73' lang='grc' dir='ltr'>καὶ</span> <span class='ocrx_word' id='word_1_726' title='bbox 4150 5292 4183 5359; x_wconf 77' lang='grc' dir='ltr'>ἡ</span> <span class='ocrx_word' id='word_1_727' title='bbox 4213 5290 4482 5357; x_wconf 72' lang='grc' dir='ltr'>Κόρινθος</span> <span class='ocrx_word' id='word_1_728' title='bbox 4535 5308 4660 5358; x_wconf 54' lang='grc' dir='ltr'>σφι</span> <span class='ocrx_word' id='word_1_729' title='bbox 4683 5323 4700 5329; x_wconf 77' lang='grc'><strong><em>-</em></strong></span> 
     </span>
    </p>
   </div>
   <div class='ocr_carea' id='block_1_104' title="bbox 3073 5383 4706 5453">
    <p class='ocr_par' dir='ltr' id='par_1_104' title="bbox 3073 5383 4706 5453">
     <span class='ocr_line' id='line_1_104' title="bbox 3073 5383 4706 5453; baseline -0.002 -16"><span class='ocrx_word' id='word_1_730' title='bbox 3073 5402 3148 5447; x_wconf 88' lang='grc' dir='ltr'><strong>σι,</strong></span> <span class='ocrx_word' id='word_1_731' title='bbox 3179 5386 3272 5436; x_wconf 71' lang='grc' dir='ltr'>καὶ</span> <span class='ocrx_word' id='word_1_732' title='bbox 3303 5385 3372 5436; x_wconf 73' lang='grc' dir='ltr'><strong>τὰ</strong></span> <span class='ocrx_word' id='word_1_733' title='bbox 3428 5384 3590 5436; x_wconf 80' lang='grc' dir='ltr'>λοιπὰ</span> <span class='ocrx_word' id='word_1_734' title='bbox 3620 5386 3717 5452; x_wconf 77' lang='grc' dir='ltr'>τῆς</span> <span class='ocrx_word' id='word_1_735' title='bbox 3753 5385 4158 5453; x_wconf 79' lang='grc' dir='ltr'>Πελοποννήσου</span> <span class='ocrx_word' id='word_1_736' title='bbox 4220 5383 4428 5436; x_wconf 82' lang='grc' dir='ltr'>αὐτίκα</span> <span class='ocrx_word' id='word_1_737' title='bbox 4477 5393 4706 5453; x_wconf 58' lang='grc' dir='ltr'>χωρή-</span> 
     </span>
    </p>
   </div>
   <div class='ocr_carea' id='block_1_105' title="bbox 3075 5476 4704 5546">
    <p class='ocr_par' dir='ltr' id='par_1_105' title="bbox 3075 5476 4704 5546">
     <span class='ocr_line' id='line_1_105' title="bbox 3075 5476 4704 5546; baseline 0.002 -20"><span class='ocrx_word' id='word_1_738' title='bbox 3075 5494 3258 5528; x_wconf 85' lang='grc' dir='ltr'>σουσιν</span> <span class='ocrx_word' id='word_1_739' title='bbox 3316 5478 3486 5539; x_wconf 77' lang='grc' dir='ltr'>ἰόντες</span> <span class='ocrx_word' id='word_1_740' title='bbox 3528 5479 3585 5537; x_wconf 83' lang='grc' dir='ltr'><strong>ἐς</strong></span> <span class='ocrx_word' id='word_1_741' title='bbox 3631 5476 3850 5539; x_wconf 77' lang='grc' dir='ltr'>αὐτούς.</span> <span class='ocrx_word' id='word_1_742' title='bbox 3891 5477 3978 5540; x_wconf 87' lang='grc' dir='ltr'>Ὠς</span> <span class='ocrx_word' id='word_1_743' title='bbox 4021 5477 4077 5530; x_wconf 77' lang='grc' dir='ltr'><strong>δὲ</strong></span> <span class='ocrx_word' id='word_1_744' title='bbox 4129 5477 4590 5546; x_wconf 64' lang='grc' dir='ltr'>ἐπῳκοδόμησ-ὶν</span> <span class='ocrx_word' id='word_1_745' title='bbox 4645 5498 4704 5530; x_wconf 72' lang='grc' dir='ltr'><strong>ῖε</strong></span> 
     </span>
    </p>
   </div>
   <div class='ocr_carea' id='block_1_106' title="bbox 3069 5565 4705 5637">
    <p class='ocr_par' dir='ltr' id='par_1_106' title="bbox 3069 5565 4705 5637">
     <span class='ocr_line' id='line_1_106' title="bbox 3069 5565 4705 5637; baseline 0.001 -19"><span class='ocrx_word' id='word_1_746' title='bbox 3069 5567 3158 5619; x_wconf 81' lang='grc' dir='ltr'>τὸν</span> <span class='ocrx_word' id='word_1_747' title='bbox 3191 5567 3431 5637; x_wconf 85' lang='grc' dir='ltr'>Ἰσθμὸν,</span> <span class='ocrx_word' id='word_1_748' title='bbox 3461 5569 3556 5620; x_wconf 81' lang='grc' dir='ltr'>καὶ</span> <span class='ocrx_word' id='word_1_749' title='bbox 3581 5567 3738 5620; x_wconf 75' lang='grc' dir='ltr'>αὐτοὶ</span> <span class='ocrx_word' id='word_1_750' title='bbox 3767 5565 4128 5629; x_wconf 69' lang='grc' dir='ltr'>ἀναλαϐόντες</span> <span class='ocrx_word' id='word_1_751' title='bbox 4151 5568 4219 5619; x_wconf 68' lang='grc' dir='ltr'>τὰ</span> <span class='ocrx_word' id='word_1_752' title='bbox 4267 5565 4436 5632; x_wconf 79' lang='grc' dir='ltr'>ὅπλα,</span> <span class='ocrx_word' id='word_1_753' title='bbox 4487 5566 4658 5634; x_wconf 69' lang='lat' dir='ltr'><strong>ﬁsa;</strong></span> <span class='ocrx_word' id='word_1_754' title='bbox 4681 5593 4705 5612; x_wconf 74' lang='lat'><strong>~-</strong></span> 
     </span>
    </p>
   </div>
   <div class='ocr_carea' id='block_1_107' title="bbox 2675 5699 3376 5777">
    <p class='ocr_par' dir='ltr' id='par_1_107' title="bbox 2675 5699 3376 5777">
     <span class='ocr_line' id='line_1_107' title="bbox 2675 5699 3376 5777; baseline 0.006 -19"><span class='ocrx_word' id='word_1_755' title='bbox 2675 5699 2922 5759; x_wconf 61' lang='lat' dir='ltr'><strong>Notulae</strong></span> <span class='ocrx_word' id='word_1_756' title='bbox 2961 5700 3376 5777; x_wconf 80' lang='lat' dir='ltr'><strong>marginales.</strong></span> 
     </span>
    </p>
   </div>
   <div class='ocr_carea' id='block_1_108' title="bbox 1459 5825 2069 5897">
    <p class='ocr_par' dir='ltr' id='par_1_108' title="bbox 1459 5825 2069 5897">
     <span class='ocr_line' id='line_1_108' title="bbox 1459 5825 2069 5897; baseline 0.002 -18"><span class='ocrx_word' id='word_1_757' title='bbox 1459 5826 1577 5897; x_wconf 78' lang='grc' dir='ltr'>(Ιό)</span> <span class='ocrx_word' id='word_1_758' title='bbox 1607 5827 1693 5880; x_wconf 85' lang='lat' dir='ltr'><strong>Al.</strong></span> <span class='ocrx_word' id='word_1_759' title='bbox 1716 5825 2069 5894; x_wconf 79' lang='lat' dir='ltr'><strong>Epidaurum.</strong></span> 
     </span>
    </p>
   </div>
   <div class='ocr_carea' id='block_1_109' title="bbox 1427 5993 2448 6067">
    <p class='ocr_par' dir='ltr' id='par_1_109' title="bbox 1427 5993 2448 6067">
     <span class='ocr_line' id='line_1_109' title="bbox 1427 5993 2448 6067; baseline 0.004 -17"><span class='ocrx_word' id='word_1_760' title='bbox 1427 5998 1467 6026; x_wconf 74' lang='grc' dir='ltr'><strong>τ’</strong></span> <span class='ocrx_word' id='word_1_761' title='bbox 1506 5995 1572 6049; x_wconf 76' lang='lat' dir='ltr'><strong>In</strong></span> <span class='ocrx_word' id='word_1_762' title='bbox 1605 6014 1729 6064; x_wconf 77' lang='lat' dir='ltr'><strong>uno,</strong></span> <span class='ocrx_word' id='word_1_763' title='bbox 1766 5996 1925 6050; x_wconf 81' lang='grc' dir='ltr'>ἐλεῖν.</span> <span class='ocrx_word' id='word_1_764' title='bbox 2007 5997 2046 6028; x_wconf 68' lang='grc'><strong>⁷⁶</strong></span> <span class='ocrx_word' id='word_1_765' title='bbox 2081 5993 2145 6052; x_wconf 79' lang='lat' dir='ltr'><strong>In</strong></span> <span class='ocrx_word' id='word_1_766' title='bbox 2182 6014 2303 6065; x_wconf 80' lang='lat' dir='ltr'><strong>uno,</strong></span> <span class='ocrx_word' id='word_1_767' title='bbox 2340 5997 2448 6067; x_wconf 71' lang='grc' dir='ltr'>ηῐε.</span> 
     </span>
    </p>
   </div>
   <div class='ocr_carea' id='block_1_110' title="bbox 3169 5829 3629 5900">
    <p class='ocr_par' dir='ltr' id='par_1_110' title="bbox 3169 5829 3629 5900">
     <span class='ocr_line' id='line_1_110' title="bbox 3169 5829 3629 5900; baseline 0.004 -18"><span class='ocrx_word' id='word_1_768' title='bbox 3169 5829 3280 5900; x_wconf 84' lang='lat' dir='ltr'><strong>(l6)</strong></span> <span class='ocrx_word' id='word_1_769' title='bbox 3317 5829 3629 5884; x_wconf 86' lang='lat' dir='ltr'><strong>Lcontorio.</strong></span> 
     </span>
    </p>
   </div>
   <div class='ocr_carea' id='block_1_111' title="bbox 2531 5994 3143 6065">
    <p class='ocr_par' dir='ltr' id='par_1_111' title="bbox 2531 5994 3143 6065">
     <span class='ocr_line' id='line_1_111' title="bbox 2531 5994 3143 6065; baseline -0.002 -15"><span class='ocrx_word' id='word_1_770' title='bbox 2531 5998 2572 6029; x_wconf 75' lang='grc' dir='ltr'><strong>τ’</strong></span> <span class='ocrx_word' id='word_1_771' title='bbox 2601 5995 2664 6050; x_wconf 81' lang='lat' dir='ltr'><strong>In</strong></span> <span class='ocrx_word' id='word_1_772' title='bbox 2685 6011 2808 6065; x_wconf 81' lang='lat' dir='ltr'><strong>uno,</strong></span> <span class='ocrx_word' id='word_1_773' title='bbox 2843 5994 3143 6065; x_wconf 79' lang='grc' dir='ltr'>ὑπώρειαν.</span> 
     </span>
    </p>
   </div>
  </div>
