4866 6594
151 400 237 463 549

1219 402 1313 460 DE
1350 401 1595 461 REBUS
1626 401 1980 461 TURCICIS
2044 403 2189 463 LIB.
2234 403 2303 463 Χ.

3275 406 3379 467 550

149 519 195 573 ἐς
236 516 333 581 τὴν
362 514 645 583 Κόρινθον,
699 516 1082 585 ἐξηγουμένων
1147 517 1255 567 τῶν
1311 517 1612 585 Κορινθίων
1646 517 1701 577 ἐς
1732 524 1776 576 Α
1807 520 2071 571 :icceutler

1457 517 1612 567 νθίων
1646 517 1701 577 ἐς
1732 524 1776 576 Α
1807 520 2106 571 accendere
2132 526 2378 587 possent.
2435 516 2589 583 Quod
2651 517 2695 571 si
2749 516 3110 585 contingeret.
3142 518 3379 588 reliquas

147 612 231 673 τὴν
261 606 584 674 προσόολὴν,
618 608 943 675 τηλεϐόλους
981 625 1040 660 τε
1089 606 1429 659 καθίστασαν
1486 608 1539 666 ἐς
1607 606 1704 673 τὴν

147 700 451 766 ἀκρόπολιν,
484 700 579 750 καὶ
607 701 1040 767 προσεὸἀλλοντο
1077 699 1381 767 μαχόμενοι
1415 697 1581 761 ἀξίως
1619 700 1707 749 λό-

1089 792 1389 844 διεκώλυσέ
1424 809 1481 843 τε
1512 794 1705 853 αὑτοὺς

148 884 594 952 προκαθέζεσθαι.
668 887 774 936 Καὶ
838 887 1091 944 ἀπιόντες
1161 885 1430 949 ἐντεῦθεν,

148 977 429 1043 ἄπρακτοι.
474 975 560 1038 Ὠς
601 976 659 1027 δὲ
708 976 1023 1045 πιεζόμενοι
1066 979 1114 1028 οἱ
1147 976 1401 1028 Οὐενετοὶ
1460 976 1536 1045 τῷ
1594 992 1707 1045 χει-

152 1068 301 1137 μῶνι,
326 1070 579 1137 χαλεπῶς
602 1067 798 1136 ἕτερον
826 1068 922 1137 τὴν
955 1071 1012 1119 ἐν
1036 1067 1113 1137 τῷ
1144 1067 1345 1137 Ἰσθμῷ
1398 1068 1705 1135 διατριϐὴν,

149 1161 234 1210 καὶ
271 1158 397 1210 οὔτε
441 1160 469 1227 ὴ
505 1158 766 1228 Κόρινθος
821 1161 1186 1230 προσεχώρει,
1249 1159 1373 1211 οὔτε
1440 1160 1473 1230 ὴ
1516 1160 1710 1229 Ἀχαΐα

131 1252 447 1318 ἀφίστατο,
501 1251 869 1315 ὲπελάσαντος
936 1252 1128 1323 ἀνδρὸς
1188 1252 1394 1307 Ῥἀλεω
1469 1253 1710 1321 τοῦνομα

148 1344 425 1413 Ἕλληνος,
466 1346 559 1396 καὶ
585 1344 753 1397 αὐτοῦ
798 1345 1219 1416 τελευτήσαντος
1288 1345 1390 1398 ὑπὸ
1450 1344 1710 1415 Τούρκων

146 810 253 857 γον.
289 791 512 857 Χειμὼν
544 792 599 842 δὲ
634 794 1019 859 ἐπιγενόμενος

668 887 774 936 Καὶ
838 887 1091 944 ἀπιόντες
1161 885 1430 949 ἐντεῦθεν,
1503 884 1708 954 ᾤχοντο

144 1440 458 1505 ἐπεξιόντων
487 1457 543 1492 τε
572 1440 667 1492 καὶ
702 1440 1083 1509 ἀμυνομένων,
1116 1442 1212 1493 καὶ
1233 1439 1356 1492 οὔτε
1387 1439 1450 1508 δὴ
1477 1440 1643 1493 τᾶλλα
1660 1439 1708 1470 ⁸ο

144 1532 533 1602 προσεχώρησε
566 1550 742 1600 σφισι,
769 1531 909 1599 πλὴν
932 1533 1039 1586 τῶν
1066 1532 1165 1601 τὴν
1216 1533 1473 1603 Σπάρτην
1500 1531 1711 1584 οἰκούν-

141 1643 265 1689 των,
301 1625 756 1695 ἐξαπατηθέντων
789 1626 893 1679 ὑπὸ
926 1625 1188 1694 Ἕλληνος
1220 1626 1453 1687 νεανίου,
1505 1625 1710 1693 Γρίτζα

144 1719 374 1785 τοῦνομα
416 1719 649 1787 ἔχοντος.
707 1719 892 1772 Δεινόν
924 1736 981 1773 τε
1036 1718 1319 1771 ἐποιοῦντο
1375 1718 1712 1787 προσμένειν

140 1828 196 1861 τε
226 1811 375 1879 αὐτῷ
405 1812 484 1880 τῷ
513 1811 735 1881 Ἰσθμῷ,
764 1813 857 1863 καὶ
890 1812 1044 1864 οὐδέν
1078 1828 1130 1863 τι
1154 1810 1490 1880 πράττεσθαι
1523 1809 1711 1860 ἀνύον-

1809 606 2164 677 Peloponnesi
2218 611 2398 665 ‘urbes
2454 613 2637 664 statim
2693 612 3073 664 transitionem
3122 610 3381 667 Iactm‘as.

1810 700 1994 753 lsduui
2027 717 2184 754 muro
2221 702 2587 764 cxazditicato,
2618 702 2851 771 arreptis
2888 702 3055 756 armis
3087 705 3388 773 pergebant

1807 804 1996 844 contra
2044 793 2386 848 Corinthum.
2454 793 2832 848 Prmeuntibus
2891 795 3222 863 quibusdam
3280 797 3384 849 Co-

1808 885 2048 950 rinthiis,
2107 886 2521 941 Ostendentibus
2602 887 2823 939 ubinam
2904 886 3092 940 urbem
3165 889 3386 955 aggredi

1806 976 2086 1039 deberent,
2142 978 2468 1032 bombardas
2520 979 2797 1047 ponebant
2859 995 2922 1032 ex
2957 979 3191 1033 adverso
3219 981 3384 1042 arcis.

1810 1069 2069 1138 urbisque
2097 1070 2558 1138 (ippugnatioucm
2582 1071 3065 1141 aggrediehantur,
3113 1080 3387 1125 certantes

1811 1178 2004 1232 magna
2044 1176 2167 1217 eum
2210 1163 2404 1231 gloria.
2438 1162 2638 1217 Verum
2690 1166 2861 1217 hiems
2908 1165 3206 1229 frigoribus
3241 1166 3385 1218 iutu-

1811 1254 2053 1319 leranda,
2111 1269 2207 1308 eos
2268 1255 2335 1309 ab
2392 1254 2687 1309 obsidenda
2751 1256 2885 1308 urbe
2940 1256 3188 1309 abduxit.
3241 1255 3385 1321 Qua-

1810 1355 2031 1413 propter
2071 1345 2433 1409 discedentes,
2484 1346 2620 1401 nihil
2680 1355 2831 1399 tanto
2866 1363 3132 1415 apparatu
3163 1349 3385 1417 dignum

1809 1436 2054 1491 eﬂ‘ecere.
2096 1437 2287 1504 Itaque
2318 1435 2531 1502 Veneti,
2604 1440 2798 1493 hiemis
2860 1441 3143 1508 iniquitate
3192 1443 3385 1509 pri-ssi,

1811 1529 1995 1583 animo
2026 1529 2213 1597 iniquo
2254 1544 2462 1583 moram
2492 1531 2545 1585 in
2580 1531 2786 1585 Isthmo
2829 1532 3098 1587 ferebant.
3138 1534 3249 1587 Nec
3281 1534 3390 1588 Cu-

1810 1617 2026 1671 tinthus
2097 1618 2473 1673 transitionem
2532 1618 2683 1681 fecit,
2732 1636 2833 1674 nec
2890 1620 3093 1676 Achaia
3138 1623 3388 1687 descivit,

1811 1708 2061 1778 quamvis
2088 1710 2152 1763 ad
2198 1726 2293 1765 eos
2346 1712 2546 1766 missus
2581 1710 2722 1767 foret
2772 1716 2854 1767 vir
2912 1714 3135 1770 Graecus
3167 1720 3390 1771 nomine

1817 1804 2063 1871 ltacbes;
2110 1804 2203 1873 qui
2240 1805 2309 1859 ab
2354 1804 2551 1859 Turcis
2600 1808 3010 1875 egredientibus
3036 1819 3089 1863 et
3128 1811 3392 1865 resisten-

142 1921 235 1967 τας
274 1905 331 1965 ὲς
362 1904 460 1975 τὴν
490 1906 587 1973 τῆς
644 1904 1056 1971 Πελοποννήσου
1112 1905 1522 1975 καταστροφήν.
1583 1905 1709 1968 ’ίιγο
1745 1886 1783 1940 Β
1815 1899 1963 1952 tibus
2012 1900 2063 1952 iu

1476 1926 1522 1956 ν.
1583 1905 1709 1968 ἰιγ-
1745 1886 1783 1940 Β
1815 1899 1963 1952 tibus
2012 1897 2331 1955 interfectus
2384 1910 2489 1954 est.
2548 1898 2657 1954 Nec
2708 1902 2932 1970 reliqua:
2967 1904 3153 1965 urbes,
3199 1916 3392 1972 praelrr

140 1998 359 2060 γέλλετο
385 1999 440 2050 δὲ
475 2000 569 2049 καὶ
604 1997 1023 2067 Μαχουμούτης,
1058 2000 1083 2051 ὁ
1120 2000 1211 2049 τοῦ
1265 1997 1529 2065 βασιλέως
1578 1998 1706 2065 ἡγε-

143 2091 277 2154 μὼν,
307 2085 523 2161 στρατῴ
556 2092 779 2161 μεγάλῳ
811 2092 1034 2145 ἀπιέναι
1057 2092 1239 2159 σφίσιν
1259 2092 1314 2152 ὲς
1344 2088 1433 2141 τόν
1470 2089 1707 2156 Ἰσθμόν.

137 2183 271 2234 Μετ’
302 2183 363 2234 οὐ
386 2183 521 2235 πολὺ
543 2182 599 2235 δὲ
623 2184 715 2235 καὶ
744 2185 906 2245 αὐτὸς
952 2183 1206 2252 βασιλεὺς
1234 2181 1527 2249 ἠγγέλλετο
1556 2178 1713 2231 ἐλαύ-

137 2293 243 2327 νων
284 2276 378 2327 ἐπὶ
403 2275 493 2327 τὸν
527 2276 765 2346 Ἰσθμόν.
812 2277 1104 2344 Ἐγνωσάν
1157 2292 1217 2328 τε
1266 2274 1555 2326 ἀπολιπεῖν
1618 2273 1711 2325 τὸν

147 2367 389 2435 Ἰσθμὸν,
427 2368 578 2421 οὐδέν
612 2368 664 2421 τί
714 2385 898 2438 σφισιν
956 2369 1139 2431 αὐτοῖς
1184 2368 1492 2437 πρόσφορον
1523 2368 1578 2427 ἐς
1641 2368 1712 2417 τὰ

136 2461 408 2529 παρόντα,
449 2461 542 2512 καὶ
608 2462 786 2525 ἰόντας
832 2463 888 2524 ἐς
917 2463 1016 2522 τὰς
1057 2461 1260 2524 πόλεις,
1311 2462 1598 2531 κρατύνειν
1655 2477 1712 2512 τε

133 2555 331 2619 αὐτας,
360 2556 450 2605 καὶ
480 2554 792 2624 ἀμύνασθαι
817 2557 957 2607 κατᾶ
988 2557 1047 2607 τὸ
1076 2555 1361 2625 καρτερὸν,
1390 2556 1456 2623 ἦν
1488 2555 1713 2606 ἐπίωσιν

132 2649 180 2697 οἱ
215 2654 343 2715 περὶ
374 2649 778 2717 Μαχουμυύτην
808 2666 868 2700 τε
909 2651 1026 2718 ἃμα
1055 2649 1145 2701 καὶ
1205 2650 1256 2701 οἱ
1294 2650 1423 2717 περὶ
1462 2647 1706 2717 βασιλέα.

132 2760 260 2795 cum
302 2758 544 2797 exercitu
579 2746 995 2811 Macbumetem,
1023 2758 1094 2803 ~ut
1149 2746 1197 2799 ei
1242 2746 1489 2800 subsidio
1522 2745 1703 2797 venire
1744 2749 1946 2811 posset,
2012 2740 2057 2793 si
2146 2753 2237 2793 res
2294 2738 2610 2806 postularet,
2669 2740 2953 2809 subsequi.

1690 2846 1748 2889 ut
1821 2833 1980 2903 cujus
2035 2847 2230 2901 parvus
2300 2835 2349 2883 in
2411 2833 2825 2901 praesentiarum
2879 2844 3025 2888 esset
3099 2848 3252 2888 usus.
3306 2836 3399 2889 Di-

133 2840 325 2906 itaque
375 2855 570 2908 magno
639 2855 908 2893 consensu
988 2841 1243 2893 Isthmum
1311 2840 1595 2901 deserere,

1808 2007 1904 2046 eos
1932 1992 2024 2059 qui
2071 1991 2322 2061 Spartam
2352 1994 2686 2060 incolebant,
2721 1995 3053 2049 deditionem
3086 1996 3391 2058 faciebant:

1810 2101 1931 2139 nam
1973 2084 2257 2156 Spartanis
2305 2089 2616 2158 impositum
2650 2100 2769 2142 erat
2833 2090 2905 2143 ab
2955 2090 3156 2158 juvene
3203 2092 3392 2145 (ἔπιθι-υ

1809 2177 2032 2231 nomine
2064 2176 2269 2231 Gritza.
2309 2175 2531 2232 Venetis
2562 2180 2673 2245 jam
2703 2179 2882 2233 omnis
2916 2195 3067 2234 mora
3100 2182 3150 2233 in
3189 2181 3393 2236 Isthmo

1810 2269 2154 2324 intoleranda
2216 2280 2357 2333 erat,
2416 2284 2541 2324 cum
2604 2270 2851 2325 viderent
2900 2287 2958 2326 se
3018 2273 3391 2343 nequidquam

1820 2365 2089 2427 laborare,
2122 2372 2179 2417 ut
2213 2361 2623 2428 Peloponnesus
2671 2365 3057 2434 subjiceretur.
3092 2363 3394 2420 Nuntiaba-

1823 2469 1911 2512 tur
1942 2458 2146 2513 interea
2184 2458 2556 2512 Maclmmetes
2602 2458 2783 2528 regius
2839 2459 3125 2529 praefectus
3185 2462 3397 2528 magnis

1823 2549 1995 2616 copiis
2044 2548 2369 2612 instructus,
2401 2548 2451 2601 in
2490 2546 2755 2603 Isthmum
2789 2550 3140 2613 contendere,
3177 2552 3396 2620 spirans

1815 2641 1991 2696 caedes
2029 2639 2381 2694 Venetorum.
2440 2638 2616 2693 Etiam
2673 2640 2815 2694 fama
2874 2642 3171 2707 ferebatur,
3216 2657 3395 2711 regem

3032 2739 3331 2810 Decrevcru
3343 2751 3400 2794 nt

128 2935 313 3001 gressi
340 2934 543 2987 Isthmo
604 2937 1005 2989 contendebant
1085 2936 1138 2989 iu
1186 2936 1370 2997 urbes,
1414 2950 1547 3004 quas
1630 2933 1894 3003 praesidiis
1963 2930 2428 2999 munimentisque
2487 2931 2607 2985 aliis
2658 2932 2969 2998 firmabant,
3028 2944 3086 2987 ut
3134 2935 3275 3004 regis
3345 2947 3400 2993 ct

132 3030 499 3085 Macbumetis
544 3034 671 3095 vim,
721 3033 763 3085 si
825 3034 1145 3085 accederent
1206 3033 1525 3101 prepulsare
1580 3042 1823 3100 possent.

210 3126 301 3188 Ὠς
328 3126 435 3194 γὰρ
469 3126 695 3193 ἀγγελία
726 3126 957 3193 ἀφίκετο
990 3126 1221 3194 βασιλεῖ,
1249 3128 1376 3189 τούς
1406 3127 1702 3187 Οὑενετοὺς

130 3221 403 3287 τειχίζειν
433 3236 488 3270 τε
515 3217 605 3270 τὸν
643 3219 875 3287 Ἰσθμὸν,
913 3218 1308 3285 πληρώσαντας
1355 3221 1599 3288 τριήρεις
1651 3218 1706 3279 ἐς

1887 3124 1996 3176 Rex
2046 3122 2135 3176 ubi
2187 3121 2351 3193 299
2389 3123 2644 3192 cognovit
2696 3121 2932 3177 Venetos
2960 3140 3117 3179 muro
3164 3127 3400 3182 circum-

1815 3214 2036 3267 venisse
2068 3214 2331 3265 Isthmum
2364 3222 2416 3265 et
2444 3214 2701 3279 implesse
2727 3214 2979 3269 triremes
3012 3218 3396 3287 quadraginta,

128 3315 574 3381 τεσσαράκοντα,
639 3313 781 3380 νηῶν
828 3312 881 3363 δὲ
938 3311 1147 3380 ὑψηλὰς
1212 3311 1557 3375 δυοκαίδεκα,
1617 3298 1781 3361 καιὶο
1816 3318 1869 3359 et
1909 3321 2045 3359 nave

1474 3328 1557 3375 κα,
1617 3310 1712 3361 καὶ
1740 3298 1781 3353 C
1816 3318 1869 3359 et
1909 3321 2075 3359 naves
2118 3306 2256 3359 altas
2294 3305 2606 3370 duodecim,
2654 3315 2915 3375 praeterea
2965 3322 3202 3364 armatos
3233 3311 3396 3365 Italus

126 3407 367 3465 ὁπλίτας
396 3405 769 3474 ἐπαγομένους
803 3404 909 3456 ἀπὸ
966 3402 1215 3465 Ἰταλίας,
1270 3406 1363 3458 καὶ
1411 3402 1516 3455 ἀπὸ
1567 3402 1712 3470 Κρή-

127 3518 236 3566 της
266 3501 499 3567 στρατὸν
521 3498 702 3557 ἄλλον,
740 3497 992 3565 μεγάλως
1029 3496 1559 3562 παρασκευάσασθαι
1616 3495 1715 3546 αὐ-

128 3591 266 3651 τοὺς
304 3592 359 3649 ὲς
379 3591 477 3655 τὴν
507 3591 605 3655 τῆς
662 3590 1073 3656 Πελοποννήσου
1124 3588 1531 3655 καταστροφὴν,
1573 3588 1716 3654 πέμ-

127 3703 265 3737 πειν
310 3682 717 3751 Μαχουμούτην
743 3681 1244 3751 συμπαραλαϐόντα
1276 3682 1366 3731 τὸν
1402 3681 1500 3748 τῆς
1530 3680 1717 3747 Εὐρώ-

127 3792 250 3837 πης
278 3775 533 3840 στρατὸν,
561 3770 701 3841 πλὴν
726 3772 833 3823 τῶν
869 3771 1003 3840 πρὸς
1025 3772 1150 3831 τοὺς
1185 3770 1417 3829 Παίονας
1447 3767 1717 3837 τεταγμέ-

126 3884 267 3929 νων,
325 3863 569 3916 ἐλαύνειν
615 3863 743 3915 εὐθὺ
775 3863 1210 3930 Πελοποννήσου.
1247 3862 1359 3915 και
1396 3864 1441 3913 εί
1499 3861 1597 3928 μέν
1634 3877 1716 3912 τοι

123 3958 309 4017 αὐτὸς
344 3950 453 4016 οἷος
485 3954 680 4006 ἁνύσαι
708 3957 762 4015 ἐς
795 3940 884 4005 τὸν
920 3954 1055 4022 πρὸς
1103 3955 1399 4015 Οὑενετοὺς
1460 3952 1716 4020 πόλεμον,

127 4048 398 4101 καθελεῖν
424 4063 479 4098 τε
504 4046 593 4098 τὸν
626 4045 864 4113 Ἰσθμὸν,
892 4046 986 4095 καὶ
1020 4044 1269 4096 ἐσϐαλεῖν
1292 4043 1411 4112 ἅμα
1470 4044 1568 4111 τὴν
1620 4043 1718 4093 Πε-

122 4142 475 4209 ὶοπόννησον
512 4157 527 4172 ·
551 4140 599 4191 εἰ
630 4139 685 4191 δὲ
724 4140 820 4207 μὴ,
848 4140 941 4189 καὶ
971 4136 1119 4202 αὐτῷ
1137 4136 1473 4207 ἀπαγγέλλῃ,
1508 4135 1550 4166 ⁸³
1578 4133 1719 4187 ὥστε

120 4236 290 4285 πατὰ
339 4232 811 4293 πόδαςὲλαύνειν.
876 4231 935 4280 Ὀ
984 4228 1080 4295 μὲν
1113 4227 1222 4278 τῶν
1257 4228 1438 4297 θυρῶν
1499 4226 1720 4295 ἡγεμὼν

114 4324 554 4393 Ῐιιαχουμούτης
579 4321 911 4390 παραλαϐὼν
958 4320 1050 4371 τὸν
1089 4318 1191 4383 τῆς
1234 4316 1505 4386 Εὐρώπης
1561 4334 1720 4387 στρα-

106 4419 254 4479 τὸν,
296 4406 465 4483 ἤλασε
499 4418 661 4483 μέχρι
694 4412 1011 4473 Θετταλίας,
1046 4411 1103 4473 ἐς
1146 4411 1392 4478 Πηνειὸν,
1421 4412 1722 4480 καὶέστρα-

98 4508 475 4562 τοπεδεύετο
529 4505 679 4574 παρά
706 4505 957 4575 Λαρίσσῃ
988 4505 1051 4572 τῇ
1090 4501 1265 4555 πόλει.
1321 4502 1616 4569 Συμὸούλῳ
1665 4502 1722 4554 δὲ

90 4600 351 4666 ἐχρῆτο
418 4598 515 4664 μὲν
566 4596 779 4663 Ὀμάρῃ
846 4593 921 4661 τῷ
985 4591 1349 4659 Τουραχάνεω
1422 4592 1721 4652 Θετταλίας

90 4695 405 4761 ὑπάρχῳ.
435 4688 806 4755 Ἀπετρέπετο
831 4686 889 4738 δὲ
923 4686 999 4753 μὴ
1031 4686 1085 4746 ἐς
1113 4686 1175 4735 τὸ
1228 4684 1415 4752 πρόσω
1449 4683 1715 4749 ἐλαύνειν,

73 4785 284 4841 ἀλλὰ
316 4782 526 4847 βασιλεί
557 4778 931 4847 ἀναγγέλλειν,
954 4777 1026 4839 ὡς
1058 4777 1091 4845 ή
1139 4775 1457 4845 παρασκευὴ
1517 4776 1718 4843 μείζων

74 4882 151 4946 ἢ
198 4877 353 4927 κατὰ
374 4876 463 4925 τὸν
495 4871 759 4941 βασιλέως
784 4870 1047 4938 ἡγεμόνα.
1082 4868 1249 4928 Αὐτὸς
1295 4871 1403 4935 γὰρ
1458 4867 1721 4934 στρατεύο

74 4989 283 5045 ματι
344 4969 582 5037 πρόσθεν
641 4966 920 5032 ἐγγύτατα
972 4964 1065 5016 τοῦ
1119 4962 1336 5027 Ἰσθμοῦ
1364 4965 1717 5031 ἀφικόμενος,

60 5088 129 5122 τ
150 5063 474 5134 ηλεὸόλους
496 5076 554 5112 τε
583 5059 807 5128 ἀφεώρα
838 5056 1055 5119 πλείους
1077 5056 1111 5123 ἢ
1148 5056 1462 5124 δισχιλίους,
1504 5059 1595 5107 καὶ
1618 5071 1717 5121 τη-

50 5156 467 5218 λεΰολιστὰς
494 5151 905 5218 τετρακοσίους,
938 5151 1035 5201 καὶ
1085 5147 1329 5213 τοξότας,
1381 5150 1473 5199 καὶ
1521 5147 1721 5199 πελταο

44 5253 302 5313 στας,
337 5248 430 5297 καὶ
462 5245 650 5315 μηδενὶ
693 5245 889 5304 αὐτοὺς
930 5240 1094 5294 αὑτοῦ
1121 5243 1176 5292 ἐν
1207 5241 1282 5309 τῲ
1338 5240 1542 5311 Ἰσθμῷ
1600 5244 1719 5293 ἐπι-

24 5346 349 5416 τρέψαι
374 5339 437 5390 ἂν
456 5334 1036 5405 στρατοπεδεύσασθαι.

1816 3400 2134 3461 adduxisse,
2181 3408 2235 3451 ct
2287 3402 2355 3451 ab
2385 3398 2544 3453 Creta
2594 3400 2761 3453 alium
2818 3401 3145 3465 exercitum,
3197 3407 3397 3474 quibus

1817 3493 2073 3545 omnibus
2095 3490 2240 3552 freti,
2278 3492 2329 3544 id
2356 3493 2575 3545 unicmn
2625 3502 2935 3559 spectarent
2964 3504 3023 3548 ut
3056 3494 3399 3565 Peloponne—

1817 3602 1939 3639 sum
1977 3586 2323 3655 subigerent;
2359 3586 2500 3639 haud
2545 3586 2780 3655 amplius
2812 3590 3183 3643 cunctandum
3217 3600 3394 3656 ratus,

1820 3682 2217 3733 Maeliumetem
2271 3678 2439 3748 jussit
2490 3681 2739 3749 accipere
2790 3679 3019 3750 Eumpre
3070 3686 3396 3747 exercitum,

1819 3781 2014 3839 prmter
2067 3785 2191 3823 eum
2246 3770 2338 3838 qui
2401 3768 2753 3826 Paunonibus
2809 3772 3094 3842 oppositus
3139 3785 3279 3840 erat,
3348 3789 3401 3831 et

1821 3874 1969 3918 recta
2010 3863 2281 3933 proficisci
2328 3863 2380 3915 in
2418 3863 2877 3933 Peloponnesum.
2926 3865 3191 3921 Przeterea
3233 3869 3398 3937 impc-

1822 3964 1924 4020 rat,
1960 3955 2005 4010 si
2040 3956 2168 4024 quid
2206 3962 2387 4024 posset
2422 3955 2635 4011 ellicere
2668 3944 2721 4010 in
2748 3957 2891 4011 bello
2923 3968 3108 4013 contra
3141 3958 3396 4023 Venetos,

1820 4046 2125 4102 eniteretur
2144 4048 2429 4103 destruere
2463 4046 2753 4113 Isthmum,
2802 4058 2856 4102 et
2905 4050 3104 4103 deinde
3133 4049 3396 4119 irruptio-

1821 4152 1942 4189 ncm
1981 4138 2033 4191 in
2077 4136 2509 4207 Peloponnesum
2551 4137 2749 4191 facere.
2789 4137 2944 4202 Quod
2977 4138 3025 4193 si
3058 4139 3171 4191 haec
3206 4154 3397 4207 parum

1824 4230 2201 4297 procederent,
2254 4246 2312 4285 se
2358 4231 2823 4285 succenturiatum
2865 4229 3025 4296 fore;
3073 4240 3127 4283 et
3176 4232 3220 4284 si
3270 4234 3400 4301 quid

1822 4321 2186 4385 renuntiaret,
2229 4322 2491 4377 continuo
2524 4322 2577 4375 in
2612 4322 2803 4376 iisdem
2857 4322 3100 4393 vestigiis
3133 4324 3395 4377 subsecat-

1823 4426 2027 4470 turum.
2078 4413 2447 4470 Machumetes
2498 4415 2791 4485 januarnm
2829 4414 2937 4469 dux
2994 4431 3117 4469 cum
3175 4415 3400 4484 Enropm

1821 4509 2063 4565 exercitu
2115 4506 2399 4577 proiectus
2456 4516 2540 4562 est
2590 4506 2647 4561 in
2705 4506 3041 4561 Thessaliam
3111 4524 3283 4577 usque
3335 4512 3400 4561 ad

1826 4601 2082 4655 Peineum
2112 4600 2245 4667 (ΓΙ),
2279 4608 2333 4653 et
2354 4608 2531 4653 castra
2562 4613 2732 4668 prope
2767 4597 3043 4652 Larissam
3078 4599 3265 4652 urbem
3310 4614 3405 4666 po-

1826 4692 1954 4746 suit.
1992 4692 2068 4745 En
2100 4692 2154 4745 in
2192 4692 2333 4745 bello
2371 4691 2690 4745 consiliario
2727 4691 2980 4745 utebatur
3006 4690 3203 4746 Omare
3234 4691 3400 4769 Thes-

1826 4784 1975 4839 saliae
2025 4785 2299 4853 praefecto,
2338 4785 2429 4852 qui
2468 4780 2796 4837 Machumeti
2833 4784 3154 4837 consulebat
3185 4794 3244 4837 ut
3274 4787 3402 4839 sub-

1826 4876 2069 4939 sisteret,
2127 4888 2225 4927 nec
2284 4874 2513 4927 ulterius
2547 4882 2821 4939 moveret;
2869 4874 2963 4929 sed
2994 4875 3404 4945 regisignilica-

1828 4976 1935 5029 ret,
1986 4966 2108 5021 belli
2165 4967 2359 5019 molem
2419 4967 2681 5037 majorem
2737 4968 3073 5036 impendere,
3107 4984 3271 5038 quam
3313 4976 3399 5024 cui

1827 5061 2007 5128 regius
2034 5058 2140 5110 dux
2172 5056 2423 5111 sufficere
2453 5058 2536 5110 vel
2574 5072 2672 5125 par
2722 5073 2848 5111 esse
2882 5059 3073 5127 possit.
3108 5056 3243 5111 Nam
3274 5076 3397 5113 cum

1826 5153 1988 5219 paulo
2015 5159 2139 5203 ante
2167 5165 2329 5219 quam
2381 5150 2627 5217 proxime
2678 5150 2743 5203 ad
2798 5148 3065 5204 Isthmqu
3092 5152 3404 5217 speculator

1828 5242 2169 5307 accessisset,
2243 5241 2573 5296 bombardas
2652 5241 3000 5309 conspicatus
3072 5252 3157 5296 est
3219 5242 3403 5310 plures

1826 5349 1987 5403 quam
2022 5334 2105 5388 bis
2143 5334 2333 5397 .mille,
2377 5344 2637 5403 prazterea
2682 5332 3094 5389 bombardarios
3138 5334 3372 5403 quadrin

22 5448 620 5517 Etemognecnon
651 5432 958 5499 sagittarios
987 5440 1039 5484 ct
1090 5428 1393 5497 scutigeros
1426 5428 1582 5492 vidit,
1616 5428 1707 5495 qui
1782 5426 1925 5482 haud
1992 5428 2152 5484 facile
2210 5433 2464 5501 cuiquam
2541 5430 2858 5485 concessuri
2928 5431 3037 5485 sint
3103 5441 3285 5484 castra
3345 5430 3399 5484 in

10 5550 65 5602 ι
98 5537 365 5596 διιηυη
388 5533 583 5583 locare.

1427 5641 1671 5702 Notulze
1713 5645 2120 5723 marginales.

204 5753 336 5826 (17)
361 5752 610 5808 Pindum.

200 5871 269 5903 ⁸⁸
297 5870 376 5923 Τὰ
406 5870 560 5925 ἄλλα.
601 5867 685 5921 Sx
716 5869 871 5921 etiam
912 5864 973 5920 ll.
1012 5867 1054 5897 “
1098 5864 1507 5931 Ἀπαγγέλλειν.
