4866 6594
1353 525 1452 590 551
2513 510 2820 573 LAONICI
2858 509 3517 573 CHALCOCONDYLx’E
4488 512 4593 576 552

1427 640 1548 696 Haec
1597 654 1719 694 cum
1766 636 2066 706 accepisset
2095 631 2241 703 regis
2278 631 2409 697 dux,
2467 630 2644 685 visum
2693 639 2777 684 est
2808 627 2918 696 regi
2948 626 2996 687 Α
3093 629 3279 684 Ταῦτα
3324 631 3349 683 ἁ

2693 639 2777 684 est
2808 627 2918 696 regi
2948 626 2996 687 Α
3093 629 3279 684 Ταῦτα
3324 631 3637 683 ἀκούσαντα
3673 630 3767 681 τὸν
3807 625 4072 697 βασιλέως
4103 627 4368 698 ἡγεμόνα,
4416 629 4594 684 ἐδόκει

1352 733 1599 787 indicare
1656 739 1715 784 ut
1776 728 2214 797 Peloponnesum
2249 722 2576 792 opprimeret
2626 737 2642 774 :
2684 735 2744 775 se
2799 732 2926 773 vero
3031 721 3243 793 βασιλεῖ

2684 735 2744 775 se
2799 732 2926 773 vero
3031 721 3243 793 βασιλεῖ
3297 723 3395 790 μὲν
3447 721 3938 790 καταλαμϐάνοντα
4017 721 4118 791 τὴν
4187 721 4597 792 Πελοπόννησον

1355 825 1744 896 profectionem
1802 820 2029 874 ulterius
2083 815 2327 870 facturos
2379 812 2669 868 Lebadiam
2733 826 2926 879 usque.
3027 814 3277 882 ἀπαγγέλ

2733 826 2926 879 usque.
3027 814 3416 882 ἀπαγγέλλειν,
3454 813 3648 876 αὐτοὺς
3678 813 3735 865 δὲ
3766 811 4198 876 ἀναζεύξαντας.
4247 812 4382 866 ίέναι
4432 816 4491 875 ἐς
4535 815 4598 865 τὸ

1358 921 1592 974 Nuntius
1627 919 1788 986 igitur
1819 914 1885 968 ad
1939 927 2119 981 regem
2157 908 2323 971 venit,
2362 906 2454 976 qui
2515 904 2800 958 nuntiabat
2833 919 2930 971 ap-
3030 909 3240 978 πρόσω,
3278 964 3280 971 ι

2676 904 2800 958 abat
2833 919 2930 971 ap—
3030 909 3240 978 πρόσω,
3278 909 3346 972 ,ἐς
3394 906 3681 960 Λεϐαδίαν.
3739 907 4002 968 Βασιλεὺς
4058 909 4178 972 μὲν,
4237 907 4312 970 ὡς
4369 907 4598 972 ἀγγελία

1356 1024 1601 1083 paratqu
1639 1009 1762 1063 belli
1785 1023 1905 1061 csse
1932 1017 2188 1073 magnum
2212 1013 2265 1054 et
2298 997 2729 1052 memorabilem.
2763 995 2932 1052 Litte-
3029 1001 3178 1072 αὐτῷ
3205 1003 3278 1069 ἀφ

2677 1013 2729 1050 n.
2763 995 2932 1052 Litte-
3029 1001 3178 1072 αὐτῷ
3205 1003 3452 1069 ἀφίκετο,
3481 1004 3580 1070 τήν
3618 1017 3678 1052 τε
3703 1002 4062 1072 παρασκευὴν
4099 1003 4342 1071 μεγάλην
4364 1019 4420 1052 τε
4459 994 4599 1052 εἶναι

1357 1121 1428 1158 τεο
1465 1105 1629 1156 etiam
1672 1100 1740 1153 ab
1769 1098 2150 1162 Peloponneso
2181 1091 2354 1144 allatae
2386 1098 2534 1153 sunt,
2573 1087 2769 1157 quibus
2800 1089 2932 1143 inci-
3033 1096 3124 1149 καὶ
3148 1096 3279 1164 ἀξιό;

2677 1088 2769 1141 bus
2800 1089 2932 1143 inci-
3033 1096 3124 1149 καὶ
3148 1096 3436 1165 ἀξιόχρεω,
3477 1096 3522 1128 ⁸³
3582 1095 3799 1160 λέγεται
3839 1095 3896 1148 δι
3953 1096 4103 1164 αὐτῷ
4133 1096 4228 1148 καὶ
4289 1096 4599 1164 γράμματα

1359 1199 1430 1248 tat
1454 1207 1593 1255 atur,
1633 1202 1687 1245 ut
1723 1208 1847 1244 cum
1881 1188 2056 1256 c0piis
2077 1185 2340 1240 accedere
2379 1189 2679 1236 maturaret
2709 1195 2722 1230 :
2757 1177 2932 1233 Vene-
3035 1184 3214 1241 emero
3241 1188 3274 1237 ἀ

2674 1219 2679 1234 .
2709 1195 2722 1230 :
2757 1177 2932 1233 Vene-
3035 1184 3214 1241 ἐλθεῖν
3241 1186 3348 1239 ἀπὸ
3374 1187 3808 1256 Πελοποννήσου,
3840 1187 4230 1256 ἐποτρύνοντα,
4254 1187 4327 1241 ὡς
4351 1188 4417 1256 ἢν
4445 1189 4596 1257 ἐπίῃ,

1359 1299 1440 1341 tos
1470 1286 1616 1339 enim
1643 1283 1763 1352 ejus
1791 1282 2075 1334 adventum
2114 1290 2461 1345 nequaquam
2493 1281 2926 1341 exspectaturos.
3031 1280 3094 1332 οὐ
3159 1297 3281 1347 μενε

2679 1281 2926 1327 :taturos.
3031 1280 3094 1332 οὐ
3159 1279 3415 1347 μενοῦσιν
3450 1281 3614 1331 αὐτὸν
3664 1282 3888 1332 ἐπιόντα
3927 1281 3975 1331 οἱ
4012 1281 4270 1332 Οὐενετοὶ
4298 1282 4367 1332 τὰ
4416 1282 4601 1348 γράμ-

1361 1381 1588 1433 “um...
1626 1380 1721 1431 [ms
1751 1376 1814 1429 ad
1849 1389 1973 1426 eum
2009 1370 2233 1440 pertulit
2269 1370 2349 1419 vir
2403 1365 2622 1432 quidam
2665 1365 2930 1426 Albanus,
3036 1387 3182 1440 ματα
3216 1373 3283 1423 ένι

2673 1365 2930 1426 Albanus,
3036 1387 3182 1440 ματα
3216 1370 3438 1437 ἐνέγκαι
3467 1371 3618 1441 αὐτῷ
3649 1373 3819 1442 ἄνδρα
3867 1373 4128 1426 Ἀλϐανὸν
4161 1375 4271 1425 ἀπὸ
4303 1374 4595 1442 Κορίνθου.

1358 1473 1451 1542 qui
1476 1472 1542 1523 ah
1572 1469 1834 1523 Corintho
1865 1477 2026 1518 noctu
2052 1463 2288 1523 solvens,
2313 1457 2512 1527 scapha
2545 1457 2756 1527 traiecit
2785 1471 2935 1511 mare
3036 1464 3237 1530 σκάφει
3276 1484 3280 1494 ·

2677 1458 2756 1511 cit
2785 1471 2935 1511 mare
3036 1464 3237 1530 σκάφει
3276 1464 3336 1516 τὸ
3371 1464 3605 1530 πέλαγος
3659 1467 3855 1526 νυκτὸς
3895 1471 4206 1535 τηρήσαντα
4238 1466 4484 1534 πνεῦμα,
4525 1467 4599 1528 ὡς

1360 1567 1658 1618 observans
1703 1558 1868 1610 maris
1924 1553 2394 1621 tranquillitatem,
2427 1559 2482 1604 et
2507 1560 2696 1604 ventos
2734 1563 2932 1602 secun-
3033 1552 3198 1623 οὖρον
3228 1573 3282 1608 κε

2677 1566 2696 1602 s
2734 1563 2932 1602 8801111-
3033 1552 3198 1623 οὓρου
3228 1559 3667 1626 κατασταμένου,
3696 1560 3794 1611 καὶ
3829 1561 4018 1623 νυκτὸς
4049 1560 4378 1629 ἀπαίροντα,
4407 1560 4599 1611 διαπεο

1361 1660 1483 1718 dos,
1526 1653 1666 1708 etin
1730 1650 1994 1704 Baeotiam
2037 1646 2268 1714 appulit.
2337 1643 2474 1698 Ilinc
2505 1657 2756 1712 egressus
2808 1640 2930 1694 navi
3037 1645 3283 1716 ραιώσασ

2679 1657 2756 1695 ills
2808 1640 2930 1694 IIaVi
3037 1645 3376 1716 pertinacem.
3406 1649 3462 1709 ἐς
3493 1647 3779 1711 Βοιωτίαν,
3808 1650 4089 1703 ἀποϐάντα
4119 1650 4415 1720 ἀφικέσθαι
4453 1651 4601 1718 παρᾶ

1361 1752 1506 1802 venit
1535 1747 1598 1798 ad
1629 1744 2027 1798 Machumctent
2081 1740 2132 1792 in
2162 1736 2521 1792 Thessaliam.
2565 1733 2932 1787 Machumetcs
3033 1738 3283 1807 Μαχουμι

2679 1734 2932 1786 Ιιυιηοιος
3033 1738 3439 1807 Μαχουμούτην
3477 1741 3530 1801 ἐς
3563 1739 3884 1796 Θετταλίαν.
3919 1743 4024 1794 Τὸν
4053 1744 4110 1796 δὲ
4150 1743 4601 1812 ἐπιφρασάμενον

1361 1857 1484 1895 cum
1515 1840 1722 1892 litteras
1769 1835 2008 1904 legisset,
2043 1832 2096 1885 in
2158 1829 2594 1898 Peloponnesum
2643 1825 2792 1879 abire
2821 1832 2932 1878 sta-
3030 1830 3098 1881 τὰ
3122 1831 3283 1898 γράμι

2680 1825 2792 1879 bire
2821 1832 2932 1878 sta-
3030 1830 3098 1881 τὰ
3122 1831 3443 1899 γράμματα,
3468 1833 3941 1903 συσκευασάμενον
3964 1835 4210 1889 ἐντεῦθεν
4233 1838 4290 1898 ἐς
4317 1837 4379 1888 τὸ
4413 1836 4602 1906 πρόσω

1364 1932 1487 1986 tuit.
1526 1931 1629 1985 Ubi
1662 1929 1806 1981 venit
1830 1928 1882 1978 in
1929 1926 2046 1977 loca
2084 1921 2304 1976 [30301522
2346 1919 2647 1989 propinqua
2705 1917 2932 2025 accessit
2963 1965 3008 2025 Β
3037 1922 3284 1975 ἐλαύνειν

2705 1917 2932 1971 accessit
2963 1965 3008 2025 Β
3037 1922 3304 1986 ἐλαύνειν,
3340 1923 3611 1978 ἐλάσαντα
3643 1925 3811 1994 ἀγχοῦ
3851 1927 4134 1988 Βοιωτίας,
4158 1931 4471 1995 ἀφικνεῖται
4499 1930 4602 1996 ἀγ-

1361 2026 1588 2079 nnntius
1652 2021 1745 2089 qui
1805 2018 2110 2080 referebat,
2167 2013 2422 2075 Venetos,
2461 2010 2650 2066 relicto
2705 2009 2932 2074 Isthmo,
2963 2009 3007 2025 ⁸¹
3036 2014 3211 2082 γελία.
3245 2015 3283 2067 ὠ

2705 2009 2932 2074 Isthmo,
2963 2009 3007 2025 “’
3036 2014 3211 2082 γελία.
3245 2015 3319 2079 ὡς
3353 2017 3609 2070 Οὑενετοὶ
3652 2018 3742 2071 τόν
3794 2037 3855 2072 τε
3920 2020 4138 2087 Ἰσθμὸν
4198 2020 4599 2081 ἐκλελοιπότες,

1364 2117 1488 2185 fuga
1519 2113 1707 2166 dilabi.
1742 2110 2000 2165 Collectis
2026 2111 2207 2177 itaque
2237 2100 2495 2161 omnibus
2518 2105 2587 2159 ab
2614 2103 2934 2157 Plataearum
3034 2106 3242 2176 ᾤχοντο
3275 2125 3286 2159 ς

2681 2113 2934 2156 ataaarum
3034 2106 3242 2176 ᾤχοντο
3275 2106 3588 2175 φεύγοντες.
3625 2109 3785 2161 Οὕτω
3818 2109 3881 2179 δὴ
3912 2110 4149 2179 ἑσπέρας
4187 2108 4235 2141 ⁸⁸
4261 2110 4452 2178 οὔσης,
4514 2127 4603 2162 συ-

1361 2208 1582 2275 regionc
1612 2204 1960 2258 Citheronem
2004 2200 2250 2263 veniens,
2287 2213 2449 2268 quem
2494 2205 2657 2251 noctu
2713 2209 2936 2264 supera-
3037 2199 3280 2251 σκευασά

2713 2209 2936 2264 supera-
3037 2199 3441 2266 σκευασάμενος
3463 2201 3570 2252 ἀπὸ
3597 2200 3694 2268 τῆς
3732 2201 4008 2263 Πλαταίας
4037 2200 4218 2270 χώρας
4240 2200 4378 2269 πρὸς
4406 2200 4602 2253 Κιθαι-

1365 2300 1465 2362 vit,
1520 2296 1691 2364 prima
1752 2294 1873 2347 luce
1937 2295 1992 2346 in
2054 2291 2264 2346 lstluno
2296 2300 2463 2344 erat:
2503 2299 2558 2342 et
2603 2285 2934 2342 Venetorum
3039 2292 3186 2362 ρῶνα
3215 2308 3287 2342 νυε

2688 2296 2934 2341 netorum
3039 2292 3186 2362 ρῶνα
3215 2292 3407 2353 νυκτὸς
3434 2291 3841 2359 διαπορευθεὶς,
3896 2294 4068 2347 ἔωθεν
4117 2295 4175 2355 ἐς
4233 2294 4325 2346 τὸν
4392 2291 4605 2362 Ἰσθμὸν

1371 2405 1532 2444 naves
1564 2390 1616 2441 in
1642 2403 1788 2442 mare
1818 2387 2081 2441 deductas
2111 2381 2606 2450 contemplabatur.
2642 2379 2936 2435 lnveniens
3039 2383 3222 2452 παρῆν
3243 2398 3257 2412 ο
3286 2400 3293 2434 :

2681 2379 2936 2435 inveniens
3039 2383 3222 2452 παρῆν
3243 2398 3257 2412 ·
3286 2385 3380 2438 καὶ
3429 2384 3528 2445 τάς
3558 2401 3616 2436 τε
3649 2385 3784 2453 νῆας
3818 2385 4040 2455 ἀφεώρα
4082 2387 4183 2456 ἤδη
4217 2388 4603 2456 ἀπαγομένας,

1363 2495 1547 2538 autem
1591 2480 1857 2535 Isthmum
1891 2480 1959 2532 ab
2014 2476 2236 2532 Venetis
2295 2477 2601 2540 desertum,
2659 2475 2935 2542 ingressus
3037 2476 3131 2528 καὶ
3159 2475 3285 2528 τὸν⁴

2684 2488 2935 2542 ngressus
3037 2476 3131 2528 καὶ
3159 2475 3252 2528 τὸν
3282 2474 3495 2544 Ἰσθμὸν
3528 2477 3734 2545 ἔρημον
3766 2476 4103 2543 καταλαϐὼν,
4134 2479 4606 2547 παρελθὼνέῐσω,

1365 2575 1564 2630 ibidem
1598 2580 2016 2629 castrametatus
2067 2580 2174 2624 est.
2232 2568 2432 2624 Deinde
2482 2582 2578 2638 per
2607 2563 2934 2621 Corinthum
3037 2569 3287 2639 ἐστρατοσ

2683 2566 2934 2621 τὶιιιΙιυηι
3037 2568 3544 2639 ἐστρατοπεδεύετο.
3571 2569 3858 2623 Ἐντεῦθεν
3883 2571 3974 2624 διὰ
4004 2572 4107 2641 τῆς
4138 2573 4404 2640 Κορίνθου
4427 2574 4605 2635 διιὼν,

1365 2665 1646 2738 profectus
1677 2667 1871 2732 Argos.
1904 2663 2032 2716 Eam
2075 2661 2264 2715 urbem
2304 2658 2733 2714 tlefensabantet
2791 2668 2941 2713 teneo
3038 2661 3263 2728 ἀφίκετο

2689 2666 2733 2712 et
2791 2668 2941 2713 tene-
3038 2661 3263 2728 ἀφίκετο
3289 2662 3344 2725 ἐς
3384 2662 3612 2731 Ἄργος.
3651 2662 3724 2715 Τὸ
3761 2662 3819 2715 δὲ
3859 2664 4064 2733 Ἀργος
4105 2667 4356 2734 κατεῖχον
4390 2666 4444 2717 oi
4478 2667 4611 2718 Οὑε-

1369 2761 1499 2812 hant
1558 2757 1885 2810 Venetorum
1932 2752 2253 2822 praesidiarii
2302 2751 2466 2821 300
2527 2751 2748 2815 milites,
2803 2764 2938 2819 quos
3040 2754 3291 2824 νηοί-φλ

2687 2765 2748 2815 rs,
2803 2764 2938 2819 quos
3040 2754 3183 2806 νετοί
3205 2768 3218 2782 ⁸
3243 2755 3491 2824 φρουρᾶν
3521 2756 3576 2807 ἐν
3613 2755 3763 2824 αὐτῴ
3784 2757 4609 2826 ἐγκαταλιπόντες,ἐφύλαττον.

1369 2864 1560 2904 omnes
1591 2862 1907 2916 oppugnatis
1942 2845 2084 2912 cepit
2120 2861 2133 2896 :
2169 2854 2222 2897 et
2254 2845 2482 2906 vinctos,
2532 2858 2655 2897 cum
2712 2858 2939 2896 numero
3039 2847 3274 2910 Τούτους

2712 2858 2939 2896 numero
3039 2847 3274 2910 Τούτους
3296 2849 3416 2917 μὲν,
3435 2848 3510 2911 ὡς
3531 2848 3840 2918 ἐπολιόρκει
3862 2851 4156 2914 ἐπελάσας,
4178 2855 4576 2924 παρεστήσατο
4592 2873 4606 2886 ·

1368 2943 1548 2995 forent
1581 2938 1946 3010 septuaginta,
1995 2937 2060 2990 ad
2113 2950 2290 3004 regem
2319 2935 2486 2988 misit.
2525 2933 2792 2989 Cancrum
2844 2950 2936 2987 rex
3040 2941 3288 3003 καὶτοὺς

2687 2951 2792 2987 ὐιῐι
2844 2950 2936 2987 rex
3040 2941 3133 2993 καὶ
3164 2941 3288 3003 τοὺς
3321 2941 3522 3011 ἄνδρας
3566 2941 3825 3009 δεσμίους
3853 2944 4200 3012 ἀποπέμπων
4228 2944 4302 3008 ὼς
4353 2946 4609 3013 βασιλέα,

1367 3035 1657 3092 consilium
1691 3030 1923 3085 abeundi
1959 3029 2011 3080 in
2049 3027 2481 3095 Pel0p0nnesum
2513 3025 2803 3095 abjecerat.
2836 3023 2941 3079 No-
3039 3033 3237 3103 ἄνδρας
3271 3050 3289 3086 ιι

2689 3035 2803 3080 :rat.
2836 3023 2941 3079 No-
3039 3033 3237 3103 ἄνδρας
3271 3050 3332 3086 τε
3381 3033 3782 3102 ἐϐδομήκονταο
3827 3036 3976 3106 αὐτῷ
4030 3037 4217 3106 μέντοι
4270 3038 4348 3107 τῷ
4394 3040 4611 3108 βασιλεῖ

1367 3132 1512 3186 lebat
1541 3127 1682 3182 enim
1749 3139 1872 3180 cum
1947 3121 2247 3192 accepisset
2303 3119 2564 3174 Isthmum
2615 3129 2936 3187 occupatum
3038 3127 3138 3180 οὐκ
3166 3125 3289 3178 ετιὲ

2689 3129 2936 3187 Cupalum
3038 3127 3138 3180 οὐκ
3166 3125 3248 3178 ἔτι
3272 3127 3545 3194 ἐφαίνετο,
3581 3127 3722 3196 ἄρας
3761 3128 3818 3191 ἐς
3857 3129 3956 3198 τὴν
3986 3128 4394 3198 Πελοπόννησον
4441 3130 4611 3182 ἐσϐα-

1367 3237 1511 3286 esse,
1578 3221 1629 3274 in
1661 3217 2093 3286 Peloponnesum
2120 3213 2472 3277 contendere,
2514 3228 2742 3279 parcens
2781 3228 2937 3267 exer-
3039 3217 3172 3279 λετν,
3205 3219 3289 3270 κατ

2690 3229 2742 3267 :ts
2781 3228 2937 3267 exer-
3039 3217 3172 3279 λετν,
3205 3219 3302 3271 καὶ
3332 3219 3400 3272 τά
3438 3219 3832 3288 στρατεύματα
3866 3221 4016 3288 αὐτῷ
4061 3222 4294 3289 κάμνειν
4337 3221 4508 3291 ἄρτι·
4542 3224 4612 3284 ὡς

1367 3315 1502 3369 citui
1528 3329 1594 3367 ne
1617 3311 1842 3366 nimium
1878 3318 1932 3363 ct
1972 3310 2171 3361 frustra
2204 3307 2592 3375 dcfatigaretur
2622 3323 2634 3358 :
2665 3303 2763 3359 sed
2791 3315 2936 3359 retro
2966 3332 3008 3388 ρ
3043 3311 3273 3363 ἐπύθετο

2696 3303 2763 3359 ed
2791 3315 3008 3388 retroc
3043 3311 3273 3363 ἐπύθετο
3335 3311 3756 3381 καταληφθῆναι
3821 3311 3912 3366 τὸν
3985 3313 4220 3382 Ἰσθμὸν,
4290 3315 4614 3383 ἀπήλαυνεν

1369 3408 1424 3462 in
1463 3407 1662 3474 regiam
1690 3403 1842 3458 abiit.
1914 3401 2285 3455 Machuntctes
2320 3401 2502 3468 regius
2559 3398 2664 3452 dux
2701 3414 2797 3466 per
2828 3397 2933 3454 Te-
3040 3404 3217 3457 ὀπίσω
3245 3405 3291 3456 ἐι

2701 3414 2797 3466 per
2828 3397 2933 3454 Te-
3040 3404 3217 3457 ὀπίσω
3245 3403 3338 3456 ἐπὶ
3368 3403 3476 3457 τῶν
3519 3404 3829 3472 βασιλείων.
3876 3405 4279 3475 Μαχουμούτης
4327 3407 4385 3459 δέ
4416 3411 4445 3459 ὸ
4487 3409 4615 3476 ἠγε-

1371 3513 1496 3567 ετιεσε
1524 3497 1799 3565 regionem
1824 3493 1926 3546 iter
1957 3490 2184 3555 faciens,
2228 3489 2574 3544 Leontarium
2619 3491 2764 3544 venit
2795 3507 2810 3545 :
2844 3490 2934 3544 ubi
3045 3494 3185 3564 μὼν,
3213 3513 3293 3565 πρ

2694 3491 2764 3543 nit
2795 3507 2810 3545 :
2844 3490 2934 3544 ubi
3045 3494 3185 3564 μὼν,
3213 3497 3421 3565 προῖὼν
3462 3496 3548 3550 διὰ
3597 3497 3695 3566 τῆς
3738 3498 3999 3567 Τεγαίης,
4031 3501 4260 3568 ἀψίκετο
4289 3502 4348 3559 ἐς
4378 3503 4616 3555 Λεοντά-

1373 3605 1429 3644 et
1456 3599 1633 3644 castra
1667 3583 2049 3642 communivit.
2082 3582 2210 3638 Inde
2249 3583 2412 3636 mittit
2443 3581 2743 3654 Zaganum,
2774 3597 2934 3653 quem
3045 3605 3160 3656 ριον
3189 3588 3290 3641 πό).

2689 3598 2743 3649 n,
2774 3597 2934 3653 quem
3045 3605 3160 3656 ριον
3189 3588 3366 3655 πόλιν,
3396 3590 3492 3642 καὶ
3521 3589 3688 3642 αὑτοῦ
3717 3591 4278 3661 ἐστρατοπεδεύσατο.
4319 3592 4611 3646 Ἐντεῦθεν

1370 3683 1672 3756 principem
1733 3679 2106 3748 Pel0ponueso
2160 3663 2465 3740 constituit,
2514 3676 2688 3744 cjecto
2754 3691 2818 3730 ex
2873 3691 2939 3730 eo
3043 3681 3292 3734 ἀποστέλί

2754 3691 2818 3730 ει
2873 3691 2939 3730 eo
3043 3681 3363 3734 ἀποστέλλει
3421 3682 3688 3749 Ζάγανον,
3750 3682 3809 3736 ὂν
3873 3684 4174 3753 ἐπέστησεν
4239 3685 4484 3755 ἄρχοντα
4548 3691 4613 3754 τῇ

1372 3778 1690 3844 magistratu
1724 3771 1890 3827 Josue
1943 3770 2168 3826 Albanis
2202 3767 2335 3830 ﬁiio,
2396 3768 2585 3822 Patras
2615 3769 2855 3833 Achaia,
2881 3778 2939 3825 et
3045 3773 3294 3825 Πελοπον·

2696 3769 2855 3833 hair,
2881 3778 2939 3825 et
3045 3773 3458 3842 Πελοποννήσῳ,
3495 3771 3743 3826 ἐκϐαλὼν
3778 3774 3986 3842 Ἰησοῦν
4009 3776 4099 3829 τὸν
4121 3775 4396 3831 ’Λλϐάνεω
4425 3780 4611 3833 παῖδα.

1373 3871 1425 3922 in
1466 3868 1600 3922 alias
1629 3865 1890 3920 finitimas
1923 3864 2107 3928 urbes,
2145 3870 2202 3915 ut
2233 3876 2390 3916 arces
2427 3859 2699 3916 frumento
2735 3872 2790 3916 et
2816 3878 2939 3916 mu-
3045 3863 3245 3917 Τοῦτον
3260 3864 3295 3916 δὲ

2691 3880 2699 3912 μ
2735 3872 2790 3916 et
2816 3878 2939 3916 mu—
3045 3863 3245 3917 Τοῦτον
3260 3864 3315 3916 δὲ
3333 3864 3424 3917 τὸν
3441 3866 3680 3933 Ζάγανον
3705 3866 3909 3934 πέμπει
3934 3869 3989 3930 ἐς
4008 3868 4227 3938 Πάτρας
4241 3869 4338 3939 τῆς
4360 3870 4613 3941 Ἀχαῐας,

1373 3961 1670 4016 nitiouibus
1687 3957 1901 4012 bellicis
1931 3956 2191 4009 firmaret.
2215 3953 2637 4023 Umarcmjubet
2658 3969 2939 4010 assumere
3047 3954 3142 4006 καὶ
3177 3956 3233 4015 ἐς
3261 3971 3290 4006 τ

2694 3969 2939 4010 ssumere
3047 3954 3142 4006 καὶ
3177 3956 3233 4015 ἐς
3261 3955 3358 4017 τὰς
3386 3954 3552 4017 ἄλλας
3587 3957 3752 4009 αὐτοῦ
3783 3960 3955 4029 ταύτῃ
3986 3961 4192 4026 πόλεις,
4238 3965 4527 4032 ἐχυρῶσαί
4558 3984 4616 4017 τε

1371 4045 1672 4100 exercitum
1704 4040 1797 4112 qui
1851 4038 2167 4098 continebat
2209 4039 2397 4106 viginti
2458 4039 2623 4093 millia
2681 4040 2936 4102 militum,
3047 4047 3143 4107 τὰς
3175 4044 3293 4114 ἀκρ‹

2691 4040 2936 4102 militum,
3047 4047 3143 4107 τὰς
3175 4044 3499 4114 ἀκροπόλεις
3546 4046 3737 4108 σιτίοις
3769 4065 3827 4100 τε
3866 4052 3960 4102 καὶ
3983 4053 4048 4117 τῇ
4077 4050 4214 4122 ἄλλῃ
4256 4061 4613 4123 παρασκευῇ.

1373 4147 1428 4190 ct
1461 4135 1802 4188 incursiones
1858 4131 2037 4184 facere
2075 4131 2129 4184 in
2190 4128 2511 4183 Venetorum
2549 4131 2849 4201 regionem.
2891 4130 2941 4186 ls
3047 4135 3295 4206 Ὀμάρην

2694 4146 2849 4185 mem.
2891 4130 2941 4186 Is
3047 4135 3299 4206 Ὀμάρην
3352 4137 3408 4190 δέ
3463 4139 3773 4204 ἐκέλευσεν,
3831 4143 4169 4196 ἀναλαϐόντα
4209 4145 4301 4196 τὸν
4358 4150 4616 4215 στρατὸν,

1377 4228 1642 4296 imperata
1702 4225 1932 4294 impigre
1975 4221 2203 4287 faciens,
2231 4236 2354 4276 cum
2389 4223 2632 4277 exercitu
2687 4223 2835 4278 venit
2885 4224 2940 4277 in
3047 4230 3123 4292 ὡς
3151 4230 3299 4298 δισμι

2695 4223 2835 4278 venit
2885 4224 2940 4277 in
3047 4230 3123 4292 ὼς
3151 4230 3495 4300 δισμυρίους,
3554 4232 3877 4302 ἐπιδραμεῖν
3926 4235 4027 4304 τὴν
4077 4237 4356 4290 Οὐενετών
4403 4241 4617 4308 χώραν.

1376 4319 1491 4374 loca
1524 4317 1787 4371 Methone
1824 4315 2049 4369 tinitima
2074 4331 2088 4367 :
2118 4326 2383 4383 captoque
2416 4313 2613 4368 ibidem
2656 4314 2938 4384 oppidulo,
3049 4313 3215 4384 Οὗτος
3242 4321 3298 4389 μὲ

2702 4314 2938 4384 ppidulo,
3049 4313 3215 4384 Οὗτος
3242 4321 3339 4389 μὲν
3359 4317 3452 4375 οὖν
3474 4323 3518 4354 ⁸³
3545 4325 3879 4393 παραλαϐὼν
3902 4329 3963 4379 τὸ
4013 4332 4352 4399 στράτευμα,
4390 4335 4624 4401 ἀφίκετο

1376 4410 1674 4480 oppidanos
1699 4423 1891 4462 omnes
1932 4406 1996 4460 ad
2034 4407 2228 4460 ducem
2266 4405 2658 4460 Machumetem
2693 4407 2941 4472 abduxit,
3053 4415 3109 4478 ὲς
3130 4415 3197 4467 τὰ
3229 4431 3294 4466 πε

2705 4407 2941 4472 ibdnxit,
3053 4415 3109 4478 ἐς
3130 4415 3197 4467 τὰ
3229 4415 3356 4485 περὶ
3379 4417 3476 4484 τὴν
3505 4416 3769 4486 Μεθώνην
3805 4421 4000 4491 χωρία,
4023 4424 4120 4475 καὶ
4149 4425 4414 4495 πολίχνην
4447 4447 4627 4498 παρα-

1375 4503 1531 4572 eique
1577 4498 1819 4554 tradidit.
1882 4497 1944 4551 lli
1999 4514 2213 4563 omnes,
2280 4514 2404 4552 cum
2479 4513 2707 4552 numero
2767 4499 2945 4554 forent
3052 4507 3297 4576 στησάμε

2705 4525 2707 4540 ι
2767 4499 2945 4554 forent
3052 4507 3415 4576 στησάμενος,
3446 4509 3571 4571 τοὺς
3603 4509 3922 4575 ἀνθρώπους
3949 4515 4180 4581 ἀπάγων
4226 4518 4523 4586 παρεδίδου
4549 4522 4627 4589 τῷ

1373 4595 1674 4665 quingenti,
1706 4592 1904 4647 exinde
1934 4591 2000 4644 ad
2029 4606 2206 4661 regem
2243 4590 2515 4659 perducti,
2565 4591 2856 4647 crudeliter
2887 4592 2941 4646 in
3050 4598 3295 4666 ἡγεμόνι.

2703 4591 2856 4646 aliter
2887 4592 2941 4646 in
3050 4598 3304 4666 ἡγεμόνι.
3340 4599 3502 4650 Οὗτοι
3533 4601 3630 4670 μὲν
3658 4598 3751 4654 οὖν
3780 4602 3856 4663 ὼς
3903 4604 4219 4676 ἀνήχθησαν
4251 4612 4310 4668 ἐς
4366 4611 4625 4679 βασιλέα,

1375 4689 1512 4741 duas
1565 4696 1747 4756 partes
1796 4685 2018 4739 dissecti
2077 4684 2404 4738 occubuere.
2460 4682 2626 4738 Fama
2685 4694 2945 4739 constans
2976 4687 3022 4745 ο
3055 4688 3297 4758 σύμπαντ

2709 4694 2945 4739 :onstans
2976 4687 3022 4745 ο
3055 4688 3368 4758 σύμπαντες
3405 4693 3459 4753 ἐς
3485 4695 3876 4757 πεντακοσίους
3912 4698 4214 4767 γενόμενοι,
4247 4701 4534 4758 ἀπέθανον
4574 4710 4631 4770 ἐς

1377 4780 1558 4839 habet.
1592 4793 1715 4832 cum
1747 4777 2009 4831 cadavera
2039 4784 2439 4844 peremptorum
2467 4773 2711 4845 Byzantii
2738 4791 2804 4831 eo
2836 4776 2942 4830 loci
3052 4780 3144 4834 δύο
3175 4783 3299 4850 τμη1

2738 4791 2804 4831 eo
2836 4776 2942 4830 loci
3052 4780 3144 4834 δύο
3175 4781 3496 4850 τμηθέντες.
3534 4785 3767 4847 Λέγεται
3797 4786 3874 4852 δὲ,
3905 4788 3981 4850 ὡς
4008 4791 4068 4842 ἐν
4097 4793 4381 4855 Βυζαντίῳ
4420 4801 4492 4853 τὰ
4525 4803 4634 4855 σώ-

1375 4879 1557 4927 cssent
1604 4868 1860 4939 proiecta,
1927 4883 2034 4936 quo
2059 4882 2150 4922 rex
2206 4867 2449 4937 jusserat
2503 4867 2558 4921 in
2579 4867 2715 4922 duas
2764 4879 2946 4937 partes
3055 4889 3203 4940 ματα
3227 4849 3296 4925 αὖ

2764 4879 2946 4937 partes
3055 4889 3203 4940 ματα
3227 4873 3398 4926 αὐτοῦ
3431 4875 3604 4948 ταύτῃ
3636 4878 3836 4943 ἔκειτο,
3934 4881 4296 4949 ἐπιτάξαντος
4325 4887 4424 4940 τοῦ
4471 4891 4637 4959 βασιο

1377 4962 1655 5015 conscissa
1689 4960 1905 5027 exponi,
1943 4957 2133 5012 bovem
2188 4957 2478 5027 quemdam
2519 4958 2573 5012 in
2605 4973 2729 5012 eum
2762 4958 2944 5014 locum
3053 4967 3188 5026 λέως
3219 4970 3272 5029 ἐς

2717 4974 2729 5012 ι
2762 4958 2944 5014 locum
3053 4967 3188 5026 λέως
3219 4970 3272 5029 ἐς
3305 4967 3398 5020 δύο
3431 4972 3702 5037 γενόμενα
3747 4973 3932 5038 ἔπεσε,
3983 4975 4113 5043 βοῦν
4150 4975 4260 5032 τῶν
4291 4981 4362 5043 ,ἐς
4411 4957 4483 5034 τό
4525 5003 4639 5054 χω-

1376 5067 1683 5124 egressum,
1709 5061 1763 5105 et
1796 5050 1926 5106 visis
1975 5048 2333 5104 cadaveribus
2361 5048 2591 5104 ﬂebilem
2639 5049 2692 5104 in
2726 5051 2944 5104 modum
3054 5059 3171 5129 ρίον
3209 5061 3298 5113 ἐκε

2726 5051 2944 5104 modum
3054 5059 3171 5129 ρίον
3209 5061 3386 5113 ἐκεῖνο
3416 5060 3722 5127 ἐξελθόντα,
3757 5065 3803 5096 ⁸³
3835 5068 3893 5129 ἐς
3935 5070 4004 5120 τὰ
4047 5070 4276 5138 σώματα
4327 5048 4637 5145 γοερόν-τι

1376 5162 1565 5201 vocem
1625 5143 1919 5211 tnugiendo
1981 5142 2271 5204 exaltassc,
2352 5151 2536 5209 postea
2605 5142 2948 5196 medietatem
3053 5149 3298 5218 φθεγξάμ

2719 5142 2948 5196 lietatem
3053 5149 3468 5218 φθεγξάμενον,
3531 5153 3805 5218 ἐξελέσθαι
3855 5158 3916 5210 τὸ
3977 5162 4248 5231 ἡμίτομον
4322 5142 4450 5230 ἐνὸς
4520 5172 4641 5222 τῶν

1379 5254 1544 5294 unam
1633 5236 1916 5291 cadaveris
2007 5233 2316 5297 sustulisse,
2397 5233 2594 5287 deinde
2670 5249 2948 5288 reversum
3053 5245 3301 5313 σωμάτωη

2715 5249 2948 5288 aversum
3053 5245 3342 5313 σωμάτων,
3388 5243 3435 5276 ⁸⁸
3475 5247 3614 5315 μετά
3665 5247 3721 5299 δὲ
3761 5249 4174 5320 ὑποστρέψαντα
4208 5256 4637 5328 ἐπιδεξόμενον,

1378 5335 1541 5387 etiam
1595 5332 1820 5384 alteram
1864 5326 2148 5382 cadaveris
2228 5326 2575 5379 medietatem
2630 5327 2949 5391 abstulisse,
3052 5333 3294 5402 ἐξευρεῖν

2721 5327 2949 5391 ttulissc,
3052 5333 3294 5402 ἐξευρεῖν
3326 5335 3386 5387 τὸ
3425 5335 3552 5389 ἄλλο
3603 5338 3896 5408 ἡμίτομον,
3933 5343 4028 5394 καὶ
4078 5326 4468 5414 ἐξενεγκόντα,
4506 5371 4643 5405 συν-

1376 5436 1430 5480 et
1468 5425 1656 5479 ambas
1697 5423 2010 5476 medictates
2057 5418 2318 5488 deinceps
2377 5421 2769 5488 composuisse.
2817 5424 2944 5473 διο·
3050 5425 3241 5479 θέσθαι
3287 5427 3298 5479 ε

2721 5435 2769 5474 e.
2817 5424 2944 5473 δια·
3050 5425 3241 5479 θέσθαι
3287 5427 3406 5497 ἄμα
3451 5430 3618 5498 ἄμφω
3656 5431 3732 5483 τὼ
3788 5434 4065 5504 ἡμιτόμω.
4104 5437 4643 5505 ’Υποθορυϐούντων

1379 5519 1630 5587 pentibus
1685 5527 1862 5568 autent
1897 5525 1948 5568 et
2003 5515 2326 5568 mirantibus
2376 5512 2602 5574 factum,
2636 5515 2728 5583 qui
2794 5517 2845 5568 in
2882 5532 2947 5570 eo
3060 5518 3117 5570 δὲ
3149 5518 3301 5572 τῶνε

2794 5517 2845 5568 in
2882 5532 2947 5570 eo
3060 5518 3117 5570 δὲ
3149 5518 3256 5572 τῶν
3281 5523 3360 5582 εἰς
3388 5523 3604 5592 ἐκείνην
3634 5525 3732 5591 τὴν
3762 5527 3971 5594 χώραν,
3993 5531 4061 5581 τὰ
4091 5535 4220 5599 περὶ
4241 5534 4333 5584 τὸν
4366 5535 4505 5602 βοῦν
4537 5556 4649 5592 πυ.

1380 5611 1501 5663 loco
1531 5617 1704 5670 erant,
1738 5604 1916 5658 evenit
1944 5613 2002 5657 ut
2028 5605 2148 5672 ejus
2169 5604 2245 5658 rei
2279 5619 2465 5657 rumor
2486 5602 2738 5658 etiamad
2771 5620 2949 5673 regem
3063 5610 3249 5663 θέσθαι
3279 5611 3302 5681 β

2723 5606 2738 5658 l
2771 5620 2949 5673 regem
3063 5610 3249 5663 θέσθαι
3279 5611 3505 5681 βασιλέα
3534 5614 3577 5645 ⁸⁷
3607 5616 3927 5687 Μεχμέτην,
3962 5622 4056 5672 καὶ
4080 5621 4390 5693 πυθόμενον
4421 5629 4503 5692 ὡς
4549 5633 4645 5701 εἴη

2660 5747 2911 5809 Notuhe
2945 5753 3358 5828 marginales.

1451 5887 1495 5918 “
1529 5885 1628 5940 Hic
1648 5885 1840 5939 lacuna
1872 5897 1966 5940 est.
2043 5887 2089 5918 ⁸³
2122 5886 2185 5942 R.
2217 5889 2570 5959 γιγνομένης.
2672 5890 2718 5921 ⁸⁸
2750 5889 2813 5944 R.
2843 5891 3042 5950 λαϐὼν,

1908 5901 2570 5981 ἷῗῖ,,ἷ’-ΐέτ,τὶη9ἑιξνηί·
2612 5901 3042 5981 ..Ἶβῑλοιίφνο
3151 5902 3195 5933 ⁸⁸
3230 5901 3437 5961 Ἕωοεν
3470 5907 3646 5980 ἐκτῆς
3672 5909 3877 5981 φάτνης
3906 5914 3998 5967 καὶ
4027 5913 4350 5972 ἀπελθόντα.
4439 5920 4486 5952 “
4527 5924 4656 5977 Καὶ

1386 5961 1645 6030 φέροντα,
1684 5959 1877 6012 θέσθαι
1904 5960 2060 6023 ἐκτὸς
2091 5961 2199 6016 τῶν
2243 5963 2538 6030 σωμάτων.
2612 5961 2656 5993 ⁸⁷
2690 5962 3084 6038 Μαχουμέτην.
