4866 6594
246 449 347 511 553

1306 447 1398 506 DE
1441 443 1694 504 REBUS
1746 443 2101 501 TUl‘tClClS
2144 442 2283 502 [ΙΙΙ.
2334 440 2405 499 Χ.
3375 432 3477 493 554

246 561 420 630 ἀληθῆ
453 560 521 613 τὰ
564 561 690 632 περὶ
714 561 805 615 τὸν
834 561 981 632 βοῦν,
1018 561 1376 629 πειράσασθαι
1424 564 1489 629 τῇ
1540 558 1800 628 ὑστεραίᾳ
1830 574 1879 634 Α
1914 557 2120 608 volarct
2153 555 2168 607 i

1552 558 1800 628 iozepaiqt
1830 574 1879 634 Α
1914 557 2120 608 volarct
2153 555 2525 610 Mecltmetem.
2580 554 2678 620 Qui
2716 553 2803 605 ιιιοὶ
2844 552 2917 605 rei
2968 548 3257 605 veritatem
3295 565 3358 603 ex
3409 551 3474 603 iis

244 652 311 705 τὰ
362 653 608 721 ἡμίτομα
651 653 746 705 τοῦ
788 655 1038 719 σώματος
1070 654 1407 722 ἀφελόμενον
1463 656 1523 703 ἐκ
1576 652 1671 704 τοῦ
1703 670 1806 717 χω-

245 746 383 807 ρίου,
423 748 480 808 ἐς
508 747 575 797 τὰ
622 746 849 814 σώματα
890 742 1047 809 αὖθις
1094 746 1443 810 καταθέσθαι,
1494 747 1595 797 ἀνὰ
1644 747 1805 813 μέρος

244 836 533 905 τιθέμενον
557 840 623 889 τὰ
644 838 913 907 ἡμίτομα.
942 838 1103 892 Οῦτω
1122 840 1177 891 δὲ
1221 834 1376 899 αὖθις
1393 840 1485 889 τὸν
1529 838 1657 906 βοῦν
1702 838 1807 900 ἐξι-

228 928 391 991 τόντα,
425 930 499 991 ὡς
527 932 624 1000 οὐχ
651 929 778 1000 εὗρε
809 932 876 983 τὰ
908 932 1177 1003 ἡμίτομα,
1219 926 1365 1005 ᾗπερ
1400 933 1636 997 ἐξέθετο,
1669 933 1801 985 ἀνα-

243 1020 537 1089 5οήσαντα,
587 1021 910 1091 ἐπιδραμεῖν
963 1020 1031 1075 αὖ
1077 1025 1136 1086 ξς
1176 1030 1244 1077 τὰ
1291 1024 1520 1092 σώματα
1561 1026 1653 1075 καὶ
1712 1023 1806 1091 ζη-

243 1114 508 1180 τήσαντα,
544 1114 849 1181 ἐξενεγκεῖν
893 1115 986 1167 τοῦ
1011 1115 1259 1185 σώματος
1293 1117 1361 1168 τὰ.
1408 1116 1665 1185 τεμάχια,
1708 1133 1807 1168 κα-

242 1204 541 1273 ταθέμενον
562 1207 728 1275 χωρὶς
740 1207 851 1259 ἀπὸ
890 1208 1001 1260 τῶν
1049 1209 1337 1278 σωμάτων.
1358 1208 1462 1261 Τὸν
1486 1210 1584 1277 μὲν
1604 1206 1697 1261 οὖν
1714 1209 1809 1278 βα-

244 1297 398 1348 σιλέα
430 1296 813 1366 θαυμάσαντα,
832 1298 1113 1363 κελεῦσαι,
1160 1300 1517 1369 ἀνελομένους
1543 1300 1711 1368 θάψαι
1739 1301 1806 1352 τὰ

244 1386 512 1454 ἡμίτομα·
558 1387 647 1437 τὸν
679 1386 737 1439 δὲ
775 1386 904 1455 βοῦν
953 1389 1011 1449 ἐς
1060 1387 1129 1440 τὰ
1179 1388 1431 1457 βασίλεια
1474 1390 1803 1457 ἀγαγέσθαι,

244 1477 578 1546 περιέποντα
615 1476 699 1529 εὖ.
742 1476 815 1530 Τὸ
846 1479 1031 1547 μέντοι
1070 1480 1232 1548 σῶμα
1281 1480 1500 1548 λέγεται
1555 1482 1806 1549 γενέσθαι

241 1568 349 1619 τῶν
382 1569 679 1635 Ἱλλυριῶν·
716 1571 766 1622 ol
800 1571 854 1623 δὲ
885 1572 993 1624 τῶν
1040 1573 1342 1630 Οὐενετῶν.
1382 1576 1541 1627 Δοκεῖ
1564 1574 1620 1628 δὲ
1649 1577 1806 1630 τοῦτο

240 1662 431 1712 οἰωνὸν
456 1663 667 1729 φέρειν,
699 1664 755 1725 ἐς
783 1664 851 1716 τὰ
874 1664 936 1716 τὸ
966 1666 1123 1730 γένος
1148 1666 1243 1717 τοῦ
1281 1665 1536 1736 σώματος
1570 1670 1804 1731 ἐκείνου.

241 1754 338 1805 καὶ
368 1754 465 1806 ἐπὶ
488 1756 598 1817 τοῖς
626 1756 918 1823 μέλλουσιν
943 1757 1170 1812 ἔσεσθαι
1191 1758 1508 1830 εὐδαιμονία
1527 1764 1606 1826 εἰς
1634 1764 1807 1816 έκεῖκο

240 1847 303 1897 τὸ
336 1852 514 1910 γένος.
551 1848 722 1901 Τοῦτο
749 1850 849 1919 μὲν
878 1851 938 1903 ἐν
980 1850 1265 1922 Βυζαντίῳ
1316 1855 1567 1920 γενέσθαι
1610 1857 1804 1909 ὲπυθόο

240 1940 402 2009 μεθα.

324 2124 382 2175 '0
408 2123 470 2189 δὲ¹
495 2124 600 2176 τῶν
624 2124 805 2196 θυρῶν
822 2124 1065 2196 ἡγεμὼν,
1088 2125 1165 2191 ὡς
1191 2127 1287 2200 οὐχ
1310 2128 1427 2198 ὥρα
1454 2130 1626 2185 ἐδόκει
1653 2134 1799 2203 αὐτῷ

238 2212 382 2265 εἶναι
413 2215 742 2283 προσϐαλεῖν
771 2218 892 2278 ταῖς
926 2217 1139 2282 πόλεσι,
1176 2220 1442 2273 κατέλιπε
1496 2222 1597 2292 μὲν
1645 2226 1701 2275 ἐν
1733 2227 1799 2295 τῇ

240 2300 464 2370 Σπάρτῃ
516 2302 788 2371 Ὀμάρην,
838 2306 930 2356 καὶ
976 2304 1092 2373 ἅμα
1126 2307 1278 2375 αὐτῷ
1315 2307 1548 2377 Ἀσάνην
1593 2311 1669 2373 ὡς
1716 2311 1804 2365 λό-

239 2410 368 2459 γους
415 2411 474 2445 τε
526 2397 581 2457 ἐς
612 2394 737 2456 τοὺς
778 2395 1124 2465 Σπαρτιάτας
1156 2398 1443 2466 πέμποιεν.
1506 2403 1615 2454 Καὶ
1672 2405 1803 2457 ὑπο-

239 2487 573 2555 στρέψαντες
608 2489 663 2550 ἐς
684 2488 748 2540 τὰ
777 2490 952 2544 οἰκεῖα
974 2490 1078 2543 ἀπὸ
1107 2508 1166 2543 τε
1217 2493 1311 2544 τοῦ
1364 2494 1655 2566 Ταινάρου,
1710 2502 1801 2551 καὶ

240 2579 594 2650 Ἐπιδαύρου,
625 2582 715 2634 καὶ
744 2582 854 2635 τῶν
880 2584 1054 2637 ἄλλων
1080 2584 1317 2654 χωρίων,
1354 2586 1438 2638 ἵνα
1476 2590 1674 2642 αὐτίκα.
1705 2608 1802 2643 πυ-

239 2671 455 2740 θόμενοι
483 2674 608 2731 τοὺς
654 2676 948 2739 Οὑενετοὺς
1004 2676 1243 2729 ἐκλιπεῖν
1287 2678 1378 2730 τὸν
1428 2680 1655 2749 Ἰσθμὸν,
1708 2686 1802 2736 καὶ

238 2763 533 2816 διενοοῦντο
560 2766 799 2828 ἐπιόντες
833 2770 881 2819 οἰ
916 2765 1007 2819 τοῦ
1040 2769 1307 2837 ἡγεμόνος
1335 2770 1669 2839 ἀμύνασθαι.
1701 2770 1802 2827 Οἶδ-

237 2873 318 2907 τοι
359 2859 456 2925 μὲν
483 2854 575 2909 οὖν
603 2858 922 2927 ἀφικόμενοι
960 2862 1015 2922 ές
1044 2861 1143 2931 τὴν
1194 2862 1471 2933 Σπάρτην,
1521 2865 1709 2933 λόγους
1739 2886 1799 2921 τε

239 2951 351 3009 τοῖς
381 2949 747 3018 Σπαρτιάταις
780 2953 1136 3022 προσέφερον,
1177 2956 1268 3006 καί
1314 2972 1468 3019 τινας
1519 2958 1576 3008 ἐν
1629 2960 1800 3030 ἐρυμ-

237 3044 344 3102 νοῖς
376 3042 543 3093 αὑτοῦ
597 3044 769 3113 ταύτῃ
797 3043 959 3107 ὄντας
995 3046 1298 3111 πείσαντες,
1336 3048 1662 3119 κατῴκησαν
1710 3051 1800 3105 αὖ·

236 3134 319 3193 θις
340 3135 394 3195 ές
426 3133 523 3202 τὴν
558 3134 731 3189 πόλιν.
764 3136 872 3187 Καὶ
898 3140 1009 3199 τοῖς
1054 3138 1111 3188 ἐν
1142 3137 1395 3209 Ταναίρῳ
1437 3142 1531 3191 καὶ
1589 3146 1654 3211 τῇ
1688 3144 1799 3195 Λαο

238 3227 448 3293 κωνικῇ
474 3228 707 3294 πέμπων
739 3227 765 3277 ὁ
796 3226 1049 3296 Ἀσάνης,
1084 3230 1399 3296 παρεκάλει,
1428 3232 1600 3299 λέγων
1627 3236 1750 3287 τάδε

238 3314 469 3383 Ἄνδρες
497 3316 857 3385 Σπαρτιᾶται,
878 3319 1042 3383 ὁρᾶτε
1075 3319 1271 3389 δήπου,
1316 3317 1402 3375 οἷα
1431 3325 1497 3376 τὰ
1526 3322 1799 3380 Οὐενετῶν

236 3407 545 3475 πράγματα
596 3410 1005 3478 κατενήνεκται,
1060 3412 1246 3478 ἐξότου
1306 3415 1542 3485 πόλεμον
1590 3418 1803 3487 βασιλΞῖ

231 3498 624 3568 ἀναιρούμενοι
653 3500 907 3564 ἐνταῦθα,
936 3502 1023 3556 ῐνα
1056 3505 1152 3573 τῆς
1204 3506 1489 3576 δυνάμεως
1550 3510 1730 3563 αὐτῶν
1754 3510 1800 3542 ⁸⁸

234 3590 386 3657 μέγα
414 3591 579 3660 μέρος
609 3591 953 3658 ἐπιδείξαντ’
984 3595 1048 3645 ἂν
1086 3595 1324 3664 μάλιστα
1379 3601 1435 3651 έν
1469 3601 1802 3673 Πελοποννή-

236 3698 336 3751 σῳ,
365 3682 442 3746 ὡς
469 3683 814 3755 ἐτελεύτησεν
848 3687 993 3756 αὐτῷ
1019 3691 1086 3739 τὰ
1142 3690 1265 3758 περὶ
1297 3692 1387 3742 τὶν
1419 3690 1652 3761 Ἰσθμὸν,
1708 3700 1801 3747 καὶ

231 3775 410 3843 ἄλλην
431 3777 615 3845 χώραν
644 3779 739 3846 τῆς
775 3777 1206 3850 Πελοποννήσου.
1271 3782 1439 3834 Ἔνθα
1493 3785 1588 3836 τοῦ
1641 3786 1799 3856 βασι-

231 3866 377 3928 λέως
408 3870 440 3935 ή
486 3866 716 3937 δύναμις
750 3868 991 3921 ἐκποδών
1021 3888 1081 3923 τε
1114 3872 1443 3941 ἀπῴκισται,
1479 3878 1571 3928 καὶ
1621 3880 1799 3933 αὐτῶν

230 3977 301 4026 γε
326 3960 385 4011 δὲ
413 3959 519 4012 τῶν
551 3960 830 4013 Οὐενετῶν
860 3963 893 4030 ή
928 3961 1154 4033 δύναμις
1179 3965 1233 4026 ἐς
1264 3966 1330 4018 τὰ
1354 3967 1589 4036 μάλιστα
1614 3971 1800 4041 ήθροιυ

232 4067 386 4105 σται.
416 4052 478 4104 Ei
499 4054 608 4122 γὰρ
632 4052 722 4105 τὸν
747 4053 1010 4123 βασιλέως
1034 4056 1336 4126 Θερὰποντα
1370 4061 1592 4115 ἐπιόντα
1618 4066 1801 4132 σφίσιν

225 4144 334 4212 οὐχ
366 4140 467 4195 οἷοί
493 4161 551 4196 τε
588 4146 834 4212 ἐγένοντο
855 4144 1131 4214 δέξασθαι,
1154 4150 1203 4199 τί
1230 4150 1296 4202 ἂν
1326 4153 1553 4219 γένοιτο,
1576 4158 1623 4207 ει
1646 4157 1802 4225 βασι-

228 4236 365 4298 λεὺς
398 4236 495 4287 σὺν
520 4239 636 4298 ταῖς
665 4238 857 4307 θύραις
896 4240 1057 4293 αὑτοῦ
1102 4242 1348 4296 ἑσσὰλλοι
1386 4247 1442 4306 ις
1466 4247 1800 4321 Πελοπόννη-

229 4347 332 4381 σον
358 4346 375 4393 ;
399 4324 474 4382 Ἦ
494 4329 647 4398 δῆλα,
668 4331 742 4394 ὡς
772 4332 871 4383 οὐκ
889 4332 956 4384 ἂν
990 4332 1067 4385 ἔτι
1099 4335 1278 4403 σφίσιν
1301 4337 1483 4401 αὐτοῖς
1511 4340 1800 4394 ὑπόλοιπον

228 4422 591 4491 ὑπολειφθείη
622 4424 679 4475 ἐν
703 4424 1089 4494 Πελοποννήσῳ
1108 4426 1326 4496 χωρίον,
1346 4429 1373 4480 ὃ
1401 4430 1476 4499 μὴ
1502 4432 1800 4487 ἀνάστατον

226 4518 462 4584 γένηται
496 4517 861 4586 ἀπολούμενον
886 4519 988 4570 ὑπὸ
1016 4518 1110 4570 τοῦ
1138 4518 1424 4588 βασιλέως.
1477 4522 1613 4588 Νῦν,
1639 4525 1712 4587 ὠς
1742 4530 1800 4579 έν

1911 648 2001 713 qui
2034 661 2227 715 priesto
2261 648 2477 700 fuerant
2503 647 2786 715 comperit,
2830 644 3111 697 cadaveris
3158 641 3477 694 medietates

1911 738 1976 791 ad
2009 755 2134 792 eum
2168 741 2343 792 locum
2375 754 2440 790 ex
2483 754 2592 805 quo
2640 752 2731 789 cas
2762 736 2957 789 tulerat
3011 736 3106 787 bos
3158 733 3475 802 reportavit.

1910 845 1963 885 et
1994 849 2022 885 a
2056 849 2113 887 se
2151 833 2379 886 invicem
2415 833 2639 885 dissitas
2700 832 3007 894 collocavit,
3059 828 3360 898 periculum
3403 826 3476 877 fa-

1908 933 2117 989 cturus,
2148 941 2215 979 an
2248 927 2344 979 bos
2378 924 2655 978 rediturus
2691 923 2782 976 sit.
2815 926 2881 975 At
2909 924 3003 975 hos
3035 922 3231 973 iterum
3268 920 3319 970 in
3350 934 3474 971 eum

1911 1020 2090 1073 locum
2126 1018 2350 1071 veniens
2379 1018 2467 1070 ubi
2520 1017 2711 1070 abesse
2766 1015 3082 1069 medietates
3112 1012 3393 1066 cadaveris
3426 1021 3478 1061 et

1910 1121 2145 1166 remotas
2174 1111 2363 1172 sensit,
2392 1125 2587 1175 magno
2616 1108 2855 1163 clamore
2892 1106 3034 1159 redit
3072 1108 3136 1158 ad
3166 1106 3428 1158 cadavera
3464 1122 3474 1151 :

1909 1205 2207 1274 fragmenta
2242 1205 2524 1257 cadaveris
2549 1202 2839 1271 diligenter
2861 1199 3152 1268 conquirit,
3181 1206 3235 1250 et
3257 1198 3325 1251 ab
3353 1197 3479 1249 reli-

1908 1297 2030 1364 quis
2062 1296 2350 1365 separatim
2415 1296 2587 1362 ponit.
2625 1293 2761 1356 Rex,
2794 1293 2869 1346 rei
2905 1291 3174 1345 miraculo
3214 1289 3474 1356 obstupe-

1909 1390 2104 1447 factus.
2137 1387 2419 1442 cadaveris
2443 1386 2758 1440 medietates
2809 1386 3100 1454 sepultura:
3129 1382 3271 1435 tradi
3322 1396 3475 1434 man-

1907 1482 2072 1534 davit.
2106 1482 2207 1534 Bos
2264 1482 2315 1533 in
2351 1479 2550 1549 regiam
2610 1478 2829 1541 ductus,
2859 1477 3063 1546 optime
3126 1475 3340 1527 habitus
3368 1484 3471 1526 est.

1908 1573 2138 1639 Quidam
2167 1573 2386 1625 tradunt
2417 1574 2644 1626 cadaver
2692 1572 2819 1623 illud
2852 1570 3020 1623 fuisse
3052 1565 3241 1620 Veneti
3290 1565 3473 1634 cujus-

1907 1665 2054 1724 dam,
2079 1663 2299 1732 quidam
2338 1662 2499 1733 Illyrii
2526 1662 2694 1717 fuisse
2716 1662 2932 1716 docent.
2959 1662 3226 1715 Caeterum
3253 1674 3435 1727 appar.
3455 1666 3476 1708 t

1909 1757 1959 1810 id
1992 1758 2145 1826 quasi
2178 1771 2300 1811 esse
2330 1771 2488 1810 omen
2526 1756 2773 1810 tnaxima:
2800 1754 3094 1814 felicitatis.
3120 1768 3240 1823 quae
3286 1766 3475 1819 appre-

1910 1848 2141 1901 hensura
2172 1849 2241 1902 sit
2278 1863 2399 1902 eam
2430 1858 2644 1918 gentem
2669 1863 2736 1901 ex
2778 1863 2886 1917 qua
2930 1846 3057 1900 illud
3100 1846 3333 1898 endavcr
3385 1844 3476 1895 dc-

1908 1941 2135 1997 scendit.
2187 1940 2296 1994 lloc
2357 1940 2574 2009 quidem
2622 1939 2865 2010 Byzantii
2918 1936 3208 2007 contigisse
3262 1936 3473 1988 audivi-

1906 2050 2047 2088 lllUS.

1974 2127 2269 2180 Januarum
2312 2128 2421 2182 dux
2446 2126 2533 2181 ubi
2571 2123 2953 2180 animadvertit
2987 2136 3176 2192 parum
3208 2130 3470 2190 Opportu—

1906 2234 2033 2272 num
2091 2236 2213 2277 esse
2272 2222 2435 2275 urbes
2486 2233 2839 2290 oppugnare.
2906 2218 2957 2270 in
3010 2215 3202 2284 Sparta
3253 2214 3470 2281 l‘cllqull

1904 2313 2153 2368 Omarem
2204 2324 2257 2367 et
2288 2314 2522 2368 Asanem
2569 2324 2627 2368 ut
2659 2311 2984 2378 colloquium
3013 2308 3171 2378 301
3216 2307 3474 2359 haberent

1904 2417 2023 2455 cmn
2056 2402 2358 2473 Spartanis.
2392 2401 2452 2456 Hi
2486 2403 2650 2465 enim,
2686 2402 2778 2456 ubi
2826 2399 3209 2455 intellexerant
3240 2395 3473 2450 Venetos

1902 2490 2106 2545 Isthmo
2137 2494 2452 2557 decessisse,
2494 2493 2561 2547 ab
2611 2491 2840 2545 Taenaro
2867 2500 2923 2545 et
2966 2490 3235 2561 Epidauro
3291 2496 3345 2540 et
3405 2488 3472 2537 ah

1903 2585 2022 2637 aliis
2057 2585 2190 2638 locis
2216 2586 2280 2638 ad
2312 2601 2407 2639 sua
2441 2587 2643 2638 reversi
2671 2583 3012 2639 conabantur
3033 2598 3131 2637 sua
3156 2579 3469 2635 defendere.

1904 2678 1972 2728 At
2001 2677 2075 2729 illi
2110 2677 2390 2731 venit-otes
2419 2677 2470 2729 in
2504 2676 2780 2745 Spartam,
2821 2692 3127 2730 sermonem
3157 2692 3279 2729 cum
3304 2676 3470 2743 Spar-

1906 2768 2043 2821 tanis
2071 2768 2346 2821 habuere:
2376 2768 2700 2837 quihusdam
2748 2766 2935 2829 etiam,
2968 2768 3058 2835 qui
3088 2768 3139 2819 in
3190 2767 3323 2819 locis
3356 2784 3474 2818 mu-

1904 2861 2192 2915 nitissimis
2224 2877 2282 2915 se
2328 2862 2605 2927 tenebant,
2657 2876 2978 2931 persoasere
3036 2869 3093 2914 ut
3151 2862 3388 2914 redirent
3420 2864 3471 2913 in

1904 2952 2117 3005 urbem.
2155 2953 2421 3007 Caeterum
2454 2956 2672 3007 mittens
2702 2956 2912 3008 Asanes
2942 2955 3007 3006 ad
3046 2969 3141 3007 eos
3172 2956 3263 3022 qui
3292 2970 3471 3008 versa-

1903 3044 2101 3097 bantur
2138 3044 2189 3097 in
2223 3044 2450 3098 Taenaro
2482 3057 2536 3099 et
2583 3045 2845 3107 Laconia.
2880 3046 2959 3100 sic
3012 3061 3105 3100 eos
3154 3047 3473 3101 adhortatus

1903 3144 1987 3189 est
2014 3152 2028 3188 :
2052 3133 2166 3189 Viri
2196 3134 2470 3203 Spartani,
2504 3136 2694 3190 videtis
2716 3137 2998 3201 nimirum,
3027 3137 3129 3191 nisi
3156 3138 3287 3191 calci
3314 3141 3471 3202 estis,

1904 3242 2013 3296 quo
2038 3228 2140 3281 loci
2166 3226 2493 3282 Venetorum
2515 3244 2601 3282 res
2628 3228 2857 3281 redactae
2879 3240 3026 3294 sunt,
3056 3245 3119 3282 ex
3141 3245 3249 3298 quo
3274 3231 3470 3285 bellum

1905 3320 2015 3389 regi
2041 3320 2444 3385 indixerunt,et
2473 3322 2761 3375 maximam
2789 3323 3038 3391 potentia:
3054 3339 3163 3376 sua:
3185 3333 3390 3393 partem
3420 3330 3469 3376 in

1903 3413 2279 3483 Pel0ponneso
2314 3422 2681 3467 ostentarunt.
2715 3410 2981 3467 Praeterea
3019 3414 3162 3467 haud
3190 3430 3287 3469 vos
3309 3417 3469 3483 fugit,

1902 3507 2032 3576 quid
2059 3507 2109 3559 in
2139 3506 2342 3559 Isthmo
2368 3515 2421 3559 et
2454 3508 2505 3557 in
2538 3506 2744 3574 reliqua
2773 3505 3130 3575 Peloponnesi
3158 3509 3375 3578 regione
3402 3510 3469 3565 iis

1903 3598 2183 3663 acciderit,
2234 3600 2484 3667 quamvis
2518 3598 2678 3667 regia:
2720 3598 2888 3666 capia:
2935 3614 3097 3668 quam
3160 3602 3472 3670 longissime

1906 3692 2109 3746 fuerint
2136 3701 2376 3755 remotae,
2410 3701 2463 3745 et
2492 3692 2591 3759 ipsi
2624 3705 2785 3759 quam
2820 3692 3053 3745 maxime
3087 3694 3138 3744 in
3168 3709 3334 3745 unum
3363 3696 3473 3746 col-

1906 3788 2050 3842 lecti.
2087 3787 2144 3841 Si
2180 3788 2391 3856 regium
2427 3799 2644 3839 servum
2684 3783 2959 3837 hostiliter
2990 3784 3277 3838 adeuntem
3310 3788 3477 3839 susti-

1905 3897 2031 3935 nere
2063 3880 2450 3949 nequiverunt,
2478 3877 2605 3947 quid
2658 3879 2903 3931 futurum
2931 3886 3069 3939 erat,
3128 3879 3172 3931 si
3210 3894 3302 3932 rex
3357 3880 3473 3947 ipse

1904 3989 2009 4027 una
2029 3989 2149 4026 cum
2184 3973 2367 4041 januis
2389 3972 2441 4024 in
2466 3972 2893 4041 Peloponnesum
2916 3973 3178 4041 impetum
3209 3973 3476 4027 dedisset?

1904 4063 2152 4118 Proiecto
2177 4063 2353 4117 nullus
2388 4062 2541 4116 locus
2583 4062 2634 4115 in
2678 4062 3049 4131 Peloponneso
3096 4062 3289 4117 fuisset
3342 4066 3471 4117 reli-

1903 4166 2041 4219 ctus,
2072 4156 2163 4224 qui
2196 4155 2263 4207 ab
2307 4155 2427 4208 belli
2477 4153 2598 4220 jure
2627 4154 2919 4208 mansisset
2984 4155 3243 4222 intactus,
3282 4173 3468 4210 verum

1903 4248 2025 4303 belli
2048 4256 2338 4317 tempestas
2367 4248 2548 4299 omnia
2574 4246 2871 4300 locdiSsime
2894 4245 3230 4314 dissipasset.
3270 4248 3382 4303 Rex
3415 4260 3475 4304 ut

1903 4337 2295 4407 Thermopylas
2313 4336 2514 4405 attigit,
2534 4336 2743 4389 audivit
2766 4334 3015 4400 Venetos,
3037 4336 3227 4389 relicto
3243 4336 3470 4399 Isthmo.

1907 4430 2127 4492 abiisse,
2157 4438 2215 4481 ut
2246 4436 2534 4497 appetente
2565 4442 2690 4480 vere
2722 4426 2963 4481 redirent
3016 4428 3068 4480 in
3105 4425 3387 4493 Euboeam,
3418 4442 3473 4481 et

1903 4523 2001 4576 ista
2035 4523 2151 4575 loca
2172 4521 2357 4575 omnia
2410 4521 2462 4573 in
2514 4520 2779 4573 ditionem
2840 4520 3173 4588 acciperent.
3216 4520 3372 4575 Nunc
3417 4539 3464 4573 SI

224 4608 626 4677 Θερμοπύλαις
659 4609 1011 4678 ἀφικόμενος,
1040 4609 1289 4674 ἐπύθετο,
1324 4610 1398 4672 ὡς
1436 4614 1796 4678 ἀπολιπόντες
1830 4620 1873 4673 D
1904 4616 2113 4670 veniam
2140 4627 2146 4668 ι

1547 4614 1796 4678 λιπόντες
1830 4620 1873 4673 D
1904 4616 2113 4670 veniam
2140 4614 2241 4685 (ad
2272 4627 2434 4682 quam
2463 4611 2617 4665 vobis
2670 4620 2820 4665 tutus
2854 4620 3105 4680 receptus
3142 4623 3248 4677 est,
3280 4628 3469 4667 eorum

225 4703 325 4751 τὸν
355 4701 587 4768 Ἰσθμὸν,
616 4700 824 4768 οἴχοντο
846 4700 892 4751 oi
923 4701 1193 4763 Οὑενετοὶ,
1229 4701 1305 4762 ὡς
1346 4698 1480 4772 ἦρος
1515 4705 1799 4771 ἐπιφανέν-

226 4808 349 4855 τος,
389 4792 585 4842 αὐτίκα
616 4791 681 4841 ἶν’
710 4791 937 4843 ἔλθωσιν
968 4791 1060 4843 ἐπὶ
1088 4791 1329 4860 Εῦῦοιαν,
1360 4799 1448 4846 καὶ
1482 4798 1601 4848 τάδε
1630 4798 1800 4851 πάντα

226 4886 324 4953 ὑφ’
368 4884 550 4935 αὐτῶν
612 4884 987 4952 ποιησόμενοι.
1028 4883 1089 4934 Εἰ
1142 4880 1233 4936 οὖν
1291 4889 1618 4955 παρέχοντος
1650 4889 1801 4958 βασι-

229 4981 378 5038 λέως
405 4977 731 5044 συγγνώμην
757 4976 839 5044 ἐφ’
864 4970 941 5037 οἷς
974 4975 1354 5047 ὲξηπατήθητε
1390 4980 1494 5031 ὑπὸ
1549 4982 1655 5033 τῶν
1705 4985 1802 5036 κὰ-

226 5072 383 5126 κιστ⁸
419 5070 804 5137 απολουμένων
846 5069 1315 5138 Πελοποννησίων,
1345 5073 1455 5124 τῶν
1496 5077 1632 5144 πρὸς
1662 5078 1802 5128 Οὑε-

229 5166 431 5224 νετοὶος
481 5163 892 5229 τετραμμένων,
934 5162 1025 5213 καὶ
1061 5162 1169 5213 οὐδ’
1211 5163 1386 5216 ὁτιοῦν
1416 5165 1564 5232 ὑγιὲς
1608 5172 1672 5237 τῇ
1702 5170 1807 5239 χώ-

234 5278 312 5328 ρα
344 5255 470 5324 τῇδε
498 5254 895 5316 διανοουμένων
922 5270 935 5285 ο
971 5249 1089 5305 οἶδα
1116 5258 1222 5323 γὰρ
1260 5255 1333 5318 ὡς
1370 5257 1686 5311 ἐπετέλλετο
1715 5262 1805 5329 βα-

234 5351 448 5411 σιλεὺς,
514 5346 618 5397 τῶν
669 5344 776 5396 ἀπὸ
824 5345 1230 5414 Πελοποννήσου
1313 5348 1478 5416 μηδὲν
1537 5350 1803 5419 μηδαμῶς

232 5442 433 5499 ἀεικὲς
493 5440 800 5506 ἐπιφέρειν,
843 5437 982 5491 ὥστε
1036 5439 1541 5507 ἀνδραποδίζεσθαι,
1594 5444 1721 5496 ἄλλο
1751 5462 1804 5495 τι

232 5536 547 5603 ἀνήκεστον
580 5532 755 5582 ποιεῖν
796 5528 913 5581 ἀλλ’
964 5530 1331 5598 ἐμμενόντων,
1378 5534 1806 5602 ὑποστρέφοντες

238 5633 296 5691 ἐς
319 5628 417 5681 τὸν
448 5624 628 5693 χῶρον
655 5621 818 5675 αὑτοῦ
852 5622 1084 5683 ἕκαστος
1138 5624 1230 5675 καὶ
1257 5626 1336 5687 εὶς
1369 5626 1435 5677 τὰ
1468 5629 1663 5680 οἰκεῖα.
1697 5629 1807 5681 Καὶ

1907 4727 2028 4781 qua:
2046 4707 2674 4775 commisististurpiter.
2721 4707 2987 4775 deceptia
3022 4707 3276 4775 pessimis
3322 4708 3474 4763 Pelo-

1910 4802 2276 4874 ponnesiacis,
2308 4800 2399 4870 qui
2433 4800 2566 4853 nihil
2598 4799 2715 4852 sani
2758 4799 2963 4869 regioni
2994 4800 3081 4854 isti
3128 4801 3472 4869 consuluere)

1908 4894 2137 4964 amplexi
2156 4892 2390 4957 fueritis,
2406 4891 2519 4945 seio
2538 4891 2638 4959 (sic
2654 4890 2796 4943 enim
2815 4892 3069 4960 praecepit
3086 4894 3200 4961 rex)
3220 4908 3313 4947 vos
3338 4896 3471 4946 nihil

1911 4987 2036 5039 mali
2066 4998 2326 5055 passuros
2362 4996 2377 5033 :
2410 4996 2507 5035 nec
2561 4981 2626 5033 ad
2680 4980 3074 5049 mancipiorum
3107 4983 3470 5036 miserandam

1912 5077 2278 5131 conditionem
2309 5073 2673 5134 deducemini,
2701 5062 2803 5126 n‘ec
2839 5072 2986 5125 aliud
3018 5074 3315 5141 quidquam
3346 5076 3470 5126 mali

1911 5166 2285 5237 experiemini.
2313 5163 2545 5217 Proinde
2580 5165 2625 5216 si
2657 5163 2832 5230 placet
2860 5162 3073 5215 veniam
3113 5164 3346 5216 oblatam
3378 5165 3472 5217 ad-

1915 5266 2145 5323 mittere,
2173 5257 2369 5326 singuli
2409 5256 2475 5310 ad
2504 5270 2598 5307 sua
2662 5262 3023 5307 revertantur.
3054 5254 3207 5319 Quod
3238 5256 3283 5307 si
3314 5257 3471 5309 obla-

1912 5364 2020 5408 tam
2037 5353 2248 5405 veniam
2274 5346 2610 5418 respueritis.
2628 5345 2873 5415 profecto
2888 5361 2983 5399 rex
3010 5360 3106 5398 vos
3126 5346 3474 5413 quemadmo-

1913 5449 2039 5501 dum
2063 5455 2117 5498 et
2149 5443 2397 5502 Venetos,
2425 5440 2662 5492 hostium
2685 5439 2807 5491 loco
2831 5438 3071 5490 habebit.
3098 5436 3193 5489 His
3218 5438 3468 5505 cognitis,

1915 5539 2131 5603 quidam
2166 5548 2350 5587 eorum
2384 5532 2476 5599 qui
2510 5531 2563 5583 in
2614 5543 2795 5599 regem
2849 5530 3211 5596 deliquerant,
3259 5530 3472 5581 veniant

1916 5642 2024 5681 non
2066 5635 2192 5680 sunt
2238 5622 2507 5689 aspernati
2544 5636 2558 5672 :
2595 5620 2811 5674 etclam
2845 5618 3161 5673 deﬁcientes
3193 5634 3221 5671 a
3256 5616 3476 5674 Venetis

1506 5765 1754 5827 Nolulte
1802 5766 2203 5841 marginales.

342 5895 390 5927 ⁸⁸
413 5895 475 5949 lu
507 5912 632 5954 uno.
666 5890 849 5943 αὐτοῦ.

574 5991 839 6049 Ρετιιυι..
882 5990 971 6044 Un
1046 5982 1247 6041 CLIX.

2971 5979 3041 6038 18
