  <div class='ocr_page' id='page_1' title='image "/cluster/home/n/w/nwhite01/storage/ocr_20150623/159/nnc1.0046980628/287.png"; bbox 0 0 4866 6594; ppageno 0'>
   <div class='ocr_carea' id='block_1_1' title="bbox 1305 547 1411 609">
    <p class='ocr_par' dir='ltr' id='par_1_1' title="bbox 1305 547 1411 609">
     <span class='ocr_line' id='line_1_1' title="bbox 1305 547 1411 609; baseline -0.019 0"><span class='ocrx_word' id='word_1_1' title='bbox 1305 547 1411 609; x_wconf 67' lang='grc'><strong>555</strong></span> 
     </span>
    </p>
   </div>
   <div class='ocr_carea' id='block_1_2' title="bbox 2496 535 3335 609">
    <p class='ocr_par' dir='ltr' id='par_1_2' title="bbox 2496 535 3335 609">
     <span class='ocr_line' id='line_1_2' title="bbox 2496 535 3335 609; baseline -0.005 -13"><span class='ocrx_word' id='word_1_2' title='bbox 2496 538 2949 609; x_wconf 75' lang='lat' dir='ltr'><strong>MARQUARDI</strong></span> <span class='ocrx_word' id='word_1_3' title='bbox 2994 535 3335 596; x_wconf 46' lang='lat' dir='ltr'><strong>li‘itEllERl</strong></span> 
     </span>
    </p>
   </div>
   <div class='ocr_carea' id='block_1_3' title="bbox 4425 528 4527 590">
    <p class='ocr_par' dir='ltr' id='par_1_3' title="bbox 4425 528 4527 590">
     <span class='ocr_line' id='line_1_3' title="bbox 4425 528 4527 590; baseline 0.039 -4"><span class='ocrx_word' id='word_1_4' title='bbox 4425 528 4527 590; x_wconf 67' lang='lat'><strong>556</strong></span> 
     </span>
    </p>
   </div>
   <div class='ocr_carea' id='block_1_4' title="bbox 1301 645 3223 727">
    <p class='ocr_par' dir='ltr' id='par_1_4' title="bbox 1301 651 3223 727">
     <span class='ocr_line' id='line_1_4' title="bbox 1301 651 3223 727; baseline -0.003 -18"><span class='ocrx_word' id='word_1_5' title='bbox 1301 656 1367 709; x_wconf 86' lang='lat' dir='ltr'><strong>ad</strong></span> <span class='ocrx_word' id='word_1_6' title='bbox 1391 671 1488 710; x_wconf 89' lang='lat' dir='ltr'><strong>sua</strong></span> <span class='ocrx_word' id='word_1_7' title='bbox 1525 663 1655 710; x_wconf 90' lang='lat' dir='ltr'><strong>sunt</strong></span> <span class='ocrx_word' id='word_1_8' title='bbox 1682 653 1904 724; x_wconf 76' lang='lat' dir='ltr'><strong>dilapsi.</strong></span> <span class='ocrx_word' id='word_1_9' title='bbox 1933 652 2167 720; x_wconf 83' lang='lat' dir='ltr'><strong>Quidam</strong></span> <span class='ocrx_word' id='word_1_10' title='bbox 2195 668 2323 707; x_wconf 82' lang='lat' dir='ltr'><strong>vero</strong></span> <span class='ocrx_word' id='word_1_11' title='bbox 2348 651 2438 722; x_wconf 87' lang='lat' dir='ltr'><strong>qui</strong></span> <span class='ocrx_word' id='word_1_12' title='bbox 2461 654 2698 721; x_wconf 74' lang='lat' dir='ltr'><strong>graviter</strong></span> <span class='ocrx_word' id='word_1_13' title='bbox 2721 654 2866 706; x_wconf 85' lang='lat' dir='ltr'><strong>ohsi-</strong></span> <span class='ocrx_word' id='word_1_14' title='bbox 2898 673 2938 727; x_wconf 65' lang='grc' dir='ltr'><strong>Α</strong></span> <span class='ocrx_word' id='word_1_15' title='bbox 2972 654 3018 704; x_wconf 75' lang='grc' dir='ltr'><strong>εξ</strong></span> <span class='ocrx_word' id='word_1_16' title='bbox 3056 654 3128 721; x_wconf 81' lang='grc' dir='ltr'><strong>μὴ</strong></span> <span class='ocrx_word' id='word_1_17' title='bbox 3166 669 3223 703; x_wconf 79' lang='grc' dir='ltr'><strong>το</strong></span> 
     </span>
    </p>
   </div>
   <div class='ocr_carea' id='block_1_5' title="bbox 2604 645 4526 727">
    <p class='ocr_par' dir='ltr' id='par_1_5' title="bbox 2604 645 4526 727">
     <span class='ocr_line' id='line_1_5' title="bbox 2604 645 4526 727; baseline -0.005 -21"><span class='ocrx_word' id='word_1_18' title='bbox 2604 655 2698 707; x_wconf 91' lang='lat' dir='ltr'><strong>iter</strong></span> <span class='ocrx_word' id='word_1_19' title='bbox 2721 654 2866 706; x_wconf 85' lang='lat' dir='ltr'><strong>ohsi-</strong></span> <span class='ocrx_word' id='word_1_20' title='bbox 2898 673 2938 727; x_wconf 66' lang='grc' dir='ltr'><strong>Α</strong></span> <span class='ocrx_word' id='word_1_21' title='bbox 2972 654 3018 704; x_wconf 73' lang='grc' dir='ltr'><strong>εξ</strong></span> <span class='ocrx_word' id='word_1_22' title='bbox 3056 654 3128 721; x_wconf 81' lang='grc' dir='ltr'><strong>μὴ</strong></span> <span class='ocrx_word' id='word_1_23' title='bbox 3166 651 3325 703; x_wconf 74' lang='grc' dir='ltr'><strong>τοῦτο</strong></span> <span class='ocrx_word' id='word_1_24' title='bbox 3356 651 3666 710; x_wconf 76' lang='grc' dir='ltr'><strong>πείσονται,</strong></span> <span class='ocrx_word' id='word_1_25' title='bbox 3702 647 3798 700; x_wconf 78' lang='grc' dir='ltr'><strong>καὶ</strong></span> <span class='ocrx_word' id='word_1_26' title='bbox 3825 646 3985 708; x_wconf 85' lang='grc' dir='ltr'><strong>αὐτὸς</strong></span> <span class='ocrx_word' id='word_1_27' title='bbox 4014 646 4130 715; x_wconf 76' lang='grc' dir='ltr'><strong>ἅμα</strong></span> <span class='ocrx_word' id='word_1_28' title='bbox 4161 647 4270 709; x_wconf 75' lang='grc' dir='ltr'><strong>τοῖς</strong></span> <span class='ocrx_word' id='word_1_29' title='bbox 4335 645 4526 697; x_wconf 60' lang='lat' dir='ltr'><strong>0-Serie-</strong></span> 
     </span>
    </p>
   </div>
   <div class='ocr_carea' id='block_1_6' title="bbox 1302 744 2865 809">
    <p class='ocr_par' dir='ltr' id='par_1_6' title="bbox 1302 744 2865 809">
     <span class='ocr_line' id='line_1_6' title="bbox 1302 744 2865 809; baseline -0.001 -10"><span class='ocrx_word' id='word_1_30' title='bbox 1302 749 1568 802; x_wconf 85' lang='lat' dir='ltr'><strong>debnntur</strong></span> <span class='ocrx_word' id='word_1_31' title='bbox 1607 748 1659 799; x_wconf 93' lang='lat' dir='ltr'><strong>in</strong></span> <span class='ocrx_word' id='word_1_32' title='bbox 1712 747 1964 809; x_wconf 68' lang='lat' dir='ltr'><strong>Taenaro,</strong></span> <span class='ocrx_word' id='word_1_33' title='bbox 2026 744 2294 799; x_wconf 90' lang='lat' dir='ltr'><strong>miserunt</strong></span> <span class='ocrx_word' id='word_1_34' title='bbox 2329 747 2574 808; x_wconf 90' lang='lat' dir='ltr'><strong>nuntios.</strong></span> <span class='ocrx_word' id='word_1_35' title='bbox 2628 757 2685 799; x_wconf 91' lang='lat' dir='ltr'><strong>ut</strong></span> <span class='ocrx_word' id='word_1_36' title='bbox 2737 746 2865 809; x_wconf 84' lang='lat' dir='ltr'><strong>quid</strong></span> 
     </span>
    </p>
   </div>
   <div class='ocr_carea' id='block_1_7' title="bbox 1306 833 2867 906">
    <p class='ocr_par' dir='ltr' id='par_1_7' title="bbox 1306 833 2867 906">
     <span class='ocr_line' id='line_1_7' title="bbox 1306 833 2867 906; baseline -0.003 -17"><span class='ocrx_word' id='word_1_37' title='bbox 1306 847 1560 906; x_wconf 85' lang='lat' dir='ltr'><strong>pararent</strong></span> <span class='ocrx_word' id='word_1_38' title='bbox 1586 834 1879 891; x_wconf 85' lang='lat' dir='ltr'><strong>Psunones</strong></span> <span class='ocrx_word' id='word_1_39' title='bbox 1910 834 2180 890; x_wconf 90' lang='lat' dir='ltr'><strong>audirent.</strong></span> <span class='ocrx_word' id='word_1_40' title='bbox 2209 834 2341 888; x_wconf 83' lang='lat' dir='ltr'><strong>Nam</strong></span> <span class='ocrx_word' id='word_1_41' title='bbox 2376 833 2561 888; x_wconf 85' lang='lat' dir='ltr'><strong>Veneti</strong></span> <span class='ocrx_word' id='word_1_42' title='bbox 2596 834 2867 889; x_wconf 85' lang='lat' dir='ltr'><strong>consolari</strong></span> 
     </span>
    </p>
   </div>
   <div class='ocr_carea' id='block_1_8' title="bbox 1306 926 2869 997">
    <p class='ocr_par' dir='ltr' id='par_1_8' title="bbox 1306 926 2869 997">
     <span class='ocr_line' id='line_1_8' title="bbox 1306 926 2869 997; baseline -0.002 -14"><span class='ocrx_word' id='word_1_43' title='bbox 1306 930 1447 984; x_wconf 88' lang='lat' dir='ltr'><strong>haud</strong></span> <span class='ocrx_word' id='word_1_44' title='bbox 1478 930 1768 983; x_wconf 75' lang='lat' dir='ltr'><strong>cessabant</strong></span> <span class='ocrx_word' id='word_1_45' title='bbox 1806 928 2299 997; x_wconf 74' lang='lat' dir='ltr'><strong>Peloponnesiacos</strong></span> <span class='ocrx_word' id='word_1_46' title='bbox 2323 936 2377 980; x_wconf 90' lang='lat' dir='ltr'><strong>et</strong></span> <span class='ocrx_word' id='word_1_47' title='bbox 2406 926 2570 989; x_wconf 85' lang='lat' dir='ltr'><strong>alios,</strong></span> <span class='ocrx_word' id='word_1_48' title='bbox 2623 927 2869 980; x_wconf 83' lang='lat' dir='ltr'><strong>dicentes</strong></span> 
     </span>
    </p>
   </div>
   <div class='ocr_carea' id='block_1_9' title="bbox 1305 1015 2865 1089">
    <p class='ocr_par' dir='ltr' id='par_1_9' title="bbox 1305 1015 2865 1089">
     <span class='ocr_line' id='line_1_9' title="bbox 1305 1015 2865 1089; baseline -0.004 -15"><span class='ocrx_word' id='word_1_49' title='bbox 1305 1019 1395 1074; x_wconf 90' lang='lat' dir='ltr'><strong>ubi</strong></span> <span class='ocrx_word' id='word_1_50' title='bbox 1430 1021 1663 1089; x_wconf 87' lang='lat' dir='ltr'><strong>primum</strong></span> <span class='ocrx_word' id='word_1_51' title='bbox 1713 1016 2007 1072; x_wconf 87' lang='lat' dir='ltr'><strong>Pannones</strong></span> <span class='ocrx_word' id='word_1_52' title='bbox 2059 1017 2127 1071; x_wconf 86' lang='lat' dir='ltr'><strong>ab</strong></span> <span class='ocrx_word' id='word_1_53' title='bbox 2157 1017 2297 1070; x_wconf 90' lang='lat' dir='ltr'><strong>Istro</strong></span> <span class='ocrx_word' id='word_1_54' title='bbox 2324 1015 2529 1069; x_wconf 78' lang='lat' dir='ltr'><strong>fuerint</strong></span> <span class='ocrx_word' id='word_1_55' title='bbox 2569 1016 2865 1085; x_wconf 80' lang='lat' dir='ltr'><strong>progressi,</strong></span> 
     </span>
    </p>
   </div>
   <div class='ocr_carea' id='block_1_10' title="bbox 1304 1105 2872 1177">
    <p class='ocr_par' dir='ltr' id='par_1_10' title="bbox 1304 1105 2872 1177">
     <span class='ocr_line' id='line_1_10' title="bbox 1304 1105 2872 1177; baseline -0.003 -13"><span class='ocrx_word' id='word_1_56' title='bbox 1304 1128 1403 1164; x_wconf 89' lang='lat' dir='ltr'><strong>nos</strong></span> <span class='ocrx_word' id='word_1_57' title='bbox 1426 1128 1548 1164; x_wconf 82' lang='lat' dir='ltr'><strong>cum</strong></span> <span class='ocrx_word' id='word_1_58' title='bbox 1581 1110 1755 1164; x_wconf 80' lang='lat' dir='ltr'><strong>classe</strong></span> <span class='ocrx_word' id='word_1_59' title='bbox 1799 1110 1853 1163; x_wconf 91' lang='lat' dir='ltr'><strong>in</strong></span> <span class='ocrx_word' id='word_1_60' title='bbox 1905 1108 2311 1177; x_wconf 85' lang='lat' dir='ltr'><strong>Hellespontum</strong></span> <span class='ocrx_word' id='word_1_61' title='bbox 2363 1117 2721 1162; x_wconf 75' lang='lat' dir='ltr'><strong>revertemur.</strong></span> <span class='ocrx_word' id='word_1_62' title='bbox 2770 1105 2872 1159; x_wconf 81' lang='lat' dir='ltr'><strong>Re-</strong></span> 
     </span>
    </p>
   </div>
   <div class='ocr_carea' id='block_1_11' title="bbox 1307 1197 2871 1272">
    <p class='ocr_par' dir='ltr' id='par_1_11' title="bbox 1307 1197 2871 1272">
     <span class='ocr_line' id='line_1_11' title="bbox 1307 1197 2871 1272; baseline -0.003 -17"><span class='ocrx_word' id='word_1_63' title='bbox 1307 1202 1429 1272; x_wconf 81' lang='lat' dir='ltr'><strong>gius</strong></span> <span class='ocrx_word' id='word_1_64' title='bbox 1444 1204 1548 1254; x_wconf 78' lang='lat' dir='ltr'><strong>dux</strong></span> <span class='ocrx_word' id='word_1_65' title='bbox 1573 1200 1930 1255; x_wconf 79' lang='lat' dir='ltr'><strong>Machumetis</strong></span> <span class='ocrx_word' id='word_1_66' title='bbox 1952 1214 2074 1254; x_wconf 92' lang='lat' dir='ltr'><strong>cum</strong></span> <span class='ocrx_word' id='word_1_67' title='bbox 2105 1198 2347 1263; x_wconf 89' lang='lat' dir='ltr'><strong>abiisset,</strong></span> <span class='ocrx_word' id='word_1_68' title='bbox 2367 1197 2871 1254; x_wconf 75' lang='lat' dir='ltr'><strong>Venetorum-trire-</strong></span> 
     </span>
    </p>
   </div>
   <div class='ocr_carea' id='block_1_12' title="bbox 1311 1291 2867 1363">
    <p class='ocr_par' dir='ltr' id='par_1_12' title="bbox 1311 1291 2867 1363">
     <span class='ocr_line' id='line_1_12' title="bbox 1311 1291 2867 1363; baseline -0.001 -16"><span class='ocrx_word' id='word_1_69' title='bbox 1311 1310 1425 1348; x_wconf 85' lang='lat' dir='ltr'><strong>mes</strong></span> <span class='ocrx_word' id='word_1_70' title='bbox 1448 1296 1771 1363; x_wconf 88' lang='lat' dir='ltr'><strong>appulerunt</strong></span> <span class='ocrx_word' id='word_1_71' title='bbox 1794 1294 1847 1346; x_wconf 92' lang='lat' dir='ltr'><strong>in</strong></span> <span class='ocrx_word' id='word_1_72' title='bbox 1874 1291 2137 1347; x_wconf 87' lang='lat' dir='ltr'><strong>Lemnum</strong></span> <span class='ocrx_word' id='word_1_73' title='bbox 2165 1308 2180 1345; x_wconf 92' lang='lat'><strong>:</strong></span> <span class='ocrx_word' id='word_1_74' title='bbox 2214 1291 2448 1362; x_wconf 88' lang='lat' dir='ltr'><strong>impulsu</strong></span> <span class='ocrx_word' id='word_1_75' title='bbox 2473 1294 2734 1348; x_wconf 76' lang='lat' dir='ltr'><strong>Coutneui</strong></span> <span class='ocrx_word' id='word_1_76' title='bbox 2758 1292 2867 1362; x_wconf 74' lang='lat' dir='ltr'><strong>(l8)</strong></span> 
     </span>
    </p>
   </div>
   <div class='ocr_carea' id='block_1_13' title="bbox 1308 1385 2872 1455">
    <p class='ocr_par' dir='ltr' id='par_1_13' title="bbox 1308 1385 2872 1455">
     <span class='ocr_line' id='line_1_13' title="bbox 1308 1385 2872 1455; baseline 0.001 -16"><span class='ocrx_word' id='word_1_77' title='bbox 1308 1388 1409 1441; x_wconf 83' lang='lat' dir='ltr'><strong>viri</strong></span> <span class='ocrx_word' id='word_1_78' title='bbox 1494 1387 1704 1455; x_wconf 86' lang='lat' dir='ltr'><strong>optimi,</strong></span> <span class='ocrx_word' id='word_1_79' title='bbox 1776 1385 1869 1454; x_wconf 91' lang='lat' dir='ltr'><strong>qui</strong></span> <span class='ocrx_word' id='word_1_80' title='bbox 1926 1385 2121 1439; x_wconf 85' lang='lat' dir='ltr'><strong>ibidem</strong></span> <span class='ocrx_word' id='word_1_81' title='bbox 2180 1386 2235 1440; x_wconf 94' lang='lat' dir='ltr'><strong>in</strong></span> <span class='ocrx_word' id='word_1_82' title='bbox 2300 1385 2507 1440; x_wconf 87' lang='lat' dir='ltr'><strong>Lemno</strong></span> <span class='ocrx_word' id='word_1_83' title='bbox 2559 1400 2741 1441; x_wconf 78' lang='lat' dir='ltr'><strong>arcem</strong></span> <span class='ocrx_word' id='word_1_84' title='bbox 2790 1399 2872 1441; x_wconf 90' lang='lat' dir='ltr'><strong>te-</strong></span> 
     </span>
    </p>
   </div>
   <div class='ocr_carea' id='block_1_14' title="bbox 1306 1476 2871 1548">
    <p class='ocr_par' dir='ltr' id='par_1_14' title="bbox 1306 1476 2871 1548">
     <span class='ocr_line' id='line_1_14' title="bbox 1306 1476 2871 1548; baseline 0.001 -15"><span class='ocrx_word' id='word_1_85' title='bbox 1306 1483 1493 1535; x_wconf 80' lang='lat' dir='ltr'><strong>nebat.</strong></span> <span class='ocrx_word' id='word_1_86' title='bbox 1564 1478 1853 1533; x_wconf 84' lang='lat' dir='ltr'><strong>Venientes</strong></span> <span class='ocrx_word' id='word_1_87' title='bbox 1905 1491 2086 1533; x_wconf 89' lang='lat' dir='ltr'><strong>autem</strong></span> <span class='ocrx_word' id='word_1_88' title='bbox 2147 1476 2336 1533; x_wconf 89' lang='lat' dir='ltr'><strong>Lemni</strong></span> <span class='ocrx_word' id='word_1_89' title='bbox 2394 1480 2663 1548; x_wconf 84' lang='lat' dir='ltr'><strong>primores</strong></span> <span class='ocrx_word' id='word_1_90' title='bbox 2722 1480 2871 1535; x_wconf 88' lang='lat' dir='ltr'><strong>urbis</strong></span> 
     </span>
    </p>
   </div>
   <div class='ocr_carea' id='block_1_15' title="bbox 1304 1553 2874 1627">
    <p class='ocr_par' dir='ltr' id='par_1_15' title="bbox 1304 1553 2874 1627">
     <span class='ocr_line' id='line_1_15' title="bbox 1304 1553 2874 1627; baseline 0.001 -4"><span class='ocrx_word' id='word_1_91' title='bbox 1304 1571 1557 1624; x_wconf 86' lang='lat' dir='ltr'><strong>collocuti</strong></span> <span class='ocrx_word' id='word_1_92' title='bbox 1595 1580 1723 1623; x_wconf 89' lang='lat' dir='ltr'><strong>sunt</strong></span> <span class='ocrx_word' id='word_1_93' title='bbox 1768 1570 1906 1623; x_wconf 88' lang='lat' dir='ltr'><strong>ihter</strong></span> <span class='ocrx_word' id='word_1_94' title='bbox 1941 1584 1999 1623; x_wconf 91' lang='lat' dir='ltr'><strong>se</strong></span> <span class='ocrx_word' id='word_1_95' title='bbox 2024 1553 2288 1622; x_wconf 38' lang='lat' dir='ltr'><strong>ut&#39;locum</strong></span> <span class='ocrx_word' id='word_1_96' title='bbox 2329 1584 2458 1623; x_wconf 90' lang='lat' dir='ltr'><strong>eum</strong></span> <span class='ocrx_word' id='word_1_97' title='bbox 2499 1570 2718 1627; x_wconf 82' lang='lat' dir='ltr'><strong>Venetis</strong></span> <span class='ocrx_word' id='word_1_98' title='bbox 2747 1587 2874 1625; x_wconf 81' lang='lat' dir='ltr'><strong>ven-</strong></span> 
     </span>
    </p>
   </div>
   <div class='ocr_carea' id='block_1_16' title="bbox 1307 1661 2870 1731">
    <p class='ocr_par' dir='ltr' id='par_1_16' title="bbox 1307 1661 2870 1731">
     <span class='ocr_line' id='line_1_16' title="bbox 1307 1661 2870 1731; baseline 0.003 -16"><span class='ocrx_word' id='word_1_99' title='bbox 1307 1666 1515 1717; x_wconf 85' lang='lat' dir='ltr'><strong>derent.</strong></span> <span class='ocrx_word' id='word_1_100' title='bbox 1573 1662 1841 1717; x_wconf 66' lang='lat' dir='ltr'><strong>Caeterum</strong></span> <span class='ocrx_word' id='word_1_101' title='bbox 1877 1661 2067 1716; x_wconf 81' lang='lat' dir='ltr'><strong>Veneti</strong></span> <span class='ocrx_word' id='word_1_102' title='bbox 2117 1674 2496 1731; x_wconf 68' lang='lat' dir='ltr'><strong>praevenerunt</strong></span> <span class='ocrx_word' id='word_1_103' title='bbox 2542 1679 2659 1725; x_wconf 87' lang='lat' dir='ltr'><strong>eos.</strong></span> <span class='ocrx_word' id='word_1_104' title='bbox 2713 1682 2870 1720; x_wconf 86' lang='lat' dir='ltr'><strong>oecu-</strong></span> 
     </span>
    </p>
   </div>
   <div class='ocr_carea' id='block_1_17' title="bbox 1308 1752 2876 1834">
    <p class='ocr_par' dir='ltr' id='par_1_17' title="bbox 1308 1752 2876 1834">
     <span class='ocr_line' id='line_1_17' title="bbox 1308 1752 2876 1834; baseline 0.001 -27"><span class='ocrx_word' id='word_1_105' title='bbox 1308 1766 1500 1823; x_wconf 86' lang='lat' dir='ltr'><strong>pantes</strong></span> <span class='ocrx_word' id='word_1_106' title='bbox 1532 1762 1821 1817; x_wconf 85' lang='lat' dir='ltr'><strong>areem,et</strong></span> <span class='ocrx_word' id='word_1_107' title='bbox 1872 1752 2046 1806; x_wconf 80' lang='lat' dir='ltr'><strong>virum</strong></span> <span class='ocrx_word' id='word_1_108' title='bbox 2103 1753 2248 1808; x_wconf 91' lang='lat' dir='ltr'><strong>hunc</strong></span> <span class='ocrx_word' id='word_1_109' title='bbox 2293 1755 2556 1821; x_wconf 87' lang='lat' dir='ltr'><strong>optimum</strong></span> <span class='ocrx_word' id='word_1_110' title='bbox 2606 1756 2876 1834; x_wconf 74' lang='lat' dir='ltr'><strong>miserunt</strong></span> 
     </span>
    </p>
   </div>
   <div class='ocr_carea' id='block_1_18' title="bbox 1308 1845 2876 1919">
    <p class='ocr_par' dir='ltr' id='par_1_18' title="bbox 1308 1845 2876 1919">
     <span class='ocr_line' id='line_1_18' title="bbox 1308 1845 2876 1919; baseline 0.003 -20"><span class='ocrx_word' id='word_1_111' title='bbox 1308 1847 1467 1917; x_wconf 75' lang='lat'><strong>302</strong></span> <span class='ocrx_word' id='word_1_112' title='bbox 1527 1847 1578 1899; x_wconf 94' lang='lat' dir='ltr'><strong>in</strong></span> <span class='ocrx_word' id='word_1_113' title='bbox 1635 1845 1895 1899; x_wconf 88' lang='lat' dir='ltr'><strong>lstlnnum</strong></span> <span class='ocrx_word' id='word_1_114' title='bbox 1948 1862 1961 1898; x_wconf 91' lang='lat'><strong>:</strong></span> <span class='ocrx_word' id='word_1_115' title='bbox 2008 1860 2119 1913; x_wconf 92' lang='lat' dir='ltr'><strong>quo</strong></span> <span class='ocrx_word' id='word_1_116' title='bbox 2164 1847 2503 1910; x_wconf 74' lang='lat' dir='ltr'><strong>consulente,</strong></span> <span class='ocrx_word' id='word_1_117' title='bbox 2552 1849 2876 1919; x_wconf 78' lang='lat' dir='ltr'><strong>navigarunt</strong></span> 
     </span>
    </p>
   </div>
   <div class='ocr_carea' id='block_1_19' title="bbox 1310 1936 2872 2007">
    <p class='ocr_par' dir='ltr' id='par_1_19' title="bbox 1310 1936 2872 2007">
     <span class='ocr_line' id='line_1_19' title="bbox 1310 1936 2872 2007; baseline 0.001 -15"><span class='ocrx_word' id='word_1_118' title='bbox 1310 1943 1489 1993; x_wconf 83' lang='lat' dir='ltr'><strong>denuo</strong></span> <span class='ocrx_word' id='word_1_119' title='bbox 1523 1939 1574 1991; x_wconf 92' lang='lat' dir='ltr'><strong>in</strong></span> <span class='ocrx_word' id='word_1_120' title='bbox 1602 1936 1890 1992; x_wconf 80' lang='lat' dir='ltr'><strong>Lemnum.</strong></span> <span class='ocrx_word' id='word_1_121' title='bbox 1923 1936 2129 1991; x_wconf 88' lang='lat' dir='ltr'><strong>Etcum</strong></span> <span class='ocrx_word' id='word_1_122' title='bbox 2162 1938 2284 2007; x_wconf 84' lang='lat' dir='ltr'><strong>ipse</strong></span> <span class='ocrx_word' id='word_1_123' title='bbox 2305 1938 2374 1993; x_wconf 84' lang='lat' dir='ltr'><strong>ab</strong></span> <span class='ocrx_word' id='word_1_124' title='bbox 2403 1942 2720 1995; x_wconf 87' lang='lat' dir='ltr'><strong>continente</strong></span> <span class='ocrx_word' id='word_1_125' title='bbox 2749 1958 2872 1996; x_wconf 87' lang='lat' dir='ltr'><strong>eum</strong></span> 
     </span>
    </p>
   </div>
   <div class='ocr_carea' id='block_1_20' title="bbox 2968 737 4525 811">
    <p class='ocr_par' dir='ltr' id='par_1_20' title="bbox 2968 737 4525 811">
     <span class='ocr_line' id='line_1_20' title="bbox 2968 737 4525 811; baseline -0.006 -14"><span class='ocrx_word' id='word_1_126' title='bbox 2968 749 3079 809; x_wconf 66' lang='grc' dir='ltr'><strong>τοῖς</strong></span> <span class='ocrx_word' id='word_1_127' title='bbox 3107 743 3447 811; x_wconf 74' lang='grc' dir='ltr'><strong>περιέψεται,</strong></span> <span class='ocrx_word' id='word_1_128' title='bbox 3474 743 3708 811; x_wconf 73' lang='grc' dir='ltr'><strong>πέμπων</strong></span> <span class='ocrx_word' id='word_1_129' title='bbox 3735 740 3932 800; x_wconf 76' lang='grc' dir='ltr'><strong>αὐτοὺς</strong></span> <span class='ocrx_word' id='word_1_130' title='bbox 3961 737 4134 791; x_wconf 75' lang='grc' dir='ltr'><strong>ταῦτα</strong></span> <span class='ocrx_word' id='word_1_131' title='bbox 4176 739 4525 807; x_wconf 62' lang='grc' dir='ltr'><strong>ἁμαρτάνον.</strong></span> 
     </span>
    </p>
   </div>
   <div class='ocr_carea' id='block_1_21' title="bbox 2969 831 4528 906">
    <p class='ocr_par' dir='ltr' id='par_1_21' title="bbox 2969 831 4528 906">
     <span class='ocr_line' id='line_1_21' title="bbox 2969 831 4528 906; baseline -0.005 -15"><span class='ocrx_word' id='word_1_132' title='bbox 2969 856 3087 903; x_wconf 84' lang='grc' dir='ltr'><strong>τας,</strong></span> <span class='ocrx_word' id='word_1_133' title='bbox 3131 838 3180 890; x_wconf 76' lang='grc' dir='ltr'><strong>οἱ</strong></span> <span class='ocrx_word' id='word_1_134' title='bbox 3218 836 3316 906; x_wconf 77' lang='grc' dir='ltr'><strong>μὲν</strong></span> <span class='ocrx_word' id='word_1_135' title='bbox 3370 834 3672 897; x_wconf 74' lang='grc' dir='ltr'><strong>ἐπείθοντο,</strong></span> <span class='ocrx_word' id='word_1_136' title='bbox 3716 835 3811 886; x_wconf 77' lang='grc' dir='ltr'><strong>καὶ</strong></span> <span class='ocrx_word' id='word_1_137' title='bbox 3860 833 4044 901; x_wconf 78' lang='grc' dir='ltr'><strong>κρύφα</strong></span> <span class='ocrx_word' id='word_1_138' title='bbox 4093 832 4205 884; x_wconf 83' lang='grc' dir='ltr'><strong>τῶν</strong></span> <span class='ocrx_word' id='word_1_139' title='bbox 4251 831 4528 884; x_wconf 79' lang='grc' dir='ltr'><strong>Οὐενετῶν</strong></span> 
     </span>
    </p>
   </div>
   <div class='ocr_carea' id='block_1_22' title="bbox 2972 925 4527 1000">
    <p class='ocr_par' dir='ltr' id='par_1_22' title="bbox 2972 925 4527 1000">
     <span class='ocr_line' id='line_1_22' title="bbox 2972 925 4527 1000; baseline -0.006 -15"><span class='ocrx_word' id='word_1_140' title='bbox 2972 927 3643 1000; x_wconf 78' lang='grc' dir='ltr'><strong>ὑποστρέφοντες,ἐμενον</strong></span> <span class='ocrx_word' id='word_1_141' title='bbox 3672 928 3730 977; x_wconf 77' lang='grc' dir='ltr'><strong>ὲν</strong></span> <span class='ocrx_word' id='word_1_142' title='bbox 3758 928 3872 989; x_wconf 82' lang='grc' dir='ltr'><strong>τοῖς</strong></span> <span class='ocrx_word' id='word_1_143' title='bbox 3899 926 4149 988; x_wconf 81' lang='grc' dir='ltr'><strong>οἰκείοις·</strong></span> <span class='ocrx_word' id='word_1_144' title='bbox 4172 926 4221 977; x_wconf 90' lang='grc' dir='ltr'><strong>οἱ</strong></span> <span class='ocrx_word' id='word_1_145' title='bbox 4254 925 4311 978; x_wconf 80' lang='grc' dir='ltr'><strong>δὲ</strong></span> <span class='ocrx_word' id='word_1_146' title='bbox 4339 925 4527 985; x_wconf 81' lang='grc' dir='ltr'><strong>δεινῶς</strong></span> 
     </span>
    </p>
   </div>
   <div class='ocr_carea' id='block_1_23' title="bbox 2970 1018 4528 1092">
    <p class='ocr_par' dir='ltr' id='par_1_23' title="bbox 2970 1018 4528 1092">
     <span class='ocr_line' id='line_1_23' title="bbox 2970 1018 4528 1092; baseline -0.005 -15"><span class='ocrx_word' id='word_1_147' title='bbox 2970 1025 3331 1092; x_wconf 75' lang='grc' dir='ltr'><strong>κατεχόμενοι</strong></span> <span class='ocrx_word' id='word_1_148' title='bbox 3358 1022 3417 1073; x_wconf 68' lang='grc' dir='ltr'><strong>ἐν</strong></span> <span class='ocrx_word' id='word_1_149' title='bbox 3451 1018 3530 1088; x_wconf 85' lang='grc' dir='ltr'><strong>τῷ</strong></span> <span class='ocrx_word' id='word_1_150' title='bbox 3555 1018 3811 1089; x_wconf 81' lang='grc' dir='ltr'><strong>Ταινάρῳ</strong></span> <span class='ocrx_word' id='word_1_151' title='bbox 3840 1019 4107 1086; x_wconf 75' lang='grc' dir='ltr'><strong>ἔπεμπον,</strong></span> <span class='ocrx_word' id='word_1_152' title='bbox 4152 1018 4451 1071; x_wconf 75' lang='grc' dir='ltr'><strong>πεύσεσθαι</strong></span> <span class='ocrx_word' id='word_1_153' title='bbox 4477 1036 4528 1069; x_wconf 88' lang='grc' dir='ltr'><strong>τι</strong></span> 
     </span>
    </p>
   </div>
   <div class='ocr_carea' id='block_1_24' title="bbox 2969 1111 4529 1182">
    <p class='ocr_par' dir='ltr' id='par_1_24' title="bbox 2969 1111 4529 1182">
     <span class='ocr_line' id='line_1_24' title="bbox 2969 1111 4529 1182; baseline -0.004 -14"><span class='ocrx_word' id='word_1_154' title='bbox 2969 1116 3079 1169; x_wconf 78' lang='grc' dir='ltr'><strong>ἀπὸ</strong></span> <span class='ocrx_word' id='word_1_155' title='bbox 3116 1114 3378 1169; x_wconf 84' lang='grc' dir='ltr'><strong>Παιόνων.</strong></span> <span class='ocrx_word' id='word_1_156' title='bbox 3409 1113 3473 1167; x_wconf 82' lang='lat' dir='ltr'><strong>Ol.</strong></span> <span class='ocrx_word' id='word_1_157' title='bbox 3502 1113 3611 1182; x_wconf 85' lang='grc' dir='ltr'><strong>γὰρ</strong></span> <span class='ocrx_word' id='word_1_158' title='bbox 3633 1111 3887 1166; x_wconf 79' lang='grc' dir='ltr'><strong>Οὐινετοὶ</strong></span> <span class='ocrx_word' id='word_1_159' title='bbox 3913 1112 4039 1176; x_wconf 80' lang='grc' dir='ltr'><strong>τούς</strong></span> <span class='ocrx_word' id='word_1_160' title='bbox 4073 1127 4132 1163; x_wconf 75' lang='grc' dir='ltr'><strong>τε</strong></span> <span class='ocrx_word' id='word_1_161' title='bbox 4189 1111 4529 1179; x_wconf 74' lang='grc' dir='ltr'><strong>Πελοποννη-</strong></span> 
     </span>
    </p>
   </div>
   <div class='ocr_carea' id='block_1_25' title="bbox 2971 1202 4531 1276">
    <p class='ocr_par' dir='ltr' id='par_1_25' title="bbox 2971 1202 4531 1276">
     <span class='ocr_line' id='line_1_25' title="bbox 2971 1202 4531 1276; baseline -0.004 -16"><span class='ocrx_word' id='word_1_162' title='bbox 2971 1209 3123 1270; x_wconf 77' lang='grc' dir='ltr'><strong>σίους</strong></span> <span class='ocrx_word' id='word_1_163' title='bbox 3155 1209 3247 1260; x_wconf 77' lang='grc' dir='ltr'><strong>καὶ</strong></span> <span class='ocrx_word' id='word_1_164' title='bbox 3276 1210 3402 1269; x_wconf 72' lang='grc' dir='ltr'><strong>τοὺς</strong></span> <span class='ocrx_word' id='word_1_165' title='bbox 3440 1205 3660 1276; x_wconf 66' lang='grc' dir='ltr'><strong>ἑτέρους</strong></span> <span class='ocrx_word' id='word_1_166' title='bbox 3693 1204 4172 1276; x_wconf 78' lang='grc' dir='ltr'><strong>παραμυθοῦντις,</strong></span> <span class='ocrx_word' id='word_1_167' title='bbox 4207 1202 4283 1266; x_wconf 81' lang='grc' dir='ltr'><strong>ὡς</strong></span> <span class='ocrx_word' id='word_1_168' title='bbox 4296 1202 4531 1257; x_wconf 81' lang='grc' dir='ltr'><strong>οἱΠαίο-</strong></span> 
     </span>
    </p>
   </div>
   <div class='ocr_carea' id='block_1_26' title="bbox 2971 1296 4532 1366">
    <p class='ocr_par' dir='ltr' id='par_1_26' title="bbox 2971 1296 4532 1366">
     <span class='ocr_line' id='line_1_26' title="bbox 2971 1296 4532 1366; baseline -0.004 -13"><span class='ocrx_word' id='word_1_169' title='bbox 2971 1318 3056 1364; x_wconf 88' lang='grc' dir='ltr'><strong>νες</strong></span> <span class='ocrx_word' id='word_1_170' title='bbox 3086 1299 3375 1363; x_wconf 79' lang='grc' dir='ltr'><strong>ὲξέλθωσιν</strong></span> <span class='ocrx_word' id='word_1_171' title='bbox 3418 1298 3619 1353; x_wconf 74' lang='grc' dir='ltr'><strong>αὐτίκα</strong></span> <span class='ocrx_word' id='word_1_172' title='bbox 3657 1297 3765 1351; x_wconf 75' lang='grc' dir='ltr'><strong>ἀπὸ</strong></span> <span class='ocrx_word' id='word_1_173' title='bbox 3819 1296 3914 1351; x_wconf 80' lang='grc' dir='ltr'><strong>τοῦ</strong></span> <span class='ocrx_word' id='word_1_174' title='bbox 3948 1298 4186 1366; x_wconf 79' lang='grc' dir='ltr'><strong>Ἴστρου,</strong></span> <span class='ocrx_word' id='word_1_175' title='bbox 4236 1298 4328 1349; x_wconf 78' lang='grc' dir='ltr'><strong>καὶ</strong></span> <span class='ocrx_word' id='word_1_176' title='bbox 4380 1296 4532 1349; x_wconf 79' lang='grc' dir='ltr'><strong>αὐτοὶ</strong></span> 
     </span>
    </p>
   </div>
   <div class='ocr_carea' id='block_1_27' title="bbox 2972 1383 4524 1459">
    <p class='ocr_par' dir='ltr' id='par_1_27' title="bbox 2972 1383 4524 1459">
     <span class='ocr_line' id='line_1_27' title="bbox 2972 1383 4524 1459; baseline -0.005 -16"><span class='ocrx_word' id='word_1_177' title='bbox 2972 1390 3238 1459; x_wconf 79' lang='grc' dir='ltr'><strong>ἀναϐῆναι</strong></span> <span class='ocrx_word' id='word_1_178' title='bbox 3265 1390 3321 1452; x_wconf 67' lang='grc' dir='ltr'><strong>ἐς</strong></span> <span class='ocrx_word' id='word_1_179' title='bbox 3343 1387 3437 1442; x_wconf 73' lang='grc' dir='ltr'><strong>τὸν</strong></span> <span class='ocrx_word' id='word_1_180' title='bbox 3477 1386 3893 1449; x_wconf 76' lang='grc' dir='ltr'><strong>Ἑλλήσποντον.</strong></span> <span class='ocrx_word' id='word_1_181' title='bbox 3939 1383 4358 1447; x_wconf 80' lang='grc' dir='ltr'><strong>’Δπιιλαύνοντος</strong></span> <span class='ocrx_word' id='word_1_182' title='bbox 4397 1384 4524 1453; x_wconf 75' lang='grc' dir='ltr'><strong>μέν·</strong></span> 
     </span>
    </p>
   </div>
   <div class='ocr_carea' id='block_1_28' title="bbox 2977 1477 4531 1551">
    <p class='ocr_par' dir='ltr' id='par_1_28' title="bbox 2977 1477 4531 1551">
     <span class='ocr_line' id='line_1_28' title="bbox 2977 1477 4531 1551; baseline -0.005 -16"><span class='ocrx_word' id='word_1_183' title='bbox 2977 1500 3056 1535; x_wconf 86' lang='grc' dir='ltr'><strong>τοι</strong></span> <span class='ocrx_word' id='word_1_184' title='bbox 3088 1480 3183 1534; x_wconf 79' lang='grc' dir='ltr'><strong>τοῦ</strong></span> <span class='ocrx_word' id='word_1_185' title='bbox 3218 1480 3482 1551; x_wconf 78' lang='grc' dir='ltr'><strong>ἡγεμόνος</strong></span> <span class='ocrx_word' id='word_1_186' title='bbox 3509 1479 3606 1534; x_wconf 80' lang='grc' dir='ltr'><strong>τοῦ</strong></span> <span class='ocrx_word' id='word_1_187' title='bbox 3655 1479 3943 1550; x_wconf 80' lang='grc' dir='ltr'><strong>βασιλέως,</strong></span> <span class='ocrx_word' id='word_1_188' title='bbox 3974 1478 4154 1532; x_wconf 83' lang='grc' dir='ltr'><strong>αὐτῶν</strong></span> <span class='ocrx_word' id='word_1_189' title='bbox 4181 1479 4225 1510; x_wconf 76' lang='grc'><strong><em>⁸⁸</em></strong></span> <span class='ocrx_word' id='word_1_190' title='bbox 4253 1477 4531 1530; x_wconf 74' lang='grc' dir='ltr'><strong>Οὐινετῶν</strong></span> 
     </span>
    </p>
   </div>
   <div class='ocr_carea' id='block_1_29' title="bbox 2972 1570 4533 1644">
    <p class='ocr_par' dir='ltr' id='par_1_29' title="bbox 2972 1570 4533 1644">
     <span class='ocr_line' id='line_1_29' title="bbox 2972 1570 4533 1644; baseline -0.003 -18"><span class='ocrx_word' id='word_1_191' title='bbox 2972 1575 3218 1643; x_wconf 78' lang='grc' dir='ltr'><strong>τριήρεις</strong></span> <span class='ocrx_word' id='word_1_192' title='bbox 3280 1573 3521 1644; x_wconf 83' lang='grc' dir='ltr'><strong>ἀνῄεσαν</strong></span> <span class='ocrx_word' id='word_1_193' title='bbox 3588 1574 3648 1635; x_wconf 71' lang='grc' dir='ltr'><strong>ις</strong></span> <span class='ocrx_word' id='word_1_194' title='bbox 3701 1573 3945 1641; x_wconf 79' lang='grc' dir='ltr'><strong>Λῆμνον,</strong></span> <span class='ocrx_word' id='word_1_195' title='bbox 3997 1573 4383 1641; x_wconf 74' lang='grc' dir='ltr'><strong>ἐποτρύνοντος</strong></span> <span class='ocrx_word' id='word_1_196' title='bbox 4435 1570 4533 1621; x_wconf 76' lang='grc' dir='ltr'><strong>τοῦ</strong></span> 
     </span>
    </p>
   </div>
   <div class='ocr_carea' id='block_1_30' title="bbox 2976 1666 4535 1737">
    <p class='ocr_par' dir='ltr' id='par_1_30' title="bbox 2976 1666 4535 1737">
     <span class='ocr_line' id='line_1_30' title="bbox 2976 1666 4535 1737; baseline -0.003 -16"><span class='ocrx_word' id='word_1_197' title='bbox 2976 1666 3262 1736; x_wconf 82' lang='grc' dir='ltr'><strong>Κομνηνοῦ</strong></span> <span class='ocrx_word' id='word_1_198' title='bbox 3289 1668 3476 1737; x_wconf 76' lang='grc' dir='ltr'><strong>ἀνδρὸς</strong></span> <span class='ocrx_word' id='word_1_199' title='bbox 3500 1666 3748 1735; x_wconf 80' lang='grc' dir='ltr'><strong>ἀρίστου,</strong></span> <span class='ocrx_word' id='word_1_200' title='bbox 3787 1667 3883 1719; x_wconf 79' lang='grc' dir='ltr'><strong>καὶ</strong></span> <span class='ocrx_word' id='word_1_201' title='bbox 3913 1666 4080 1721; x_wconf 80' lang='grc' dir='ltr'><strong>αὑτοῦ</strong></span> <span class='ocrx_word' id='word_1_202' title='bbox 4118 1668 4177 1718; x_wconf 71' lang='grc' dir='ltr'><strong>ἐν</strong></span> <span class='ocrx_word' id='word_1_203' title='bbox 4224 1667 4290 1734; x_wconf 74' lang='grc' dir='ltr'><strong>τῇ</strong></span> <span class='ocrx_word' id='word_1_204' title='bbox 4331 1666 4535 1735; x_wconf 78' lang='grc' dir='ltr'><strong>Λήμνῳ</strong></span> 
     </span>
    </p>
   </div>
   <div class='ocr_carea' id='block_1_31' title="bbox 2973 1756 4535 1829">
    <p class='ocr_par' dir='ltr' id='par_1_31' title="bbox 2973 1756 4535 1829">
     <span class='ocr_line' id='line_1_31' title="bbox 2973 1756 4535 1829; baseline -0.001 -20"><span class='ocrx_word' id='word_1_205' title='bbox 2973 1760 3069 1828; x_wconf 81' lang='grc' dir='ltr'><strong>τὴν</strong></span> <span class='ocrx_word' id='word_1_206' title='bbox 3100 1758 3395 1825; x_wconf 77' lang='grc' dir='ltr'><strong>ἀκρόπολιν</strong></span> <span class='ocrx_word' id='word_1_207' title='bbox 3440 1756 3933 1829; x_wconf 80' lang='grc' dir='ltr'><strong>κατακρατοῦντος,</strong></span> <span class='ocrx_word' id='word_1_208' title='bbox 3965 1758 4060 1812; x_wconf 80' lang='grc' dir='ltr'><strong>καὶ</strong></span> <span class='ocrx_word' id='word_1_209' title='bbox 4089 1756 4188 1827; x_wconf 76' lang='grc' dir='ltr'><strong>τὴν</strong></span> <span class='ocrx_word' id='word_1_210' title='bbox 4219 1756 4383 1820; x_wconf 79' lang='grc' dir='ltr'><strong>πάλαι</strong></span> <span class='ocrx_word' id='word_1_211' title='bbox 4439 1774 4535 1807; x_wconf 80' lang='grc' dir='ltr'><strong>πο-</strong></span> 
     </span>
    </p>
   </div>
   <div class='ocr_carea' id='block_1_32' title="bbox 2973 1848 4538 1920">
    <p class='ocr_par' dir='ltr' id='par_1_32' title="bbox 2973 1848 4538 1920">
     <span class='ocr_line' id='line_1_32' title="bbox 2973 1848 4538 1920; baseline 0.002 -21"><span class='ocrx_word' id='word_1_212' title='bbox 2973 1850 3160 1918; x_wconf 81' lang='grc' dir='ltr'><strong>λίχνην</strong></span> <span class='ocrx_word' id='word_1_213' title='bbox 3192 1849 3290 1917; x_wconf 84' lang='grc' dir='ltr'><strong>τῆς</strong></span> <span class='ocrx_word' id='word_1_214' title='bbox 3327 1850 3550 1919; x_wconf 81' lang='grc' dir='ltr'><strong>Λήμνου</strong></span> <span class='ocrx_word' id='word_1_215' title='bbox 3600 1848 3694 1918; x_wconf 78' lang='grc' dir='ltr'><strong>ὑφ’</strong></span> <span class='ocrx_word' id='word_1_216' title='bbox 3714 1849 3863 1920; x_wconf 82' lang='grc' dir='ltr'><strong>αὑτῷ</strong></span> <span class='ocrx_word' id='word_1_217' title='bbox 3892 1850 4279 1919; x_wconf 82' lang='grc' dir='ltr'><strong>ποιησαμένου.</strong></span> <span class='ocrx_word' id='word_1_218' title='bbox 4328 1849 4415 1912; x_wconf 86' lang='grc' dir='ltr'><strong>Ἐς</strong></span> <span class='ocrx_word' id='word_1_219' title='bbox 4448 1849 4538 1902; x_wconf 82' lang='grc' dir='ltr'><strong>λό-</strong></span> 
     </span>
    </p>
   </div>
   <div class='ocr_carea' id='block_1_33' title="bbox 2973 1940 4535 2012">
    <p class='ocr_par' dir='ltr' id='par_1_33' title="bbox 2973 1940 4535 2012">
     <span class='ocr_line' id='line_1_33' title="bbox 2973 1940 4535 2012; baseline -0.001 -19"><span class='ocrx_word' id='word_1_220' title='bbox 2973 1957 3105 2007; x_wconf 88' lang='grc' dir='ltr'><strong>γους</strong></span> <span class='ocrx_word' id='word_1_221' title='bbox 3134 1942 3190 1993; x_wconf 74' lang='grc' dir='ltr'><strong>δὲ</strong></span> <span class='ocrx_word' id='word_1_222' title='bbox 3222 1941 3467 2004; x_wconf 72' lang='grc' dir='ltr'><strong>ἐλθόντες</strong></span> <span class='ocrx_word' id='word_1_223' title='bbox 3496 1942 3545 1993; x_wconf 74' lang='grc' dir='ltr'><strong>οἱ</strong></span> <span class='ocrx_word' id='word_1_224' title='bbox 3572 1940 3674 2009; x_wconf 85' lang='grc' dir='ltr'><strong>τῆς</strong></span> <span class='ocrx_word' id='word_1_225' title='bbox 3722 1942 3944 2012; x_wconf 83' lang='grc' dir='ltr'><strong>Λήμνου</strong></span> <span class='ocrx_word' id='word_1_226' title='bbox 3978 1941 4341 2010; x_wconf 77' lang='grc' dir='ltr'><strong>προεστῶτες,</strong></span> <span class='ocrx_word' id='word_1_227' title='bbox 4392 1941 4535 1993; x_wconf 77' lang='grc' dir='ltr'><strong>ὥστε</strong></span> 
     </span>
    </p>
   </div>
   <div class='ocr_carea' id='block_1_34' title="bbox 1312 2030 3234 2105">
    <p class='ocr_par' dir='ltr' id='par_1_34' title="bbox 1312 2030 3234 2103">
     <span class='ocr_line' id='line_1_34' title="bbox 1312 2030 3234 2103; baseline 0 -19"><span class='ocrx_word' id='word_1_228' title='bbox 1312 2033 1479 2100; x_wconf 79' lang='lat' dir='ltr'><strong>copiis</strong></span> <span class='ocrx_word' id='word_1_229' title='bbox 1503 2030 1961 2101; x_wconf 77' lang='lat' dir='ltr'><strong>proﬁcisceretur,</strong></span> <span class='ocrx_word' id='word_1_230' title='bbox 1988 2030 2186 2099; x_wconf 78' lang='lat' dir='ltr'><strong>singuli</strong></span> <span class='ocrx_word' id='word_1_231' title='bbox 2223 2031 2537 2087; x_wconf 86' lang='lat' dir='ltr'><strong>deserentes</strong></span> <span class='ocrx_word' id='word_1_232' title='bbox 2577 2032 2789 2102; x_wconf 83' lang='lat' dir='ltr'><strong>oppida,</strong></span> <span class='ocrx_word' id='word_1_233' title='bbox 2822 2035 2875 2088; x_wconf 79' lang='lat' dir='ltr'><strong>id</strong></span> <span class='ocrx_word' id='word_1_234' title='bbox 2906 2040 2948 2094; x_wconf 86' lang='lat' dir='ltr'><strong>B</strong></span> <span class='ocrx_word' id='word_1_235' title='bbox 2977 2032 3234 2103; x_wconf 67' lang='grc' dir='ltr'><strong>χρήμασι</strong></span> 
     </span>
    </p>
   </div>
   <div class='ocr_carea' id='block_1_35' title="bbox 2614 2030 4536 2105">
    <p class='ocr_par' dir='ltr' id='par_1_35' title="bbox 2614 2030 4536 2105">
     <span class='ocr_line' id='line_1_35' title="bbox 2614 2030 4536 2105; baseline -0.002 -18"><span class='ocrx_word' id='word_1_236' title='bbox 2614 2032 2789 2102; x_wconf 83' lang='lat' dir='ltr'><strong>ppida,</strong></span> <span class='ocrx_word' id='word_1_237' title='bbox 2822 2032 3258 2103; x_wconf 77' lang='grc' dir='ltr'><strong>ἰιίΒχρήμασιν</strong></span> <span class='ocrx_word' id='word_1_238' title='bbox 3321 2030 3697 2103; x_wconf 76' lang='grc' dir='ltr'><strong>ἐξωνήσασθαι</strong></span> <span class='ocrx_word' id='word_1_239' title='bbox 3752 2033 3813 2087; x_wconf 78' lang='grc' dir='ltr'><strong>τὸ</strong></span> <span class='ocrx_word' id='word_1_240' title='bbox 3898 2036 4118 2105; x_wconf 80' lang='grc' dir='ltr'><strong>χωρίον,</strong></span> <span class='ocrx_word' id='word_1_241' title='bbox 4187 2034 4431 2105; x_wconf 76' lang='grc' dir='ltr'><strong>ἔφθησαν</strong></span> <span class='ocrx_word' id='word_1_242' title='bbox 4482 2035 4536 2084; x_wconf 83' lang='lat' dir='ltr'><strong>ot</strong></span> 
     </span>
    </p>
   </div>
   <div class='ocr_carea' id='block_1_36' title="bbox 1312 2120 2875 2193">
    <p class='ocr_par' dir='ltr' id='par_1_36' title="bbox 1312 2120 2875 2193">
     <span class='ocr_line' id='line_1_36' title="bbox 1312 2120 2875 2193; baseline 0.003 -18"><span class='ocrx_word' id='word_1_243' title='bbox 1312 2126 1511 2193; x_wconf 79' lang='lat' dir='ltr'><strong>quibus</strong></span> <span class='ocrx_word' id='word_1_244' title='bbox 1565 2131 1900 2183; x_wconf 81' lang='lat' dir='ltr'><strong>manserant,</strong></span> <span class='ocrx_word' id='word_1_245' title='bbox 1957 2136 2062 2174; x_wconf 89' lang='lat' dir='ltr'><strong>una</strong></span> <span class='ocrx_word' id='word_1_246' title='bbox 2122 2120 2249 2174; x_wconf 91' lang='lat' dir='ltr'><strong>inde</strong></span> <span class='ocrx_word' id='word_1_247' title='bbox 2308 2121 2592 2177; x_wconf 79' lang='lat' dir='ltr'><strong>solverunt</strong></span> <span class='ocrx_word' id='word_1_248' title='bbox 2643 2126 2875 2179; x_wconf 82' lang='lat' dir='ltr'><strong>navibus</strong></span> 
     </span>
    </p>
   </div>
   <div class='ocr_carea' id='block_1_37' title="bbox 1316 2212 2875 2286">
    <p class='ocr_par' dir='ltr' id='par_1_37' title="bbox 1316 2212 2875 2286">
     <span class='ocr_line' id='line_1_37' title="bbox 1316 2212 2875 2286; baseline 0 -15"><span class='ocrx_word' id='word_1_249' title='bbox 1316 2216 1577 2286; x_wconf 80' lang='lat' dir='ltr'><strong>impositi.</strong></span> <span class='ocrx_word' id='word_1_250' title='bbox 1609 2214 1959 2284; x_wconf 88' lang='lat' dir='ltr'><strong>Occuparunt</strong></span> <span class='ocrx_word' id='word_1_251' title='bbox 1976 2223 2029 2267; x_wconf 89' lang='lat' dir='ltr'><strong>et</strong></span> <span class='ocrx_word' id='word_1_252' title='bbox 2047 2214 2232 2267; x_wconf 89' lang='lat' dir='ltr'><strong>urbem</strong></span> <span class='ocrx_word' id='word_1_253' title='bbox 2261 2212 2580 2279; x_wconf 83' lang='lat' dir='ltr'><strong>Cercedam,</strong></span> <span class='ocrx_word' id='word_1_254' title='bbox 2599 2224 2653 2269; x_wconf 89' lang='lat' dir='ltr'><strong>et</strong></span> <span class='ocrx_word' id='word_1_255' title='bbox 2676 2216 2875 2271; x_wconf 87' lang='lat' dir='ltr'><strong>demis-</strong></span> 
     </span>
    </p>
   </div>
   <div class='ocr_carea' id='block_1_38' title="bbox 1311 2305 2879 2377">
    <p class='ocr_par' dir='ltr' id='par_1_38' title="bbox 1311 2305 2879 2377">
     <span class='ocr_line' id='line_1_38' title="bbox 1311 2305 2879 2377; baseline 0.001 -16"><span class='ocrx_word' id='word_1_256' title='bbox 1311 2329 1371 2361; x_wconf 73' lang='lat' dir='ltr'><strong>so</strong></span> <span class='ocrx_word' id='word_1_257' title='bbox 1403 2310 1525 2363; x_wconf 87' lang='lat' dir='ltr'><strong>inde</strong></span> <span class='ocrx_word' id='word_1_258' title='bbox 1554 2312 1899 2377; x_wconf 79' lang='lat' dir='ltr'><strong>magistratu.</strong></span> <span class='ocrx_word' id='word_1_259' title='bbox 1948 2321 2106 2377; x_wconf 89' lang='lat' dir='ltr'><strong>quem</strong></span> <span class='ocrx_word' id='word_1_260' title='bbox 2132 2305 2518 2376; x_wconf 82' lang='lat' dir='ltr'><strong>Zamplacoues</strong></span> <span class='ocrx_word' id='word_1_261' title='bbox 2557 2307 2670 2377; x_wconf 82' lang='lat' dir='ltr'><strong>(l9)</strong></span> <span class='ocrx_word' id='word_1_262' title='bbox 2708 2309 2879 2363; x_wconf 85' lang='lat' dir='ltr'><strong>nomi-</strong></span> 
     </span>
    </p>
   </div>
   <div class='ocr_carea' id='block_1_39' title="bbox 1315 2399 2879 2469">
    <p class='ocr_par' dir='ltr' id='par_1_39' title="bbox 1315 2399 2879 2469">
     <span class='ocr_line' id='line_1_39' title="bbox 1315 2399 2879 2469; baseline 0.003 -16"><span class='ocrx_word' id='word_1_263' title='bbox 1315 2404 1533 2463; x_wconf 76' lang='lat' dir='ltr'><strong>nabant,</strong></span> <span class='ocrx_word' id='word_1_264' title='bbox 1565 2416 1683 2455; x_wconf 85' lang='lat' dir='ltr'><strong>eam</strong></span> <span class='ocrx_word' id='word_1_265' title='bbox 1717 2399 1969 2469; x_wconf 66' lang='lat' dir='ltr'><strong>praesidio</strong></span> <span class='ocrx_word' id='word_1_266' title='bbox 2017 2400 2272 2469; x_wconf 88' lang='lat' dir='ltr'><strong>imposito</strong></span> <span class='ocrx_word' id='word_1_267' title='bbox 2318 2401 2599 2455; x_wconf 81' lang='lat' dir='ltr'><strong>muniverc</strong></span> <span class='ocrx_word' id='word_1_268' title='bbox 2632 2417 2646 2453; x_wconf 89' lang='lat'><strong>:</strong></span> <span class='ocrx_word' id='word_1_269' title='bbox 2679 2417 2879 2458; x_wconf 80' lang='lat' dir='ltr'><strong>conre-</strong></span> 
     </span>
    </p>
   </div>
   <div class='ocr_carea' id='block_1_40' title="bbox 1314 2492 2874 2564">
    <p class='ocr_par' dir='ltr' id='par_1_40' title="bbox 1314 2492 2874 2564">
     <span class='ocr_line' id='line_1_40' title="bbox 1314 2492 2874 2564; baseline 0.002 -19"><span class='ocrx_word' id='word_1_270' title='bbox 1314 2497 1612 2564; x_wconf 82' lang='lat' dir='ltr'><strong>nentesque</strong></span> <span class='ocrx_word' id='word_1_271' title='bbox 1643 2492 1971 2546; x_wconf 77' lang='lat' dir='ltr'><strong>frumentum</strong></span> <span class='ocrx_word' id='word_1_272' title='bbox 2019 2500 2073 2546; x_wconf 90' lang='lat' dir='ltr'><strong>et</strong></span> <span class='ocrx_word' id='word_1_273' title='bbox 2129 2493 2435 2548; x_wconf 84' lang='lat' dir='ltr'><strong>necessaria</strong></span> <span class='ocrx_word' id='word_1_274' title='bbox 2477 2504 2591 2549; x_wconf 89' lang='lat' dir='ltr'><strong>tum</strong></span> <span class='ocrx_word' id='word_1_275' title='bbox 2620 2495 2724 2549; x_wconf 89' lang='lat' dir='ltr'><strong>sihi</strong></span> <span class='ocrx_word' id='word_1_276' title='bbox 2762 2506 2874 2549; x_wconf 93' lang='lat' dir='ltr'><strong>tum</strong></span> 
     </span>
    </p>
   </div>
   <div class='ocr_carea' id='block_1_41' title="bbox 1317 2585 2876 2655">
    <p class='ocr_par' dir='ltr' id='par_1_41' title="bbox 1317 2585 2876 2655">
     <span class='ocr_line' id='line_1_41' title="bbox 1317 2585 2876 2655; baseline 0.003 -15"><span class='ocrx_word' id='word_1_277' title='bbox 1317 2585 1792 2655; x_wconf 64' lang='lat' dir='ltr'><strong>l‘eloponuesiacis</strong></span> <span class='ocrx_word' id='word_1_278' title='bbox 1826 2585 2060 2653; x_wconf 87' lang='lat' dir='ltr'><strong>oppidis,</strong></span> <span class='ocrx_word' id='word_1_279' title='bbox 2122 2586 2269 2639; x_wconf 83' lang='lat' dir='ltr'><strong>ibant</strong></span> <span class='ocrx_word' id='word_1_280' title='bbox 2307 2594 2592 2655; x_wconf 76' lang='lat' dir='ltr'><strong>pergentes</strong></span> <span class='ocrx_word' id='word_1_281' title='bbox 2645 2588 2697 2641; x_wconf 89' lang='lat' dir='ltr'><strong>in</strong></span> <span class='ocrx_word' id='word_1_282' title='bbox 2723 2587 2876 2644; x_wconf 85' lang='lat' dir='ltr'><strong>Pelo-</strong></span> 
     </span>
    </p>
   </div>
   <div class='ocr_carea' id='block_1_42' title="bbox 1316 2678 2877 2749">
    <p class='ocr_par' dir='ltr' id='par_1_42' title="bbox 1316 2678 2877 2749">
     <span class='ocr_line' id='line_1_42' title="bbox 1316 2678 2877 2749; baseline 0.007 -22"><span class='ocrx_word' id='word_1_283' title='bbox 1316 2694 1640 2745; x_wconf 81' lang='lat' dir='ltr'><strong>ponnesum.</strong></span> <span class='ocrx_word' id='word_1_284' title='bbox 1666 2678 1788 2731; x_wconf 71' lang='lat' dir='ltr'><strong>Haec</strong></span> <span class='ocrx_word' id='word_1_285' title='bbox 1814 2679 2033 2746; x_wconf 86' lang='lat' dir='ltr'><strong>quidem</strong></span> <span class='ocrx_word' id='word_1_286' title='bbox 2063 2692 2125 2731; x_wconf 91' lang='lat' dir='ltr'><strong>ea</strong></span> <span class='ocrx_word' id='word_1_287' title='bbox 2153 2678 2329 2732; x_wconf 92' lang='lat' dir='ltr'><strong>hieme</strong></span> <span class='ocrx_word' id='word_1_288' title='bbox 2391 2679 2445 2732; x_wconf 90' lang='lat' dir='ltr'><strong>in</strong></span> <span class='ocrx_word' id='word_1_289' title='bbox 2504 2678 2877 2749; x_wconf 84' lang='lat' dir='ltr'><strong>Pel0ponneso</strong></span> 
     </span>
    </p>
   </div>
   <div class='ocr_carea' id='block_1_43' title="bbox 1313 2770 2239 2839">
    <p class='ocr_par' dir='ltr' id='par_1_43' title="bbox 1313 2770 2239 2839">
     <span class='ocr_line' id='line_1_43' title="bbox 1313 2770 2239 2839; baseline 0.002 -19"><span class='ocrx_word' id='word_1_290' title='bbox 1313 2780 1440 2823; x_wconf 75' lang='lat' dir='ltr'><strong>sunt</strong></span> <span class='ocrx_word' id='word_1_291' title='bbox 1468 2780 1617 2839; x_wconf 80' lang='lat' dir='ltr'><strong>gesta</strong></span> <span class='ocrx_word' id='word_1_292' title='bbox 1658 2770 1794 2837; x_wconf 66' lang='lat'><strong>(‘20).</strong></span> <span class='ocrx_word' id='word_1_293' title='bbox 2230 2785 2239 2791; x_wconf 86' lang='lat'><strong><em>‘</em></strong></span> 
     </span>
    </p>
   </div>
   <div class='ocr_carea' id='block_1_44' title="bbox 2976 2125 4537 2195">
    <p class='ocr_par' dir='ltr' id='par_1_44' title="bbox 2976 2125 4537 2195">
     <span class='ocr_line' id='line_1_44' title="bbox 2976 2125 4537 2195; baseline 0 -18"><span class='ocrx_word' id='word_1_294' title='bbox 2976 2125 3227 2177; x_wconf 81' lang='grc' dir='ltr'><strong>οὐενετο“ι</strong></span> <span class='ocrx_word' id='word_1_295' title='bbox 3250 2125 3660 2194; x_wconf 81' lang='grc' dir='ltr'><strong>παραλαϐόντες</strong></span> <span class='ocrx_word' id='word_1_296' title='bbox 3692 2126 3792 2195; x_wconf 78' lang='grc' dir='ltr'><strong>τὴν</strong></span> <span class='ocrx_word' id='word_1_297' title='bbox 3827 2128 4147 2195; x_wconf 85' lang='grc' dir='ltr'><strong>ἀκρόπολιν.</strong></span> <span class='ocrx_word' id='word_1_298' title='bbox 4204 2130 4295 2180; x_wconf 83' lang='grc' dir='ltr'><strong>καὶ</strong></span> <span class='ocrx_word' id='word_1_299' title='bbox 4349 2126 4442 2180; x_wconf 90' lang='grc' dir='ltr'><strong>τόν</strong></span> <span class='ocrx_word' id='word_1_300' title='bbox 4470 2143 4537 2193; x_wconf 80' lang='grc' dir='ltr'><strong>γε</strong></span> 
     </span>
    </p>
   </div>
   <div class='ocr_carea' id='block_1_45' title="bbox 2977 2218 4538 2290">
    <p class='ocr_par' dir='ltr' id='par_1_45' title="bbox 2977 2218 4538 2290">
     <span class='ocr_line' id='line_1_45' title="bbox 2977 2218 4538 2290; baseline 0 -17"><span class='ocrx_word' id='word_1_301' title='bbox 2977 2218 3142 2290; x_wconf 86' lang='grc' dir='ltr'><strong>ἀνδρα</strong></span> <span class='ocrx_word' id='word_1_302' title='bbox 3174 2218 3364 2272; x_wconf 84' lang='grc' dir='ltr'><strong>τοῦτον</strong></span> <span class='ocrx_word' id='word_1_303' title='bbox 3390 2219 3597 2287; x_wconf 82' lang='grc' dir='ltr'><strong>ἀγαθὸν</strong></span> <span class='ocrx_word' id='word_1_304' title='bbox 3650 2220 3967 2289; x_wconf 67' lang='grc' dir='ltr'><strong>γενόμενονπ</strong></span> <span class='ocrx_word' id='word_1_305' title='bbox 3994 2221 4412 2290; x_wconf 75' lang='grc' dir='ltr'><strong>μετεπέμψαντο</strong></span> <span class='ocrx_word' id='word_1_306' title='bbox 4476 2222 4538 2283; x_wconf 79' lang='grc' dir='ltr'><strong>ἐς</strong></span> 
     </span>
    </p>
   </div>
   <div class='ocr_carea' id='block_1_46' title="bbox 2978 2310 4540 2383">
    <p class='ocr_par' dir='ltr' id='par_1_46' title="bbox 2978 2310 4540 2383">
     <span class='ocr_line' id='line_1_46' title="bbox 2978 2310 4540 2383; baseline 0.001 -17"><span class='ocrx_word' id='word_1_307' title='bbox 2978 2315 3069 2366; x_wconf 83' lang='grc' dir='ltr'><strong>τὸν</strong></span> <span class='ocrx_word' id='word_1_308' title='bbox 3110 2313 3343 2380; x_wconf 79' lang='grc' dir='ltr'><strong>Ίσῦμόν.</strong></span> <span class='ocrx_word' id='word_1_309' title='bbox 3382 2313 3586 2365; x_wconf 83' lang='grc' dir='ltr'><strong>Τούτου</strong></span> <span class='ocrx_word' id='word_1_310' title='bbox 3607 2312 3671 2382; x_wconf 79' lang='grc' dir='ltr'><strong>δὴ</strong></span> <span class='ocrx_word' id='word_1_311' title='bbox 3695 2310 3790 2366; x_wconf 83' lang='grc' dir='ltr'><strong>οὖν</strong></span> <span class='ocrx_word' id='word_1_312' title='bbox 3835 2314 4247 2383; x_wconf 77' lang='grc' dir='ltr'><strong>ὑποτιθεμένου,</strong></span> <span class='ocrx_word' id='word_1_313' title='bbox 4278 2314 4540 2367; x_wconf 80' lang='grc' dir='ltr'><strong>ἀνέπλευ·</strong></span> 
     </span>
    </p>
   </div>
   <div class='ocr_carea' id='block_1_47' title="bbox 2985 2403 4541 2472">
    <p class='ocr_par' dir='ltr' id='par_1_47' title="bbox 2985 2403 4541 2472">
     <span class='ocr_line' id='line_1_47' title="bbox 2985 2403 4541 2472; baseline 0.003 -18"><span class='ocrx_word' id='word_1_314' title='bbox 2985 2420 3085 2457; x_wconf 80' lang='grc' dir='ltr'><strong>σαν</strong></span> <span class='ocrx_word' id='word_1_315' title='bbox 3122 2407 3178 2466; x_wconf 78' lang='grc' dir='ltr'><strong>ἐς</strong></span> <span class='ocrx_word' id='word_1_316' title='bbox 3207 2403 3305 2472; x_wconf 82' lang='grc' dir='ltr'><strong>τὴν</strong></span> <span class='ocrx_word' id='word_1_317' title='bbox 3333 2403 3550 2472; x_wconf 82' lang='grc' dir='ltr'><strong>Λῆμνον</strong></span> <span class='ocrx_word' id='word_1_318' title='bbox 3581 2405 3630 2456; x_wconf 74' lang='grc' dir='ltr'><strong>οἱ</strong></span> <span class='ocrx_word' id='word_1_319' title='bbox 3661 2405 3937 2471; x_wconf 77' lang='grc' dir='ltr'><strong>Οὑενετοὶ,</strong></span> <span class='ocrx_word' id='word_1_320' title='bbox 3972 2407 4065 2459; x_wconf 73' lang='grc' dir='ltr'><strong>καὶ</strong></span> <span class='ocrx_word' id='word_1_321' title='bbox 4126 2406 4285 2468; x_wconf 83' lang='grc' dir='ltr'><strong>αὐτός</strong></span> <span class='ocrx_word' id='word_1_322' title='bbox 4332 2423 4391 2459; x_wconf 81' lang='grc' dir='ltr'><strong>τε</strong></span> <span class='ocrx_word' id='word_1_323' title='bbox 4427 2408 4541 2458; x_wconf 79' lang='grc' dir='ltr'><strong>ἀπὸ</strong></span> 
     </span>
    </p>
   </div>
   <div class='ocr_carea' id='block_1_48' title="bbox 2983 2494 4542 2567">
    <p class='ocr_par' dir='ltr' id='par_1_48' title="bbox 2983 2494 4542 2567">
     <span class='ocr_line' id='line_1_48' title="bbox 2983 2494 4542 2567; baseline 0.001 -20"><span class='ocrx_word' id='word_1_324' title='bbox 2983 2496 3080 2563; x_wconf 84' lang='grc' dir='ltr'><strong>τῆς</strong></span> <span class='ocrx_word' id='word_1_325' title='bbox 3114 2496 3347 2563; x_wconf 75' lang='grc' dir='ltr'><strong>ἠπείρου</strong></span> <span class='ocrx_word' id='word_1_326' title='bbox 3382 2494 3599 2564; x_wconf 85' lang='grc' dir='ltr'><strong>στρατῷ</strong></span> <span class='ocrx_word' id='word_1_327' title='bbox 3637 2495 3932 2560; x_wconf 73' lang='grc' dir='ltr'><strong>ἐπελάσας,</strong></span> <span class='ocrx_word' id='word_1_328' title='bbox 3970 2496 4279 2567; x_wconf 78' lang='grc' dir='ltr'><strong>ἀπήλαυνεν</strong></span> <span class='ocrx_word' id='word_1_329' title='bbox 4309 2498 4542 2560; x_wconf 73' lang='grc' dir='ltr'><strong>ἕκαστος</strong></span> 
     </span>
    </p>
   </div>
   <div class='ocr_carea' id='block_1_49' title="bbox 2984 2587 4545 2659">
    <p class='ocr_par' dir='ltr' id='par_1_49' title="bbox 2984 2587 4545 2659">
     <span class='ocr_line' id='line_1_49' title="bbox 2984 2587 4545 2659; baseline 0.001 -20"><span class='ocrx_word' id='word_1_330' title='bbox 2984 2587 3081 2655; x_wconf 83' lang='grc' dir='ltr'><strong>τῆς</strong></span> <span class='ocrx_word' id='word_1_331' title='bbox 3112 2587 3342 2649; x_wconf 74' lang='grc' dir='ltr'><strong>πόλεως.</strong></span> <span class='ocrx_word' id='word_1_332' title='bbox 3375 2588 3484 2640; x_wconf 73' lang='grc' dir='ltr'><strong>Καὶ</strong></span> <span class='ocrx_word' id='word_1_333' title='bbox 3514 2588 3590 2652; x_wconf 84' lang='grc' dir='ltr'><strong>ὡς</strong></span> <span class='ocrx_word' id='word_1_334' title='bbox 3632 2588 3996 2654; x_wconf 70' lang='grc' dir='ltr'><strong>ἀνέπλευσαν,</strong></span> <span class='ocrx_word' id='word_1_335' title='bbox 4048 2589 4351 2659; x_wconf 77' lang='grc' dir='ltr'><strong>παρέλαϐον</strong></span> <span class='ocrx_word' id='word_1_336' title='bbox 4385 2589 4545 2642; x_wconf 83' lang='grc' dir='ltr'><strong>πόλιν</strong></span> 
     </span>
    </p>
   </div>
   <div class='ocr_carea' id='block_1_50' title="bbox 2982 2684 4548 2754">
    <p class='ocr_par' dir='ltr' id='par_1_50' title="bbox 2982 2684 4548 2754">
     <span class='ocr_line' id='line_1_50' title="bbox 2982 2684 4548 2754; baseline -0.001 -16"><span class='ocrx_word' id='word_1_337' title='bbox 2982 2687 3082 2754; x_wconf 81' lang='grc' dir='ltr'><strong>τὴν</strong></span> <span class='ocrx_word' id='word_1_338' title='bbox 3115 2684 3426 2753; x_wconf 74' lang='grc' dir='ltr'><strong>Κέρκηδαν.</strong></span> <span class='ocrx_word' id='word_1_339' title='bbox 3466 2685 3575 2738; x_wconf 77' lang='grc' dir='ltr'><strong>Καὶ</strong></span> <span class='ocrx_word' id='word_1_340' title='bbox 3599 2684 3726 2747; x_wconf 79' lang='grc' dir='ltr'><strong>τούς</strong></span> <span class='ocrx_word' id='word_1_341' title='bbox 3754 2699 3815 2737; x_wconf 71' lang='grc' dir='ltr'><strong>τε</strong></span> <span class='ocrx_word' id='word_1_342' title='bbox 3861 2684 4128 2754; x_wconf 78' lang='grc' dir='ltr'><strong>ἄρχοντας</strong></span> <span class='ocrx_word' id='word_1_343' title='bbox 4175 2685 4548 2753; x_wconf 73' lang='grc' dir='ltr'><strong>Τζαμπλάκο-</strong></span> 
     </span>
    </p>
   </div>
   <div class='ocr_carea' id='block_1_51' title="bbox 2987 2777 4549 2846">
    <p class='ocr_par' dir='ltr' id='par_1_51' title="bbox 2987 2777 4549 2846">
     <span class='ocr_line' id='line_1_51' title="bbox 2987 2777 4549 2846; baseline 0.001 -19"><span class='ocrx_word' id='word_1_344' title='bbox 2987 2793 3083 2838; x_wconf 87' lang='grc' dir='ltr'><strong>νας</strong></span> <span class='ocrx_word' id='word_1_345' title='bbox 3113 2777 3357 2845; x_wconf 73' lang='grc' dir='ltr'><strong>ἀφῆκαν,</strong></span> <span class='ocrx_word' id='word_1_346' title='bbox 3389 2777 3639 2846; x_wconf 80' lang='grc' dir='ltr'><strong>φρουράν</strong></span> <span class='ocrx_word' id='word_1_347' title='bbox 3674 2792 3733 2829; x_wconf 82' lang='grc' dir='ltr'><strong>τε</strong></span> <span class='ocrx_word' id='word_1_348' title='bbox 3773 2778 4249 2845; x_wconf 80' lang='grc' dir='ltr'><strong>ἐγκαταλιπόντες,</strong></span> <span class='ocrx_word' id='word_1_349' title='bbox 4274 2778 4368 2830; x_wconf 77' lang='grc' dir='ltr'><strong>καὶ</strong></span> <span class='ocrx_word' id='word_1_350' title='bbox 4423 2778 4549 2829; x_wconf 75' lang='grc' dir='ltr'><strong>ἐπι-</strong></span> 
     </span>
    </p>
   </div>
   <div class='ocr_carea' id='block_1_52' title="bbox 1318 2858 4551 2939">
    <p class='ocr_par' dir='ltr' id='par_1_52' title="bbox 1318 2858 4551 2939">
     <span class='ocr_line' id='line_1_52' title="bbox 1318 2858 4551 2939; baseline 0.002 -25"><span class='ocrx_word' id='word_1_351' title='bbox 1318 2860 1576 2914; x_wconf 67' lang='grc' dir='ltr'><strong>σιτεῖσθαι</strong></span> <span class='ocrx_word' id='word_1_352' title='bbox 1624 2862 1776 2926; x_wconf 76' lang='grc' dir='ltr'><strong>σφίσι</strong></span> <span class='ocrx_word' id='word_1_353' title='bbox 1825 2875 1884 2911; x_wconf 80' lang='grc' dir='ltr'><strong>τε</strong></span> <span class='ocrx_word' id='word_1_354' title='bbox 1916 2858 2099 2920; x_wconf 80' lang='grc' dir='ltr'><strong>αὐτοῖς</strong></span> <span class='ocrx_word' id='word_1_355' title='bbox 2132 2860 2225 2913; x_wconf 74' lang='grc' dir='ltr'><strong>καὶ</strong></span> <span class='ocrx_word' id='word_1_356' title='bbox 2250 2862 2372 2921; x_wconf 83' lang='grc' dir='ltr'><strong>ταῖς</strong></span> <span class='ocrx_word' id='word_1_357' title='bbox 2427 2863 2486 2914; x_wconf 74' lang='grc' dir='ltr'><strong>ἐν</strong></span> <span class='ocrx_word' id='word_1_358' title='bbox 2511 2864 2576 2932; x_wconf 80' lang='grc' dir='ltr'><strong>τῇ</strong></span> <span class='ocrx_word' id='word_1_359' title='bbox 2610 2864 3000 2935; x_wconf 81' lang='grc' dir='ltr'><strong>Πελοποννήσῳ</strong></span> <span class='ocrx_word' id='word_1_360' title='bbox 3047 2866 3258 2921; x_wconf 84' lang='grc' dir='ltr'><strong>πόλεσι.</strong></span> <span class='ocrx_word' id='word_1_361' title='bbox 3310 2868 3419 2921; x_wconf 76' lang='grc' dir='ltr'><strong>Καὶ</strong></span> <span class='ocrx_word' id='word_1_362' title='bbox 3464 2868 3666 2939; x_wconf 71' lang='grc' dir='ltr'><strong>ῷχοντο</strong></span> <span class='ocrx_word' id='word_1_363' title='bbox 3714 2869 3965 2933; x_wconf 80' lang='grc' dir='ltr'><strong>ἀπιόντες</strong></span> <span class='ocrx_word' id='word_1_364' title='bbox 4036 2870 4126 2922; x_wconf 72' lang='grc' dir='ltr'><strong>ἐπὶ</strong></span> <span class='ocrx_word' id='word_1_365' title='bbox 4206 2870 4551 2939; x_wconf 75' lang='grc' dir='ltr'><strong>Πελοπόννη-</strong></span> 
     </span>
    </p>
   </div>
   <div class='ocr_carea' id='block_1_53' title="bbox 1314 2951 3374 3029">
    <p class='ocr_par' dir='ltr' id='par_1_53' title="bbox 1314 2951 3374 3029">
     <span class='ocr_line' id='line_1_53' title="bbox 1314 2951 3374 3029; baseline 0.004 -23"><span class='ocrx_word' id='word_1_366' title='bbox 1314 2973 1423 3007; x_wconf 74' lang='grc' dir='ltr'><strong>σον.</strong></span> <span class='ocrx_word' id='word_1_367' title='bbox 1461 2954 1647 3007; x_wconf 76' lang='grc' dir='ltr'><strong>Ταῦτα</strong></span> <span class='ocrx_word' id='word_1_368' title='bbox 1683 2954 1781 3021; x_wconf 79' lang='grc' dir='ltr'><strong>μὲν</strong></span> <span class='ocrx_word' id='word_1_369' title='bbox 1810 2951 1905 3006; x_wconf 79' lang='grc' dir='ltr'><strong>του</strong></span> <span class='ocrx_word' id='word_1_370' title='bbox 1938 2952 2207 3021; x_wconf 82' lang='grc' dir='ltr'><strong>χειμῶνος</strong></span> <span class='ocrx_word' id='word_1_371' title='bbox 2225 2954 2417 3007; x_wconf 82' lang='grc' dir='ltr'><strong>τούτου</strong></span> <span class='ocrx_word' id='word_1_372' title='bbox 2447 2959 2503 3017; x_wconf 74' lang='grc' dir='ltr'><strong>ἐς</strong></span> <span class='ocrx_word' id='word_1_373' title='bbox 2547 2957 2645 3026; x_wconf 78' lang='grc' dir='ltr'><strong>τὴν</strong></span> <span class='ocrx_word' id='word_1_374' title='bbox 2700 2959 3107 3029; x_wconf 72' lang='grc' dir='ltr'><strong>Πελοπόννησον</strong></span> <span class='ocrx_word' id='word_1_375' title='bbox 3139 2961 3374 3028; x_wconf 74' lang='grc' dir='ltr'><strong>ἐγένετο.</strong></span> 
     </span>
    </p>
   </div>
   <div class='ocr_carea' id='block_1_54' title="bbox 2561 3070 3249 3151">
    <p class='ocr_par' dir='ltr' id='par_1_54' title="bbox 2561 3070 3249 3151">
     <span class='ocr_line' id='line_1_54' title="bbox 2561 3070 3249 3151; baseline 0.007 -22"><span class='ocrx_word' id='word_1_376' title='bbox 2561 3070 2808 3131; x_wconf 75' lang='lat' dir='ltr'><strong>Notuias</strong></span> <span class='ocrx_word' id='word_1_377' title='bbox 2842 3075 3249 3151; x_wconf 77' lang='lat' dir='ltr'><strong>marginales.</strong></span> 
     </span>
    </p>
   </div>
   <div class='ocr_carea' id='block_1_55' title="bbox 1389 3188 2009 3258">
    <p class='ocr_par' dir='ltr' id='par_1_55' title="bbox 1389 3188 2009 3258">
     <span class='ocr_line' id='line_1_55' title="bbox 1389 3188 2009 3258; baseline 0.005 -18"><span class='ocrx_word' id='word_1_378' title='bbox 1389 3191 1500 3250; x_wconf 66' lang='grc' dir='ltr'><strong>(ἱὸ)</strong></span> <span class='ocrx_word' id='word_1_379' title='bbox 1528 3188 1740 3241; x_wconf 76' lang='lat' dir='ltr'><strong>Comini</strong></span> <span class='ocrx_word' id='word_1_380' title='bbox 1768 3188 2009 3258; x_wconf 70' lang='lat' dir='ltr'><strong>Tlmpiae.</strong></span> 
     </span>
    </p>
   </div>
   <div class='ocr_carea' id='block_1_56' title="bbox 1391 3258 1911 3328">
    <p class='ocr_par' dir='ltr' id='par_1_56' title="bbox 1391 3258 1911 3328">
     <span class='ocr_line' id='line_1_56' title="bbox 1391 3258 1911 3328; baseline 0.004 -17"><span class='ocrx_word' id='word_1_381' title='bbox 1391 3262 1499 3328; x_wconf 74' lang='lat' dir='ltr'><strong>(I9)</strong></span> <span class='ocrx_word' id='word_1_382' title='bbox 1534 3258 1911 3327; x_wconf 59' lang='lat' dir='ltr'><strong>limoplncon.</strong></span> 
     </span>
    </p>
   </div>
   <div class='ocr_carea' id='block_1_57' title="bbox 1385 3379 2568 3446">
    <p class='ocr_par' dir='ltr' id='par_1_57' title="bbox 1385 3379 2568 3446">
     <span class='ocr_line' id='line_1_57' title="bbox 1385 3379 2568 3446; baseline 0.005 -17"><span class='ocrx_word' id='word_1_383' title='bbox 1385 3382 1429 3411; x_wconf 84' lang='lat'><strong>&quot;</strong></span> <span class='ocrx_word' id='word_1_384' title='bbox 1459 3380 1513 3430; x_wconf 77' lang='grc' dir='ltr'><strong>αἱ</strong></span> <span class='ocrx_word' id='word_1_385' title='bbox 1545 3379 1673 3443; x_wconf 81' lang='grc' dir='ltr'><strong>τῶν,</strong></span> <span class='ocrx_word' id='word_1_386' title='bbox 1710 3381 1763 3432; x_wconf 81' lang='lat' dir='ltr'><strong>in</strong></span> <span class='ocrx_word' id='word_1_387' title='bbox 1789 3397 1891 3434; x_wconf 85' lang='lat' dir='ltr'><strong>uno</strong></span> <span class='ocrx_word' id='word_1_388' title='bbox 1923 3391 1977 3433; x_wconf 71' lang='lat'><strong>2::</strong></span> <span class='ocrx_word' id='word_1_389' title='bbox 2005 3401 2055 3434; x_wconf 75' lang='lat'><strong>&#39;...</strong></span> <span class='ocrx_word' id='word_1_390' title='bbox 2075 3396 2150 3446; x_wconf 63' lang='lat'><strong>3.;</strong></span> <span class='ocrx_word' id='word_1_391' title='bbox 2177 3381 2228 3434; x_wconf 82' lang='lat' dir='ltr'><strong>in</strong></span> <span class='ocrx_word' id='word_1_392' title='bbox 2254 3382 2329 3435; x_wconf 84' lang='lat' dir='ltr'><strong>al.</strong></span> <span class='ocrx_word' id='word_1_393' title='bbox 2361 3384 2416 3435; x_wconf 83' lang='grc' dir='ltr'><strong>αἱ</strong></span> <span class='ocrx_word' id='word_1_394' title='bbox 2442 3382 2568 3435; x_wconf 70' lang='grc' dir='ltr'><strong>τῶν.</strong></span> 
     </span>
    </p>
   </div>
   <div class='ocr_carea' id='block_1_58' title="bbox 3059 3199 3500 3269">
    <p class='ocr_par' dir='ltr' id='par_1_58' title="bbox 3059 3199 3500 3269">
     <span class='ocr_line' id='line_1_58' title="bbox 3059 3199 3500 3269; baseline 0.009 -17"><span class='ocrx_word' id='word_1_395' title='bbox 3059 3199 3170 3269; x_wconf 78' lang='lat'><strong>(&#39;20)</strong></span> <span class='ocrx_word' id='word_1_396' title='bbox 3204 3201 3308 3252; x_wconf 84' lang='lat' dir='ltr'><strong>An.</strong></span> <span class='ocrx_word' id='word_1_397' title='bbox 3347 3202 3500 3256; x_wconf 67' lang='lat'><strong>“69.</strong></span> 
     </span>
    </p>
   </div>
   <div class='ocr_carea' id='block_1_59' title="bbox 1935 3709 3950 3856">
    <p class='ocr_par' dir='ltr' id='par_1_59' title="bbox 1935 3709 3950 3856">
     <span class='ocr_line' id='line_1_59' title="bbox 1935 3709 3950 3856; baseline 0.001 -34"><span class='ocrx_word' id='word_1_398' title='bbox 1935 3710 3059 3856; x_wconf 66' lang='lat' dir='ltr'><strong>mangonum</strong></span> <span class='ocrx_word' id='word_1_399' title='bbox 3133 3709 3950 3824; x_wconf 62' lang='lat' dir='ltr'><strong>vannum</strong></span> 
     </span>
    </p>
   </div>
   <div class='ocr_carea' id='block_1_60' title="bbox 2911 3945 2975 3989">
    <p class='ocr_par' dir='ltr' id='par_1_60' title="bbox 2911 3945 2975 3989">
     <span class='ocr_line' id='line_1_60' title="bbox 2911 3945 2975 3989; baseline 0.016 -1"><span class='ocrx_word' id='word_1_400' title='bbox 2911 3945 2975 3989; x_wconf 84' lang='lat' dir='ltr'><strong>IN</strong></span> 
     </span>
    </p>
   </div>
   <div class='ocr_carea' id='block_1_61' title="bbox 1751 4066 4073 4160">
    <p class='ocr_par' dir='ltr' id='par_1_61' title="bbox 1751 4066 4073 4160">
     <span class='ocr_line' id='line_1_61' title="bbox 1751 4066 4073 4160; baseline -0.001 -3"><span class='ocrx_word' id='word_1_401' title='bbox 1751 4095 2070 4157; x_wconf 79' lang='lat' dir='ltr'><strong>LAONICI</strong></span> <span class='ocrx_word' id='word_1_402' title='bbox 2142 4095 2847 4160; x_wconf 68' lang='lat' dir='ltr'><strong>CHALCOCONDYLZE</strong></span> <span class='ocrx_word' id='word_1_403' title='bbox 2920 4066 3556 4159; x_wconf 70' lang='lat' dir='ltr'><strong>nescmr&#39;rtousn</strong></span> <span class='ocrx_word' id='word_1_404' title='bbox 3621 4094 4073 4156; x_wconf 64' lang='lat' dir='ltr'><strong>assumus</strong></span> 
     </span>
    </p>
   </div>
   <div class='ocr_carea' id='block_1_62' title="bbox 2454 4277 3397 4369">
    <p class='ocr_par' dir='ltr' id='par_1_62' title="bbox 2454 4277 3397 4369">
     <span class='ocr_line' id='line_1_62' title="bbox 2454 4277 3397 4369; baseline -0.001 -2"><span class='ocrx_word' id='word_1_405' title='bbox 2454 4277 2776 4369; x_wconf 82' lang='lat' dir='ltr'><strong>COMM</strong></span> <span class='ocrx_word' id='word_1_406' title='bbox 2804 4278 3102 4365; x_wconf 78' lang='lat' dir='ltr'><strong>EN&#39;l‘A</strong></span> <span class='ocrx_word' id='word_1_407' title='bbox 3127 4278 3238 4364; x_wconf 78' lang='grc' dir='ltr'><strong>ιιΙ</strong></span> <span class='ocrx_word' id='word_1_408' title='bbox 3266 4280 3397 4366; x_wconf 82' lang='lat' dir='ltr'>US</span> 
     </span>
    </p>
   </div>
   <div class='ocr_carea' id='block_1_63' title="bbox 2312 4471 3575 4543">
    <p class='ocr_par' dir='ltr' id='par_1_63' title="bbox 2312 4471 3575 4543">
     <span class='ocr_line' id='line_1_63' title="bbox 2312 4471 3575 4543; baseline -0.001 -18"><span class='ocrx_word' id='word_1_409' title='bbox 2312 4474 2517 4537; x_wconf 81' lang='lat' dir='ltr'><strong>(Script.</strong></span> <span class='ocrx_word' id='word_1_410' title='bbox 2554 4476 2665 4526; x_wconf 73' lang='lat' dir='ltr'><strong>Iter.</strong></span> <span class='ocrx_word' id='word_1_411' title='bbox 2687 4476 2845 4543; x_wconf 73' lang='lat' dir='ltr'><strong>Germ.</strong></span> <span class='ocrx_word' id='word_1_412' title='bbox 2881 4472 3003 4521; x_wconf 74' lang='lat' dir='ltr'><strong>\‘ide</strong></span> <span class='ocrx_word' id='word_1_413' title='bbox 3039 4487 3182 4535; x_wconf 81' lang='lat' dir='ltr'><strong>supra</strong></span> <span class='ocrx_word' id='word_1_414' title='bbox 3225 4473 3320 4522; x_wconf 81' lang='lat' dir='ltr'><strong>col.</strong></span> <span class='ocrx_word' id='word_1_415' title='bbox 3351 4471 3415 4524; x_wconf 75' lang='lat'><strong>75</strong></span> <span class='ocrx_word' id='word_1_416' title='bbox 3440 4472 3575 4541; x_wconf 76' lang='lat' dir='ltr'><strong>sqq.)</strong></span> 
     </span>
    </p>
   </div>
   <div class='ocr_carea' id='block_1_64' title="bbox 1400 4760 4579 4845">
    <p class='ocr_par' dir='ltr' id='par_1_64' title="bbox 1400 4760 4579 4845">
     <span class='ocr_line' id='line_1_64' title="bbox 1400 4760 4579 4845; baseline 0 -10"><span class='ocrx_word' id='word_1_417' title='bbox 1400 4782 1578 4835; x_wconf 87' lang='lat' dir='ltr'><strong>Locus</strong></span> <span class='ocrx_word' id='word_1_418' title='bbox 1610 4778 1763 4833; x_wconf 90' lang='lat' dir='ltr'><strong>hicce</strong></span> <span class='ocrx_word' id='word_1_419' title='bbox 1797 4760 2014 4831; x_wconf 85' lang='lat' dir='ltr'><strong>Laonici</strong></span> <span class='ocrx_word' id='word_1_420' title='bbox 2048 4774 2393 4827; x_wconf 76' lang='lat' dir='ltr'><strong>Atheniensis</strong></span> <span class='ocrx_word' id='word_1_421' title='bbox 2425 4785 2479 4827; x_wconf 90' lang='lat' dir='ltr'><strong>ut</strong></span> <span class='ocrx_word' id='word_1_422' title='bbox 2516 4776 2583 4828; x_wconf 81' lang='lat' dir='ltr'><strong>ad</strong></span> <span class='ocrx_word' id='word_1_423' title='bbox 2618 4775 2875 4829; x_wconf 86' lang='lat' dir='ltr'><strong>honorem</strong></span> <span class='ocrx_word' id='word_1_424' title='bbox 2905 4788 2949 4844; x_wconf 76' lang='grc' dir='ltr'><strong>α</strong></span> <span class='ocrx_word' id='word_1_425' title='bbox 2979 4775 3464 4830; x_wconf 83' lang='lat' dir='ltr'><strong>defraudaremus:</strong></span> <span class='ocrx_word' id='word_1_426' title='bbox 3495 4777 3678 4845; x_wconf 85' lang='lat' dir='ltr'><strong>inqua</strong></span> <span class='ocrx_word' id='word_1_427' title='bbox 3710 4775 3975 4845; x_wconf 81' lang='lat' dir='ltr'><strong>quidquid</strong></span> <span class='ocrx_word' id='word_1_428' title='bbox 4015 4778 4124 4831; x_wconf 80' lang='lat' dir='ltr'><strong>veri</strong></span> <span class='ocrx_word' id='word_1_429' title='bbox 4170 4788 4276 4841; x_wconf 82' lang='lat' dir='ltr'><strong>est,</strong></span> <span class='ocrx_word' id='word_1_430' title='bbox 4328 4796 4579 4835; x_wconf 79' lang='lat' dir='ltr'><strong>necesse</strong></span> 
     </span>
    </p>
   </div>
   <div class='ocr_carea' id='block_1_65' title="bbox 1332 4866 2892 4941">
    <p class='ocr_par' dir='ltr' id='par_1_65' title="bbox 1332 4866 2892 4941">
     <span class='ocr_line' id='line_1_65' title="bbox 1332 4866 2892 4941; baseline -0.003 -16"><span class='ocrx_word' id='word_1_431' title='bbox 1332 4875 1615 4928; x_wconf 62' lang='lat' dir='ltr'><strong>Germanae</strong></span> <span class='ocrx_word' id='word_1_432' title='bbox 1641 4871 1820 4941; x_wconf 75' lang='lat' dir='ltr'><strong>gentis</strong></span> <span class='ocrx_word' id='word_1_433' title='bbox 1858 4870 2146 4938; x_wconf 77' lang='lat' dir='ltr'><strong>insigniter</strong></span> <span class='ocrx_word' id='word_1_434' title='bbox 2182 4866 2437 4935; x_wconf 82' lang='lat' dir='ltr'><strong>pertinet,</strong></span> <span class='ocrx_word' id='word_1_435' title='bbox 2483 4868 2554 4921; x_wconf 85' lang='lat' dir='ltr'><strong>ita</strong></span> <span class='ocrx_word' id='word_1_436' title='bbox 2593 4877 2669 4921; x_wconf 88' lang='lat' dir='ltr'><strong>tot</strong></span> <span class='ocrx_word' id='word_1_437' title='bbox 2705 4878 2759 4921; x_wconf 93' lang='lat' dir='ltr'><strong>et</strong></span> <span class='ocrx_word' id='word_1_438' title='bbox 2783 4876 2892 4920; x_wconf 83' lang='lat' dir='ltr'><strong>tam</strong></span> 
     </span>
    </p>
   </div>
   <div class='ocr_carea' id='block_1_66' title="bbox 1336 4956 2894 5033">
    <p class='ocr_par' dir='ltr' id='par_1_66' title="bbox 1336 4956 2894 5033">
     <span class='ocr_line' id='line_1_66' title="bbox 1336 4956 2894 5033; baseline -0.005 -16"><span class='ocrx_word' id='word_1_439' title='bbox 1336 4964 1639 5033; x_wconf 74' lang='lat' dir='ltr'><strong>insignibus</strong></span> <span class='ocrx_word' id='word_1_440' title='bbox 1681 4960 1894 5015; x_wconf 87' lang='lat' dir='ltr'><strong>mendis</strong></span> <span class='ocrx_word' id='word_1_441' title='bbox 1931 4977 2036 5013; x_wconf 84' lang='lat' dir='ltr'><strong>non</strong></span> <span class='ocrx_word' id='word_1_442' title='bbox 2106 4968 2212 5010; x_wconf 79' lang='lat' dir='ltr'><strong>lalll</strong></span> <span class='ocrx_word' id='word_1_443' title='bbox 2280 4974 2309 5010; x_wconf 87' lang='lat' dir='ltr'><strong>a</strong></span> <span class='ocrx_word' id='word_1_444' title='bbox 2372 4956 2611 5010; x_wconf 81' lang='lat' dir='ltr'><strong>librariis</strong></span> <span class='ocrx_word' id='word_1_445' title='bbox 2645 4956 2894 5027; x_wconf 85' lang='lat' dir='ltr'><strong>(quorum</strong></span> 
     </span>
    </p>
   </div>
   <div class='ocr_carea' id='block_1_67' title="bbox 1335 5049 2898 5126">
    <p class='ocr_par' dir='ltr' id='par_1_67' title="bbox 1335 5049 2898 5126">
     <span class='ocr_line' id='line_1_67' title="bbox 1335 5049 2898 5126; baseline -0.004 -17"><span class='ocrx_word' id='word_1_446' title='bbox 1335 5060 1553 5126; x_wconf 88' lang='lat' dir='ltr'><strong>quidem</strong></span> <span class='ocrx_word' id='word_1_447' title='bbox 1589 5054 1762 5124; x_wconf 72' lang='lat' dir='ltr'><strong>culpa:</strong></span> <span class='ocrx_word' id='word_1_448' title='bbox 1814 5053 1975 5106; x_wconf 88' lang='lat' dir='ltr'><strong>trium</strong></span> <span class='ocrx_word' id='word_1_449' title='bbox 2029 5054 2277 5106; x_wconf 89' lang='lat' dir='ltr'><strong>codicum</strong></span> <span class='ocrx_word' id='word_1_450' title='bbox 2341 5049 2712 5105; x_wconf 81' lang='lat' dir='ltr'><strong>Palatinorum</strong></span> <span class='ocrx_word' id='word_1_451' title='bbox 2766 5065 2898 5103; x_wconf 88' lang='lat' dir='ltr'><strong>mss.</strong></span> 
     </span>
    </p>
   </div>
   <div class='ocr_carea' id='block_1_68' title="bbox 1335 5140 2894 5214">
    <p class='ocr_par' dir='ltr' id='par_1_68' title="bbox 1335 5140 2894 5214">
     <span class='ocr_line' id='line_1_68' title="bbox 1335 5140 2894 5214; baseline -0.006 -11"><span class='ocrx_word' id='word_1_452' title='bbox 1335 5147 1867 5204; x_wconf 86' lang='lat' dir='ltr'><strong>collationemederi,</strong></span> <span class='ocrx_word' id='word_1_453' title='bbox 1925 5157 2186 5214; x_wconf 87' lang='lat' dir='ltr'><strong>quantum</strong></span> <span class='ocrx_word' id='word_1_454' title='bbox 2223 5143 2391 5209; x_wconf 77' lang='lat' dir='ltr'><strong>licuit,</strong></span> <span class='ocrx_word' id='word_1_455' title='bbox 2440 5143 2621 5198; x_wconf 82' lang='lat' dir='ltr'><strong>armisi</strong></span> <span class='ocrx_word' id='word_1_456' title='bbox 2658 5140 2894 5209; x_wconf 82' lang='lat' dir='ltr'><strong>sumus),</strong></span> 
     </span>
    </p>
   </div>
   <div class='ocr_carea' id='block_1_69' title="bbox 1336 5233 2894 5304">
    <p class='ocr_par' dir='ltr' id='par_1_69' title="bbox 1336 5233 2894 5304">
     <span class='ocr_line' id='line_1_69' title="bbox 1336 5233 2894 5304; baseline -0.004 -13"><span class='ocrx_word' id='word_1_457' title='bbox 1336 5253 1500 5304; x_wconf 79' lang='lat' dir='ltr'><strong>quam</strong></span> <span class='ocrx_word' id='word_1_458' title='bbox 1531 5237 1647 5304; x_wconf 86' lang='lat' dir='ltr'><strong>ipso</strong></span> <span class='ocrx_word' id='word_1_459' title='bbox 1682 5238 1969 5303; x_wconf 86' lang='lat' dir='ltr'><strong>scriptore,</strong></span> <span class='ocrx_word' id='word_1_460' title='bbox 2000 5237 2217 5289; x_wconf 82' lang='lat' dir='ltr'><strong>homine</strong></span> <span class='ocrx_word' id='word_1_461' title='bbox 2247 5251 2351 5288; x_wconf 91' lang='lat' dir='ltr'><strong>non</strong></span> <span class='ocrx_word' id='word_1_462' title='bbox 2379 5236 2557 5288; x_wconf 89' lang='lat' dir='ltr'><strong>solum</strong></span> <span class='ocrx_word' id='word_1_463' title='bbox 2590 5236 2639 5285; x_wconf 92' lang='lat' dir='ltr'><strong>in</strong></span> <span class='ocrx_word' id='word_1_464' title='bbox 2666 5233 2894 5286; x_wconf 80' lang='lat' dir='ltr'><strong>Genna-</strong></span> 
     </span>
    </p>
   </div>
   <div class='ocr_carea' id='block_1_70' title="bbox 1335 5326 2895 5396">
    <p class='ocr_par' dir='ltr' id='par_1_70' title="bbox 1335 5326 2895 5396">
     <span class='ocr_line' id='line_1_70' title="bbox 1335 5326 2895 5396; baseline -0.002 -17"><span class='ocrx_word' id='word_1_465' title='bbox 1335 5331 1421 5380; x_wconf 84' lang='lat' dir='ltr'><strong>nia</strong></span> <span class='ocrx_word' id='word_1_466' title='bbox 1454 5340 1632 5380; x_wconf 86' lang='lat' dir='ltr'><strong>nostra</strong></span> <span class='ocrx_word' id='word_1_467' title='bbox 1662 5326 1898 5393; x_wconf 82' lang='lat' dir='ltr'><strong>hospite,</strong></span> <span class='ocrx_word' id='word_1_468' title='bbox 1930 5330 2021 5380; x_wconf 85' lang='lat' dir='ltr'><strong>sed</strong></span> <span class='ocrx_word' id='word_1_469' title='bbox 2058 5328 2210 5396; x_wconf 84' lang='lat' dir='ltr'><strong>plane</strong></span> <span class='ocrx_word' id='word_1_470' title='bbox 2256 5329 2435 5392; x_wconf 76' lang='lat' dir='ltr'><strong>ignota</strong></span> <span class='ocrx_word' id='word_1_471' title='bbox 2468 5326 2744 5394; x_wconf 86' lang='lat' dir='ltr'><strong>loquente,</strong></span> <span class='ocrx_word' id='word_1_472' title='bbox 2774 5340 2895 5392; x_wconf 73' lang='lat' dir='ltr'><strong>quzc</strong></span> 
     </span>
    </p>
   </div>
   <div class='ocr_carea' id='block_1_71' title="bbox 1334 5417 2894 5485">
    <p class='ocr_par' dir='ltr' id='par_1_71' title="bbox 1334 5417 2894 5485">
     <span class='ocr_line' id='line_1_71' title="bbox 1334 5417 2894 5485; baseline -0.003 -13"><span class='ocrx_word' id='word_1_473' title='bbox 1334 5420 1448 5472; x_wconf 85' lang='lat' dir='ltr'><strong>sola</strong></span> <span class='ocrx_word' id='word_1_474' title='bbox 1483 5419 1761 5470; x_wconf 89' lang='lat' dir='ltr'><strong>auditione</strong></span> <span class='ocrx_word' id='word_1_475' title='bbox 1816 5418 2000 5471; x_wconf 86' lang='lat' dir='ltr'><strong>nescio</strong></span> <span class='ocrx_word' id='word_1_476' title='bbox 2046 5417 2187 5471; x_wconf 87' lang='lat' dir='ltr'><strong>unde</strong></span> <span class='ocrx_word' id='word_1_477' title='bbox 2245 5417 2582 5485; x_wconf 77' lang='lat' dir='ltr'><strong>accepisset,</strong></span> <span class='ocrx_word' id='word_1_478' title='bbox 2646 5418 2894 5485; x_wconf 81' lang='lat' dir='ltr'><strong>oppletus</strong></span> 
     </span>
    </p>
   </div>
   <div class='ocr_carea' id='block_1_72' title="bbox 1330 5506 2893 5569">
    <p class='ocr_par' dir='ltr' id='par_1_72' title="bbox 1330 5506 2893 5569">
     <span class='ocr_line' id='line_1_72' title="bbox 1330 5506 2893 5569; baseline -0.002 -6"><span class='ocrx_word' id='word_1_479' title='bbox 1330 5519 1433 5567; x_wconf 86' lang='lat' dir='ltr'><strong>est.</strong></span> <span class='ocrx_word' id='word_1_480' title='bbox 1480 5519 1537 5562; x_wconf 90' lang='lat' dir='ltr'><strong>ut</strong></span> <span class='ocrx_word' id='word_1_481' title='bbox 1578 5509 1804 5561; x_wconf 91' lang='lat' dir='ltr'><strong>multum</strong></span> <span class='ocrx_word' id='word_1_482' title='bbox 1858 5508 2186 5569; x_wconf 81' lang='lat' dir='ltr'><strong>dubitarem,</strong></span> <span class='ocrx_word' id='word_1_483' title='bbox 2249 5522 2317 5559; x_wconf 87' lang='lat' dir='ltr'><strong>au</strong></span> <span class='ocrx_word' id='word_1_484' title='bbox 2376 5522 2498 5559; x_wconf 87' lang='lat' dir='ltr'><strong>cum</strong></span> <span class='ocrx_word' id='word_1_485' title='bbox 2558 5506 2679 5559; x_wconf 86' lang='lat' dir='ltr'><strong>licet</strong></span> <span class='ocrx_word' id='word_1_486' title='bbox 2734 5508 2893 5560; x_wconf 75' lang='lat' dir='ltr'><strong>anxie</strong></span> 
     </span>
    </p>
   </div>
   <div class='ocr_carea' id='block_1_73' title="bbox 1332 5599 2892 5668">
    <p class='ocr_par' dir='ltr' id='par_1_73' title="bbox 1332 5599 2892 5668">
     <span class='ocr_line' id='line_1_73' title="bbox 1332 5599 2892 5668; baseline -0.001 -17"><span class='ocrx_word' id='word_1_487' title='bbox 1332 5600 1619 5668; x_wconf 65' lang='lat' dir='ltr'><strong>quaesitum</strong></span> <span class='ocrx_word' id='word_1_488' title='bbox 1641 5610 1693 5653; x_wconf 87' lang='lat' dir='ltr'><strong>et</strong></span> <span class='ocrx_word' id='word_1_489' title='bbox 1715 5599 2049 5668; x_wconf 88' lang='lat' dir='ltr'><strong>descriptum</strong></span> <span class='ocrx_word' id='word_1_490' title='bbox 2086 5600 2137 5650; x_wconf 91' lang='lat' dir='ltr'><strong>in</strong></span> <span class='ocrx_word' id='word_1_491' title='bbox 2191 5599 2331 5651; x_wconf 86' lang='lat' dir='ltr'><strong>hanc</strong></span> <span class='ocrx_word' id='word_1_492' title='bbox 2360 5600 2740 5652; x_wconf 88' lang='lat' dir='ltr'><strong>collectionem</strong></span> <span class='ocrx_word' id='word_1_493' title='bbox 2797 5600 2892 5650; x_wconf 87' lang='lat' dir='ltr'><strong>ad-</strong></span> 
     </span>
    </p>
   </div>
   <div class='ocr_carea' id='block_1_74' title="bbox 1333 5690 2887 5759">
    <p class='ocr_par' dir='ltr' id='par_1_74' title="bbox 1333 5690 2887 5759">
     <span class='ocr_line' id='line_1_74' title="bbox 1333 5690 2887 5759; baseline -0.002 -14"><span class='ocrx_word' id='word_1_494' title='bbox 1333 5692 1567 5754; x_wconf 88' lang='lat' dir='ltr'><strong>mittere,</strong></span> <span class='ocrx_word' id='word_1_495' title='bbox 1608 5692 1802 5744; x_wconf 89' lang='lat' dir='ltr'><strong>nedum</strong></span> <span class='ocrx_word' id='word_1_496' title='bbox 1861 5694 1914 5745; x_wconf 93' lang='lat' dir='ltr'><strong>in</strong></span> <span class='ocrx_word' id='word_1_497' title='bbox 1950 5708 2013 5747; x_wconf 87' lang='lat' dir='ltr'><strong>eo</strong></span> <span class='ocrx_word' id='word_1_498' title='bbox 2042 5692 2269 5746; x_wconf 88' lang='lat' dir='ltr'><strong>scholiis</strong></span> <span class='ocrx_word' id='word_1_499' title='bbox 2316 5690 2641 5758; x_wconf 75' lang='lat' dir='ltr'><strong>explicando</strong></span> <span class='ocrx_word' id='word_1_500' title='bbox 2684 5691 2887 5759; x_wconf 80' lang='lat' dir='ltr'><strong>aliquid</strong></span> 
     </span>
    </p>
   </div>
   <div class='ocr_carea' id='block_1_75' title="bbox 1334 5782 2893 5853">
    <p class='ocr_par' dir='ltr' id='par_1_75' title="bbox 1334 5782 2893 5853">
     <span class='ocr_line' id='line_1_75' title="bbox 1334 5782 2893 5853; baseline -0.001 -18"><span class='ocrx_word' id='word_1_501' title='bbox 1334 5800 1507 5851; x_wconf 78' lang='lat' dir='ltr'><strong>Opera:</strong></span> <span class='ocrx_word' id='word_1_502' title='bbox 1535 5800 1735 5853; x_wconf 87' lang='lat' dir='ltr'><strong>ponere</strong></span> <span class='ocrx_word' id='word_1_503' title='bbox 1768 5786 1976 5840; x_wconf 84' lang='lat' dir='ltr'><strong>vellem.</strong></span> <span class='ocrx_word' id='word_1_504' title='bbox 2011 5787 2119 5839; x_wconf 89' lang='lat' dir='ltr'><strong>Sed</strong></span> <span class='ocrx_word' id='word_1_505' title='bbox 2180 5794 2299 5837; x_wconf 89' lang='lat' dir='ltr'><strong>utut</strong></span> <span class='ocrx_word' id='word_1_506' title='bbox 2340 5785 2457 5851; x_wconf 77' lang='lat' dir='ltr'><strong>ipse</strong></span> <span class='ocrx_word' id='word_1_507' title='bbox 2510 5782 2641 5835; x_wconf 85' lang='lat' dir='ltr'><strong>tanti</strong></span> <span class='ocrx_word' id='word_1_508' title='bbox 2674 5799 2780 5833; x_wconf 90' lang='lat' dir='ltr'><strong>non</strong></span> <span class='ocrx_word' id='word_1_509' title='bbox 2816 5784 2893 5834; x_wconf 79' lang='lat' dir='ltr'><strong>vi-</strong></span> 
     </span>
    </p>
   </div>
   <div class='ocr_carea' id='block_1_76' title="bbox 1333 5873 2881 5943">
    <p class='ocr_par' dir='ltr' id='par_1_76' title="bbox 1333 5873 2881 5943">
     <span class='ocr_line' id='line_1_76' title="bbox 1333 5873 2881 5943; baseline -0.002 -19"><span class='ocrx_word' id='word_1_510' title='bbox 1333 5875 1571 5931; x_wconf 78' lang='lat' dir='ltr'><strong>deretur.</strong></span> <span class='ocrx_word' id='word_1_511' title='bbox 1610 5876 1743 5927; x_wconf 76' lang='lat' dir='ltr'><strong>tanti</strong></span> <span class='ocrx_word' id='word_1_512' title='bbox 1798 5876 2014 5943; x_wconf 81' lang='lat' dir='ltr'><strong>quidem</strong></span> <span class='ocrx_word' id='word_1_513' title='bbox 2070 5877 2181 5929; x_wconf 76' lang='lat' dir='ltr'><strong>visa</strong></span> <span class='ocrx_word' id='word_1_514' title='bbox 2247 5884 2329 5927; x_wconf 77' lang='lat' dir='ltr'><strong>est</strong></span> <span class='ocrx_word' id='word_1_515' title='bbox 2366 5876 2536 5942; x_wconf 86' lang='lat' dir='ltr'><strong>patria</strong></span> <span class='ocrx_word' id='word_1_516' title='bbox 2567 5873 2881 5928; x_wconf 67' lang='lat' dir='ltr'><strong>Germania.</strong></span> 
     </span>
    </p>
   </div>
   <div class='ocr_carea' id='block_1_77' title="bbox 1335 5966 2883 6037">
    <p class='ocr_par' dir='ltr' id='par_1_77' title="bbox 1335 5966 2883 6037">
     <span class='ocr_line' id='line_1_77' title="bbox 1335 5966 2883 6037; baseline -0.001 -18"><span class='ocrx_word' id='word_1_517' title='bbox 1335 5981 1490 6037; x_wconf 82' lang='lat' dir='ltr'><strong>quam</strong></span> <span class='ocrx_word' id='word_1_518' title='bbox 1534 5985 1706 6036; x_wconf 85' lang='lat' dir='ltr'><strong>neque</strong></span> <span class='ocrx_word' id='word_1_519' title='bbox 1736 5969 1835 6023; x_wconf 81' lang='lat' dir='ltr'><strong>ista</strong></span> <span class='ocrx_word' id='word_1_520' title='bbox 1895 5970 2127 6023; x_wconf 83' lang='lat' dir='ltr'><strong>hominis</strong></span> <span class='ocrx_word' id='word_1_521' title='bbox 2163 5969 2361 6023; x_wconf 73' lang='lat' dir='ltr'><strong>exotici</strong></span> <span class='ocrx_word' id='word_1_522' title='bbox 2407 5966 2883 6022; x_wconf 74' lang='lat' dir='ltr'><strong>commendatione</strong></span> 
     </span>
    </p>
   </div>
   <div class='ocr_carea' id='block_1_78' title="bbox 2993 4852 4581 4935">
    <p class='ocr_par' dir='ltr' id='par_1_78' title="bbox 2993 4852 4581 4935">
     <span class='ocr_line' id='line_1_78' title="bbox 2993 4852 4581 4935; baseline 0.006 -20"><span class='ocrx_word' id='word_1_523' title='bbox 2993 4852 3074 4916; x_wconf 78' lang='lat' dir='ltr'><strong>est</strong></span> <span class='ocrx_word' id='word_1_524' title='bbox 3098 4879 3128 4916; x_wconf 87' lang='lat' dir='ltr'><strong>a</strong></span> <span class='ocrx_word' id='word_1_525' title='bbox 3162 4863 3537 4932; x_wconf 74' lang='lat' dir='ltr'><strong>vulgatissima</strong></span> <span class='ocrx_word' id='word_1_526' title='bbox 3569 4863 3709 4917; x_wconf 73' lang='lat' dir='ltr'><strong>[atria</strong></span> <span class='ocrx_word' id='word_1_527' title='bbox 3739 4879 3919 4918; x_wconf 89' lang='lat' dir='ltr'><strong>rerum</strong></span> <span class='ocrx_word' id='word_1_528' title='bbox 3952 4864 4240 4935; x_wconf 86' lang='lat' dir='ltr'><strong>plusquam</strong></span> <span class='ocrx_word' id='word_1_529' title='bbox 4301 4871 4581 4925; x_wconf 77' lang='lat' dir='ltr'><strong>notoria-</strong></span> 
     </span>
    </p>
   </div>
   <div class='ocr_carea' id='block_1_79' title="bbox 2996 4953 4589 5027">
    <p class='ocr_par' dir='ltr' id='par_1_79' title="bbox 2996 4953 4589 5027">
     <span class='ocr_line' id='line_1_79' title="bbox 2996 4953 4589 5027; baseline 0.009 -22"><span class='ocrx_word' id='word_1_530' title='bbox 2996 4968 3116 5006; x_wconf 87' lang='lat' dir='ltr'><strong>rum</strong></span> <span class='ocrx_word' id='word_1_531' title='bbox 3147 4954 3227 5020; x_wconf 92' lang='lat' dir='ltr'><strong>(ut</strong></span> <span class='ocrx_word' id='word_1_532' title='bbox 3255 4953 3400 5022; x_wconf 76' lang='lat' dir='ltr'><strong>vulgi</strong></span> <span class='ocrx_word' id='word_1_533' title='bbox 3425 4953 3739 5023; x_wconf 80' lang='lat' dir='ltr'><strong>loquuntur}</strong></span> <span class='ocrx_word' id='word_1_534' title='bbox 3765 4965 3820 5009; x_wconf 85' lang='lat' dir='ltr'><strong>et</strong></span> <span class='ocrx_word' id='word_1_535' title='bbox 3841 4964 3954 5010; x_wconf 89' lang='lat' dir='ltr'><strong>toto</strong></span> <span class='ocrx_word' id='word_1_536' title='bbox 3987 4960 4118 5011; x_wconf 87' lang='lat' dir='ltr'><strong>orbe</strong></span> <span class='ocrx_word' id='word_1_537' title='bbox 4142 4972 4589 5027; x_wconf 80' lang='lat' dir='ltr'><strong>compertarum</strong></span> 
     </span>
    </p>
   </div>
   <div class='ocr_carea' id='block_1_80' title="bbox 2994 5042 4598 5114">
    <p class='ocr_par' dir='ltr' id='par_1_80' title="bbox 2994 5042 4598 5114">
     <span class='ocr_line' id='line_1_80' title="bbox 2994 5042 4598 5114; baseline 0.006 -17"><span class='ocrx_word' id='word_1_538' title='bbox 2994 5044 3168 5097; x_wconf 78' lang='lat' dir='ltr'><strong>fuisse</strong></span> <span class='ocrx_word' id='word_1_539' title='bbox 3200 5042 3526 5111; x_wconf 79' lang='lat' dir='ltr'><strong>profectum.</strong></span> <span class='ocrx_word' id='word_1_540' title='bbox 3557 5043 3677 5109; x_wconf 85' lang='lat' dir='ltr'><strong>Quo</strong></span> <span class='ocrx_word' id='word_1_541' title='bbox 3709 5045 3761 5097; x_wconf 92' lang='lat' dir='ltr'><strong>in</strong></span> <span class='ocrx_word' id='word_1_542' title='bbox 3786 5061 3983 5114; x_wconf 75' lang='lat' dir='ltr'><strong>genere</strong></span> <span class='ocrx_word' id='word_1_543' title='bbox 4033 5048 4243 5102; x_wconf 78' lang='lat' dir='ltr'><strong>scholia</strong></span> <span class='ocrx_word' id='word_1_544' title='bbox 4294 5050 4598 5107; x_wconf 83' lang='lat' dir='ltr'><strong>scribenti</strong></span> 
     </span>
    </p>
   </div>
   <div class='ocr_carea' id='block_1_81' title="bbox 2950 5134 4598 5210">
    <p class='ocr_par' dir='ltr' id='par_1_81' title="bbox 2950 5134 4598 5210">
     <span class='ocr_line' id='line_1_81' title="bbox 2950 5134 4598 5210; baseline 0.007 -21"><span class='ocrx_word' id='word_1_545' title='bbox 2950 5134 3347 5189; x_wconf 61' lang='lat' dir='ltr'><strong>‘nondiﬂicile</strong></span> <span class='ocrx_word' id='word_1_546' title='bbox 3398 5135 3587 5189; x_wconf 73' lang='lat' dir='ltr'><strong>luisset</strong></span> <span class='ocrx_word' id='word_1_547' title='bbox 3651 5136 3804 5204; x_wconf 83' lang='lat' dir='ltr'><strong>plura</strong></span> <span class='ocrx_word' id='word_1_548' title='bbox 3861 5137 4025 5191; x_wconf 86' lang='lat' dir='ltr'><strong>etiam</strong></span> <span class='ocrx_word' id='word_1_549' title='bbox 4079 5155 4389 5210; x_wconf 79' lang='lat' dir='ltr'><strong>congerere.</strong></span> <span class='ocrx_word' id='word_1_550' title='bbox 4456 5145 4598 5201; x_wconf 83' lang='lat' dir='ltr'><strong>nisi</strong></span> 
     </span>
    </p>
   </div>
   <div class='ocr_carea' id='block_1_82' title="bbox 2994 5227 4602 5299">
    <p class='ocr_par' dir='ltr' id='par_1_82' title="bbox 2994 5227 4602 5299">
     <span class='ocr_line' id='line_1_82' title="bbox 2994 5227 4602 5299; baseline 0.007 -19"><span class='ocrx_word' id='word_1_551' title='bbox 2994 5227 3213 5281; x_wconf 89' lang='lat' dir='ltr'><strong>modum</strong></span> <span class='ocrx_word' id='word_1_552' title='bbox 3256 5238 3437 5282; x_wconf 85' lang='lat' dir='ltr'><strong>tenere</strong></span> <span class='ocrx_word' id='word_1_553' title='bbox 3496 5229 3812 5297; x_wconf 84' lang='lat' dir='ltr'><strong>pr.cclarius</strong></span> <span class='ocrx_word' id='word_1_554' title='bbox 3874 5243 4248 5299; x_wconf 74' lang='lat' dir='ltr'><strong>putassemus.</strong></span> <span class='ocrx_word' id='word_1_555' title='bbox 4283 5233 4602 5292; x_wconf 63' lang='lat' dir='ltr'><strong>Caeterum</strong></span> 
     </span>
    </p>
   </div>
   <div class='ocr_carea' id='block_1_83' title="bbox 2993 5304 4609 5391">
    <p class='ocr_par' dir='ltr' id='par_1_83' title="bbox 2993 5304 4609 5391">
     <span class='ocr_line' id='line_1_83' title="bbox 2993 5304 4609 5391; baseline 0.008 -18"><span class='ocrx_word' id='word_1_556' title='bbox 2993 5321 3192 5374; x_wconf 83' lang='lat' dir='ltr'><strong>alicubi</strong></span> <span class='ocrx_word' id='word_1_557' title='bbox 3223 5323 3384 5375; x_wconf 82' lang='lat' dir='ltr'><strong>etiam</strong></span> <span class='ocrx_word' id='word_1_558' title='bbox 3425 5325 3475 5374; x_wconf 89' lang='lat' dir='ltr'><strong>in</strong></span> <span class='ocrx_word' id='word_1_559' title='bbox 3510 5323 3595 5375; x_wconf 87' lang='lat' dir='ltr'><strong>his</strong></span> <span class='ocrx_word' id='word_1_560' title='bbox 3630 5322 3863 5377; x_wconf 65' lang='lat' dir='ltr'><strong>salebris</strong></span> <span class='ocrx_word' id='word_1_561' title='bbox 3921 5304 4106 5391; x_wconf 85' lang='lat' dir='ltr'><strong>pedem</strong></span> <span class='ocrx_word' id='word_1_562' title='bbox 4143 5324 4360 5380; x_wconf 64' lang='lat' dir='ltr'><strong>basisse</strong></span> <span class='ocrx_word' id='word_1_563' title='bbox 4420 5330 4609 5386; x_wconf 76' lang='lat' dir='ltr'><strong>nihil</strong></span> 
     </span>
    </p>
   </div>
   <div class='ocr_carea' id='block_1_84' title="bbox 2994 5416 4613 5486">
    <p class='ocr_par' dir='ltr' id='par_1_84' title="bbox 2994 5416 4613 5486">
     <span class='ocr_line' id='line_1_84' title="bbox 2994 5416 4613 5486; baseline 0.008 -20"><span class='ocrx_word' id='word_1_564' title='bbox 2994 5417 3214 5479; x_wconf 91' lang='lat' dir='ltr'><strong>mirum,</strong></span> <span class='ocrx_word' id='word_1_565' title='bbox 3244 5416 3447 5469; x_wconf 81' lang='lat' dir='ltr'><strong>orbatis</strong></span> <span class='ocrx_word' id='word_1_566' title='bbox 3479 5416 3774 5483; x_wconf 67' lang='lat' dir='ltr'><strong>praesertim</strong></span> <span class='ocrx_word' id='word_1_567' title='bbox 3823 5418 4049 5470; x_wconf 81' lang='lat' dir='ltr'><strong>ductore</strong></span> <span class='ocrx_word' id='word_1_568' title='bbox 4100 5418 4214 5481; x_wconf 89' lang='lat' dir='ltr'><strong>illo,</strong></span> <span class='ocrx_word' id='word_1_569' title='bbox 4247 5419 4339 5486; x_wconf 88' lang='lat' dir='ltr'><strong>qui</strong></span> <span class='ocrx_word' id='word_1_570' title='bbox 4403 5423 4613 5478; x_wconf 69' lang='lat' dir='ltr'><strong>solus</strong></span> 
     </span>
    </p>
   </div>
   <div class='ocr_carea' id='block_1_85' title="bbox 3002 5508 4614 5578">
    <p class='ocr_par' dir='ltr' id='par_1_85' title="bbox 3002 5508 4614 5578">
     <span class='ocr_line' id='line_1_85' title="bbox 3002 5508 4614 5578; baseline 0.005 -20"><span class='ocrx_word' id='word_1_571' title='bbox 3002 5508 3123 5559; x_wconf 83' lang='lat' dir='ltr'><strong>inde</strong></span> <span class='ocrx_word' id='word_1_572' title='bbox 3152 5508 3405 5576; x_wconf 79' lang='lat' dir='ltr'><strong>expedite</strong></span> <span class='ocrx_word' id='word_1_573' title='bbox 3435 5520 3686 5573; x_wconf 76' lang='lat' dir='ltr'><strong>poterat:</strong></span> <span class='ocrx_word' id='word_1_574' title='bbox 3740 5509 4093 5571; x_wconf 78' lang='lat' dir='ltr'><strong>Leunclavio,</strong></span> <span class='ocrx_word' id='word_1_575' title='bbox 4154 5510 4398 5578; x_wconf 82' lang='lat' dir='ltr'><strong>inquam,</strong></span> <span class='ocrx_word' id='word_1_576' title='bbox 4474 5530 4614 5570; x_wconf 81' lang='lat' dir='ltr'><strong>uo-</strong></span> 
     </span>
    </p>
   </div>
   <div class='ocr_carea' id='block_1_86' title="bbox 2999 5598 4615 5669">
    <p class='ocr_par' dir='ltr' id='par_1_86' title="bbox 2999 5598 4615 5669">
     <span class='ocr_line' id='line_1_86' title="bbox 2999 5598 4615 5669; baseline 0.005 -21"><span class='ocrx_word' id='word_1_577' title='bbox 2999 5607 3135 5660; x_wconf 80' lang='lat' dir='ltr'><strong>stro,</strong></span> <span class='ocrx_word' id='word_1_578' title='bbox 3159 5598 3350 5650; x_wconf 90' lang='lat' dir='ltr'><strong>horum</strong></span> <span class='ocrx_word' id='word_1_579' title='bbox 3386 5600 3713 5667; x_wconf 84' lang='lat' dir='ltr'><strong>scriptorum</strong></span> <span class='ocrx_word' id='word_1_580' title='bbox 3761 5602 4129 5669; x_wconf 78' lang='lat' dir='ltr'><strong>peritissimo;</strong></span> <span class='ocrx_word' id='word_1_581' title='bbox 4162 5603 4364 5669; x_wconf 68' lang='lat' dir='ltr'><strong>Quique</strong></span> <span class='ocrx_word' id='word_1_582' title='bbox 4422 5608 4615 5661; x_wconf 62' lang='lat' dir='ltr'><strong>ade&quot;</strong></span> 
     </span>
    </p>
   </div>
   <div class='ocr_carea' id='block_1_87' title="bbox 3001 5690 4622 5757">
    <p class='ocr_par' dir='ltr' id='par_1_87' title="bbox 3001 5690 4622 5757">
     <span class='ocr_line' id='line_1_87' title="bbox 3001 5690 4622 5757; baseline 0.007 -14"><span class='ocrx_word' id='word_1_583' title='bbox 3001 5701 3169 5744; x_wconf 88' lang='lat' dir='ltr'><strong>totmn</strong></span> <span class='ocrx_word' id='word_1_584' title='bbox 3202 5691 3363 5745; x_wconf 89' lang='lat' dir='ltr'><strong>istum</strong></span> <span class='ocrx_word' id='word_1_585' title='bbox 3411 5690 3707 5745; x_wconf 83' lang='lat' dir='ltr'><strong>Laonicum</strong></span> <span class='ocrx_word' id='word_1_586' title='bbox 3746 5709 3843 5748; x_wconf 86' lang='lat' dir='ltr'><strong>sua</strong></span> <span class='ocrx_word' id='word_1_587' title='bbox 3904 5710 4092 5757; x_wconf 84' lang='lat' dir='ltr'><strong>manu.</strong></span> <span class='ocrx_word' id='word_1_588' title='bbox 4136 5697 4265 5749; x_wconf 88' lang='lat' dir='ltr'><strong>dum</strong></span> <span class='ocrx_word' id='word_1_589' title='bbox 4314 5696 4407 5750; x_wconf 83' lang='lat' dir='ltr'><strong>hic</strong></span> <span class='ocrx_word' id='word_1_590' title='bbox 4455 5717 4622 5757; x_wconf 68' lang='lat' dir='ltr'><strong>vei--</strong></span> 
     </span>
    </p>
   </div>
   <div class='ocr_carea' id='block_1_88' title="bbox 2998 5786 4621 5867">
    <p class='ocr_par' dir='ltr' id='par_1_88' title="bbox 2998 5786 4621 5867">
     <span class='ocr_line' id='line_1_88' title="bbox 2998 5786 4621 5867; baseline 0.007 -33"><span class='ocrx_word' id='word_1_591' title='bbox 2998 5794 3232 5846; x_wconf 78' lang='lat' dir='ltr'><strong>saretur,</strong></span> <span class='ocrx_word' id='word_1_592' title='bbox 3259 5786 3501 5851; x_wconf 72' lang='lat' dir='ltr'><strong>diligenti</strong></span> <span class='ocrx_word' id='word_1_593' title='bbox 3535 5801 3664 5838; x_wconf 82' lang='lat' dir='ltr'><strong>cura</strong></span> <span class='ocrx_word' id='word_1_594' title='bbox 3703 5787 4087 5854; x_wconf 80' lang='lat' dir='ltr'><strong>deseripserat.</strong></span> <span class='ocrx_word' id='word_1_595' title='bbox 4119 5789 4332 5854; x_wconf 79' lang='lat' dir='ltr'><strong>Quanto</strong></span> <span class='ocrx_word' id='word_1_596' title='bbox 4359 5788 4535 5857; x_wconf 80' lang='lat' dir='ltr'><strong>(heu</strong></span> <span class='ocrx_word' id='word_1_597' title='bbox 4562 5797 4621 5867; x_wconf 72' lang='grc' dir='ltr'><strong>ἓ)</strong></span> 
     </span>
    </p>
   </div>
   <div class='ocr_carea' id='block_1_89' title="bbox 3000 5876 4623 5947">
    <p class='ocr_par' dir='ltr' id='par_1_89' title="bbox 3000 5876 4623 5947">
     <span class='ocr_line' id='line_1_89' title="bbox 3000 5876 4623 5947; baseline 0.006 -20"><span class='ocrx_word' id='word_1_598' title='bbox 3000 5876 3342 5938; x_wconf 88' lang='lat' dir='ltr'><strong>redimerem,</strong></span> <span class='ocrx_word' id='word_1_599' title='bbox 3374 5878 3454 5928; x_wconf 83' lang='lat' dir='ltr'><strong>vel</strong></span> <span class='ocrx_word' id='word_1_600' title='bbox 3483 5878 3725 5929; x_wconf 85' lang='lat' dir='ltr'><strong>horulam</strong></span> <span class='ocrx_word' id='word_1_601' title='bbox 3757 5894 3915 5930; x_wconf 87' lang='lat' dir='ltr'><strong>unam</strong></span> <span class='ocrx_word' id='word_1_602' title='bbox 3952 5895 4120 5947; x_wconf 85' lang='lat' dir='ltr'><strong>super</strong></span> <span class='ocrx_word' id='word_1_603' title='bbox 4156 5882 4257 5935; x_wconf 91' lang='lat' dir='ltr'><strong>hoc</strong></span> <span class='ocrx_word' id='word_1_604' title='bbox 4286 5882 4413 5935; x_wconf 81' lang='lat' dir='ltr'><strong>loco</strong></span> <span class='ocrx_word' id='word_1_605' title='bbox 4442 5900 4623 5945; x_wconf 70' lang='lat' dir='ltr'><strong>cum</strong></span> 
     </span>
    </p>
   </div>
   <div class='ocr_carea' id='block_1_90' title="bbox 2999 5971 4152 6028">
    <p class='ocr_par' dir='ltr' id='par_1_90' title="bbox 2999 5971 4152 6028">
     <span class='ocr_line' id='line_1_90' title="bbox 2999 5971 4152 6028; baseline 0.004 -6"><span class='ocrx_word' id='word_1_606' title='bbox 2999 5985 3065 6022; x_wconf 79' lang='lat' dir='ltr'><strong>eo</strong></span> <span class='ocrx_word' id='word_1_607' title='bbox 3094 5984 3375 6022; x_wconf 77' lang='lat' dir='ltr'><strong>sermones</strong></span> <span class='ocrx_word' id='word_1_608' title='bbox 3404 5971 3736 6024; x_wconf 84' lang='lat' dir='ltr'><strong>contulisse!</strong></span> <span class='ocrx_word' id='word_1_609' title='bbox 3775 5971 3878 6025; x_wconf 82' lang='lat' dir='ltr'><strong>Sed</strong></span> <span class='ocrx_word' id='word_1_610' title='bbox 3910 5972 3975 6024; x_wconf 88' lang='lat' dir='ltr'><strong>ad</strong></span> <span class='ocrx_word' id='word_1_611' title='bbox 4015 5989 4152 6028; x_wconf 90' lang='lat' dir='ltr'><strong>rem.</strong></span> 
     </span>
    </p>
   </div>
  </div>
