4866 6594
244 385 343 444 557

1758 400 1995 461 NOT/E.

3391 417 3495 480 558

313 502 429 556 Col.
480 504 567 557 7.3.
628 510 1090 577 Σιγισμούνδου.
1143 513 1274 568 Jam
1351 517 1431 570 vel
1510 518 1613 573 hoc
1657 519 2173 592 mirorAgramma
2247 522 2521 577 ascribere
2606 524 2813 592 placet,
2898 527 3190 596 interprete
3270 528 3494 585 Stnckio

246 604 389 645 recte
433 598 718 666 scriptum,
772 618 895 656 cum
950 607 1090 672 apud
1148 608 1285 661 alios
1321 608 1540 663 Gnecos
1604 614 1821 665 nomina

247 696 432 740 nostra
486 695 641 746 nuris
693 695 867 749 modis
922 698 1196 753 lancinata
1254 702 1448 756 video:
1494 705 1815 773 Ἀμάριγος,

246 781 513 843 Δολοῖκος,
558 784 908 855 Ῥομπέρτος,
962 792 1435 857 Σφενδοσολάὄος·
1502 798 1553 850 in
1621 799 1821 866 quibus

244 872 331 925 vix
392 890 754 945 recognoscas
810 894 1058 937 nostrum
1092 884 1410 949 Ilenricum,
1467 889 1819 954 Lodovicum,

247 968 571 1035 ltnpertum,
607 971 1008 1031 Wenceslaum.

310 1104 429 1158 Col.
456 1106 524 1160 75
559 1107 619 1162 D.
656 1113 959 1179 Πυρηνίου
990 1115 1187 1184 ὄρους,
1213 1119 1353 1173 ὅθεν
1386 1123 1480 1174 καὶ
1514 1123 1567 1174 ’0
1604 1129 1817 1193 Ταρτη-

242 1198 356 1263 σὸς
371 1201 545 1268 ῥέων.
569 1202 641 1257 Es
670 1205 922 1278 Pyrenaeo
940 1227 1092 1279 sane,
1120 1216 1334 1271 Celtica:
1356 1222 1594 1288 regionis
1614 1236 1816 1292 monte,

244 1292 532 1345 'l‘artesum
565 1295 799 1351 deﬂuere
827 1313 1015 1355 auctor
1040 1317 1123 1359 est
1148 1306 1468 1364 Aristoteles
1498 1326 1534 1364 ll
1571 1312 1815 1380 Meteon,

242 1398 267 1433 a
311 1403 419 1451 quo
454 1384 745 1443 Tartesum
775 1397 1033 1462 oppidum
1088 1415 1286 1453 nomen
1322 1406 1573 1463 traxisse.
1628 1412 1819 1465 scribit

241 1478 554 1543 Stephanus
586 1480 661 1534 De
718 1486 957 1538 urbibus.
998 1488 1090 1540 Est
1151 1491 1203 1542 id
1236 1495 1493 1561 oppidum
1546 1498 1817 1566 lliSpanite

240 1584 346 1620 non
379 1575 566 1637 procul
617 1573 862 1631 Gadibus
898 1582 964 1633 ad
1030 1581 1228 1637 fretum
1284 1585 1634 1653 Herculeum.
1684 1605 1817 1650 teste

240 1660 415 1714 l‘hnio
442 1664 535 1716 lib.
572 1679 652 1732 Ill,
681 1651 849 1737 cap.t
882 1688 897 1737 ;
931 1673 1110 1727 Strab.
1136 1675 1232 1730 lib.
1266 1694 1358 1745 Ill;
1386 1680 1541 1737 Livio
1566 1651 1661 1739 na.
1694 1704 1811 1753 VIII,

236 1756 355 1808 dcc.
393 1757 446 1809 3.
485 1758 587 1813 Sed
616 1762 745 1831 quid
802 1764 927 1819 huic
984 1783 1106 1821 cum
1133 1770 1463 1830 Germania?
1495 1777 1629 1843 Quid
1676 1779 1815 1835 Lao-

240 1852 365 1905 nico
406 1851 457 1906 in
489 1868 727 1910 mentem
791 1861 960 1924 venit,
1024 1873 1081 1916 ut
1142 1862 1493 1923 Germaniam
1535 1887 1704 1940 usque
1739 1874 1809 1928 ad
1842 1908 1885 1967 Β

240 1941 342 1967 n..-
365 1962 523 1967 --.,_--s
552 1964 594 1967 μ-.
686 1962 695 1967 .
871 1964 879 1967 .
980 1956 990 1967 ι

236 1941 529 2012 Pyrenaeos
550 1962 764 2005 montes
794 1956 1133 2022 extenderet,
1164 1975 1301 2027 quos
1332 1973 1541 2017 certum
1576 1975 1657 2019 est
1689 1968 1805 2022 dis-

234 2037 534 2092 criminare
556 2040 785 2098 Galliam
829 2047 897 2098 ab
927 2046 1209 2117 Hispania,
1269 2054 1339 2106 ita
1384 2064 1440 2107 ut
1491 2057 1652 2127 Alpes
1708 2062 1811 2113 Ita-

233 2127 359 2179 liam
391 2146 420 2183 a
453 2129 787 2189 Germania?
816 2138 943 2193 Sine
972 2144 1315 2212 ambagibus,
1363 2146 1612 2203 Rhenum
1640 2153 1809 2206 voluit

230 2223 420 2276 dicere
445 2240 650 2294 patrem
692 2230 985 2288 ﬂuviorum
1044 2235 1371 2301 Germaniae.
1404 2258 1563 2310 quem
1594 2256 1646 2300 ct
1707 2262 1807 2316 pro

232 2315 349 2382 ipsa
406 2317 700 2377 Germania
754 2339 957 2393 ponere
996 2329 1207 2385 solebat
1260 2334 1607 2403 antiquitas:
1653 2341 1811 2409 cujus

229 2411 623 2478 propemodum
670 2418 857 2473 nullus
920 2422 1175 2491 scriptor,
1239 2430 1331 2495 qui
1367 2427 1673 2487 Germaniae
1722 2451 1809 2489 res

230 2504 491 2571 attigerit,
528 2523 635 2560 non
673 2512 919 2565 meminit
952 2530 966 2567 :
996 2516 1157 2584 cujus
1214 2520 1547 2592 hicquoquc
1603 2528 1806 2580 nullam

229 2598 563 2652 mentionem
601 2601 718 2655 ﬁeri
754 2606 949 2660 mirum
979 2621 1149 2675 esset,
1183 2615 1271 2666 ubi
1305 2625 1485 2669 tamen
1537 2622 1593 2671 lit
1656 2622 1809 2675 adsi-

228 2696 406 2741 tarutn
446 2693 687 2753 urbium.
726 2698 983 2765 Coloniae,
1034 2705 1364 2771 Argeutinae.
1398 2710 1501 2763 Sed
1556 2728 1655 2765 cur
1709 2731 1808 2783 pro

231 2780 337 2833 hoc
380 2782 580 2838 ﬂumen
650 2788 781 2842 illud
836 2792 1117 2849 liberum?
1167 2797 1306 2863 Quid
1356 2803 1556 2857 mirum
1595 2808 1648 2858 in
1711 2813 1809 2862 ho-

232 2872 381 2926 mine
407 2873 632 2942 Graeco,
681 2882 772 2948 qui
827 2885 994 2941 totius
1041 2886 1315 2959 Ilesperiae
1364 2911 1529 2950 unum
1593 2910 1803 2955 tantum

228 2974 474 3019 montem
508 2968 851 3041 Pyrenarum,
882 2992 1047 3032 unum
1076 2983 1277 3038 Ilumen
1310 2984 1593 3044 Tartesum
1654 3006 1809 3061 puta-

230 3057 297 3107 \Il
323 3058 345 3107 ?
369 3057 635 3115 Nimirum
680 3076 733 3118 et
767 3065 987 3125 Nonnus
1049 3085 1242 3130 auctor
1280 3094 1387 3132 non
1414 3085 1575 3149 paulo
1624 3089 1804 3139 erudi-

227 3151 359 3214 tiur,
426 3151 675 3210 Illienum
731 3173 979 3217 nostrum
1046 3167 1279 3224 liberum
1332 3185 1529 3242 vol-at,
1590 3181 1803 3236 duobus

1929 626 2145 668 nostro:

1996 730 2139 784 Saxa
2178 730 2439 805 Pgrenwi.
2478 746 2524 786 et
2551 738 2808 798 depressw
2831 736 3049 789 vallibus
3082 739 3259 805 Alpes.

2065 804 2194 865 Quw
2224 802 2391 856 Rheni
2427 806 2592 874 fontes
2624 806 2766 858 haud
2804 810 2991 875 procul
3017 802 3279 873 aspicitis.

1926 920 2030 972 Sed
2091 919 2192 973 hoc
2248 923 2605 989 emplastrum
2665 941 2841 993 nequc
2903 927 3186 983 Aristoteli
3250 929 3495 985 Ilerodo~

1925 1022 2090 1080 toqne
2166 1012 2365 1067 obduci
2439 1025 2633 1082 potest,
2704 1031 2925 1088 propter
2985 1022 3232 1075 ἐπίθετον
3279 1024 3491 1089 Celtici,

1924 1119 2101 1172 neque
2154 1109 2320 1158 etiam
2361 1106 2601 1161 La0nic0
2635 1123 2839 1168 nostro.
2878 1114 2948 1166 ob
3003 1112 3213 1169 Tartesi
3257 1120 3490 1173 mentio—

1924 1210 2071 1260 nem,
2122 1198 2187 1250 de
2216 1213 2325 1266 quo
2384 1215 2666 1269 nunquam
2726 1206 2970 1271 gustavit
3022 1207 3136 1261 haec
3176 1208 3488 1267 Germania.

1923 1287 2027 1340 Sed
2059 1288 2336 1346 fatendum
2371 1296 2517 1361 quod
2548 1310 2632 1348 res
2662 1308 2743 1351 est
2770 1315 2783 1350 :
2824 1300 3085 1355 nimicum
3120 1303 3172 1357 in
3212 1308 3360 1360 omni
3388 1324 3485 1362 no-

1923 1379 2066 1432 tnine
2127 1382 2453 1440 Germanico
2510 1388 2736 1443 mirifice
2792 1394 3032 1455 caacutit,
3101 1396 3487 1461 hallucinatnr,

1922 1470 2194 1541 impingit,
2225 1475 2428 1529 labitur
2445 1477 2677 1534 Gracia.
2701 1482 2771 1538 Ut
2797 1500 2922 1539 cum
2952 1485 3266 1557 Stephanus
3282 1492 3487 1564 Byzan-

1920 1564 2029 1616 tius
2056 1562 2299 1620 Francos
2352 1570 2583 1638 populos
2622 1572 2753 1629 facit
2792 1575 2982 1642 Italiae,
3020 1594 3303 1639 auctorem
3350 1588 3482 1643 dicti

1918 1656 2195 1713 adducens
2241 1660 2640 1733 Parthenium;
2674 1683 2799 1723 cum
2835 1671 3105 1728 Arrianus
3139 1693 3243 1731 non
3296 1688 3484 1749 procul

1918 1749 1986 1802 ab
2063 1754 2218 1807 Ionio
2286 1754 2687 1814 Germanorum
2778 1764 2941 1820 sedes
3012 1768 3303 1839 designat:
3347 1792 3485 1843 quos

1918 1843 2162 1912 aliosque
2226 1846 2411 1913 lapsus
2460 1850 2668 1904 notavit
2750 1854 2998 1912 Irenicus
3049 1859 3141 1913 lib.
3180 1877 3230 1916 Ix
3254 1860 3482 1934 Exeges.

1906 1928 2192 1997 German.,
2224 1952 2344 2005 cap.
2374 1939 2409 1992 5
2440 1948 2493 1993 et
2524 1941 2578 1994 4.

1979 2048 2095 2102 Col.
2132 2050 2199 2103 77
2232 2053 2295 2106 Α.
2336 2054 2399 2108 Ἠ
2431 2054 2554 2109 ἀνω
2595 2060 2917 2130 Γερμανία.
2960 2066 3080 2119 Alia
3119 2070 3319 2125 divisio
3373 2074 3456 2143 pri

1913 2156 2014 2196 tua:
2042 2153 2096 2198 et
2126 2148 2380 2202 secundae
2396 2148 2705 2209 Germania:
2736 2156 2791 2213 in
2820 2161 2989 2213 veteri
3008 2160 3206 2218 Notitia
3232 2168 3480 2237 imperii:

1912 2237 2039 2291 item
2079 2240 2133 2293 in
2166 2241 2551 2301 distributione
2581 2252 2977 2320 metropoleon.
3008 2254 3113 2310 Sed
3139 2258 3296 2327 juvat
3320 2262 3483 2332 hujus

1912 2331 2091 2385 locum
2120 2332 2415 2403 insignem,
2444 2352 2715 2407 quatenus
2767 2344 3119 2403 Germaniam
3166 2360 3478 2419 concernit.

1912 2436 2183 2491 apponere
2210 2442 2271 2479 ex
2313 2432 2478 2482 veteri
2507 2434 2633 2486 cod.
2669 2433 2729 2487 S.
2760 2434 2897 2490 Galli
2935 2456 2949 2492 :
2985 2439 3169 2495 Prima
3204 2446 3479 2512 provincia

1910 2514 2195 2571 Germania
2241 2522 2396 2573 habet
2437 2525 2682 2579 civitates
2714 2545 2929 2585 numero
2964 2533 3017 2586 '2.
3072 2534 3376 2605 Metropolis
3402 2543 3478 2593 ci-

1910 2614 2043 2664 vitas
2068 2612 2388 2681 Agrippina,
2424 2618 2478 2669 id
2500 2630 2573 2671 est
2608 2622 2853 2688 Colonia,
2881 2629 3069 2681 civitas
3104 2628 3350 2701 Tungris.
3386 2634 3478 2689 Se-

1909 2712 2080 2760 cundo
2123 2712 2393 2777 provincia
2426 2712 2711 2769 Germania
2734 2718 2889 2773 habet
2923 2724 3159 2778 civitates
3185 2744 3398 2782 numero
3422 2732 3475 2783 ti.

1912 2799 2220 2871 Metropolis
2260 2805 2471 2867 civitas,
2495 2806 2888 2877 Mogontiacus,
2926 2814 3115 2868 civitas
3156 2818 3474 2887 Argentora-

1910 2892 2091 2956 tensis,
2149 2894 2204 2944 id
2257 2908 2333 2946 est
2394 2894 2701 2968 Stratburg.
2744 2902 2942 2956 Civitas
2975 2904 3263 2976 Nemnetis,
3300 2912 3352 2963 id
3398 2924 3475 2965 est

1908 2983 2086 3051 Spira.
2128 2986 2327 3042 Civitas
2354 2990 2725 3061 Wangionum,
2755 2997 2809 3049 id
2826 3006 2899 3050 est
2933 2997 3239 3055 Wormatia.
3276 3002 3475 3059 Civitas

1916 3075 2337 3148 Virzburgensis.
2359 3081 2556 3137 Civitas
2574 3084 2907 3144 Constantia.
2922 3090 3172 3145 Castrum
3191 3093 3474 3151 Rubilocus

1911 3168 2052 3234 quod
2077 3168 2339 3224 Eichstete
2353 3174 2569 3227 dicitur.
2591 3175 2790 3231 Civitas
2812 3181 3045 3250 Augusta
3065 3182 3471 3252 Vindelicorum,

229 3242 691 3312 Dionysiacorum
726 3253 883 3317 locis,
920 3273 1042 3330 pag.
1084 3262 1187 3315 397
1215 3273 1269 3319 et
1319 3266 1453 3334 747,
1497 3288 1658 3337 quem
1721 3276 1794 3329 lo~
1822 3288 1866 3347 ο
1908 3260 1959 3309 id
2029 3275 2103 3313 εει
2146 3302 2151 3313 ι

1550 3289 1658 3326 ,ειη
1721 3276 1794 3329 ιο,
1822 3288 1866 3347 C
1908 3260 1959 3309 id
2029 3275 2103 3313 est
2146 3264 2495 3335 Annes/‘urch.
2531 3269 2812 3325 Prouincia
2870 3273 3277 3344 Bajoariorum,
3314 3283 3366 3334 id
3399 3294 3472 3336 est

221 3342 536 3409 cumattigi
624 3344 677 3397 in
742 3346 1007 3417 Originib.
1056 3352 1294 3411 Palatia.
1355 3376 1475 3430 cap.
1537 3364 1589 3417 3.
1645 3365 1798 3421 Dicet

222 3428 391 3494 quis:
434 3435 502 3484 At
540 3431 765 3491 Rhenus
802 3456 909 3494 non
976 3459 1034 3497 se
1090 3445 1326 3504 infundit
1385 3428 1600 3509 O—ceauo
1654 3461 1799 3513 occi-

220 3523 431 3576 dentali
466 3526 547 3593 (ut
574 3528 660 3580 hic
683 3531 751 3584 de
780 3530 1008 3590 Tarteso
1026 3538 1272 3611 dicitur),
1315 3547 1408 3599 sed
1445 3547 1792 3605 Germanico.

223 3614 303 3667 Ita
338 3619 578 3683 quidem.
636 3626 679 3675 si
727 3640 823 3693 per
865 3631 1256 3689 occidentalem
1301 3639 1570 3711 intelligas
1615 3647 1796 3699 Atlan-

222 3714 437 3761 ticum:
467 3714 561 3765 sed
596 3722 775 3769 tamen
814 3722 948 3773 nihil
981 3726 1254 3793 prohibet,
1283 3733 1581 3799 quominus
1628 3741 1794 3793 etiam

218 3795 590 3854 Germanicus
614 3806 832 3860 dicatur
856 3814 1215 3871 occidentalis
1265 3795 1515 3890 respectu
1553 3824 1797 3884 Thraciae

217 3898 319 3940 aut
353 3890 655 3946 vicinarum
684 3900 994 3966 regionum,
1026 3906 1115 3957 ubi
1151 3908 1329 3973 egisse
1365 3914 1578 3967 videtur
1626 3916 1795 3971 Chal-

216 3982 582 4051 cocundylas,
648 3994 997 4056 quantumvis
1058 3999 1302 4053 nonnihil
1367 4004 1432 4056 ad
1484 4008 1794 4075 aquilonem

215 4074 481 4129 declinet.
522 4077 631 4132 IIIIO
664 4098 812 4147 vero,
865 4086 909 4139 si
976 4104 1088 4142 rem
1122 4103 1310 4147 exacte
1358 4100 1793 4169 consideremus,

217 4184 379 4221 mare
411 4170 797 4230 Germanicum
832 4195 958 4248 pars
983 4193 1038 4235 et
1071 4186 1226 4241 sinus
1262 4200 1345 4243 est
1379 4190 1580 4249 Oceani
1640 4200 1793 4251 occi-

215 4261 484 4327 dentalis,
523 4266 843 4329 Germanae,
884 4272 1177 4332 Britannia:
1215 4292 1267 4335 et
1304 4284 1483 4339 Daniae
1519 4289 1795 4348 littoribus

218 4356 479 4407 clausus.
515 4358 618 4411 Sed
658 4376 868 4429 tegeret
898 4368 1059 4433 alius,
1097 4374 1236 4436 Quid
1300 4375 1489 4431 I{:icno
1530 4396 1652 4434 cum
1694 4385 1796 4457 Ρ)-

216 4448 422 4499 renieis
456 4452 810 4518 lﬂOIlllbUS,'a
829 4460 1029 4526 quibus
1060 4471 1167 4517 tota
1196 4465 1497 4524 Galliarum
1555 4474 1793 4544 longitu-

211 4542 354 4592 dine
382 4542 592 4597 distat?
621 4546 975 4616 Hcspondeo:
1011 4552 1151 4619 Quid
1182 4559 1315 4615 Istro
1366 4581 1487 4617 rum
1537 4542 1792 4637 Pyrenaeo

207 4635 457 4698 lLeltico,
490 4639 629 4692 unde
686 4658 810 4695 eum
846 4644 976 4697 oriri
1030 4665 1137 4702 non
1200 4663 1407 4709 tantum
1471 4634 1874 4719 AristotelcsD

207 4728 423 4779 scribit
489 4728 605 4784 Ioco
663 4734 945 4800 praediolo,
1005 4741 1096 4791 sed
1154 4745 1317 4798 etiam
1383 4746 1688 4806 IIerodotus
1742 4758 1794 4807 in

214 4820 509 4885 Izutcrpe?
532 4837 653 4875 cum
685 4833 865 4879 tamen
901 4829 1185 4899 utriusque
1223 4834 1373 4890 ﬂuvii
1406 4841 1562 4909 origo
1621 4847 1693 4896 sit
1742 4847 1793 4898 in

201 4913 458 4979 Alpibus
484 4911 743 4970 Hhseticis
769 4921 947 4985 :quod
975 4923 1136 4975 etiam
1160 4942 1189 4978 e
1211 4926 1415 4984 Graecis
1436 4935 1629 4989 Strabo
1659 4939 1796 4993 bene

201 5015 477 5069 “inerat,
543 5017 597 5061 et
653 5009 946 5080 Dionysius
1008 5014 1439 5088 Alexandrinus,
1500 5029 1796 5097 interprete

200 5099 515 5150 Prisc-iano
546 5115 560 5151 :

296 5237 577 5326 incipiunt
649 5240 855 5306 Alpes:
906 5250 1096 5326 quibus
1172 5256 1279 5307 erit
1352 5262 1556 5326 gurgite
1620 5278 1766 5318 vasto

294 5310 499 5358 ωιλλιιηὶ
568 5327 811 5378 rumpens
864 5310 1103 5384 glacmlis
1163 5310 1613 5385 littora'Ilnenus.

292 5380 449 5428 llnnc
494 5398 652 5449 prope
680 5380 947 5455 ansuryit
978 5394 1096 5457 fons
1140 5395 1273 5446 latri
1300 5380 1719 5471 ﬂuiitineiloiigo.

287 5512 477 5582 Neque
498 5520 791 5584 nescimus,
822 5538 939 5577 esse
960 5526 1121 5579 etiam
1144 5528 1434 5599 Pyrenaeus
1462 5536 1789 5603 Germaniae,

1903 3351 2131 3406 Noricus
2188 3356 2431 3424 Ripensis
2486 3379 2643 3431 super
2697 3365 3026 3435 Danubium,
3081 3374 3188 3426 sive
3242 3374 3470 3429 Noricus

1902 3448 2289 3503 mediterranea
2338 3452 2491 3506 habet
2519 3456 2763 3511 civitates
2795 3477 3011 3517 numero
3045 3464 3098 3519 6.
3157 3465 3469 3534 Metropolis

1901 3540 2083 3593 civitas
2101 3542 2331 3609 Juimno,
2355 3548 2408 3598 id
2424 3559 2499 3601 est
2525 3548 2809 3623 Salzburg.
2832 3556 3031 3611 Civitas
3050 3559 3467 3631 Regino.C:vitas

1900 3631 2144 3687 Patavio.
2178 3636 2377 3692 Civitas
2410 3640 2768 3711 Frigisiensis.
2806 3646 3011 3705 Civitas
3045 3652 3219 3711 Nova.
3265 3658 3466 3717 Civitas

1880 3723 2260 3785 _Sabionensis.
2294 3732 2578 3790 Prouincia
2606 3737 2966 3809 Sequanorum
3024 3751 3178 3803 habet
3232 3754 3471 3811 civitates

1900 3834 2115 3872 numero
2164 3822 2214 3874 7.
2277 3825 2581 3897 Metropolis
2645 3834 2832 3888 civitas
2918 3836 3190 3897 Vesontio.
3269 3844 3469 3903 Civitas

1897 3916 2188 3985 Equestris,
2216 3924 2270 3974 id
2297 3935 2373 3977 est
2397 3928 2696 3984 Aventicus.
2725 3932 2925 3988 Civitas
2957 3935 3289 3997 Basiliensis.
3330 3945 3471 4001 Ciui-

1898 4018 1981 4061 tas
2006 4011 2365 4072 Vindonensis.
2392 4019 2589 4074 Civitas
2619 4026 3066 4095 Argentariemis.
3086 4032 3280 4091 Civitas
3309 4037 3469 4093 Ebri-

1898 4108 2152 4160 tunensis.
2183 4110 2382 4164 Civitas
2419 4113 2796 4175 Rauracensis.

1969 4220 2105 4275 Ibid.
2139 4224 2279 4292 Περὶ
2309 4227 2591 4285 Δαστίαν.
2639 4232 2729 4289 Sic
2763 4235 2893 4307 legit
2939 4255 3046 4297 ms.
3098 4260 3240 4301 unus
3277 4266 3289 4300 :
3329 4251 3469 4306 alius

1900 4325 2029 4364 vero
2076 4314 2497 4387 Πυριδαστείαν,
2555 4325 2745 4379 tertius
2799 4331 3034 4400 denique
3076 4336 3464 4406 lluptSaaciav.

1898 4403 2041 4456 unde
2098 4420 2401 4463 monstrum
2457 4415 2695 4483 regionis
2750 4419 3020 4491 interpres
3064 4403 3195 4482 fecit
3234 4430 3466 4500 Pyr-ida-

1898 4498 2078 4550 stiam.
2110 4496 2215 4553 Sed
2247 4502 2289 4555 si
2326 4508 2576 4573 superior
2616 4513 2680 4564 de
2722 4511 2952 4571 Tarteso
2987 4524 3257 4589 expositio
3299 4530 3464 4593 valet,

1899 4588 2185 4657 legendum
2223 4595 2435 4652 videtur
2470 4602 2605 4670 Περὶ
2628 4607 2829 4659 Δανὶαν
2861 4612 2943 4665 vel
2982 4588 3188 4670 Aaulav
3217 4637 3231 4672 :
3274 4588 3463 4677 notuui

1900 4694 1982 4736 est
2012 4691 2157 4739 enim
2217 4694 2484 4760 superiori
2515 4713 2631 4751 aevo
2679 4698 2906 4756 Daciam
2946 4708 3105 4776 vulgo
3161 4711 3361 4767 dictam
3416 4728 3464 4768 et

1901 4778 2160 4843 scriptam
2218 4782 2368 4850 (licet
2426 4788 2590 4856 male)
2654 4806 2776 4860 qua:
2838 4796 2999 4851 hodie
3050 4799 3238 4855 llauia.
3269 4803 3336 4858 Ut
3398 4809 3463 4859 sit

1900 4880 2116 4934 sensus,
2165 4870 2514 4932 Germaniam
2553 4882 2871 4941 inferiorem
2910 4890 3092 4959 (cujus
3139 4903 3318 4951 tamen
3349 4916 3465 4968 post

1899 4964 2203 5029 superioris
2265 4969 2467 5025 iactam
2518 4978 3144 5052 mentioncmexpresse
3205 4991 3293 5044 hic
3354 5011 3466 5048 non

1900 5057 2171 5125 meminit)
2212 5059 2491 5118 Oceanum
2510 5069 2781 5141 attingere
2814 5092 2826 5126 :
2854 5078 2949 5144 qui
2986 5095 3048 5131 ex
3091 5085 3312 5138 sinistra
3346 5092 3466 5158 qni-

1898 5148 2018 5199 dem
2053 5161 2203 5214 parte
2243 5153 2393 5223 (nam
2427 5168 2483 5211 et
2521 5162 2628 5216 hoc
2668 5168 3074 5224 emendandum
3100 5184 3206 5241 est)
3237 5176 3465 5242 Gallias.

1897 5255 1960 5291 ex
1988 5242 2177 5297 dextra
2210 5263 2339 5301 vero
2395 5251 2622 5307 Daniam
2672 5258 2841 5313 alluat
2896 5268 3260 5334 :etobjectas
3304 5276 3467 5339 quasi

1899 5333 2078 5385 medio
2108 5335 2159 5387 in
2194 5336 2409 5393 Oceano
2439 5343 2788 5402 Britannicas
2846 5354 3046 5408 habere
3103 5357 3331 5415 insulas.
3397 5363 3464 5417 Et

1896 5428 2184 5479 conlirmat
2224 5434 2365 5499 quod
2398 5436 2560 5502 paulo
2606 5452 2727 5504 post
2776 5442 3175 5511 longitudinem
3236 5451 3458 5505 Germa-

1898 5519 1999 5572 nia:
2048 5537 2077 5573 a
2118 5521 2416 5579 Galliarum
2466 5531 2671 5586 tinihus
2703 5536 2769 5587 ad
2817 5539 3042 5594 Daniain
3105 5558 3275 5613 usque
3333 5564 3461 5615 pro-

1898 5615 2085 5665 lctLiit.

159 5617 249 5663 «τι
302 5622 580 5661 Summam
630 5624 836 5679 partem
892 5616 1132 5684 Alpium,
1188 5639 1293 5684 qua
1326 5626 1631 5695 Uiu'uiponte
1673 5634 1789 5685 'l‘ri-

155 5710 441 5752 .tcntum
481 5702 582 5752 iter
622 5715 725 5769 est,
784 5717 1024 5761 montem
1077 5710 1392 5780 Pyrentnum
1446 5720 1578 5784 dici,
1634 5729 1790 5794 vulgo

1984 5727 2121 5782 Ibid.
2185 5732 2423 5801 Βράγαν
2486 5738 2628 5802 τοὺς
2684 5746 3033 5811 πολεμίους.
3095 5748 3184 5802 Sic
3240 5754 3458 5820 quidem

148 5793 514 5847 νιὶίιιιιιιυιιι
548 5795 640 5845 der
690 5794 937 5851 Brenner.
994 5800 1066 5853 Ue
1123 5818 1231 5869 quo
1281 5821 1403 5856 cum
1481 5811 1629 5875 plura
1694 5816 1790 5865 ad-

1894 5834 2086 5873 omnes
2133 5840 2267 5876 mss.
2322 5827 2572 5882 I’alatini.
2619 5834 2974 5901 Interpretem
3009 5851 3234 5908 apparet
3268 5846 3463 5912 legisse

150 5896 367 5945 ;,s)lt:l
430 5887 669 5938 Urtelius
727 5891 779 5941 iu
832 5890 1119 5958 Thesauro,
1185 5895 1333 5951 Bassi
1391 5915 1594 5955 tantum
1670 5911 1784 5974 epi-
1894 5913 2072 5981 [ἱρά-,ἀ

2772 5887 2783 5901 Ι
2928 5887 2973 5889 "‘
3011 5887 3059 5908 ’⁷1
3083 5887 3234 5908 r“'"'
3268 5887 3460 5912 "D"'v

1548 5922 1594 5955 in
1670 5911 1784 5974 epi-
1894 5913 2115 5981 [ἱρά-,ἀν
2144 5918 2249 5970 τῶν
2292 5919 2510 5986 Ξᾶοὲμων
2572 5927 2648 5979 \‘cl
2684 5928 2927 5997 ιιοέμων.
2963 5932 3168 5987 Sensus
3199 5938 3322 6003 erit,
3356 5939 3460 5995 iter
