4866 6594
1318 573 1420 663 559

2504 571 2874 637 MABQUAB
2890 568 2970 630 Di
3008 568 3354 630 FllEHERl

3086 96 3179 113 ἰλιι-ι

4430 565 4535 626 560

1316 681 1521 735 Vienna
1581 676 1903 732 lacientibus
1935 674 2216 730 Tartesum
2242 674 2318 745 (id
2346 685 2427 728 est
2450 674 2724 742 Rhenum)
2757 692 2878 730 ver-
2910 687 2955 738 Α
3050 676 3167 730 Col.
3197 676 3238 728 Τ

2614 684 2724 742 11111)
2757 692 2878 730 ver-
2910 687 2955 738 Α
3050 676 3167 730 Col.
3197 676 3261 728 ’Π
3289 676 3344 727 Β.
3377 674 3519 738 Τοὺς
3552 674 3672 729 ὑπὸ
3708 674 4026 742 Ῥωμαίων.
4056 672 4169 727 1100
4195 675 4260 727 ad
4286 674 4536 728 1111101011-

1314 790 1407 828 sus
1449 772 1588 826 ostia
1622 772 1742 838 ejus
1797 769 2026 833 scilicet,
2082 767 2310 835 Pragam
2359 767 2717 820 Bohemorum
2752 782 2875 821 esse

1313 864 1721 919 transeundum.
1768 861 2032 915 (laterum
2089 858 2360 914 Laonicus
2411 858 2496 912 hic
2539 872 2873 912 contraom-

1314 963 1463 1012 nium
1494 956 1725 1009 aliorum
1754 962 2035 1007 auctorum
2068 968 2297 1014 morem,
2323 953 2718 1023 longitudinem
2742 952 2877 1007 Gi-r-

1314 1052 1509 1102 mania:
1540 1064 1568 1103 a
1608 1045 1830 1100 meridie
1880 1044 1935 1098 in
1988 1042 2435 1114 septentrionem.
2463 1059 2491 1096 a
2529 1042 2731 1096 Vienna
2766 1043 2876 1095 Au-

1313 1142 1458 1196 strias,
1485 1142 1538 1194 in
1579 1139 1851 1194 Oceanum
1904 1151 2078 1203 usque
2130 1133 2514 1189 Germanicum
2570 1145 2876 1203 protensam

1314 1233 1445 1287 facit
1478 1252 1489 1286 :
1526 1229 1864 1285 latitudinem
1917 1241 2047 1280 vero
2085 1226 2152 1279 ab
2194 1238 2437 1280 extrema
2467 1240 2559 1279 ora
2604 1224 2789 1279 Galliae
2824 1227 2875 1277 in

1318 1326 1538 1380 Daniam
1564 1321 1864 1378 secundum
1892 1319 2075 1372 littora
2105 1319 2273 1371 maris
2301 1317 2608 1372 Germanici
2640 1317 2709 1371 ab
2732 1317 2876 1369 oeci-

1314 1422 1472 1471 dente
1504 1431 1693 1469 versus
1720 1413 2009 1466 orientem.
2046 1410 2178 1465 Nam
2217 1412 2299 1479 (ut
2338 1420 2394 1464 et
2426 1408 2528 1463 hoc
2562 1410 2757 1475 obiter)
2789 1410 2879 1462 uni

1313 1513 1422 1563 duo
1452 1510 1690 1569 codices,
1727 1506 1865 1558 alter
1897 1503 2118 1573 quidem
2147 1502 2373 1565 Δακῐαν,
2428 1501 2568 1555 alter
2613 1514 2739 1554 vero
2774 1504 2879 1553 Au-

1316 1603 1459 1663 alav,
1488 1602 1559 1654 ibi
1596 1600 1787 1654 tertius
1838 1596 2033 1651 melius
2067 1595 2228 1648 habet
2260 1594 2476 1648 AaV-Iuv.

1382 1691 1497 1747 Col.
1526 1692 1586 1743 ’Π
1616 1692 1677 1742 A.
1714 1686 1910 1755 Ἀνδρὶ
1932 1684 2180 1751 εὐζώνῳ.
2208 1684 2325 1738 Non
2356 1684 2554 1739 nostris
2575 1683 2683 1751 jam
2712 1682 2884 1736 1101111-

1316 1784 1493 1843 nibus,
1526 1790 1623 1834 aut
1653 1781 1740 1832 vix
1794 1788 1957 1831 certe.
2005 1774 2273 1829 Nimirum
2310 1786 2541 1836 veteres.
2578 1778 2877 1845 praesertim

1315 1874 1509 1933 Graeci.
1524 1870 1771 1934 Asiatici,
1790 1868 2111 1931 Orientales,
2132 1866 2371 1934 agilitate
2384 1874 2436 1917 et
2456 1865 2771 1933 pernicitate
2798 1878 2885 1932 pe-

1316 1962 1818 2020 duuremellebaut.
1850 1960 1923 2012 De
1954 1973 2185 2027 quorum
2222 1956 2383 2010 etiam
2418 1957 2735 2009 cursoribus
2767 1971 2885 2024 qua!

2979 771 3108 821 liam
3143 767 3341 823 Graeca?
3378 768 3654 827 Beck-sim,
3682 782 3799 835 quze
3825 782 4017 836 papam
4049 784 4154 819 non
4185 769 4537 835 agnosci-bat.

2979 860 3036 913 111
3066 859 3413 914 Germaniam
3440 868 3495 911 et
3522 857 3837 927 Hesperiam
3870 860 4038 913 totius
4059 860 4406 927 epismpatus
4429 864 4536 921 pri-

2980 964 3179 1005 matnm
3210 963 3263 1004 et
3310 951 3745 1017 superioritatem
3798 952 4093 1019 usurpabat
4150 950 4342 1005 “Uilla.
4404 952 4538 1007 llinc

2982 1044 3068 1096 illa
3089 1042 3400 1096 tl.(Bcesc0tt
3447 1040 3776 1107 distributio,
3800 1050 3959 1105 tame,
3997 1043 4178 1109 pallia,
4206 1054 4311 1097 «te.

3049 1134 3187 1189 Ibid.
3238 1134 3569 1201 Νόσεργον,
3628 1133 3967 1202 Ἀμπέρτον.
4023 1135 4248 1191 Nomina
4325 1138 4540 1191 urbium

2984 1228 3184 1280 misere
3238 1226 3421 1279 habita
3459 1245 3473 1280 :
3510 1228 3714 1296 quippe
3764 1224 3970 1281 Graecis
4029 1227 4343 1281 hominibus
4393 1230 4540 1281 dictu

2980 1320 3295 1387 scriptoque
3351 1319 3506 1387 plane
3570 1317 3903 1371 diﬂicilliina.
3977 1318 4032 1371 In
4091 1327 4329 1372 mentem
4399 1321 4543 1373 venit

2982 1412 3178 1467 similis
3216 1416 3365 1467 locus
3399 1411 3698 1480 Bcnjamiui
3754 1397 4077 1466 'l‘udelensis
4126 1412 4180 1464 in
4236 1411 4545 1474 ltinerario,

2982 1519 3088 1573 qua
3113 1515 3264 1573 parte
3288 1504 3637 1558 Germaniam
3660 1504 3897 1574 attingit,
3927 1519 4089 1572 quam
4120 1505 4249 1557 olim
4277 1506 4545 1557 Ascliena:

2984 1597 3179 1651 dictam
3203 1598 3342 1663 apud
3367 1612 3497 1650 suos
3519 1608 3687 1658 notat,
3710 1596 3777 1650 de
3798 1612 3905 1663 quo
3930 1596 4090 1651 Drus.
4116 1610 4132 1649 l
4156 1597 4545 1657 Animudeers..

2984 1703 3106 1755 cap.
3136 1688 3226 1740 41.
3261 1687 3355 1740 Ille
3384 1698 3522 1748 sunt,
3565 1688 3735 1756 inquit
3771 1688 3879 1751 ille,
3912 1688 4051 1757 apud
4083 1686 4420 1741 Germaniam
4461 1703 4545 1737 re-

2984 1782 3180 1849 giones,
3234 1782 3287 1832 in
3323 1782 3506 1849 quibus
3536 1779 3906 1833 Israelilarunt
3945 1780 4164 1849 collegia
4196 1792 4342 1840 sunt,
4383 1779 4545 1847 juxta

2985 1870 3203 1939 ﬂuvium
3232 1869 3506 1923 Mosellam
3535 1881 3582 1923 et
3606 1869 3972 1940 Kompltilinas
4004 1870 4420 1930 (Conﬂurntiam
4465 1872 4547 1921 in-

2986 1961 3199 2030 telligit)
3232 1973 3279 2014 et
3307 1961 3611 2025 0drancah,
3636 1977 3685 2015 et
3709 1962 3886 2029 Kuna,
3919 1971 3968 2015 el
3999 1960 4250 2019 Kotant'u.
4275 1972 4321 2015 et
4354 1960 4546 2031 Binga,

1319 2061 1593 2126 leguntur,
1626 2055 1782 2106 tidem
1816 2061 2056 2105 nostram
2091 2047 2250 2103 1101110
2299 2053 2409 2103 lere
2431 2059 2710 2119 superant.
2749 2047 2881 2104 Vide
2912 2060 2955 2115 Β
2981 2062 3031 2105 et
3053 2051 3339 2107 Garmezza
3370 2052 3792 2122 (Geritierslieim
3830 2053 3982 2123 puto)
4014 2063 4063 2107 et
4094 2054 4443 2107 Mastheram.
4484 2054 4551 2105 Et

1318 2151 1466 2219 Lips.
1510 2156 1720 2203 eentur.
1756 2150 1809 2211 5,
1835 2146 1991 2214 epist.
2023 2142 2112 2200 59.

1392 2240 1525 2295 Ibid.
1572 2220 1919 2307 Εὺνὸμεῖται
1967 2237 2004 2303 ἡ
2050 2233 2211 2302 χώρα
2255 2233 2403 2300 αὕτη
2451 2232 2737 2301 μάλιστα.
2779 2231 2883 2286 Re-

1322 2336 1453 2402 petit
1514 2332 1617 2385 boc
1687 2330 1826 2383 inl'ra
1890 2342 2073 2382 mox:
2136 2327 2454 2394 Εὑνομεῖται
2512 2326 2746 2394 μάλιστα
2818 2324 2881 2395 δὴ

1322 2424 1490 2478 itit.th
1538 2418 1613 2476 ὦν
1651 2424 1809 2493 ἡμεῖς
1845 2421 2021 2487 ἴσμεν.
2067 2417 2267 2472 Encas
2314 2416 2529 2487 Sylvius
2563 2420 2614 2471 111
2667 2416 2883 2471 Germa-

1323 2522 1430 2584 nia,
1457 2533 1577 2586 cap.
1608 2517 1716 2571 68:
1767 2513 1998 2567 Vidimus
2042 2512 2249 2581 judicia
2299 2520 2467 2563 restra
2503 2522 2596 2565 :et
2646 2510 2883 2563 conciliis

1330 2614 1519 2665 vestris
1569 2625 1685 2679 quia
1728 2607 1994 2674 republica
2024 2606 2357 2675 gerebantur,
2396 2618 2590 2672 sapius
2641 2603 2883 2669 interfui-

1326 2719 1459 2756 mus.
1499 2700 1689 2753 Omnia
1722 2706 1770 2750 et
1805 2696 2092 2766 prudenter
2127 2704 2176 2747 et
2209 2694 2437 2761 graviter
2466 2693 2883 2754 administratis,

1327 2810 1419 2848 nec
1457 2792 1615 2861 facile
1654 2808 1684 2843 a
1724 2799 1864 2842 recto
1927 2786 2141 2839 tramite
2194 2784 2559 2851 deﬂectimini.
2598 2782 2707 2835 Nec
2742 2783 2885 2836 vobis

1327 2888 1502 2941 civiles
1535 2886 1692 2952 leges,
1740 2896 1831 2933 nec
1860 2880 1990 2949 jura
2038 2877 2226 2929 desunt
2286 2875 2618 2944 pontiﬁcalia
2652 2893 2668 2929 :
2698 2877 2887 2928 littera:

1324 2994 1544 3047 quoque,
1580 2986 1626 3027 et
1663 2972 1843 3026 omnia
1885 2972 2141 3024 bonarum
2174 2970 2373 3020 artium
2405 2969 2587 3019 studia
2617 2969 2757 3036 apud
2799 2985 2886 3019 tus

1325 3072 1535 3139 ﬂorent.
1566 3067 1631 3119 At
1666 3065 1794 3118 olim
1832 3061 2138 3117 Germania:
2173 3062 2321 3112 nulla
2354 3075 2384 3111 a
2414 3076 2472 3111 re
2500 3060 2680 3112 minus
2706 3059 2884 3111 laudis

1329 3173 1466 3223 erat,
1496 3172 1658 3227 quant
1700 3171 1731 3209 a
1790 3152 2021 3221 legibus.
2053 3151 2185 3205 Nam
2219 3165 2337 3219 (μιςυ
2384 3158 2674 3217 supersunt
2718 3164 2887 3201 east-ai

1332 3254 1593 3321 majorum
1624 3258 1931 3301 nostrorum
1961 3244 2127 3309 leges.
2173 3241 2329 3311 plane
2371 3242 2507 3293 inter
2542 3243 2711 3309 prima
2750 3241 2885 3295 Ger-

1331 3360 1553 3398 manica:
1581 3337 1922 3408 antiquitatis
1952 3346 2303 3388 monumenta
2334 3337 2641 3398 censend.e,
2672 3334 2859 3387 Alema

1331 3441 1483 3498 uiue,
1520 3434 1799 3502 Bojaricat,
1825 3424 2440 3489 Saxonica:,Francic;e,
2473 3437 2525 3477 et
2548 3425 2666 3479 aliae
2695 3443 2712 3491 ;
2750 3443 2886 3494 prte-

1330 3541 1573 3597 lerquam
1604 3524 1748 3594 quod
1778 3512 1967 3576 verbis
1996 3532 2228 3588 aspera,
2257 3519 2417 3571 etiam
2456 3534 2513 3571 re
2534 3519 2647 3586 ipsa
2680 3519 2892 3585 longius

1333 3636 1361 3673 a
1414 3631 1627 3671 summa
1658 3615 1745 3667 illa
1773 3612 2025 3681 aequitate
2077 3608 2337 3662 recedunt
2370 3626 2383 3662 :
2418 3618 2673 3677 tauquam
2708 3623 2738 3660 a
2779 3623 2889 3660 nta-

1334 3712 1524 3765 vortiis
1541 3707 1796 3779 prolectat
1820 3706 2153 3768 nationibus,
2177 3720 2295 3771 quze
2316 3704 2500 3773 purius
2522 3719 2716 3757 manus
2743 3702 2890 3758 ferro

1332 3819 1495 3874 quam
1526 3818 1589 3856 ex
1646 3802 1767 3869 jure
1796 3812 2105 3854 conserere.
2137 3810 2188 3850 et
2222 3796 2273 3848 in
2305 3795 2679 3849 castrensibus
2725 3798 2892 3850 armis

1334 3911 1497 3966 quam
1522 3889 1861 3960 subtilijuris
1888 3888 2234 3958 indagatione
2254 3901 2476 3956 Operam
2514 3900 2716 3953 ponere
2752 3902 2889 3941 con-
2934 3926 2946 3939 .

1333 3988 1663 4045 suevissent,
1689 3992 1743 4036 et
1773 3982 1856 4052 (ut
1889 3980 2145 4035 Enniano
2179 3983 2344 4032 verbo
2382 3978 2522 4047 utar)
2569 3974 2893 4047 Bellipoten-

1333 4098 1406 4138 tes
1441 4090 1592 4137 erant
1625 4078 1790 4146 magis
1846 4090 2007 4145 quam
2044 4072 2531 4141 sapientipoteutes.
2568 4069 2892 4140 Quanquam

1337 4189 1436 4244 pro
1471 4175 1573 4226 hac
1624 4172 1799 4239 legum
1830 4165 2037 4219 incuria
2070 4166 2199 4223 alia.
2231 4173 2283 4217 et
2312 4164 2528 4232 quidem
2554 4162 2748 4231 major,
2787 4164 2892 4218 illis

1336 4270 1454 4321 laus
1488 4260 1831 4321 succedebat,
1866 4256 2011 4326 quod
2043 4256 2124 4324 (ut
2155 4254 2375 4308 Tacitus
2427 4255 2522 4322 ait)
2577 4252 2695 4322 plus
2745 4254 2887 4322 apud

1334 4360 1452 4413 illos
1486 4356 1605 4409 boni
1632 4367 1801 4406 mores
1854 4366 2010 4419 quam
2047 4349 2187 4412 apud
2217 4348 2353 4401 alios
2404 4348 2532 4414 ipsa:
2575 4347 2711 4415 leges
2748 4346 2895 4401 ualeo

1335 4462 1469 4505 rent.
1508 4450 1689 4503 Donec
1718 4445 1935 4498 tandem
1985 4440 2116 4495 orbe
2149 4439 2395 4491 Romano
2426 4437 2492 4491 ad
2555 4439 2892 4492 occidentem

1339 4545 1507 4599 solem
1541 4541 1788 4603 subacto,
1820 4550 1944 4591 cum
1991 4533 2223 4602 imperio
2244 4532 2408 4584 etiam
2438 4533 2580 4599 leges
2637 4540 2893 4598 tanquam

1340 4636 1484 4689 illius
1518 4633 1934 4687 instrumentum
1958 4626 2361 4695 accipiendum,
2395 4638 2571 4692 eoque
2602 4638 2702 4676 ceu
2740 4625 2897 4676 l‘reno

2984 2145 3145 2213 paulo
3178 2154 3297 2214 post
3325 2164 3337 2199 :
3378 2143 3510 2198 Sunt
3532 2155 3781 2213 111-(11101011
3810 2145 4136 2199 Astranburlt
4168 2148 4331 2215 (forte
4356 2144 4547 2199 Siras—

2984 2238 3226 2306 burgum)
3282 2250 3329 2290 et
3367 2238 3725 2292 Darirasburk
3754 2240 3918 2310 (quod
3957 2240 4023 2294 de
4074 2242 4317 2311 Augusta
4361 2251 4549 2294 nostra

2986 2325 3260 2382 Vindelica
3320 2329 3636 2383 felicissime
3666 2332 3907 2398 exponit,
3950 2332 4209 2385 eximium
4244 2333 4363 2395 eius
4396 2334 4551 2385 eolu-

2988 2438 3106 2474 tnen
3140 2430 3193 2473 et
3223 2422 3389 2475 decus
3421 2420 3490 2473 M.
3523 2418 3777 2476 Velset'us
3810 2422 3904 2476 lib.
3934 2438 3984 2477 rt
4022 2422 4207 2476 Rerum
4247 2422 4549 2494 Vindelic.),

2984 2522 3031 2566 et
3059 2512 3395 2577 .llatttlatralt,
3426 2524 3473 2567 et
3502 2511 3830 2584 Pessingltes.
3859 2525 3906 2568 et
3949 2514 4231 2578 Bamburli,
4262 2528 4309 2568 et
4342 2517 4471 2576 Sar.
4503 2532 4553 2569 et

2988 2603 3309 2668 Rasenburk,
3342 2622 3457 2674 quis
3487 2608 3629 2677 regni
3666 2609 3828 2661 etiam
3859 2607 3980 2676 ﬁnis
4009 2619 4105 2664 est.
4140 2611 4268 2662 tmte
4294 2628 4472 2662 αυεεηι
4505 2624 4553 2662 et

2986 2698 3207 2751 ulterius
3252 2700 3393 2767 regio
3436 2698 3630 2753 Boltem
3673 2710 3774 2761 est,
3803 2718 3919 2771 qme
3952 2718 4086 2755 nunc
4122 2701 4295 2771 Praga
4327 2703 4551 2769 dicitur,

2983 2803 3163 2863 estque
3219 2792 3511 2848 Scluvonia:
3565 2803 3719 2848 terra:
3767 2796 3998 2848 initium.
4036 2794 4196 2850 Forte
4224 2807 4278 2849 et
4325 2798 4555 2865 populo-

2989 2886 3525 2957 rumeivitatumque
3574 2888 3791 2941 nomina
3838 2885 4133 2958 aliquando
4174 2902 4377 2945 mutata
4429 2910 4554 2945 eva-

2990 2980 3148 3033 riaut.
3189 2979 3323 3045 Quis
3360 2980 3586 3048 populos
3612 2980 3734 3035 illus
3756 2978 4060 3039 Germania
4082 2984 4197 3054 ‘jam
4225 2989 4394 3047 novit,
4414 3004 4554 3047 quos

2988 3081 3271 3124 enumerat
3321 3071 3612 3136 Gregorius
3642 3071 3709 3127 111
3750 3089 3883 3142 papa
3926 3075 3979 3129 in
4004 3076 4237 3144 quadam
4262 3077 4493 3147 epistola
4538 3098 4552 3131 :

2990 3162 3255 3216 Universis
3308 3165 3650 3220 optimatibus
3686 3179 3732 3218 et
3767 3169 3959 3237 populo
4003 3172 4391 3237 provinciarum
4425 3171 4554 3225 tier.

2990 3257 3200 3317 maniw,
3231 3255 3527 3325 Tituringis,
3556 3268 3604 3311 el
3635 3257 3834 3323 Tltesis,
3866 3270 3914 3313 et
3939 3259 4231 3324 Ποῖ-111αεὶ1,
4258 3273 4307 3314 et
4346 3261 4558 3315 Nistre-

2991 3346 3083 3404 sis.
3125 3343 3435 3409 Unetlretlis,
3473 3356 3522 3399 et
3560 3346 3811 3417 Lognais,
3843 3349 4129 3414 Sutlnodis,
4162 3363 4211 3404 et
4246 3351 4557 3412 Grasseltis.

2994 3436 3071 3488 rel
3105 3436 3343 3489 omnibus
3374 3437 3428 3489 in
3468 3434 3727 3491 Orientati
3757 3440 3913 3507 plaga
3946 3441 4268 3493 constitutis.
4302 3439 4417 3493 Non
4444 3441 4559 3509 jam

2996 3529 3166 3579 miror
3216 3529 3572 3598 panegyrista:
3608 3543 3890 3593 nauseam,
3926 3530 4200 3583 horrentis
4249 3532 4329 3585 101
4367 3532 4432 3584 ad
4466 3549 4558 3585 no-

2995 3621 3137 3673 mina
3175 3630 3357 3673 nostra
3396 3638 3410 3674 :
3476 3622 3613 3686 Quid
3664 3637 3976 3684 memorem,
4030 3624 4204 3689 inquit
4252 3624 4559 3690 Nazarius,

2994 3709 3270 3764 Bructeros
3306 3712 3329 3764 ?
3382 3713 3505 3781 quid
3540 3712 3856 3776 Cliamanos,
3894 3714 4020 3783 quid
4065 3713 4373 3775 Cheruscos,
4419 3715 4560 3768 Van-

2989 3803 3208 3869 gionas,
3262 3804 3577 3866 Alamanos,
3639 3802 3956 3857 Tubantes?
4003 3804 4261 3858 Bellicam
4320 3818 4562 3875 strepunt

2992 3897 3225 3959 nomina,
3269 3905 3317 3949 et
3351 3897 3651 3949 immanitas
3702 3896 3963 3952 barbariae
4012 3899 4063 3950 111
4098 3899 4234 3967 ipsis
4292 3903 4560 3955 t-acabulis

2992 3988 3205 4041 adhibet
3249 3988 3536 4043 horrorem.

3064 4081 3202 4136 lbid.
3237 4084 3418 4148 Πόλις
3458 4084 3769 4153 εὐδαίμων.
3803 4085 4139 4154 Εὑδαίμονας
4184 4102 4350 4156 pagos
4382 4105 4518 4155 quos
4543 4121 4559 4128 -

2996 4172 3119 4227 dam
3149 4175 3201 4227 in
3228 4172 3495 4243 Hyrcania
3518 4178 3691 4230 dictos
3722 4176 3991 4229 Diodorus
4015 4178 4226 4239 scribit,
4258 4180 4327 4233 ob
4357 4181 4560 4234 lienam

2995 4265 3335 4335 aliorumque
3358 4265 3642 4321 {nuntium
3676 4268 3867 4321 miram
3909 4267 4321 4323 abundantiam.
4356 4271 4561 4323 Εὐδαι-

2998 4373 3159 4425 μονες
3206 4358 3380 4427 χῶραι
3426 4372 3554 4411 sunt
3606 4358 3748 4427 apud
3800 4358 4104 4427 Appianum
4158 4359 4210 4413 in
4269 4362 4560 4416 Parthicis.

2999 4449 3325 4519 Εὐδαιμονις
3386 4450 3576 4505 insulae
3629 4451 3775 4506 circa
3833 4452 4086 4505 Arabiam
4143 4450 4379 4507 Felicem
4434 4467 4567 4508 sunt

2930 4591 2935 4597 .
2995 4543 3405 4611 Agatharchidi.
3442 4546 3547 4596 Sed
3572 4554 3637 4595 01·
3658 4543 3886 4596 110111111ιί
3915 4542 4147 4597 Felicem
4174 4544 4398 4605 Juliaiu.
4428 4546 4573 4599 Prli-

2996 4636 3215 4689 eitatem
3234 4632 3461 4700 Juliam;
3490 4635 3754 4709 colonias,
3778 4634 3946 4699 lacus,
3968 4634 4203 4704 legiones
4229 4637 4409 4690 leliees
4435 4653 4463 4693 s
4488 4656 4581 4694 sas

1337 4730 1404 4784 ad
1428 4723 1877 4799 provinciasillas
1895 4720 2158 4789 regendas
2189 4716 2445 4771 utendum
2474 4714 2719 4768 arbitrati
2747 4724 2893 4768 sunt.
2932 4741 2972 4796 ο
3005 4727 3259 4779 habuero.

2660 4714 2719 4768 ιιί
2747 4724 2893 4768 ειιηί-
2932 4741 2972 4796 ο
3005 4727 3329 4779 habuerunt.
3349 4726 3461 4778 ltoe
3482 4724 3703 4794 epitheti
3729 4725 4034 4794 Nuriberga:
4049 4725 4323 4781 Laonicus
4350 4731 4438 4782 tri.
4463 4747 4535 4784 nil
4553 4774 4582 4793 ,

1344 4824 1499 4879 Unde
1526 4819 1579 4873 in
1602 4816 1912 4871 Gothorum
1946 4813 2202 4882 primum.
2235 4808 2358 4862 dein
2388 4806 2893 4876 Langobardorum.

1340 4915 1671 4978 tandemque
1715 4904 2051 4958 Francorum
2105 4902 2252 4968 leges
2300 4898 2463 4950 multa
2503 4912 2571 4951 ex
2632 4895 2895 4950 Romanis

1337 5002 1598 5059 translata
1631 4996 1917 5050 videmus:
1968 4990 2112 5061 quod
2177 4988 2555 5044 Caroliuarum
2595 4986 2894 5057 praesertim

1341 5098 1518 5165 legum
1552 5092 1800 5141 volumen
1823 5085 1955 5139 satis
1984 5082 2249 5151 loquitur,
2278 5094 2455 5148 neque
2477 5078 2568 5149 jus
2599 5080 2775 5148 ipsum
2800 5076 2897 5132 Sa-

1346 5188 1598 5241 xnnieum
1656 5177 2006 5233 dissimulare
2047 5182 2246 5242 potest.
2284 5171 2576 5226 Justiniani
2609 5182 2791 5224 autem
2826 5170 2901 5223 lc-

1344 5278 1685 5347 gislaiionem
1708 5272 1970 5339 integram
2023 5281 2121 5335 per
2148 5264 2310 5317 multa
2367 5264 2559 5318 saecula
2600 5262 2898 5316 Germania

1348 5384 1455 5420 11011
1489 5364 1721 5433 agnovit,
1757 5362 1863 5412 imo
1907 5372 2004 5411 nec
2032 5354 2223 5409 habuit
2247 5364 2339 5405 aut
2362 5352 2498 5406 vidit
2528 5368 2540 5403 :
2579 5362 2753 5405 utnec
2785 5350 2902 5403 alia:

1346 5462 1653 5513 Occidentis
1686 5450 1996 5522 provincim,
2029 5448 2173 5516 quod
2209 5446 2337 5498 alibi
2374 5443 2898 5498 demonstrasimus.

1351 5553 1590 5604 Primum
1620 5542 1933 5599 Lotbarium
1955 5541 2225 5593 Saxonem
2255 5538 2636 5606 imperatorem
2676 5536 2904 5602 repertis

1346 5638 1599 5707 Amalplii
1635 5636 1763 5689 urbe
1794 5630 2001 5701 Apuliae
2024 5628 2332 5690 Pandectis,
2355 5629 2445 5694 jus
2472 5625 2604 5678 illud
2642 5625 2692 5677 iu
2729 5625 2901 5677 lucem

1346 5744 1401 5785 et
1446 5745 1601 5785 nsum
1621 5739 1902 5780 revocasse
1928 5724 2069 5774 fama
2101 5729 2205 5779 est.
2235 5717 2440 5771 Irnerio
2475 5732 2721 5779 suasore,
2752 5717 2907 5782 cujus

1348 5819 1726 5892 L’rspergensis
1785 5814 2049 5877 meminit,
2105 5820 2325 5865 notatus
2368 5821 2421 5861 rt
2481 5810 2649 5877 ipsea
2683 5808 2907 5875 Sigonio

1344 5915 1484 5967 111110
1534 5926 1619 5963 xtv
1675 5910 1745 5961 De
1782 5922 1937 5974 regno
1981 5905 2106 5956 Ital.
2143 5902 2215 5957 De
2270 5918 2378 5969 quo
2410 5910 2571 5953 etiam
2627 5916 2723 5951 nos
2782 5898 2908 5951 alibi

1350 6008 1531 6061 latius.

2999 4827 3051 4871 et
3082 4817 3208 4869 soli.
3243 4815 3394 4870 Unde
3418 4816 3689 4870 aestimare
3714 4816 3860 4878 licet,
3884 4832 4003 4885 qute
4033 4824 4161 4871 tunc
4192 4823 4458 4887 temporis
4479 4838 4593 4873 ce-

3000 4909 3222 4962 lehritas
3246 4919 3301 4962 et
3324 4907 3577 4975 splendor
3606 4906 3754 4962 urbis
3785 4906 3946 4959 fuerit
3970 4924 3983 4960 :
4009 4922 4130 4976 quae
4156 4918 4337 4961 tamen
4378 4926 4600 4978 post-2

3002 5002 3188 5055 multis
3214 5002 3388 5057 modis
3412 5010 3569 5054 aucta
3592 5010 3643 5053 et
3661 4998 3988 5068 ampliﬁcata
4005 5009 4105 5054 est.
4128 4997 4383 5054 Proxime
4402 5001 4608 5070 hujus

3000 5108 3172 5146 aevum
3199 5090 3401 5146 Encas
3433 5091 3652 5160 Sylvius
3699 5092 3998 5144 eardinalis
4028 5091 4300 5145 Senensis
4324 5092 4394 5145 ad
4426 5093 4613 5145 Μαι--

3004 5188 3173 5238 tinam
3200 5184 3452 5252 Majorem
3490 5182 3541 5236 .l.
3574 5185 3634 5237 C.
3660 5184 3927 5245 scribens,
3956 5197 4064 5236 non
4100 5183 4279 5246 parcis
4310 5184 4621 5243 laudibus

3003 5277 3349 5346 epautpoviav
3381 5276 3528 5328 illam
3559 5274 3717 5328 nobis
3769 5274 4039 5344 explicat:
4068 5270 4393 5326 Noricorum
4417 5294 4621 5344 υρρι-

3002 5372 3148 5431 dum,
3182 5366 3372 5435 inquit.
3400 5366 3615 5431 ﬂumine
3683 5364 3932 5434 Regnisia
3963 5362 4216 5434 (Pegueso
4242 5365 4633 5440 dicendus”)

3005 5463 3359 5521 intersertam,
3386 5475 3507 5512 nam
3533 5458 3685 5511 hodie
3725 5457 4091 5511 l’ranconibus
4122 5458 4307 5524 datur,
4339 5473 4639 5527 praeter-

3006 5554 3079 5604 ire
3128 5568 3228 5603 nou
3297 5566 3592 5617 possumus.
3631 5548 3730 5600 Dic
3770 5563 4014 5617 rogamus
4090 5550 4239 5616 (nam
4273 5552 4405 5605 hinc
4442 5568 4649 5608 usus-

3017 5662 3126 5696 rem
3161 5642 3388 5703 duxisti,
3407 5641 3774 5695 eastissimam
3801 5656 3955 5707 teque
3984 5655 4047 5693 ac
4069 5640 4409 5711 pulchram),
4432 5660 4657 5712 (μία--

3011 5752 3130 5786 nam
3168 5734 3325 5800 facies
3356 5733 3513 5800 hujus
3553 5732 3700 5784 urbis
3722 5733 3747 5783 2’
3773 5731 3862 5799 qui
3895 5729 4161 5798 splendor,
4191 5748 4311 5798 qua:
4352 5743 4661 5795 ominari.

3012 5840 3110 5888 tas,
3134 5840 3247 5893 qua:
3288 5823 3511 5885 deliciae,
3531 5821 3646 5890 quis
3674 5820 3887 5874 cultus?
3909 5837 4025 5890 qua:
4048 5821 4222 5888 [arma
4254 5824 4494 5893 regimirs
4508 5832 4583 5884 is
4628 5837 4667 5887 Ρ

3012 5920 3135 5986 quid
3164 5918 3271 5969 illic
3311 5920 3377 5967 uti
3410 5917 3670 5969 civitatem
3700 5914 3840 5966 omni
3874 5929 3937 5967 ea:
3978 5924 4125 5982 parle
4167 5916 4467 5983 perfectam
4510 5928 4671 5981 αε-

3017 6011 3246 6063 siderart'
3271 6010 3527 6073 quispiam
3562 6008 3785 6061 voluerit
3816 6008 3838 6061 1’
3870 6005 4002 6072 Qui:
4028 6007 4350 6062 renientibus
4404 6008 4679 6074 Frag-
