4866 6594
1247 573 1352 636 563
2470 584 2930 655 MARQUARDI
2977 588 3169 646 FREH

2588 586 2930 655 RQUARDI
2977 588 3316 647 FREHERI
4394 580 4498 641 564

1255 693 1536 764 utriusque
1569 695 1721 749 vocis
1775 694 2010 750 litteram
2063 699 2371 751 convenire.
2416 698 2521 751 Sed
2577 711 2630 753 et
2690 702 2823 753 ami-
2853 715 2895 767 Α
2931 703 3002 754 lle
3023 703 3148 771 imp.
3171 701 3461 770 Rom.cap.
3488 695 4498 769 ult.:Conﬁdenterloquor,siGerma-

1255 802 1345 841 cos
1409 787 1461 840 in
1514 787 1806 841 consilium
1875 788 2021 843 misi.
2073 790 2227 844 Alius
2269 791 2590 860 ριύΒλένης
2643 795 2824 848 mallet

1256 883 1465 951 Βοέμης
1505 880 1876 949 νθΙΒοεμίας,
1935 899 2098 952 quam
2156 885 2343 939 nescio
2401 903 2467 938 an
2523 886 2826 941 Germanic

1254 976 1526 1029 ascribere
1580 974 1847 1029 voluisset
1896 974 2171 1030 Laonicus
2211 995 2225 1031 :
2259 978 2397 1031 alius
2447 980 2677 1047 Βελγίης
2744 982 2827 1033 \el

1258 1067 1506 1135 Βελγεας,
1526 1084 1631 1122 non
1670 1070 1966 1123 ablutlente
1996 1068 2321 1126 Germanico
2340 1074 2556 1127 nomine
2589 1071 2829 1143 Fleming

1258 1163 1324 1213 :tb
1361 1161 1465 1215 ista
1502 1160 1696 1232 Βλίνῃ,
1728 1163 1771 1217 si
1803 1162 1932 1216 illud
1979 1177 2133 1231 aeque
2163 1166 2506 1229 conveniret,
2562 1165 2663 1235 τῆς
2718 1167 2831 1220 ἄνω

2929 794 3263 864 niprincipes
3305 795 3632 859 imperatori,
3661 805 3913 863 tanquam
3952 794 4207 844 advocato
4247 790 4499 842 Ecclesia:

2929 890 3151 953 [idaliter
3202 890 3528 945 assisterent.
3560 897 3713 953 prout
3769 886 4087 955 temporibus
4129 885 4362 951 antiquis
4387 899 4500 934 ron-

2931 993 3225 1046 sueverunt,
3271 982 3441 1034 omnis
3475 982 3713 1048 profecto
3742 990 3971 1047 potestas
4001 978 4276 1031 contraria
4305 978 4501 1028 ridere-

2934 1088 3020 1129 tur
3050 1092 3232 1144 parra.
3266 1074 3409 1127 Tunc
3444 1092 3546 1126 non
3575 1073 3743 1126 solum
3771 1071 3995 1128 Graecia.
4027 1071 4117 1122 sed
4148 1068 4413 1137 Αἱμονίης
4454 1079 4500 1119 ct

2933 1164 3182 1219 Chaldtea
3208 1164 3645 1222 contremisceret,
3682 1180 3743 1214 ac
3770 1164 3968 1214 ultione
3992 1162 4220 1225 regiones
4280 1156 4505 1211 Sarace-

1259 1252 1565 1321 Γερμανίας
1588 1255 1911 1324 γενομένης.
1936 1255 2202 1325 Equidem
2224 1256 2401 1311 locum
2424 1259 2823 1311 conclamatum

1259 1347 1402 1412 quod
1435 1347 1565 1401 olitn
1592 1350 1753 1418 aegris
1781 1349 2086 1417 desperatis
2107 1348 2285 1405 facere
2302 1350 2571 1413 solebant,
2598 1352 2649 1404 in
2672 1350 2833 1405 trivio

1258 1440 1476 1508 depono
1516 1459 1530 1495 :
1557 1452 1610 1495 et
1638 1440 1875 1510 publica:
1913 1442 2099 1511 pietati
2154 1453 2247 1497 aut
2280 1444 2513 1498 lortunm
2537 1461 2650 1498 suae
2681 1459 2836 1496 com-

1262 1545 1439 1589 nullo.

1334 1673 1453 1727 Col.
1488 1672 1553 1725 77
1578 1672 1645 1730 C.
1680 1673 1871 1741 Γένος
1914 1674 2094 1730 τοῦτο
2111 1674 2425 1746 μέγα.Τοιί
2444 1678 2591 1733 enim
2615 1679 2843 1734 Triones

1265 1768 1353 1834 {ut
1384 1764 1640 1821 Sidonius
1674 1768 1939 1838 loquitur)
1971 1768 2026 1822 in
2048 1770 2190 1826 hanc
2210 1770 2364 1826 eﬂ‘usi
2384 1788 2398 1825 :
2421 1786 2548 1827 vere
2570 1772 2841 1828 omcinam

1264 1860 1531 1917 centium.
1569 1859 1838 1917 Nazarius
1899 1862 1953 1916 in
2006 1865 2276 1935 Panegyr.
2303 1865 2370 1918 ad
2419 1864 2842 1921 Constantinum

1263 1949 1546 2007 31.:Jacet
1603 1954 1655 2006 in
1674 1951 1837 2008 latere
1886 1952 2180 2009 Galliarum
2233 1967 2325 2010 aut
2359 1957 2412 2011 in
2441 1959 2559 2011 sinu
2613 1968 2702 2012 tuo
2728 1959 2846 2027 fusa

1268 2048 1553 2114 Barbaria,
1584 2066 1674 2115 per
1704 2067 1757 2104 se
1793 2052 1910 2120 ipsa
1966 2061 2147 2121 potens
2187 2052 2351 2118 natio,
2402 2061 2451 2107 et
2488 2062 2603 2121 post
2639 2051 2835 2107 Roma-
2870 2064 2909 2119 Β

1266 2162 1387 2195 nam
1412 2145 1829 2214 magnitudinem
1854 2146 1909 2197 in
1944 2145 2094 2200 terris
2120 2147 2369 2200 secunda.
2396 2146 2569 2202 Locus
2588 2146 2836 2216 insignis,

1267 2247 1321 2289 vt
1368 2238 1433 2290 ad
1465 2236 1769 2293 Germania
1809 2238 2071 2293 honorem
2145 2241 2358 2303 unicus,
2409 2239 2495 2294 cui
2537 2239 2837 2294 secundum

1274 2331 1495 2386 Latinus
1522 2333 1685 2386 homo
1712 2333 1888 2387 locum
1909 2334 2114 2388 tribuat
2147 2349 2176 2387 a
2210 2333 2405 2396 Roma,
2431 2334 2520 2388 cui
2543 2334 2686 2387 alius
2710 2345 2840 2401 pro-

1274 2444 1289 2475 \
1306 2424 1522 2479 incialis
1543 2424 1680 2479 nihil
1701 2423 1904 2489 simile,
1925 2424 2061 2479 nihil
2082 2426 2381 2480 secundum
2400 2425 2840 2479 assentahunalus

1270 2519 1499 2573 dixerat.
1528 2517 1632 2573 Sed
1653 2533 1841 2573 vereor
1866 2519 2050 2588 lupum
2078 2519 2249 2573 cauda
2276 2519 2466 2579 teneri,
2490 2526 2549 2573 et
2569 2518 2844 2573 hauelau—

1272 2614 1392 2665 item
1428 2611 1582 2666 nobis
1604 2622 1873 2667 extortam
1912 2613 1977 2666 iri
2018 2627 2048 2666 a
2074 2609 2257 2667 Persis
2294 2610 2533 2681 :quibus
2550 2624 2658 2664 non
2683 2609 2843 2679 paulo

1277 2705 1582 2772 promptius
1633 2704 1736 2759 ltoc
1772 2704 2005 2773 elogium
2055 2702 2291 2758 dedisset
2351 2707 2512 2758 homo
2540 2699 2843 2764 Romanus,

1276 2814 1434 2854 uuam
1469 2798 1780 2867 Germanis,
1805 2801 1892 2868 qui
1916 2799 2120 2866 absque
2138 2799 2287 2867 justo
2318 2797 2625 2867 principatu
2648 2798 2846 2850 distra-

1276 2892 1345 2945 cti
1381 2894 1431 2944 in
1464 2893 1651 2960 plures
1680 2900 1889 2961 gentes,
1922 2892 2176 2960 interque
2202 2906 2260 2945 se
2287 2890 2585 2947 discordes.
2614 2886 2678 2941 Et
2704 2888 2747 2942 si
2776 2902 2843 2941 ex

1277 2985 1441 3038 animi
1477 2984 1581 3037 mei
1617 2986 1886 3039 sententia
1937 2998 2116 3053 roger,
2153 2999 2277 3038 cum
2324 2996 2603 3051 posuemo
2636 2980 2847 3035 etlitore

1279 3090 1383 3127 non
1416 3074 1628 3129 lnrrens
1656 3077 1727 3129 ita
1772 3076 1949 3145 legam
1979 3093 1993 3129 :
2024 3074 2174 3128 Jacet
2229 3075 2293 3129 in,
2340 3074 2501 3127 latere
2552 3071 2848 3128 Galliarum

1278 3167 1441 3219 autin
1463 3167 1583 3220 sinu
1603 3174 1690 3221 tuo
1708 3166 1827 3235 fusa
1846 3166 2126 3220 Barbaria.
2152 3165 2348 3229 Perste,
2370 3166 2484 3233 ipsa
2504 3172 2682 3231 potens
2704 3162 2848 3215 natio

1278 3272 1324 3314 ct
1367 3272 1482 3329 post
1517 3260 1808 3315 Romanam
1849 3260 2269 3329 magnitudinem
2303 3263 2355 3311 in
2397 3259 2553 3312 terris
2593 3257 2845 3322 secunda,

1279 3355 1572 3407 mnititiam
1605 3364 1776 3421 tuam,
1818 3351 2161 3407 Constantine
2194 3351 2446 3413 Maxime,
2510 3366 2614 3404 non
2676 3351 2847 3403 minus

1280 3448 1478 3515 trepide
1506 3461 1665 3517 quam
1708 3446 2009 3500 amabiliter
2034 3446 2346 3514 petiverunt.
2398 3442 2563 3496 Nulla
2596 3443 2651 3495 in
2701 3442 2855 3496 terris
2883 3434 2925 3494 C

1282 3555 1387 3596 tam
1413 3546 1563 3611 [eros
1590 3542 1737 3595 natio
1766 3554 1863 3607 est,
1893 3556 2010 3611 qua:
2042 3550 2089 3593 te
2114 3554 2219 3592 non
2268 3546 2466 3591 metuat
2490 3547 2583 3589 aut
2638 3536 2853 3605 diligat.

1284 3637 1397 3693 lloc
1428 3636 1589 3691 modo
1615 3636 1839 3703 pulchre
1862 3646 1917 3688 et
1946 3634 2233 3688 verborum
2262 3642 2541 3686 structura
2570 3640 2626 3685 et
2662 3643 2856 3684 sensus

1283 3738 1555 3787 constant.
1582 3728 1687 3783 Sed
1725 3737 1779 3781 et
1807 3725 2065 3781 Germani
2103 3738 2228 3780 cum
2272 3722 2491 3776 Parthis
2522 3732 2618 3776 aut
2676 3720 2858 3774 Persis

1285 3827 1604 3891 plerumque
1634 3818 1788 3888 juugi
1815 3820 1993 3873 solent
2020 3833 2034 3869 :
2073 3817 2289 3886 utrique
2311 3817 2496 3869 hostes
2523 3814 2705 3883 populi
2755 3812 2861 3867 Ro-

1286 3914 1431 3967 mani
1460 3914 1495 3967 l.
1519 3911 1730 3975 llostes,
1751 3912 1839 3965 ⁵34.
1875 3909 1935 3964 D.
1961 3911 2023 3962 de
2039 3919 2176 3976 capt.
2201 3908 2502 3979 etpostlim.
2525 3906 2859 3960 Thcmistius

1285 4006 1533 4058 oratione
1568 4002 1632 4055 ν.
1664 4001 1721 4056 Ιιι
1755 4001 1995 4055 nummis
2043 3998 2279 4054 Victoria
2316 4000 2515 4052 visitur
2554 3996 2862 4050 inscribens

1286 4086 1478 4167 clypeo
1508 4095 1702 4165 palma:
1749 4092 1909 4148 allixo
1959 4106 1974 4143 :
2017 4089 2131 4146 Vtc.
2177 4089 2310 4147 Gstt.
2368 4100 2422 4145 et
2481 4090 2535 4141 in
2570 4086 2712 4144 aliis.
2743 4083 2860 4138 Vtc.

1287 4189 1412 4246 l‘ut.

1359 4330 1495 4383 lhid.
1530 4324 1780 4400 Σκυρῶν
1818 4321 1935 4378 τῶν
1963 4321 2255 4391 Νομάδων
2286 4321 2590 4387 δεύτερον.
2625 4314 2788 4370 Hisce
2810 4324 2864 4367 et

1299 4422 1501 4475 Strabo
1532 4420 1841 4473 Germanos
1871 4424 2156 4486 comparat
2191 4414 2286 4469 lib.
2312 4429 2385 4467 vn
2424 4434 2436 4469 :
2471 4409 2663 4481 Τροφὴ
2690 4410 2733 4461 δ’
2758 4403 2883 4462 ἀπὸ

1290 4514 1399 4565 τῶν
1440 4512 1774 4582 θρεμμάτων
1805 4513 1837 4580 ὴ
1875 4510 2127 4576 πλείστη,
2166 4506 2311 4560 καθά
2343 4523 2446 4559 που
2476 4507 2588 4566 τοῖς
2622 4499 2866 4571 Νομάσι,

1290 4607 1420 4660 ὥστ’
1454 4608 1695 4667 ἐκείνους
1723 4600 2053 4673 μιμούμενοι
2099 4610 2206 4655 etc.

1366 4771 1504 4824 Ibid.
1541 4771 1610 4822 El
1656 4764 1839 4820 ταυτὸ
1888 4765 2163 4833 φρονοίη,
2197 4761 2295 4817 καὶ
2342 4762 2444 4830 ὑφ’
2487 4761 2577 4815 ἐνὶ
2623 4762 2869 4830 ἄρχοντι

1299 4866 1563 4933 ruspari.
1591 4860 1796 4916 (Enicas
1813 4860 2031 4930 Sylvius
2055 4859 2107 4911 in
2129 4856 2435 4919 Germania,
2457 4869 2580 4923 cap.
2603 4853 2705 4908 72:
2739 4852 2868 4908 Plu-

1297 4962 1561 5010 mtitatcm
1596 4953 1891 5021 principum
1951 4950 2247 5019 philosophi
2289 4949 2567 5001 abhorrent
2602 4962 2619 4999 :
2688 4963 2778 5000 eos
2808 4963 2870 4999 ea

1296 5051 1556 5118 gaudetis.
1590 5048 1730 5101 Nam
1753 5045 1990 5115 quamvis
2014 5045 2381 5110 imperatorem
2410 5050 2458 5094 et
2487 5054 2656 5110 regem
2689 5048 2739 5092 et
2770 5038 2869 5089 do-

1299 5143 1496 5193 minum
1523 5150 1753 5193 vostrum
1783 5153 1892 5189 esse
1934 5134 2197 5203 fatemini,
2260 5129 2501 5201 precario
2560 5141 2734 5182 tamen
2784 5128 2874 5181 ille

1298 5238 1556 5301 imperare
1582 5233 1806 5293 videtur,
1839 5228 1986 5280 nulla
2018 5226 2131 5293 ejus
2158 5225 2391 5292 potentia
2419 5232 2520 5277 est.
2571 5221 2803 5276 Tantum
2828 5220 2876 5272 ei

1298 5327 1491 5393 paratis
1515 5336 1768 5393 quantum
1790 5322 1972 5385 vultis,
1999 5320 2152 5373 vultis
2170 5328 2347 5371 autem
2364 5315 2663 5369 minimum.
2687 5312 2873 5365 Liber-

1300 5438 1382 5473 tus
1411 5420 1651 5471 omnibus
1681 5418 1735 5468 in
1758 5416 2020 5467 communi
2060 5414 2256 5482 placet,
2278 5424 2441 5473 neque
2492 5407 2754 5470 civitates,
2788 5421 2877 5458 ne-

1297 5531 1395 5581 que
1432 5513 1711 5579 principes,
1739 5508 1877 5577 quod
1912 5523 2065 5560 suum
2117 5515 2192 5558 est
2240 5502 2546 5569 imperatori
2598 5500 2876 5568 pratbent:

1300 5605 1450 5658 nulla
1474 5604 1553 5655 illi
1576 5600 1873 5670 vectigalia,
1891 5599 2095 5651 nullum
2119 5597 2387 5648 atrarium.
2409 5592 2644 5661 Quisque
2668 5605 2777 5642 sua:
2804 5590 2877 5640 rei

1302 5703 1604 5755 mmlerator
1633 5708 1681 5751 et
1713 5697 1910 5748 arbiter
1946 5709 2055 5746 esse
2086 5692 2214 5744 vult.
2249 5691 2381 5743 llinc
2422 5687 2700 5741 discordia:
2745 5689 2879 5737 inter

1305 5811 1389 5846 vos
1418 5791 1632 5847 rrcbrtc.
1667 5799 1715 5841 et
1747 5788 1963 5839 assidua
2002 5785 2134 5838 bella
2187 5794 2504 5851 grassantur
2536 5801 2553 5834 :
2588 5796 2653 5833 ea:
2690 5778 2877 5848 quibus

2902 4810 2947 4867 D

1305 5887 1522 5954 rapitur,
1544 5884 1810 5944 incendia,
1844 5880 2031 5939 caules,
2065 5890 2111 5931 ct
2149 5878 2288 5929 ini/lc
2321 5876 2581 5929 malorum
2611 5884 2878 5941 emergunt

1304 5998 1490 6046 peneia
1530 5978 2013 6047 :quemadmotlnm
2040 5976 2109 6025 ibi
2159 5973 2470 6025 intervenire
2522 5985 2727 6023 necesse
2782 5980 2879 6030 est,

1304 6076 1559 6128 ul‘iuluru
1580 6075 1916 6126 dominantur
1941 6068 2136 6121 cnvitn.
2166 6065 2278 6119 l't‘lt
2296 6082 2355 6119 us
2400 6064 2463 6117 de
2500 6060 2676 6116 Andlo
2732 6060 2827 6115 lib.
2866 6074 2881 6112 ι

2936 1273 3129 1310 norum
3157 1257 3499 1325 trepidarent.
3534 1254 3890 1308 Protendente
3909 1268 4088 1317 nempe
4106 1251 4285 1316 aquila
4313 1250 4505 1301 Roma-

2940 1366 3122 1402 norunt
3155 1348 3219 1402 ab
3258 1347 3469 1415 Europa
3500 1347 3614 1400 alas
3644 1365 3790 1405 suas.
3825 1362 3917 1400 nec
3942 1349 4231 1413 gryphones
4254 1344 4394 1397 Asia:
4426 1354 4507 1395 at-

2938 1461 3033 1513 que
3075 1443 3263 1511 Africa:
3298 1442 3432 1496 satis
3463 1452 3593 1495 tutae
3624 1450 3797 1494 erant.

3007 1574 3125 1629 Col.
3152 1575 3216 1627 77
3247 1573 3305 1627 ll.
3335 1572 3479 1628 Οὔτε
3499 1575 3670 1628 σείει.
3706 1573 3846 1628 idem
3874 1574 3941 1626 de
3969 1572 4141 1627 Gallia
4172 1569 4364 1623 scribit
4398 1570 4507 1623 Pli-

2945 1669 3090 1722 nius.
3112 1664 3295 1720 Terra:
3325 1673 3504 1719 motus
3523 1676 3701 1719 tamen
3740 1664 4006 1734 plurimos
4025 1662 4263 1717 Annales
4282 1660 4513 1714 subinde

2946 1761 3230 1823 adnatant,
3268 1760 3361 1813 sed
3393 1758 3653 1821 nimirum
3691 1757 4102 1826 frequentiores
4131 1766 4184 1810 et
4222 1756 4513 1809 vehemen-

2948 1855 3112 1908 tiores
3138 1854 3190 1907 in
3223 1854 3349 1906 Asia
3381 1862 3438 1907 et
3465 1850 3709 1918 Oriente,
3739 1852 3829 1906 ubi
3878 1852 4127 1907 civitates
4149 1850 4312 1905 etiam
4377 1851 4512 1902 inte-

2950 1962 3073 2019 gras
3103 1956 3375 2003 evertunt.

3016 2082 3154 2139 Ibid.
3206 2085 3588 2138 Πολιτεύεται
3638 2086 3789 2138 κατὰ
3834 2084 4021 2137 ταῦτα
4079 2081 4398 2151 Ῥωμαίοις.
4441 2081 4514 2134 lla

2945 2178 3265 2249 jamdudum
3297 2179 3561 2248 Agathias
3594 2179 3657 2232 tle
3692 2176 3920 2231 Francis
3958 2196 3970 2231 :
4016 2177 4126 2229 Kal.
4162 2176 4409 2243 πολιτείᾳ
4444 2175 4519 2234 ὼς

2946 2271 3015 2323 τὰ
3042 2268 3211 2321 πολλὰ
3236 2269 3475 2339 χρῶνται
3516 2268 3818 2339 Ῥωμαϊκῇ,
3845 2268 3939 2322 καὶ
3968 2270 4150 2337 νόμοις
4178 2269 4287 2328 ταῖς
4310 2267 4517 2326 αὐτοῖς.

2947 2362 3042 2413 καὶ
3066 2361 3132 2412 τὰ
3152 2361 3289 2416 ἄλλα
3312 2364 3511 2430 ὁμοίως
3533 2361 3676 2430 ἀμφί
3702 2378 3756 2413 τε
3783 2361 3849 2413 τὰ
3871 2360 4173 2428 συμϐόλαια
4196 2360 4291 2411 καὶ
4308 2359 4522 2427 γάμους

2950 2454 3043 2507 καὶ
3071 2453 3172 2524 τὴν
3192 2453 3287 2506 τοῦ
3320 2453 3464 2506 Θείου
3485 2453 3783 2524 θεραπείαν
3815 2451 4149 2521 νομίζουσιν.
4177 2451 4236 2504 Et
4271 2457 4327 2502 nt
4359 2450 4521 2503 altius

2950 2556 3063 2595 rem
3090 2550 3422 2611 repetamus,
3456 2540 3652 2597 Florus
3681 2543 3777 2596 lib.
3823 2559 3898 2607 ιν,
3930 2558 4050 2611 cap.
4086 2542 4153 2595 12
4193 2560 4205 2595 :
4236 2539 4411 2595 Mores
4434 2556 4526 2595 no-

2951 2642 3086 2688 stros
3117 2637 3283 2706 magis
3318 2653 3478 2706 quam
3506 2653 3659 2690 arma
3681 2641 3776 2690 sub
3800 2637 4115 2706 imperatore
4138 2636 4309 2691 Druso
4351 2653 4526 2691 susce-

2950 2737 3160 2796 perant.
3193 2725 3255 2781 Et
3297 2742 3421 2783 vere
3442 2744 3505 2782 ex
3533 2727 3812 2797 perpetuis
3872 2742 3994 2782 cum
4052 2727 4317 2781 Romanis
4365 2727 4527 2781 hellis

2952 2835 3185 2891 quaeque
3208 2819 3478 2875 accedunt
3537 2820 3928 2889 legationibus,
3952 2818 4277 2885 foederibus,
4310 2821 4447 2891 quin
4478 2830 4532 2875 et

2952 2913 3319 2974 commerciis,
3357 2913 3588 2967 multum
3618 2912 3854 2968 subinde
3885 2924 3939 2968 et
3964 2917 4031 2968 ad
4063 2914 4303 2985 linguam
4371 2924 4428 2969 et
4453 2916 4531 2967 vi-

2955 3013 3064 3059 tam
3086 3002 3344 3058 Germani
3382 3012 3689 3058 traxerunt.
3725 3004 3866 3070 Quid
3907 3005 4050 3073 quod
4079 3015 4132 3059 et
4180 3004 4437 3058 deducta:
4476 3003 4530 3055 in

2954 3104 3174 3151 nostras
3196 3111 3323 3151 oras
3352 3096 3726 3151 Romanorum
3762 3097 4014 3161 coloniae,
4067 3105 4121 3151 et
4160 3112 4254 3166 per
4312 3110 4532 3151 connu-

2956 3188 3041 3243 bia
3069 3189 3264 3242 mistus
3285 3189 3536 3259 sanguis,
3592 3198 3647 3243 et
3699 3190 3969 3260 exportati
4024 3188 4251 3242 Romam
4300 3188 4530 3258 captivi,

2958 3282 3098 3337 servi
3131 3296 3146 3337 :
3178 3282 3449 3348 stipendia
3475 3281 3617 3352 apud
3646 3281 3928 3337 Romanos
3972 3281 4234 3337 facientes
4300 3280 4533 3339 milites.

2960 3374 3265 3445 principum
3301 3375 3585 3439 satellites,
3618 3390 3961 3429 communem
4014 3374 4302 3442 utriusque
4351 3373 4537 3442 gentis

2958 3468 3199 3537 linguam
3232 3468 3514 3537 vitamque
3544 3469 3812 3523 iecerunt.
3843 3466 3954 3522 Nec
3977 3467 4152 3522 solum
4177 3467 4230 3520 in
4260 3465 4539 3519 Romanis

2961 3559 3257 3630 provinciis
3313 3559 3569 3615 Germani
3628 3560 3895 3631 indigenis
3950 3557 4166 3613 misceri
4223 3568 4538 3627 creperum,

2960 3654 3055 3708 sed
3091 3668 3219 3708 vero
3252 3654 3305 3709 in
3332 3654 3449 3723 ipsa
3481 3652 3799 3719 Germania,
3845 3653 4149 3723 praesertim
4209 3651 4360 3705 circa
4394 3651 4545 3705 limi-

2965 3753 3067 3809 tes,
3091 3743 3320 3799 Romani
3352 3746 3559 3801 nostris
3588 3760 3909 3801 assuescere
3937 3744 4268 3799 didicerunt.
4292 3741 4452 3797 Unde
4484 3743 4543 3795 in
4604 3764 4607 3765 ν

2967 3838 3355 3893 vetustissimis
3381 3837 3590 3907 legibus
3625 3838 3840 3907 patriis.
3899 3836 4078 3891 Salica
4143 3836 4227 3890 tit.
4258 3836 4355 3901 43,
4393 3834 4422 3903 ᾗ
4461 3836 4491 3888 7
4524 3854 4541 3891 :

2967 3931 3027 3985 Si
3056 3929 3325 3987 Romanus
3348 3934 3501 3986 homo
3529 3947 3821 4000 possessor,
3846 3932 3899 3985 id
3954 3930 4143 4001 estqui
4164 3948 4246 3984 res
4286 3932 4343 3985 in
4401 3947 4544 4001 pago

2968 4024 3055 4077 ubi
3079 4035 3389 4089 commonet,
3419 4026 3663 4095 proprias
3702 4026 3954 4093 possidet,
4010 4024 4216 4078 occisus
4271 4024 4457 4091 fuerit,
4492 4024 4548 4075 is

2966 4117 3055 4182 qui
3089 4134 3206 4170 eum
3236 4118 3490 4171 occidisse
3536 4119 3888 4181 convincitur,
3946 4134 3998 4171 tv
4061 4118 4182 4170 den.
4253 4114 4547 4181 culpabilis

2964 4209 3257 4276 judicetttr.
3284 4208 3345 4264 Si
3372 4210 3487 4279 quis
3524 4209 3819 4263 Romanum
3875 4209 4212 4262 tributariam
4262 4208 4550 4264 occiderit.

2970 4315 3104 4369 etc.,
3161 4314 3214 4359 et
3248 4304 3371 4360 aliis
3409 4306 3659 4374 passim:
3696 4303 3758 4358 Si
3779 4302 4046 4356 Romanus
4096 4303 4271 4363 Itonw,
4322 4311 4431 4354 etc.
4488 4297 4555 4351 Si

2978 4397 3210 4451 Francus
3241 4400 3417 4463 homo,
3442 4406 3549 4452 etc.
3578 4397 3787 4462 Quibus
3809 4396 3942 4465 ipsis
3976 4396 4029 4449 in
4058 4394 4264 4463 legibus
4291 4409 4431 4448 sane
4458 4408 4557 4445 ve-

2974 4492 3315 4555 tustissimis,
3340 4502 3539 4560 printer
3561 4491 3704 4561 quod
3730 4489 3926 4544 Latino
3978 4496 4260 4557 utcunque
4285 4500 4555 4540 sermone

2974 4586 3187 4655 scriptae
3208 4594 3359 4650 sunt,
3396 4586 3680 4654 complura
3711 4584 3876 4639 etiam
3910 4581 4148 4638 subinde
4177 4580 4349 4634 veluti
4378 4580 4557 4633 vesti-
4630 4578 4647 4593 “

2973 4675 3059 4745 gia
3087 4677 3356 4730 etductus
3387 4691 3416 4730 a
3445 4674 3704 4730 Romanis
3719 4673 3975 4727 derivata:
3996 4670 4225 4741 justitite
4242 4671 4560 4725 observare

2974 4768 3123 4825 licet.
3160 4768 3399 4825 Tandem
3433 4784 3624 4824 everso
3664 4778 3718 4822 et
3740 4768 3951 4835 direpto
3982 4780 4076 4835 per
4102 4765 4412 4819 Germanas
4454 4779 4563 4816 na-

2978 4864 3155 4919 tiones
3178 4863 3429 4932 imperio,
3447 4862 3633 4926 Gothi,
3649 4860 4018 4930 Langobardi,
4036 4857 4255 4920 Franci,
4273 4855 4570 4909 Rmnano-

2976 4971 3096 5011 rum
3133 4966 3187 5011 et
3224 4957 3459 5009 victores
3479 4964 3926 5015 etsuccessores,
3972 4966 4152 5006 mores
4205 4964 4434 5019 quoque
4467 4966 4576 5001 en-

2976 5066 3122 5114 rum,
3158 5050 3313 5115 ritus,
3342 5048 3721 5113 caeremonias,
3745 5046 4032 5105 formulas,
4090 5054 4145 5097 et
4178 5044 4255 5095 nil
4287 5059 4402 5096 non
4458 5042 4577 5095 sini

2977 5149 3419 5211 assumpserunt.
3434 5139 3501 5193 Et
3530 5150 3648 5209 post
3675 5140 3776 5193 hos
3801 5137 3916 5191 veri
3950 5136 4025 5189 illi
4066 5133 4353 5199 Germani,
4393 5134 4577 5186 Suevi

2978 5234 3202 5303 inquam
3243 5244 3297 5287 ct
3345 5233 3616 5295 Saxones,
3651 5245 3774 5285 cum
3807 5243 3962 5298 reges
3995 5226 4318 5280 etCaesares
4360 5225 4587 5279 Roma-

2979 5342 3172 5382 norqu
3206 5326 3478 5387 audirent,
3509 5334 3744 5378 veterem
3778 5322 3920 5375 illaut
3978 5319 4243 5374 Latialem
4300 5320 4547 5387 majesta
4568 5348 4591 5357 ο

2979 5429 3087 5472 tem
3120 5429 3175 5471 et
3209 5418 3540 5471 cothurnum
3575 5414 3723 5468 omni
3761 5414 3946 5467 studio
3990 5412 4327 5467 all'ectabant
4359 5428 4374 5463 :
4409 5422 4469 5463 ut
4496 5410 4590 5465 dc

2980 5509 3195 5564 Othone
3229 5509 3293 5561 lll
3332 5510 3465 5576 imp.
3504 5507 3782 5560 Dittnarus
3828 5504 4139 5560 scribitlib.
4180 5518 4255 5562 tv,
4305 5504 4594 5571 antiquas

2981 5594 3807 5650 ConsuetudincsRomanorum
3872 5595 3981 5663 jam
4031 5607 4097 5647 ex
4160 5602 4317 5662 parte
4369 5608 4599 5661 inagna

2983 5691 3190 5744 deletas
3224 5700 3599 5751 revocantem,
3640 5687 3901 5756 pleraque
3945 5684 4010 5739 ad
4078 5695 4322 5738 veterum
4366 5687 4605 5756 princi-

2983 5799 3113 5851 pum
3148 5782 3506 5834 imitazionctn
3539 5780 3733 5833 iecisse
3767 5796 3779 5832 :
3826 5779 3959 5833 adeo
3994 5786 4050 5830 ut
4102 5778 4271 5831 etiam
4303 5780 4376 5831 ad
4408 5794 4601 5834 men-

2986 5892 3103 5929 sam
3145 5876 3195 5926 in
3234 5872 3638 5925 St‘lllltLII‘L‘tlltlttl
3684 5872 3975 5923 formatum
4007 5868 4193 5937 (quam
4249 5868 4441 5939 Signia
4466 5886 4600 5925 ve—

2988 5978 3129 6021 teres
3168 5966 3531 6029 vocnhaut)ct
3566 5964 3798 6017 editiore
3839 5964 3956 6014 loco
3994 5962 4225 6030 positam
4302 5963 4458 6015 solus
4490 5978 4617 6018 se-

2989 6061 3156 6113 deret.
3195 6055 3377 6119 Neque
3406 6056 3509 6109 alia
3531 6068 3697 6108 causa
3728 6052 3969 6115 linguam
4005 6050 4170 6103 etiam
4228 6047 4493 6104 Latinam
4533 6051 4613 6106 in
