4866 6594
237 455 318 513 565

1701 458 1946 521 ΝΟΤίΕ.

3334 442 3441 510 566

235 564 458 618 omnibus
492 563 724 633 publicis
748 564 960 620 actibus
988 570 1040 618 et
1072 564 1375 619 tabularum
1397 567 1765 619 monumentis
1797 579 1842 628 Α
1872 584 2066 638 quoque
2097 585 2158 622 ac
2183 567 2670 635 Galli,e:rtremique
2711 565 2982 617 mirantur
3023 561 3272 631 Hispani,
3326 577 3441 617 eos-

237 657 613 711 conscribendis
648 657 820 710 nostri
861 656 1108 712 Caesares
1168 673 1264 727 per
1314 658 1523 726 aliquot
1578 660 1777 713 sutcula

236 749 458 815 religiose
493 757 937 805 ccttservarunt:
972 750 1191 819 etleges
1225 751 1448 804 tandem
1499 751 1778 804 Romanas

235 838 572 896 alustiniano
619 841 957 911 compositas
998 843 1051 896 in
1103 843 1326 898 scholas
1366 852 1423 896 et
1485 843 1775 897 tribunalia

230 934 591 988 induxerunt:
630 949 727 987 ceu
785 944 1079 1004 utrumque
1134 936 1506 991 certissimum
1578 936 1780 989 veteris

234 1027 356 1079 illius
382 1025 743 1081 Romanitatis
766 1027 1003 1095 signum,
1026 1036 1079 1081 et
1103 1028 1302 1083 stantis
1348 1028 1527 1083 adhuc
1563 1029 1780 1098 imperii

233 1129 613 1184 argumentum.
650 1116 985 1187 Sigismundi
1021 1127 1168 1173 certe
1193 1128 1459 1188 tempore,
1507 1136 1616 1189 quo
1676 1121 1780 1172 ista

232 1208 477 1263 Laonicus
511 1210 757 1278 scripsit,
786 1206 1083 1264 Germania
1135 1213 1289 1264 miris
1322 1212 1498 1266 modis
1557 1212 1777 1267 exculta

232 1303 384 1355 nihilo
419 1302 587 1356 italiae
617 1303 863 1368 cedebat,
896 1304 1313 1373 συμφερόμενος
1338 1305 1421 1370 (ιιι
1445 1305 1560 1374 ipse
1594 1307 1775 1374 loqui-

232 1396 321 1459 tur)
352 1396 418 1447 τὰ
448 1394 582 1447 ἄλλα,
623 1395 941 1463 Ῥωμαίοις.
972 1396 1129 1449 Adtlo
1158 1407 1213 1451 et
1241 1397 1446 1452 Graecis
1506 1398 1662 1464 ipsis,
1696 1408 1778 1451 te-

229 1497 394 1542 stante
419 1487 531 1555 jam
591 1498 706 1541 tum
736 1468 967 1557 Agatliia
999 1507 1016 1545 :
1049 1490 1273 1559 Ἔχουσι
1303 1490 1360 1543 δὲ
1393 1492 1487 1543 καὶ
1512 1491 1784 1560 ἄρχοντας

228 1587 278 1632 ἐν
301 1584 417 1643 ταῖς
449 1583 642 1636 πόλεσι
671 1622 687 1647 ,
727 1586 821 1637 καὶ
854 1586 1044 1654 ἱερεῖς,
1076 1586 1170 1636 καὶ
1198 1590 1299 1645 τὰς
1345 1585 1538 1654 ἑορτὰς
1580 1585 1784 1651 ὁμοίως

232 1677 348 1742 ἡμῖν
379 1676 712 1732 ἐπιτελοῦσι.
752 1670 864 1732 Καὶ
894 1680 969 1741 ὠς
1022 1681 1081 1732 ὲν
1114 1678 1381 1748 βαρϐάρῳ
1410 1678 1557 1745 γένει
1588 1678 1784 1748 ἔμοιγε

226 1770 432 1826 δοκοῦσι
473 1773 680 1843 σφόδρα.
724 1768 865 1827 εἶναι
913 1774 1132 1841 κόσμιοί
1167 1790 1227 1825 τι
1282 1775 1375 1825 καὶ
1412 1773 1778 1825 acutorum.

1876 677 1972 729 que
1997 676 2222 729 persmpe
2250 662 2543 730 requirunt,
2596 667 2646 711 et
2693 672 2874 711 eorum
2925 671 3081 724 opera
3141 652 3445 723 longissime

1879 754 2177 807 mittuntur.
2235 752 2567 822 Extollitque
2600 750 2879 804 Albertum
2933 747 3222 812 Durerum,
3268 746 3446 817 picto—

1882 862 1994 899 rem
2039 847 2544 915 incomparabilem,
2583 845 2851 900 Joannem
2882 843 3265 899 Nettscbelium
3289 879 3306 906 ,
3361 850 3452 897 ιιις

1889 940 2077 993 bat-um
2114 939 2513 1007 exscttlptoretn
2542 939 2742 1009 pariter
2782 947 2835 991 et
2870 935 3195 1000 inﬂatorem,
3225 934 3447 989 Petrum

1883 1031 2224 1097 Fisrlterum,
2275 1031 2515 1087 lusorem
2571 1040 2623 1086 et
2706 1030 3009 1084 celatorem
3082 1028 3447 1091 metallorum,

1891 1121 2196 1175 Erbardnm
2234 1122 2489 1177 Ertslanb
2529 1132 2580 1176 et
2611 1121 2740 1177 Hele
2771 1122 3051 1191 horologia
3087 1120 3443 1185 fabricantes;

1890 1213 1983 1265 sed
2017 1213 2265 1266 omittere
2295 1229 2400 1269 non
2433 1229 2654 1283 possum
2688 1215 2991 1283 elegantem
3051 1212 3228 1267 locum
3288 1210 3453 1265 nobi-

1886 1305 2081 1359 lissitni
2141 1315 2308 1372 poctze
2369 1296 2533 1372 Galli,
2614 1304 2863 1360 Gulielmi
2926 1304 3170 1360 Sallustii
3222 1301 3453 1359 Bartasii

1887 1395 1980 1449 lib.
2019 1411 2068 1449 vt
2104 1395 2457 1450 Hebdomadis
2486 1412 2505 1449 :

2450 1564 2515 1571 —
2553 1532 2663 1596 Qua
2691 1533 2923 1602 diray-je
2956 1534 3017 1585 de
3043 1533 3217 1600 l‘aigle

1961 1603 2102 1658 Dant
2122 1621 2189 1657 un
2221 1604 2368 1657 docte
2386 1604 2624 1656 Alemant
2658 1606 2859 1657 honora
2888 1616 3061 1657 nostre
3082 1603 3234 1657 siet'le
3255 1603 3280 1655 2

1896 1686 1905 1693 ‘
1960 1674 2111 1745 Aigle
2140 1676 2228 1742 qui
2257 1675 2555 1742 daslogeant
2582 1675 2645 1745 de
2678 1674 2733 1728 la
2762 1676 3063 1728 maistresse
3093 1675 3239 1727 main

1962 1744 2085 1800 Alta
2120 1747 2227 1799 loin
2251 1762 2319 1798 au
2346 1746 2535 1799 devant
2564 1744 2687 1798 d‘un
2723 1762 2991 1815 empereur
3024 1746 3258 1812 germain
3281 1760 3300 1798 :

1963 1816 2033 1870 Et
2070 1816 2269 1886 l‘ayant
2301 1818 2573 1869 rencontré
2593 1816 2816 1868 soudain
2845 1816 2999 1869 d‘une
3018 1815 3151 1869 aisle
3181 1824 3389 1869 acrorte

227 1863 384 1918 Οὐδέν
428 1882 487 1918 τε
521 1866 666 1935 ἔχειν
697 1867 757 1919 τὸ
789 1865 1101 1919 διαλλάττον
1133 1866 1165 1932 ἢ
1208 1866 1368 1935 μόνον
1409 1864 1470 1919 τὸ
1509 1864 1783 1935 Βαρὸαρι-
1816 1909 1861 1969 Β
1958 1863 2149 1941 ξδ’

1444 1864 1783 1969 ἶξκιῑεπιρξξιιρι-
1816 1909 1861 1969 Β
2052 1863 2875 1969 tetigistiagtivs'piaraq
2890 1863 3366 1969 {terruissent

236 1958 322 2009 κὸν
346 1957 445 2027 τῆς
493 1960 707 2025 στολῆς,
770 1960 867 2011 καὶ
908 1960 970 2011 τὸ
1014 1959 1114 2028 τῆς
1146 1958 1329 2027 φωνῆς
1364 1958 1587 2022 ἰδιάζον.
1620 1961 1787 2025 Ἀγα-

230 2068 324 2116 μαι
356 2051 461 2120 γὰρ
486 2050 683 2114 αὐτοὺς
718 2051 797 2113 εἰς
831 2051 899 2103 τὰ
927 2039 1172 2119 ’μάλιστα
1206 2051 1405 2117 ἔγωγε,
1452 2050 1561 2103 τῶν
1600 2068 1657 2103 τε
1689 2051 1788 2105 ἆ),-

227 2141 328 2194 ὶων
360 2138 444 2196 ὤν’
465 2144 678 2213 ἔχουσιν
707 2145 952 2210 ἀγαθῶν,
994 2144 1089 2197 καὶ
1125 2143 1220 2212 τῆς
1276 2147 1333 2207 ἐς
1391 2143 1659 2213 ἀλλήλους
1708 2145 1790 2196 δι-

226 2236 514 2305 καιοσύνης
546 2253 607 2288 τε
650 2238 744 2288 καὶ
773 2239 1046 2304 ὁμονοίας.

290 2371 403 2425 Col.
432 2373 496 2426 77
522 2373 583 2427 D.
612 2374 980 2442 Μονομαχια.
1010 2372 1243 2429 Velleius
1267 2374 1583 2430 Patercnlus
1608 2375 1703 2428 lib.
1729 2391 1790 2437 tl.

225 2465 314 2517 ubi
344 2465 409 2516 de
438 2465 703 2528 Quintilio
750 2483 778 2519 a
809 2467 1097 2522 Germanis
1131 2484 1293 2533 caeso,
1350 2478 1533 2521 narrat
1578 2483 1673 2521 eos
1712 2468 1787 2520 si-

225 2560 422 2611 ntttlate
452 2560 628 2628 egisse
659 2560 881 2630 gratias.
916 2562 1052 2630 quod
1100 2561 1214 2615 lites
1276 2563 1501 2631 ipsorum
1554 2561 1792 2614 Romana

216 2652 431 2716 justitia
454 2655 652 2719 ﬁniret,
691 2654 978 2723 feritasque
1001 2671 1099 2707 sua
1123 2655 1353 2707 nouitate
1399 2655 1674 2722 incognita:
1704 2655 1792 2707 di-

219 2744 454 2809 sciplina:
524 2746 837 2808 mitesceret,
877 2757 927 2799 et
986 2748 1147 2801 solita
1180 2747 1343 2799 armis
1402 2746 1630 2799 discerni
1682 2746 1791 2814 (in-

219 2838 494 2907 quit)jure
525 2844 961 2895 terminarentur.
1035 2839 1277 2910 Idipsum
1340 2850 1565 2910 apparet
1604 2840 1655 2914 in
1698 2856 1792 2894 ve-

220 2932 321 2983 teri
379 2933 493 2997 lege
535 2935 947 2997 Alemanorunt,
1011 2935 1094 2988 tit.
1135 2935 1223 2991 44.
1285 2933 1365 3004 ςι
1411 2952 1427 2990 :
1472 2934 1656 2988 Liceat
1713 2935 1792 2987 illi

217 3026 313 3079 alii
354 3028 438 3077 cui
471 3028 666 3079 crimen
726 3028 996 3091 imposuit,
1045 3045 1161 3080 cum
1211 3028 1379 3096 spada
1429 3044 1483 3080 se
1546 3028 1793 3080 idoneure

214 3126 405 3171 contra
434 3117 583 3169 illum
624 3118 813 3169 alium.
848 3118 909 3172 Et
945 3121 1025 3172 lit.
1062 3118 1148 3181 56,
1186 3117 1213 3190 §
1256 3119 1280 3173 1
1316 3134 1330 3170 :
1372 3116 1636 3188 Sequatur
1673 3134 1791 3170 eum

216 3219 556 3263 sacramento
581 3226 696 3263 cum
722 3211 1009 3265 nominatis
1041 3230 1120 3273 v.,
1161 3222 1253 3264 aut
1284 3229 1400 3267 cum
1446 3213 1612 3281 spada
1648 3223 1793 3267 trata

214 3318 397 3369 pugna
428 3301 693 3355 duorum:
716 3302 764 3355 si
788 3312 955 3371 potest
1002 3304 1273 3372 acquirere
1330 3314 1421 3358 aut
1463 3320 1554 3371 per
1608 3321 1794 3357 sacra-

214 3402 454 3446 mentum
484 3402 576 3445 aut
599 3409 691 3461 per
722 3410 971 3462 pugnam.
1020 3394 1114 3448 illa
1147 3396 1371 3459 pecunia
1419 3405 1535 3463 post
1572 3408 1790 3447 mortem

214 3486 458 3538 mulieris
488 3496 628 3537 retro
661 3501 927 3554 nunquam
959 3495 1271 3542 revertatur.
1316 3486 1622 3541 Prmscrtim
1658 3504 1789 3542 vero

212 3578 305 3631 tit.
344 3576 435 3638 84,
471 3575 699 3642 Quando
731 3578 910 3645 parati
955 3588 1078 3631 sunt
1130 3579 1195 3631 ad
1229 3595 1479 3649 pugnam,
1538 3588 1658 3633 tunc
1703 3596 1794 3645 po-

211 3678 351 3721 nunt
382 3670 550 3737 ipsam
579 3682 777 3725 terram
798 3671 853 3722 in
892 3672 1084 3734 medio,
1108 3680 1156 3724 et
1187 3680 1406 3737 tangant
1447 3670 1618 3733 ipsum
1672 3685 1792 3722 cum

206 3762 420 3829 spat/tis
448 3763 576 3823 suis,
614 3779 732 3815 cum
762 3761 948 3829 quibus
981 3779 1214 3831 pugnare
1265 3762 1450 3815 debent
1482 3779 1500 3816 :
1550 3772 1596 3813 rt
1655 3761 1797 3814 testi-

204 3856 444 3920 ﬁcentur
466 3852 633 3905 Deum
670 3864 979 3914 creatorem,
1015 3864 1067 3905 ut
1104 3854 1256 3923 cujus
1286 3854 1351 3908 sit
1367 3854 1598 3921 jnstitia,
1632 3853 1794 3919 ipsius

206 3946 285 3998 sit
314 3955 364 3997 et
396 3960 569 4015 pugna
590 3956 636 3996 et
664 3946 905 3999 victoria.
952 3946 1133 3998 Donec
1190 3946 1292 3998 hoc
1345 3944 1687 4013 probationis
1741 3951 1794 3996 et

203 4038 564 4108 purgationis
585 4053 758 4109 genus
792 4053 888 4106 per
927 4038 1191 4101 duellum,
1260 4048 1367 4090 tam
1430 4038 1686 4103 frequens
1738 4037 1793 4088 in

203 4132 677 4198 Longobardicis,
713 4131 1013 4195 Francicis,
1054 4130 1344 4185 Saxonicis
1403 4130 1636 4199 legibus,
1701 4144 1795 4196 per

202 4238 462 4278 canones
497 4223 772 4276 sublatum
809 4223 952 4287 fuit;
1000 4223 1072 4276 ita
1111 4232 1165 4277 et
1217 4239 1313 4291 per
1374 4221 1796 4276 constitutiones

204 4319 531 4388 principum
569 4318 729 4371 ludus
765 4317 1141 4387 gladiatorius.
1196 4317 1351 4384 Quod
1403 4332 1526 4371 cum
1588 4315 1792 4368 dudum

200 4423 348 4465 ante
378 4410 600 4464 Laonici
634 4410 807 4463 nostri
842 4425 1016 4464 aevum
1053 4408 1255 4464 factum
1308 4408 1494 4473 fuerit,
1539 4408 1795 4462 existimo

198 4519 349 4556 eum
388 4503 491 4555 boc
514 4502 634 4556 loco
676 4500 859 4566 potius
917 4501 985 4556 de
1014 4504 1412 4557 exercitatione
1472 4501 1565 4554 illa
1626 4499 1798 4569 loqui,

198 4610 331 4664 quo
371 4593 646 4647 Germana
678 4594 847 4662 pubes
900 4594 1113 4649 festivis
1142 4594 1362 4658 diebus,
1390 4610 1484 4665 per
1524 4592 1676 4645 varia
1706 4606 1797 4644 ar—

204 4698 461 4741 maturae
490 4701 710 4757 genera,
745 4687 953 4748 hastas,
993 4702 1158 4756 gaesa,
1188 4702 1347 4741 enses
1401 4696 1647 4746 retusos,
1698 4699 1801 4751 pu»

206 4780 523 4851 giunculus
557 4779 787 4848 ligneos,
844 4780 1066 4848 publico
1119 4780 1430 4847 spectaculo
1494 4776 1800 4832 inserviens

207 4887 437 4941 (neque
469 4889 533 4927 eo
562 4888 778 4944 semper
810 4873 1056 4942 innoxio)
1110 4874 1371 4931 decertat.
1426 4872 1480 4930 In
1511 4887 1616 4941 qua
1648 4880 1804 4923 vetus

204 4966 363 5024 illud
400 4965 793 5033 propemodum
839 4979 1202 5034 recognoscas
1243 4964 1419 5020 Taciti
1472 4965 1527 5020 in
1581 4960 1805 5016 Germa-

196 5076 307 5113 nic
348 5074 371 5111 :
401 5056 731 5110 Exercitatio
780 5066 945 5118 artem
994 5068 1169 5127 parat,
1208 5075 1295 5113 ars
1357 5060 1615 5110 decorem.
1682 5050 1806 5105 Non

1970 1960 2053 2010 Du
2086 1958 2190 2026 fort
2225 1957 2695 2024 Norembergeois:
2730 1974 2825 2026 que
2862 1958 2931 2010 les
2963 1958 3143 2023 piliers
3174 1958 3349 2022 dares,

1964 2030 2059 2082 Les
2088 2030 2308 2093 tupissés
2344 2029 2596 2091 clremins,
2642 2028 2713 2080 les
2736 2043 2851 2079 ιιι-εδ
2886 2028 3179 2091 elabourés,

1963 2100 2059 2152 Les
2090 2100 2419 2169 foudroyans
2452 2114 2671 2158 eanons,
2703 2100 2757 2151 ni
2791 2098 3111 2164 laqieunesse
3139 2098 3321 2154 isnelle

1964 2169 2117 2223 Nile
2143 2168 2305 2223 clrenu
2337 2171 2487 2222 sénat
2528 2169 2891 2223 n’ltonoraient
2941 2178 3055 2223 tant
3094 2185 3293 2223 comme
3340 2168 3457 2223 elle.

1961 2306 2133 2377 Cujus
2172 2306 2419 2361 miraculi
2468 2305 2662 2362 Petrus
2692 2308 2856 2362 etiam
2896 2306 3110 2362 Ramus
3162 2306 3215 2361 itt
3270 2308 3462 2376 praefa-

1896 2405 2042 2459 tione
2089 2403 2210 2458 libri
2248 2419 2286 2458 ll
2346 2405 2713 2458 Mathematic.
2752 2402 3022 2471 meminit,
3070 2404 3233 2474 idque
3265 2403 3462 2460 Joanni

1893 2498 1959 2553 de
1991 2496 2171 2552 Monte
2205 2496 2375 2569 Regio
2408 2498 2680 2551 attribuit.

1962 2589 2079 2645 Col.
2114 2590 2179 2644 ’Π
2207 2590 2269 2643 D.
2299 2587 2601 2657 Πολεμικὰ
2626 2588 2787 2658 ἔργα.
2822 2587 2961 2655 Quid
2998 2587 3227 2643 Romani
3265 2588 3465 2642 arietes

1894 2680 2271 2749 machinaeque
2296 2694 2489 2735 omnes
2520 2681 2905 2750 poliorceticae,
2934 2690 3026 2737 aut
3056 2681 3218 2733 etiam
3250 2679 3463 2733 Graeco-

1894 2788 2013 2826 rum
2038 2773 2125 2828 ille
2158 2774 2298 2842 ignis
2336 2775 2583 2829 marinus
2611 2775 2725 2843 (qui
2768 2774 3107 2829 Chelandrite
3164 2774 3302 2843 apud
3363 2772 3464 2827 Zo-

1896 2880 2084 2918 naratn
2113 2874 2167 2918 et
2193 2865 2438 2920 Nicetam
2466 2871 2739 2935 vocatur),
2769 2866 2833 2919 ad
2865 2864 3259 2920 Germanorum
3287 2862 3466 2917 fulmi-

1898 2972 1997 3011 nea
2038 2966 2305 3011 tormenta
2338 2958 2425 3011 illa
2454 2958 2604 3029 pyrio
2637 2958 2860 3027 pulvere
2895 2956 3159 3026 displosa,
3188 2970 3467 3009 murorum

1899 3051 2243 3118 turriumque
2325 3061 2533 3119 pestem
2616 3049 3030 3104 certissimam?
3109 3048 3183 3103 De
3268 3049 3467 3118 quibus

1900 3142 2101 3197 [Encas
2161 3142 2377 3214 Sylvius
2422 3145 2476 3197 in
2529 3143 2837 3207 Germania,
2886 3158 3005 3212 cap.
3057 3142 3164 3196 67:
3238 3141 3467 3195 Rideant

1822 3255 1868 3317 ρ
1902 3253 2101 3290 necesse
2127 3248 2203 3290 est
2238 3238 2467 3307 reliquas
2519 3254 2788 3290 armorum
2819 3237 3050 3306 o/ﬁcinas
3072 3277 3085 3297 ,
3119 3236 3207 3305 qui
3258 3232 3468 3303 publica

1901 3327 2308 3383 Teutonicorum
2344 3331 2765 3383 armamentaria
2796 3330 3007 3383 viderit.
3071 3326 3162 3381 Tot
3194 3327 3264 3381 ibi
3304 3326 3468 3395 maje-

1905 3437 1985 3475 res
2013 3421 2242 3481 balistte.
2270 3431 2345 3475 tot
2378 3423 2693 3491 catapultis,
2730 3431 2805 3473 tot
2848 3422 3061 3482 arietes,
3123 3428 3199 3472 tot
3245 3418 3469 3471 insolita:

1902 3520 2285 3590 magnitudinis
2320 3536 2466 3573 tensa
2515 3527 2774 3573 tormenta
2810 3517 3075 3579 visuntur,
3120 3530 3237 3585 qua:
3289 3520 3469 3569 vocant

1904 3611 2232 3664 Bombardas
2258 3628 2517 3681 :quorum
2551 3620 2600 3665 et
2623 3611 2723 3678 ipsi
2749 3607 3006 3662 Teutones
3042 3618 3328 3674 repertores
3378 3604 3469 3654 Ita-

1904 3706 2105 3758 bentur.
2138 3703 2407 3759 Huttenus
2445 3705 2499 3758 in
2535 3704 2766 3773 eleganti
2800 3701 2994 3772 ltlyllio
3028 3700 3101 3754 De
3155 3713 3259 3752 non
3315 3697 3469 3764 dege-

1904 3800 2020 3853 neri
2051 3798 2344 3852 Germania
2373 3814 2388 3852 :

1984 3932 2122 3985 Nam
2146 3951 2261 4001 qua:
2286 3934 2511 3987 sidereas
2542 3933 2735 3987 vocalis
2772 3934 3014 3986 machina
3042 3941 3213 3985 turres

1977 4004 2188 4067 Dejicit.
2211 4022 2274 4057 ac
2298 4005 2499 4057 solidas
2533 4005 2765 4073 impulsu
2793 4005 3020 4057 concutit
3040 4019 3187 4054 arces

1976 4076 2269 4143 Moeniaque
2298 4092 2359 4127 ac
2400 4076 2597 4143 spissos
2633 4084 2841 4144 aggesto
2871 4074 3096 4142 pondere
3126 4090 3303 4125 muros

1978 4145 2172 4212 Αἳιμισι
2205 4146 2348 4213 agris
2372 4182 2385 4202 .
2408 4148 2695 4213 sternitque
2723 4147 2925 4209 domos,
2954 4155 2999 4199 et
3031 4144 3255 4197 destruit
3285 4147 3469 4209 urbes;

1980 4215 2183 4267 Prodiit
2221 4232 2252 4267 a
2285 4215 2451 4269 nobis.

1988 4352 2110 4405 llaec
2150 4352 2382 4422 eleganti
2433 4368 2567 4407 voce
2600 4351 2925 4419 τηλεϐόλους
2973 4362 3025 4405 et
3058 4352 3475 4420 τηλεὸολισκους

1912 4444 2179 4504 natninat.
2218 4460 2323 4513 qua
2390 4446 2553 4497 etiam
2590 4442 2843 4498 Lasraris
2907 4443 3119 4497 utitur:
3175 4458 3477 4513 eorumque

1915 4535 2283 4589 inventionem
2316 4536 2604 4589 Germanis
2646 4536 2841 4588 tribuit
2880 4533 3190 4598 Laonicus,
3229 4535 3371 4603 quod
3424 4547 3478 4589 et

1832 4671 1876 4726 Β
1908 4627 2154 4695 pluribus
2178 4629 2374 4696 repetit
2408 4628 2502 4680 lib.
2542 4644 2595 4689 ν,
2640 4626 2713 4680 fol
2749 4627 2875 4680 579.
2904 4626 3067 4680 Plura
3123 4626 3192 4679 de
3223 4624 3475 4679 bombar-

1908 4720 2264 4790 disPolydor.
2295 4719 2566 4787 Vergilius
2611 4719 2707 4774 lib.
2738 4735 2800 4785 tt,
2848 4734 2969 4787 cap.
3014 4718 3101 4782 Η,
3161 4726 3217 4773 et
3263 4718 3354 4773 lib.
3395 4734 3474 4782 ιιι,

1906 4811 2077 4877 ο.18;
2115 4812 2339 4866 Gubert.
2378 4812 2645 4865 Costanus
2696 4811 2750 4865 in
2809 4808 3151 4881 Polyltistore
3201 4825 3323 4880 cap.
3374 4810 3474 4873 95;

1907 4903 2300 4973 Wimplteling,
2369 4903 2422 4955 in
2472 4899 2713 4969 Epitome
2778 4902 3065 4974 Gerntan.,_
3095 4916 3216 4973 cap.
3275 4901 3366 4965 64,
3426 4910 3479 4954 et

1906 4996 2169 5049 Mttnster.
2198 4994 2577 5063 Cosmograplt.
2608 4995 2700 5048 lib.
2736 5010 2814 5048 ltl.

1986 5092 2125 5146 libid.
2176 5093 2273 5155 Ἐς
2322 5088 2523 5153 πάσας
2576 5086 2683 5154 τὰς
2733 5089 2949 5156 τέχνας
3002 5086 3322 5156 εὐδοκιμεῖ.
3357 5086 3479 5139 Alio

1910 5196 2114 5241 mutata
2171 5202 2198 5238 a
2251 5184 2421 5237 veteri
2480 5183 2570 5236 illa
2631 5183 2863 5253 rudique
2916 5182 3267 5237 Germania:
3324 5180 3479 5234 facile

1910 5294 1968 5335 ut
2002 5288 2258 5347 appareat
2290 5278 2455 5347 (quod
2501 5275 2712 5329 Tullius
2758 5291 2810 5328 tv
2866 5273 3081 5328 Tuscul.
3122 5274 3189 5328 de
3215 5274 3327 5329 suis
3381 5274 3480 5327 ho-

1912 5373 2147 5424 tninibtts
2173 5370 2271 5437 ait)
2309 5380 2525 5421 nostros
2562 5366 2744 5420 omnia
2781 5365 3043 5434 consequi
3078 5364 3340 5432 potuisse,
3400 5364 3478 5415 si-

1913 5463 2022 5515 tnnl
2058 5473 2115 5513 ιιι
2144 5462 2281 5513 velle
2318 5458 2636 5527 erupissent.
2696 5455 2770 5510 De
2825 5456 3067 5510 omnium
3115 5453 3479 5509 solertissitno

1912 5554 2283 5606 ctutilissimo
2315 5552 2536 5604 invento
2582 5548 2955 5619 typOgrapltize
3011 5547 3282 5602 Laonicus
3332 5562 3483 5598 men-

1917 5649 2118 5700 tionem
2154 5644 2334 5697 l'acere
2360 5659 2469 5696 non
2499 5643 2698 5711 potuit,
2732 5641 2881 5710 quod
2934 5650 3056 5711 post
3082 5640 3201 5709 ejus
3259 5639 3478 5692 demum

1917 5750 2129 5794 aetatem
2160 5737 2261 5790 sub
2312 5734 2575 5789 Friderici
2616 5732 2681 5787 Ill
2714 5734 2943 5801 imperio
2995 5741 3182 5786 natum
3236 5741 3362 5792 est,
3425 5739 3484 5783 ut

1918 5832 2194 5886 adnotavit
2236 5828 2697 5897 Wimpltcling.in
2736 5825 2877 5894 Epit.
2935 5825 3188 5880 German.
3222 5840 3338 5893 cap.
3392 5824 3480 5885 65,

1920 5940 1967 5983 et
1999 5926 2251 5991 l‘olydor.
2278 5924 2366 5978 lib.
2399 5940 2457 5989 tt,
2483 5938 2531 5977 (ν.
2565 5924 2614 5977 7,
2643 5919 2898 5977 Hadrian.
2928 5918 3122 5973 Junius
3156 5920 3208 5971 in
3236 5915 3482 5970 Batuvia.

196 5154 265 5202 s’n
305 5162 577 5217 quastum
608 5164 785 5202 tamen
807 5162 853 5205 et
900 5151 1225 5204 mercedem:
1276 5150 1514 5219 quamvis
1582 5146 1803 5200 audacis

192 5242 462 5294 lasciuia?
501 5243 724 5309 pretium
751 5252 828 5296 est
865 5244 1101 5310 voluptas
1124 5245 1496 5311 spectantium.

284 5377 444 5432 Ibid.
486 5375 848 5438 Δεξιὼτατον
899 5376 966 5442 ἐς
1014 5394 1080 5429 τε
1123 5381 1425 5446 μηχανάς.
1489 5380 1543 5434 In
1597 5382 1805 5436 machi-

178 5472 305 5527 nis
372 5470 718 5537 omnigenis,
777 5471 1104 5529 automatis.
1160 5471 1454 5540 grapliide,
1505 5473 1805 5539 cmlatura,

178 5563 458 5629 ingenio
491 5573 545 5615 et
581 5561 845 5615 felicitate
908 5560 1201 5616 Germania
1254 5572 1481 5617 ca3teras
1554 5567 1808 5620 nationes

172 5652 518 5727 praesecuit,
543 5663 597 5706 et
626 5654 680 5705 in
702 5667 766 5706 ea
817 5662 1042 5706 ceteras
1074 5652 1236 5706 urbes
1270 5652 1592 5721 Noriberga,
1651 5654 1811 5708 indu-

164 5765 221 5804 ς
241 5748 439 5800 trioso
470 5744 667 5813 populo
693 5744 819 5798 faeta
848 5744 1110 5815 (utsupra
1156 5760 1221 5799 ex
1257 5744 1427 5799 Enen
1455 5745 1636 5816 Sylvio
1676 5747 1809 5799 rcla-

150 5839 370 5901 cum)
435 5847 488 5889 ct
542 5837 881 5905 ingeniorum
950 5852 1172 5906 parcns.
1237 5839 1508 5904 Artiﬁcum
1541 5840 1593 5890 in
1625 5855 1682 5891 eo
1732 5839 1813 5889 in-

186 5933 417 6002 genia,
474 5931 549 5983 ait
609 5931 909 5996 Cocltlazus,
977 5930 1164 5983 nedum
1215 5932 1481 5994 Germani,
1551 5932 1637 5984 sed
1691 5931 1813 5985 Itali
