4866 6594
1320 493 1428 557 587

2546 489 3395 567 MARQUAnDtFneuanI

4459 489 4555 550 568

1399 604 1514 659 Col.
1547 606 1615 660 80
1643 607 1707 660 Α.
1743 610 1910 674 Φέρει
1944 607 1993 660 τ’
2019 608 2179 660 ἀλλὰ
2206 605 2422 657 πάντα.
2459 602 2631 657 Etiam
2666 602 2884 658 metalla
2916 619 2954 673 Α
2989 602 3079 655 ubi
3135 603 3321 655 Caralu

2666 602 2884 658 metalla
2916 619 2954 673 Α
2989 602 3079 655 ubi
3135 603 3362 657 Carolus
3406 599 3685 657 Martellus
3758 603 4003 658 Francus
4075 601 4256 670 palatii
4305 601 4558 671 magister

1333 710 1495 749 omne
1519 712 1712 765 genus,
1740 699 1883 765 quod
1939 699 2068 751 olim
2121 697 2341 752 Tacitus
2395 698 2629 761 negarit.
2687 694 2791 750 Sed
2822 695 2890 747 de
2989 703 3147 748 erat:
3199 695 3353 759 cujus
3404 703 3589 761 rogatu
3634 696 3997 764 Luitprandus
4057 694 4391 749 obsidionem
4450 692 4559 745 solo

1336 783 1421 838 his
1448 785 1593 840 alibi.
1641 785 1776 841 Illud
1834 789 1902 841 de
1954 788 2267 842 volucribus
2338 787 2621 840 noctilucis
2694 787 2889 837 mirum

1340 877 1600 947 Dionysio
1626 888 1677 932 et
1710 877 1860 934 Solio
1879 879 2226 944 adnotatum,
2253 878 2363 932 risu
2394 879 2613 948 dignum
2645 886 2749 931 est.

1409 1029 1560 1093 Quod
1592 1032 1760 1097 pascit
1791 1032 2022 1084 volucres
2053 1029 2290 1099 (mirum)
2324 1029 2643 1099 fulgentibus
2690 1029 2787 1081 alis

1476 1100 1635 1164 Queis
1653 1102 1872 1155 ducibus
1911 1110 2067 1155 noctu
2104 1110 2391 1154 cernuntur
2420 1101 2560 1168 ﬂexa
2592 1099 2820 1151 viarum.

1409 1229 1542 1282 IIIId.
1591 1231 1720 1284 Ἐπὶ
1781 1234 2046 1301 Βοέμους
2096 1232 2237 1298 τοὺς
2274 1234 2550 1302 Κεχίους.
2598 1233 2749 1301 Quod
2789 1232 2897 1289 Un-

1340 1322 1543 1388 gariam
1596 1326 1992 1377 conterminam
2045 1324 2176 1380 facit
2234 1324 2552 1385 Bohemiat.
2610 1327 2733 1380 inde
2782 1340 2898 1392 est,

1341 1414 1483 1480 quml
1520 1414 1620 1469 Sltb
1651 1415 1904 1470 Bohemis
1949 1416 2199 1473 Moravos
2248 1418 2412 1471 etiam
2470 1419 2897 1487 comprehendit,

1344 1508 1438 1574 qui
1475 1508 1673 1561 subditi
1717 1525 1883 1577 regno
1922 1510 2195 1564 Bohcmiae
2258 1509 2549 1580 Ungariam
2603 1514 2895 1581 attingunt.

1349 1599 1502 1663 Quod
1537 1616 1663 1653 vero
1696 1600 1769 1654 ait
1804 1601 2069 1655 Bohemus
2099 1601 2204 1655 dici
2256 1600 2489 1666 Ccchos,
2537 1603 2605 1656 ab
2661 1602 2902 1671 ipsorum

1345 1702 1394 1742 et
1431 1689 1759 1745 Polonoi-um
1800 1692 1977 1761 lingua
2033 1704 2139 1754 est.
2172 1693 2372 1763 quibus
2423 1694 2691 1749 Bohemus
2741 1695 2904 1750 Caeclt

1350 1791 1410 1834 ut
1468 1779 1738 1852 Ungarica
1796 1784 1916 1836 czé/t
1985 1784 2326 1853 appellatur;
2390 1783 2476 1838 (ΞΖ
2534 1786 2609 1838 ita
2666 1801 2905 1856 pronun—

1352 1872 1505 1938 tiato,
1538 1874 1813 1940 quomodo
1847 1875 1975 1930 Tsch
2029 1877 2082 1929 in
2120 1875 2410 1930 Tscltudus.
2453 1878 2607 1943 Quod
2642 1893 2834 1931 nomen
2875 1895 2903 1931 a
2962 1916 2967 1919 -

2992 785 3088 839 vit.
3144 785 3427 854 Pippinus,
3482 786 3710 841 Mat-telli
3768 789 3929 853 lilius,
3976 786 4284 841 Childerico
4336 786 4558 838 domino

2993 892 3091 931 suo
3120 878 3313 944 ignavo
3344 878 3926 941 monasterioincluso,
3950 893 4092 931 anno
4140 876 4261 941 755,
4317 886 4475 928 curat
4505 890 4560 927 se

2993 963 3187 1032 eligiet
3213 965 3278 1018 ad
3307 964 3623 1020 Zachariam
3688 967 3821 1020 dicti
3886 964 4132 1034 Gregorii
4177 978 4556 1019 successorem

2997 1054 3193 1107 mittit:
3222 1056 3314 1123 qui
3345 1056 3549 1123 accepti
3598 1054 3844 1109 beneﬁcii
3886 1069 4095 1108 memor
4129 1070 4250 1107 mox
4289 1055 4482 1107 animit
4511 1066 4563 1105 et

2997 1160 3183 1199 omnes
3204 1145 3513 1199 Childerico
3547 1145 3650 1199 llde
3676 1145 3967 1200 obstrictos
3996 1145 4249 1199 absolvit.
4285 1144 4349 1198 C.
4381 1145 4560 1206 Alius,

2998 1238 3086 1293 15.
3116 1253 3172 1305 q.
3198 1237 3249 1292 6.
3279 1236 3480 1293 Dehinc
3499 1237 3728 1293 Carolus
3782 1236 4029 1307 Magnus,
4058 1236 4265 1304 Pippini
4293 1235 4457 1295 Illius.
4482 1250 4564 1286 ro-

3000 1337 3155 1397 gatus
3171 1329 3241 1381 ah
3265 1328 3539 1383 Iladriano
3561 1331 3632 1399 (ο.
3657 1328 3906 1383 Hortatu.
3925 1327 4015 1382 ‘23.
4041 1344 4097 1397 «ι.
4122 1327 4198 1398 8).
4226 1326 4561 1379 Desiderium

3002 1420 3481 1489 Langobardorum
3540 1435 3719 1491 regem
3772 1421 3969 1488 insigni
4038 1420 4181 1475 bello
4240 1420 4438 1472 devicit
4486 1434 4565 1471 re.

3003 1527 3274 1580 gnumquo
3334 1513 3463 1566 illud
3494 1512 3698 1566 delevit
3721 1527 3866 1565 anno
3892 1512 4015 1565 776.
4051 1508 4253 1563 Deinde
4272 1519 4392 1579 post
4422 1523 4568 1561 com-

3003 1605 3185 1673 plures
3222 1620 3392 1659 annos
3423 1605 3702 1659 invocatus
3736 1619 3764 1657 a
3800 1602 3976 1659 Leone
4006 1603 4092 1666 III,
4131 1618 4253 1657 eum
4292 1601 4345 1655 in
4386 1601 4567 1654 sedem

3003 1698 3241 1751 restituit
3275 1714 3289 1749 :
3333 1714 3360 1749 a
3393 1712 3502 1765 quo
3534 1696 3770 1751 vicissim
3801 1695 4094 1765 imperator
4124 1695 4431 1749 declaratus
4464 1703 4568 1753 est,

3005 1799 3058 1842 et
3077 1797 3367 1842 coronatus
3395 1789 3577 1842 Rouiaa
3601 1790 3690 1841 die
3722 1786 3924 1841 Natalis
3956 1787 4165 1841 Domini
4194 1802 4337 1841 anno
4371 1784 4497 1838 80l.

3073 1882 3191 1937 Col.
3213 1882 3279 1936 80
3306 1880 3366 1935 D.
3394 1881 3829 1945 Μετενήνεκται
3846 1883 3878 1933 d
3907 1878 4128 1948 ψῆφος.
4152 1879 4197 1931 Α
4220 1877 4428 1933 Latinis
4463 1893 4562 1931 au-

1348 1966 1562 2022 (Σιρίτὴο
1582 1982 1705 2037 rege
1726 1968 1901 2038 primo
1925 1971 2102 2040 gentis
2151 1970 2436 2027 conditore
2467 1970 2691 2026 duxisse
2723 1970 2905 2025 ferun-
2936 1978 2981 2037 Β
3010 1974 3209 2028 ditioue
3234 1973 3438 2040 accepit
3461 1972 3726 2027 Laonicus
3750 1971 3817 2025 de
3864 1971 4219 2028 translatione
4277 1969 4490 2039 imperii
4519 1980 4571 2022 et

1350 2068 1460 2110 tur.
1490 2059 1773 2122 Quomodo
1803 2070 1856 2116 et
1891 2079 1919 2117 a
1947 2062 2125 2119 Lecho
2155 2064 2335 2134 primo
2385 2064 2523 2118 duce
2573 2073 2909 2132 auctorequc

1350 2167 1470 2215 suo,
1498 2150 1683 2208 Poloni
1724 2170 1753 2208 a
1783 2155 2045 2212 Ruthenis
2091 2158 2411 2228 czcterisque
2440 2158 2616 2214 Slavis
2657 2156 2835 2212 Lcchii
2860 2167 2909 2212 et

1357 2244 1579 2297 Lechin
1600 2246 1962 2314 appellantur,
2013 2258 2073 2302 ut
2099 2250 2405 2305 Alexander
2433 2250 2752 2319 Guaguiuus
2809 2250 2910 2304 ad-

1354 2337 1583 2391 notavit.
1603 2334 1716 2392 Hoc
1746 2339 1865 2395 loco
1888 2343 2170 2411 praeterire
2202 2358 2309 2399 non
2338 2359 2558 2413 possum
2615 2343 2910 2408 Nemitzos,

1355 2443 1494 2495 quos
1537 2430 1797 2487 Celticam
1848 2434 2122 2489 nationem
2172 2451 2294 2491 esse
2339 2446 2394 2491 et
2443 2438 2912 2503 Constantinopoli

1359 2526 1627 2581 militasse
1676 2526 1923 2585 Zonaras
1978 2539 2032 2584 et
2078 2531 2272 2602 Glycas
2320 2533 2606 2588 scribunt:
2640 2529 2816 2586 Ἦσαν
2859 2533 2916 2585 δὲ

1358 2617 1505 2683 παρὰ
1536 2635 1653 2670 τινα
1678 2619 1887 2689 πύργον
1914 2621 2051 2690 πρὸς
2095 2625 2162 2693 τῇ
2201 2622 2342 2694 πύλῃ
2368 2624 2465 2689 τῆς
2504 2624 2707 2685 πόλεως
2737 2624 2772 2693 ἢ
2806 2625 2915 2675 Κα-

1364 2708 1510 2774 ροίου
1540 2708 1783 2763 καλεῖται
1804 2710 2163 2777 φυλάσσοντες
2188 2712 2455 2781 Νἰμετζοι
2480 2713 2648 2783 (ἔθνος
2676 2713 2720 2766 δ’
2741 2715 2789 2767 ot
2816 2714 2918 2766 Νέ-

1364 2804 1548 2868 μετξοι
1580 2805 1860 2875 Κελτικὸν)
1885 2823 1902 2840 ο
1934 2808 2081 2862 οὗτοι
2120 2809 2294 2879 λάθρα
2322 2814 2434 2873 τοῖς
2460 2811 2585 2879 περὶ
2613 2812 2739 2873 τοὺς
2768 2813 2919 2877 Κομ-

1363 2894 1554 2959 νηνοὺς
1586 2895 2066 2965 ὲκοινολοτήσαντο
2086 2900 2215 2970 περὶ
2244 2900 2531 2969 προδοσίας
2558 2901 2654 2967 τῆς
2688 2900 2915 2960 πόλεως.

1366 2979 1434 3033 Ει
1451 2982 1654 3047 statim,
1683 3001 1754 3035 πα
1768 2984 1835 3052 ρὰ
1855 2984 1963 3036 τῶν
1988 2986 2449 3057 Νεμίςωνςειρυθ
2471 2990 2662 3043 iterum
2691 2990 2791 3043 ὑπὸ
2813 2989 2920 3041 τῶν

1366 3072 1639 3142 Νεμίξων.
1680 3075 1895 3130 Gentem
1919 3077 2174 3133 Gallicam
2225 3081 2491 3148 interpres
2532 3083 2709 3141 vertit.
2740 3092 2787 3133 et
2842 3090 2924 3137 ta-

1368 3183 1489 3221 men
1522 3169 1573 3222 in
1608 3170 1785 3225 indice
1816 3172 2113 3229 Germanos
2142 3177 2507 3231 suhodoratus
2544 3186 2648 3240 est,
2682 3178 2922 3245 adeoque

1367 3256 1618 3314 Nemetes
1646 3260 1820 3316 Rheni
1852 3267 2089 3320 accolas.
2124 3266 2485 3321 Leunclavius
2506 3278 2684 3322 autem
2737 3278 2921 3323 noster

1367 3352 1420 3405 in
1464 3350 1629 3421 Glyca
1654 3353 1719 3407 ad
1750 3369 1900 3409 oram
1929 3358 2231 3422 adnotavit,
2290 3360 2560 3414 Teutones
2606 3360 2918 3413 Sclavorum

1371 3444 1555 3511 lingua
1599 3445 1869 3502 Nentitzos
1893 3452 2092 3503 vocari.
2121 3450 2184 3504 Et
2208 3449 2443 3506 Orlelius
2468 3468 2683 3522 quoque
2710 3453 2765 3505 in
2796 3452 2925 3505 Tlte-

1371 3553 1530 3589 sauro
1570 3553 1668 3607 pro
1695 3538 2016 3606 Niemecltes,
2069 3542 2119 3597 id
2169 3554 2276 3608 est,
2324 3544 2625 3599 Germanos
2652 3544 2927 3599 habendos

1371 3636 1578 3684 certaet.

1446 3743 1579 3800 Ibid.
1612 3746 1675 3803 Β.
1718 3748 2124 3817 Συμςοέρονται
2166 3750 2237 3803 δὲ
2270 3749 2611 3817 Γερμανοῖς.
2658 3751 2768 3807 Hoc
2800 3767 2933 3821 quo-

1375 3853 1481 3905 que
1508 3838 1610 3892 llde
1642 3839 1858 3894 Laonici
1883 3842 1973 3905 sit,
2014 3840 2259 3910 ngaros
2281 3859 2402 3897 cum
2420 3842 2708 3899 Germanis
2743 3844 2931 3898 iisdem

1378 3929 1545 3982 armis
1572 3940 1625 3982 et
1654 3929 1897 3984 moribus
1930 3932 2028 3984 uti.

1454 4042 1590 4095 Ibid.
1621 4042 1685 4097 C.
1728 4042 1866 4096 Ἀπό
1894 4060 1955 4096 τε
1977 4042 2152 4112 σφῶν
2173 4042 2391 4097 αὐτῶν.
2422 4043 2575 4109 Quod
2604 4044 2689 4096 hic
2724 4041 2935 4105 scribit,

1387 4134 1637 4203 l‘ngaros
1675 4149 1771 4189 sua
1814 4136 2058 4204 ipsorum
2110 4137 2291 4206 lingua
2350 4136 2635 4190 Pannones
2664 4135 2766 4189 dici
2810 4150 2937 4187 urs-

1383 4228 1467 4280 cio
1507 4240 1573 4279 an
1618 4227 1744 4278 olim
1790 4243 1973 4281 verum
2027 4228 2224 4291 fixerit;
2280 4227 2437 4279 hodie
2486 4237 2631 4279 certe
2679 4240 2783 4278 non
2834 4236 2936 4278 est.

1388 4318 1598 4386 Magiar
1622 4318 1972 4388 dissyllabum
2010 4318 2243 4387 Ungaris
2274 4317 2517 4385 Ungaras
2549 4316 2786 4378 dicitur;
2825 4316 2941 4369 .lla-
2968 4330 2971 4334 '

1385 4409 1587 4478 giarok.
1622 4410 1849 4478 Ungari.

1457 4523 1594 4578 Ihid.
1638 4524 1936 4592 Ῥωμαίων
1976 4523 2269 4590 ἀρχιερέα.
2326 4520 2624 4589 Eugenium
2674 4521 2736 4575 IV
2788 4523 2945 4592 cujus

1387 4615 1665 4684 cpitaphio
1692 4614 1743 4667 id
1770 4616 1946 4683 ipsum
1984 4615 2180 4682 legitur
2204 4633 2218 4667 :

1464 4748 1629 4803 Istius
1664 4760 1785 4801 ante
1805 4765 1984 4803 sacros
2008 4766 2058 4801 se
2092 4749 2337 4816 praebuit,
2391 4749 2525 4800 alter
2556 4749 2620 4799 ab
2654 4756 2795 4809 ortu,
2882 4786 2888 4794 .

1534 4820 1681 4873 Alter
1707 4820 1769 4872 ab
1800 4836 1990 4872 occasu
2021 4818 2200 4873 Cn'sar
2229 4829 2443 4887 uterque
2470 4820 2644 4883 pedes.

1466 4894 1612 4943 Alter
1645 4899 1699 4941 nt
1728 4891 1954 4956 accipiat
1993 4890 2116 4957 ﬁdei
2138 4890 2447 4941 documenta
2486 4888 2706 4951 Latina',

1533 4961 1681 5013 Alter
1707 4974 1761 5015 ut
1786 4971 1980 5013 aurato
2008 4960 2181 5028 cingat
2211 4960 2405 5011 honore
2430 4971 2603 5023 caput.

1465 5122 1593 5176 Ibid.
1624 5119 1685 5174 Ι).
1742 5120 1867 5185 Τοῖς
1912 5114 2151 5172 Κελτῶν
2212 5115 2564 5181 βασιλεῦσι.
2611 5114 2685 5167 lta
2734 5112 2954 5166 omnino

1393 5213 1684 5285 legendum
1723 5222 1817 5267 :et
1846 5227 1942 5281 pro
1976 5210 2140 5263 Celtis
2177 5210 2253 5263 rel
2296 5208 2484 5267 Gallis,
2513 5205 2741 5259 Francis
2775 5206 2954 5273 potius

1397 5307 1706 5362 dicendum.
1756 5302 1938 5371 Neque
2004 5302 2056 5354 id
2116 5312 2221 5355 tam
2276 5299 2468 5353 merito
2520 5298 2758 5352 liberata:
2792 5312 2822 5351 a
2854 5296 2956 5352 Sa-

1402 5400 1615 5453 raccnis
1638 5396 1911 5465 Hispania:
1936 5394 2099 5462 (quod
2135 5401 2287 5463 putat
2330 5387 2639 5459 Laonicus),
2669 5402 2832 5457 quam
2867 5386 2955 5440 de-

1401 5504 1570 5550 tensae
1619 5491 1791 5559 ipsius
1856 5486 2023 5541 Italia
2075 5494 2128 5537 et
2185 5482 2388 5537 liomte.
2440 5481 2771 5548 Luitpraudo
2813 5478 2957 5533 enim

1405 5583 1882 5655 Lougohardorum
1928 5593 2052 5649 rege
2113 5577 2336 5630 Romam
2396 5575 2697 5635 obsidente,
2755 5571 2960 5642 Grego-

1410 5684 1522 5733 rius
1553 5676 1616 5733 lll
1654 5693 1789 5746 papa
1823 5690 1927 5727 non
1951 5672 2059 5738 iam
2092 5670 2156 5722 ad
2189 5670 2406 5724 solitum
2447 5665 2706 5719 auxilium
2736 5664 2964 5731 impera-

1409 5774 1544 5827 toris
1571 5766 2152 5835 Coustantiuopnlitani
2187 5766 2368 5832 (quem
2400 5761 2470 5815 ob
2503 5759 2703 5826 eiectas
2748 5757 2963 5824 tetnp'is

1410 5865 1671 5929 imagines
1697 5860 2081 5913 rotiuuunionc
2128 5866 2181 5908 et
2212 5853 2441 5921 imperio
2470 5845 2801 5920 privaverat)
2833 5860 2962 5899 ροη-

1404 5955 1563 6026 fugit,
1586 5952 1676 6006 srd
1699 5952 1761 6004 ad
1783 5966 1832 6020 pi
1849 5948 2051 6017 iucipcs
2071 5944 2405 5999 Francorum
2421 5940 2621 5996 Gallias
2645 5935 2964 5998 tenentium,

3011 2066 3257 2120 instituto
3281 2068 3594 2132 electomm;
3651 2067 3795 2134 quod
3843 2079 3948 2118 non
4001 2064 4198 2127 miror,
4234 2078 4361 2117 cum
4405 2062 4568 2115 etiam

3009 2157 3342 2212 Constantini
3365 2156 3945 2211 donationemPhotius
3966 2166 4131 2225 ponat
4156 2154 4210 2209 in
4231 2153 4571 2208 Nomocano-

3013 2264 3101 2303 ne.
3134 2247 3256 2302 Fuit
3280 2259 3457 2302 autem
3506 2247 3788 2317 imperium
3849 2246 4245 2301 haereditarium
4300 2245 4354 2299 in
4408 2244 4575 2311 stirpe

3013 2340 3189 2397 Caroli
3215 2338 3390 2410 Magni
3422 2354 3515 2409 per
3532 2349 3751 2395 centum
3790 2338 3980 2406 viginti
4042 2352 4241 2399 annos,
4308 2352 4483 2403 usque
4509 2334 4573 2387 ad

3012 2433 3321 2490 Conradum
3353 2432 3583 2502 primum
3615 2449 3630 2486 :
3681 2433 3770 2503 qui
3831 2432 4068 2486 moriens
4110 2446 4253 2486 anno
4282 2430 4404 2492 920,
4438 2431 4579 2484 ultro

3015 2528 3202 2583 detulit
3251 2524 3537 2595 imperium
3573 2523 3638 2578 ad
3662 2522 3953 2579 Henricum
3977 2522 4276 2593 Aucupem,
4300 2521 4575 2576 Saxonum

3014 2623 3231 2685 ducem,
3262 2634 3385 2675 cum
3415 2632 3525 2690 quo
3554 2616 3752 2672 bellum
3787 2615 3985 2683 injuste
4013 2614 4251 2684 gerebat.
4306 2612 4359 2666 In
4411 2612 4574 2665 lami-

3016 2710 3086 2765 lia
3118 2708 3278 2783 hujus
3319 2707 3532 2763 Ilenrici
3568 2704 3588 2758 I
3633 2705 3725 2774 (de
3774 2720 3882 2775 quo
3940 2714 4025 2759 est
4070 2705 4387 2758 constitutio
4444 2702 4578 2755 dist.

3018 2803 3107 2871 6'5)
3147 2800 3543 2856 hereditarium
3568 2795 3669 2851 luit
3698 2796 3983 2866 imperium
4038 2810 4209 2864 usque
4230 2788 4296 2847 ad
4326 2793 4579 2849 Ottoncm

3018 2895 3085 2949 Ill
3118 2903 3464 2964 pronepotem
3489 2891 3650 2961 ejus:
3682 2890 3774 2958 qui
3835 2903 4026 2943 carens
4067 2887 4194 2941 ﬁliis
4242 2888 4297 2939 in
4346 2884 4586 2938 comitiis

3024 2986 3395 3056 imperialibus
3429 2982 3735 3053 principum
3767 2990 3972 3049 septem
4013 2978 4274 3033 electores
4317 2976 4583 3039 insumit,

3023 3088 3078 3133 et
3104 3092 3161 3133 ut
3185 3076 3587 3131 Fraucolordia:
3626 3074 3816 3129 electio
3854 3072 3997 3126 ﬁeret
4033 3089 4048 3126 :
4084 3070 4413 3140 approbante
4448 3067 4586 3141 Creo

3024 3171 3175 3240 gorio
3202 3168 3244 3223 V'
3274 3183 3433 3237 papa,
3464 3167 3678 3221 natione
3703 3175 3756 3220 et
3784 3166 3899 3235 ipso
3942 3162 4176 3220 Saxone.
4219 3159 4405 3229 Itaque
4444 3174 4590 3212 anno

3032 3262 3169 3316 I300
3200 3259 3491 3322 Henricus,
3526 3256 3765 3311 Bavarim
3812 3256 3941 3319 dux,
3966 3252 4119 3322 juxta
4176 3250 4319 3303 illam
4380 3248 4588 3301 consti-

3029 3351 3289 3405 tutionem
3328 3350 3554 3418 primus,
3608 3357 3661 3401 et
3716 3345 3879 3412 hujus
3906 3342 4140 3397 nominis
4163 3340 4437 3395 secundus
4470 3338 4585 3391 ele-

3028 3454 3148 3497 ctus
3180 3442 3299 3495 fuit.
3332 3439 3455 3493 Ilaec
3478 3438 3541 3493 C.
3570 3437 3637 3493 Μ.
3658 3438 3711 3491 ἱιι
3741 3436 3907 3491 addit.
3935 3435 4007 3503 gl.
4030 3434 4094 3488 ad
4120 3448 4169 3488 c.
4205 3428 4586 3493 Venerabilem,

3030 3535 3103 3589 De
3130 3534 3375 3589 election.
3412 3540 3467 3585 et
3496 3532 3654 3585 clem.
3685 3528 3711 3582 1
3751 3526 3823 3581 De
3842 3525 4076 3595 jurejur.

3098 3627 3215 3680 Jam
3254 3639 3381 3678 vero
3427 3623 3595 3692 (lubet
3658 3620 3800 3674 enim
3854 3618 4127 3690 praedictis
4197 3617 4337 3671 hanc
4385 3615 4593 3681 digres-

3032 3708 3335 3774 siunculam
3387 3712 3726 3782 adnectere),
3766 3712 3869 3766 etsi
3917 3710 4143 3766 Carolus
4202 3709 4434 3776 Magnus
4492 3721 4595 3757 non

3037 3823 3251 3869 tantum
3280 3810 3402 3878 jure
3438 3808 3587 3873 belli,
3612 3806 3755 3878 quod
3804 3821 3927 3861 cum
3968 3802 4341 3873 Longobardis
4393 3799 4599 3866 ἀμυνό-

3036 3921 3196 3977 μενος
3236 3912 3501 3975 gesserat,
3526 3909 3582 3956 et
3606 3899 3666 3954 S.
3702 3898 3762 3953 P.
3792 3898 3858 3965 Q.
3889 3895 3958 3952 II.
3986 3896 4262 3951 voluntate
4287 3904 4342 3948 et
4376 3894 4600 3963 pontili-

3037 4003 3116 4057 cis
3147 3996 3497 4057 coronatione
3523 4003 3675 4049 vetus
3702 4003 3754 4047 et
3772 3991 4066 4061 legitimus,
4101 3988 4146 4043 si
4178 3987 4301 4057 quis
4331 4000 4597 4053 unquam,

3037 4093 3262 4151 eﬂ‘ectus
3321 4098 3467 4145 esset
3533 4086 3843 4156 imperator,
3922 4083 4016 4138 sed
4082 4078 4453 4137 transactione
4516 4078 4604 4129 in-

3041 4201 3204 4258 super
3233 4199 3355 4239 cum
3375 4182 3524 4236 lrene
3546 4181 3786 4247 Augusta
3818 4189 4047 4244 eamque
4104 4170 4305 4227 secutis
4328 4167 4607 4237 Nicepho-

3045 4290 3107 4328 ro
3136 4283 3190 4328 et
3228 4271 3425 4326 Basilio
3459 4265 3880 4336 imperatoribus
3930 4261 4271 4331 interposita,
4326 4263 4608 4326 certisque

3049 4364 3291 4419 terminis
3330 4360 3543 4429 imperii
3573 4359 3713 4412 inter
3738 4371 3829 4411 eos
3852 4354 4121 4410 divisione
4162 4351 4304 4407 facta
4330 4350 4423 4418 ius
4445 4366 4608 4406 suum

3050 4455 3263 4513 abunde
3356 4451 3753 4514 confirmasset,
3799 4447 4029 4516 ideoque
4092 4442 4250 4513 legati
4321 4440 4611 4513 Byzantini

3049 4566 3173 4605 eum
3205 4545 3427 4618 βασιλέα
3454 4543 3633 4613 palam
3671 4540 4020 4601 salutassent,
4045 4544 4100 4591 et
4119 4533 4344 4590 omnino
4369 4533 4445 4587 ita
4473 4534 4614 4587 inter

2980 4643 3198 4712 Dipsas
3276 4644 3597 4692 conventum
3662 4632 3863 4700 diuque
3918 4627 4259 4683 observatum
4324 4631 4476 4677 esset
4557 4633 4619 4674 ut

3050 4748 3206 4803 aquo
3231 4732 3354 4802 jure
3414 4723 3694 4799 Byzantini
3749 4733 3804 4777 et
3855 4717 4025 4774 nostri
4058 4717 4333 4786 Augustos
4364 4713 4616 4782 adeoque

3052 4827 3247 4881 fratres
3280 4819 3721 4889 seappellarent:
3773 4811 4032 4884 paulatim
4092 4817 4272 4863 tamen
4329 4805 4521 4860 invida
4563 4813 4621 4857 et

3055 4916 3340 4971 ambitiosa
3367 4914 3457 4967 illa
3489 4911 3640 4965 natio
3684 4905 3883 4962 uostris
3904 4901 4211 4959 Caesaribus
4235 4914 4365 4954 eum
4391 4898 4615 4952 titulum

3059 5008 3348 5064 detrahere
3379 5012 3569 5059 conata
3599 5009 3701 5065 est,
3730 5008 3785 5053 et
3820 5011 3951 5052 suos
3981 4995 4130 5051 solos
4165 4992 4410 5061 βασιλεῖς
4436 5003 4497 5047 et
4530 4992 4624 5044 αὖ.

3058 5099 3388 5169 τοκράτορις
3445 5093 3735 5163 Ῥωμαίων
3777 5090 3830 5143 ἰη
3887 5086 4275 5158 diplomatibus
4319 5091 4379 5140 et
4401 5084 4623 5139 nomis-

3061 5190 3296 5246 matibus
3324 5186 3681 5257 perscribere,
3744 5179 4108 5249 dominosque
4135 5175 4284 5231 orbis
4342 5183 4623 5229 terrarum

3058 5284 3282 5353 jactare.
3310 5278 3534 5333 Nostros
3567 5284 3748 5329 autem
3771 5270 3990 5325 Latinos
4040 5276 4247 5323 tantum
4262 5272 4317 5320 et
4338 5265 4627 5319 Alamanos

3063 5374 3416 5441 Francosque,
3442 5381 3497 5423 et
3517 5366 3785 5423 Caesarem
3817 5372 4061 5418 nostrum
4095 5375 4203 5416 non
4225 5358 4409 5413 minus
4439 5357 4628 5428 inepto

3063 5482 3227 5536 quam
3282 5477 3424 5517 novo
3480 5467 3787 5515 cmumento
3848 5457 3989 5523 ρῆγα
4028 5450 4628 5522 ’Δλαμανίαςῆῡραγ-

3067 5562 3205 5627 γίας.
3243 5555 3392 5610 Unde
3413 5553 3613 5607 factum
3642 5559 3744 5612 est.
3775 5559 3833 5604 ut
3862 5563 3893 5602 a
3940 5545 4147 5601 nostris
4198 5541 4447 5597 vicissim
4476 5540 4628 5609 paria

3069 5646 3452 5717 rcponeutibus
3482 5660 3588 5697 non
3619 5643 3774 5696 aliter
3823 5654 3986 5708 quam
4037 5636 4339 5692 Graecorum
4394 5648 4543 5700 reges
4574 5636 4633 5685 et

3069 5735 3632 5803 Constantinopolitani
3666 5735 4002 5801 imperatores
4024 5730 4355 5784 dicerentur.
4387 5733 4448 5776 ut
4493 5722 4634 5791 apud

3072 5835 3430 5887 llehuoldtun.
3471 5828 3737 5881 Othonem
3786 5823 4046 5891 Frising.,
4078 5820 4222 5873 Petr.
4253 5819 4318 5870 de
4354 5815 4544 5870 V'ineis
4582 5826 4635 5866 ct

3073 5929 3203 5983 alios
3242 5926 3505 5980 videmus.
3537 5921 3598 5975 lit
3632 5920 3751 5990 quis
3776 5919 3893 5973 sine
3928 5914 4208 5970 stomacho
4236 5912 4379 5981 legat
4407 5911 4634 5964 ὕνεω-
