4866 6594
223 382 322 445 569

222 494 327 546 Ιιιιη
364 491 596 548 Henrico
629 496 938 563 imperatori
1002 502 1071 555 ita
1106 504 1516 569 obgannientem

220 587 420 654 κυρίων
448 587 632 658 κύριος
659 592 991 663 καθεστήκει
1015 598 1108 647 καὶ
1143 597 1397 665 βασιλεὺς
1429 600 1776 653 ἀναδέδεκται

223 677 503 745 βασιλέων,
536 683 681 744 ὅπως
708 687 1007 753 μοναρχίαν
1067 690 1469 759 περιϐαλεῖται,
1531 695 1624 747 καὶ
1685 695 1778 747 κύ-

224 787 335 838 ριος
368 773 572 826 ὲσείται
620 776 729 826 τῶν
767 777 952 846 κύκλῳ
985 781 1315 835 δυναστειῶν
1372 788 1491 847 τοὺς
1531 787 1780 839 Ἀντωνί·

224 880 339 923 νους
371 864 464 915 καὶ
502 867 839 933 Αὐγούστους
868 871 943 938 τῷ
973 872 1301 944 διανοητικῷ
1348 880 1776 945 φανταζομένος,

226 956 317 1006 καὶ
346 957 480 1024 πρὸς
504 958 611 1009 τῶν
644 962 867 1013 ἐκείνων
889 965 1063 1033 ἀρχὴν
1104 967 1357 1019 ἐκτείνων
1414 970 1511 1037 τὴν
1566 972 1775 1039 ἔφεσιν,

228 1050 316 1101 καὶ
352 1051 547 1119 μικροῦ
584 1053 952 1122 φθεγγόμενος
985 1060 1105 1111 κατ’
1131 1058 1505 1129 Ἀλέξανδρον,
1550 1066 1617 1117 τὰ
1646 1068 1772 1133 τῇδε

228 1143 319 1193 καὶ
358 1143 426 1194 τὰ
456 1144 581 1213 τῇδε
603 1147 779 1198 πάντα
827 1150 1023 1214 iisiis
1073 1160 1158 1205 est
1208 1150 1423 1207 Nicetas
1467 1153 1775 1212 Choniates.

227 1235 364 1299 Quid
425 1240 567 1303 quod
632 1238 917 1294 Frederico
946 1243 1253 1311 imperatori
1306 1255 1590 1299 transunm
1621 1264 1779 1302 exer—

226 1326 351 1379 citui
412 1342 513 1381 suo
571 1334 773 1398 petenti
826 1332 991 1402 (quod
1061 1334 1387 1390 Godel‘ridus
1435 1349 1611 1393 noster
1676 1342 1781 1395 Go-

226 1420 488 1473 loniensis
550 1423 989 1481 adnotavit.sub
1054 1444 1195 1481 anno
1249 1430 1406 1499 1187)
1453 1430 1782 1501 Byzantinus

226 1528 317 1574 per
338 1515 677 1581 responsales
694 1532 822 1571 suos
846 1518 1207 1584 demandavit,
1252 1537 1309 1573 se
1342 1532 1465 1591 post
1517 1523 1680 1576 Deum
1702 1543 1783 1578 es-

225 1616 285 1651 se
326 1601 609 1656 dominum
659 1607 1074 1664 dominantium.
1098 1611 1249 1674 Quod
1274 1613 1317 1664 si
1344 1628 1563 1679 regnum
1589 1613 1784 1667 Roma-

224 1705 417 1744 norum
439 1696 567 1746 dare
586 1697 750 1749 vellet
789 1698 841 1750 in
866 1714 1059 1751 manus
1077 1700 1216 1767 ejus,
1239 1704 1372 1756 etab
1393 1719 1455 1755 eo
1478 1704 1598 1756 loco
1615 1705 1785 1758 homi-

226 1784 296 1836 ni
339 1786 593 1852 recipere,
627 1789 947 1845 conductum
1010 1792 1057 1845 ei
1091 1794 1245 1847 daret
1306 1811 1397 1862 per
1438 1806 1607 1850 terras
1658 1813 1783 1851 suas

222 1885 272 1927 et
305 1886 597 1931 mercatum
646 1880 933 1936 suﬁiciens.
965 1883 1130 1949 Quasi
1162 1902 1268 1939 non
1314 1891 1479 1942 nostri
1519 1891 1696 1958 potius
1753 1906 1782 1944 a

224 1966 385 2018 veteri
420 1968 608 2031 Roma,
637 1986 797 2038 quam
824 1988 852 2026 a
890 1989 1025 2028 nova
1063 1991 1160 2029 sua
1212 1975 1565 2032 Constantina
1600 1981 1781 2048 (quam

223 2071 321 2110 nec
359 2057 524 2125 ipsam
550 2061 750 2130 absque
774 2062 1068 2120 Gothorum
1135 2083 1236 2137 ope
1257 2081 1520 2123 structam
1566 2087 1786 2125 surrex-

222 2147 352 2213 isse,
383 2149 684 2209 Jornandes
709 2155 759 2209 in
799 2155 993 2213 Geticis
1020 2169 1209 2213 auctor
1237 2161 1341 2232 est)
1369 2178 1558 2216 nomen
1586 2165 1786 2233 princi—

220 2251 380 2307 patus
411 2243 495 2297 sui
528 2255 579 2297 et
613 2244 1008 2305 Autoninorum
1058 2252 1539 2324 Augustorumqne
1564 2274 1787 2315 succes-

219 2330 424 2385 sionem
451 2334 894 2393 deducerent?et
949 2341 993 2395 si
1054 2344 1133 2396 vel
1170 2342 1339 2398 Roma
1399 2346 1605 2411 relicta,
1642 2350 1785 2416 quod

218 2423 383 2475 etiam
420 2427 628 2495 antiqui
677 2430 953 2500 principes
979 2449 1085 2488 non
1144 2453 1270 2489 raro
1302 2437 1561 2500 fecerunt.
1591 2438 1789 2495 Medio-

219 2508 428 2581 Ianum,
452 2518 747 2585 Treverim.
773 2523 1039 2580 Lutetiam
1067 2530 1248 2583 Romae
1274 2531 1639 2598 praeferentes.
1662 2535 1787 2587 alibi

222 2610 473 2666 habitare
521 2630 940 2687 praeoptassent,
981 2632 1142 2692 atque
1183 2624 1319 2678 adeo
1361 2623 1588 2679 Romam
1634 2628 1785 2680 alteri

224 2700 575 2757 habitandam
603 2708 743 2760 ultro
782 2711 1099 2785 cessissent,
1138 2723 1194 2767 ut
1226 2718 1495 2782 quondam
1524 2717 1667 2769 Zeno
1691 2718 1787 2769 im-

219 2806 444 2860 perator
466 2797 798 2855 Theoderico
820 2803 1029 2869 Gotlio;
1066 2823 1168 2859 non
1203 2809 1380 2875 potius
1412 2810 1533 2862 aula
1555 2813 1788 2863 cteomi-

223 2898 371 2941 tatus
394 2889 645 2955 Caesaris,
664 2904 715 2947 et
734 2896 818 2949 ubi
840 2900 1048 2951 curiam
1076 2901 1331 2960 celebrat.
1354 2914 1407 2955 ut
1432 2904 1596 2957 nostri
1618 2906 1788 2971 scrip-

226 2990 374 3032 tores
398 2982 717 3051 loquuntur,
741 2987 971 3055 denique
995 2991 1081 3042 tibi
1104 2991 1280 3045 Ciesar
1298 3004 1397 3054 est,
1420 2992 1583 3047 [lonia
1605 2996 1786 3047 haberi

225 3073 527 3127 (lcbtlissi-l.
590 3075 662 3129 Ita
704 3080 845 3133 enim
912 3084 1042 3136 satis
1071 3084 1244 3137 visum
1278 3096 1380 3147 est,
1410 3096 1466 3138 iit
1496 3085 1786 3139 Germania

1713 392 1950 453 ΝΟΤΕ.

3338 398 3445 457 570

1554 526 1567 565 :
1613 510 1699 570 Ὠς
1729 513 1775 563 εἰ
1805 509 1854 565 Δ
1882 512 2139 572 maniam,
2165 529 2326 581 quam
2354 514 2483 566 olim
2517 514 2684 567 solam
2716 515 3078 583 desiderabat,
3122 517 3232 587 jam
3270 521 3441 575 solam

1881 602 2072 656 habeat
2101 621 2116 658 :
2145 604 2234 656 St‘tl
2258 614 2312 657 ut
2332 606 2505 658 solum
2530 616 2785 674 quantum
2802 607 2894 660 sub
2921 607 3073 661 Tatio
3095 613 3319 678 populus
3342 612 3445 666 Ro—

1879 711 2064 747 manus
2095 696 2279 749 arabat
2306 713 2324 758 ;
2361 714 2491 751 eove
2516 700 2692 751 minus
2727 698 3035 753 Romanum
3065 702 3202 756 foret
3229 705 3270 772 ?)
3299 716 3443 759 certe

1878 797 2130 857 porrecta
2167 790 2473 843 Germania:
2525 800 2575 844 nt
2644 794 2817 856 spatio
2853 803 3019 848 terrae.
3042 795 3173 847 nulli
3205 812 3439 865 unquam

1879 881 2090 943 regioni
2149 894 2458 949 cesserunt,
2524 888 2595 938 ita
2647 900 2745 939 nec
2780 887 2943 940 hodie
2979 887 3209 950 viribus,
3249 890 3438 949 armis,

1882 974 2089 1027 artibus
2121 985 2210 1028 aut
2235 977 2467 1041 ingeniis
2492 977 2748 1044 cuiquam
2779 978 3008 1031 habitati
3043 980 3192 1033 orbis
3216 982 3442 1049 provin-

1880 1066 1977 1118 ciae
2010 1066 2091 1118 vel
2128 1067 2298 1120 hilum
2330 1070 2668 1123 concedant:
2698 1078 2752 1122 et
2790 1070 3434 1139 Occidentisimperium,

1880 1156 1926 1209 si
1953 1172 2075 1209 cum
2095 1157 2419 1215 Germanica
2441 1160 2566 1214 sede
2582 1160 2844 1228 principis
2875 1172 3063 1215 caetera
3083 1164 3227 1216 socia
3252 1180 3441 1231 regna,

1880 1263 2001 1316 qua:
2034 1264 2130 1323 ceu
2165 1251 2393 1304 coloniae
2434 1268 2496 1304 ex
2537 1254 2623 1305 illa
2683 1256 2931 1320 gentium
2978 1254 3192 1308 ollicina
3229 1254 3441 1323 prodie-

1880 1349 2026 1399 runt,
2061 1321 2116 1393 et
2141 1342 2457 1397 alterutrius
2483 1344 2679 1411 linguae
2703 1344 3016 1401 Teutonica.
3035 1362 3194 1399 merae
3225 1346 3437 1399 antLa-

1884 1430 2006 1483 time
2051 1444 2321 1500 corruptae.
2366 1437 2645 1489 consortio
2699 1440 2981 1492 nobiscum
3035 1449 3308 1499 tenentur,
3348 1455 3441 1492 eo-

1883 1522 2110 1592 demque
2146 1528 2268 1590 jnre
2290 1527 2534 1582 Romano
2565 1530 2844 1584 nobiscum
2892 1533 3255 1586 communiter
3280 1542 3437 1585 utun—

1894 1624 1999 1673 tiir,
2034 1618 2481 1684 conjungantur;
2519 1634 2779 1688 quantum
2834 1626 3053 1676 tandem
3082 1624 3302 1677 Graeciae
3338 1626 3434 1676 toti

1892 1705 2223 1773 imperioque
2256 1711 2387 1771 Eoo,
2422 1713 2586 1765 etiam
2649 1715 2737 1767 ubi
2777 1715 2903 1767 illud
2944 1716 3357 1782 integeri-imum
3384 1725 3438 1768 ct

1887 1797 2324 1855 ﬂorentissimum
2363 1803 2481 1865 fuit,
2516 1807 2821 1859 concedet?
2860 1807 2983 1859 Sive
3009 1818 3191 1859 autem
3227 1806 3436 1860 utrius-

1888 1901 1995 1952 que
2048 1887 2191 1940 vires
2219 1900 2270 1940 et
2290 1893 2585 1959 potentiam
2615 1896 2986 1960 conferamus,
3008 1913 3074 1949 an
3098 1896 3431 1948 Francorum

1890 1977 1995 2030 illis
2047 1980 2261 2043 regibus
2316 1986 2730 2047 potentissimis.
2767 1987 2965 2039 Carolo
3012 1986 3314 2049 praesertim
3352 1992 3433 2036 tot

1888 2071 2208 2138 populorum
2248 2072 2438 2125 victori
2485 2084 2538 2126 et
2582 2077 2907 2129 dominatori
2939 2075 3239 2130 fortissimo
3268 2084 3320 2128 et
3345 2090 3435 2128 sa-

1890 2162 2250 2231 pientissimo,
2311 2164 2452 2219 ullus
2495 2164 2804 2220 Graecorum
2841 2182 2934 2235 par
2972 2183 3091 2221 esse
3132 2165 3440 2235 potuisset?

1889 2254 2113 2321 Quoties
2147 2254 2455 2310 Germanici
2485 2273 2605 2311 cum
2641 2272 2735 2326 per
2766 2267 2913 2310 tanta
2974 2269 3127 2313 terrae
3159 2259 3439 2327 pelagique

1889 2347 2172 2400 intervalla
2204 2349 2345 2402 bello
2379 2366 2535 2404 sacro
2565 2349 2869 2405 Saracenos
2932 2351 2985 2404 in
3024 2353 3147 2405 Asia
3178 2363 3362 2421 petere
3388 2361 3441 2403 et

1888 2450 2089 2493 terrain
2138 2442 2281 2493 illam
2319 2443 2515 2509 (quam
2558 2443 2786 2509 vocant)
2821 2453 3063 2497 sanctam
3126 2445 3437 2499 Graecorum

1890 2532 2101 2599 ignavia
2130 2532 2331 2587 dudum
2362 2535 2619 2588 amissam
2647 2552 2839 2603 magna
2857 2552 2919 2589 ex
2946 2547 3095 2605 parte
3122 2553 3440 2606 recuperare

1890 2632 2207 2691 potuerunt,
2242 2626 2324 2678 vel
2362 2626 2414 2677 in
2453 2626 2681 2681 transitu
2738 2626 3051 2696 Byzantinis
3086 2630 3306 2695 regibus
3334 2638 3442 2680 ter-

1892 2712 2001 2763 rori
2060 2724 2110 2766 et
2166 2713 2445 2766 formidini
2514 2716 2779 2768 fuerunt?
2830 2714 3019 2769 Nonne
3080 2717 3439 2769 veroilloriiin

1891 2803 2231 2870 principatus
2258 2807 2361 2858 sub
2387 2808 2572 2859 Alexio
2591 2808 2795 2871 Angela
2819 2808 3101 2862 Germanis
3126 2809 3443 2862 tributarius

1892 2892 2086 2962 factus,
2118 2908 2166 2948 et
2187 2898 2411 2966 vectigal
2437 2900 2558 2950 inde
2592 2899 2952 2965 Ἀλαμανικόν
2976 2907 3221 2952 vocatum
3244 2898 3443 2953 Gr:ccis

1891 2988 2205 3041 hominibus
2265 2989 2575 3043 indictum?
2615 2990 2678 3042 ad
2736 2990 2876 3058 quod
2926 2992 3318 3044 conﬁciendum
3348 3010 3443 3044 nec.

1892 3080 2109 3146 quidem
2176 3080 2418 3148 priorum
2463 3081 2846 3148 imperatorum
2910 3082 3177 3135 thesauris
3222 3097 3320 3133 nec
3361 3098 3442 3135 se—

225 3174 517 3231 postquam
553 3169 674 3222 inde
726 3172 794 3223 ab
840 3172 988 3226 urbis
1014 3176 1270 3242 auspiciis
1315 3176 1433 3242 ejus
1490 3178 1705 3230 inimica
1732 3179 1853 3235 etC
1892 3172 2098 3237 νυιατίε

1519 3178 1705 3230 nimim
1732 3179 1853 3235 εις
1892 3172 2098 3237 pulcris
2160 3173 2426 3239 parcitum
2479 3172 2599 3229 luit.
2660 3173 2794 3225 Cum
2853 3173 3119 3227 llenricns
3185 3173 3441 3226 Friderii-i

221 3258 443 3322 ariniila,
506 3276 611 3313 non
671 3262 851 3317 minus
918 3281 1081 3333 quam
1140 3267 1431 3336 Carthago,
1471 3268 1775 3322 llomanani

223 3348 483 3401 virlmem
530 3354 804 3419 perpetuis
865 3354 1016 3409 bellis
1073 3362 1430 3420 exercuisset,
1496 3368 1550 3413 et
1613 3376 1775 3430 quam

221 3440 384 3493 avide
418 3455 445 3493 a
494 3440 752 3497 Romanis
788 3446 1044 3515 expetita,
1087 3449 1386 3502 Germanici
1429 3450 1644 3504 titulum
1674 3469 1781 3520 prie

220 3530 345 3583 aliis
377 3548 405 3583 a
440 3542 581 3585 terra
616 3536 944 3604 triumphata
969 3540 1319 3609 niagisquain
1354 3543 1491 3596 victa
1528 3544 1781 3599 affectan-

226 3624 398 3687 tibus,
454 3634 559 3677 tain
609 3628 991 3695 insuperabilis
1024 3648 1235 3700 semper
1286 3637 1593 3703 restitisset,
1633 3638 1777 3691 limi-

222 3728 440 3784 temque
464 3718 812 3773 victoriarum
833 3738 993 3791 quem
1020 3725 1281 3777 excedere
1296 3742 1403 3778 non
1424 3729 1595 3796 magis
1617 3746 1780 3798 quam

223 3808 541 3863 Parthicum
574 3810 960 3882 l’ersicumque
995 3828 1197 3884 posset,
1220 3818 1283 3869 ad
1313 3817 1484 3873 Rheni
1513 3831 1567 3876 et
1601 3824 1781 3876 Danu-

224 3900 298 3951 bii
330 3901 529 3954 ﬂuenta
558 3904 638 3955 eis
667 3907 987 3972 praatixisset
1023 3926 1035 3960 :
1083 3910 1300 3961 tainlem
1325 3926 1481 3963 versa
1511 3912 1628 3966 vice
1665 3914 1779 3982 ipsa

225 3993 373 4042 ultro
406 3990 727 4046 Romaniam
758 3996 1018 4049 immissis
1041 4001 1289 4067 procellae
1322 4017 1473 4055 more
1503 4004 1783 4062 immensis

224 4085 552 4150 populorum
615 4088 853 4141 millibus
911 4092 1539 4164 aggrederetur:neque
1573 4108 1781 4152 tantum

223 4190 420 4229 omnes
450 4178 516 4230 ad
558 4180 895 4234 occidentem
934 4183 1241 4249 provincias
1292 4185 1549 4242 Romanis
1599 4198 1785 4243 extor-

221 4278 440 4334 queret,
502 4271 699 4338 quibus
764 4288 861 4327 ceu
894 4274 1132 4329 inductis
1161 4291 1225 4329 ex
1266 4293 1325 4330 se
1358 4280 1567 4335 colonis
1598 4280 1649 4334 in
1688 4283 1785 4334 ho-

220 4360 477 4413 diernum
506 4362 648 4416 dicm
677 4365 779 4418 sub
810 4364 1041 4421 diversis
1072 4370 1383 4424 nominibus
1416 4370 1784 4437 Francorum,

228 4451 738 4521 Langobardorum,
760 4454 1087 4520 Gothorum,
1110 4459 1433 4526 Anglorum,
1467 4460 1785 4531 Burgundii-

1881 3264 2222 3317 Barbarossac
2245 3266 2406 3325 ﬁlius,
2437 3266 2738 3338 fiecialibus
2760 3268 2822 3319 ad
2847 3268 2993 3318 illiilli
3018 3266 3221 3328 missis,
3246 3266 3444 3318 Roma~

1891 3372 1989 3410 nas
2018 3357 2327 3423 provincias
2356 3373 2547 3410 omnes
2578 3358 2643 3411 ab
2674 3359 2969 3425 Epidamno
3003 3374 3171 3425 usque
3193 3358 3254 3408 ad
3278 3356 3445 3409 Thes-

1881 3448 2172 3501 salonicam
2193 3458 2456 3513 repetens,
2476 3461 2521 3497 ei
2539 3446 2820 3498 Germanis
2842 3447 2890 3497 in
2912 3445 3192 3499 Palaestina
3215 3442 3442 3495 militan~

1883 3539 2026 3592 tibus
2070 3538 2272 3592 auxilia
2331 3539 2532 3591 nav:dia
2616 3537 2752 3590 mitti
2830 3537 3051 3604 jubens.
3102 3537 3442 3599 niimpcrata

1886 3631 2145 3692 lacerent,
2196 3630 2393 3683 bellum
2430 3646 2668 3697 praesens
2700 3630 3080 3681 denuntiaret:
3118 3628 3260 3695 quod
3298 3626 3443 3678 Cho-

1886 3725 2061 3776 niates
2096 3722 2301 3789 prolixe
2338 3722 2623 3775 describit.
2648 3720 2782 3784 Quid
2808 3721 2951 3787 quod
2980 3737 3085 3772 non
3119 3719 3300 3770 multis
3327 3730 3445 3785 post

1883 3816 2038 3868 annis
2070 3816 2238 3882 ipsum
2265 3814 2549 3881 imperium
2572 3814 2799 3881 ejusque
2825 3813 2983 3879 regiae
3004 3813 3155 3865 sedes
3178 3810 3442 3863 Constan-

1888 3907 2143 3976 tinopolis
2176 3922 2203 3958 a
2238 3906 2521 3958 Germanis
2558 3904 2822 3957 Balduino
2849 3903 3082 3955 Flandro
3112 3904 3245 3955 duce
3278 3918 3441 3952 occu-

1887 4010 2072 4066 patum
2098 4015 2110 4062 ;
2138 3996 2340 4050 Graecis
2373 3998 2578 4049 interea
2610 3995 2842 4051 Nicaeam
2878 4004 2928 4048 et
2958 3995 3350 4063 Trapezuntem
3388 3993 3440 4043 iii

1885 4089 2163 4155 angustias
2183 4088 2408 4148 coactis;
2429 4096 2482 4140 et
2501 4086 2620 4153 plus
2640 4085 3009 4154 quinquaginta
3031 4085 3187 4137 annis
3212 4084 3277 4136 ab
3297 4083 3443 4135 illius

1886 4180 2202 4251 posteritate
2231 4194 2545 4247 possessum
2581 4178 2705 4231 fuit.
2732 4177 2847 4231 Non
2880 4179 3099 4238 addam,
3131 4177 3249 4230 illos
3279 4178 3443 4245 impe-

1888 4272 1982 4325 riis
2009 4272 2145 4332 suis,
2176 4281 2229 4323 et
2256 4268 2495 4330 Nicamo,
2527 4280 2579 4323 et
2609 4268 3037 4339 Trapezuatino,
3071 4277 3125 4321 et
3164 4267 3446 4321 Bizaiitino

1888 4364 2099 4415 tandem
2121 4378 2149 4416 a
2164 4361 2356 4416 Turcis
2372 4363 2535 4416 citius
2554 4370 2767 4424 exutos,
2795 4362 3144 4429 lunditusque
3160 4361 3373 4413 excisos
3394 4368 3447 4412 et

1887 4455 2118 4509 deletos:
2136 4466 2323 4509 contra
2344 4454 2760 4523 quosGermana
2780 4456 2950 4508 virtus
2970 4454 3231 4508 hactenus
3249 4452 3443 4505 invicta

220 4560 376 4607 rum,
411 4544 874 4600 Nortmannorum
918 4548 1232 4602 dominatur
1260 4590 1276 4615 ,
1307 4561 1362 4604 ut
1391 4552 1501 4621 jam
1536 4529 1645 4606 tota
1676 4553 1785 4606 En-
1815 4529 1863 4587 θ
1889 4565 1997 4602 non
2031 4559 2240 4603 tantum
2282 4550 2507 4618 patriam
2547 4558 2716 4602 tutam
2773 4547 3101 4616 praestiterit.
3138 4547 3229 4600 sed
3258 4555 3312 4599 et
3340 4560 3445 4599 ca!-

221 4654 363 4707 ropa
401 4640 473 4692 nil
529 4639 673 4693 aliud
735 4657 899 4709 quam
955 4658 1148 4714 magna
1213 4645 1459 4712 quadam
1491 4644 1784 4700 Germania

222 4733 523 4797 videatur;
561 4732 654 4785 sed
679 4747 807 4786 vero
848 4733 1055 4788 Italiam
1091 4736 1262 4804 ipsam
1292 4748 1346 4790 et
1382 4739 1571 4793 urbem
1603 4740 1777 4793 domi-

228 4838 365 4877 nam
405 4823 618 4891 imperii
652 4828 859 4885 sedem,
879 4824 928 4874 vi
959 4834 1012 4879 et
1038 4828 1207 4882 armis
1230 4843 1335 4881 non
1363 4831 1528 4883 semel
1551 4846 1787 4898 occupa-

222 4927 312 4970 ret
341 4934 357 4978 ;
398 4918 723 4984 tandemque
757 4919 915 4971 titulo
934 4921 1265 4988 etilignitate
1301 4923 1512 4991 imperii
1541 4923 1783 4991 legitime

223 5012 522 5078 potiretur.
544 5010 621 5062 ita
645 5020 703 5061 ut
726 5010 1011 5077 imperium
1045 5011 1375 5076 Romanum,
1401 5016 1540 5082 quod
1565 5014 1789 5067 Germa-

223 5118 331 5154 nos
366 5116 559 5167 capere
585 5117 691 5153 non
726 5105 921 5169 potuit,
959 5103 1171 5156 illorum
1209 5105 1407 5158 virtute
1444 5115 1699 5173 captum;
1735 5118 1790 5158 et

217 5195 318 5262 qui
356 5194 540 5247 hostes
560 5194 687 5245 olitn
720 5194 1002 5257 Romanis,
1024 5212 1165 5251 nunc
1191 5196 1458 5262 victores;
1486 5200 1627 5267 quod
1656 5199 1785 5251 olim

220 5285 586 5338 Barbaricum
658 5284 939 5349 Romanis,
969 5286 1144 5352 iitipsi
1208 5289 1653 5353 prieselerebant,
1694 5288 1788 5340 de-

221 5377 495 5443 spicatui,
529 5393 587 5428 re
610 5387 790 5430 autem
825 5393 948 5429 vera
984 5378 1255 5430 formidini
1294 5379 1414 5444 fuit,
1450 5381 1499 5431 id
1528 5396 1670 5433 nunc
1700 5396 1789 5432 ar-

224 5470 386 5521 tibus
417 5476 471 5518 et
507 5470 751 5521 moribus
789 5467 1143 5521 cultissimum
1186 5471 1339 5523 sedes
1357 5482 1410 5523 et
1446 5486 1536 5522 arx
1574 5471 1786 5539 imperii

224 5566 439 5613 iactum
475 5562 543 5612 sit
570 5599 584 5612 .
612 5560 762 5622 Quod
802 5560 845 5612 si
884 5559 1049 5611 etiam
1087 5561 1312 5612 ditionis
1347 5561 1635 5629 utriusque
1669 5579 1786 5615 ain-

238 5652 569 5720 plitndiucm
606 5651 879 5719 inspicere
915 5653 1078 5704 libeat
1102 5694 1115 5715 ,
1143 5655 1395 5720 quamvis
1427 5670 1486 5706 ea
1523 5654 1587 5706 ad
1648 5657 1786 5706 hanc

220 5745 591 5809 igua-stionem
619 5759 723 5794 non
751 5745 981 5810 pertinet
1013 5743 1161 5812 (quid
1188 5744 1372 5796 enim?
1406 5746 1451 5797 si
1490 5747 1569 5798 vel
1604 5747 1669 5797 ad
1696 5762 1786 5800 cas

222 5836 515 5904 angustias
551 5835 834 5905 imperium
878 5835 1172 5903 redigatur,
1212 5854 1315 5892 non
1353 5839 1527 5892 dicam
1565 5850 1618 5890 ut
1655 5838 1780 5891 Ger-

1890 4640 2020 4694 teris
2054 4638 2327 4708 Hesperia:
2354 4640 2647 4708 provinciis
2677 4650 2860 4693 contra
2893 4637 3301 4692 immanissima
3320 4650 3448 4701 gen-

1894 4732 1963 4786 tis
1988 4732 2288 4787 eluvionem
2311 4732 2454 4785 velut
2476 4733 2529 4785 in
2557 4732 2696 4784 muri
2723 4731 3015 4800 aggerique
3045 4731 3214 4782 vicem
3248 4728 3446 4790 fuerit;

1889 4827 2033 4895 quod
2054 4836 2223 4877 totum
2247 4824 2376 4877 illud
2393 4840 2499 4878 non
2521 4824 2587 4878 ab
2614 4824 2972 4877 humanarum
2992 4823 3185 4876 virium
3209 4830 3446 4875 ostenta.

1890 4917 2057 4977 tione,
2082 4916 2173 4968 sed
2198 4917 2311 4968 sola
2331 4915 2511 4968 divina
2531 4931 2631 4983 ope
2649 4917 2884 4984 pendere
2906 4931 3287 4991 agnoscamus.
3310 4914 3445 4966 Cum

1892 5019 2070 5063 autem
2095 5009 2318 5076 imperia
2336 5019 2389 5062 et
2410 5024 2591 5077 regna,
2618 5009 2662 5063 si
2698 5025 2802 5061 non
2821 5009 2987 5075 justa.
3018 5010 3090 5061 nil
3117 5009 3220 5062 nisi
3255 5022 3447 5077 magna

1891 5104 2000 5156 sint
2020 5103 2331 5166 latrocinia;
2355 5103 2406 5154 in
2427 5114 2675 5170 promptu
2700 5100 2861 5154 fuerit
2881 5101 3195 5169 dijudicare,
3220 5110 3336 5153 uter
3358 5100 3451 5152 ho-

1892 5211 2010 5249 rum
2030 5196 2250 5263 legitimi
2273 5194 2530 5264 principis
2556 5211 2751 5248 nomen
2775 5195 2966 5248 melius
2990 5204 3263 5247 tueretur:
3291 5194 3448 5245 illene

1891 5288 1982 5356 qui
2016 5288 2331 5354 plerumque
2359 5286 2507 5339 nulla
2533 5287 2681 5354 justa
2706 5301 2879 5352 neque
2900 5286 3248 5340 suci-essione
3274 5300 3447 5352 neque

1891 5379 2175 5443 electione,
2214 5380 2305 5431 sed
2347 5379 2640 5446 aliquando
2666 5379 2887 5445 magicis
2930 5379 3191 5440 sortibus,
3220 5378 3449 5444 aliisque

1892 5472 2051 5523 malis
2090 5472 2297 5521 artibus
2326 5471 2569 5523 allectata
2608 5471 2915 5541 tyrannide,
2954 5486 3083 5521 vero
3101 5468 3342 5538 principe
3379 5471 3447 5535 (si

1891 5564 2149 5613 velfrater
2168 5561 2258 5627 sit)
2284 5573 2375 5612 aut
2393 5562 2504 5614 sica
2534 5575 2805 5612 veneuovc
2825 5571 3119 5628 perempto,
3144 5561 3330 5627 ant(ut
3351 5559 3450 5610 iiii-

1892 5653 2022 5721 tius)
2044 5654 2344 5705 i-lncilicato
2366 5654 2446 5705 vel
2477 5661 2735 5710 castrato.
2759 5662 2851 5706 aut
2870 5654 2949 5719 (nt
2967 5652 3275 5719 mitissime)
3295 5661 3451 5703 tonso

1893 5760 1944 5801 ct
1970 5752 2021 5798 in
2048 5747 2439 5799 monasterium
2488 5748 2710 5799 detruso
2744 5748 3027 5814 imperium
3066 5748 3203 5797 male
3236 5745 3448 5807 arripit.

1894 5839 2044 5903 peius
2067 5840 2195 5902 gerit
2216 5836 2445 5901 pessime
2466 5847 2509 5891 et
2534 5836 2694 5890 simili
2720 5838 2861 5891 exitu
2894 5852 3080 5890 rursus
3100 5837 3293 5889 amittit
3322 5854 3333 5889 :
3369 5838 3451 5889 vel
