4866 6594
1372 556 1474 625 571

2432 559 2890 630 MARQUARDI
2930 563 3275 622 FREHEM
3316 562 3553 623 NOTAE.
4489 552 4570 616 5Ἱὲ

1379 672 1522 727 forte
1546 688 1654 727 non
1704 672 1880 727 dicam
1913 671 2259 735 feminarum,
2304 674 2401 727 sed
2439 674 2603 744 (quod
2639 673 2939 743 indignius)
2974 686 3015 739 Α
3049 675 3193 729 nitus
3251 676 3513 730 immissis
3564 673 3836 730 hostibus.
3903 671 3969 723 ab
3994 668 4285 725 Occidente
4329 667 4568 727 Vandalis,

1374 765 1758 820 cunuchorum
1821 775 1951 818 nutu
1991 773 2044 819 et
2076 766 2320 826 libidine,
2347 766 2642 836 aliquando
2667 777 2720 820 et
2745 766 2938 820 factio-

1377 872 1509 909 num
1536 856 1922 910 theatricarum
1945 856 2170 924 impetu,
2198 873 2586 927 nonnunquam
2613 859 2776 911 etiam
2801 857 2948 926 ipso-

1377 965 1499 1002 rum
1525 950 1768 1004 hostium
1807 961 1857 1004 et
1893 951 2247 1004 barbarorum
2289 961 2453 1020 atque
2476 951 2617 1006 adeo
2642 951 2945 1008 Turcorum

1381 1038 1660 1094 voluntate
1686 1049 1740 1092 et
1769 1041 1953 1103 minis,
2004 1042 2069 1093 ad
2115 1051 2328 1110 sceptra
2369 1042 2672 1105 extollitur,
2713 1057 2947 1111 quorum

1382 1132 1627 1185 omnium
1645 1134 1887 1201 exempla
1922 1134 1973 1185 in
1997 1132 2310 1191 Graecorum
2337 1133 2582 1189 historiis
2600 1144 2728 1189 sunt
2755 1134 2910 1187 obvia
2935 1153 2948 1191 :

1386 1241 1453 1278 an
1479 1241 1608 1279 vero
1635 1227 1724 1279 ille
1760 1227 1960 1295 potius,
1995 1227 2091 1296 qui
2151 1226 2555 1292 sapientissimo
2598 1235 2652 1281 et
2675 1226 2953 1280 liberrimo

1386 1315 1694 1368 antistitum
1726 1317 2152 1385 principumque
2206 1329 2548 1370 summorum
2590 1315 2848 1378 concilio,
2883 1316 2954 1368 ob

1387 1408 1608 1463 virtutis
1636 1419 1894 1478 spectatae
1948 1411 2202 1462 meritum
2255 1419 2309 1462 et
2339 1409 2432 1462 alti
2469 1408 2687 1476 generis
2719 1407 2953 1463 indolem

1387 1501 1617 1565 electus,
1648 1503 1819 1556 sacris
1846 1504 2185 1556 caeremoniis
2209 1509 2261 1554 et
2290 1500 2578 1569 exquisitis
2596 1499 2956 1555 solemnitati-

1394 1592 1495 1644 bus
1529 1608 1677 1645 morc
1703 1592 1970 1662 majorum
2003 1594 2282 1654 initiatus,
2321 1591 2600 1660 conceptis
2641 1591 2819 1645 verbis
2861 1590 2956 1642 Ee—

1389 1683 1571 1738 clesize
1603 1696 1654 1741 et
1703 1687 1889 1753 patriae
1945 1686 2102 1739 iidem
2137 1699 2294 1739 suam
2333 1681 2686 1753 obstringens
2711 1721 2724 1743 ,
2757 1683 2954 1750 popqu

1393 1778 1728 1830 acclamante
1779 1777 1877 1830 rite
1929 1777 2321 1838 renuntiatur,
2385 1775 2526 1828 trina
2597 1773 2955 1828 coronatioue

1392 1868 1671 1929 sancitur;
1715 1877 1880 1936 atque
1929 1867 2002 1919 ita
2049 1867 2284 1935 legitime
2323 1881 2424 1920 ceu
2469 1864 2559 1917 Dei
2593 1876 2750 1916 manu
2781 1860 2833 1912 in
2862 1875 2956 1914 so-

1391 1961 1464 2013 lio
1491 1961 1812 2025 collocatus,
1849 1970 1907 2014 ut
1934 1976 2176 2030 praesens
2239 1960 2292 2014 in
2322 1959 2484 2014 terris
2515 1957 2722 2012 Numen
2758 1953 2957 2006 co!itur

1396 2059 1600 2125 pariter
1660 2067 1714 2111 et
1742 2057 1986 2110 timetur.
2019 2054 2150 2109 Jure
2178 2054 2344 2125 igitur
2388 2053 2489 2107 hoc
2515 2047 2817 2106 Germaniae
2846 2046 2956 2100 Ro-

1399 2166 1618 2203 manum
1644 2149 1952 2218 imperium,
2006 2158 2083 2201 tot
2115 2148 2381 2201 hactenus
2412 2140 2768 2211 sapientibus,
2801 2140 2952 2194 forti-

1397 2245 1517 2306 bus,
1555 2242 1854 2296 moderatis
1897 2239 2233 2309 principibus
2263 2237 2647 2304 gubernatum,
2691 2249 2799 2286 non
2832 2244 2954 2286 tau-

1393 2343 1504 2390 tum
1537 2335 1834 2403 legitimum
1869 2333 2165 2400 etjustum,
2201 2329 2295 2383 sed
2328 2344 2451 2382 vere
2505 2329 2671 2398 (quod
2703 2326 2951 2394 vocatur)

1393 2434 1830 2490 sacrosanctum,
1876 2424 2100 2492 ideoque
2128 2420 2235 2474 Deo
2284 2421 2510 2475 charum
2534 2430 2587 2473 et
2618 2418 2956 2489 Θεοφρούρηο

1391 2538 1482 2572 τον
1524 2530 1780 2575 censetur
1811 2536 1824 2574 :
1856 2528 1908 2570 et
1946 2516 2014 2569 ab
2043 2516 2300 2569 omnibus
2351 2511 2647 2570 Christiani
2685 2513 2834 2568 orbis
2865 2527 2956 2582 po-

1393 2613 1533 2681 pulis
1563 2612 1891 2682 regibusque
1925 2608 2053 2663 hinc
2086 2623 2191 2661 non
2214 2606 2480 2676 gravatim
2515 2605 2692 2660 fasces
2721 2605 2949 2660 submit-

1395 2707 1637 2759 Ieutibus
1670 2707 2005 2761 honoratur:
2043 2699 2251 2769 talique
2286 2702 2352 2752 ad
2389 2697 2550 2752 linem
2572 2697 2761 2750 mundi
2793 2696 2954 2751 dura-

1394 2811 1572 2853 turum
1608 2796 1993 2869 prophetarum
2031 2791 2274 2847 oraculis
2327 2790 2595 2845 creditur.
2625 2790 2759 2844 Cum
2792 2789 2846 2844 in
2875 2789 2954 2844 al-

1395 2903 1505 2944 tera
1534 2890 1622 2943 illa
1653 2888 1720 2942 ad
1782 2886 2050 2939 Euxinum
2101 2883 2330 2938 Pontum
2380 2879 2646 2950 septicolli
2679 2877 2874 2941 Roma.
2902 2887 2956 2933 ct

1398 2986 1777 3053 imperitantes
1811 2977 1915 3049 ipsi
1947 2975 2226 3030 Neronum
2260 2973 2443 3044 potius
2491 2972 2955 3039 Claudiorumque

1404 3095 1565 3147 quam
1592 3071 1938 3129 Constantini
1968 3071 2150 3139 (cujus
2176 3083 2376 3121 nomen
2434 3066 2779 3134 aﬂectaliaut)
2832 3082 2955 3120 suc-

1397 3184 1640 3225 cessores
1678 3165 1844 3218 variis
1887 3178 2099 3218 morum
2131 3160 2346 3214 damnis
2385 3168 2436 3214 et
2473 3160 2597 3216 vita
2625 3158 2868 3228 ﬂagitiis,
2898 3157 2952 3212 in

1398 3263 1573 3316 socios
1614 3258 1743 3329 perii
1769 3258 1865 3320 lia,
1919 3253 2204 3326 perutciali
2261 3253 2402 3306 inter
2451 3251 2602 3320 ipsos
2653 3250 2951 3316 discordia,

1400 3355 1613 3408 infanda
1639 3351 1982 3414 crudelitate,
2013 3357 2069 3401 et
2091 3345 2316 3414 tragicis
2351 3345 2671 3408 sceleribus,
2709 3344 2955 3412 adeoque

3047 766 3262 829 Gothis.
3298 768 3564 832 Bnlgaris.
3608 765 3844 826 Vlachis,
3913 763 4099 832 Mysis,
4144 742 4374 822 Hunnis,
4412 760 4573 814 Avari-

3051 861 3176 921 bus,
3237 858 3462 922 Serviis,
3533 857 3812 919 Triballis,
3851 856 4175 917 Patzinacis,
4207 853 4414 917 Rossis,
4441 851 4573 914 Uris;

3051 953 3119 1006 ab
3140 949 3358 1006 Oriente
3415 965 3541 1004 vero
3568 948 3770 1012 Persis,
3798 948 4046 1017 Abasgis,
4079 946 4270 1011 lberis,
4320 943 4578 1005 Arabibus,

3051 1044 3358 1104 Armeniis,
3398 1041 3617 1096 tandem
3676 1041 3870 1095 Turcis
3907 1053 3961 1093 et
4018 1038 4310 1093 Saracenis
4370 1037 4578 1090 omnium

3054 1138 3358 1197 acerrimis,
3406 1145 3664 1204 tanquam
3715 1133 3914 1200 capitis
3980 1147 4106 1184 reus
4135 1129 4329 1184 bestiis
4361 1128 4580 1195 objectus

3055 1230 3148 1285 diu
3185 1227 3334 1283 varia
3369 1227 3578 1281 fortuna
3607 1227 3794 1280 fuisset
3846 1223 4248 1287 caunictatnm;
4297 1223 4583 1290 plerumque.

3055 1338 3184 1378 vero
3205 1333 3298 1375 aut
3316 1335 3506 1387 magna
3529 1332 3710 1385 strage
3725 1327 4087 1380 attenuatum,
4103 1323 4196 1369 aut
4217 1315 4281 1368 ad
4298 1314 4585 1368 durissimas

3055 1413 3390 1485 dependendi
3412 1413 3599 1467 tributi
3613 1394 3960 1466 conditiones
3972 1409 4222 1463 adactum
4251 1423 4264 1459 :
4283 1421 4386 1460 non
4405 1413 4585 1458 tantum

3057 1508 3189 1561 fines
3217 1506 3334 1558 illos
3360 1503 3572 1572 imperii
3593 1503 3722 1556 olim
3753 1500 4008 1557 latissimi
4031 1498 4333 1552 exteriores
4361 1506 4587 1566 perpetua

3059 1600 3216 1668 quasi
3250 1597 3526 1651 alluvione
3565 1610 3821 1657 arrosos,
3861 1592 4080 1647 amissis
4129 1591 4363 1646 subinde
4395 1591 4589 1658 optimis

3056 1690 3364 1760 quibusque
3399 1688 3700 1758 provinciis
3734 1685 3910 1753 magis
3945 1682 4232 1751 magisque
4289 1681 4588 1736 contrahere

3057 1800 3279 1838 necesse
3316 1782 3524 1845 habuit,
3571 1783 3663 1836 sed
3693 1781 3774 1833 vix
3812 1777 4031 1833 tandem
4076 1777 4320 1845 pomaria
4352 1791 4467 1836 sua,
4499 1775 4591 1826 imo

3057 1879 3258 1935 muenia
3293 1888 3586 1947 portasque
3617 1874 3782 1928 tutari
3811 1873 4009 1941 potuit.
4042 1869 4228 1938 Itaque
4255 1885 4379 1921 cum
4410 1868 4596 1934 aliquot

3059 1973 3372 2027 obsidiones
3397 1967 3929 2034 Constantinopolis,
3972 1965 4042 2018 ab
4071 1961 4361 2022 Avaribus,
4396 1959 4599 2012 Sarace-

3061 2066 3136 2126 ni,
3175 2061 3582 2117 Genueusibus.
3656 2070 3821 2128 atque
3865 2057 4032 2110 etiam
4075 2061 4129 2108 in
4179 2054 4429 2108 civilibus
4458 2050 4599 2104 bellis

3059 2171 3238 2227 passa,
3267 2157 3418 2225 justo
3449 2153 3749 2223 pumiteudi
3785 2161 4030 2220 tempore
4060 2152 4247 2217 elapso
4284 2146 4453 2201 nihilo
4480 2145 4603 2198 inte-

3057 2251 3159 2304 rim
3185 2252 3438 2304 evaderet
3473 2248 3702 2313 melior;
3729 2245 3824 2317 sed
3849 2245 4010 2297 veluti
4033 2241 4273 2310 obligato
4307 2240 4408 2294 sibi
4435 2238 4606 2292 divino

3056 2344 3269 2397 auxilio
3334 2341 3706 2396 invincibilem
3737 2355 3795 2393 se
3821 2346 3877 2392 et
3906 2336 4311 2407 Θεοφρούρητον
4346 2334 4602 2401 jactaret;

3057 2437 3274 2493 tandem
3306 2451 3336 2488 a
3368 2432 3478 2487 Deo
3540 2432 3755 2485 deserta
3809 2427 3977 2498 (quod
4026 2429 4133 2481 Leo
4173 2427 4304 2494 imp.
4332 2423 4525 2478 dudum
4554 2422 4604 2474 in

3056 2528 3291 2599 quodam
3353 2523 3612 2577 vaticinio
3647 2519 4043 2591 praesagierat),
4078 2527 4135 2572 ut
4177 2534 4208 2571 a
4258 2515 4613 2571 Constantino

3057 2620 3233 2691 primo
3265 2617 3508 2678 condita,
3544 2617 3617 2670 ita
3673 2615 3743 2668 ab
3782 2614 3974 2666 ultimo
4010 2611 4233 2668 amissa.
4298 2607 4615 2662 immanissi-

3056 2728 3160 2768 ma
3190 2711 3496 2766 Turcarum
3569 2707 3718 2776 genti
3769 2705 4121 2775 pertinaciter
4156 2699 4492 2756 obsidionem
4525 2712 4614 2748 ur-

3055 2802 3227 2875 genti,
3260 2818 3536 2872 nunquam
3588 2802 3722 2856 satis
3761 2796 4101 2866 deplorando
4129 2793 4284 2848 orbis
4316 2788 4616 2844 Christiani

3054 2898 3256 2953 damno
3285 2895 3589 2960 concessit;
3616 2893 3782 2948 nobis
3801 2891 4008 2945 interea
4041 2885 4334 2940 manifesto
4353 2880 4619 2946 exemplo,

3057 3000 3119 3045 ut
3140 2992 3269 3045 dum
3305 2991 3360 3043 in
3394 2989 3501 3044 illis
3551 3002 3799 3041 errorum
3856 2981 4422 3053 superstitionnmque
4451 2974 4624 3028 collu-

3058 3084 3225 3146 viem,
3249 3083 3516 3137 bonarum
3546 3081 3724 3148 legum
3756 3086 4153 3143 contemptum,
4183 3069 4485 3138 disciplina:
4513 3066 4627 3118 dis-

3055 3175 3410 3239 solutionem,
3447 3174 3736 3228 intestiuas
3794 3168 4120 3228 discordias,
4148 3165 4393 3229 aulzeque
4418 3172 4472 3214 et
4495 3158 4626 3211 t‘leri

3055 3267 3416 3337 corruptelas,
3446 3275 3500 3320 et
3546 3265 3792 3334 perditos
3828 3261 4065 3328 denique
4094 3255 4276 3326 populi
4314 3267 4493 3307 mores
4533 3263 4634 3300 no-

3058 3372 3286 3425 tamus;
3341 3357 3501 3414 obvia
3544 3359 3595 3410 in
3649 3355 3926 3424 plerisque
3981 3361 4298 3404 nostrorum
4328 3357 4632 3411 temporum

1400 3455 1579 3515 aperta
1638 3443 1951 3510 impietate:
2019 3446 2075 3492 et
2125 3452 2319 3490 eorum
2374 3435 2627 3503 exemplo
2654 3444 3027 3520 corruptusc
3059 3452 3322 3508 δίιηίῃιυει

2714 3444 2954 3503 ’ττυΡιυδ
2983 3462 3027 3520 (1
3059 3452 3437 3515 similitudine,
3499 3450 3602 3503 nisi
3653 3447 3720 3501 de
3749 3445 4073 3516 paenitentia
4115 3441 4261 3495 serio
4305 3439 4636 3505 cogitemus.

1399 3540 1478 3604 (ut
1511 3535 1586 3598 fit)
1630 3533 1858 3603 populus
1887 3545 1952 3584 eo
1973 3527 2373 3590 dissolutionis,
2407 3526 2684 3594 nequitiae,
2722 3523 2961 3579 infamiae.

1400 3627 1806 3696 prolaberetur,
1847 3632 1902 3676 ut
1933 3638 2032 3690 pro
2065 3621 2209 3674 Nova
2243 3619 2414 3673 [torua
2434 3630 2488 3672 et
2529 3617 2698 3672 Sione
2726 3617 2874 3688 (naut
2909 3626 2967 3671 et

1400 3728 1499 3770 hoc
1560 3715 1718 3770 titulo
1746 3712 1850 3768 sibi
1878 3710 2314 3775 blandiebantur)
2352 3722 2488 3761 nova
2528 3706 2710 3774 p0tius
2740 3705 2966 3777 Sybaris

1402 3822 1447 3864 ut
1485 3809 1722 3864 Sodoma
1761 3807 1842 3861 vel
1877 3806 2008 3876 ipsis
2044 3803 2278 3858 testibus
2320 3811 2466 3854 esset
2489 3799 2742 3853 dicenda.
2784 3796 2965 3863 Quam

1405 3903 1805 3971 pertersiouem
1836 3898 2014 3952 fatalis
2031 3897 2149 3966 ejus
2171 3892 2421 3948 interitus
2445 3901 2499 3947 et
2526 3892 2793 3946 excidium
2816 3890 2966 3960 justo

1403 3997 1679 4048 Adrasteus
1698 3992 1903 4061 judicio
1917 4001 2002 4046 est
2023 3996 2336 4043 consecuta.
2357 3985 2651 4053 Postquam
2676 3982 2820 4037 enim
2841 3996 2964 4036 cum

1410 4087 1606 4142 vicinis
1646 4083 1899 4140 omnibus
1932 4079 2145 4152 populis
2168 4119 2182 4146 ,
2208 4079 2322 4151 jam
2351 4076 2496 4134 velut
2518 4075 2718 4148 juratis
2749 4083 2805 4132 et
2825 4073 2968 4130 divi-

3059 3549 3130 3603 ab
3159 3547 3364 3600 eisdem
3391 3544 3572 3598 causis
3597 3557 3755 3612 pares
3778 3539 3961 3594 exitus
3997 3536 4317 3592 sortiantur.
4352 3530 4485 3596 Qua:
4513 3528 4642 3596 qui-

3061 3641 3186 3696 dem
3223 3640 3326 3692 hoc
3358 3637 3476 3690 loco
3528 3635 3691 3701 paulo
3738 3631 3914 3685 fusius
3946 3629 4220 3682 disserere
4246 3663 4261 3687 ,
4313 3621 4538 3692 quando
4577 3637 4641 3672 co

3064 3735 3187 3802 ipso
3213 3746 3329 3786 aevo
3363 3729 3522 3798 cujus
3569 3727 3657 3779 hic
3697 3723 3878 3777 varios
3923 3721 4224 3788 scriptores
4266 3723 4640 3783 repraesenta-

3069 3839 3212 3885 tnus,
3259 3837 3319 3875 ea
3369 3817 3653 3890 Byzantini
3709 3813 3924 3882 imperti
3975 3810 4190 3864 eversio
4237 3805 4497 3874 contigit,
4525 3815 4580 3857 et
4611 3818 4641 3852 a

3073 3915 3260 3971 multis
3309 3914 3528 3966 illorum
3566 3908 3822 3964 adnotata
3868 3905 4188 3974 reperietur,
4241 3917 4347 3956 non
4401 3899 4638 3952 alienum

3076 4010 3406 4082 putavimus.
