4866 6594
997 350 3429 380 Mm

2166 371 3462 380 ,m_

1502 583 2227 719 ANNALES

368 871 1672 1030 SULTANORUM
1789 876 3347 1046 OTHMANIDARUM

1195 1205 1242 1261 A
1296 1200 1572 1261 TURCIS
1615 1201 1764 1261 SUA
1832 1203 2138 1263 LINGUA
2186 1206 2513 1266 SCRIPTI.

470 1386 841 1463 Hieronymi
876 1388 1036 1448 Beck
1063 1407 1100 1447 a
1131 1386 1594 1468 Leopoldstorf,
1620 1389 1826 1450 Marci
1852 1389 1943 1463 ﬁl.
1983 1387 2194 1449 studio
2228 1399 2280 1449 et
2314 1390 2648 1469 diligentia
2682 1392 3243 1473 Constantinopoli

704 1509 949 1572 advecti
975 1512 1216 1586 MDLI,
1250 1511 1395 1573 divo
1425 1511 1828 1573 Ferdinando
1863 1511 2014 1573 Ctes.
2055 1511 2200 1590 0pt.
2250 1516 2432 1577 Max.
2463 1517 2538 1577 Β.
2573 1518 2645 1578 D.
2684 1520 2995 1598 jussuque

308 1643 462 1708 Ctes.
522 1663 561 1702 α
625 1645 874 1705 Joanne
947 1642 1227 1707 Gaudier
1300 1645 1468 1708 dicto
1544 1647 1810 1726 Spiegel,
1909 1625 2251 1727 interprete
2317 1651 2581 1713 Turcico
2641 1652 3006 1715 Germanice
3077 1654 3393 1717 translati.

544 1840 821 1902 Joannes
883 1841 1323 1902 Lnuucuvws
1385 1840 1616 1903 nobilis
1690 1843 2117 1921 Angrivarius,
2184 1846 2406 1907 Latine
2471 1848 2756 1911 redditos
2819 1847 3155 1914 illustravit

1091 1974 1152 2032 et
1189 1971 1364 2035 auxit
1399 1988 1599 2052 usque
1629 1972 1706 2035 ad
1738 1989 1976 2035 annum
2007 1973 2126 2036 CIC)
2158 1977 2231 2040 IT)
2263 1976 2601 2040 XXCVIII.

843 2357 1641 2478 JOANNIS
1716 2342 2849 2480 ιΕῠΝαιΔνιι

1367 2634 1451 2676 AD
1509 2633 1786 2679 NOBILEM
1818 2631 1891 2675 AC
1933 2633 2327 2677 MAGNIFICUM

1025 2809 1100 2871 D.
1123 2808 1648 2870 HIERONYMUM
1693 2809 1899 2870 BECK
1942 2810 1995 2871 A
2028 2809 2652 2871 LEOPOLDSTORF

1171 2993 1300 3033 CES.
1354 2992 1571 3034 lllAJEST.
1619 2993 1842 3034 CAHEBE
1877 2992 2084 3033 AULICE
2134 2992 2534 3047 οοΝειιιΑιιιυκ,

959 3181 1088 3271 IN
1163 3176 1398 3270 HOS
1468 3180 2009 3271 ANNALES
2065 3179 2757 3287 ΡΒᾹΞΓΑΤΙΟ.

282 3575 446 3645 305
481 3574 736 3644 Equidem
767 3574 951 3628 audire
976 3591 1078 3628 non
1097 3575 1253 3629 semel
1280 3589 1344 3628 ex
1364 3583 1412 3628 te
1439 3575 1676 3638 memini,
1710 3576 1789 3629 vir
1820 3573 2112 3643 magniﬁce,
2151 3580 2199 3624 te
2237 3571 2654 3640 peregrinatione
2684 3569 3056 3639 tua'suscepta.
3087 3588 3206 3625 cum
3241 3572 3466 3627 Romam

199 3684 353 3717 mmo
387 3664 591 3717 Julnlco
629 3663 766 3717 1550
790 3665 1033 3728 adiisses,
1078 3673 1127 3717 et
1159 3663 1327 3717 Roma
1375 3663 1619 3718 Venetias
1645 3665 1936 3732 profectus,
1973 3666 2203 3719 indidem
2240 3666 2545 3719 triremibus
2592 3665 2886 3734 majoribus
2912 3667 2979 3718 ad
3007 3666 3256 3730 Tripolim
3289 3666 3461 3735 Syria!

197 3753 508 3821 appulisses
536 3767 554 3804 :
584 3748 868 3818 Halepum,
893 3751 1234 3815 Damascum,
1260 3750 1548 3814 Nazaret’h,
1581 3751 1636 3806 S.
1666 3751 2245 3820 S.Christisepulcrum
2272 3750 2650 3821 Hierosolymis
2669 3763 2716 3804 et
2746 3753 2798 3804 in
2831 3752 3030 3805 Arabia
3065 3761 3292 3805 montem
3325 3753 3462 3806 Oreb

197 3843 540 3904 accessisse;
579 3853 962 3910 peragrataque
997 3841 1234 3908 deinceps
1263 3839 1519 3910 rEgypto,
1549 3840 1612 3892 ab
1646 3839 1768 3892 urbe
1790 3841 1935 3894 illius
1968 3825 2292 3894 Alexandria
2316 3841 2452 3894 mari
2494 3840 2734 3908 trajecta.
2765 3857 2854 3908 per
2893 3841 3156 3894 Attalium
3193 3840 3463 3911 Pamphy-

194 3934 317 3990 [ἔω.
351 3929 632 3998 Cotyaium
657 3929 1184 4003 Phrygite,_Prusam
1225 3928 1507 3999 Bithguim,
1567 3927 1776 3981 tandem
1802 3928 2124 3999 Byzantium
2155 3930 2388 3983 Thracire
2425 3931 2739 4000 pervenisse.
2806 3929 3053 4000 Byzantii
3087 3947 3222 3992 vero,
3263 3931 3316 3983 in
3340 3949 3458 3982 ατη-

191 4020 460 4085 piissima
486 4019 823 4072 Turcicorum
852 4020 970 4083 sede
998 4020 1163 4086 regia,
1197 4016 1388 4071 librum
1416 4015 1636 4069 Turcica
1659 4015 1840 4084 lingua
1894 4018 2166 4083 scriptum,
2222 4017 2497 4072 Otlnnantc
2559 4017 2783 4085 familia:
2832 4018 3128 4084 principum
3163 4034 3240 4070 res
3281 4027 3456 4085 gestas

186 4107 588 4166 continentem,
619 4122 806 4172 magno
842 4105 1038 4168 studio,
1077 4121 1169 4158 nec
1204 4105 1350 4158 nullo
1380 4115 1592 4174 sumptu
1632 4105 1794 4173 fuisse
1825 4115 2201 4161 consecutum:
2244 4121 2397 4174 quem
2449 4105 2569 4158 divo
2607 4103 2948 4158 lt'erdinando
2971 4103 3270 4159 Rom.Ctes.
3313 4106 3458 4173 pien-

185 4197 440 4254 tissimo,
476 4209 612 4245 anno
648 4192 999 4247 Christiifiiil
1041 4193 1186 4261 felici
1218 4203 1306 4252 tuo
1331 4193 1384 4245 in
1409 4193 1684 4246 Austriam
1713 4191 1906 4255 reditu,
1937 4193 2073 4246 dono
2125 4192 2374 4245 obtuleris
2406 4192 2718 4244 :humiliter
2735 4203 2887 4244 orato
2949 4207 3090 4260 rege,
3136 4203 3191 4244 ut
3229 4191 3455 4260 publica:

179 4284 459 4336 utilitatis
481 4300 642 4337 causa
675 4286 727 4337 in
760 4283 1007 4337 Latinam
1032 4284 1109 4336 vel
1149 4282 1518 4337 Germanicam
1549 4283 1786 4352 linguam
1832 4280 2135 4334 vertendum
2164 4281 2395 4350 juberet.
2433 4279 2564 4333 Post
2595 4279 2690 4337 illa
2715 4290 2780 4343 te,
2807 4281 2983 4348 o/ﬁcit's
3007 4281 3333 4349 negotiisque
3362 4297 3460 4348 pu-

177 4375 359 4425 blicis
396 4376 660 4438 obrutum,
699 4373 944 4441 exiguam
974 4375 1132 4442 hujus
1171 4373 1446 4427 reicuram
1477 4373 1758 4435 habuisse;
1788 4386 1945 4438 quam
1986 4379 2160 4421 tamen
2185 4370 2395 4438 penitus
2429 4367 2570 4419 haud
2607 4368 2878 4434 abjeceris.
2907 4366 3105 4434 Elapso
3131 4384 3233 4420 non
3271 4369 3463 4434 exiguo

170 4474 443 4525 tempore
465 4459 626 4529 306
653 4476 770 4511 cum
794 4460 983 4512 nobilis
1014 4461 1089 4512 vir
1125 4458 1336 4513 Ulricus
1399 4458 1799 4518 Masrhwantler
1828 4478 1860 4513 a
1908 4460 2277 4531 Cranigsperg,
2333 4461 2420 4529 qui
2451 4459 2633 4510 multis
2688 4459 2841 4510 annis
2862 4458 2981 4511 divo
3019 4457 3363 4511 Ferdinando
3401 4460 3456 4510 in

163 4569 206 4602 ι’
221 4549 450 4599 ubicqu
475 4548 908 4614 inservivit,filite
930 4564 1060 4610 sure,
1089 4548 1372 4616 Alphonsa:
1405 4548 1469 4602 de
1507 4547 1697 4603 Games
1749 4551 1802 4602 in
1842 4551 2241 4602 matrimonium
2270 4548 2562 4609 collocatae,
2594 4547 2852 4600 solemnes
2897 4545 3108 4600 Vienna:
3143 4549 3355 4615 nuptias
3373 4562 3460 4598 ce-

159 4639 434 4692 Iebraret
462 4652 478 4688 :
511 4652 624 4689 eum
645 4637 761 4698 tibi,
785 4637 849 4690 de
879 4636 970 4689 illo
997 4636 1132 4690 libro
1160 4637 1471 4708 diligentius
1501 4638 1798 4691 sciscitanti
1842 4637 2192 4705 respondisse,
2218 4635 2472 4686 memoria
2525 4650 2578 4686 se
2641 4643 2830 4710 tenere,
2876 4630 3139 4686 Caesarem
3179 4635 3457 4700 interpreti

152 4742 293 4777 suo
338 4723 558 4776 Turcico
582 4723 810 4777 Annales
841 4724 1094 4793 quosdam
1129 4726 1384 4789 vertendi,
1413 4727 1788 4793 exercendique
1825 4726 1938 4793 ejus
1976 4726 2176 4793 gratia,
2216 4724 2496 4776 tradidisse
2524 4737 2542 4772 :
2576 4722 2866 4792 liabereque
2895 4739 2950 4776 se
2983 4721 3260 4775 Turcicam
3292 4724 3458 4775 histo-

149 4795 365 4874 r-iam,
390 4811 574 4879 lingua
605 4812 942 4878 Germanica,
977 4828 1136 4865 manu
1166 4813 1440 4880 scriptam.
1477 4811 1628 4864 Hanc
1666 4814 1830 4881 igitur
1860 4830 2000 4866 anno
2033 4815 2169 4867 1586
2219 4815 2283 4865 ab
2320 4814 2412 4866 illo
2447 4813 2540 4865 tibi
2601 4814 2838 4877 missam,
2881 4829 2999 4865 cum
3045 4829 3108 4866 ex
3151 4815 3454 4880 interpretis

139 4901 431 4955 Joannis
462 4897 719 4960 Gaudier,
755 4900 885 4952 dicti
915 4898 1144 4967 Spiegel,
1178 4901 1402 4965 epistola
1428 4901 1766 4970 prowmiaca.
1799 4903 2086 4955 versionem
2109 4919 2218 4954 esse
2253 4903 2378 4954 libri
2415 4904 2513 4960 tui.
2545 4917 2742 4970 magna
2771 4918 2888 4954 cum
2919 4903 3182 4961 uoluptate
3210 4904 3456 4970 agnovis-

139 5005 272 5044 εει
301 5029 317 5045 .
367 4990 551 5038 statim
577 4989 803 5041 exscribi
824 4988 1060 5055 jussisti.
1093 4986 1325 5042 Fuerant
1358 5006 1452 5059 ego
1486 4989 1797 5057 prazcedenti
1824 4999 1947 5042 tunc
1976 5008 2110 5042 anno
2168 4989 2627 5057 Constantinopoli
2665 4989 2915 5042 Viennam
2945 5006 3201 5046 reversus.
3231 4991 3315 5042 cui
3346 5007 3450 5042 non

132 5076 458 5132 iudicasti
490 5079 854 5130 tantummodo
882 5077 944 5130 de
977 5080 1193 5145 repertis
1217 5078 1322 5130 illis
1354 5078 1647 5130 Annalibus
1689 5078 1818 5141 tuis,
1884 5095 2053 5132 verum
2081 5081 2240 5130 etiam
2265 5095 2365 5129 non
2398 5078 2613 5141 invitus,
2648 5094 2764 5147 quae
2821 5078 3110 5146 singularis
3168 5081 3220 5131 in
3245 5095 3326 5131 me
3358 5089 3448 5131 tua

119 5179 257 5225 est
289 5164 680 5231 benevolentia,
714 5183 914 5219 mecum
939 5181 1023 5221 eos
1059 5170 1484 5222 comnmnicasti.
1518 5165 1724 5220 Lubens
1760 5169 1855 5219 hoc
1887 5164 2125 5234 equidem
2148 5164 2363 5232 perlegi,
2394 5181 2614 5233 cumque
2667 5180 2768 5216 non
2832 5181 3044 5233 parum,
3086 5165 3324 5232 pluribus
3383 5166 3450 5220 de

116 5277 235 5315 ca
251 5255 400 5314 usis,
431 5255 716 5320 placerent,
780 5256 985 5309 eosdem
1010 5265 1195 5324 rogatu
1232 5267 1319 5308 tuo
1354 5255 1562 5318 Latine,
1597 5267 1652 5308 ut
1676 5258 1725 5307 in
1751 5256 1914 5306 lucem
1935 5253 2062 5304 editi
2094 5252 2394 5304 nationibus
2433 5253 2628 5304 exteris
2681 5252 2842 5305 etiam
2875 5254 2996 5307 usui
3062 5267 3251 5318 essent,
3297 5265 3447 5306 tran-

111 5343 410 5410 scripsi.
438 5341 666 5394 llcdeunt
695 5343 860 5412 igitur
893 5346 961 5396 ad
987 5356 1032 5396 te
1059 5361 1193 5396 nunc
1223 5345 1354 5413 typis
1388 5345 1621 5411 expressi
1647 5343 2095 5411 chalcographiris
2147 5340 2382 5393 Annales
2411 5339 2650 5403 Turcici,
2687 5349 2774 5392 tuo
2807 5342 2897 5410 qui
2926 5342 3185 5394 debentur
3243 5342 3444 5397 studio.

99 5427 332 5504 quod
363 5442 473 5478 non
507 5436 712 5478 tantum
743 5443 826 5479 eos
865 5443 929 5480 ea:
959 5427 1068 5480 illis
1101 5428 1227 5480 locis
1271 5438 1437 5480 tecum
1473 5427 1702 5478 attulisti
1731 5441 1748 5477 :
1775 5444 1951 5482 verum
1981 5430 2139 5482 etiam
2180 5444 2338 5496 prope
2370 5427 2606 5493 sepultos
2637 5427 2699 5480 ab
2765 5430 2918 5480 annis
2951 5429 3017 5481 37
3055 5439 3104 5482 et
3159 5431 3300 5498 ipsos
3349 5433 3450 5482 eri—

95 5539 232 5593 pu
249 5516 354 5569 isti
388 5530 575 5566 rursus
608 5532 633 5567 e
660 5515 907 5579 tenebris,
935 5525 984 5568 et
1013 5517 1312 5568 latitantem
1343 5516 1472 5568 alibi
1497 5513 1857 5569 Germanicam
1887 5534 2088 5586 quoque
2120 5519 2399 5569 versionem
2439 5534 2469 5568 a
2503 5516 2680 5570 blattis
2712 5526 2760 5568 et
2789 5517 2942 5570 tineis
2991 5519 3288 5571 asset—nisti.
3328 5517 3446 5581 Qua

86 5618 220 5669 (le
266 5620 474 5666 causa,
505 5619 622 5653 cum
653 5603 775 5654 libri
797 5605 865 5655 ad
899 5621 989 5658 nos
1019 5605 1315 5672 perferendi
1345 5605 1546 5672 primus
1581 5613 1787 5665 auctor,
1811 5605 1944 5658 idem
1977 5606 2198 5672 perituri
2240 5605 2426 5657 vindex
2461 5613 2509 5656 ct
2535 5615 2872 5657 conservator
2902 5607 3164 5659 exstiteris
3198 5621 3215 5658 :
3251 5605 3444 5674 absque

85 5696 293 5764 gain
306 5694 394 5746 ria
431 5701 543 5753 tua,
568 5690 798 5756 cujusvis
819 5692 1039 5744 alterius
1061 5695 1309 5760 prtt'l'crre
1337 5709 1520 5744 nomen
1546 5692 1772 5746 Annales
1799 5696 1898 5760 ipsi
1927 5706 2202 5763 nequeunt.
2241 5693 2412 5746 Meam
2443 5710 2559 5746 vero
2588 5693 2985 5761 inIexpoliendis
3010 5697 3087 5747 his
3121 5696 3442 5746 laboriosam

79 5799 407 5862 ppcram
436 5780 781 5850 probaturum
821 5791 886 5845 te,
923 5801 1036 5835 tun
1068 5782 1183 5834 aliis
1213 5784 1412 5836 sincere
1441 5783 1832 5851 judicau'ibus,
1867 5800 1992 5836 sane
2028 5783 2254 5850 cun/ida.
2283 5780 2418 5838 Cum
2451 5783 2586 5835 enim
2614 5783 2695 5834 vir
2726 5781 2933 5836 clariss.
2974 5781 3128 5850 llngo
3153 5780 3356 5835 Blotiu;
3384 5779 3433 5834 J.
