4866 6594
285 399 392 461 577
1212 403 1555 466 ANNAI.ES
1592 399 1932 461 TURCICI.
1976 425 2040 432 —
2080 402 2201 459 ΕΜ

1592 399 1932 461 TURCICI.
1976 425 2040 432 —
2080 401 2312 460 Ειιίέίν.
2355 399 2598 459 υΕῡις.
3412 402 3513 459 578

653 731 1251 843 JOANNIS
1338 730 1967 843 GAUDIER
2060 732 2451 843 DICTI
2539 727 3131 842 SPIEGEL

1500 948 1776 1004 TURCICI
1842 948 2301 1005 INTERPRETIS

554 1104 965 1167 EPISTOLA
1051 1106 1688 1171 PR/ELIMINARIS
1773 1110 1888 1170 AD
1959 1112 2034 1173 D.
2103 1111 2727 1173 FERDINANDUM
2803 1111 2999 1174 ROM.
3080 1114 3274 1174 C/ES.

1080 1448 1445 1516 Serenissime,
1482 1454 1837 1519 potentissime
1865 1451 1997 1517 Rex,
2050 1456 2268 1510 Domine
2304 1458 2719 1513 clementissime.

352 1588 658 1658 309Cum
682 1606 784 1643 non
819 1591 892 1643 ita
919 1591 1119 1656 pridem
1150 1592 1295 1661 regia
1324 1590 1505 1645 Vestra
1532 1591 1789 1662 Majestas
1815 1597 2006 1650 librum
2032 1594 2305 1648 Turcicnm
2330 1596 2455 1647 mihi
2473 1594 2813 1653 commiserit.
2835 1595 2888 1646 in
2906 1610 3004 1663 quo
3028 1605 3172 1647 ortus
3194 1605 3350 1662 atque
3371 1609 3515 1664 gesta

280 1676 445 1744 impp.
478 1676 811 1728 Turcicorum
837 1677 1240 1730 describuntur:
1264 1695 1409 1746 quem
1445 1682 1649 1746 quidem
1679 1683 1833 1751 regia:
1864 1678 2065 1732 Vestra:
2096 1677 2392 1745 Majestatis
2426 1678 2633 1734 nobilis.
2660 1687 2904 1729 strenuus
2963 1688 3116 1744 atque
3146 1680 3513 1747 integerrimus

280 1768 632 1836 Hieronymus
669 1768 803 1821 Beck
833 1786 865 1820 a
902 1767 1275 1837 Leopoldstorf
1299 1785 1361 1821 ex
1408 1771 1590 1824 itinere
1638 1769 2109 1838 Hierosolymitano
2130 1776 2178 1817 et
2230 1763 2421 1817 Turcia
2480 1765 2701 1822 rediens.
2745 1764 2929 1815 obtulit
2964 1781 2980 1817 :
3031 1768 3120 1830 qui
3154 1766 3279 1817 mihi
3307 1782 3338 1817 a
3373 1770 3513 1833 regia

291 1856 472 1908 Vestra
505 1856 788 1925 Majestate
824 1857 1130 1910 Germanice
1157 1859 1604 1926 interpretandus,
1633 1862 1908 1911 clementer
1940 1854 2318 1909 demandatus:
2371 1855 2507 1918 quod
2556 1851 2824 1903 humiliter
2874 1855 3117 1918 prmstiti,
3150 1871 3308 1921 eaque
3347 1870 3448 1921 qua
3484 1876 3513 1904 ιι

282 1944 467 1998 Turcis
492 1951 718 2013 scriptus
746 1956 821 1998 est
852 1946 1114 2011 methodo,
1153 1949 1205 1998 in
1262 1946 1461 2000 idioma
1519 1940 1882 2000 Germanicum
1919 1942 2186 1998 transtuli.
2220 1941 2356 1994 Licet
2407 1956 2523 1993 vero
2586 1942 2815 2008 idipsnm
2856 1943 3074 1993 libenter
3135 1958 3275 1994 more
3299 1954 3346 1993 et
3381 1945 3514 2011 ston

274 2034 533 2086 rhetorico
561 2035 883 2102 effecissent:
920 2037 1010 2088 sed
1028 2052 1139 2087 cum
1168 2036 1231 2086 ab
1262 2035 1471 2087 ineunte
1494 2046 1666 2102 aetate,
1697 2051 1887 2103 parum
1928 2039 2208 2086 admodum
2244 2032 2431 2084 litteris
2454 2032 2849 2084 humanioribus
2905 2034 3096 2098 fuerim
3125 2034 3380 2093 imbutus,
3433 2048 3511 2084 tt:—

268 2138 373 2191 Aque
405 2123 705 2191 hujusmodi
731 2125 782 2176 in
812 2124 963 2177 rebus
998 2125 1209 2177 minime
1234 2135 1502 2189 versatus,-
1533 2136 1687 2177 certte
1741 2135 1913 2177 tamen
1976 2140 2089 2177 sum
2132 2123 2257 2186 spei,
2315 2122 2543 2173 laborem
2594 2121 2730 2173 hunc
2795 2122 3038 2188 exiguum
3098 2138 3253 2188 regia:
3322 2122 3513 2175 Vestra:

278 2211 549 2279 Majestati
601 2211 946 2280 placiturum.
981 2214 1326 2266 Adnotassem
1352 2216 1519 2266 etiam
1569 2215 1727 2266 simul
1757 2229 1858 2281 quo
1889 2225 2115 2278 tempore
2172 2212 2457 2262 secundum
2483 2226 2645 2261 annos
2701 2210 2891 2262 salutis
2932 2220 3127 2262 nostra
3192 2213 3300 2263 hwc
3368 2221 3510 2277 gestu

273 2299 535 2365 fuissent:
564 2316 738 2352 verum
765 2317 881 2352 eum
914 2302 1039 2353 anni
1072 2299 1359 2353 Turcorum
1390 2301 1649 2353 breviores
1673 2302 1777 2353 sint
1804 2303 2016 2359 nostris,
2055 2316 2212 2367 neque
2265 2302 2491 2364 ipsorum
2528 2299 2873 2351 anniversarii
2913 2299 3043 2360 dies,
3080 2300 3212 2350 sicut
3251 2299 3391 2366 apud
3418 2316 3509 2351 nos

274 2388 624 2449 Christianos,
660 2390 713 2441 in
769 2392 906 2442 idem
969 2400 1168 2458 tempus
1215 2391 1532 2455 coincidant,
1592 2391 1708 2444 licet
1740 2395 1895 2443 etiam
1950 2390 2047 2455 ipsi
2104 2391 2156 2440 in
2215 2405 2352 2440 anno
2405 2404 2598 2439 menses
2666 2387 2937 2437 duodecim
3012 2387 3275 2440 habeant:
3336 2398 3508 2439 tamen

264 2479 370 2527 hoc
439 2488 642 2530 tantum
712 2480 915 2530 ratione
966 2481 1256 2545 splendoris
1326 2482 1505 2542 laute;
1570 2482 1784 2547 insuper
1833 2478 2061 2531 scribunt
2150 2479 2248 2541 ipsi
2339 2476 2640 2551 dicuntque,
2725 2478 2893 2542 spatio
2981 2478 3196 2542 triginta
3284 2477 3507 2527 duorum

268 2580 555 2630 annorum,
577 2566 860 2618 secundum
892 2568 1124 2633 ipsorum
1153 2571 1623 2637 computationem,
1655 2571 1833 2620 caelum
1860 2566 2044 2619 mobile
2079 2582 2165 2616 seu
2205 2565 2595 2632 ﬁrmamentum
2652 2580 2804 2615 suum
2861 2565 3127 2616 absolvere
3150 2579 3398 2616 cursum:
3457 2565 3509 2615 id

272 2654 596 2706 tantumdem
626 2659 734 2720 fere
751 2666 905 2716 esset,
943 2670 1059 2706 cum
1087 2671 1180 2708 nos
1213 2654 1503 2711 Christiani
1534 2658 1748 2725 trignta
1768 2672 1948 2717 unum,
1984 2656 2079 2721 ipsi
2117 2656 2331 2721 triginta
2376 2653 2507 2703 duos
2536 2668 2702 2704 annos
2737 2653 3018 2705 scriberent
3052 2656 3506 2718 nominarentque.

271 2738 342 2791 Et
368 2745 697 2801 quantumvis
718 2759 783 2795 ex
809 2760 925 2795 mea
957 2746 1308 2798 translatione
1337 2748 1629 2813 computari
1666 2762 1765 2797 non
1782 2751 1973 2811 potest,
2012 2761 2110 2812 quo
2131 2754 2355 2810 tempore
2396 2758 2656 2795 annorum
2687 2740 2883 2795 Christi
2912 2743 2990 2793 ha'
3019 2743 3178 2809 impp.
3220 2741 3507 2794 Tureorum

273 2844 357 2880 res
390 2838 551 2896 gestae
580 2834 724 2883 sint:
762 2842 995 2884 attamen
1032 2834 1242 2886 omnino
1272 2833 1630 2903 gubernatori,
1664 2833 1867 2885 militia:
1890 2834 2031 2892 duci,
2062 2842 2152 2885 aut
2177 2832 2472 2898 capitaneo,
2501 2832 2584 2883 cui
2615 2847 2732 2883 cum
2762 2831 2991 2884 inimicis
3021 2828 3311 2885 Christiani
3340 2833 3510 2884 nomi—

272 2919 353 2970 nis
387 2920 667 2987 agendum,
694 2925 828 2972 lectu
864 2936 1033 2986 operte
1057 2923 1285 2988 pretium
1312 2937 1422 2974 esse
1445 2924 1707 2973 existimo.
1746 2920 1879 2971 "me
1899 2937 2120 2989 namque
2158 2921 2324 2972 videre
2354 2921 2493 2980 licet,
2522 2921 2645 2987 quid
2697 2920 2884 2986 palilia
2917 2928 3007 2970 aut
3031 2920 3241 2971 animus
3266 2920 3507 2973 heroicus

270 3003 465 3066 valeat,
494 3006 819 3075 qualiterque
843 3010 1183 3077 magistratus
1217 3024 1340 3076 erga
1368 3009 1567 3075 proprii
1590 3010 1869 3072 commoti,
1896 3024 2082 3061 avaros
2134 3021 2289 3076 atque
2315 3008 2563 3074 superbos
2594 3008 2833 3059 homines
2872 3022 2924 3058 se
2974 3006 3217 3059 exhibere
3272 3023 3509 3059 remune-

269 3092 486 3159 rurique
522 3094 736 3159 debeat;
762 3098 916 3158 quale
937 3097 1098 3149 etiam
1125 3096 1496 3149 detrimentum
1518 3098 1712 3163 patria:
1741 3105 1893 3163 atque
1922 3098 2195 3159 exercitui,
2232 3098 2290 3148 ob
2322 3095 2748 3155 inobedientiam,
2788 3094 3169 3163 confusionem,
3203 3094 3505 3161 perﬁdiam,

269 3180 595 3248 superbiam,
623 3184 892 3252 proprium
919 3185 1268 3249 commodum,
1302 3186 1431 3238 oriri
1468 3197 1512 3239 et
1541 3185 1776 3238 accidere
1796 3187 1981 3254 possit.
2023 3185 2307 3251 Propterea
2361 3185 2518 3253 facile
2540 3185 2785 3253 colligere
2842 3184 2963 3234 hinc
2996 3183 3136 3245 licet,
3163 3199 3281 3235 cum
3310 3184 3489 3236 moder

268 3270 328 3319 ui
350 3271 688 3335 imperatores
717 3270 923 3325 Turcici
952 3289 1125 3341 parva:
1161 3284 1313 3342 atque
1345 3274 1581 3327 obscura:
1614 3275 1856 3343 farniliw,
1882 3290 1996 3326 cum
2024 3277 2212 3342 exigua
2243 3288 2402 3325 manu
2443 3276 2499 3324 in
2531 3275 2839 3323 immensum
2869 3272 3145 3333 creverint,
3185 3273 3259 3323 uti
3302 3274 3506 3337 quidem

269 3372 339 3409 es:
362 3359 585 3411 historia
609 3359 707 3412 hac
731 3361 987 3430 intelligo,
1020 3361 1158 3431 quod
1196 3364 1348 3423 Asia.
1375 3361 1599 3423 Cra'cia,
1630 3364 1905 3430 Bulgaria,
1928 3365 2239 3426 Arbanesia,
2264 3361 2482 3426 Bosuia,
2509 3361 2712 3424 Servio,
2742 3362 2953 3414 nonnisi
2976 3371 3185 3429 propter
3212 3363 3508 3413 inobedien-

271 3446 427 3509 tiam,
447 3447 823 3514 confusionem,
848 3451 1143 3517 perﬁdiam,
1170 3452 1485 3516 superbiam,
1505 3464 1551 3504 et
1574 3468 1679 3503 rem
1706 3455 1986 3519 privatam.
2013 3453 2064 3502 in
2087 3463 2154 3501 tot
2182 3452 2511 3503 calamitates
2535 3463 2689 3519 atque
2712 3467 2897 3502 manus
2924 3452 3253 3503 inimicorum
3282 3452 3508 3503 nominis

268 3534 435 3601 310
471 3533 762 3588 Christiani
790 3537 1108 3590 inciderint:
1130 3539 1267 3606 quod
1289 3540 1438 3607 (proh
1468 3541 1687 3607 Deum!)
1718 3541 1961 3592 hodierno
2011 3540 2176 3590 adhuc
2198 3543 2280 3590 dte
2300 3538 2499 3590 euenire
2539 3542 2789 3591 videmus.
2814 3536 2951 3589 Nam
2972 3556 3087 3606 qua:
3119 3539 3225 3591 alia
3244 3548 3318 3591 est
3347 3556 3507 3590 causa

264 3619 586 3674 Christiana:
606 3625 1001 3685 devastationis,
1019 3641 1174 3692 quant
1192 3627 1556 3686 inobedientia,
1571 3627 1811 3694 per/idia,
1829 3628 2022 3680 avarizi
2040 3649 2074 3691 ι,
2096 3628 2353 3694 superbia,
2370 3637 2414 3678 et
2435 3628 2507 3677 rei
2523 3628 2741 3693 privatae
2760 3628 3027 3679 studium?
3045 3624 3181 3677 Nam
3202 3628 3283 3677 hic
3303 3643 3506 3693 propter

267 3725 426 3759 suum
445 3711 772 3763 commodum
793 3712 928 3778 [avet
950 3713 1154 3776 Turcis,
1177 3714 1312 3765 alter
1332 3714 1651 3769 Woiwodaz:
1677 3717 1881 3778 tertius,
1903 3715 2032 3767 nulli
2048 3715 2349 3782 obsequens,
2370 3714 2593 3779 seipsum
2612 3714 2879 3769 dominum
2900 3725 3091 3766 censet.
3119 3715 3259 3768 Unde
3274 3716 3332 3781 fit
3352 3733 3506 3783 porro

265 3799 408 3862 quod
428 3814 517 3849 nos
538 3803 711 3850 omnia
732 3800 863 3852 bella
886 3818 1008 3869 erga
1032 3801 1319 3857 Christiani
1341 3807 1565 3857 nominis
1585 3806 1753 3856 hostes
1776 3805 2044 3864 instituta,
2068 3804 2237 3855 minus
2264 3818 2504 3870 prospere
2520 3818 2783 3870 geramus,
2800 3818 2957 3869 quam
2982 3813 3190 3868 propter
3207 3804 3505 3855 inooedten-

263 3885 813 3952 tiam,coufusiouem,
835 3891 1135 3956 perﬁdiam.
1164 3894 1463 3954 avaritiam,
1494 3896 1816 3959 superbiam,
1846 3903 1893 3946 et
1924 3896 2192 3959 proprium
2229 3888 2704 3945 commodum?Nos
2734 3893 3098 3944 existimamus
3131 3896 3267 3957 ipsos
3300 3894 3505 3943 minime

264 3972 573 4035 subsistere,
605 3991 713 4026 rem
748 3987 984 4029 nostram
1010 3980 1394 4033 inconsiderate
1424 3982 1782 4049 aggredimur,
1808 3992 1854 4031 et
1881 3983 2219 4049 proponimus
2253 3980 2399 4031 nobis
2453 3995 2668 4048 magnus
2698 3996 2815 4045 opes
2847 3979 2909 4030 ab
2944 3981 3072 4045 ipsis
3116 3981 3501 4046 acqu.rendas:

261 4062 438 4125 primo
466 4077 740 4129 congressu
784 4064 985 4116 alacres
1016 4079 1169 4134 atque
1207 4070 1432 4121 animosi
1466 4085 1671 4129 sumus,
1705 4085 1876 4121 verum
1914 4072 2059 4121 illico
2116 4068 2451 4121 remittimus.
2513 4069 2647 4119 Deus
2698 4069 3019 4133 omnipo‘ens
3075 4084 3227 4119 suam
3261 4069 3501 4134 dignetur

263 4148 421 4199 nobis
443 4152 665 4216 gratiam
704 4153 911 4221 largiri,
941 4170 1042 4221 quo
1074 4171 1164 4207 nos
1194 4172 1315 4222 erga
1345 4157 1601 4222 ejusmodi
1631 4158 1792 4209 divini
1816 4159 2040 4208 nominis
2069 4157 2238 4208 hostes
2266 4156 2576 4223 dirigamus,
2605 4157 2959 4222 superioribus
2992 4166 3039 4207 et
3070 4157 3406 4222 magistratui
3433 4158 3502 4207 si-

261 4252 383 4287 mus
416 4240 768 4304 obsequentes,
797 4241 985 4292 bonam
1007 4243 1247 4303 politimn
1272 4260 1650 4308 conservemus,
1690 4246 1948 4305 avaritiae,
1995 4244 2269 4310 superbiae,
2328 4253 2374 4295 et
2408 4244 2481 4293 rei
2533 4245 2778 4307 privatae,
2831 4254 3085 4313 quantum
3139 4259 3345 4309 aquam
3399 4255 3501 4303 est,

259 4326 602 4387 tribuamus;
633 4344 694 4379 ne
724 4338 772 4381 et
813 4346 903 4380 nos
928 4333 1137 4381 tandem
1174 4331 1330 4399 lquod
1360 4331 1494 4383 Deus
1515 4348 1804 4398 prtecavere
1826 4332 1961 4399 velit)
1994 4334 2146 4384 sicuti
2188 4332 2468 4383 nominaiw
2512 4332 2741 4400 regiones
2763 4333 2816 4383 in
2844 4334 3074 4383 maxima
3102 4332 3297 4385 dantuu
3326 4352 3501 4388 veniu-

260 4426 408 4473 mus,
432 4422 479 4462 et
504 4417 782 4477 posteritas
812 4425 992 4467 nostra
1022 4418 1175 4482 [idem
1203 4425 1356 4485 atque
1388 4418 1685 4486 religionem
1718 4419 2037 4473 d:abolicam
2076 4421 2332 4487 suscipere
2369 4430 2605 4486 cogatur.
2644 4421 2796 4482 Quod
2826 4420 2964 4473 Deus
2998 4423 3049 4473 in
3084 4433 3333 4475 a'ternum
3356 4430 3501 4477 nobis

255 4505 549 4552 concedere
577 4504 820 4569 dignetur
848 4509 945 4571 (α).
974 4507 1161 4557 Amen.

338 4635 513 4705 liegiie
547 4639 730 4695 Vestra:
762 4642 808 4693 Μ
819 4642 1056 4712 ajestatis

1675 4796 2038 4857 llumiilimus,
2102 4802 2555 4848 obedientissnnus
2582 4799 2822 4861 servitor,
2854 4806 2901 4847 et
2943 4798 3193 4863 interpres
3225 4797 3493 4855 Turricns,

2414 4952 2643 5009 Jossuss
2668 4953 2987 5015 GAUlilER.
3027 4925 3161 5009 alios
3192 4955 3493 5010 S.'|l‘.Gl.L.

314 5822 395 5879 (α)
439 5816 808 5875 Exspectabam,
850 5822 982 5875 Quot
1025 5824 1146 5868 Deus
1182 5834 1208 5867 a
1244 5824 1373 5869 ηυῐηιδ
1408 5829 1606 5871 ot'ertat.
