4866 6594
955 6081 1072 6151 η

1294 524 1404 590 579
2550 517 2906 578 ANNALES
2942 514 3282 576 TURCICI.
4449 503 4549 565 580

1511 1132 2813 1296 SULTANORUM
2926 1123 4335 1283 OSMANIDABUM

2185 1442 2282 1499 AB
2319 1442 2517 1500 lPSIS
2556 1439 2844 1501 TURCIS
2879 1437 3270 1498 MEMORI£
3321 1437 3670 1498 PRODITI.

1365 1757 1521 1828 311
1576 1751 1797 1805 Primus
1846 1751 1988 1820 apud
2045 1749 2256 1803 Turcos
2297 1765 2478 1802 rerum
2533 1749 2733 1817 potitus
2776 1747 2875 1798 fuit
2904 1752 2950 1808 Α
2979 1747 3175 1801 itinere
3207 1786 3222 1811 ,
3264 1743 3565 1813 Chalepnm
3601 1741 3776 1796 adiit:
3829 1742 3882 1796 in
3917 1758 4023 1812 qua
4076 1741 4419 1810 profectione
4467 1743 4557 1794 de-

1295 1848 1629 1916 Usman.qui
1658 1856 1865 1914 patrem
1896 1845 2086 1896 habuit
2120 1842 2455 1896 Ertuculeiu.
2483 1839 2580 1893 Hic
2602 1841 2745 1893 ﬁlius
2772 1838 2869 1891 fuit

1297 1943 1630 1997 Soleimanis
1659 1939 1851 1991 Seachi
1882 1954 1895 1989 :
1927 1934 2583 2003 Soleimanes.Cahielpts
2617 1935 2870 1988 :Cabiel—

1303 2054 1416 2102 peis,
1462 2036 1795 2099 Ctisullmgze
1828 2049 1840 2083 :
1876 2030 2213 2097 Cusulbuga,
2251 2027 2574 2081 Bainderis:
2621 2025 2873 2088 Baindet‘,

1296 2128 1574 2180 Uacnlitcis
1637 2141 1648 2175 :
1704 2123 2012 2186 (iiroluces,
2072 2121 2420 2190 Baisungcris
2474 2136 2488 2174 :
2545 2118 2871 2186 Baisunger,

1302 2218 1457 2272 llak's
1500 2221 1624 2285 Agre
1661 2235 1673 2268 :
1707 2215 1876 2269 Bakes
1905 2217 2038 2283 Λεία,
2086 2213 2264 2267 Ciaris
2315 2215 2439 2281 Agit:
2470 2230 2483 2265 :
2519 2213 2707 2265 Liaces
2741 2214 2874 2280 Aga,

1299 2311 1643 2364 Toctemuris
1699 2328 1712 2364 :
1748 2307 2070 2368 Toeteinur,
2114 2307 2476 2359 \‘ersaiobis:
2531 2303 2876 2366 Versaiobes,

1297 2403 1572 2471 Citikclpis
1608 2420 1620 2457 :
1657 2401 1972 2470 Giokelpes,
2026 2398 2227 2469 Ogiizis
2265 2415 2278 2450 :
2311 2396 2525 2468 Oguzes
2554 2413 2567 2448 :
2601 2397 2878 2450 Caracha-

1301 2501 1388 2551 nis
1445 2515 1459 2549 :
1519 2497 1828 2558 (Jarachan,
1879 2491 2223 2548 Cutluzeccis
2267 2492 2671 2545 :(Lutluzecces
2728 2490 2877 2543 deni-

1300 2606 1407 2658 que
1467 2588 1707 2642 Lecrace
1775 2599 1928 2656 patre
1964 2597 2127 2639 natus
2189 2587 2310 2638 fuit.
2367 2584 2428 2638 lli
2491 2583 2876 2653 septemdecim

1299 2687 1565 2735 duntaxat
1605 2690 1861 2733 auctores
1887 2679 2050 2748 hujus
2083 2680 2300 2732 familia:
2350 2680 2652 2732 litterarum
2686 2692 2882 2730 monu-

1305 2780 1499 2828 mentis
1535 2775 1735 2842 proditi
1781 2783 2161 2827 recensentur.
2194 2771 2414 2834 (lateri,
2440 2785 2678 2840 quorum
2725 2769 2882 2839 igno-

1303 2881 1353 2920 ta
1406 2868 1651 2927 nomina.
1711 2867 1973 2919 Continua
2024 2864 2165 2918 serie
2212 2862 2486 2916 referendi
2539 2862 2767 2915 veniunt
2813 2859 2880 2914 ad

1303 2959 1614 3029 Japhelttm,
1649 2955 1816 3011 Nolia:
1860 2957 2054 3010 filium.
2093 2955 2209 3021 Ipsa
2241 2954 2462 3023 quidem
2507 2954 2622 3007 haec
2653 2954 2882 3022 Oguzio-

1305 3068 1422 3104 rum
1479 3053 1621 3104 dicta
1691 3049 1920 3112 familia,
1986 3046 2340 3101 successione
2395 3054 2652 3114 perpetua
2692 3059 2879 3097 rerum

1306 3146 1449 3215 apud
1485 3144 1714 3198 Parthos
1747 3142 1918 3212 potita
1950 3139 2074 3205 fuit,
2109 3140 2467 3207 hominesque
2495 3138 2647 3191 fuere
2676 3135 2885 3203 simpli-
2919 3129 2961 3185 Β

1305 3255 1397 3292 res
1426 3249 1479 3292 et
1512 3238 1675 3290 rudes
1711 3254 1725 3289 :
1769 3235 1863 3304 qui
1911 3244 2117 3304 postea.
2141 3248 2307 3302 quam
2343 3233 2516 3302 primo
2567 3229 2882 3298 religionem

1308 3331 1746 3385 Maliunietanam
1810 3328 2042 3382 fuissent
2105 3327 2370 3395 amplexi,
2424 3324 2741 3377 dominatus
2795 3321 2882 3376 sui

1308 3426 1490 3475 sedem
1533 3424 1584 3473 in
1627 3421 1848 3474 cititate
1905 3415 2257 3470 Machanensi
2303 3413 2723 3468 constituerunt.
2771 3408 2885 3463 Cae-

1308 3527 1482 3567 terum
1527 3530 1636 3581 quo
1677 3521 1918 3568 tempore
1951 3508 2292 3562 Soleiinanes
2317 3505 2559 3559 Scachus
2607 3503 2884 3557 Maeliana:

1307 3617 1541 3677 prseerat
1590 3607 1754 3658 rebus
1819 3602 2113 3663 Parthicis,
2175 3610 2484 3671 pra'potens
2550 3597 2638 3651 ille
2704 3596 2885 3664 lingis

1303 3701 1456 3753 lliian
1499 3716 1566 3752 ex
1625 3697 1845 3764 regione
1896 3695 2111 3750 Cliitaia
2168 3709 2292 3746 cuni
2341 3693 2586 3746 exercitu
2643 3693 2694 3744 in
2753 3686 2909 3764 Pari

1304 3795 1473 3843 thiam
1507 3789 1785 3859 profectus
1813 3796 1916 3850 est,
1951 3787 2135 3855 ibique
2167 3785 2425 3840 Belcham
2469 3786 2745 3838 civitatem
2794 3763 2886 3837 co—

1309 3900 1410 3949 piis
1461 3883 1782 3949 locupletem
1835 3880 2067 3943 obsedit,
2107 3881 2272 3947 Cepit,
2334 3880 2551 3933 diruit;
2608 3888 2886 3946 totamque

1312 3976 1589 4043 regionem
1619 3974 1991 4027 Chorasanem
2018 3973 2445 4042 populabundus
2475 3970 2727 4040 diripuit.
2758 3971 2887 4022 Erat

1313 4068 1364 4120 id
1400 4067 1664 4134 temporis
1711 4065 2026 4120 Curisemes
2086 4064 2333 4118 Scaelius
2364 4063 2571 4116 Belcha:
2632 4063 2888 4132 princeps

1309 4173 1367 4214 et
1406 4162 1771 4225 (Lhorasanis,
1799 4160 1890 4227 qui
1919 4173 2088 4226 regno
2123 4158 2314 4226 pulsus
2347 4175 2471 4211 eum
2498 4158 2614 4211 suis
2652 4160 2886 4224 aufugit,

1311 4252 1454 4305 etin
1505 4251 1928 4320 itinere‘periit.
1979 4249 2110 4318 Ejus
2157 4249 2213 4302 in
2247 4250 2430 4303 locum
2467 4249 2732 4303 successit
2783 4245 2889 4316 υκ-

1317 4360 1437 4396 nam
1477 4344 1630 4396 Clian
1687 4343 1854 4406 ﬁlius,
1888 4341 1982 4410 qui
2017 4341 2203 4409 cupias
2261 4350 2519 4410 paternas
2575 4339 2886 4407 Bagadatiin

2985 1841 3127 1894 latus
3174 1839 3240 1891 ad
3277 1838 3564 1907 oppidum,
3592 1836 3737 1905 quod
3763 1834 3930 1890 Jaber
3956 1836 4180 1896 dicitur,
4214 1836 4279 1889 ad
4313 1836 4555 1903 Euphra-

2984 1944 3089 1987 tem
3141 1932 3363 1985 ﬂuvium
3417 1941 3594 1985 castra
3650 1940 3905 1983 metatur.
3945 1929 4073 1982 Erat
4120 1929 4211 1981 hic
4241 1930 4320 1983 eis
4371 1940 4560 1981 trans-

2978 2026 3251 2097 jiciendus
3293 2025 3618 2094 Euphrates,
3671 2023 3763 2077 sed
3815 2023 4014 2076 vadum
4059 2022 4268 2075 nullum
4320 2020 4561 2073 imenie-

2985 2120 3139 2183 bant,
3183 2119 3330 2188 quod
3381 2129 3568 2172 essent
3621 2119 3870 2171 homines
3900 2117 4128 2170 omnino
4161 2117 4328 2169 rudes
4368 2125 4423 2167 et
4479 2131 4560 2166 re-

2987 2229 3106 2266 rum
3157 2214 3413 2281 imperiti.
3466 2213 3602 2265 Cum
3634 2226 3903 2279 equorum
3942 2221 4130 2264 natatu
4179 2220 4561 2263 transmitten-

2985 2307 3114 2360 dum
3159 2322 3378 2360 amnem
3431 2307 3729 2374 placuisset
3781 2305 4082 2369 universis,
4131 2303 4343 2370 primus
4394 2303 4565 2354 Solei-

2987 2417 3178 2456 manes
3211 2401 3460 2454 Scachus
3509 2400 3713 2452 flumen
3752 2398 4035 2467 ingressus
4061 2408 4115 2451 et
4145 2398 4305 2466 aquis
4335 2396 4565 2448 obrutus

2986 2496 3270 2564 exspirat:
3304 2508 3468 2563 quem
3525 2507 3720 2561 magna
3752 2494 4042 2560 quaesitum
4085 2491 4391 2561 diligentia,
4451 2503 4567 2543 tan-

2988 2591 3222 2656 demque
3276 2596 3554 2651 repertum
3613 2585 3933 2648 extrahunt,
3993 2585 4305 2653 ibidemque
4356 2585 4567 2636 tumulo

2989 2679 3270 2732 mandant.
3315 2677 3482 2729 Erant
3530 2676 3658 2730 huic
3688 2675 3990 2729 Soleiniani
4026 2673 4237 2728 Scacho
4265 2676 4428 2744 312
4477 2677 4565 2728 lilii

2991 2782 3101 2825 tres
3133 2772 3479 2838 superstites,
3509 2783 3748 2836 quorum
3782 2769 3878 2821 uni
3907 2782 4106 2822 nOmen
4137 2766 4566 2836 Sungurgensis.

2990 2863 3149 2918 alteri
3207 2861 3550 2931 Gundogdis,
3607 2862 3771 2914 tertio
3802 2860 4111 2921 Ertucules,
4145 2859 4237 2925 qui
4272 2859 4444 2911 ﬁlium
4483 2860 4572 2910 hac

2992 2955 3112 3009 buit
3139 2951 3460 3008 Osmanem.
3497 2952 3785 3004 Exstincto
3831 2959 4006 3019 patre,
4053 2959 4231 3003 castra
4265 2949 4469 3002 fratres
4523 2951 4569 3002 lii

2992 3056 3336 3118 promovent,
3387 3062 3450 3100 ac
3517 3055 3739 3115 propter
3785 3044 4141 3114 Euphratem,
4185 3045 4419 3096 adverso
4475 3042 4572 3095 Ιιυ-

2988 3145 3135 3199 mine
3187 3143 3440 3214 profecti,
3487 3143 3704 3196 tandem
3735 3142 3800 3194 ad
3840 3155 4066 3210 campos
4113 3140 4406 3194 Passonios
4457 3156 4574 3209 per-

2986 3238 3238 3293 veniunt.
3271 3238 3339 3291 lis
3374 3238 3425 3290 in
3459 3235 3596 3290 locis
3645 3234 3889 3288 Ertuculi
3931 3235 4189 3288 Osuianis
4239 3235 4403 3302 patri,
4455 3248 4573 3286 cum

2985 3331 3404 3403 quadringentis
3431 3329 3761 3399 mapalibus,
3785 3344 3902 3398 quae
3918 3343 4017 3396 pro
4041 3343 4187 3380 more
4210 3327 4391 3396 gentis
4414 3326 4483 3378 de
4503 3325 4574 3379 lo-

2987 3442 3054 3482 co
3076 3427 3317 3479 inlocum
3344 3423 3650 3494 promoveri
3686 3420 4081 3490 transferrique
4117 3419 4574 3489 possiiiit,~suhsi-

2987 3530 3130 3574 stere
3147 3519 3327 3581 libuit,
3349 3517 3577 3584 reliquis
3597 3517 3810 3569 duobus
3837 3514 4096 3567 fratribus
4115 3513 4166 3564 in
4189 3510 4470 3564 Parthian)
4491 3525 4573 3563 re-

2988 3612 3306 3666 deuntibus.
3341 3608 3731 3662 Hazsitihidem
3766 3607 3830 3660 ad
3871 3605 4088 3675 aliquod
4112 3615 4326 3672 tempus
4347 3601 4577 3656 Ertucu-

2990 3705 3090 3769 les,
3145 3705 3295 3756 varie
3343 3703 3702 3754 finitimorum
3765 3699 4051 3768 injuriiset
4097 3697 4233 3750 rixis
4279 3697 4572 3749 exercitus.

2991 3797 3235 3866 Denique
3286 3813 3475 3849 rumor
3509 3798 3572 3848 ad
3615 3811 3737 3847 eum
3775 3793 4068 3863 perfertur,
4097 3790 4570 3844 sultanuinAladi-

2991 3903 3137 3952 nem,
3155 3901 3183 3939 e
3201 3887 3423 3940 Parthia
3449 3885 3758 3954 profugum,
3780 3885 3833 3936 in
3851 3883 4111 3936 Romauia
4134 3882 4447 3950 complures
4465 3897 4578 3950 pro-

2991 3980 3197 4033 \‘ittcias
3221 3982 3304 4032 sui
3325 3981 3466 4047 juris
3490 3979 3710 4037 fecisse.
3739 3978 3986 4045 adeoque
4016 3990 4208 4042 magno
4224 3977 4459 4043 potitum
4481 3976 4579 4026 iui-

2991 4075 3166 4139 perio.
3192 4072 3360 4124 l'lrant
3397 4069 3634 4123 Litueuli
3671 4079 3779 4122 tres
3810 4069 3926 4131 lilii,
3949 4066 4198 4133 Gundus,
4221 4069 4504 4135 Sarigates
4528 4077 4583 4118 et

2990 4167 3214 4220 Osman.
3246 4164 3371 4228 Ubi,
3399 4180 3508 4232 quo
3547 4164 3600 4216 in
3624 4172 3766 4216 statu
3793 4178 3879 4216 res
3903 4161 4150 4214 Alad'ruis
4173 4171 4382 4221 essent,
4416 4160 4581 4213 Ertu-

2991 4263 3142 4311 cules
3199 4256 3524 4323 accepisset,
3607 4270 3715 4308 non
3769 4269 3963 4317 magna
4016 4251 4445 4306 consultationis
4501 4253 4583 4304 En-

2993 4349 3250 4419 terposita
3295 4364 3468 4412 mora,
3500 4349 3671 4400 lilium
3717 4346 4009 4415 Sarigatim
4047 4346 4114 4398 ad
4168 4360 4294 4397 eum
4336 4344 4577 4414 ablegat;

1319 4451 1510 4489 νενδυε
1543 4436 1739 4488 dm“:
1775 4450 1883 4502 ⁶Ιι³ο
1919 4449 2044 4487 cum
2079 4433 2439 4502 Ρθννειιίδδυῑ»
2489 4433 2678 4485 urbem
2730 4447 2892 4484 οοευο
2924 4472 2970 4534 c
2999 4454 3235 4504 oratum,
3281 4452 3338 4494 ut
3364 4441 3604 4510 aliquem
3640 4441 3744 4493 sibi
3781 4440 3964 4493 locum
3997 4439 4346 4510 concederet,
4375 4452 4488 4505 quo
4529 4438 4581 4488 in

1312 4528 1486 4596 pavit,
1540 4525 1747 4580 incolas
1803 4525 2026 4587 occidit,
2091 4525 2367 4593 regionem
2419 4525 2732 4577 universam
2794 4525 2895 4575 sibi

1317 4634 1540 4685 suisque
1567 4620 1882 4671 vindicavit.
1913 4617 1967 4669 ld
2003 4618 2092 4670 ubi
2127 4617 2316 4685 lingis
2342 4616 2492 4669 Chan
2519 4617 2895 4679 intelleaiSset,

1316 4714 1486 4765 armis
1517 4727 1641 4764 eum
1670 4721 1993 4780 persecutus
2033 4713 2083 4762 in
2125 4721 2629 4776 suampotestatem
2669 4709 2893 4776 redegit.

1317 4806 1598 4860 Oriundes
1659 4820 1724 4857 ex
1782 4803 1986 4855 familia
2043 4801 2559 4870 Selgucissultanus
2614 4801 2896 4863 Aladines,

1321 4917 1350 4949 e
1376 4897 1597 4948 l'artlna
1642 4896 1929 4962 profugus,
1969 4896 2023 4946 in
2049 4906 2329 4959 regionem
2358 4889 2558 4953 Jonan,
2586 4909 2705 4959 qua:
2727 4891 2897 4944 Cara-

1325 5007 1502 5043 mania
1553 4991 1712 5041 modo
1742 4988 1969 5052 dieitur,
2015 4988 2302 5055 pervenit,
2341 4987 2519 5054 iisque
2557 4987 2693 5038 locis
2734 4999 2899 5037 occu—

1321 5087 1482 5150 patis,
1532 5089 1586 5132 ct
1639 5079 1938 5132 instaurata
2002 5082 2135 5131 urbe
2179 5077 2418 5140 Sivasta,
2459 5078 2601 5147 regia
2631 5093 2754 5130 cum
2808 5093 2901 5145 po-

1319 5187 1518 5231 testate
1551 5175 1790 5246 praefuit.
1818 5175 1954 5226 Cum
2026 5185 2208 5226 autem
2253 5174 2308 5226 in
2339 5175 2484 5226 hune
2513 5175 2734 5224 modum
2778 5168 2902 5222 Zin-

1321 5289 1401 5338 gis
1429 5271 1584 5323 Chan
1623 5267 1902 5320 l’arthiam
1937 5276 2141 5334 ageret,
2178 5269 2380 5330 ferret,
2432 5266 2592 5317 etiam
2635 5265 2900 5317 Maeliana

1323 5361 1572 5413 tunditus
1628 5373 1818 5410 erersa
1874 5359 1996 5420 fuit,
2061 5373 2184 5425 quae
2243 5357 2294 5409 id
2353 5358 2617 5424 temporis
2674 5359 2904 5423 impetit)

1321 5455 1648 5507 huleimanis
1679 5453 1876 5505 Scachi
1909 5455 2155 5520 parebat.
2207 5450 2257 5503 1s
2290 5448 2475 5502 Tatari
2520 5450 2787 5502 violentiae
2820 5469 2908 5502 ce-

1321 5553 1479 5608 dens,
1517 5558 1572 5598 et
1607 5546 1720 5613 ipse
1747 5560 1871 5596 eum
1912 5545 2028 5596 suis
2061 5544 2333 5610 migravit,
2371 5544 2508 5595 inito
2551 5543 2785 5594 consilto
2826 5543 2909 5594 iii-

1326 5641 1582 5692 vadunda:
1623 5637 1908 5688 ltomaniae
1954 5653 1968 5688 :
2006 5638 2152 5704 quod
2185 5634 2508 5696 inaudisset,
2550 5635 2617 5688 iis
2664 5637 2715 5688 in
2773 5635 2907 5688 locis

1326 5740 1466 5786 beha
1521 5734 1657 5800 geri,
1718 5742 1772 5782 et
1825 5733 1994 5783 armis
2038 5745 2148 5782 rem
2208 5744 2386 5795 parari
2442 5743 2623 5795 pusse.
2662 5730 2909 5794 Quapro-

3003 4541 3122 4590 loeo
3148 4555 3207 4590 se
3239 4553 3363 4590 cum
3394 4538 3512 4589 suis
3543 4545 3856 4590 sustentare
3896 4545 4104 4603 posset.
4145 4534 4410 4588 Aladines
4457 4533 4585 4588 huic

3001 4633 3282 4700 postulato
3337 4632 3535 4683 lubens
3593 4629 3915 4692 assentitur,
3957 4632 4148 4698 eisque
4179 4627 4460 4697 regionem
4501 4639 4582 4680 at—

3002 4723 3216 4782 tribuit,
3268 4731 3378 4774 tain
3430 4722 3656 4783 a:sti\'is,
3689 4735 3855 4787 quam
3885 4720 4131 4773 hibernis
4166 4729 4350 4787 aptam
4383 4718 4587 4770 mensi-

3001 4812 3128 4867 bus.
3160 4811 3218 4865 ld
3248 4811 3508 4879 temporis
3538 4812 3690 4864 natio
3718 4812 3965 4879 quaedam
3999 4812 4264 4862 adversus
4293 4809 4575 4862 sultanum

2999 4905 3286 4958 Aladinem
3322 4920 3472 4957 arma
3512 4906 3697 4958 subito
3738 4913 4005 4967 moverat,
4043 4912 4236 4955 contra
4273 4917 4416 4971 quos
4460 4903 4586 4955 dum

3003 4998 3120 5052 suis
3153 4996 3436 5050 instructis
3468 4997 3556 5050 ille
3600 4997 3985 5065 proliciscitur,
4051 4995 4256 5048 interea
4289 4995 4587 5047 Ertucules

3003 5104 3127 5143 cum
3190 5088 3336 5148 liliis,
3393 5088 3634 5155 δίη-18³11
3673 5098 3728 5141 et
3759 5086 4021 5150 Osmaue,
4080 5100 4272 5138 versus
4327 5087 4587 5153 Enguriin

3005 5197 3127 5236 sese
3159 5181 3370 5233 confert
3420 5194 3643 5247 :e0que
3688 5179 3810 5232 loco
3864 5179 3968 5234 sibi
4017 5180 4241 5247 suisque
4290 5183 4589 5232 constituta

3005 5275 3131 5329 sede
3171 5277 3403 5340 quadam
3447 5289 3510 5326 ac
3538 5273 3846 5335 domicilio,
3914 5271 4427 5325 tinitimosGraecos
4475 5289 4596 5340 per-

3011 5366 3188 5435 petuis
3244 5365 3669 5419 (‘XCIII'SiOltibUS
3713 5374 3768 5418 et
3801 5365 4006 5433 rapinis
4038 5362 4300 5417 infestare
4346 5380 4458 5416 non
4501 5365 4596 5415 de-

3008 5461 3117 5512 siit.
3173 5459 3416 5513 Tandem
3461 5459 3624 5512 rebus
3673 5459 3932 5511 humanis
3990 5456 4279 5511 Ertueules
4331 5458 4593 5516 excessit,

3011 5567 3134 5603 cuin
3169 5552 3286 5604 suis
3327 5551 3391 5603 ad
3429 5549 3498 5604 52
3533 5566 3706 5603 annos
3746 5551 4061 5618 praefuisset
4113 5566 4125 5604 :
4161 5563 4417 5601 mortuus
4451 5566 4596 5602 anno

3009 5640 3428 5694 Machumctano
3465 5642 3568 5694 687
3615 5642 3960 5710 (Christiano
3997 5642 4180 5707 19.89).

3435 5733 3508 5785 De
3538 5734 3791 5786 Osmanis
3817 5736 4124 5786 nativitate.

1322 5843 1445 5890 pter
1476 5826 1664 5878 relicta
1717 5823 1937 5876 Parthia
1985 5821 2422 5888 lirzingam‘esse
2453 5822 2687 5873 contulit
2725 5826 2908 5872 :unde
2945 5823 2987 5876 D
3085 5829 3244 5880 Acciri

2677 5832 2687 5870 L
2725 5826 2908 5872 :unde
2945 5823 2987 5876 D
3085 5828 3296 5880 Accidit
3346 5829 3664 5896 aliquando,
3714 5839 3771 5881 ut
3807 5828 3986 5883 fessus
4023 5830 4314 5884 Erluenles
4364 5831 4599 5883 interdiu

1323 5933 1381 5972 in
1418 5915 1744 5969 Itoni-auiam
1781 5926 2097 5984 penetrans,
2127 5913 2400 5966 Amasiam
2441 5914 2710 5978 pervenit;
2761 5914 2906 5964 mul-

1329 6019 1397 6067 tts
1427 6024 1482 6064 et
1514 6011 1687 6078 magni
1719 6013 1879 6080 pretii
1917 6013 2121 6078 potitus
2157 6009 2362 6081 spoliis.
2395 6008 2675 6060 Conversa
2709 6006 2905 6088 deinde

3018 5931 3190 5974 semet
3234 5921 3298 5973 ad
3357 5922 3597 5988 quietem
3641 5934 4013 5990 componeret.
4076 5923 4150 5973 llii
4196 5934 4312 5975 tum
4364 5929 4413 5976 ei
4459 5939 4600 5976 50m-

3019 6015 3170 6072 uium
3215 6033 3272 6070 se
3314 6017 3583 6084 quoddam
3631 6018 3848 6082 obtulit,
3884 6032 3992 6084 quo
4052 6018 4166 6068 \‘iso
4211 6019 4310 6070 fuit
4347 6032 4598 6085 experre-
