4866 6594
253 476 270 508 Ιτ

249 472 347 534 581
1492 464 1841 527 ANNALES
1880 462 2208 529 TUilCICi.

3364 467 3467 529 582

245 598 385 638 c:us.
422 583 698 637 Moxddnc
731 591 785 636 et
830 584 953 636 inde
995 598 1107 636 rem
1146 582 1546 652 cegitabundus
1596 598 1802 651 expeii-
1834 590 1877 644 Α
1909 581 2215 635 includunt.
2244 578 2392 643 Quos
2435 593 2464 632 a
2500 588 2647 648 tergo
2688 596 2811 633 cum
2848 580 2984 633 'suis
3034 581 3308 634 insecutus
3353 583 3465 635 0s-

251 677 401 738 dens,
434 691 631 743 corpus
665 676 853 737 abluit,
896 690 1084 742 preces
1128 690 1257 727 suas
1303 676 1555 737 absolvit,
1594 674 1804 727 habitu-

252 786 353 831 que
400 776 604 820 mutato
632 768 859 819 Coniam
905 770 1205 835 profectus,
1250 767 1435 818 urbem
1486 765 1802 833 ingreditur.

252 861 454 929 Agebat
484 859 608 912 istic
641 860 723 910 vir
759 860 1101 911 auctoritatis
1131 875 1196 912 ex
1242 859 1492 911 doctrina
1522 858 1806 917 ,maxiiiiaz,

252 955 332 1007 cui
364 969 559 1007 nomen
598 951 885 1015 Edebaies,
924 968 1147 1020 operum
1182 953 1407 1005 effector
1436 962 1489 1005 et
1539 950 1807 1019 prodigio-

253 1062 368 1099 rum
418 1044 844 1108 admirabilium,
898 1045 951 1097 iii
1004 1061 1161 1113 quem
1205 1043 1438 1111 conjecti
1488 1051 1642 1096 erant
1689 1057 1809 1094 om-

254 1138 397 1190 nium
448 1137 615 1199 oculi,
652 1134 798 1204 quod
850 1150 944 1188 eos
985 1137 1036 1187 in
1084 1136 1200 1201 lege
1235 1134 1617 1187 Mahunietana
1654 1132 1809 1185 insti-

253 1237 448 1289 tueret,
484 1242 545 1281 ac
576 1226 860 1280 facultates
887 1228 1213 1295 caeteroquin
1246 1226 1614 1295 amplissimas
1636 1225 1811 1295 possi-

253 1322 422 1373 deret.
454 1320 623 1373 Etiam
658 1320 906 1375 sultaiius
936 1320 1070 1388 ipse,
1096 1335 1253 1385 quem
1278 1319 1535 1384 diximus,
1554 1320 1811 1372 Aladines

256 1413 546 1480 plurimum
592 1413 641 1466 ei
674 1413 965 1478 tribuebat.
1001 1414 1157 1466 Hunc
1197 1412 1285 1465 ubi
1322 1413 1664 1465 convenisset
1712 1408 1813 1462 Er-

256 1504 494 1566 tucules,
552 1514 605 1555 ut
641 1504 911 1556 somnium
944 1504 1017 1556 illi
1065 1519 1223 1557 suum
1260 1513 1555 1572 exponeret
1585 1521 1600 1562 :
1633 1501 1811 1557 Venee

256 1597 424 1649 rande
449 1597 550 1660 vir,
580 1596 676 1661 ait,
706 1611 802 1672 per
828 1595 1063 1663 quietem
1096 1598 1245 1649 visus
1271 1612 1392 1649 sum
1421 1596 1605 1649 videre
1634 1596 1809 1663 splen-

255 1690 438 1740 dorem
466 1687 627 1750 lunaa,
664 1687 1017 1754 prodeuntem
1042 1704 1072 1740 ti
1104 1688 1223 1741 sinu
1261 1697 1380 1750 tuo,
1413 1688 1508 1757 qui
1538 1702 1718 1742 meum
1760 1689 1811 1740 in

255 1782 435 1831 sinum
472 1787 801 1845 penetraret.
838 1778 911 1833 Eo
956 1793 1076 1831 cuni
1131 1779 1344 1832 delatus
1374 1788 1539 1840 esset,
1574 1791 1637 1831 ex
1692 1792 1812 1829 υιιιο

257 1873 416 1925 Μιίευ
447 1888 567 1924 meo
603 1888 725 1923 mox
773 1881 986 1924 enatam
1039 1870 1209 1924 fuisse
1254 1871 1526 1933 arborem,
1563 1885 1682 1938 quae
1732 1884 1814 1922 re-

1909 688 2055 737 man,
2086 674 2139 727 in
2166 674 2361 727 itinere
2385 673 2640 742 oppidum
2677 673 2976 728 Ulubadam
3006 674 3227 728 militari
3263 690 3461 728 corona

1909 764 2098 833 cingit,
2163 766 2318 832 rujus
2376 764 2614 835 Teggiur
2667 780 2791 818 mox
2848 765 3009 819 certis
3066 767 3467 820 conditionibus

1909 873 2032 909 eum
2058 874 2122 911 eo
2158 860 2441 918 transegit.
2484 859 2619 913 llinc
2650 857 2873 912 Prusam
2921 873 3043 912 cum
3078 861 3319 914 exercitu
3352 878 3471 926 pro-

1919 962 2136 1017 perans,
2172 948 2325 1002 urbis
2359 949 2698 1004 obsidionem
2738 951 2978 1004 molitur.
3020 950 3267 1020 Cumque
3298 952 3346 1005 vi
3378 956 3470 1003 ad-

1913 1049 2078 1104 iiiota,
2112 1040 2243 1093 nihil
2276 1040 2595 1093 effecturum
2641 1059 2699 1096 se
2749 1044 2956 1097 videret
2990 1044 3055 1095 ad
3110 1045 3471 1114 expugnatio-

1913 1146 2035 1184 nem
2074 1150 2088 1183 :
2124 1133 2357 1201 primum
2399 1132 2452 1184 in
2486 1134 2710 1187 adversa
2750 1135 2900 1188 urbis
2931 1143 3104 1203 parte,
3136 1135 3286 1202 juxta
3317 1140 3467 1189 ther-

1913 1239 2054 1289 mas,
2105 1241 2228 1292 qua:
2279 1226 2497 1293 (Zaplice
2550 1224 2740 1277 Turcis
2776 1227 3053 1288 dicuntur,
3106 1225 3246 1277 vallo
3286 1228 3471 1289 ducto,

1916 1315 2307 1368 munimentum
2347 1332 2440 1381 pro
2473 1317 2588 1369 suis
2618 1318 2796 1384 erigit,
2831 1317 2913 1369 cui
2963 1316 3147 1370 fratris
3170 1316 3475 1371 Gundusel-

1914 1410 1997 1478 pis
2031 1408 2198 1460 filium
2233 1411 2592 1476 Agileinureni
2632 1409 2876 1478 pra'ficit,
2918 1409 3189 1463 hominem
3237 1411 3310 1464 rei
3364 1414 3474 1464 bel-

1915 1501 2028 1553 licae
2090 1501 2496 1567 peritissimum,
2567 1501 2841 1568 adiunctis
2893 1501 3053 1572 313
3104 1504 3151 1555 ei
3214 1504 3475 1556 militibus

1914 1591 2170 1658 egregiis.
2217 1589 2341 1642 Inde
2399 1594 2791 1649 munimentum
2838 1593 2984 1646 aliud
3037 1594 3238 1646 excitat
3290 1611 3477 1647 versus

1912 1700 2036 1737 cuin
2078 1694 2333 1744 montem,
2388 1699 2545 1751 quem
2593 1684 3012 1753 Gescliidsdage,
3052 1686 3153 1739 hoc
3187 1697 3291 1748 est,
3323 1702 3477 1740 IIIOII-

1915 1784 2021 1828 tem
2052 1775 2442 1828 monachorum
2479 1774 2862 1832 vocant.lllius
2889 1792 3070 1830 curaui
3107 1777 3480 1832 Belebaiizueo

1915 1868 2127 1923 cuidam
2161 1885 2226 1921 ex
2260 1870 2394 1932 suis,
2427 1873 2543 1922 viro
2577 1882 2820 1935 strenuo,
2861 1873 3171 1925 committit.
3210 1872 3324 1925 Hoc
3369 1889 3481 1925 mo-

255 1962 444 2030 gioiies
477 1964 711 2031 aliquot,
742 1978 804 2015 ac
835 1963 1088 2031 priealtos
1120 1972 1357 2025 montes,
1387 1963 1640 2032 latosque
1665 1976 1813 2016 caiii-
1844 1957 1884 2012 Β
1915 1961 1985 2014 do
2028 1959 2243 2013 duobus
2274 1961 2423 2013 hisce
2469 1963 2820 2015 munimentis
2881 1966 3195 2026 exstructis,
3241 1972 3295 2015 et
3345 1964 3481 2016 actis

254 2068 353 2121 pos
399 2053 587 2106 umbra
641 2069 739 2107 sua
792 2064 1015 2122 tegeret.
1059 2054 1138 2107 Ad
1191 2055 1334 2123 ipsas
1364 2067 1543 2109 autem
1598 2054 1811 2108 radices

254 2146 468 2199 arboris
518 2161 781 2213 perennes
826 2161 996 2215 aquas
1034 2162 1344 2214 emanasse,
1394 2148 1594 2217 quibus
1646 2149 1812 2202 vinea:

257 2238 456 2305 passim
502 2247 553 2289 et
604 2237 743 2289 horti
818 2237 1123 2307 rigarentiir
1160 2258 1174 2292 :
1218 2254 1280 2293 ac
1322 2241 1617 2294 secundum
1674 2241 1812 2305 haec,

253 2338 605 2396 experrectus
655 2328 751 2382 fui.
806 2326 1167 2397 Posteaquam
1216 2330 1307 2383 diu
1346 2330 1689 2398 multumque
1732 2346 1817 2384 se—

256 2430 366 2472 met
418 2419 699 2480 Etlebales,
738 2420 888 2489 quia
947 2423 1060 2474 suis
1099 2421 1180 2473 vir
1226 2432 1447 2477 sanctus
1496 2423 1814 2488 habebatur,

256 2517 324 2566 oh
397 2517 900 2583 interpretationem
959 2518 1159 2571 somnii
1215 2519 1464 2570 torsisset
1520 2517 1813 2581 :taiidem,

257 2610 508 2661 oratione
557 2610 621 2661 ad
678 2608 985 2662 Ertuculem
1041 2625 1327 2673 conversa,
1400 2608 1666 2663 Nascetur
1720 2607 1816 2660 tibi

259 2696 425 2758 filius,
469 2698 664 2763 inquit,
698 2702 781 2749 vir
810 2698 1032 2767 optime,
1068 2699 1156 2751 cui
1200 2714 1395 2753 nomen
1442 2698 1547 2752 erit
1593 2695 1816 2750 Osrnan.

259 2786 306 2838 ls
350 2788 484 2839 bella
520 2789 750 2856 plurima
794 2801 963 2856 geret,
996 2806 1059 2845 ac
1088 2795 1289 2860 posteri
1334 2792 1407 2844 tui
1459 2790 1712 2858 deinceps
1738 2805 1823 2842 re-

257 2895 351 2945 ges
426 2890 799 2952 terrarumque
855 2882 1125 2951 principes
1202 2893 1381 2936 erunt.
1439 2884 1552 2936 Mea
1606 2896 1822 2950 quoque

261 2975 369 3025 tilia
407 2984 640 3041 nuptura
687 2983 771 3027 est
822 2975 1066 3035 Osniaiii,
1107 2988 1173 3026 ex
1219 2990 1324 3042 qua
1377 2975 1683 3042 procreabit
1733 2973 1823 3027 ille

259 3067 488 3130 liberos,
543 3068 633 3133 qui
680 3068 878 3134 regiam
910 3066 976 3117 ad
1010 3064 1324 3132 dignitatem
1372 3066 1707 3133 pervenient,
1762 3078 1824 3117 ac

259 3158 477 3227 populis
503 3174 621 3211 cuin
658 3159 885 3224 imperio
938 3165 1225 3224 prmeruiit.
1264 3155 1571 3211 Secundum
1610 3157 1697 3209 illa
1730 3171 1820 3207 na-

261 3264 352 3304 tus
406 3252 506 3303 fuit
554 3254 776 3311 Usmaii,
832 3251 922 3317 qui
985 3266 1106 3304 Cum
1149 3250 1494 3314 adolevisset,
1549 3248 1823 3301 Mahmne-

1919 2053 2206 2123 aggeribus
2251 2070 2315 2107 ac
2348 2054 2535 2119 fossis,
2570 2055 2848 2109 civitatem
2885 2054 3166 2109 obsessam
3205 2069 3312 2109 iani
3364 2068 3481 2109 arti-

1920 2146 2257 2207 clauserunt.
2317 2159 2371 2200 ut
2427 2148 2628 2200 nemini
2680 2149 2758 2200 vel
2811 2163 3063 2202 accessus
3117 2149 3183 2201 ad
3237 2164 3355 2200 eain
3400 2148 3484 2199 vel

1920 2241 2097 2295 exitus
2149 2251 2358 2310 pateret
2390 2258 2404 2295 :
2436 2252 2598 2310 atque
2648 2242 2864 2295 interim
2930 2258 3118 2311 agrum
3170 2257 3386 2295 onmem
3424 2243 3480 2295 in

1922 2339 2244 2399 potestatem
2306 2347 2460 2385 suam
2522 2332 2871 2401 redegerunt,
2927 2333 3061 2385 nihil
3108 2343 3166 2386 ut
3219 2333 3481 2393 obsessis,

1924 2432 2117 2491 praeter
2191 2424 2362 2492 ipsam
2436 2426 2642 2485 urbem.
2731 2426 2925 2493 reliqui
3002 2425 3267 2478 facerent.
3351 2424 3485 2477 Dum

1926 2515 2112 2569 isthch
2158 2519 2316 2569 du:at
2361 2517 2594 2577 obsidio,
2642 2533 2762 2570 cum
2789 2528 2938 2586 parte
2963 2520 3239 2572 exercitus
3284 2518 3486 2571 Ostiiaii

1926 2606 2095 2662 Gases
2124 2610 2235 2677 ipse
2263 2607 2567 2678 Neapolim,
2603 2625 2719 2677 quae
2746 2610 3116 2665 Genisclieher
3146 2612 3322 2679 lingua
3352 2612 3486 2662 Tur-

1928 2698 2041 2749 cica
2098 2700 2317 2759 dicitur,
2377 2698 2676 2751 “intendit.
2740 2698 2868 2767 Ejus
2928 2698 3138 2751 vicinia:
3189 2697 3486 2750 Christiani

1928 2804 2142 2849 omnes,
2194 2790 2398 2841 eoat-tis
2429 2790 2602 2856 t-opiis
2656 2792 2793 2852 suis,
2850 2805 2969 2843 cum
3017 2790 3255 2844 Osmaiie
3293 2792 3487 2844 confli-

1928 2891 2060 2949 gunt
2097 2897 2111 2934 :
2160 2884 2252 2933 sed
2290 2881 2489 2934 Oalllall
2530 2884 2717 2949 [)I‘iBIIO
2774 2884 3046 2951 superior,
3086 2885 3337 2937 universa
3398 2884 3488 2936 illa

1930 2976 2151 3040 regione
2184 2973 2406 3035 potitur.
2442 2972 2512 3024 Ea
2552 2989 2681 3024 vero
2705 2971 3056 3026 Turcicoruni
3109 2974 3362 3036 militum,
3396 2978 3490 3042 qui

1931 3065 1996 3114 de
2047 3064 2233 3131 spoliis
2269 3066 2510 3129 opulenti
2552 3073 2862 3126 evaserant,
2896 3065 3205 3132 praesidium
3256 3070 3486 3134 accepit,

1933 3155 2135 3221 absque
2169 3142 2593 3222 provincialium
2616 3158 2836 3208 damno.
2885 3155 2980 3211 His
3015 3158 3178 3212 rebus
3206 3174 3271 3213 ex
3321 3162 3491 3213 animi

1934 3247 2199 3301 sententia
2260 3247 2546 3309 coiifeCtis,
2611 3248 2919 3302 Urcbanem
2981 3249 3149 3303 lilium
3204 3253 3271 3304 ad
3324 3267 3493 3321 expu-

261 3345 373 3397 tani
406 3345 541 3396 vatis
578 3344 721 3394 illius
754 3342 915 3394 tiliam
958 3343 1113 3394 duxit
1158 3358 1402 3407 uxorein,
1450 3344 1517 3395 de
1563 3356 1667 3410 qua
1721 3355 1818 3393 na-
1855 3316 1896 3373 ο
1930 3339 2199 3408 giiandam
2240 3341 2470 3392 Prusani
2516 3341 2747 3407 ablegat.
2790 3341 2989 3393 liorum
3022 3343 3251 3396 militum
3308 3359 3491 3399 acces—

258 3445 352 3488 tus
414 3446 499 3489 est
552 3436 597 3487 ei
638 3436 776 3489 filius
822 3432 1059 3487 Urchan.
1098 3433 1345 3502 Cumque
1383 3433 1677 3502 provinciis
1727 3435 1821 3483 ali-

258 3536 401 3595 quot
457 3528 758 3592 occupatis,
806 3524 1169 3592 principatum
1222 3524 1324 3577 sibi
1381 3526 1759 3578 constituisset
1806 3540 1819 3575 :

261 3626 471 3685 partem
505 3617 765 3670 ditionuin
796 3619 936 3670 inter
965 3620 1131 3670 duces
1181 3616 1460 3678 militares,
1513 3618 1604 3686 qui
1655 3632 1716 3669 ea
1772 3620 1824 3668 in

262 3714 386 3763 loca
432 3724 556 3761 cum
590 3707 847 3761 Ertucule
881 3719 1033 3775 patie
1079 3718 1360 3771 venerant,
1394 3710 1685 3762 liberaliter
1716 3709 1826 3762 dis-

263 3800 461 3856 tribuit
499 3817 511 3853 :
550 3816 580 3854 a
617 3800 817 3867 quibus
865 3799 966 3851 illa:
1012 3800 1257 3869 regiones
1286 3800 1555 3868 hodieque
1607 3802 1825 3854 nomina

262 3910 363 3948 sua
404 3894 607 3947 sortita:
646 3904 793 3947 sunt.
820 3892 1006 3945 ltidetii
1054 3889 1287 3945 Urcbani
1332 3892 1711 3957 dititiiiculaiii,
1738 3895 1825 3946 cui

265 4001 465 4039 nomen
496 3986 689 4039 Cbisar
729 3983 985 4054 Sangagi,
1015 3994 1067 4037 et
1113 4000 1410 4053 cognomen
1442 3972 1659 4052 intiiigé,
1697 4001 1827 4039 coii-

262 4081 459 4133 cessit.
500 4078 702 4133 Deinde
744 4090 903 4131 natus
930 4087 1015 4130 est
1060 4076 1278 4129 Osniani
1323 4078 1463 4130 tilius
1509 4077 1664 4139 alter,
1712 4078 1827 4129 Alis

265 4178 431 4228 bassa
475 4193 487 4227 :
524 4189 683 4241 quem
715 4184 980 4242 perpetuo
1007 4188 1189 4224 secum
1231 4187 1351 4224 esse
1406 4170 1595 4226 voluit.
1647 4168 1829 4225 Rebus

266 4277 374 4319 hoc
422 4268 581 4317 modo
612 4266 944 4328 constitutis,
984 4273 1129 4329 pater
1155 4273 1207 4315 et
1239 4262 1383 4315 filius
1414 4258 1653 4323 Ui'cban,
1699 4277 1831 4314 con-

257 4361 472 4429 junctis
505 4358 695 4425 copiis,
734 4372 888 4409 arma
922 4357 973 4409 iii
1008 4355 1351 4408 Christianos
1376 4354 1690 4423 expediunt,
1716 4368 1831 4406 om-

264 4455 356 4503 nia
399 4453 503 4502 late
551 4451 900 4518 populantur,
942 4463 1100 4516 agros
1150 4463 1336 4501 eorum
1375 4457 1666 4515 occupant,
1717 4462 1832 4500 nia-

263 4558 433 4611 giiam
467 4544 747 4595 hominum
783 4540 1182 4593 multitudinem
1218 4540 1499 4607 utriusque
1530 4554 1695 4592 sexus
1737 4553 1828 4591 ca-

263 4636 475 4702 ptivam
540 4623 835 4686 abducunt.
897 4630 958 4683 Vi
1019 4631 1181 4684 etiam
1241 4632 1499 4694 adhibita,
1555 4632 1824 4683 civitatem
1862 4656 1902 4709 υ

263 4727 529 4789 lsnicani,
587 4740 709 4778 cum
768 4724 961 4777 vicinis
1014 4722 1225 4790 oppidis
1271 4732 1323 4774 et
1378 4724 1611 4781 arcibus,
1650 4725 1829 4789 inpo-

264 4827 526 4870 tcstatein
582 4816 854 4885 redigunt,
901 4815 1182 4882 diripiunt.
1235 4814 1335 4877 Qui
1402 4824 1512 4864 tu.n
1580 4812 1832 4879 temporis

262 4910 512 4977 Teggiur
570 4908 683 4959 sive
738 4907 1090 4973 magistratus
1138 4914 1257 4957 erat
1304 4903 1513 4966 Prusae,
1567 4903 1833 4971 adjniietis

262 5002 377 5054 sibi
425 4998 798 5065 Compluribus
826 4999 1057 5050 aliorum
1090 4995 1328 5057 auxiliis,
1357 5007 1411 5049 et
1443 5006 1629 5049 coacto
1664 4996 1833 5047 milite

262 5111 395 5157 suo,
432 5094 496 5147 de
546 5090 893 5160 proﬂigaiidis
929 5086 1122 5141 Turcis
1154 5090 1392 5156 COgitare
1430 5087 1616 5155 coepit.
1667 5086 1835 5155 Igitur

262 5194 379 5245 hoc
414 5190 621 5256 magnis
648 5205 769 5241 cuin
814 5186 986 5253 copiis
1027 5188 1076 5238 iii
1134 5185 1342 5239 Tui-cos
1392 5186 1645 5247 ducente,
1677 5182 1834 5235 mini-

270 5298 368 5337 iiie
398 5291 778 5334 consternatus
799 5276 1022 5342 Osniaii,
1058 5282 1241 5330 animo
1278 5277 1476 5330 invicto
1507 5276 1834 5331 Christianis

262 5373 496 5426 obviam
559 5370 759 5439 prodit.
806 5369 888 5422 Ad
939 5383 1131 5421 manus
1192 5367 1277 5419 ubi
1342 5377 1559 5420 ventum
1617 5367 1833 5427 fuisset,

262 5475 500 5515 strenue
535 5462 847 5513 dimicatum
898 5461 1193 5526 utrimque.
1242 5460 1378 5513 Caesi
1412 5460 1614 5510 fratres
1644 5459 1836 5510 Usina-

264 5556 361 5607 tiis
396 5567 464 5605 eo
508 5553 709 5619 praelia,
742 5550 1116 5619 Gunduselpes
1155 5565 1208 5603 et
1240 5552 1518 5618 Aidogdis,
1549 5567 1612 5599 at:
1638 5566 1837 5602 secun-

262 5648 404 5697 dum
448 5644 589 5696 viam
637 5644 908 5711 publicam
947 5646 1012 5696 ad
1072 5645 1204 5696 lines
1264 5641 1553 5695 Dobiiiuris
1612 5642 1833 5709 sepulti.

265 5740 504 5799 Usinan,
568 5735 824 5789 fratribus
878 5735 1003 5787 licet
1060 5734 1299 5795 amissis,
1373 5734 1588 5785 tandem
1658 5742 1835 5784 tamen

268 5827 502 5880 vietoria
535 5826 739 5893 potitus
777 5838 878 5880 est.
925 5828 1178 5895 'l‘eggiur,
1230 5823 1567 5877 Edrenosius
1607 5833 1662 5875 et
1706 5822 1838 5874 Pru-

267 5935 438 5984 3.1m),
486 5919 614 5970 inita
646 5917 792 5986 fuga,
840 5919 1065 5971 Prusaiii
1119 5919 1299 5980 delati,
1338 5926 1509 5971 semet
1541 5917 1592 5967 iii
1650 5916 1836 5967 urbi-ni

1927 3435 2081 3486 sione
2111 3433 2358 3485 adsuctis
2406 3418 2709 3487 Turcorum
2747 3436 2965 3496 castris.
3019 3438 3233 3505 gravior
3267 3438 3496 3494 inclusis

1925 3538 2043 3576 esse
2089 3524 2251 3592 cthit
2308 3524 2538 3577 obsidio.
2576 3522 2941 3589 Quamobrem
2996 3526 3207 3583 viribus
3240 3527 3497 3584 obsessov

1927 3631 2047 3668 rum
2099 3617 2401 3680 exhaustis,
2436 3630 2559 3668 cum
2608 3618 2787 3671 omnis
2833 3618 2946 3685 jam
3012 3633 3349 3677 commeatus
3402 3624 3496 3678 de-

1929 3707 2171 3771 feciSset,
2223 3724 2286 3761 ac
2345 3709 2706 3763 nihilominus
2765 3711 2869 3778 ipsi
2926 3721 3033 3765 tam
3084 3715 3282 3781 ‘noctu,
3332 3733 3493 3786 quam

1930 3801 2186 3865 interdiu,
2244 3803 2297 3853 in
2348 3802 2516 3854 armis
2571 3816 2714 3867 esse,
2778 3806 3186 3874 prOpugnandte
3258 3808 3495 3862 civitatis

1929 3906 2112 3951 causa,
2145 3900 2468 3959 cogerentur
2499 3907 2513 3943 :
2560 3892 2772 3945 tandem
2807 3892 2922 3960 ipse
2972 3895 3228 3964 Teggiur,
3260 3898 3349 3951 cui
3399 3915 3496 3951 no-

1933 3998 2050 4033 men
2098 3979 2426 4048 Jussuphes,
2480 3983 2652 4050 pactis
2683 3984 3203 4048 intervenientibus,
3259 3985 3494 4041 Urcliani

1929 4068 2115 4124 Prusa:
2161 4072 2492 4124 deditionem
2550 4070 2701 4126 fecit.
2738 4072 2791 4127 ls
2847 4075 2982 4128 adeo
3039 4076 3287 4145 religiose
3330 4081 3502 4146 pactis

1930 4166 2211 4218 conventis
2243 4164 2412 4227 stetit,
2469 4175 2525 4217 ut
2558 4166 2703 4219 hosti
2738 4165 2944 4236 absque
2972 4168 3080 4222 ullo
3113 4168 3499 4238 impedimento

1931 4266 1984 4312 et
2029 4257 2251 4326 injuria,
2287 4273 2411 4310 cum
2470 4272 2659 4321 uxore,
2695 4260 2907 4324 liberis,
2967 4260 3321 4316 facultatibus
3380 4269 3501 4317 uni—

1933 4351 2129 4411 versis,
2160 4349 2393 4402 abeundi
2449 4359 2771 4418 potestatein
2830 4350 3056 4414 faceret,
3114 4368 3182 4407 ne
3233 4369 3500 4425 manguro

1931 4443 2148 4512 quidem
2187 4442 2362 4494 ablato
2404 4458 2416 4494 :
2449 4444 2745 4510 Statimque
2780 4452 3010 4511 patrem,
3047 4445 3340 4500 Osmanein
3392 4448 3500 4502 Ga-

1933 4551 2070 4598 sein,
2111 4534 2178 4586 de
2234 4532 2406 4587 Prusa
2434 4534 2485 4587 in
2538 4535 2871 4588 deditionem
2928 4546 3166 4604 accepta,
3217 4540 3501 4593 certiorem

1933 4626 2187 4681 reddidit.
2245 4626 2519 4696 Occupata
2576 4627 2679 4681 fuit
2730 4632 2799 4682 ab
2852 4626 3107 4684 Urcbane
3159 4628 3286 4685 Gasi
3332 4631 3500 4686 i’riisn

1933 4717 2302 4771 Malitiinetnni
2362 4720 2557 4773 calculi
2610 4735 2754 4774 anno
2811 4714 2915 4772 7'26
2973 4722 3127 4788 (Chr.
3169 4723 3348 4786 {327).
3404 4726 3499 4778 0s-

1935 4826 2059 4863 nian
2120 4811 2231 4879 ipse
2294 4822 2406 4863 tum
2469 4812 2725 4880 temporis
2787 4814 3097 4879 quiescens,
3158 4818 3501 4883 occupationi

1934 4897 2122 4957 Prusae
2164 4920 2271 4956 non
2309 4905 2551 4958 interfuit
2593 4906 2831 4974 :partim
2885 4915 3097 4974 tumore
3142 4908 3501 4979 cruciatuquc

1938 4995 2133 5061 pedum
2166 4996 2478 5064 impeditus,
2508 4998 2703 5065 partim
2741 5002 2883 5067 quod
2917 5014 2978 5052 se
3003 5002 3296 5066 superstite
3328 5003 3497 5054 filiuni

1938 5082 2242 5141 Urcbanem
2275 5089 2479 5158 aliquid
2518 5090 2731 5141 fortiter
2760 5104 2923 5158 agere
2955 5102 3195 5157 cuperet,
3230 5093 3296 5145 ad
3351 5096 3500 5147 exci-

1939 5180 2129 5233 tandos
2186 5182 2238 5232 in
2288 5197 2353 5232 eo
2420 5184 2667 5249 generosi
2727 5184 2897 5235 animi
2952 5184 3180 5251 Spiritus
3260 5185 3497 5240 Tandem

1937 5274 2147 5325 exactis
2189 5273 2241 5324 in
2280 5274 2508 5341 imperio
2540 5275 2728 5340 viginti
2766 5286 2890 5327 octo
2934 5276 3114 5339 annis,
3142 5276 3345 5331 Osuian
3396 5276 3507 5331 Ga-

1938 5380 2027 5418 ses
2082 5370 2242 5417 vitam
2293 5381 2417 5417 cum
2456 5378 2629 5420 morte
2663 5370 3042 5421 commutavit.
3088 5364 3221 5435 Ejus
3257 5371 3375 5421 loco
3414 5385 3505 5421 re-

1942 5470 2059 5506 rum
2126 5455 2658 5510 administrationem
2741 5471 3068 5513 consecutus
3138 5468 3220 5513 est
3285 5460 3511 5514 Urchan

1942 5546 2105 5609 filius,
2158 5563 2321 5599 anno.
2362 5547 2741 5603 Mahunietano
2781 5550 2880 5603 727
2940 5550 3092 5620 (Chr.
3150 5552 3332 5622 1528).
3366 5553 3510 5606 Ante

1943 5647 2167 5690 mortem
2223 5641 2501 5708 priecepit,
2540 5649 2599 5693 ut
2657 5639 2844 5695 Prusze
2891 5641 2945 5695 in
3004 5656 3258 5711 argentea
3323 5646 3506 5698 tumba

1942 5744 2315 5785 eoneanierata
2359 5734 2727 5792 conderetur;
2784 5735 2877 5789 sed
2913 5736 3073 5807 vulgo
3112 5739 3178 5789 ad
3237 5739 3511 5807 Sugutzu-

1944 5836 2082 5881 rain,
2112 5823 2202 5887 qui
2263 5825 2413 5880 locus
2448 5840 2476 5879 a
2532 5827 2694 5881 salice
2752 5842 2948 5881 nomen
3013 5830 3193 5896 habet,
3254 5832 3513 5884 conditus

1946 5917 2309 5972 existimatur.
