4866 6594
1298 527 1403 589 533

2536 528 2887 588 ANXAILS
2927 527 3261 586 Tl'ftllltfl.
4434 529 4526 589 εει

1370 650 1506 700 Cum
1546 649 1781 717 primum
1849 648 2129 702 L’rchanes
2187 650 2477 719 imperium
2550 652 2942 716 ευδνίςιιιυηλ
2973 650 3280 713 parricidiis
3340 652 3534 700 l‘raties
3587 664 3616 698 θ
3664 652 3843 699 melo
3879 647 4223 701 sustulerunt
4261 660 4384 701 ante
4436 647 4528 700 [5.-

1301 743 1514 800 l'uisset,
1594 741 1763 792 duces
1844 741 2117 799 veterani,
2182 749 2456 807 quatiunt
2525 754 2590 789 es
2649 737 2864 790 l’atthia

1301 849 1425 885 cum
1479 833 1651 899 ipsius
1714 848 1814 884 avo
1869 833 1919 883 in
1958 849 2053 885 eas
2081 843 2255 885 terras
2286 842 2568 891 venerant,
2607 833 2865 883 nimirum

1302 929 1657 994 tngundpes,
1707 924 1986 977 ltacliznau
2050 924 2218 978 Gases
2276 934 2329 976 et
2387 927 2683 985 Act-ccoza,
2738 922 2871 975 Ger-

1304 1018 1504 1069 !cnsem
1565 1032 1757 1086 agrum
1795 1034 1916 1069 cum
1975 1017 2189 1069 Bolcnsi
2248 1027 2571 1085 eccupatum
2609 1017 2692 1068 sui
2727 1017 2870 1081 jtlfIS

1308 1113 1575 1162 fecerunt.
1623 1107 1727 1162 Sed
1763 1110 1830 1162 iis
1861 1126 1964 1161 non
2038 1110 2206 1162 multo
2251 1123 2371 1177 post
2418 1110 2723 1167 exstinctis,
2779 1108 2874 1162 Ur-

1304 1207 1445 1255 chan
1531 1205 1767 1257 ditioncs
1822 1206 1942 1256 illas
2023 1203 2134 1256 filio
2191 1216 2292 1256 suo
2347 1199 2643 1255 Soleimanl
2698 1203 2873 1255 bus:

1305 1297 1679 1362 possidendas,
1718 1298 1940 1348 no-wine
2002 1293 2384 1365 Sangiacatus,
2433 1295 2624 1346 dedit:
2665 1293 2872 1347 itidem-

1304 1405 1410 1456 que
1464 1391 1738 1453 regionem
1775 1389 2000 1440 alterum
2038 1406 2142 1440 non
2175 1403 2446 1450 ιιιεικιιειιι,
2497 1401 2662 1455 quam
2705 1387 2874 1438 luun-

1307 1500 1408 1551 5en
1467 1493 1677 1544 vocant,
1750 1485 1902 1536 alteri
1983 1483 2092 1534 filio
2152 1481 2446 1545 concessit,
2507 1483 2597 1534 cui
2678 1496 2872 1532 nomen

1311 1579 1547 1631 Muratcs
1594 1578 1742 1630 (.han
1795 1580 1983 1630 Gases.
2038 1575 2195 1629 llunc
2238 1589 2384 1627 enim
2442 1588 2709 1628 utmorem
2741 1585 2872 1625 natu

1311 1675 1478 1724 tilium
1536 1675 1790 1725 trahebat.
1848 1671 1975 1724 lude
2036 1679 2424 1737 recuperatam
2463 1669 2700 1722 lsnit:am
2731 1684 2874 1736 prauo

1309 1766 1732 1833 btleiﬂlpOsilO
1783 1764 2036 1824 tnunttit,
2088 1775 2140 1815 et
2195 1765 2461 1816 ecclesias
2530 1762 2874 1814 Christiano-

1309 1873 1427 1909 rum
1481 1863 1533 1910 in
1593 1877 1653 1909 ca
1689 1858 2006 1918 drnmlitus,
2061 1856 2272 1924 aliquot
2311 1871 2377 1908 ex
2436 1855 2543 1907 illis
2574 1856 2628 1906 in
2682 1857 2876 1907 messi-

1309 1961 1391 2002 tas
1446 1951 1560 2003 sive
1615 1948 1810 2017 templa
1858 1948 2248 2001 Mahnmetana
2311 1948 2603 2008 convertit,
2678 1947 2875 2014 adjun-

2970 739 3152 806 jazihs
3206 740 3411 792 Cit-anis
3471 741 3780 806 imperium.
3835 757 3994 807 quem
4059 738 4405 791 Gildcrunem
4444 755 4528 807 ην

2975 835 3320 903 pellatetunt
3368 851 3381 884 :
3424 835 3580 884 sieuti
3647 833 3904 900 deinceps
3962 835 4254 884 iudicaturi
4337 850 4437 887 suo
4460 839 4530 884 lo-

2973 941 3039 979 co
3096 924 3260 994 31E,
3286 940 3503 978 sumus.
3569 923 3712 976 Idem
3751 923 3966 976 L'rcban
4009 921 4178 976 63:65
4245 925 4294 976 id
4326 936 4528 991 temp»

2981 1020 3055 1072 ris
3112 1022 3162 1070 in
3215 1018 3534 1086 regionibus
3581 1018 3809 1084 imperio
3882 1033 3983 1070 suo
4055 1018 4284 1068 subditis
4350 1018 4533 1068 domus

2979 1114 3254 1165 immunes
3304 1125 3467 1179 atque
3509 1110 3714 1176 praedia
3757 1111 3995 1162 describi
4041 1109 4227 1176 jussit.
4269 1109 4347 1161 uti
4398 1111 4534 1160 vide-

2978 1207 3101 1257 licet
3163 1221 3304 1256 unus
3364 1221 3428 1256 ex
3499 1205 3743 1272 quolibet
3804 1207 4004 1270 praedio
4065 1205 4391 1264 mitteretur,
4449 1204 4535 1271 qui

2975 1316 3072 1370 per
3125 1301 3287 1353 unius
3342 1301 3468 1352 anni
3508 1302 3742 1366 spatium
3800 1301 3852 1351 in
3887 1301 4032 1365 regia
4100 1303 4325 1366 quosvis
4362 1301 4538 1365 injun-

2976 1403 3095 1446 ctos
3137 1394 3241 1447 sibi
3284 1393 3500 1446 labores
3526 1394 3855 1461 susciperet.
3907 1392 4009 1445 tios
4057 1393 4315 1459 appellari
4344 1395 4538 1459 placuit

2976 1485 3148 1549 Jaias,
3206 1488 3307 1538 hoc
3342 1498 3447 1546 est,
3487 1485 3718 1553 pedites.
3777 1483 4044 1553 Quodque
4099 1484 4231 1536 tates
4256 1488 4438 1536 adhuc
4485 1485 4536 1534 iu

2979 1581 3124 1646 regia
3166 1589 3532 1647 reperiantur.
3597 1578 3689 1646 qui
3742 1579 3959 1630 labores
4011 1578 4280 1641 ejusmodi
4310 1581 4533 1637 obeunt,

2977 1688 3042 1724 ex
3103 1672 3372 1726 Urcltanis
3409 1669 3570 1724 Casis
3621 1671 3871 1723 instituto
3925 1681 4190 1738 emptum,
4251 1673 4430 1722 adhuc
4489 1672 4537 1721 iu

2981 1777 3083 1814 usu
3118 1773 3224 1813 cst.
3277 1760 3544 1812 Cancrum
3603 1771 3799 1812 nactus
3835 1756 4054 1814 Urclian
4104 1760 4274 1813 Gases
4301 1775 4538 1828 quietam

2985 1855 3134 1905 nrhis
3177 1853 3368 1905 lsnicze
3419 1866 3851 1920 possessronem,
3909 1853 4205 1905 imaretum
4242 1852 4296 1903 iu
4327 1868 4388 1904 ea
4417 1868 4542 1903 cou-

2981 1947 3142 2010 didit,
3220 1947 3321 1998 hoc
3394 1955 3482 1998 est
3533 1945 3796 2012 templum
3890 1945 4357 2007 Matiumetanum,
4422 1962 4541 1997 cum

1307 2048 1412 2100 clis
1456 2048 1660 2100 scholis
1691 2054 1744 2098 t-t
1816 2045 2144 2098 sermnibus.
2219 2053 2482 2112 buperest
2514 2044 2692 2097 adhuc
2719 2043 2877 2097 hodie
2911 2037 2949 2092 Β
2979 2041 3166 2093 schola
3234 2050 3290 2092 et
3340 2055 3551 2091 Xenone
3588 2053 3736 2107 ;quo
3789 2040 4008 2106 quidem
4069 2041 4120 2093 in
4179 2056 4391 2093 xeuone
4440 2041 4543 2093 cibi

1311 2140 1584 2192 medressa
1633 2138 1878 2206 quaedam
1938 2136 2130 2189 lsnica:
2164 2137 2267 2201 (sic
2298 2137 2541 2189 scholam
2597 2150 2719 2188 cum
2784 2150 2877 2186 xe-

1311 2247 1454 2284 none
1490 2232 1836 2299 conjunctatn
1899 2231 2114 2296 vocant)
2144 2231 2211 2280 al)
2263 2230 2383 2296 ipso
2446 2229 2687 2281 condita.
2753 2227 2881 2280 Etat

2511 2322 2734 2374 Itahitus
2781 2336 2879 2388 pro

1313 2420 1428 2469 tiro
1477 2427 1687 2479 sancto,
1751 2416 1910 2483 cujus
1960 2431 2104 2468 cura:
2157 2415 2456 2468 commissa
2519 2416 2624 2468 fuit
2699 2413 2879 2467 omnis

1310 2526 1374 2563 ea
1426 2513 1727 2575 pratincm,
1776 2507 2130 2560 militibusin
2178 2522 2345 2574 pagos
2398 2508 2607 2560 circum
2642 2506 2876 2558 Isuicam

1312 2328 1452 2377 inter
1512 2325 1648 2376 alios
1713 2323 1934 2392 quidam
1993 2322 2132 2374 Cara
2184 2320 2425 2386 Mesites,

1313 2607 1624 2657 distributis
1663 2621 1675 2654 :
1715 2613 1773 2655 ut
1805 2604 1948 2654 illatn
2009 2601 2267 2654 vicmiam
2318 2603 2583 2653 adversus
2613 2601 2880 2652 Constan-

1315 2700 1700 2766 ιιιιεψυιὶιλιιιὲιδ
1742 2701 1925 2764 ("pias
1966 2710 2022 2748 et
2078 2710 2266 2748 carum
2334 2694 2711 2762 grassatioues
2767 2704 2884 2745 tue-

1316 2807 1522 2848 rentur.
1586 2795 1843 2860 Aghas'sa:
1889 2791 2160 2859 regionem
2195 2790 2490 2842 Candtiam
2554 2788 2879 2857 assignavit,

1314 2890 1474 2954 cujus
1527 2890 1691 2939 etiam
1755 2903 1900 2939 nunc
1955 2892 2238 2951 superstes
2290 2892 2376 2937 est
2443 2879 2678 2934 familia.
2729 2881 2877 2934 Cum

1319 2987 1417 3033 hoc
1473 2989 1633 3032 modo
1678 2980 2008 3046 provincias,
2061 2992 2200 3043 quas
2255 2979 2324 3028 ab
2385 2989 2442 3029 se
2494 2975 2642 3026 bello
2692 2983 2884 3040 captas

1317 3080 1514 3124 Usman
1573 3069 1809 3123 Utchani
1890 3069 2002 3135 tilio
2053 3069 2368 3136 reliquerat,
2425 3066 2566 3118 inter
2608 3078 2740 3117 suos
2785 3064 2887 3117 Ur-

1317 3169 1452 3216 .h-n
1507 3173 1739 3230 paltlttls
1776 3172 1950 3220 esset,
2004 3160 2250 3211 ennium
2306 3171 2576 3210 consensu
2608 3170 2787 3208 rerum
2837 3156 2882 3206 ei

1318 3273 1552 3317 summa,
1606 3270 1704 3306 ceu
1765 3254 2008 3318 legitimo
2045 3251 2288 3311 sultano,
2349 3248 2529 3301 delata
2579 3246 2705 3298 fuit.
2759 3244 2886 3309 Qui--

1323 3350 1421 3397 lms
1471 3345 1726 3412 peractis,
1795 3343 1935 3393 Alim
1993 3341 2234 3402 bassatn,
2291 3337 2516 3391 fratrem
2574 3353 2760 3395 suum.
2818 3341 2883 3388 ad

1321 3457 1380 3491 se
1441 3440 1516 3489 uti
1577 3445 1783 3488 veniret
1809 3433 2062 3491 arcessit.
2113 3431 2208 3499 qui
2267 3431 2332 3484 ad
2395 3446 2521 3484 eum
2581 3431 2882 3496 profectus,

1323 3527 1479 3578 Nulla
1541 3527 1674 3577 mihi
1734 3525 1946 3576 ditione
2013 3537 2154 3590 Opus
2211 3530 2317 3583 est,
2389 3519 2464 3572 mi
2524 3517 2718 3581 frater,
2782 3520 2881 3569 ait.

1323 3621 1627 3687 Statimque
1681 3619 1820 3670 facta
1853 3614 2124 3675 ccasione,
2180 3629 2345 3680 quam
2381 3629 2409 3663 a
2442 3625 2594 3681 patre
2629 3612 2890 3663 ditionem

1325 3725 1632 3780 acceperat,
1723 3709 1964 3763 Urctiaui
2026 3704 2153 3759 Gasi
2214 3704 2371 3758 fratri
2427 3715 2625 3772 sponte
2674 3704 2896 3755 tradidit

1323 3819 1378 3861 et
1441 3803 1864 3861 commendavit.
1925 3800 2220 3856 Certabant
2287 3799 2338 3854 id
2389 3809 2654 3865 tetnports
2701 3797 2896 3850 fratres

1328 3913 1467 3954 inter
1527 3915 1583 3952 se
1634 3898 1842 3950 mutuis
1902 3896 2116 3958 ottieiis,
2159 3903 2214 3946 et
2267 3897 2529 3946 honorem
2564 3893 2702 3944 alter
2737 3891 2894 3943 alteri

1326 3996 1631 4048 deferebat.
1687 3992 1804 4044 Alis
1860 3995 1973 4056 ipse
2003 3991 2166 4042 bassa
2211 3987 2443 4056 quodam
2472 3997 2714 4048 tempore
2749 3999 2899 4037 com-

1328 4092 1526 4158 pellato
1579 4090 1748 4140 fratre
1811 4084 2064 4138 Urcllane
2099 4102 2112 4138 :
2150 4082 2218 4136 Mi
2259 4083 2452 4146 frater,
2512 4079 2714 4148 inquit,
2737 4093 2895 4131 eser-

1328 4193 1579 4235 citustut
1633 4193 1966 4246 magnopere
2018 4178 2128 4246 jam
2186 4177 2332 4229 aucti
2399 4186 2549 4234 sunt,
2597 4183 2652 4227 ct
2707 4169 2900 4223 Matiu-

1332 4286 1545 4326 tnetatla
1589 4273 1781 4340 rellgto
1857 4286 1964 4323 non
2004 4284 2196 4338 parum
2256 4268 2579 4321 incrementi
2640 4266 2896 4330 sumpsit.

1335 4369 1587 4434 excogita
1621 4356 1883 4416 rationem
1906 4364 2140 4430 aliquant
2164 4363 2529 4429 obsecro,qua
2557 4359 2670 4410 lieri
2698 4361 2896 4426 possit,

1334 4469 1392 4510 ut
1441 4463 1516 4510 tui
1593 4460 1793 4508 nnlttes
1846 4459 1915 4508 ab
1960 4456 2239 4507 extraneis
2284 4463 2340 4506 et
2400 4454 2707 4521 peregrinis
2784 4454 2900 4502 des-

1338 4563 1646 4605 trernantur.
1694 4553 1770 4602 Ad
1805 4565 1865 4601 ea
1889 4549 2231 4617 respondens
2267 4545 2482 4599 Urcllau
2512 4545 2704 4606 Gases,
2755 4540 2898 4605 Fiat,

1333 4650 1476 4714 quod
1516 4648 1737 4708 suades,
1796 4653 1893 4695 att.
1919 4642 2178 4711 Equidem
2219 4642 2318 4694 tibi
2374 4642 2716 4708 obtempero.
2753 4635 2893 4691 Tum

2980 2145 3315 2202 eoquuntur,
3379 2136 3512 2186 etin
3558 2147 3762 2198 egenos
3817 2134 4251 2197 distribuuntur,
4320 2151 4544 2202 prasen-

2981 2231 3076 2279 titn
3112 2229 3164 2280 in
3198 2243 3317 2290 eos,
3370 2229 3465 2296 qui
3525 2229 3719 2282 litteris
3769 2244 3992 2299 operam
4039 2232 4190 2293 dant,
4241 2245 4293 2284 et
4328 2232 4422 2297 qui
4458 2246 4547 2299 pe—

2982 2323 3348 2390 regrinantur.
3391 2324 3568 2390 Atque
3610 2323 3798 2377 hocin
3853 2324 4083 2376 itnareto
4141 2326 4256 2378 sive
4340 2342 4548 2379 xenone

2981 2418 3133 2467 cibos
3204 2414 3418 2468 Urehan
3482 2418 3610 2483 ipse
3645 2416 3991 2471 distribuisse
4025 2419 4280 2472 traditur.
4333 2417 4550 2473 Secun-

2982 2509 3111 2561 dum
3172 2511 3286 2563 haec
3317 2508 3682 2562 Soleimanem
3734 2512 3950 2564 bassam
3984 2512 4153 2566 tilium
4199 2512 4388 2567 lsnica:
4413 2529 4550 2582 pra:-

2985 2603 3133 2664 fct-it,
3185 2603 3277 2672 qui
3330 2603 3524 2657 vicinis
3571 2604 3848 2672 oppidulis
3895 2603 4291 2658 Genisebelteri
4337 2605 4548 2659 Coinu-

2985 2712 3172 2765 caeque
3225 2698 3406 2765 gravis
3466 2713 3586 2752 esse
3636 2715 3744 2751 non
3795 2700 4102 2763 desinebat.
4175 2699 4365 2753 Prusae
4426 2717 4552 2753 vero

2986 2789 3357 2854 sangiacatum
3402 2799 3733 2842 consecutus
3779 2799 3862 2843 est
3912 2789 3981 2843 ab
4015 2805 4080 2843 eo
4131 2789 4370 2844 Murates
4401 2790 4554 2844 Chau

2987 2881 3179 2946 Gases,
3234 2881 3380 2934 filius
3416 2894 3550 2935 natu
3603 2883 3806 2936 minor.
3859 2881 4042 2936 Nihilo
4106 2889 4286 2938 minus
4332 2885 4556 2940 Urchau

2989 2974 3104 3037 ipse
3165 2971 3312 3024 velut
3376 2972 3655 3040 inspector
3716 2973 3933 3041 imperii
3970 2964 4138 3028 totius
4204 2977 4426 3029 mansit.
4458 2983 4560 3028 bo-

2990 3066 3254 3118 leitnanes
3309 3063 3816 3132 bassa,prsefectus
3880 3066 4091 3130 lsnicze,
4143 3066 4560 3123 Geniscbchere

2987 3159 3343 3228 Gninucaque
3389 3162 3596 3227 potitus
3647 3169 3752 3214 est.
3821 3161 4024 3215 Eorum
4063 3164 4310 3215 locorum
4371 3167 4566 3217 incolae

2989 3252 3312 3311 Christiani,
3367 3260 3659 3320 perspecto
3687 3251 3858 3321 ipsius
3912 3255 4132 3321 ingenio
4174 3255 4288 3307 miti
4347 3266 4404 3308 et
4463 3257 4569 3307 liu-

2993 3360 3175 3405 mano,
3233 3345 3472 3397 universi
3523 3343 3651 3398 facti
3681 3355 3813 3399 sunt
3849 3346 4175 3399 Musultnaui
4213 3364 4227 3400 :
4269 3352 4571 3417 omniaque

2996 3436 3195 3506 oppida
3249 3438 3353 3490 sita
3387 3437 3440 3488 in
3479 3437 3547 3489 iis
3579 3437 3780 3491 finibus
3819 3437 3937 3505 ejus
3973 3452 4032 3491 se
4059 3441 4311 3506 potestati
4369 3452 4573 3509 sponte

2997 3533 3382 3600 permiserunt.
3439 3527 3536 3583 His
3588 3530 3752 3585 rebus
3782 3530 3992 3584 intento
4038 3529 4355 3585 SOleimane
4385 3533 4574 3598 bassa,

2997 3623 3143 3691 patri
3197 3621 3318 3690 ejus
3372 3619 3611 3676 Urchani
3639 3622 3950 3691 complures
4009 3623 4282 3686 civitates,
4341 3624 4574 3686 (ᾆδε-ηδε.

2997 3716 3146 3782 Bale,
3205 3717 3400 3780 Cosre,
3461 3714 3750 3782 Bargama,
3797 3715 4157 3778 Edremitum.
4187 3732 4308 3772 sese
4347 3719 4579 3772 dedide-

2999 3821 3148 3863 runt.
3208 3809 3336 3864 Inde
3384 3825 3510 3864 cum
3562 3810 3739 3879 copiis
3795 3809 4098 3864 Ulubadam
4134 3825 4327 3866 versus
4379 3814 4578 3866 movit.

3001 3903 3133 3956 Natu
3158 3903 3283 3972 ejus
3334 3904 3522 3973 oppidi
3564 3905 3826 3973 Teggiur,
3875 3906 3971 3974 qui
4005 3906 4386 3972 superioribus
4415 3909 4584 3963 anuis

3001 4010 3129 4049 eum
3177 3994 3377 4049 Turcis
3435 4005 3801 4064 transegerat,
3860 3997 3969 4060 iam
4045 3998 4244 4051 violata
4305 3998 4438 4063 fide,
4514 4003 4584 4053 ah

3000 4102 3191 4141 eorum
3237 4088 3479 4142 amicitia
3539 4090 3889 4144 discesserat.
3952 4089 4089 4145 Cum
4123 4103 4306 4145 autem
4329 4109 4390 4147 se
4417 4095 4582 4164 petia

3002 4179 3201 4236 Turcis
3280 4181 3763 4249 animadverteret,
3818 4201 4013 4238 manus
4047 4186 4162 4254 ipse
4229 4187 4333 4240 sibi
4367 4190 4584 4243 attulit.

3004 4274 3139 4327 Dum
3176 4276 3291 4329 haec
3348 4273 3472 4328 istic
3513 4287 3860 4344 gererentur,
3913 4277 4255 4332 Soleimanes
4313 4280 4479 4335 bassa
4531 4284 4586 4336 in

3002 4365 3266 4421 Graeciam
3331 4369 3652 4437 transjicere
3706 4370 3898 4422 statuit
3937 4389 3951 4424 :
3984 4384 4093 4439 qua
4144 4371 4367 4440 quidem
4422 4389 4590 4429 occa-

3005 4459 3162 4512 sione
3207 4457 3492 4527 Callipolis
3539 4475 3568 4512 a
3627 4458 3821 4514 Turcis
3856 4471 4018 4528 capta
4069 4460 4188 4515 fuit.
4253 4461 4391 4516 Nam
4445 4477 4596 4522 iortc

3008 4547 3349 4603 Solvimanes
3383 4553 3435 4603 in
3485 4552 3732 4619 regione,
3768 4568 3934 4621 quam
3987 4569 4092 4608 non
4127 4558 4197 4607 ita
4249 4560 4468 4623 pridem
4503 4567 4589 4612 sui

3003 4643 3142 4710 juris
3195 4643 3421 4705 fecerat,
3477 4645 3602 4700 hinc
3657 4646 3781 4701 inde
3831 4647 4210 4718 obequitabat.
4274 4651 4600 4721 Supersunt

1334 4744 1449 4792 Alis
1500 4741 1660 4791 bassa
1698 4735 1977 4802 :P-ateipe
2042 4735 2117 4788 mi
2146 4734 2336 4797 frater,
2378 4733 2616 4800 subjicit,
2656 4741 2715 4782 ut
2773 4731 2895 4782 uni-
2930 4746 2980 4806 ι)
3008 4748 3187 4791 augem
3251 4739 3256 4791 i

2674 4741 2715 4782 lt
2773 4731 2895 4782 uni-
2930 4746 3187 4806 Dautem
3251 4739 3302 4791 in
3354 4740 3419 4792 iis
3457 4741 3590 4793 locis
3649 4741 3844 4794 rudera
3906 4745 4019 4798 sive
4049 4746 4274 4814 vestigia
4328 4749 4596 4815 qnardam

1339 4835 1477 4884 versi
1529 4831 1727 4884 milites
1782 4833 1856 4882 tui
1918 4831 2158 4882 zereolas
2189 4830 2389 4882 rubeas
2448 4837 2679 4896 gestent,
2727 4841 2902 4894 eoque

1333 4947 1490 4998 Slgtlo
1536 4928 1632 4980 toti
1679 4929 1881 4979 mundo
1927 4935 2041 4977 nott
2065 4925 2174 4978 sint
2204 4939 2218 4975 :
2247 4933 2303 4976 tu
2339 4935 2466 4974 vero
2508 4920 2736 4974 zercolis
2766 4919 2905 4972 albis

1339 5033 1526 5076 utitor.
1593 5020 1704 5072 Non
1760 5021 1931 5072 multo
1976 5026 2096 5086 post
2157 5016 2414 5070 convertit
2460 5012 2678 5068 Urcbau
2734 5011 2906 5066 Cases

1342 5121 1653 5186 religiosum
1716 5115 2001 5183 quemdam
2051 5111 2527 5173 Mahumetanum,
2560 5113 2648 5160 cui
2705 5121 2904 5158 nomen

1344 5212 1538 5265 Chazis
1587 5211 2067 5276 Bectaseszatque
2103 5208 2148 5261 is
2204 5207 2328 5259 albo
2382 5204 2527 5274 pileo
2582 5200 2749 5270 capiti
2787 5199 2908 5266 ejus

1343 5309 1616 5380 imposito,
1660 5305 1948 5360 illiusmodi
1997 5303 2277 5374 -tegminis
2345 5315 2503 5353 usum
2563 5297 2907 5369 approbarit,

1344 5415 1393 5457 ct
1427 5417 1457 5455 a
1521 5401 1749 5470 posteris
1804 5397 2024 5454 retineri
2067 5397 2256 5466 jussit.
2303 5391 2574 5461 Quodque
2613 5391 2750 5443 adeo
2802 5387 2910 5440 Ge-

1347 5499 1538 5556 nizari,
1600 5495 1693 5564 qui
1747 5493 1945 5548 sultani
1971 5491 2190 5545 Turcici
2220 5487 2532 5556 sclopetarii
2559 5494 2711 5546 sunt,
2745 5484 2907 5536 etiam

1346 5606 1491 5644 nunc
1527 5588 1788 5657 ejusmodi
1846 5587 1999 5653 pileis
2047 5595 2297 5647 utuntur,
2333 5583 2381 5635 id
2414 5581 2482 5634 ab
2522 5578 2668 5632 illius
2703 5589 2911 5644 tempo-

1347 5685 1422 5732 ris
1456 5680 1846 5732 consuetudine
1893 5676 2224 5744 profectum,
2264 5676 2315 5726 in
2358 5671 2680 5725 hodiernum
2737 5681 2912 5735 usque

1340 5777 1482 5825 diem
1517 5772 1696 5825 durat.
1749 5771 1917 5825 Erant
1941 5770 2059 5838 t'jtls
2095 5769 2274 5821 aetatis
2308 5767 2558 5820 homines
2589 5764 2657 5815 ita
2682 5776 2906 5826 compa-

1343 5865 1466 5927 rati;
1512 5873 1569 5915 ιιι
1618 5861 1781 5915 frater
1851 5861 2080 5916 consilia
2130 5874 2230 5913 sua
2276 5873 2398 5910 cum
2435 5855 2602 5908 fratre
2660 5868 2912 5907 commu-

1342 5958 1548 6009 nicaret
1586 5974 1598 6009 :
1632 5958 1834 6025 quique
1872 5954 2182 6008 rectissime
2244 5949 2637 6010 consuluisset,
2679 5947 2732 6000 in
2789 5948 2911 6015 ejus

1344 6053 1662 6106 sontentiam
1714 6055 1904 6107 lubens
1981 6049 2113 6103 alter
2165 6047 2295 6102 ibat.
2369 6045 2510 6097 Nulli
2565 6043 2773 6096 mutuis
2851 6059 2908 6095 se

3008 4831 3362 4884 aedificiorum
3391 4831 3730 4896 atltuiranda,
3758 4849 3880 4902 qua:
3905 4836 4028 4889 istic
4064 4839 4132 4890 ab
4161 4837 4380 4893 excidio
4411 4840 4602 4909 Trth

3011 4924 3063 4976 in
3115 4925 3260 4976 hunc
3324 4940 3492 4994 usque
3559 4926 3704 4978 diem
3767 4937 4108 4985 manserunt.
4177 4931 4290 4995 Illa,
4351 4950 4490 4985 cum
4542 4956 4609 4985 ro

3014 5014 3274 5075 venisset,
3321 5031 3446 5068 cum
3502 5027 3727 5087 stupore
3762 5021 3996 5088 quodam
4048 5023 4353 5090 aspiciens,
4393 5037 4608 5081 taettns

3012 5117 3064 5161 et
3121 5110 3526 5173 cogitabundus
3607 5110 3674 5164 ad
3729 5112 3956 5181 aliquod
4022 5119 4286 5182 temporis
4344 5123 4608 5186 Spnlittlll

3017 5200 3087 5253 ita
3149 5202 3418 5268 substitit,
3482 5213 3538 5256 ut
3621 5205 3759 5258 nillil
3825 5209 4052 5260 omnino
4121 5210 4189 5261 ad
4256 5206 4616 5282 quemquam

3016 5294 3458 5363 proloqueretur.
3521 5295 3890 5361 Quamobrem
3949 5299 4086 5355 Ezes
4136 5302 4328 5370 begus,
4373 5309 4618 5358 tandet-i

3015 5401 3073 5439 se
3124 5399 3447 5442 convertens
3525 5391 3592 5443 ad
3672 5390 4068 5457 Soleimauem,
4122 5394 4190 5448 Mi
4245 5397 4430 5463 (illan,
4515 5413 4619 5458 ait.

3015 5480 3143 5548 quid
3208 5482 3348 5533 istuc
3383 5497 3536 5535 nova:
3590 5484 3666 5536 rei
3709 5483 3840 5538 est?
3875 5502 4124 5555 quamam
4189 5490 4283 5540 tibi
4350 5494 4417 5542 :tJ
4496 5509 4622 5544 ant-

3019 5591 3165 5627 n.um
3219 5574 3418 5628 accidit
3472 5577 3786 5645 prodigiosa
3820 5582 4080 5648 rogitato
4105 5581 4285 5636 ‘!Tum
4316 5587 4620 5640 Soleitna-

3019 5685 3114 5723 nes
3157 5671 3336 5734 bassa,
3394 5671 3627 5732 Mecum,
3657 5673 3854 5740 inquit,
3889 5676 4076 5726 animo
4112 5677 4291 5735 volvo,
4353 5694 4621 5743 quot-ani

3023 5763 3182 5815 modo
3267 5764 3399 5815 milii
3455 5765 3938 5818 transmittendum
3999 5767 4102 5820 hoc
4160 5785 4314 5820 mare
4398 5774 4505 5832 sit,
4563 5784 4624 5822 ut

3021 5856 3236 5908 interitu
3296 5855 3646 5910 Christianos
3706 5870 3942 5912 conatus
4017 5862 4115 5912 iste
4183 5878 4342 5914 meus
4409 5865 4620 5916 lateat.

3019 5949 3216 6013 Quieso
3276 5960 3342 6015 te,
3402 5966 3505 6016 qua
3556 5967 3638 6002 Via
3697 5967 3810 6004 rem
3860 5954 4265 6020 aggrediemur.
4325 5956 4421 6009 llte
4461 5973 4621 6025 eus.-

3023 6044 3255 6097 tatioucs
3289 6059 3421 6097 mete
3458 6055 3605 6098 sunt.
3634 6046 3713 6098 Ad
3746 6059 3808 6098 ea
3831 6063 3951 6099 mox
3998 6046 4132 6100 ἕως
4186 6065 4248 6100 ac
4275 6046 4431 6103 Fasti
4459 6056 4615 6117 best,
