4866 6594
224 365 324 422 585

222 570 413 623 fretum
450 569 553 622 hoc
597 568 1038 637 trausjiciemns,
1076 569 1357 624 teittaturi.
1396 584 1521 620 num
1591 566 1795 635 aliquid

222 678 245 714 a
310 662 468 715 nobis
515 662 653 715 eflici
690 662 882 730 possit.
933 660 1030 715 Ubi
1092 677 1245 723 vero,
1304 661 1537 729 subjecit
1609 658 1795 717 Soli-i-

221 770 427 819 manes,
467 754 824 822 transjecturi
876 753 1055 809 estis?
1090 754 1269 808 Locus
1299 756 1387 809 hic
1426 756 1650 821 quidam
1687 769 1792 823 est,

216 848 488 917 .nquiunt,
522 848 609 901 ubi
656 848 832 902 facilis
882 856 964 902 est
1006 848 1346 917 transjcctio,
1390 865 1451 901 cx
1507 850 1797 905 intervallo

218 940 415 994 littoris
458 940 748 1005 utriusque
781 956 886 994 non
920 956 1139 1010 magno.
1196 940 1331 995 Cum
1372 942 1422 995 id
1458 941 1798 1001 Soleiuiancs

218 1034 288 1087 eis
328 1046 383 1086 ut
416 1033 676 1093 facerent,
708 1034 1072 1100 permisisset,
1118 1036 1295 1087 locmn
1348 1036 1523 1101 ipsum
1570 1038 1794 1102 adeunt,

218 1128 391 1181 trahes
450 1129 678 1197 acligna
731 1128 1012 1193 colligant,
1048 1138 1217 1182 ratein
1276 1130 1603 1195 coniiciunt,
1646 1142 1797 1185 trans

217 1222 411 1273 fretum
454 1231 614 1273 noctu
679 1222 729 1273 in
783 1221 1072 1274 adversum
1141 1222 1293 1276 littus
1349 1223 1653 1291 appellunt,
1706 1242 1797 1292 per

218 1317 396 1366 vineas
435 1322 608 1367 semet
642 1314 869 1378 abdiitit,
908 1314 1165 1367 idoneum
1192 1317 1483 1383 quemdam
1543 1318 1798 1373 insttuto

216 1421 311 1456 suo
387 1403 762 1458 Christianum
820 1406 1067 1474 capiunt.
1126 1404 1260 1459 Eum
1338 1421 1470 1460 vero
1546 1409 1798 1463 celeriter

215 1504 525 1568 abreptum,
584 1499 800 1568 ratique
878 1500 1223 1570 impositum,
1277 1502 1410 1554 hero
1471 1517 1571 1556 suo
1634 1504 1801 1557 Solei-

214 1594 382 1654 inani,
430 1603 687 1661 superato
722 1608 944 1646 rursum
1020 1593 1184 1660 freto,
1235 1595 1460 1651 sistunt.
1513 1596 1559 1650 Is
1620 1597 1798 1649 horni-

213 1700 335 1735 nem
388 1684 620 1751 benigne.
650 1686 924 1753 excipere,
1012 1689 1207 1741 vestitu
1240 1702 1381 1741 novo
1422 1689 1649 1752 donare,
1677 1705 1797 1743 mu-

212 1776 438 1829 ueribus
504 1777 625 1830 aliis
694 1778 980 1832 deﬁnitum
1043 1779 1378 1850 interrogare
1419 1800 1430 1834 :
1470 1780 1652 1850 Ecqua
1710 1784 1791 1835 via

1492 360 1843 417 ANNALES
1886 358 2221 417 'l‘UllClCl.

225 475 470 539 liuinine,
540 475 583 528 si
652 490 747 543 per
810 488 861 528 te
929 476 1136 538 licebit,
1175 474 1455 544 inquiunt,
1520 491 1618 527 nos
1696 473 1879 534 dqu
1911 475 2193 538 mauitate,
2237 488 2343 541 qua
2394 474 2445 524 in
2501 472 2623 525 illos
2678 474 2913 542 priores,

3378 357 3480 419 586

2986 476 3141 528 facile
3174 475 3283 528 duo
3331 476 3479 531 ist:re

1902 565 2126 619 Cnceiic
2176 577 2355 619 castra
2414 581 2571 620 suam
2624 566 2676 619 iu
2739 577 3066 636 potestatem
3136 570 3480 639 redegerunt.

1904 656 2106 711 llarum
2174 673 2376 722 rerum,
2429 667 2535 711 tam
2607 657 2840 713 feliciter
2871 660 2922 712 in
2965 659 3228 713 Romania
3299 672 3481 729 gesta-

1903 767 2043 811 rum,
2108 749 2249 804 fama
2281 767 2403 805 cum
2436 751 2527 816 ζειίί
2576 751 2788 805 Turcos
2851 753 2901 804 in
2937 753 3122 806 Asiam
3153 765 3304 806 trans
3335 769 3483 805 mare

1902 844 2105 915 perlata
2163 845 2396 908 fuisset,
2433 846 2827 916 quamplurimi
2865 859 3057 915 sponte
3094 864 3189 901 sua
3251 851 3475 917 transje-

1902 946 2115 1002 cerunt,
2171 950 2336 1006 atque
2390 938 2493 992 hoc
2536 940 2698 992 modo
2767 940 2971 1008 passim
3020 955 3112 1006 per
3170 940 3480 993 universam

1902 1032 2227 1085 llomaniam
2256 1030 2460 1084 diditus
2483 1043 2565 1085 est
2592 1035 2658 1086 de
2690 1032 2994 1085 Turcorum
3017 1032 3250 1085 adventu
3271 1049 3477 1086 rumor.

1903 1123 2087 1194 Neque
2121 1125 2293 1178 multo
2322 1134 2442 1193 post
2474 1124 2741 1192 praemissi
2800 1124 2973 1192 fuere,
3021 1126 3113 1195 qui
3167 1124 3479 1194 Callipolim

1903 1229 2195 1274 tentarent.
2231 1220 2363 1289 Ejus
2392 1222 2492 1274 loci
2521 1219 2779 1292 Teggiur,
2807 1223 3192 1277 animadverso
3231 1234 3477 1285 lanisuo,

1899 1329 2062 1381 quam
2125 1328 2352 1368 suorum
2424 1315 2689 1384 periculo,
2760 1316 3114 1384 collectisque
3173 1317 3480 1385 perexiguis

1900 1406 2341 1459 Christianorum
2398 1406 2595 1475 copiis,
2638 1407 2888 1461 animose
2930 1422 3053 1461 cum
3110 1406 3304 1462 Turcis
3342 1424 3482 1460 con-

1898 1499 2072 1554 flixit:
2107 1500 2197 1553 sed
2229 1500 2419 1570 prmlio
2454 1501 2652 1565 victus,
2680 1501 2818 1555 intra
2854 1501 3212 1554 munitionem
3244 1517 3300 1555 se
3328 1516 3479 1556 rece-

1899 1594 1995 1662 pit.
2050 1591 2214 1647 Turci
2273 1594 2483 1647 hostem
2509 1610 2563 1646 κει
2598 1607 2750 1663 tergo
2811 1596 3007 1659 secuti,
3040 1610 3228 1663 agrum
3256 1609 3473 1648 oznnem

1900 1696 2191 1753 occupant,
2229 1695 2281 1738 et
2337 1687 2390 1738 iit
2428 1684 2602 1739 reditu
2668 1686 2839 1753 ipsam
2898 1702 3117 1755 quoque
3166 1686 3475 1755 Callipolim

1899 1777 2002 1832 sibi
2061 1794 2183 1831 cum
2221 1793 2346 1831 arce
2402 1778 2720 1847 subjiciunt.
2780 1777 3007 1833 Factum
3054 1780 3157 1834 hoc
3191 1796 3335 1833 anno
3365 1780 3480 1833 Ma—

213 1866 279 1921 sit
336 1868 388 1919 in
418 1870 679 1936 oppiduni
705 1870 996 1924 adversum
1031 1872 1411 1940 perveniendi,
1454 1872 1786 1928 Christianis
1819 1860 1865 1921 Β
1896 1873 2192 1926 humetauo
2223 1872 2323 1926 758
2354 1870 2502 1941 (Chr.
2536 1872 2718 1939 1557).

212 1962 405 2016 insciis
439 1974 493 2016 et
557 1964 999 2033 imprudentibus
1034 1966 1056 2018 ἲ
1089 1965 1212 2020 Mox
1266 1968 1395 2022 ille:
1429 1966 1633 2022 Ducam
1696 1984 1792 2023 vos

213 2055 489 2123 equidem,
530 2056 624 2121 ait,
683 2073 779 2127 per
829 2058 1100 2127 ejusmodi
1159 2061 1325 2123 viam,
1376 2070 1434 2116 ut
1492 2079 1520 2116 a
1576 2064 1793 2117 nemine

211 2150 655 2219 conspiciamini.
722 2151 1174 2219 Quointellecto,
1235 2156 1485 2227 colligari
1548 2158 1792 2227 complu-

212 2258 300 2299 res
355 2243 577 2297 arbores
611 2243 953 2301 Soleiniaues
992 2248 1246 2316 imperat,
1296 2248 1785 2306 Dirtum.factum.

212 2338 270 2393 lii
342 2355 461 2393 eam
536 2350 729 2406 ratem,
827 2359 1040 2397 summa
1112 2360 1241 2397 usus
1290 2344 1592 2405 celeritate.
1666 2360 1789 2399 cuni

212 2438 562 2508 septuaginta
619 2438 703 2492 vel
755 2437 1036 2506 octoginta
1100 2438 1325 2491 selectis
1381 2438 1645 2492 militibus
1698 2439 1784 2490 in-

211 2528 349 2590 silit,
415 2544 479 2581 ac
524 2539 688 2582 noctu
741 2530 1030 2597 transjicit.
1081 2527 1273 2597 Magna
1322 2526 1522 2582 deinde
1573 2528 1791 2582 solertia

212 2623 494 2675 ducuntur
545 2638 575 2676 a
631 2625 848 2691 captivo
884 2622 1201 2677 Christiano
1261 2622 1326 2675 ad
1377 2632 1623 2677 castrum
1687 2622 1792 2677 Ze-

214 2714 520 2780 menicum,
571 2716 623 2769 in
672 2716 831 2784 cujus
888 2715 1038 2769 aditu
1094 2715 1317 2784 quidam
1364 2730 1393 2770 e
1436 2715 1565 2769 fimo
1634 2718 1791 2785 quasi

212 2809 461 2862 tumulus
517 2808 653 2864 situs
724 2815 888 2874 erat,
948 2808 1123 2879 ipsius
1192 2809 1358 2863 castri
1445 2810 1789 2865 altitudinem

211 2917 461 2969 atquans.
497 2901 941 2957 Aberantcastro
982 2902 1195 2966 incolae,
1227 2902 1482 2955 nimirum
1517 2902 1607 2957 illo
1658 2912 1795 2957 tem-

215 3010 347 3063 pore
369 2993 519 3058 anni,
553 3010 662 3063 quo
704 2994 1024 3063 colligendis
1053 3010 1115 3050 ac
1148 2995 1473 3050 trituraudis
1508 2996 1791 3065 segetibus

211 3087 452 3155 quisque
514 3087 645 3141 foris
701 3090 941 3144 intentus
961 3096 1098 3143 erat.
1138 3087 1250 3143 llae
1276 3088 1593 3147 solitudinis
1635 3105 1793 3146 orea-

210 3184 371 3236 sione
423 3185 531 3245 usi,
560 3192 724 3236 noctu
753 3198 848 3254 per
878 3183 1031 3237 illuni
1080 3185 1289 3250 limum,
1329 3201 1492 3255 quem
1523 3185 1789 3248 diximus,

211 3278 268 3329 in
329 3290 571 3330 casuum
600 3276 864 3341 evadunt,
885 3292 1058 3347 eoque
1085 3279 1391 3349 potiuntur.
1448 3278 1605 3335 Nulla
1636 3279 1793 3349 vulgo

217 3369 659 3425 Shristianorum
722 3371 869 3426 illata
915 3372 998 3426 vis
1055 3371 1176 3437 fuit,
1258 3381 1353 3427 aut
1414 3373 1614 3444 injuria
1657 3374 1793 3428 :sed

207 3460 458 3517 exhibita
517 3462 700 3531 potius
725 3463 1131 3530 benevolentia,
1157 3466 1395 3536 dataque
1440 3468 1791 3521 munuscula.

208 3555 292 3609 De
347 3553 640 3627 praecipuis
698 3566 881 3612 autem
925 3558 1068 3628 capti
1103 3559 1350 3628 quidam,
1403 3567 1458 3613 et
1492 3560 1557 3614 ad
1581 3560 1794 3631 navigia

203 3646 468 3713 deducti,
532 3663 655 3716 quae
711 3648 835 3704 istic
886 3651 1124 3719 inportu
1191 3660 1406 3721 reperta
1429 3660 1577 3717 sunt,
1643 3661 1795 3706 trans

204 3740 442 3801 fretum,
490 3751 589 3809 pro
656 3737 904 3793 victoriae
962 3750 1311 3808 argumento,
1378 3742 1444 3795 ad
1522 3743 1794 3812 reliquum

204 3830 527 3885 exercitum
559 3830 712 3887 missi
741 3830 983 3887 fuerunt.
1013 3831 1230 3887 Eisdem
1263 3834 1499 3904 navigiis
1531 3838 1586 3890 in
1617 3836 1792 3890 reditu

203 3920 343 3991 plus
384 3922 567 3975 minus
629 3920 857 3976 ducenti
927 3921 1131 3978 milites
1190 3924 1511 3990 transvecti,
1573 3941 1629 3979 se
1673 3940 1794 3980 eum

196 4014 555 4077 Soleimaue,
589 4015 914 4086 eaaterisque
960 4014 1173 4079 Turcis,
1209 4018 1262 4069 in
1323 4018 1522 4088 oppido
1557 4019 1793 4088 conjun-

194 4117 445 4162 xerunt.
523 4106 651 4162 Inde
719 4124 843 4162 eum
912 4109 1140 4163 navibus
1216 4109 1463 4177 aliquot,
1519 4110 1796 4179 equitibus

187 4201 379 4257 etiam
438 4200 748 4263 instructis,
818 4200 913 4270 qui
978 4211 1120 4255 terra
1154 4202 1258 4255 iter
1300 4201 1566 4267 facerent,
1620 4203 1798 4259 Bolai-

187 4310 333 4349 rem
380 4292 521 4347 Ezes
558 4294 726 4361 begus
768 4294 946 4362 petiit.
1010 4292 1105 4348 Est
1151 4305 1333 4348 autem
1370 4307 1588 4364 propter
1620 4295 1800 4351 Bolai-

185 4404 330 4443 rem
359 4396 550 4456 portus
611 4386 801 4452 maris,
838 4388 931 4447 qui
986 4386 1183 4442 Portus
1230 4388 1387 4442 albus
1435 4389 1657 4443 dicitur.
1720 4388 1798 4441 Eo

1971 1967 2137 2036 Capta
2190 1964 2465 2037 Gallipoli,
2521 1983 2650 2022 suos
2711 1968 3053 2024 Soleimanes
3121 1971 3356 2041 ablegat,
3422 1983 3478 2026 ut

1902 2074 2064 2127 agros
2095 2058 2379 2129 Cherepoli
2430 2068 2484 2114 et
2524 2061 2685 2114 Zorlo
2716 2060 2927 2114 vicinos
2979 2062 3394 2131 popularentur,
3428 2075 3484 2117 et

1903 2154 2044 2207 ferro
2077 2164 2241 2223 atque
2284 2154 2394 2222 igni
2432 2163 2754 2207 vastarent:
2796 2154 2891 2223 qui
2923 2153 3085 2223 longe
3138 2155 3352 2224 lateque
3401 2158 3484 2207 di-

1902 2248 2067 2315 reptis
2099 2246 2372 2312 omnibus,
2434 2246 2642 2318 absque
2691 2264 2840 2303 mora
2907 2246 3214 2317 Callipolim
3281 2250 3481 2303 reversi

1901 2352 2049 2396 sunt.
2078 2340 2314 2395 llabehat
2343 2356 2533 2396 secum
2567 2343 2705 2395 duos
2736 2357 2798 2396 ex
2841 2342 2989 2397 omni
3022 2359 3252 2397 numero
3289 2359 3483 2413 proce-

1904 2450 2020 2487 rum
2047 2435 2213 2489 duces
2247 2436 2501 2499 eximios,
2538 2433 2875 2489 Eorenosem
2917 2436 3138 2507 begum,
3176 2447 3229 2491 et
3256 2436 3477 2491 Chasini

1902 2527 2039 2582 Elim
2072 2529 2291 2599 begum.
2330 2528 2393 2582 lli
2416 2528 2631 2593 nullum
2664 2528 3001 2585 Christianis
3042 2539 3258 2598 tempus
3292 2546 3320 2584 a
3352 2547 3479 2597 per-

1902 2621 2079 2692 petuis
2103 2620 2487 2677 vexationibus
2523 2638 2753 2677 vacuum
2789 2623 3117 2692 relinquere,
3156 2624 3249 2679 sed
3276 2625 3483 2693 absque

1902 2714 2311 2769 intermissione
2342 2712 2612 2770 Dimotuci
2646 2732 2710 2770 ac
2742 2714 3076 2785 Burgosiues
3102 2732 3263 2787 agros
3296 2733 3481 2788 agere,

1903 2808 2069 2872 ferre,
2102 2823 2341 2878 moxque
2409 2823 2535 2863 cum
2595 2808 2714 2864 suis
2769 2808 3074 2875 Callipolim
3116 2825 3175 2864 se
3218 2810 3482 2881 recipere.

1903 2899 2038 2954 Dum
2094 2901 2163 2955 ab
2196 2900 2306 2956 illis
2346 2915 2408 2954 ea
2443 2908 2738 2972 geruntur,
2773 2901 3117 2958 Soleimanes
3149 2904 3309 2957 bassa
3342 2919 3481 2971 quo-

1903 2993 2029 3048 dam
2064 2993 2153 3048 die
2210 3003 2465 3049 venatum
2499 2993 2551 3047 in
2597 3009 2741 3064 equo
2774 2993 2952 3063 prodit
2984 3033 3001 3059 ,
3035 2995 3365 3064 inventoque
3413 2996 3480 3049 le-

1903 3099 2055 3152 pore,
2090 3099 2213 3139 mox
2252 3086 2402 3140 illum
2464 3094 2522 3141 ut
2585 3096 2823 3155 caperet,
2881 3102 3082 3157 equum
3125 3087 3188 3141 ad
3254 3104 3477 3143 cursum

1903 3181 2074 3249 adigit
2110 3198 2123 3234 :
2161 3181 2256 3251 qui
2313 3179 2456 3234 forte
2488 3179 2711 3235 fortuna
2765 3182 2902 3250 pede
2962 3183 3135 3235 altero
3170 3182 3389 3236 delatus
3423 3184 3478 3236 in

1825 3248 1868 3308 ε
1900 3274 2153 3329 scrobem
2186 3275 2502 3344 quamdam,
2530 3291 2636 3329 una
2664 3291 2790 3331 cum
2830 3275 3053 3330 domino
3079 3278 3310 3340 corruit,
3331 3292 3479 3330 ensi-

1897 3381 2003 3436 que
2036 3365 2116 3422 sic
2176 3367 2330 3422 humi
2367 3367 2562 3422 afﬂixit
2593 3409 2606 3434 ,
2649 3379 2706 3422 ut
2744 3368 2942 3423 ibidem
2980 3368 3272 3422 confestim
3301 3371 3480 3439 exspi—

1899 3471 2061 3522 raret,
2095 3477 2239 3516 anno
2281 3460 2668 3515 Mahmnetano
2704 3461 2808 3516 759
2836 3462 2990 3531 (Chr.
3027 3461 3208 3530 1557).

1970 3551 2166 3607 Eodem
2215 3560 2455 3623 tempore
2513 3567 2762 3609 mortuus
2798 3564 2884 3609 est
2932 3554 3099 3607 etiam
3135 3554 3475 3609 Soleiinanes

1898 3646 2069 3702 bassa:
2097 3656 2271 3715 pater,
2302 3645 2526 3703 Urcban
2562 3648 2754 3705 Cases.
2790 3648 2895 3704 Sed
2928 3650 3076 3706 illius
3112 3652 3328 3706 duobus
3357 3662 3483 3705 ante

1897 3751 2104 3811 patretu
2142 3741 2422 3797 mensibus
2442 3743 2749 3798 exstinctus
2783 3754 2888 3799 est.
2920 3743 3199 3799 Successit
3227 3746 3280 3801 iu
3314 3746 3483 3813 impe-

1899 3837 1979 3889 rio
2008 3846 2237 3906 paterno
2263 3836 2432 3894 Casos
2472 3836 2712 3893 Murates
2760 3839 2934 3899 Clian.
2964 3840 3057 3910 qui
3090 3838 3316 3894 Prusam
3354 3856 3481 3909 pro-

1898 3926 2096 3994 fectus,
2165 3946 2423 3999 magnum
2480 3946 2546 3984 ex
2580 3931 2846 3986 Carasina
2890 3933 3130 4002 regione,
3161 3933 3485 4001 ca-terisque

1898 4018 2220 4087 provinciis,
2253 4021 2552 4076 exercitum
2579 4022 2819 4093 collegit.
2874 4024 3001 4078 Erat
3037 4024 3088 4077 in
3143 4024 3361 4078 civitate
3385 4025 3485 4079 Be—

1899 4111 2084 4177 lezuga
2119 4110 2534 4169 Mahumetanus
2577 4113 2825 4184 quidam,
2860 4115 3147 4185 religiosus
3178 4126 3229 4170 ct
3271 4132 3483 4185 magna:

1900 4205 1981 4258 vir
2006 4206 2453 4272 existimationis,
2488 4209 2579 4265 cui
2618 4224 2817 4265 nomen
2853 4209 3185 4266 Zenderlues
3212 4211 3479 4265 Cheliles.

1902 4294 2040 4351 Eum
2063 4298 2125 4353 ad
2154 4314 2214 4354 se
2239 4311 2490 4356 vocatum
2519 4300 2889 4357 Cadilcseheri
2909 4303 3090 4358 oﬂicio
3118 4304 3264 4372 fungi
3291 4305 3481 4373 jussit.

1902 4389 2040 4446 Hine
2072 4405 2198 4446 cum
2222 4406 2513 4451 meonomo
2566 4399 2726 4467 regia:
2767 4414 2881 4453 sua:
2932 4398 3219 4462 Scacltiiie,
3258 4416 3323 4454 ac
3357 4404 3483 4456 uiti-

178 4486 255 4537 in
312 4493 476 4551 portu
533 4480 822 4549 complura
880 4480 1095 4550 navigia
1174 4491 1303 4535 tunc
1357 4492 1536 4547 erant,
1592 4484 1796 4551 quibus
1904 4483 2077 4539 versis
2108 4486 2304 4554 copiis,
2340 4486 2649 4557 Callipolim
2712 4491 3015 4559 transiecit,
3049 4507 3114 4546 ac
3169 4503 3313 4546 recta
3344 4493 3481 4545 Zor-

176 4577 339 4642 igne
402 4572 607 4643 injecto
634 4573 965 4642 absumptis,
994 4572 1347 4629 Zemenieum
1399 4575 1750 4630 reversisunt
1777 4616 1791 4641 ,
1822 4600 1874 4661 Ι)
1906 4574 2016 4627 lum
2045 4577 2349 4632 contendit.
2384 4577 2517 4645 Ejus
2560 4579 2660 4636 loei
2694 4582 3018 4651 praesidiarii
3059 4593 3110 4638 ct
3144 4585 3336 4639 incola
3373 4585 3486 4639 for-

170 4678 246 4721 ct
312 4664 589 4733 reliquum
648 4665 977 4729 exercitum,
1026 4666 1263 4720 navibus
1323 4668 1662 4736 impositum,
1740 4671 1793 4722 in
1902 4668 2109 4721 tissime
2158 4670 2374 4739 quidem
2415 4673 2491 4727 illi
2540 4688 2599 4728 se
2654 4675 3041 4741 defendebant,
3094 4677 3187 4730 sed
3217 4678 3479 4747 oppidum

168 4762 490 4829 but-epam
522 4759 1103 4828 transportarunt.Hoc
1133 4762 1294 4815 modo
1349 4760 1512 4815 Turci
1556 4762 1792 4831 primum
1898 4772 2077 4817 tamen
2110 4777 2480 4835 expugnatura
2512 4770 2558 4821 vi
2597 4767 2720 4823 fuit.
2763 4769 2935 4839 Capta
2967 4770 3163 4824 deinde
3205 4770 3313 4833 Sis,
3342 4769 3482 4840 Teg-

171 4856 247 4907 in
273 4849 563 4905 Graeciam
601 4852 794 4920 pedem
823 4852 1153 4906 intulerunt.
1195 4851 1473 4922 Occupato
1498 4854 1790 4908 Zemenico
1899 4857 2051 4923 giure
2080 4858 2407 4913 deditionem
2441 4860 2695 4916 faciente.
2729 4862 2848 4918 Mox
2874 4864 3010 4918 itum
3038 4880 3230 4919 versus
3264 4866 3478 4934 Burgo-

166 4960 340 5001 cum
390 4958 623 5012 magnus
660 4942 772 5010 jam
800 4942 1107 4997 Tui-corum
1136 4962 1398 5000 numerus
1442 4947 1792 5003 itiCracciani
1899 4953 2077 5019 sincn,
2140 4972 2261 5024 qua:
2332 4958 2549 5012 inventa
2634 4959 2732 5014 fuit
2812 4937 3209 5017 habitatoribus
3286 4978 3480 5030 vacua,

161 5054 365 5096 trans
420 5053 573 5091 mare
629 5039 993 5107 pervenisset,
1050 5040 1214 5095 nullis
1271 5042 1531 5096 oneribus
1594 5045 1794 5098 moles-
1897 5048 2223 5104 Christianis
2256 5050 2380 5121 fuga
2426 5053 2654 5122 dilapsis
2690 5071 2703 5107 :
2738 5055 2971 5126 ideoque
3022 5056 3217 5111 Turcis
3261 5058 3475 5125 ingres-

158 5138 374 5192 tiisve
412 5130 742 5194 Christiani,
796 5131 860 5185 ad
912 5132 1171 5201 oppidum
1240 5133 1368 5186 illud
1432 5135 1790 5203 pertinentes,
1899 5157 1995 5195 sus
2028 5159 2041 5205 ;
2080 5143 2203 5212 igne
2232 5144 2428 5199 deleta.
2462 5146 2538 5200 Ex
2572 5150 2739 5203 altera
2769 5160 2920 5218 parte
2956 5150 3196 5221 regionis
3229 5153 3475 5204 Eurcno-

158 5234 255 5288 ali
329 5227 415 5280 eis
454 5224 662 5294 gravati
693 5235 846 5287 sunt,
893 5224 988 5277 sed
1021 5234 1359 5279 transactum
1396 5227 1535 5280 inter
1587 5240 1793 5281 utram-
1899 5249 1987 5287 ses
2014 5235 2183 5303 begus
2239 5252 2386 5291 arma
2422 5256 2545 5293 cum
2586 5242 2749 5296 Chazi
2811 5243 2890 5297 Eli
2931 5244 3065 5312 bego
3089 5244 3425 5297 circumtulit
3464 5262 3475 5293 :

150 5336 310 5394 que
348 5331 561 5386 partem
618 5318 1028 5387 constitutaque
1057 5317 1324 5386 pax..Non
1354 5336 1549 5372 uxores
1579 5336 1792 5382 eorum,
1900 5343 1926 5379 a
1960 5328 2162 5395 quibus
2192 5330 2257 5382 ad
2280 5346 2497 5384 amnem
2528 5332 2784 5387 Mcrizatn
2816 5347 3139 5406 occupatum
3165 5335 3480 5391 fuitcastel-

151 5429 321 5471 nun
358 5411 519 5462 liberi
576 5409 784 5471 violati,
820 5411 911 5463 sizd
974 5427 1035 5461 ea
1079 5427 1200 5462 cum
1228 5409 1389 5479 315
1424 5412 1794 5466 moderatione
1901 5419 2035 5483 lum,
2068 5422 2153 5474 cui
2187 5434 2239 5475 et
2276 5424 2377 5491 ipsi
2428 5441 2624 5480 nomen
2668 5428 2874 5497 Burgos
2914 5449 2924 5483 :
2976 5432 3220 5499 adeoque
3266 5435 3334 5485 ab
3378 5433 3483 5484 hoc

150 5506 404 5566 habiti,
469 5516 525 5554 ut
565 5502 857 5556 Zeinenico
912 5502 1126 5556 ﬁnitimi
1168 5505 1466 5557 Christiani
1501 5508 1793 5574 perluben-
1899 5526 2098 5566 eventu
2161 5517 2213 5569 in
2276 5518 2602 5573 hodiernum
2650 5537 2825 5592 usque
2859 5522 2999 5575 diem
3043 5524 3153 5577 Elis
3190 5527 3305 5594 hegi
3345 5525 3481 5576 Bur-

147 5616 268 5656 tcr
304 5616 373 5650 διε
404 5595 601 5647 Turcis
630 5596 1032 5647 submitterent-
1062 5596 1103 5645 Α
1135 5595 1422 5648 Zmneuico
1472 5613 1579 5649 non
1638 5598 1796 5666 longe
1901 5623 1997 5675 gos
2030 5610 2250 5661 dicitur.
2288 5609 2343 5663 lu
2371 5627 2436 5665 eo
2467 5614 2694 5667 castello
2736 5614 2935 5669 Chazis
2975 5615 3209 5686 Elbegus
3243 5618 3481 5670 interdiu

143 5700 380 5751 distat
447 5689 595 5740 aliud
674 5689 958 5756 oppidum,
1023 5689 1370 5756 Agaslevina,
1398 5706 1506 5758 quo
1564 5700 1619 5742 et
1676 5692 1795 5757 ipso
1901 5701 2074 5767 quieti
2104 5718 2160 5753 se
2184 5703 2344 5755 dabat
2388 5706 2529 5757 :sed
2565 5719 2749 5775 postea
2796 5725 2958 5772 quam
3002 5724 3106 5762 nox
3146 5710 3483 5777 :ippetiisset.

138 5789 365 5847 nullo
426 5787 642 5852 negotio
702 5783 875 5849 potiti,
932 5797 1056 5835 eum
1127 5783 1454 5836 Christianis
1504 5784 1624 5851 ejus
1682 5785 1795 5852 agri
1905 5794 2181 5858 perpetuis
2214 5796 2637 5850 excursionibus
2673 5800 2910 5853 vicissim
2937 5802 3176 5869 quietem
3213 5800 3487 5854 Christia-

136 5896 401 5959 pacem
465 5885 820 5942 componunt,
888 5877 1187 5943 eademque
1251 5878 1302 5930 in
1372 5880 1469 5931 hos
1532 5878 1614 5929 tisi
1696 5879 1797 5933 hu-
1904 5898 2100 5937 norum
2144 5887 2418 5942 turbabat.
2463 5889 2608 5945 idem
2646 5892 2830 5948 missis
2864 5894 3328 5962 exploratoribus,
3385 5893 3485 5945 im-

542 5969 787 6026 l'ATlttiL
844 5972 957 6028 Uti.
1004 5968 1206 6028 (HJK.
2954 5990 3025 6046 19
