4866 6594
229 413 312 480 i589

1444 410 1791 473 ANNALES
1840 406 2175 471 i‘URIJICi.

3326 402 3429 465 590

230 544 323 593 nes.
358 529 497 583 nulla
530 528 691 582 rebus
735 525 956 597 agendis
1010 526 1327 594 interposita
1382 538 1554 587 mora,
1594 524 1964 588 11ο1·111Α11ο,
2010 538 2133 577 cum
2194 515 2478 589 mancipiis
2531 514 2876 573 Christianis.
2928 525 2979 567 et
3031 514 3180 569 omni
3229 522 3427 585 prmda.

229 636 305 687 per
338 617 560 674 insidias
592 618 643 673 in
696 620 903 673 hostem
951 617 1212 686 erumpit.
1269 613 1348 669 illi
1391 614 1560 669 multo
1608 627 1757 666 mero

228 711 426 775 madidi,
474 710 674 781 passim
717 724 811 780 per
863 716 1065 775 castra,
1098 722 1291 778 magna
1323 720 1445 761 cum
1496 704 1756 761 vocifera-

227 804 363 869 tione,
384 800 591 859 Turcos
613 803 803 857 adesse
832 801 1145 865 clamitant;
1172 814 1406 869 cumque
1433 814 1540 869 prie
1587 808 1759 852 temu-

227 896 386 960 lentis,
416 904 522 950 tam
559 893 811 965 presenti
863 908 1043 948 rerum
1083 890 1430 967 discrimine,
1462 891 1588 959 quid
1629 906 1752 959 age.

228 996 347 1050 rant,
368 989 678 1057 ignorarent
710 1005 723 1043 :
748 1001 840 1057 per
863 985 1037 1041 noctis
1065 984 1351 1054 caliginem
1373 983 1505 1037 alter
1528 981 1757 1037 alterum

223 1076 277 1133 ad
301 1073 462 1130 lucrm
497 1088 669 1145 usque
695 1080 956 1129 mactant.
985 1069 1117 1142 Equi
1155 1071 1313 1127 etiam
1340 1068 1470 1124 tanti
1495 1068 1760 1123 tumultus

224 1182 361 1228 i-susa
387 1182 584 1238 pavore
604 1164 957 1232 consternati,
979 1164 1221 1235 abruptis
1263 1162 1395 1218 loris
1417 1173 1467 1217 et
1486 1161 1756 1232 capistris.

224 1259 280 1313 ad
306 1273 480 1315 necem
520 1274 692 1329 usque
722 1257 823 1315 sibi
852 1267 1041 1315 mutuo
1063 1257 1240 1313 calces
1267 1256 1627 1328 linpcgerunt.
1663 1254 1759 1311 libi

223 1350 431 1421 denique
462 1352 572 1420 iam
596 1350 881 1416 illuxisset,
920 1348 1116 1406 l‘tndain
1149 1351 1202 1404 in
1237 1348 1415 1420 iugum
1449 1348 1644 1413 Servii,
1668 1364 1764 1403 ne-

224 1442 349 1497 mine
397 1453 769 1512 persequente,
802 1456 860 1498 se
883 1444 1252 1509 coniecerunt.
1302 1438 1374 1495 ibi
1412 1448 1525 1494 tum
1580 1437 1763 1494 hostili

222 1532 344 1586 vallo
373 1542 647 1602 superato.
682 1529 847 1588 Turci
878 1539 1080 1599 castra,
1102 1530 1318 1586 nemine
1348 1528 1652 1593 resistente.
1673 1543 1766 1584 ca-

222 1629 359 1694 piunt
384 1635 547 1694 atque
596 1623 876 1695 diripiunt,
911 1633 964 1679 ct
1016 1622 1209 1693 amplis
1244 1620 1396 1677 dilati
1431 1620 1638 1695 spoliis,
1662 1616 1766 1674 1111-

219 1712 560 1782 drinnopolim
629 1720 997 1768 revertuntur.
1068 1706 1361 1766 Scaciiines
1416 1694 1607 1764 Miirati
1650 1722 1765 1763 ms-

220 1818 369 1874 gnum
401 1801 738 1873 captivorum
772 1813 1084 1863 numerum,
1111 1813 1235 1855 cum
1266 1814 1371 1853 non
1408 1797 1594 1871 paucis
1618 1799 1764 1869 capi-

218 1896 350 1951 tibus
395 1894 869 1965 interemptorum,
925 1892 1120 1949 misit:
1184 1891 1383 1963 quibus
1435 1892 1763 1964 conspectis,

219 1986 397 2043 itinere
442 1998 706 2041 converso
762 1982 987 2039 Prusam
1023 1983 1255 2054 repetiit.
1286 1978 1410 2038 Haec
1464 1991 1615 2056 gesta
1652 1980 1769 2039 fue-

218 2086 334 2133 i-nnt
358 2092 500 2133 anno
525 2074 757 2133 Turcico
786 2074 885 2132 767
934 2074 1083 2145 (Chr.
1120 2072 1301 2145 i366).
1333 2074 1451 2141 Quo
1477 2088 1619 2130 anno
1650 2072 1769 2128 Mn-

216 2179 348 2225 rales
390 2170 537 2225 Cium
575 2168 712 2224 iiiios
747 2182 891 2229 suos.
933 2164 1356 2238 Bajazitem,qui
1392 2164 1649 2224 Giiderun
1682 2181 1770 2223 co-

215 2258 550 2332 gnominatus
596 2260 715 2323 fuit.
738 2268 792 2315 et
849 2255 1110 2329 Jacupem
1159 2254 1420 2327 Zelebim,
1454 2258 1769 2317 circumcidi

215 2354 394 2417 voluit,
421 2366 610 2423 magna
642 2350 984 2408 solemnitate
1023 2348 1287 2409 adhibita.
1332 2348 1604 2423 Beiezugze
1638 2368 1771 2425 prie-

213 2460 374 2512 teres.
428 2443 573 2515 quod
629 2442 882 2516 oppidum
941 2452 1024 2500 est
1078 2443 1359 2511 Anatoliie,
1393 2457 1768 2517 sumptuosum

212 2539 488 2610 templum,
514 2537 787 2595 messitam
813 2534 973 2594 Turci
1004 2536 1415 2604 vocant,eodem
1444 2554 1611 2606 anno,
1643 2554 1767 2595 cum

212 2631 395 2689 schola
436 2644 488 2689 et
519 2647 747 2699 xenone,
778 2633 1102 2688 construxit.
1153 2630 1420 2705 Principis
1445 2633 1610 2690 etiam
1640 2630 1773 2690 Ger-

214 2723 373 2779 miani
408 2724 529 2779 illi-.e
581 2726 796 2795 nuptias
843 2722 1062 2793 Bajasiti
1100 2722 1376 2781 Gilderunl
1441 2723 1550 2781 lilio
1591 2725 1772 2782 concl-

213 2816 383 2881 liavit.
418 2814 719 2873 celebratas
746 2829 940 2888 pompa
966 2815 1525 2888 magniﬁcentissima.
1567 2818 1771 2873 Secun-

213 2912 338 2965 dum
377 2909 490 2965 inec
520 2907 572 2963 in
609 2907 878 2977 regionem
908 2905 1184 2965 Hemidam
1213 2924 1335 2966 cum
1369 2912 1606 2967 exercitu
1642 2924 1769 2979 pro-

211 2998 529 3067 fectus,eam
562 2998 865 3070 occupavit.
896 2998 1024 3056 inde
1054 3014 1393 3072 progressus,
1428 3000 1770 3074 Aspropolim

210 3093 321 3147 sive
375 3090 565 3146 Albam
623 3090 900 3157 Anatolii»,
961 3104 1123 3161 quam
1192 3105 1337 3149 nunc
1383 3092 1770 3150 Aescheberim

213 3190 431 3277 vocant.
454 3180 819 3277 etCutaliigen
842 3276 845 3277 ν
865 3180 1203 3253 nietiopoliin
1249 3182 1557 3254 provincia,
1577 3195 1631 3241 et
1648 3183 1772 3243 iiie-
1800 3214 1843 3277 α

212 3275 461 3348 rapoiim,
485 3291 604 3348 qua
628 3274 1054 3336 Seldiscbeberis
1118 3277 1337 3348 dicitur,
1376 3288 1429 3338 et
1483 3278 1764 3341 Geluasen

206 3367 734 3442 317lmperiosuo
763 3370 1018 3443 subiecit,
1075 3385 1216 3429 anno
1262 3370 1534 3446 784(Chr.
1589 3374 1770 3449 1888).

208 3463 388 3531 Atque
451 3462 536 3518 his
560 3464 719 3520 rebus
766 3463 951 3534 gestis,
984 3463 1301 3536 relictisque
1329 3465 1466 3524 locis
1499 3468 1586 3535 iis,
1620 3479 1773 3525 trans

204 3558 408 3610 lretum
431 3552 736 3626 Callipolim
761 3570 819 3612 se
850 3556 1075 3612 centulit
1100 3576 1113 3613 :
1151 3556 1543 3631 ingressusque
1566 3557 1771 3616 [toma-

204 3651 380 3713 niam,
404 3647 686 3704 obsidione
708 3647 1070 3720 Magalgsram
1094 3648 1284 3715 cinxit,
1305 3662 1357 3706 ct
1374 3650 1426 3708 in
1447 3659 1771 3722 potestatem

203 3739 358 3794 brevi
413 3737 639 3810 redegit.
697 3737 774 3796 Eo
826 3740 943 3795 loco
995 3743 1155 3810 regite
1206 3738 1429 3799 Muratis
1456 3756 1773 3801 mcouomus

203 3830 337 3885 Lala
380 3830 699 3897 Scaciiines,
729 3839 783 3887 et
805 3829 1113 3890 Eurenoses
1140 3832 1329 3905 begus,
1362 3835 1632 3891 universis
1648 3851 1772 3891 cum

202 3924 411 3994 copiis,
447 3924 647 3995 quibus
683 3927 736 3981 In
790 3922 1055 3981 Romanis
1093 3936 1381 3997 praeerant,
1419 3929 1484 3985 ad
1510 3928 1772 3985 Moralem

202 4024 606 4072 accesserunt:
666 4027 719 4072 ct
779 4016 1086 4088 conjunctis
1139 4021 1491 4082 exercitibus,
1526 4021 1590 4073 nd
1629 4022 1777 4076 obsi-

198 4110 448 4161 dentiam
505 4104 773 4177 Bolinam,
806 4109 981 4163 locum
1042 4111 1335 4177 munitum,
1370 4112 1595 4180 profecti
1626 4122 1773 4166 sunt.

197 4201 493 4269 Quotquot
529 4206 686 4254 erant
708 4215 770 4254 ea
800 4198 1019 4271 regione
1048 4200 1384 4268 Christiani,
1417 4216 1606 4257 omnes
1637 4202 1689 4256 in
1713 4202 1778 4258 ii-

199 4294 318 4346 iuni
355 4291 507 4345 velut
533 4305 709 4345 arcem
740 4306 861 4346 sese
923 4300 1260 4362 receperant.
1288 4291 1472 4363 itaque
1507 4308 1627 4348 cum
1662 4291 1779 4348 Mu-

203 4394 361 4439 rates
424 4382 587 4438 tantis
620 4397 744 4438 cum
775 4382 947 4454 copiis
982 4396 1032 4439 et
1079 4394 1344 4455 apparatu
1375 4384 1660 4441 obsidione
1693 4386 1778 4441 ln-

204 4476 443 4540 choata,
473 4476 1083 4547 magnisqueiuboribus
1112 4488 1165 4532 et
1212 4476 1475 4533 molestiis
1536 4480 1780 4534 esantla-

202 4571 303 4635 tis,
340 4582 455 4623 non
487 4567 648 4639 potiri
676 4584 735 4623 se
766 4571 963 4638 oppido
997 4584 1157 4638 posse
1188 4570 1433 4624 videret:
1464 4570 1654 4626 intimo
1681 4572 1780 4626 do-
1815 4607 1857 4663 ο

197 4669 334 4719 lore
358 4662 532 4717 animi
558 4671 881 4721 commotus.
911 4662 1189 4731 ingemuit,
1228 4669 1278 4716 et
1301 4662 1583 4718 obsidione
1599 4664 1776 4718 soluta

193 4756 511 4812 discedens
543 4770 559 4809 :
590 4752 804 4809 Evertut
830 4764 879 4809 te
902 4752 1060 4817 Dens,
1089 4754 1280 4825 inquit.
1315 4755 1443 4811 Erat
1474 4760 1613 4813 haud
1642 4775 1764 4829 pro-

192 4848 297 4903 cui
344 4844 476 4900 inde
507 4843 620 4899 tilia
650 4845 893 4913 quaedam
928 4843 1313 4913 pulcherrima,
1350 4862 1510 4915 quam
1543 4845 1774 4901 Felicem

195 4939 378 5005 vulgo
442 4933 727 4998 vocabant,
785 4931 1052 5003 hodieque
1104 4937 1445 4988 sermonibus
1498 4937 1774 4990 hominum

190 5025 474 5083 celebris.
494 5024 572 5078 Ad
601 5041 718 5079 eam
739 5040 859 5078 cum
887 5026 1238 5093 pervenisset,
1257 5030 1452 5081 castris
1482 5028 1654 5081 locum
1688 5030 1779 5081 dc-

190 5119 369 5189 iegit.
414 5114 631 5170 Interim
657 5114 770 5185 ipse
788 5116 1072 5186 quemdam
1114 5125 1180 5170 ad
1214 5116 1416 5173 l'nnteni
1460 5134 1581 5174 sese
1620 5122 1775 5173 νει-11-

184 5221 631 5276 transmimstus
648 5210 911 5265 consedit.
966 5208 1077 5263 Non
1117 5226 1311 5280 magno
1332 5214 1780 5283 temporiselapso

187 5314 424 5374 spatio,
457 5299 705 5355 nuntium
733 5302 965 5370 accepit,
997 5300 1139 5355 latus
1172 5306 1401 5355 alterum
1432 5302 1777 5368 munitionis,

187 5399 366 5450 .iioie
421 5408 521 5448 sua
577 5398 877 5461 gravatum,
927 5395 1216 5446 corruisse.
1250 5394 1365 5459 Qua
1398 5409 1454 5447 re
1487 5395 1778 5457 intellecta,

186 5506 344 5544 111οι
379 5486 567 5541 Laium
596 5486 912 5539 Scuchinem
943 5485 1190 5553 ablegat:
1222 5488 1310 5553 qui
1338 5486 1593 5554 opinione
1623 5488 1785 5541 citius

181 5581 262 5636 ad
346 5578 609 5647 Oppidum
665 5576 983 5639 convolutis,
1047 5591 1109 5628 eo
1165 5578 1404 5645 potitur,
1457 5578 1783 5631 Christianis

183 5674 484 5725 omnibus
541 5667 734 5736 captis,
767 5677 819 5719 rt
874 5668 1083 5735 magnis
1132 5667 1361 5721 inventis
1392 5673 1602 5738 opibus.
1647 5671 1787 5722 inter

185 5780 317 5819 ams
362 5763 562 5833 reperti
600 5780 625 5812 u
652 5760 845 5813 Turcis
872 5776 1022 5812 aurci
1056 5759 1222 5813 catini
1257 5774 1416 5828 atque
1451 5763 1668 5824 calices,
1691 5768 1781 5829 qui

184 5862 505 5919 ςυῡμ11111111
544 5862 768 5911 101·111;1111
808 5858 1134 5910 relrrehaltt.
1166 5855 1233 5909 iis
1261 5855 1311 5907 in
1348 5872 1520 5925 capita
1568 5861 1783 5927 iinposi-

1862 626 2042 668 coram
2074 610 2279 666 Muriitc
2305 617 2747 680 comparuerunt.
2777 606 2843 662 Et
2875 605 3096 676 quidem
3134 604 3187 660 id
3218 615 3427 677 tempo-

1863 705 1937 758 ris
1989 705 2131 774 apud
2189 701 2396 757 Turres
2469 701 2610 770 cepit
2662 698 2749 752 ille
2800 712 2919 752 mos
2948 696 3194 768 gestandi
3232 712 3432 753 aureos

1862 796 2123 863 ejiismodi
2178 795 2373 866 pileos.
2410 793 2502 862 qui
2531 792 2671 862 apud
2720 790 2841 846 iiios
2870 788 3104 846 USCUﬂiB
3154 789 3427 845 dicuntur.

1865 886 2059 944 Murali
2131 903 2257 943 vero
2308 886 2479 942 Cliani
2540 885 2787 939 coilibuit
2826 898 2945 938 eam
2996 884 3170 937 tiliam
3224 882 3432 937 honoro

1865 980 2101 1050 quodam
2137 981 2371 1045 aiiiciere,
2401 990 2565 1049 atque
2589 980 2733 1033 iiiam
2764 976 2834 1033 ob
2881 992 3104 1032 causam
3148 988 3302 1034 vetus
3332 975 3435 1034 Fe-

1867 1070 1985 1127 licis
2019 1072 2148 1127 tiliie
2177 1087 2372 1128 nomen
2425 1069 2766 1142 approbavit.
2797 1080 2850 1126 et
2872 1069 2936 1125 ad
2973 1076 3224 1140 posteros
3252 1079 3432 1125 ratum

1867 1176 1986 1219 esse
2011 1161 2201 1217 voluit.
2233 1158 2360 1217 inde
2387 1160 2728 1217 Christianos
2759 1159 2969 1215 incolas
2993 1159 3303 1223 univorsos.
3334 1161 3427 1230 qui

1869 1255 2007 1327 capti
2043 1253 2285 1319 inerant,
2314 1252 2694 1324 cujuscunque
2731 1251 2983 1316 fortuna,
3029 1260 3433 1308 sacramentum

1869 1345 1978 1403 sibi
2011 1345 2191 1402 dicere
2223 1345 2424 1414 iussit:
2449 1354 2500 1401 et
2533 1360 2653 1401 cum
2686 1342 2874 1401 liberis
2914 1355 3077 1411 atque
3109 1342 3434 1415 conjugibus

1870 1440 2088 1497 domum
2125 1438 2356 1495 remisit.
2390 1436 2584 1493 Castro
2632 1435 2849 1506 quidem
2888 1434 2988 1506 ipsi
3022 1449 3218 1489 nomen
3247 1435 3299 1489 in
3335 1435 3434 1489 ho-

1870 1528 2118 1586 diernum
2180 1542 2348 1599 usque
2383 1525 2523 1583 diem
2580 1526 2759 1591 durat.
2804 1524 2869 1581 ab
2923 1522 3209 1581 eversione
3232 1524 3432 1579 divina.

1871 1618 2104 1677 Huratcs
2128 1618 2252 1675 hinc
2271 1620 2598 1690 repetiturus
2625 1612 3094 1687 Hadrianopolim,
3118 1614 3436 1674 Ciiairedlni

1868 1713 2063 1777 bassre,
2096 1726 2160 1768 ae
2195 1709 2460 1768 Eureuosl
2519 1706 2654 1781 bego
2686 1708 2736 1764 id
2769 1706 2968 1779 negotii
2995 1707 3163 1775 dedit,
3196 1718 3278 1776 ut,
3305 1722 3439 1779 pro--

1873 1804 2047 1878 gressi
2084 1804 2335 1867 ulterius,
2370 1816 2583 1859 omnem
2622 1799 2767 1857 illam
2795 1797 3129 1873 provinciam
3161 1796 3265 1855 sibi
3303 1799 3437 1857 sub-

1873 1897 2083 1954 derent.
2151 1894 2216 1953 Et
2255 1894 2564 1953 Eurenoses
2606 1891 2826 1965 quidem
2874 1890 3044 1965 begus
3090 1894 3334 1949 animum
3371 1894 3439 1948 ad

1874 1988 2236 2046 invadendum
2278 1983 2618 2044 Gumulzinte
2676 2000 2865 2060 agrum
2930 1985 3143 2058 adjecit.
3212 1983 3438 2042 Marulla

1873 2082 2153 2141 confestim
2186 2084 2231 2140 ei
2264 2098 2321 2140 se
2355 2081 2585 2139 dedidit.
2616 2076 2750 2138 Erat
2782 2080 2923 2139 inter
2943 2080 3078 2139 alios
3109 2078 3337 2139 Muralis
3363 2077 3441 2138 ia-

1876 2176 2035 2234 miliie
2062 2176 2344 2234 ministros
2371 2174 2719 2248 quidam.cul
2747 2188 2942 2231 nomen
2976 2172 3136 2232 Delus
3166 2171 3433 2230 Beluban.

1873 2268 1933 2327 Ei
1959 2269 2331 2344 sanglacalum
2362 2269 2415 2326 in
2436 2266 2700 2325 limitibus
2732 2266 3027 2334 commisit,
3053 2264 3323 2324 utSerras
3342 2282 3440 2339 op-

1874 2364 2058 2436 pidum
2112 2361 2255 2420 beilo
2304 2370 2544 2420 vexaret.
2596 2357 2732 2418 Cum
2774 2368 2953 2416 autem
2980 2359 3225 2417 suasiile
3253 2362 3439 2431 capias

1875 2457 2015 2514 istuc
2076 2454 2413 2519 adduaisset.
2456 2452 2773 2518 Christiani,
2806 2452 2973 2523 portis
2998 2452 3256 2519 occlusis.
3289 2451 3443 2509 dedi-

1878 2549 2081 2606 tionem
2142 2545 2321 2604 l'acere
2372 2552 2720 2602 recusarunt.
2757 2543 2966 2601 interea
2997 2557 3152 2608 vero.
3186 2542 3314 2600 dum
3352 2544 3438 2599 his

1872 2637 2252 2715 oppugnandis
2279 2648 2422 2696 totus
2443 2645 2771 2710 occupatur:
2793 2630 2923 2694 Lais
2951 2632 3251 2693 Scaciilnes
3282 2636 3441 2708 appl-

1873 2730 1941 2790 da
1960 2729 2261 2803 complura.
2277 2726 2552 2796 Cavalam.
2571 2722 2752 2795 Diren,
2772 2726 2949 2784 Siruni
2969 2728 3197 2799 imperio
3214 2724 3443 2783 Horatia

1873 2826 2145 2900 adiungit:
2189 2823 2420 2896 indeque
2472 2820 2736 2895 promotis
2763 2820 2983 2887 castris,
3012 2816 3362 2876 Monastirum
3387 2828 3441 2873 et

1873 2916 2209 2985 Beieruesm,
2228 2912 2577 2973 circumfusis
2602 2913 2884 2979 militibus.
2903 2922 3074 2970 tentst
3093 2952 3108 2980 ,
3142 2922 3195 2969 et
3222 2926 3439 2969 omnem

1877 3025 2067 3086 agrum
2120 3008 2205 3068 his
2267 3004 2557 3075 ﬁnitimum
2621 3004 2830 3078 rapinis
2855 3016 2909 3062 et
2942 3003 3209 3062 incendiis
3238 3013 3435 3062 vastat.

1874 3098 2204 3160 Acciderunt
2239 3098 2350 3154 hac
2379 3111 2523 3155 anno
2565 3092 2664 3152 737
2724 3094 2875 3165 (Chr.
2901 3092 3090 3169 1386).

1953 3196 2010 3252 id
2046 3193 2311 3267 temporis
2340 3189 2655 3263 Bagadatim
2687 3187 3065 3246 Temirlancus
3093 3187 3319 3253 invasit,
3347 3184 3438 3245 cui

1875 3295 1988 3345 tum
2020 3283 2282 3343 Sullanus
2341 3282 2632 3340 Achmetes
2681 3295 2805 3337 eum
2840 3279 3075 3352 imperio
3101 3288 3356 3352 prrecrat.
3392 3278 3441 3336 is

1874 3394 1985 3454 pral
2044 3377 2337 3436 l‘orinldine
2389 3375 2688 3444 Alcalrum,
2714 3373 2781 3430 ad
2813 3374 3087 3431 suitanunt
3121 3370 3441 3442 Borcueem,

1874 3470 2131 3545 profugit.
2173 3484 2316 3527 anno
2342 3468 2444 3526 788
2476 3466 2626 3542 (Chr.
2654 3466 2838 3537 i387).

1946 3562 2216 3638 Babylone
2242 3559 2427 3619 Temlr
2456 3560 2606 3617 Clian
2642 3558 2808 3617 movit
2832 3558 2883 3614 in
2914 3557 3186 3629 regionem
3214 3555 3444 3615 Desten-

1875 3672 2016 3727 sem,
2052 3655 2144 3713 ubi
2193 3670 2314 3713 cum
2363 3650 2653 3710 Techmico
2702 3649 2887 3709 Chane
2921 3652 3107 3723 prcllo
3155 3649 3441 3707 conﬂixit:

1875 3762 1938 3805 ac
1966 3748 2192 3803 victoria
2221 3745 2443 3818 potitus.
2473 3742 2617 3800 l‘erro
2642 3752 2699 3800 et
2735 3741 2841 3812 igni
2863 3744 3133 3809 regionem
3158 3742 3301 3798 11111111
3325 3755 3446 3796 om-

1880 3857 1999 3898 nem
2030 3840 2388 3914 depopulatus
2448 3847 2549 3903 est,
2583 3850 2728 3892 anno
2788 3833 2883 3892 79l
2920 3833 3070 3905 (Chr.
3122 3834 3300 3905 1890).

1948 3935 2149 3993 Eodem
2168 3946 2412 4005 tempore
2433 3934 2576 4003 cepit
2598 3930 2767 3989 Gases
2798 3928 3032 3984 Muratcs
3061 3927 3212 3985 Ciian
3241 3928 3443 3983 bellum

1878 4048 1997 4086 cum
2050 4027 2253 4084 Lazaro
2306 4039 2508 4097 gerere.
2569 4019 2778 4092 Quippe
2815 4021 3081 4088 Lazarus,
3125 4021 3440 4092 prepotcnti

1877 4131 2064 4178 coacto
2085 4117 2346 4179 exercitu.
2376 4123 2429 4168 et
2452 4114 2565 4186 jam
2597 4113 2650 4167 in
2688 4111 2912 4166 Cosova:
2941 4123 3162 4180 campos
3180 4124 3300 4162 cum
3326 4110 3443 4163 suis

1880 4220 2196 4279 pregressus
2223 4243 2238 4271 ,
2288 4201 2484 4259 biurati
2524 4200 3027 4273 perinternuntium
3069 4198 3442 4269 dicijussii,in

1880 4301 2051 4355 aciem
2089 4297 2247 4352 modo
2271 4294 2511 4366 prodiret
2540 4312 2553 4348 :
2596 4292 2971 4364 appariturum
3007 4290 3181 4355 facile.
3212 4292 3297 4347 cui
3327 4307 3445 4347 ces-

1884 4404 2010 4445 aura
2036 4390 2106 4444 sit
2137 4385 2382 4443 victoria.
2434 4386 2675 4441 illuratea
2718 4399 2782 4439 ex
2820 4384 2987 4439 altera
3024 4393 3201 4453 parte.
3232 4398 3446 4437 summa

1883 4481 2159 4548 diligentia
2185 4479 2493 4548 conscripto
2525 4476 2716 4540 milite,
2747 4474 2940 4530 ambos
2968 4477 3128 4529 etiam
3166 4472 3447 4539 iiiios,Ba-

1880 4574 2098 4645 iazitem
2142 4570 2461 4641 cognomine
2504 4568 2871 4634 Gilderuncm,
2903 4576 2956 4622 et
3002 4564 3257 4637 Jacupem
3291 4565 3446 4622 Zeie-

1887 4668 2017 4729 bim,
2052 4680 2114 4718 ea
2171 4662 2274 4717 sibi
2300 4660 2639 4730 espeditione
2688 4659 2959 4730 adiunxit.
2994 4658 3358 4729 Posteaquam
3391 4662 3444 4713 in

1884 4758 2109 4811 Cosovie
2177 4766 2397 4822 campos
2466 4760 2692 4821 uterque
2753 4750 3101 4806 convenisset
3147 4752 3440 4817 exercitus,

1885 4852 1995 4903 acri
2036 4848 2349 4901 dimicatum
2386 4843 2654 4909 utrimque
2694 4842 2898 4913 prmiio.
2934 4840 3009 4897 ibi
3031 4851 3140 4897 tum
3179 4844 3445 4899 Christia-

1887 4956 1988 4994 nus
2042 4940 2258 5008 quidam
2293 4934 2356 4990 ad
2381 4934 2641 4989 Muriitem
2668 4934 2981 5005 transfugit,
3010 4936 3132 4989 citm
3166 4936 3443 5004 signiilca-

1886 5038 2030 5087 tione
2054 5030 2341 5084 voluntatis
2364 5042 2495 5091 sure,
2518 5026 2669 5094 quasi
2697 5027 2740 5081 si
2766 5026 2997 5080 militare
3012 5027 3269 5098 deinceps
3284 5030 3331 5085 ei
3352 5046 3446 5083 cu-

1887 5130 2058 5192 peret.
2112 5121 2278 5191 igitur
2298 5120 2362 5174 ad
2391 5116 2650 5173 Muratcm
2713 5116 2998 5182 deductus,
3050 5118 3128 5173 uti
3166 5134 3263 5188 pro
3294 5134 3446 5175 more

1888 5216 2051 5288 pedes
2088 5214 2201 5285 ejus
2247 5211 2617 5276 oscularetur,
2666 5226 2831 5279 quam
2874 5211 2975 5266 sub
3020 5222 3169 5266 veste
3209 5212 3447 5267 abditam

1891 5307 2137 5375 gestabat
2188 5302 2379 5367 sicam,
2408 5316 2469 5354 ea
2509 5301 2557 5353 vi
2591 5297 2816 5355 Muralis
2862 5300 2912 5355 in
2948 5307 3194 5355 ventrem
3246 5302 3445 5372 adegit.

1889 5410 1946 5449 111
1976 5398 2019 5449 is
2042 5405 2148 5446 tant
2176 5393 2289 5446 diro
2315 5393 2533 5445 \uinere
2557 5388 2856 5456 coniectus,
2890 5388 3449 5460 exspiraret.Tureici

1893 5502 2017 5539 vein
2077 5500 2349 5553 proceres.
2407 5485 2505 5536 hac
2572 5484 2772 5537 siiltani
2839 5482 3102 5539 sulctede
3131 5498 3446 5555 conspecta,

1894 5594 2012 5631 mox
2077 5574 2532 5629 consultationem
2592 5574 2902 5640 instituunt,
2941 5584 2995 5629 et
3024 5574 3150 5644 quid
3186 5579 3286 5633 hoc
3319 5594 3450 5636 casu

1896 5682 2000 5720 inm
2029 5668 2308 5736 repentino
2343 5665 2658 5719 faciundum
2696 5667 3073 5728 deiibersntes,
3104 5666 3291 5722 incum
3318 5684 3450 5726 con-

1896 5778 2088 5817 venere
2120 5761 2461 5822 sa-ntentiam,
2507 5770 2560 5811 ut
2590 5760 2651 5811 :iii
2698 5776 2753 5813 se
2783 5756 3042 5829 Jucupem
3080 5755 3317 5816 Zeiebim
3351 5777 3451 5816 ar-

1897 5872 2189 5913 esserem.
2254 5855 2299 5907 Is
2366 5857 2452 5905 ubi
2483 5862 2704 5907 vocatus
2738 5864 3167 5923 comparmsset:
3203 5856 3336 5923 Age,
3368 5858 3452 5911 in~
