4866 6594
230 388 325 450 597

1486 401 1839 461 ANNAIES
1880 404 2220 463 TURClCl.

3383 408 3498 469 598

228 505 468 557 animose
493 506 771 573 pugnavit.
792 508 909 572 Quo
930 508 1116 563 'l‘emir
1130 524 1424 581 conspecto
1447 534 1457 565 :
1482 515 1624 570 Proh
1642 534 1802 587 quam
1834 520 1879 576 Α
1912 522 2149 573 occasiot

1562 520 1802 587 ohqnam
1834 520 1879 576 Α
1912 522 2222 581 occasione.
2282 518 2550 573 Temircm
2606 517 2885 588 alloquens
2922 536 2935 573 :
2973 516 3233 587 Equidem
3289 518 3484 581 fateor,

228 596 435 648 feroces
463 607 514 648 et
547 598 837 651 truculenti
861 609 987 653 sunt
1014 602 1102 655 isti
1130 602 1379 663 Dervisii.
1404 607 1575 671 dixit;
1604 620 1807 678 quanto

227 703 347 738 cum
376 686 569 741 ardore
590 690 887 743 dimicant!
922 691 999 743 Ad
1032 707 1149 759 qure
1180 694 1246 748 de
1280 700 1626 753 senatoribus
1659 701 1806 766 quis-

228 780 417 847 piam:
452 777 566 832 Non
615 780 667 832 bi
707 782 931 837 detvisii
992 794 1142 851 sunt,
1198 788 1293 852 ait,
1343 790 1434 843 sed
1482 790 1801 846 Christiani.

225 871 465 925 'l‘andem
491 883 546 927 et
575 872 725 927 Bulci
784 876 927 928 lilins
980 879 1387 947 animadvertit,
1438 888 1711 939 incassum
1748 901 1807 937 se

226 975 331 1017 tam
364 967 562 1019 acriter
593 967 892 1034 praeliando
937 970 1211 1028 laborare.
1258 973 1391 1027 Nam
1429 987 1478 1028 et
1508 977 1608 1045 ipsi
1643 979 1806 1033 Τυνεί

225 1058 329 1125 jam
365 1061 417 1113 in
450 1062 763 1116 universum
790 1063 930 1131 luga:
952 1080 1010 1118 se
1037 1065 1324 1121 dederant.
1357 1068 1542 1135 Itaque
1568 1072 1807 1125 collectis

227 1152 363 1207 suis.
395 1154 639 1208 nonnihil
683 1156 749 1209 ad
807 1157 1032 1209 alterum
1088 1158 1231 1212 !atus
1288 1174 1352 1214 ex
1403 1163 1519 1215 acie
1569 1163 1804 1218 deﬂexit.

226 1243 373 1298 ldem
425 1263 547 1301 cum
580 1248 692 1301 suis
725 1257 780 1301 et
808 1248 1120 1303 Gildcrunis
1154 1252 1296 1306 filius
1348 1252 1660 1322 Mustaphas
1708 1256 1809 1309 Ze-

225 1338 362 1392 lebis
400 1339 543 1404 fecit,
581 1340 670 1409 qui
705 1340 870 1395 etiam
894 1342 1019 1406 ,boc
1056 1345 1240 1411 praelio
1291 1347 1471 1413 periit.
1524 1347 1645 1401 llaec
1681 1365 1803 1402 cum

225 1432 325 1496 ipsi
398 1432 572 1485 bassa:
611 1432 899 1497 vidissent,
958 1435 1193 1488 abducto
1256 1451 1438 1489 secum
1491 1439 1660 1492 entire
1709 1440 1806 1492 So-

225 1524 481 1589 leimane,
516 1523 695 1594 fugam
730 1525 1107 1595 arripuerunt.
1146 1526 1409 1582 Sullanus
1442 1528 1807 1585 Muebemetcs

222 1633 349 1673 eum
386 1620 502 1674 suis
534 1620 807 1673 Amasiam
843 1621 1075 1688 repetiit.
1122 1622 1281 1675 Solus
1308 1623 1485 1675 adhuc
1518 1638 1640 1676 cum
1672 1641 1808 1693 pra:-

224 1713 442 1766 toriano
475 1713 732 1766 comitatu
786 1712 1045 1767 Cilderun
1100 1714 1252 1768 Chao
1296 1718 1556 1771 immotus
1606 1716 1805 1773 stabat.

224 1803 328 1854 Sed
361 1804 576 1856 tandem
609 1803 661 1856 in
694 1803 865 1855 hostis
892 1812 1212 1868 potestatem
1243 1808 1408 1866 venit.
1440 1815 1496 1860 et
1519 1808 1584 1861 ad
1626 1807 1806 1860 Temi-

1910 613 2005 673 ait,
2033 627 2065 665 0
2089 611 2265 671 Chau,
2297 611 2375 665 sic
2405 612 2456 664 in
2487 611 2611 665 fatis
2650 610 2842 664 fuisse.
2882 608 3005 663 Tibi
3040 610 3297 663 divinitus
3323 611 3489 664 desti-

1912 714 2031 758 nata
2067 705 2167 759 fuit
2210 705 2462 758 victoria.
2524 704 2628 757 Sed
2669 713 2773 767 cst,
2808 704 2953 773 quod
3003 704 3101 759 abs
3155 713 3205 757 te
3258 714 3435 773 petam
3473 720 3486 755 :

1910 798 2070 850 modo
2111 806 2160 850 et
2214 798 2404 849 au'lire
2438 812 2541 858 me,
2573 806 2625 849 et
2660 796 2904 850 adnuere
2940 796 3186 863 petitioni
3226 796 3488 848 volueris.

1909 890 1987 940 Ad
2030 904 2148 956 qua:
2191 886 2422 941 Temir:
2474 887 2771 957 Quidquid,
2826 888 2921 943 ait.
2970 901 2998 936 a
3033 902 3118 938 me
3162 886 3403 954 petieris.
3460 905 3490 931 υ

1908 978 2083 1043 Chan,
2112 996 2456 1049 nequaquam
2484 979 2577 1031 tibi
2614 980 2995 1049 denegabitur.
3020 979 3156 1031 Tum
3190 977 3488 1045 Bajazites:

1910 1073 2045 1136 lloc,
2076 1090 2266 1135 unum,
2312 1073 2507 1139 inquit,
2531 1072 2629 1126 abs
2661 1084 2711 1125 te
2737 1083 2882 1140 peto,
2921 1088 2986 1125 ne
3022 1071 3281 1125 familiam
3314 1087 3490 1123 meam

1910 1167 2151 1231 aboleas,
2188 1175 2241 1219 et
2266 1164 2498 1219 Tataros
2545 1166 2619 1218 uti
2661 1176 2835 1218 tecum
2870 1164 3133 1217 abducas.
3166 1164 3297 1220 Mihi
3345 1164 3489 1231 quod

1910 1259 2129 1320 accidit,
2193 1259 2354 1311 etiam
2416 1258 2515 1313 tibi
2576 1265 2753 1327 potest
2794 1258 3060 1311 accidere.
3127 1256 3242 1310 Non
3289 1256 3488 1309 bonum

1910 1363 2014 1419 cst,
2050 1352 2122 1404 ita
2157 1352 2348 1405 szevire
2383 1352 2537 1412 velle.
2579 1359 2638 1405 ut
2674 1365 2899 1417 prorsus
2934 1349 3173 1404 aboleas.
3206 1347 3303 1402 llis
3338 1350 3494 1401 audio

1912 1442 2000 1504 tis,
2063 1440 2336 1495 facturum
2398 1458 2454 1494 se
2498 1439 2685 1494 Tcmir
2746 1441 2971 1509 recepit,
3030 1441 3174 1507 quod
3230 1439 3495 1508 Bajazites

1910 1532 2260 1602 postulasset.
2320 1532 2582 1600 Adeoque
2643 1532 2850 1585 coactis
2904 1532 2956 1584 in
3014 1548 3181 1583 unum
3258 1530 3495 1593 Tataris,

1910 1641 2093 1678 secum
2126 1640 2220 1676 eos
2251 1623 2499 1677 abduvit.
2532 1622 2853 1691 Speraverat
2888 1624 2974 1675 ille
2995 1624 3212 1692 quidem
3242 1624 3491 1676 futurum

1910 1728 1965 1771 nt
1991 1718 2263 1787 quispiam
2300 1717 2533 1771 filiorum
2595 1716 2911 1770 Gildcrunis
2947 1718 3121 1785 ipsum
3152 1717 3493 1779 conveniret,

1911 1812 2003 1866 sed
2038 1811 2164 1876 quia
2196 1810 2300 1864 sibi
2331 1812 2674 1872 metuebant,
2707 1809 2937 1863 accessit
2963 1825 3143 1863 nemo.
3178 1810 3491 1862 Secundum

224 1914 339 1950 re!"
368 1896 665 1965 perduellis
708 1897 826 1951 full.
862 1899 920 1953 Ei
955 1899 1142 1953 Temil‘
1188 1899 1339 1953 Cha"
1375 1902 1539 1969 pelles
1586 1900 1800 1954 Obviam
1837 1898 1875 1951 Β
1906 1910 2021 1961 lucc
2055 1908 2140 1961 die
2174 1905 2412 1975 quodam
2449 1904 2671 1967 accidit,
2713 1914 2767 1956 ut
2806 1905 2991 1957 Tcmir
3031 1902 3354 1969 compellato
3384 1902 3498 1957 Git-

220 1991 513 2058 proccssit,
563 2002 961 2062 exceptumque
989 2009 1179 2061 magna
1226 2009 1349 2046 cum
1406 1992 1628 2048 honoris
1660 1995 1805 2048 dela-

223 2094 390 2144 ιιυηρ,
426 2076 583 2137 suum
619 2084 670 2138 in
702 2086 995 2139 tentorium
1021 2086 1263 2142 deduxit.
1292 2089 1363 2141 lbi
1394 2104 1517 2141 cum
1542 2104 1604 2142 ex
1637 2103 1804 2157 equo,

220 2176 661 2231 Temirianorum
708 2178 927 2247 adjutus
953 2194 1138 2249 opera,
1174 2181 1565 2247 descendisset,
1631 2180 1804 2245 hmni,

222 2287 324 2341 pro
348 2287 500 2355 more
522 2272 718 2343 gentis,
744 2272 795 2326 in
820 2274 1004 2327 eodem
1026 2275 1188 2328 ambo
1212 2282 1391 2343 tapete
1411 2274 1711 2329 consedero
1726 2283 1803 2327 nt.

221 2370 385 2426 I’rior
413 2370 595 2424 Temir
636 2369 787 2425 Chan
842 2371 910 2423 de
969 2371 1086 2425 suis
1127 2371 1290 2425 rebus
1349 2386 1471 2425 cum
1515 2371 1805 2426 Silderune

221 2464 461 2533 colloqui
498 2465 681 2534 «cepit.
711 2462 839 2518 Inde
866 2480 989 2517 cum
1012 2463 1190 2517 cibum
1221 2480 1325 2519 una
1351 2474 1650 2527 sumerent,
1685 2480 1807 2517 rur-

222 2576 348 2613 sum
386 2559 568 2614 Tentir
597 2560 932 2629 colloquium
973 2576 1201 2615 exorsus
1232 2579 1245 2613 :
1276 2563 1317 2613 Ο
1345 2560 1521 2623 Chan,
1557 2559 1655 2621 ait,
1689 2560 1807 2613 inii-

222 2654 373 2706 nitas
424 2652 741 2721 prmpotenti
780 2652 888 2707 Deo
921 2654 1123 2723 gratias
1167 2663 1221 2707 et
1268 2654 1500 2724 hymnos
1546 2654 1806 2707 debemus

221 2754 480 2813 uterque,
514 2757 627 2800 tum
689 2747 833 2816 quod
889 2748 1023 2801 mihi
1082 2747 1282 2802 misere
1327 2748 1685 2813 claudicanti,
1739 2750 1808 2802 ab

224 2841 360 2906 ipsis
411 2840 577 2893 ludite
613 2842 831 2901 tinibus.
863 2839 929 2893 ad
962 2849 1147 2909 portas
1184 2856 1358 2910 usque.
1391 2840 1623 2895 Sivasta:
1658 2843 1806 2893 urbis

224 2938 517 3003 imperium
551 2938 779 3007 largitus
832 2939 924 2999 sit,
959 2948 1073 2992 tum
1125 2938 1269 3006 quod
1324 2953 1389 2991 cx
1441 2939 1609 2992 altera
1656 2946 1808 3007 parte

223 3032 390 3084 tibia
440 3030 664 3085 Sivastue
730 3032 1031 3093 ιιιωιιίὺιιε,
1088 3031 1155 3085 ad
1207 3033 1357 3101 ipsos
1382 3048 1554 3099 usque
1609 3032 1806 3086 limites

222 3121 505 3189 lingarite.
548 3123 882 3177 dominatum
936 3123 1297 3178 concesserit.
1332 3122 1388 3177 Si
1436 3124 1544 3178 Deo
1600 3124 1808 3177 luberet

221 3216 543 3268 universum
601 3216 788 3270 orbem
851 3226 1117 3269 terrarum
1169 3218 1381 3286 partiri,
1439 3218 1566 3286 quid
1630 3218 1806 3285 majus

217 3308 424 3361 claudo
446 3307 578 3362 dare
617 3308 1075 3377 posset7'ldcireo
1107 3324 1211 3362 non
1240 3310 1335 3362 abs
1369 3325 1425 3362 re
1448 3312 1657 3379 magnis
1706 3313 1805 3378 ipsi

217 3400 416 3470 gratiis
445 3401 666 3469 agendis
700 3402 921 3455 obnoxii
956 3418 1169 3456 sumus.
1202 3402 1282 3455 Tu
1316 3419 1445 3457 vero
1479 3420 1673 3469 parum
1702 3403 1810 3458 for-

217 3503 373 3547 tasse
407 3492 515 3546 Deo
537 3503 722 3561 gratus
760 3491 935 3557 fuisti,
982 3509 1044 3546 ae.
1075 3503 1363 3564 pr0pterca
1397 3495 1521 3549 talis
1574 3510 1637 3549 ac
1662 3503 1809 3548 tanta

219 3587 325 3638 tibi
364 3584 647 3639 calamitas
709 3585 927 3641 accidit.
984 3585 1115 3650 Quae
1162 3602 1289 3640 cum
1344 3586 1591 3649 dixisset,
1631 3587 1810 3640 denuo

216 3679 523 3747 Bajazitem
550 3679 893 3746 interrogans
927 3694 941 3730 :
976 3677 1045 3731 Mi
1075 3676 1252 3740 Chan,
1300 3679 1395 3741 ait,
1426 3681 1469 3733 si
1527 3687 1617 3732 tua
1645 3679 1808 3732 situm

212 3782 374 3825 esset
410 3771 463 3823 in
491 3780 781 3841 potestate,
806 3786 1019 3826 mecum
1053 3781 1111 3825 ut
1136 3788 1323 3842 ageres
1352 3788 1451 3843 pro
1492 3773 1649 3826 libitu
1684 3781 1807 3827 tuo:

210 3867 356 3930 quid
388 3864 617 3919 obsecro
650 3865 716 3919 de
747 3878 833 3917 me
866 3864 1075 3919 faceres
1103 3864 1125 3917 ἲ
1159 3880 1277 3933 age,
1306 3866 1587 3919 veritatem
1618 3864 1808 3918 dicito.

213 3957 369 4013 Tum
392 3955 653 4011 Gilderuu
682 3957 857 4021 Chan,
894 3974 1054 4027 quem
1098 3959 1299 4013 femels
1336 3959 1501 4012 animi
1533 3959 1808 4012 hominem

211 4044 405 4098 fuisse
436 4045 771 4113 accepimus,
806 4062 911 4099 non
938 4047 1058 4102 sine
1084 4047 1192 4101 bile
1222 4050 1572 4117 respondisse
1600 4049 1807 4104 fertur:

211 4138 499 4206 Equidem
535 4148 604 4201 te,
652 4138 697 4192 si
730 4139 947 4193 fortuna
992 4142 1225 4209 propitia
1259 4158 1433 4195 meam
1486 4143 1537 4195 in
1574 4151 1811 4211 potesta-

210 4246 337 4284 tem
368 4229 633 4291 venisses.
670 4229 845 4284 ferrea
874 4234 1194 4286 conclusum
1227 4249 1389 4287 cavea
1437 4250 1649 4288 mecum
1685 4235 1810 4287 hinc

210 4323 353 4377 inde
393 4321 910 4376 circumduxissem.
968 4322 1089 4388 Quo
1140 4323 1325 4377 Temir
1360 4324 1567 4386 audito,
1624 4338 1747 4376 mox
1785 4341 1813 4376 e

210 4417 374 4470 ferro
398 4431 618 4471 caveam
662 4417 841 4484 parari
875 4417 1040 4484 jussit
1075 4432 1087 4467 :
1125 4427 1179 4471 et
1211 4418 1263 4469 in
1293 4433 1411 4471 eam
1435 4419 1671 4471 carceris
1695 4418 1813 4469 loco

208 4512 529 4577 Bajazitem
562 4511 811 4566 inclusit.
842 4509 1157 4564 Secundum
1191 4511 1322 4570 hac,
1356 4510 1622 4577 permissa
1656 4511 1809 4563 militi

1907 2002 2136 2061 derune,
2179 2002 2384 2054 diceret
2418 2014 2431 2050 :
2475 1998 2736 2068 Equidem
2795 2007 2845 2052 te
2900 2014 3136 2054 meeum.
3168 2012 3199 2049 o
3228 1997 3403 2060 (iban,
3442 1999 3493 2049 in

1914 2111 2138 2161 regnum
2168 2108 2348 2148 meum
2373 2093 2664 2153 abducam,
2698 2092 2763 2144 ad
2804 2092 2990 2145 urbem
3027 2089 3446 2143 Semereandam
3476 2107 3488 2141 :

1913 2197 2076 2255 atque
2107 2187 2231 2241 inde
2262 2197 2314 2239 te
2349 2184 2622 2239 remittam
2651 2185 2702 2237 in
2733 2199 2958 2253 regnum
2990 2195 3166 2237 tuum.
3202 2182 3273 2235 Ea
3305 2184 3487 2235 Teuti-

1909 2284 1984 2335 ris
2010 2282 2185 2335 oratio
2238 2280 2555 2335 Gilderunis
2596 2280 2838 2333 animum
2882 2288 2988 2331 tam
3059 2278 3204 2347 gravi
3240 2280 3489 2331 mmrnris

1910 2373 2136 2427 vulnere
2170 2373 2465 2440 percussit.
2498 2372 2576 2425 uti
2614 2373 2729 2440 ipse
2766 2370 2867 2425 sibi
2906 2380 3133 2423 mortem
3181 2370 3488 2424 conscisce-

1910 2476 2014 2521 ret.
2032 2465 2216 2521 Temir
2237 2482 2363 2518 vero
2395 2482 2518 2520 eum
2539 2466 2601 2518 ad
2638 2466 2736 2518 iter
2765 2480 2823 2519 se
2841 2474 3207 2533 compararet,
3231 2464 3495 2516 Carama-

1910 2560 2014 2612 niae
2036 2561 2167 2627 bego
2198 2559 2511 2627 complures
2543 2572 2700 2611 arces
2733 2568 2785 2611 et
2813 2557 2973 2627 322
3008 2556 3205 2625 oppida
3233 2558 3450 2610 donavit
3480 2572 3496 2608 :

1910 2663 1962 2706 et
1990 2651 2282 2705 lsvendiari
2307 2652 2718 2713 Castamonam,
2750 2648 3062 2717 Congerim.
3099 2659 3151 2702 et
3184 2649 3491 2716 Calazugen

1911 2745 2203 2799 concessit.
2236 2746 2411 2813 Atque
2445 2745 2528 2797 his
2564 2744 2729 2798 rebus
2769 2743 2961 2813 gestis,
3002 2742 3055 2795 in
3084 2756 3310 2811 regnum
3336 2758 3493 2795 suum

1912 2854 2163 2892 reversus
2220 2848 2323 2892 est.
2361 2837 2693 2892 Acciderunt
2750 2846 2929 2889 autem
2984 2836 3099 2888 ltmc
3128 2836 3336 2895 omnia,
3368 2851 3491 2903 qua:

1911 2947 1938 2983 a
1972 2931 2129 2985 nobis
2162 2932 2409 3000 exposita
2441 2941 2571 2984 sunt
2632 2934 2912 2993 hactenus,
2949 2929 3015 2982 ab
3050 2944 3189 2980 anno
3223 2927 3347 2989 800,
3410 2937 3501 2979 us‘

1911 3040 2015 3090 que
2056 3026 2122 3077 ad
2149 3040 2351 3077 annum
2396 3025 2498 3078 805
2540 3023 2701 3093 (Chr.
2744 3024 2934 3089 1403).
2965 3020 3151 3075 Temir
3174 3022 3324 3075 (Elian
3354 3022 3497 3085 apud

1910 3116 2143 3170 Parthos
2161 3118 2317 3170 annis
2350 3119 2419 3170 40
2443 3132 2621 3170 rerum
2652 3119 2854 3185 potitus
2892 3116 3030 3169 fuit:
3061 3115 3320 3169 Cilderun
3350 3130 3497 3173 vero,

1912 3214 2069 3281 Cujus
2099 3221 2325 3265 mortem
2360 3211 2748 3273 indicavimus,
2781 3211 2943 3265 annis
2976 3216 3240 3262 duntaxat
3274 3209 3338 3261 Η
3381 3223 3500 3274 reg-

1915 3302 2080 3355 navit.

1990 3394 2156 3449 Filius
2185 3396 2446 3451 Gilderun
2483 3395 2632 3449 Chm
2664 3411 2757 3448 sex
2792 3395 2986 3448 habuit
3017 3412 3029 3447 :
3066 3410 3302 3460 quorum
3337 3409 3501 3455 unus,

1913 3487 2229 3557 Mustapbas
2249 3490 2483 3551 Zelebis.
2510 3489 2745 3542 amissus
2779 3488 2885 3542 fuit
2912 3488 2964 3541 in
2994 3487 3313 3541 Temiriano
3358 3504 3501 3554 prm—

1917 3582 2033 3633 lio:
2068 3584 2312 3651 quinque
2355 3597 2670 3636 remansere
2716 3581 2913 3648 reliqui
2967 3582 3314 3647 superstites,
3352 3578 3502 3632 Emir

1916 3674 2271 3737 Suleituanes,
2335 3676 2419 3731 lsa
2470 3676 2701 3737 Zelebis,
2761 3674 2913 3729 Musa
2964 3674 3197 3737 Zelebis,
3250 3674 3503 3727 sultanus

1916 3770 2311 3830 Muchemetes.
2334 3778 2388 3824 et
2417 3769 2594 3825 Casan
2634 3768 2867 3829 Zelebis.
2902 3768 2997 3837 qui
3034 3778 3276 3836 tempore
3331 3766 3503 3836 praelii

1915 3863 2093 3917 adhuc
2128 3874 2242 3917 erat
2265 3874 2423 3916 mtate
2454 3873 2659 3916 tenera.

1991 3958 2269 4012 Exstincto
2323 3957 2584 4028 Bajazite,
2637 3967 3015 4013 convenerunt
3069 3958 3123 4011 in
3181 3972 3349 4011 unum
3388 3953 3504 4007 Alis

1916 4052 2101 4112 bassa,
2161 4051 2325 4105 Eines
2384 4053 2573 4117 begus,
2639 4062 2693 4105 et
2746 4050 2932 4105 Hazan
2983 4066 3081 4121 aga
3118 4069 3131 4104 :
3170 4050 3503 4117 decretoque

1917 4143 2159 4213 unanimi
2190 4157 2255 4196 ex
2293 4143 2544 4195 Anatolia
2602 4143 2653 4196 in
2697 4141 3026 4195 Romaniam
3068 4140 3261 4195 reverti
3297 4147 3504 4192 statue—

1916 4246 2059 4291 runt.

1986 4331 2249 4385 Sullanus
2273 4329 2639 4383 Muchemetes
2668 4326 2944 4379 Amasiam
2964 4323 3291 4393 'profeetns,
3328 4322 3498 4390 quieti

1918 4440 1976 4479 se
2005 4423 2170 4485 dedit,
2206 4436 2397 4489 parum
2444 4421 2511 4473 de
2554 4420 2717 4472 rebus
2777 4417 3010 4472 aliorum
3071 4417 3358 4469 sollicitus.
3416 4414 3499 4466 lsa

1917 4532 2069 4575 vero.
2105 4525 2160 4568 et
2192 4515 2362 4574 Musa,
2414 4513 2560 4566 varie
2616 4526 2674 4565 se.
2712 4518 2905 4562 mutuo
2951 4508 3219 4576 persecuti
3262 4516 3391 4559 sunt
3420 4544 3423 4550 ι
3449 4508 3501 4557 in

211 4603 451 4658 licentia
487 4618 580 4669 per
612 4604 923 4657 universam
958 4604 1235 4671 regionem
1268 4602 1397 4655 hinc
1444 4603 1566 4656 inde
1594 4618 1651 4655 sc
1702 4602 1809 4654 dif-
1846 4605 1885 4657 υ
1918 4610 2138 4677 regione
2199 4606 2484 4668 Carasina,
2525 4605 2694 4659 donec
2722 4602 2871 4656 Musa
2917 4602 3132 4653 tandem
3165 4600 3304 4653 lsant
3350 4616 3495 4653 corn-

211 4696 515 4752 fuudendi.
589 4702 755 4763 atque
825 4695 1012 4747 omnia
1078 4692 1282 4761 rapinis
1324 4694 1591 4745 vastandi.
1628 4694 1810 4745 Temir

210 4796 342 4860 ip~e
365 4790 595 4842 Prusam
624 4789 776 4849 abiit,
806 4789 989 4856 ibique
1011 4790 1299 4841 thesauros
1329 4786 1581 4856 liajazitis
1628 4788 1812 4839 inven-

202 4899 305 4939 ινδ
364 4883 470 4935 sibi
539 4881 856 4934 vindicavit.
919 4879 984 4932 Et
1043 4879 1266 4948 quando
1318 4879 1427 4947 jam
1495 4879 1813 4932 iuuninebat

207 4982 429 5038 luimus,
464 4976 625 5030 simul
657 4988 709 5030 et
738 4975 1047 5029 hibernavit
1079 4974 1131 5026 in
1171 4974 1442 5032 Anatolia.
1471 4982 1523 5025 et
1558 4988 1811 5041 proceres

198 5082 318 5119 eos
408 5064 503 5129 qui
588 5062 653 5115 ad
738 5063 906 5129 ipsius
986 5062 1350 5130 patrocinium
1437 5062 1810 5131 confugerant,

200 5172 344 5215 Iunt
423 5156 658 5211 fortunis
724 5156 840 5210 suis
922 5155 1204 5217 restituit,

192 5250 591 5321 amplissimis
664 5249 863 5304 affecit.
945 5251 1119 5318 Atque
1189 5250 1291 5304 hoc
1361 5250 1527 5306 modo
1612 5250 1811 5320 singuli

189 5362 356 5401 suas
433 5344 498 5395 aJ
565 5343 798 5396 ditiones
868 5342 1075 5396 reversi
1138 5351 1281 5395 sunt.
1360 5340 1615 5396 Osmanis
1681 5358 1812 5395 vero

190 5435 599 5510 provinciam,
654 5434 741 5487 cui
777 5448 974 5487 nomen
1030 5433 1312 5498 Osmania,
1352 5434 1567 5487 'l‘ataris
1629 5432 1812 5487 Temir

189 5527 511 5587 attribuit.
547 5525 702 5591 Quod
733 5540 858 5579 cum
896 5524 1163 5593 Bajazites
1195 5527 1518 5589 inaudisset,
1558 5542 1810 5593 magnum

174 5646 231 5681 ει
250 5638 413 5677 mmo
438 5620 681 5674 dolorem
697 5620 857 5690 cepit.
884 5618 1011 5674 Erat
1029 5621 1080 5673 in
1106 5635 1253 5673 more
1300 5620 1522 5685 Temiri,
1549 5630 1606 5673 ut
1636 5631 1810 5674 castra

184 5726 407 5778 locum
449 5724 704 5769 moturus
756 5728 1145 5783 nonnunquam
1179 5714 1245 5766 ad
1269 5713 1616 5768 Gildcrunem
1659 5729 1814 5767 acce-

178 5820 388 5869 deret
419 5823 598 5876 eoque
632 5808 1046 5876 perhumaniter
1076 5808 1328 5868 salutato,
1366 5816 1586 5860 rectene
1614 5807 1816 5859 valeret

172 5930 231 5965 τι
258 5922 288 5956 n
334 5916 527 5966 secus,
554 5909 839 5970 quaereret.
861 5901 1105 5965 Quodam
1133 5914 1260 5969 ergo
1286 5900 1371 5953 die
1397 5899 1679 5963 Gildernn,
1717 5900 1816 5953 hac

1288 5164 1402 5209 tum
1487 5155 1810 5210 muneribus
1838 5204 1841 5205 ν

1920 4702 2247 4768 prehensum
2277 4699 2493 4752 occidit.
2532 4697 2650 4762 Quo
2710 4695 2952 4748 facinore
3008 4703 3239 4762 patrato,
3271 4692 3500 4745 Prnsant

1920 4795 2219 4863 profectus.
2246 4792 2297 4843 in
2325 4791 2437 4843 otio
2464 4792 2668 4850 vivens,
2696 4804 2723 4841 a
2748 4790 2916 4840 rebus
2938 4787 3187 4855 gerendis
3212 4786 3502 4838 abstinuit.

1922 4885 2041 4939 Non
2077 4886 2248 4939 multo
2283 4892 2406 4953 post
2465 4898 2616 4935 arma
2647 4888 2839 4935 contra
2878 4880 3094 4933 Musam
3130 4882 3501 4946 quiescentem

1922 4978 2153 5047 sumpsit
2202 4978 2340 5030 emir
2399 4975 2757 5029 Snleimanes.
2798 4972 2910 5028 lloc
2960 4974 3048 5026 ille
3086 4974 3325 5040 cognito.
3380 4987 3502 5021 tnth

1924 5074 1978 5124 in
2042 5069 2421 5125 Catatuaniam
2494 5078 2710 5136 arrepta
2775 5066 2901 5135 fuga
2962 5080 3022 5119 se
3072 5064 3301 5129 recepit.
3356 5064 3507 5115 Emir

1924 5158 2282 5217 Soleimanes,
2355 5167 2412 5209 ut
2469 5172 2556 5209 res
2608 5171 2738 5210 snas
2803 5154 3206 5215 constabiliret,
3262 5168 3504 5207 sororem

1922 5266 2251 5312 suam,cutn
2317 5249 2485 5301 fratre
2546 5260 2672 5302 natu
2726 5248 2974 5312 minimo,
3028 5247 3239 5301 Casane
3297 5245 3507 5307 Zelehi,

1922 5344 2452 5413 Constantinopolim
2488 5344 2655 5404 misit,
2721 5357 2929 5411 eosque
2963 5341 3323 5396 Constantino
3357 5339 3506 5393 dedit

1923 5438 2144 5491 obsides
2178 5453 2191 5489 :
2226 5453 2292 5490 ne
2334 5437 2479 5505 quod
2512 5437 2722 5491 scilicet
2750 5436 3039 5490 dissidium
3079 5435 3221 5488 inter
3251 5449 3347 5488 eos
3379 5448 3505 5486 ειυς

1924 5532 2144 5589 ι’ἱτυιυδν..
2201 5529 2294 5582 sed
2369 5544 2554 5597 pacem
2612 5530 2794 5598 potius
2826 5529 2970 5581 inter
3010 5541 3072 5582 se
3125 5536 3317 5581 mutuo
3361 5525 3505 5580 cole-

1926 5634 2065 5676 rent.

1999 5718 2136 5769 lline
2170 5718 2219 5768 in
2252 5716 2571 5769 Romaniam
2607 5724 2946 5768 transvectus
2970 5713 3103 5767 emi:
3138 5712 3505 5775 Soleimanes,

1928 5809 2312 5875 lladrianopoti
2346 5811 2669 5862 caeremonia
2716 5806 2909 5861 Turcis
2938 5806 3193 5861 familiari
3227 5806 3408 5862 factus
3427 5814 3513 5860 est

1928 5904 2245 5968 imperator,
2281 5918 2424 5956 anno
2460 5902 2563 5955 805
2592 5901 2760 5967 (Chr.
2802 5902 2990 5958 1404).
