4866 6594
1342 509 1447 572 599

2603 533 2953 596 ANNALES
2993 538 3325 604 TUllClCl.

4493 555 4593 616 600

1417 632 1546 700 Ejus
1573 636 1649 686 rei
1685 639 1876 694 nuntio
1909 653 2151 708 accepto,
2191 644 2422 709 legatum
2483 651 2737 707 sultanus
2803 654 2917 707 Μει-
2949 660 2990 716 Α
3026 675 3204 713 rncnta
3233 669 3339 730 jam

2673 668 2737 707 IIS
2803 654 2917 707 Μει-
2949 660 2990 716 A
3026 675 3204 713 menta
3233 669 3341 730 jam
3401 669 3464 719 ad
3495 684 3612 720 cam
3674 669 4009 721 altitudinem
4044 669 4298 737 perducta
4343 670 4588 734 fuerant,

1340 723 1603 778 chr-metis
1632 726 1846 781 Amasia
1877 733 2020 784 misit
2044 735 2109 786 ad
2135 738 2356 789 emirem
2383 738 2772 805 Soleimanem,
2809 747 2912 799 fra—

1344 827 1482 869 trem
1514 831 1642 872 natu
1698 825 2021 889 maximum,
2073 830 2164 898 qui
2203 831 2249 881 ci
2297 840 2412 884 tum
2468 852 2693 892 munera
2728 839 2912 899 ferret.

1341 919 1454 959 tum
1486 912 1602 965 suis
1631 914 1810 968 verbis
1841 916 1956 970 hac
1992 925 2327 978 renuntiaret
2360 944 2372 978 :
2403 926 2628 992 Quando
2675 932 2754 985 sic
2807 933 2914 987 Deo

1346 1003 1519 1056 visum
1552 1005 1673 1065 fuit.
1725 1008 1946 1064 domine
1975 1027 2037 1064 ac.
2083 1012 2247 1068 frater
2281 1029 2407 1072 natu
2442 1026 2696 1085 maxime,
2730 1035 2788 1079 ut
2818 1043 2913 1095 pa-

1340 1108 1546 1149 rentem
1575 1101 1860 1168 utriusque
1890 1116 2132 1158 nostrum
2163 1109 2323 1164 rebus
2355 1111 2609 1168 humanis
2626 1117 2912 1174 eximeret:

1341 1199 1670 1256 magnopere
1725 1194 1858 1245 mihi
1931 1199 2198 1262 gratulor,
2283 1212 2334 1254 te.
2381 1204 2533 1257 nobis
2595 1210 2804 1261 salvum
2861 1220 2918 1263 et

1342 1276 1669 1334 incolumem
1712 1285 1982 1340 relictmn.
2051 1289 2150 1343 Cui
2207 1309 2326 1345 cum
2379 1297 2521 1360 cmir
2579 1299 2916 1355 Soieimanes

1337 1370 1579 1424 \icissim
1612 1389 1854 1432 venusta:
1889 1384 2078 1434 fortine
2117 1401 2334 1452 pueros,
2372 1391 2599 1456 puellas,
2634 1402 2917 1465 vestesque

1336 1463 1568 1528 sericas,
1605 1479 1659 1520 et
1707 1472 1842 1525 alias
1883 1490 1969 1528 τρε
2019 1479 2200 1533 varias
2249 1496 2312 1534 ac
2338 1482 2611 1552 elegantes
2643 1487 2912 1543 misisset:

1339 1559 1552 1613 sancito
1600 1561 1805 1619 foedere
1850 1578 2055 1635 mutuo,
2112 1588 2298 1638 pacem
2339 1576 2479 1631 inter
2516 1593 2575 1633 se
2605 1582 2913 1637 coluerunt.

1339 1646 1468 1702 Post
1492 1651 1604 1705 luet!
1643 1657 1905 1725 ablegatis
1939 1662 1990 1712 itt
2023 1661 2401 1721 Caramaniam
2431 1671 2548 1725 suis
2584 1671 2916 1741 hominibus,

1336 1742 1459 1806 ejus
1493 1749 1788 1812 provincia:
1840 1752 2063 1810 domino
2118 1759 2409 1828 significari
2463 1763 2628 1831 jussit
2657 1767 2795 1820 emir
2817 1768 2918 1821 So-

1337 1831 1602 1892 lvillmnes
1638 1841 1791 1895 daret
1842 1860 2085 1912 operam,
2142 1851 2220 1904 sic
2252 1853 2326 1906 uti
2370 1855 2737 1911 custodiretur
2763 1858 2915 1912 Musa

1341 1931 1529 1991 it'att'r,
1587 1950 1651 1986 ne
1684 1953 1788 2004 qua
1841 1953 2023 2006 posset
2085 1945 2248 2000 elabi.
2311 1947 2568 2018 Adeoque
2619 1950 2912 2006 Caramum

1340 2025 1596 2080 obtestari
1647 2044 1707 2084 se
1753 2032 2042 2102 diligenter
2082 2037 2132 2090 id
2188 2051 2428 2106 curaret,
2466 2044 2629 2097 modo
2657 2047 2704 2098 ei
2760 2059 2909 2114 grata
2947 2015 2985 2073 Β

1346 2117 1674 2176 Soleimanis
1721 2135 1865 2178 esset
1915 2129 2176 2183 amicitia.
2240 2131 2518 2202 Siquidem
2558 2139 2657 2191 hoc
2693 2141 2760 2191 ab
2799 2144 2914 2208 ipso

1341 2215 1700 2281 impetrasset,
1735 2218 1966 2273 vicissim
1997 2223 2045 2276 ei
2077 2240 2135 2279 se
2163 2228 2345 2281 omnia
2394 2229 2675 2286 charitatis
2729 2243 2782 2286 et
2821 2236 2914 2288 be-

1338 2308 1662 2362 ttcvolentite
1693 2312 1864 2366 ollicia
1894 2317 2285 2375 exhibiturum.

1412 2399 1558 2456 Musa
1595 2420 1716 2458 cum
1773 2409 2175 2476 suboliecisset,
2228 2418 2570 2475 Caramania:
2608 2421 2910 2492 principem

1342 2510 1466 2546 cum
1499 2499 1670 2553 entire
1695 2499 2007 2560 Soleimane
2041 2518 2284 2564 mutuam
2310 2510 2362 2564 in
2397 2514 2625 2581 gratiam
2661 2515 2908 2573 rediisse:

1347 2590 1470 2654 t'nga
1503 2590 1602 2644 sibi
1637 2595 1947 2658 consulens.
1995 2601 2061 2652 ad
2122 2600 2481 2659 lsvendiarem
2521 2622 2747 2675 propere
2780 2624 2913 2664 con-

1337 2685 1528 2736 cessit.
1553 2683 1680 2755 Ejus
1708 2688 1782 2740 rei
1812 2689 1952 2744 fama
1979 2693 2044 2745 ad
2076 2695 2300 2753 emirem
2325 2697 2687 2755 Soleimanem
2712 2702 2911 2770 delata,

1345 2790 1471 2829 mox
1495 2793 1642 2830 arma
1669 2779 1720 2832 in
1750 2779 2112 2838 lsvendiarem
2136 2787 2408 2857 expedivit
2433 2807 2446 2841 :
2476 2791 2633 2860 cujus
2653 2794 2913 2850 ditionem

1344 2870 1646 2936 ingressus,
1681 2887 1900 2942 propter
1925 2876 2119 2931 Gerlen
2153 2881 2217 2932 ad
2249 2881 2414 2950 ripam
2451 2882 2690 2938 fluminis
2735 2896 2912 2942 castra

1344 2965 1566 3026 locavit,
1592 2975 1645 3019 et
1675 2968 1898 3022 militem
1934 2971 2055 3024 istic
2091 2973 2143 3026 in
2175 2975 2413 3031 hibernis
2447 2977 2658 3033 habuit.
2701 2980 2828 3034 Erat
2858 2982 2912 3035 in

1347 3054 1412 3105 iis
1449 3056 1582 3108 locis
1613 3057 1765 3123 nigra
1806 3062 2038 3128 populus
2069 3064 2280 3132 ingens,
2321 3067 2424 3120 sub
2453 3083 2560 3137 qua
2589 3071 2747 3138 genio
2773 3085 2912 3141 quo-

1343 3149 1472 3201 tulie
1506 3149 1840 3219 indulgebat,
1869 3163 1922 3207 et
1951 3156 2312 3213 helluahatur.
2341 3158 2582 3216 Tandem
2614 3166 2915 3234 composito

1341 3257 1466 3294 cum
1498 3242 1807 3299 lsvendiare
1841 3248 2080 3317 negotio,
2131 3252 2426 3323 relictaque
2467 3256 2642 3324 ipsius
2673 3259 2912 3327 regione.

3019 766 3074 806 ut
3108 757 3224 825 cjus
3257 758 3380 821 laci,
3411 777 3520 828 quo
3559 762 3815 828 templqu
3863 762 4200 815 condi-batur
4250 763 4590 834 superficiem

3018 863 3316 918 a'qnarcnt.

3089 944 3224 996 (ium
3267 955 3445 997 autem
3481 947 3733 1000 sultanus
3765 945 4152 1008 .‘luchcmetcs.
4183 948 4340 1015 cujus
4364 948 4593 1002 Amasia

3019 1037 3175 1089 sedes
3195 1047 3329 1098 erat,
3359 1037 3426 1090 de
3460 1039 3608 1092 hisce
3631 1042 3792 1093 rebus
3831 1040 4111 1105 omnibus,
4143 1050 4200 1092 ut
4223 1050 4378 1093 erant
4410 1050 4592 1108 geste,

3020 1131 3221 1182 certior
3253 1129 3425 1184 factus
3458 1132 3646 1186 fuisset
3673 1150 3686 1194 ;
3726 1134 3984 1187 nimirum
4019 1131 4252 1195 Musam,
4284 1134 4593 1187 Soleimane

3020 1221 3087 1273 de
3127 1223 3302 1274 medio
3363 1224 3604 1283 sublata.
3641 1227 3922 1278 Romani?
3961 1226 4076 1279 sive
4101 1225 4320 1281 Graeciaa
4364 1227 4593 1294 imperio

3021 1313 3252 1381 potitum
3284 1330 3297 1367 :
3329 1315 3469 1368 bello
3532 1316 3741 1372 Musam
3797 1319 4234 1390 persequendum
4289 1322 4506 1380 statuit,
4549 1332 4595 1372 et

3019 1406 3368 1474 expeditione
3431 1424 3704 1477 suscepta,
3750 1410 3976 1465 l’rusam
4050 1412 4258 1466 duxit:
4300 1427 4595 1479 omnesque

3019 1499 3284 1554 Anatoliaa
3346 1503 3682 1568 provincias,
3718 1506 3874 1558 emiri
3930 1505 4226 1560 Soli-imani
4276 1505 4428 1558 fratri
4495 1523 4592 1558 non

3021 1594 3196 1647 multo
3252 1603 3376 1648 ante
3406 1595 3654 1651 subditas
3706 1598 3755 1650 in
3791 1607 4112 1665 potestatem
4146 1599 4374 1666 redegit.
4409 1597 4592 1651 Itidem

3019 1687 3076 1742 in
3108 1689 3377 1744 Romania
3419 1704 3516 1743 nec
3546 1689 3660 1759 ipse
3694 1689 3838 1746 Musa
3877 1707 4058 1745 rerum
4092 1707 4314 1745 suarum
4344 1705 4475 1744 cura
4511 1690 4598 1740 de-

3022 1781 3213 1848 posita,
3255 1779 3388 1848 quid
3418 1782 3682 1852 agendum
3716 1783 3816 1836 sibi
3870 1781 4031 1844 foret.
4102 1783 4594 1842 circumspiciebat.

3020 1875 3180 1945 323
3215 1875 3352 1930 Ante
3381 1873 3564 1931 omnia
3609 1873 3879 1931 Scachum
3915 1877 4186 1938 Melicum.
4220 1879 4302 1932 cui
4338 1879 4596 1930 duntaxat

3022 1982 3164 2018 unus
3229 1978 3346 2020 crat
3423 1967 3642 2034 oculus,
3671 1965 3919 2022 Vezirem
3973 1971 4224 2022 creavit:
4271 1969 4596 2022 Samobume

3021 2059 3209 2119 liliutu,
3251 2062 3696 2116 Caulili'scherttm
3753 2078 3873 2118 esse
3910 2063 4073 2117 voluit
4109 2082 4121 2118 :
4155 2065 4346 2118 ducem
4394 2065 4594 2131 stipen-

3017 2151 3315 2207 diariurum
3368 2155 3640 2226 signiferis
3689 2156 3931 2228 prafecit
3965 2172 3978 2209 :
4013 2157 4322 2226 provincias
4366 2155 4597 2226 denique

3015 2263 3143 2301 suos
3182 2247 3321 2301 inter
3349 2247 3649 2305 familiares
3683 2267 3746 2304 ac
3798 2253 4061 2305 militares
4105 2252 4251 2305 viros
4298 2249 4592 2305 distribuit.

3018 2338 3332 2410 Reliquerat
3363 2344 3505 2398 emir
3535 2343 3881 2399 Soleimaaes
3937 2345 4141 2399 liberos
4178 2347 4521 2415 superstites,
4545 2346 4598 2395 ii-

3019 2435 3151 2487 linm
3167 2447 3329 2507 atque
3349 2438 3513 2496 ﬁliam
3532 2457 3547 2497 :
3565 2439 3656 2508 qui
3677 2438 4200 2510 Constantinopolim
4222 2440 4596 2509 profugerunt.

3020 2532 3352 2590 [)urautibus
3380 2534 3528 2590 hisce
3549 2534 3790 2589 dissidiis
3820 2533 4114 2598 intestinis,
4134 2534 4298 2588 etiam
4333 2533 4468 2588 urbs
4507 2533 4597 2586 Vi-

3016 2629 3165 2694 dina,
3190 2629 3256 2684 ad
3275 2629 3582 2683 Danubium
3605 2630 3726 2693 sita,
3752 2627 3945 2682 defecit
3973 2646 3986 2691 ;
4009 2627 4100 2683 sed
4130 2627 4484 2692 Musa,ducto
4508 2627 4600 2680 ad-

3015 2735 3207 2776 versus
3236 2737 3353 2774 eam
3385 2721 3577 2783 milite,
3602 2737 3795 2775 rursus
3816 2720 4101 2791 imperium
4145 2721 4599 2788 acciperecOegit.

3091 2818 3231 2872 ld’em
3268 2819 3442 2884 Musa,
3481 2817 3666 2873 relicta
3692 2816 3913 2877 Vidina.
3953 2817 4298 2872 lluruvadam
4352 2828 4405 2871 et
4437 2815 4602 2870 llate-

3022 2927 3135 2966 ram
3163 2911 3348 2978 copias
3389 2911 3567 2974 duxit,
3600 2926 3774 2979 eaque
3809 2911 4002 2977 oppida
4047 2911 4148 2966 sibi
4186 2910 4438 2980 subjecit.
4492 2909 4601 2964 Ma-

3019 3020 3180 3069 gnam
3210 3005 3264 3056 in
3312 3005 3568 3058 omnibus
3599 3006 3897 3075 provinciis
3947 3005 4286 3076 tyrannidem
4333 3006 4599 3058 exercuit.

3019 3095 3319 3164 Occupavit
3385 3095 3644 3162 oppidum
3736 3095 4128 3160 (Ihiupurlim,
4198 3095 4341 3162 quod
4405 3092 4598 3145 Larari

3019 3188 3245 3242 ditionis
3271 3200 3406 3244 erat.
3441 3188 3582 3243 Suos
3637 3191 3800 3242 etiam
3855 3205 4148 3242 excurrere
4204 3203 4600 3256 nonnunquam

3016 3281 3275 3351 jussit,ad
3312 3281 3426 3349 ipsa
3475 3295 3650 3348 usque
3673 3280 3870 3335 inmnia
3918 3279 4462 3347 ConstantinOpOIis:
4525 3281 4600 3331 ita

1343 3337 1618 3402 prolectus
1649 3346 1736 3443 est
1771 3337 2001 3443 lsnicant
2023 3384 2045 3443 ..
2078 3346 2167 3399 ubi
2224 3356 2368 3443 totos
2411 3349 2528 3404 dies
2562 3351 2614 3404 in
2646 3351 2910 3408 conviviis
2937 3379 2980 3440 ο
3016 3337 3263 3442 ﬁumen),
3321 3337 3378 3427 ιίι
3437 3337 3573 3442 ἰρςο“
3609 3374 3940 3443 imperante,
4000 3337 4601 3438 Constantinopolitani

1341 3437 1396 3478 ct
1427 3433 1923 3498 compotationibus
1952 3436 2220 3506 exigebat.
2265 3437 2447 3496 Nihilo
2488 3443 2666 3499 minus
2698 3455 2910 3500 secreto

1342 3520 1548 3576 Musam
1599 3541 1783 3579 secum
1838 3528 2029 3583 habuit
2075 3530 2376 3600 lsvendiar,
2425 3549 2658 3608 eumque
2699 3540 2918 3611 navigio

1347 3615 1687 3683 impositum,
1744 3634 1842 3686 per
1897 3632 2123 3690 pontum
2179 3625 2450 3682 Euxinum
2505 3629 2557 3682 in
2611 3630 2916 3687 Valachiam

1345 3709 1618 3776 deportari
1653 3712 1883 3767 curavit.
1931 3712 2063 3769 Erat
2108 3715 2157 3770 id
2195 3721 2455 3789 temporis
2491 3719 2729 3777 Vaivoda
2766 3723 2919 3779 Vala-

1345 3803 1483 3854 chiae
1505 3803 1745 3871 quidam,
1772 3805 1859 3858 cui
1902 3821 2099 3861 nomen
2160 3807 2390 3866 Murzes.
2430 3811 2527 3868 Hic
2581 3823 2636 3868 et
2681 3815 2920 3882 hospitio

1347 3899 1563 3967 excepit
1588 3914 1734 3962 eum,
1769 3913 1822 3955 et
1853 3901 1995 3956 viam
2025 3906 2240 3972 aperuit
2277 3917 2333 3962 et
2360 3909 2563 3964 auxilio
2596 3909 2697 3966 fuit
2721 3923 2781 3965 ut
2811 3911 2919 3968 Ro—

1353 3993 1588 4048 maniam
1624 3995 2026 4066 ingrederetur.
2057 3997 2192 4054 Cum
2241 4000 2684 4073 IladrianOpolim
2731 4021 2916 4074 perve-

1352 4090 1544 4155 uisset,
1573 4104 1699 4144 mox
1733 4089 1800 4144 ab
1836 4091 2186 4158 exercitibus,
2217 4109 2282 4150 eo
2306 4095 2722 4162 conﬂuentibus,
2749 4101 2921 4170 impe-

1350 4191 1500 4236 rator
1538 4184 1807 4239 salutatus
1856 4183 1972 4240 fuit.
2019 4185 2168 4240 Emir
2216 4203 2344 4243 vero
2395 4188 2754 4258 Solciicanes,
2798 4193 2919 4247 licet

1347 4287 1666 4346 occupatam
1700 4293 1729 4332 a
1767 4279 1934 4334 fratre
1965 4281 2284 4334 ltomaniam
2324 4283 2677 4338 intellexisset
2705 4286 2919 4340 univer-

1347 4389 1493 4432 aatn,
1529 4371 1698 4426 nihilo
1726 4360 1904 4426 tamen
1939 4376 2119 4429 minus
2163 4387 2422 4444 perpetuo
2465 4376 2588 4430 luxu
2612 4387 2665 4432 ct
2714 4379 2922 4433 bellua-

1346 4465 1594 4519 tionibns
1626 4467 1742 4520 suis
1776 4467 2168 4536 occupabatur.
2209 4467 2270 4522 Et
2295 4469 2508 4539 quoties
2552 4487 2581 4523 e
2615 4486 2765 4523 mero
2808 4473 2917 4540 jam

1347 4557 1532 4610 ebrius
1563 4557 1883 4623 incaluerat,
1915 4574 2288 4628 saepenumero
2311 4575 2472 4615 voces
2500 4562 2598 4616 has
2622 4564 2921 4633 ingemina-

1349 4651 1439 4702 bat
1471 4665 1485 4704 :
1515 4648 1690 4714 Musa,
1713 4649 1883 4714 Musa,
1913 4651 2042 4721 quid
2094 4652 2185 4707 tibi
2231 4654 2365 4708 meis
2396 4655 2448 4706 in
2496 4655 2806 4723 regionibus
2837 4666 2920 4711 est

3024 3476 3210 3534 portas
3242 3466 3392 3521 urbis
3440 3466 3655 3535 aperire
3690 3467 3777 3519 vix
3831 3463 4114 3519 auderent.
4164 3463 4377 3518 Accidit
4420 3472 4603 3517 autem

3022 3559 3346 3628 aliquando,
3381 3567 3439 3611 ut
3473 3559 3538 3612 ad
3569 3557 3857 3630 Silyuriam
3890 3556 4201 3614 accederet:
4249 3570 4410 3624 quam
4470 3554 4602 3608 dum

3023 3659 3384 3721 Oppugnaret,
3413 3651 3627 3721 egregie
3686 3665 3747 3705 se
3793 3648 4086 3702 tuebantur
4130 3643 4409 3715 oppidani,
4433 3652 4487 3698 et
4547 3645 4607 3697 in

3027 3747 3236 3801 hostem
3282 3745 3527 3800 animose
3557 3748 3887 3814 pugnabant.
3921 3741 4056 3795 Dum
4113 3740 4368 3809 utrinque
4410 3751 4610 3791 manus

3025 3837 3700 3902 conseruntur,Scacltus.
3720 3837 3968 3902 Melicus,
3998 3834 4164 3891 Musa:
4203 3833 4430 3887 chiraz
4454 3846 4609 3892 mes.

3025 3932 3403 3994 herodeserto.
3422 3929 3956 3995 Constantinopolim
3999 3943 4057 3984 se
4099 3923 4447 3997 recepit.liis
4477 3940 4612 3994 per-

3025 4027 3225 4094 spectis
3266 4025 3480 4080 insidiis
3531 4035 3584 4078 et
3620 4032 3740 4077 astu
3797 4022 3993 4084 Melici,
4019 4021 4371 4076 vehementer
4417 4019 4613 4072 animo

3024 4117 3174 4172 Musa
3208 4117 3513 4188 perturbari
3539 4157 3553 4180 ,
3584 4129 3958 4183 conversoque
3985 4114 4198 4173 itinere.
4231 4112 4616 4181 Hadrianopo-

3025 4212 3116 4265 lim
3161 4212 3411 4268 reverti:
3469 4220 3523 4265 ct
3565 4211 3692 4280 quis
3748 4209 3976 4276 hujusce
4036 4207 4320 4274 transfugii
4391 4208 4620 4261 futurus

3022 4315 3161 4359 cssct
3190 4306 3392 4366 exitus,
3429 4319 3614 4358 secum
3645 4304 3760 4373 ipse
3793 4302 4086 4370 dispicere.
4122 4299 4378 4355 Vicissim
4411 4315 4474 4352 ex
4509 4300 4622 4353 ad-

3025 4413 3180 4449 versa
3239 4405 3390 4465 parte
3455 4395 3705 4448 sultanus
3760 4392 4130 4447 Muchcmetes
4188 4393 4419 4445 omnino
4479 4407 4620 4446 cum

3027 4489 3173 4544 Musa
3202 4489 3387 4559 prmlio
3405 4486 3663 4556 congredi
3702 4486 3998 4539 statuebat.
4026 4485 4156 4539 Erat
4189 4484 4319 4538 huic
4385 4482 4624 4537 V’ezirac

3024 4596 3224 4640 zcmes.
3263 4578 3732 4647 Bajasiteshassa,
3764 4589 3873 4644 quo
3895 4590 4019 4628 cum
4063 4573 4296 4628 sollicite
4326 4575 4626 4625 consulta-

3024 4674 3134 4739 bat,
3155 4687 3393 4742 quonam
3429 4671 3588 4724 modo
3609 4670 3840 4738 navigiis
3871 4669 3923 4722 in
3953 4667 4276 4721 Romaniam
4302 4668 4630 4722 transmitti

1347 4743 1594 4810 negotii?
1627 4741 1815 4812 Neque
1847 4759 2044 4815 magno
2094 4747 2357 4815 temporis
2389 4747 2673 4817 interjccto
2722 4751 2920 4819 spatio,
2949 4765 2997 4825 υ
3031 4741 3226 4819 [mum
3259 4771 3462 4834 posset.
3491 4761 3652 4816 Forte
3688 4760 3905 4814 fortuna
3930 4769 4044 4813 tum
4091 4759 4342 4813 Scachus
4391 4771 4632 4825 quoqu

1347 4851 1577 4890 securus
1601 4838 1737 4906 ipse,
1771 4852 1834 4891 ac
1857 4849 2033 4893 metus
2057 4840 2238 4892 omnis
2266 4855 2484 4910 expers,
2518 4857 2546 4895 a
2579 4839 2728 4896 Musa
2757 4843 2923 4899 fratre

1349 4929 1452 4984 fuit
1484 4931 1735 4985 obrutus.
1796 4930 1870 4984 lbi
1903 4947 2028 4986 cum
2062 4947 2089 4985 a
2117 4931 2352 4988 ducibus
2383 4943 2438 4987 et
2467 4936 2804 4990 administris
2835 4954 2923 4990 re-

1345 5034 1466 5074 rum
1491 5036 1736 5084 suarmu,
1768 5023 1832 5076 ad
1872 5021 2079 5076 Musam
2116 5026 2546 5090 transeuntibus,
2572 5028 2796 5097 ejusque
2823 5029 2925 5082 mi-

1348 5115 1474 5169 litia:
1504 5130 1563 5170 se
1591 5115 2006 5179 devorantibus,
2059 5119 2420 5186 desereretur,
2460 5120 2640 5189 fugam
2671 5123 2920 5190 arripuit.

1351 5208 1405 5261 in
1454 5222 1564 5277 qua
1617 5209 1798 5263 vicum
1849 5211 1916 5264 ad
1961 5213 2246 5280 quemdam
2279 5216 2617 5283 perveniens,
2682 5217 2750 5270 ab
2806 5217 2923 5287 ejus

1351 5298 1547 5354 incolis
1577 5297 1682 5354 fuit
1731 5300 2110 5370 interemptus.
2161 5305 2296 5358 Eum
2334 5321 2510 5359 vicum
2570 5307 2742 5372 Musa,
2799 5323 2920 5361 cum

1351 5392 1545 5447 incolis
1575 5393 1868 5456 universis,
1902 5395 2058 5464 cujus
2085 5397 2302 5448 tandem
2333 5397 2413 5451 vel
2438 5415 2619 5462 sexus,
2645 5401 2724 5453 vel
2747 5402 2923 5456 aetatis

1349 5492 1555 5546 essent,
1590 5485 1712 5553 igne
1741 5485 1984 5552 subjecto
2009 5489 2348 5540 concremari
2371 5489 2556 5556 jussit,
2588 5491 2687 5544 hac
2714 5492 2920 5558 adjecta

1350 5592 1486 5629 voce.
1517 5594 1529 5630 :
1564 5574 1672 5630 Cur
1703 5576 1925 5630 fratrem
1958 5593 2136 5631 meum
2169 5580 2322 5634 vobis
2356 5596 2550 5634 necare
2584 5583 2786 5636 libuit?
2827 5583 2921 5638 Se-

1348 5669 1586 5722 cundum
1615 5669 1732 5722 ham
1775 5684 2030 5724 reversus
2059 5668 2520 5739 Hadrianopolim,
2555 5674 2710 5743 plene
2737 5693 2919 5731 rerum

1350 5762 1553 5830 potitus
1589 5763 1690 5817 fuit
1741 5778 1884 5817 anno
1938 5763 2041 5819 8l8
2086 5764 2246 5832 (Chr.
2291 5765 2497 5835 Mil);
2549 5769 2684 5821 emir
2739 5780 2918 5827 autem

1351 5856 1691 5910 Soleimani-s
1720 5857 2005 5925 imperavit
2042 5858 2202 5912 annis
2228 5859 2279 5912 7.

1420 5949 1500 6002 Ah
1522 5951 1620 6002 hoc
1647 5948 1897 6004 inchoata
1932 5952 2033 6003 fuit
2063 5950 2444 6021 lladriatwpoli
2484 5965 2752 6009 structura
2787 5968 2918 6011 tcni-

1350 6042 1418 6114 pli
1453 6043 1607 6112 longe
1640 6042 1982 6113 amplissimi,
2017 6043 2174 6112 cujus
2227 6046 2343 6114 ipso
2402 6051 2687 6118 superstite
2722 6051 2915 6106 funda-

3028 4857 3254 4910 Melicus
3281 4856 3345 4909 ad
3376 4855 3652 4908 sultanum
3681 4851 4073 4906 Muchcmrtem
4127 4849 4630 4916 Constantinopoli

3029 4941 3483 5007 vcnerat.|taquc
3548 4940 3814 5010 Bajazites
3840 4941 3997 4994 basSa
4044 4938 4372 4993 Muchemeti
4419 4948 4632 4992 auctor

3025 5043 3166 5100 erat,
3201 5045 3258 5089 ut
3293 5035 3338 5090 is
3390 5035 3553 5088 etiam
3611 5038 3911 5088 arcessitus
3945 5033 4327 5087 deliberationi
4386 5033 4640 5086 adhibe-

3027 5139 3205 5191 retur,
3239 5128 3368 5197 quid
3404 5127 3502 5196 ipsi
3529 5125 3844 5181 faciundum
3904 5136 4136 5195 pareret,
4203 5125 4631 5194 explicaturus.

3024 5219 3118 5272 llle
3151 5228 3372 5272 vocatus
3398 5218 3450 5270 in
3505 5217 3821 5279 consilium,
3860 5219 4136 5271 accessit:
4184 5227 4237 5268 et
4307 5217 4636 5278 intellecto,

3026 5326 3223 5378 cupere
3257 5309 3649 5363 Muchemetcm
3674 5313 3723 5362 in
3756 5308 4072 5362 liomaniam
4098 5309 4398 5362 exercitum
4430 5319 4630 5362 trans-

3028 5411 3264 5471 portare,
3295 5402 3476 5466 modo,
3505 5403 3571 5455 de
3606 5402 3776 5470 ipsius
3825 5403 4056 5456 consilio
4103 5403 4240 5454 viam
4305 5401 4642 5455 rationem-

3026 5511 3129 5564 que
3157 5497 3443 5549 commode
3499 5495 3873 5563 transjiciendi
3927 5504 4314 5565 cognosceret:
4382 5511 4639 5563 respon-

3028 5589 3124 5647 dit,
3165 5588 3390 5641 omnino
3427 5588 3961 5658 Constantinpolim
4018 5591 4314 5644 mittendos
4375 5591 4642 5656 legatos,

3026 5687 3078 5731 et
3115 5695 3238 5733 cum
3289 5678 3558 5749 Teggiure
3598 5681 3747 5750 pacis
3782 5681 4015 5734 ineunda
4075 5681 4440 5750 fwdcra,quo
4505 5687 4648 5741 fieri

3031 5774 3303 5841 permissu
3343 5775 3516 5843 ipsius
3549 5785 3604 5829 et
3657 5776 3974 5845 adjumento
4033 5777 4352 5844 transjectio
4410 5792 4650 5846 posset.

3027 5864 3142 5918 Non
3175 5865 3316 5919 enim
3358 5866 3555 5919 fretum
3602 5867 3713 5921 ullo
3745 5867 3853 5921 alio
3910 5870 4207 5922 transmitti
4251 5869 4378 5922 loco
4437 5887 4653 5938 posse,

3027 5975 3149 6012 cum
3181 5959 3467 6027 Callipolis
3500 5963 3552 6012 in
3585 5970 3852 6031 potestate
3889 5960 4052 6015 Musa:
4083 5962 4171 6016 sit.
4205 5963 4331 6016 litat
4367 5963 4423 6017 id
4490 5975 4658 6020 tem-

3027 6052 3175 6121 peris
3235 6054 3433 6123 insigni
3493 6057 3572 6106 vir
3628 6056 3847 6123 quidam
3903 6057 4222 6112 auctovitatc
4284 6060 4574 6127 pncditus
4633 6104 4650 6126 ,

4793 172 4795 307 l

4793 554 4795 630 γ

4793 671 4795 760 l

4793 843 4795 943 ἲ
