  <div class='ocr_page' id='page_1' title='image "/cluster/home/n/w/nwhite01/storage/ocr_20150623/159/nnc1.0046980628/310.png"; bbox 0 0 4866 6594; ppageno 0'>
   <div class='ocr_carea' id='block_1_1' title="bbox 215 382 2207 449">
    <p class='ocr_par' dir='ltr' id='par_1_1' title="bbox 215 382 2207 449">
     <span class='ocr_line' id='line_1_1' title="bbox 215 382 2207 449; baseline 0.003 -5"><span class='ocrx_word' id='word_1_1' title='bbox 215 382 299 446; x_wconf 81' lang='grc'><strong>601</strong></span> <span class='ocrx_word' id='word_1_2' title='bbox 1480 383 1837 445; x_wconf 63' lang='grc' dir='ltr'><strong>ΑΝΝΑΙΕΞ</strong></span> <span class='ocrx_word' id='word_1_3' title='bbox 1880 386 2207 449; x_wconf 71' lang='lat' dir='ltr'><strong>TURCICI.</strong></span> 
     </span>
    </p>
   </div>
   <div class='ocr_carea' id='block_1_2' title="bbox 3363 392 3471 455">
    <p class='ocr_par' dir='ltr' id='par_1_2' title="bbox 3363 392 3471 455">
     <span class='ocr_line' id='line_1_2' title="bbox 3363 392 3471 455; baseline 0 0"><span class='ocrx_word' id='word_1_4' title='bbox 3363 392 3471 455; x_wconf 69' lang='lat'><strong>602</strong></span> 
     </span>
    </p>
   </div>
   <div class='ocr_carea' id='block_1_3' title="bbox 217 497 3464 577">
    <p class='ocr_par' dir='ltr' id='par_1_3' title="bbox 217 497 3464 577">
     <span class='ocr_line' id='line_1_3' title="bbox 217 497 3464 577; baseline 0.002 -27"><span class='ocrx_word' id='word_1_5' title='bbox 217 499 429 557; x_wconf 79' lang='lat' dir='ltr'><strong>nomine</strong></span> <span class='ocrx_word' id='word_1_6' title='bbox 488 497 781 561; x_wconf 76' lang='lat' dir='ltr'><strong>Fasclnllu,</strong></span> <span class='ocrx_word' id='word_1_7' title='bbox 841 498 932 569; x_wconf 87' lang='lat' dir='ltr'><strong>qtti</strong></span> <span class='ocrx_word' id='word_1_8' title='bbox 992 501 1142 556; x_wconf 88' lang='lat' dir='ltr'><strong>Catlii</strong></span> <span class='ocrx_word' id='word_1_9' title='bbox 1195 501 1310 557; x_wconf 85' lang='lat' dir='ltr'><strong>sive</strong></span> <span class='ocrx_word' id='word_1_10' title='bbox 1362 502 1565 571; x_wconf 84' lang='lat' dir='ltr'><strong>jtttlicis</strong></span> <span class='ocrx_word' id='word_1_11' title='bbox 1611 504 1859 567; x_wconf 66' lang='lat' dir='ltr'><strong>oﬁicioA</strong></span> <span class='ocrx_word' id='word_1_12' title='bbox 1892 504 2136 572; x_wconf 84' lang='lat' dir='ltr'><strong>recipito.</strong></span> <span class='ocrx_word' id='word_1_13' title='bbox 2197 508 2314 561; x_wconf 73' lang='lat' dir='ltr'><strong>Mox</strong></span> <span class='ocrx_word' id='word_1_14' title='bbox 2375 508 2463 577; x_wconf 85' lang='lat' dir='ltr'><strong>qui</strong></span> <span class='ocrx_word' id='word_1_15' title='bbox 2522 508 2900 573; x_wconf 84' lang='lat' dir='ltr'><strong>loettpletiores</strong></span> <span class='ocrx_word' id='word_1_16' title='bbox 2951 514 3126 571; x_wconf 84' lang='lat' dir='ltr'><strong>erant,</strong></span> <span class='ocrx_word' id='word_1_17' title='bbox 3180 504 3235 559; x_wconf 83' lang='lat' dir='ltr'><strong>in</strong></span> <span class='ocrx_word' id='word_1_18' title='bbox 3284 520 3464 560; x_wconf 82' lang='lat' dir='ltr'><strong>arcem</strong></span> 
     </span>
    </p>
   </div>
   <div class='ocr_carea' id='block_1_4' title="bbox 216 590 1786 659">
    <p class='ocr_par' dir='ltr' id='par_1_4' title="bbox 216 590 1786 659">
     <span class='ocr_line' id='line_1_4' title="bbox 216 590 1786 659; baseline 0.008 -18"><span class='ocrx_word' id='word_1_19' title='bbox 216 590 437 646; x_wconf 56' lang='lat' dir='ltr'><strong>Geivisze</strong></span> <span class='ocrx_word' id='word_1_20' title='bbox 477 592 820 659; x_wconf 69' lang='lat' dir='ltr'><strong>fungebatur.</strong></span> <span class='ocrx_word' id='word_1_21' title='bbox 854 595 904 650; x_wconf 84' lang='lat' dir='ltr'><strong>Is</strong></span> <span class='ocrx_word' id='word_1_22' title='bbox 936 607 990 649; x_wconf 90' lang='lat' dir='ltr'><strong>et</strong></span> <span class='ocrx_word' id='word_1_23' title='bbox 1036 606 1197 652; x_wconf 85' lang='lat' dir='ltr'><strong>notus</strong></span> <span class='ocrx_word' id='word_1_24' title='bbox 1228 607 1348 651; x_wconf 83' lang='lat' dir='ltr'><strong>eral</strong></span> <span class='ocrx_word' id='word_1_25' title='bbox 1400 605 1454 651; x_wconf 93' lang='lat' dir='ltr'><strong>et</strong></span> <span class='ocrx_word' id='word_1_26' title='bbox 1505 599 1786 653; x_wconf 71' lang='lat' dir='ltr'><strong>familiaris</strong></span> 
     </span>
    </p>
   </div>
   <div class='ocr_carea' id='block_1_5' title="bbox 216 682 1785 759">
    <p class='ocr_par' dir='ltr' id='par_1_5' title="bbox 216 682 1785 759">
     <span class='ocr_line' id='line_1_5' title="bbox 216 682 1785 759; baseline 0.006 -25"><span class='ocrx_word' id='word_1_27' title='bbox 216 682 502 736; x_wconf 62' lang='lat' dir='ltr'><strong>admoolum</strong></span> <span class='ocrx_word' id='word_1_28' title='bbox 539 684 789 756; x_wconf 68' lang='lat' dir='ltr'><strong>Teggittri</strong></span> <span class='ocrx_word' id='word_1_29' title='bbox 820 688 1457 758; x_wconf 75' lang='lat' dir='ltr'><strong>Constantinopolitano.</strong></span> <span class='ocrx_word' id='word_1_30' title='bbox 1499 689 1656 745; x_wconf 82' lang='lat' dir='ltr'><strong>Hunc</strong></span> <span class='ocrx_word' id='word_1_31' title='bbox 1687 690 1785 759; x_wconf 80' lang='lat' dir='ltr'><strong>igi-</strong></span> 
     </span>
    </p>
   </div>
   <div class='ocr_carea' id='block_1_6' title="bbox 216 776 1783 853">
    <p class='ocr_par' dir='ltr' id='par_1_6' title="bbox 216 776 1783 853">
     <span class='ocr_line' id='line_1_6' title="bbox 216 776 1783 853; baseline 0.008 -25"><span class='ocrx_word' id='word_1_32' title='bbox 216 786 299 829; x_wconf 90' lang='lat' dir='ltr'><strong>tur</strong></span> <span class='ocrx_word' id='word_1_33' title='bbox 326 776 739 845; x_wconf 79' lang='lat' dir='ltr'><strong>ablegaruntuti</strong></span> <span class='ocrx_word' id='word_1_34' title='bbox 790 796 915 836; x_wconf 90' lang='lat' dir='ltr'><strong>cum</strong></span> <span class='ocrx_word' id='word_1_35' title='bbox 963 780 1232 851; x_wconf 68' lang='lat' dir='ltr'><strong>Teggiure</strong></span> <span class='ocrx_word' id='word_1_36' title='bbox 1280 785 1344 837; x_wconf 90' lang='lat' dir='ltr'><strong>de.</strong></span> <span class='ocrx_word' id='word_1_37' title='bbox 1399 798 1532 853; x_wconf 85' lang='lat' dir='ltr'><strong>pace</strong></span> <span class='ocrx_word' id='word_1_38' title='bbox 1570 794 1783 851; x_wconf 80' lang='lat' dir='ltr'><strong>ageret:</strong></span> 
     </span>
    </p>
   </div>
   <div class='ocr_carea' id='block_1_7' title="bbox 214 870 1790 945">
    <p class='ocr_par' dir='ltr' id='par_1_7' title="bbox 214 870 1790 945">
     <span class='ocr_line' id='line_1_7' title="bbox 214 870 1790 945; baseline 0.007 -23"><span class='ocrx_word' id='word_1_39' title='bbox 214 884 316 938; x_wconf 91' lang='lat' dir='ltr'><strong>qtta</strong></span> <span class='ocrx_word' id='word_1_40' title='bbox 344 870 486 925; x_wconf 88' lang='lat' dir='ltr'><strong>inter</strong></span> <span class='ocrx_word' id='word_1_41' title='bbox 516 882 807 943; x_wconf 87' lang='lat' dir='ltr'><strong>utramque</strong></span> <span class='ocrx_word' id='word_1_42' title='bbox 837 886 1043 945; x_wconf 90' lang='lat' dir='ltr'><strong>partem</strong></span> <span class='ocrx_word' id='word_1_43' title='bbox 1073 877 1306 941; x_wconf 91' lang='lat' dir='ltr'><strong>sattcita,</strong></span> <span class='ocrx_word' id='word_1_44' title='bbox 1343 879 1624 945; x_wconf 76' lang='lat' dir='ltr'><strong>profectus</strong></span> <span class='ocrx_word' id='word_1_45' title='bbox 1653 877 1790 933; x_wconf 83' lang='lat' dir='ltr'><strong>Pru-</strong></span> 
     </span>
    </p>
   </div>
   <div class='ocr_carea' id='block_1_8' title="bbox 214 963 1788 1040">
    <p class='ocr_par' dir='ltr' id='par_1_8' title="bbox 214 963 1788 1040">
     <span class='ocr_line' id='line_1_8' title="bbox 214 963 1788 1040; baseline 0.007 -26"><span class='ocrx_word' id='word_1_46' title='bbox 214 976 272 1015; x_wconf 85' lang='lat' dir='ltr'><strong>sa</strong></span> <span class='ocrx_word' id='word_1_47' title='bbox 297 963 545 1019; x_wconf 88' lang='lat' dir='ltr'><strong>sultanus</strong></span> <span class='ocrx_word' id='word_1_48' title='bbox 578 966 970 1034; x_wconf 84' lang='lat' dir='ltr'><strong>Mucltemetes,</strong></span> <span class='ocrx_word' id='word_1_49' title='bbox 1021 970 1088 1022; x_wconf 91' lang='lat' dir='ltr'><strong>ad</strong></span> <span class='ocrx_word' id='word_1_50' title='bbox 1114 970 1266 1025; x_wconf 90' lang='lat' dir='ltr'><strong>littus</strong></span> <span class='ocrx_word' id='word_1_51' title='bbox 1297 972 1465 1025; x_wconf 88' lang='lat' dir='ltr'><strong>tuaris</strong></span> <span class='ocrx_word' id='word_1_52' title='bbox 1516 988 1546 1024; x_wconf 90' lang='lat' dir='ltr'><strong>e</strong></span> <span class='ocrx_word' id='word_1_53' title='bbox 1571 971 1788 1040; x_wconf 79' lang='lat' dir='ltr'><strong>regione</strong></span> 
     </span>
    </p>
   </div>
   <div class='ocr_carea' id='block_1_9' title="bbox 212 1055 1788 1135">
    <p class='ocr_par' dir='ltr' id='par_1_9' title="bbox 212 1055 1788 1135">
     <span class='ocr_line' id='line_1_9' title="bbox 212 1055 1788 1135; baseline 0.007 -28"><span class='ocrx_word' id='word_1_54' title='bbox 212 1055 721 1129; x_wconf 73' lang='lat' dir='ltr'><strong>Constantinopolis</strong></span> <span class='ocrx_word' id='word_1_55' title='bbox 748 1063 1001 1118; x_wconf 86' lang='lat' dir='ltr'><strong>accessit.</strong></span> <span class='ocrx_word' id='word_1_56' title='bbox 1028 1065 1106 1119; x_wconf 87' lang='lat' dir='ltr'><strong>illi</strong></span> <span class='ocrx_word' id='word_1_57' title='bbox 1143 1065 1788 1135; x_wconf 84' lang='lat' dir='ltr'><strong>Constantinopolitanus</strong></span> 
     </span>
    </p>
   </div>
   <div class='ocr_carea' id='block_1_10' title="bbox 213 1148 1789 1227">
    <p class='ocr_par' dir='ltr' id='par_1_10' title="bbox 213 1148 1789 1227">
     <span class='ocr_line' id='line_1_10' title="bbox 213 1148 1789 1227; baseline 0.005 -24"><span class='ocrx_word' id='word_1_58' title='bbox 213 1148 450 1221; x_wconf 75' lang='lat' dir='ltr'><strong>Teggittr</strong></span> <span class='ocrx_word' id='word_1_59' title='bbox 476 1169 640 1210; x_wconf 82' lang='lat' dir='ltr'><strong>naves</strong></span> <span class='ocrx_word' id='word_1_60' title='bbox 664 1171 794 1211; x_wconf 87' lang='lat' dir='ltr'><strong>suas</strong></span> <span class='ocrx_word' id='word_1_61' title='bbox 820 1157 1037 1212; x_wconf 78' lang='lat' dir='ltr'><strong>obviam</strong></span> <span class='ocrx_word' id='word_1_62' title='bbox 1079 1160 1251 1223; x_wconf 87' lang='lat' dir='ltr'><strong>misit,</strong></span> <span class='ocrx_word' id='word_1_63' title='bbox 1298 1161 1474 1227; x_wconf 85' lang='lat' dir='ltr'><strong>ipsum</strong></span> <span class='ocrx_word' id='word_1_64' title='bbox 1505 1160 1556 1212; x_wconf 91' lang='lat' dir='ltr'><strong>in</strong></span> <span class='ocrx_word' id='word_1_65' title='bbox 1589 1158 1789 1213; x_wconf 82' lang='lat' dir='ltr'><strong>Roma-</strong></span> 
     </span>
    </p>
   </div>
   <div class='ocr_carea' id='block_1_11' title="bbox 212 1241 1786 1323">
    <p class='ocr_par' dir='ltr' id='par_1_11' title="bbox 212 1241 1786 1323">
     <span class='ocr_line' id='line_1_11' title="bbox 212 1241 1786 1323; baseline 0.007 -31"><span class='ocrx_word' id='word_1_66' title='bbox 212 1241 358 1295; x_wconf 81' lang='lat' dir='ltr'><strong>niam</strong></span> <span class='ocrx_word' id='word_1_67' title='bbox 390 1258 513 1298; x_wconf 86' lang='lat' dir='ltr'><strong>cum</strong></span> <span class='ocrx_word' id='word_1_68' title='bbox 564 1248 805 1301; x_wconf 88' lang='lat' dir='ltr'><strong>exercitu</strong></span> <span class='ocrx_word' id='word_1_69' title='bbox 863 1249 1103 1304; x_wconf 86' lang='lat' dir='ltr'><strong>trasvebi</strong></span> <span class='ocrx_word' id='word_1_70' title='bbox 1148 1252 1381 1306; x_wconf 75' lang='lat' dir='ltr'><strong>curavit.</strong></span> <span class='ocrx_word' id='word_1_71' title='bbox 1444 1252 1576 1323; x_wconf 78' lang='lat' dir='ltr'><strong>Ejus</strong></span> <span class='ocrx_word' id='word_1_72' title='bbox 1636 1250 1786 1305; x_wconf 84' lang='lat' dir='ltr'><strong>Musa</strong></span> 
     </span>
    </p>
   </div>
   <div class='ocr_carea' id='block_1_12' title="bbox 211 1332 1784 1413">
    <p class='ocr_par' dir='ltr' id='par_1_12' title="bbox 211 1332 1784 1413">
     <span class='ocr_line' id='line_1_12' title="bbox 211 1332 1784 1413; baseline 0.009 -29"><span class='ocrx_word' id='word_1_73' title='bbox 211 1332 287 1385; x_wconf 88' lang='lat' dir='ltr'><strong>rei</strong></span> <span class='ocrx_word' id='word_1_74' title='bbox 319 1332 497 1390; x_wconf 89' lang='lat' dir='ltr'><strong>factus</strong></span> <span class='ocrx_word' id='word_1_75' title='bbox 516 1338 748 1394; x_wconf 87' lang='lat' dir='ltr'><strong>certior:</strong></span> <span class='ocrx_word' id='word_1_76' title='bbox 800 1336 1187 1410; x_wconf 81' lang='lat' dir='ltr'><strong>Hadrianopoli</strong></span> <span class='ocrx_word' id='word_1_77' title='bbox 1242 1343 1456 1407; x_wconf 87' lang='lat' dir='ltr'><strong>relicta,</strong></span> <span class='ocrx_word' id='word_1_78' title='bbox 1511 1344 1784 1413; x_wconf 70' lang='lat' dir='ltr'><strong>regionem</strong></span> 
     </span>
    </p>
   </div>
   <div class='ocr_carea' id='block_1_13' title="bbox 212 1425 1788 1496">
    <p class='ocr_par' dir='ltr' id='par_1_13' title="bbox 212 1425 1788 1496">
     <span class='ocr_line' id='line_1_13' title="bbox 212 1425 1788 1496; baseline 0.01 -19"><span class='ocrx_word' id='word_1_79' title='bbox 212 1425 402 1480; x_wconf 83' lang='lat' dir='ltr'><strong>Lazari</strong></span> <span class='ocrx_word' id='word_1_80' title='bbox 430 1429 606 1496; x_wconf 86' lang='lat' dir='ltr'><strong>petiit.</strong></span> <span class='ocrx_word' id='word_1_81' title='bbox 636 1431 1024 1489; x_wconf 86' lang='lat' dir='ltr'><strong>loterea&#39;venit</strong></span> <span class='ocrx_word' id='word_1_82' title='bbox 1052 1433 1270 1491; x_wconf 82' lang='lat' dir='ltr'><strong>lnzttam</strong></span> <span class='ocrx_word' id='word_1_83' title='bbox 1289 1438 1538 1492; x_wconf 87' lang='lat' dir='ltr'><strong>sultantts</strong></span> <span class='ocrx_word' id='word_1_84' title='bbox 1568 1438 1788 1493; x_wconf 71' lang='lat' dir='ltr'><strong>Muche-</strong></span> 
     </span>
    </p>
   </div>
   <div class='ocr_carea' id='block_1_14' title="bbox 212 1525 1785 1597">
    <p class='ocr_par' dir='ltr' id='par_1_14' title="bbox 212 1525 1785 1597">
     <span class='ocr_line' id='line_1_14' title="bbox 212 1525 1785 1597; baseline 0.008 -24"><span class='ocrx_word' id='word_1_85' title='bbox 212 1530 402 1584; x_wconf 87' lang='lat' dir='ltr'><strong>metes,</strong></span> <span class='ocrx_word' id='word_1_86' title='bbox 450 1531 612 1593; x_wconf 89' lang='lat' dir='ltr'><strong>atque</strong></span> <span class='ocrx_word' id='word_1_87' title='bbox 659 1525 729 1579; x_wconf 87' lang='lat' dir='ltr'><strong>ibi</strong></span> <span class='ocrx_word' id='word_1_88' title='bbox 764 1528 961 1583; x_wconf 88' lang='lat' dir='ltr'><strong>castris</strong></span> <span class='ocrx_word' id='word_1_89' title='bbox 1021 1528 1199 1585; x_wconf 90' lang='lat' dir='ltr'><strong>locum</strong></span> <span class='ocrx_word' id='word_1_90' title='bbox 1254 1531 1472 1597; x_wconf 73' lang='lat' dir='ltr'><strong>delegit.</strong></span> <span class='ocrx_word' id='word_1_91' title='bbox 1499 1530 1617 1585; x_wconf 82' lang='lat' dir='ltr'><strong>Mox</strong></span> <span class='ocrx_word' id='word_1_92' title='bbox 1671 1531 1785 1586; x_wconf 80' lang='lat' dir='ltr'><strong>Alis</strong></span> 
     </span>
    </p>
   </div>
   <div class='ocr_carea' id='block_1_15' title="bbox 211 1614 1785 1692">
    <p class='ocr_par' dir='ltr' id='par_1_15' title="bbox 211 1614 1785 1692">
     <span class='ocr_line' id='line_1_15' title="bbox 211 1614 1785 1692; baseline 0.009 -26"><span class='ocrx_word' id='word_1_93' title='bbox 211 1614 401 1684; x_wconf 79' lang='lat' dir='ltr'><strong>begus,</strong></span> <span class='ocrx_word' id='word_1_94' title='bbox 435 1615 727 1675; x_wconf 84' lang='lat' dir='ltr'><strong>Eurenosis</strong></span> <span class='ocrx_word' id='word_1_95' title='bbox 755 1619 876 1692; x_wconf 76' lang='lat' dir='ltr'><strong>begi</strong></span> <span class='ocrx_word' id='word_1_96' title='bbox 936 1622 1105 1686; x_wconf 87' lang='lat' dir='ltr'><strong>filius,</strong></span> <span class='ocrx_word' id='word_1_97' title='bbox 1140 1624 1254 1679; x_wconf 83' lang='lat' dir='ltr'><strong>suis</strong></span> <span class='ocrx_word' id='word_1_98' title='bbox 1310 1623 1482 1690; x_wconf 88' lang='lat' dir='ltr'><strong>c0piis</strong></span> <span class='ocrx_word' id='word_1_99' title='bbox 1507 1623 1570 1677; x_wconf 89' lang='lat' dir='ltr'><strong>ad</strong></span> <span class='ocrx_word' id='word_1_100' title='bbox 1618 1624 1785 1680; x_wconf 84' lang='lat' dir='ltr'><strong>sulta-</strong></span> 
     </span>
    </p>
   </div>
   <div class='ocr_carea' id='block_1_16' title="bbox 210 1709 1780 1784">
    <p class='ocr_par' dir='ltr' id='par_1_16' title="bbox 210 1709 1780 1784">
     <span class='ocr_line' id='line_1_16' title="bbox 210 1709 1780 1784; baseline 0.005 -24"><span class='ocrx_word' id='word_1_101' title='bbox 210 1724 339 1762; x_wconf 93' lang='lat' dir='ltr'><strong>num</strong></span> <span class='ocrx_word' id='word_1_102' title='bbox 370 1709 763 1767; x_wconf 79' lang='lat' dir='ltr'><strong>Mucbemetetn</strong></span> <span class='ocrx_word' id='word_1_103' title='bbox 791 1713 1021 1770; x_wconf 75' lang='lat' dir='ltr'><strong>defecit:</strong></span> <span class='ocrx_word' id='word_1_104' title='bbox 1054 1725 1174 1783; x_wconf 90' lang='lat' dir='ltr'><strong>post</strong></span> <span class='ocrx_word' id='word_1_105' title='bbox 1228 1731 1388 1784; x_wconf 85' lang='lat' dir='ltr'><strong>quem</strong></span> <span class='ocrx_word' id='word_1_106' title='bbox 1423 1725 1478 1770; x_wconf 91' lang='lat' dir='ltr'><strong>et</strong></span> <span class='ocrx_word' id='word_1_107' title='bbox 1528 1714 1780 1784; x_wconf 78' lang='lat' dir='ltr'><strong>Michael,</strong></span> 
     </span>
    </p>
   </div>
   <div class='ocr_carea' id='block_1_17' title="bbox 206 1797 1781 1873">
    <p class='ocr_par' dir='ltr' id='par_1_17' title="bbox 206 1797 1781 1873">
     <span class='ocr_line' id='line_1_17' title="bbox 206 1797 1781 1873; baseline 0.008 -22"><span class='ocrx_word' id='word_1_108' title='bbox 206 1797 396 1855; x_wconf 83' lang='lat' dir='ltr'><strong>.locltzi</strong></span> <span class='ocrx_word' id='word_1_109' title='bbox 435 1802 553 1873; x_wconf 74' lang='lat' dir='ltr'><strong>begi</strong></span> <span class='ocrx_word' id='word_1_110' title='bbox 587 1804 750 1866; x_wconf 84' lang='lat' dir='ltr'><strong>filius,</strong></span> <span class='ocrx_word' id='word_1_111' title='bbox 786 1820 915 1860; x_wconf 90' lang='lat' dir='ltr'><strong>cunt</strong></span> <span class='ocrx_word' id='word_1_112' title='bbox 944 1806 1120 1861; x_wconf 89' lang='lat' dir='ltr'><strong>milite</strong></span> <span class='ocrx_word' id='word_1_113' title='bbox 1147 1821 1246 1861; x_wconf 87' lang='lat' dir='ltr'><strong>suo</strong></span> <span class='ocrx_word' id='word_1_114' title='bbox 1269 1808 1335 1861; x_wconf 88' lang='lat' dir='ltr'><strong>ad</strong></span> <span class='ocrx_word' id='word_1_115' title='bbox 1372 1807 1623 1862; x_wconf 92' lang='lat' dir='ltr'><strong>eumdem</strong></span> <span class='ocrx_word' id='word_1_116' title='bbox 1689 1824 1781 1864; x_wconf 84' lang='lat' dir='ltr'><strong>ac-</strong></span> 
     </span>
    </p>
   </div>
   <div class='ocr_carea' id='block_1_18' title="bbox 208 1894 1857 1987">
    <p class='ocr_par' dir='ltr' id='par_1_18' title="bbox 208 1894 1857 1987">
     <span class='ocr_line' id='line_1_18' title="bbox 208 1894 1857 1987; baseline 0.006 -40"><span class='ocrx_word' id='word_1_117' title='bbox 208 1894 400 1987; x_wconf 80' lang='lat' dir='ltr'><strong>cessit.</strong></span> <span class='ocrx_word' id='word_1_118' title='bbox 425 1896 489 1951; x_wconf 87' lang='lat' dir='ltr'><strong>Et</strong></span> <span class='ocrx_word' id='word_1_119' title='bbox 512 1905 631 1953; x_wconf 87' lang='lat' dir='ltr'><strong>erat</strong></span> <span class='ocrx_word' id='word_1_120' title='bbox 677 1898 723 1953; x_wconf 84' lang='lat' dir='ltr'><strong>is</strong></span> <span class='ocrx_word' id='word_1_121' title='bbox 757 1896 924 1954; x_wconf 72' lang='lat' dir='ltr'><strong>Musa:</strong></span> <span class='ocrx_word' id='word_1_122' title='bbox 962 1899 1335 1968; x_wconf 69' lang='lat' dir='ltr'><strong>beglerbegus.</strong></span> <span class='ocrx_word' id='word_1_123' title='bbox 1394 1900 1597 1955; x_wconf 87' lang='lat' dir='ltr'><strong>Horum</strong></span> <span class='ocrx_word' id='word_1_124' title='bbox 1654 1917 1784 1956; x_wconf 85' lang='lat' dir='ltr'><strong>con-</strong></span> <span class='ocrx_word' id='word_1_125' title='bbox 1823 1932 1857 1987; x_wconf 74' lang='grc' dir='ltr'><strong><em>Β</em></strong></span> 
     </span>
    </p>
   </div>
   <div class='ocr_carea' id='block_1_19' title="bbox 209 1986 1779 2058">
    <p class='ocr_par' dir='ltr' id='par_1_19' title="bbox 209 1986 1779 2058">
     <span class='ocr_line' id='line_1_19' title="bbox 209 1986 1779 2058; baseline 0.008 -20"><span class='ocrx_word' id='word_1_126' title='bbox 209 1986 459 2042; x_wconf 84' lang='lat' dir='ltr'><strong>lirmattts</strong></span> <span class='ocrx_word' id='word_1_127' title='bbox 490 1989 751 2046; x_wconf 85' lang='lat' dir='ltr'><strong>subsidiis</strong></span> <span class='ocrx_word' id='word_1_128' title='bbox 800 1991 1046 2045; x_wconf 90' lang='lat' dir='ltr'><strong>sttltantts</strong></span> <span class='ocrx_word' id='word_1_129' title='bbox 1102 1990 1488 2058; x_wconf 76' lang='lat' dir='ltr'><strong>Mucltemetes,</strong></span> <span class='ocrx_word' id='word_1_130' title='bbox 1547 1993 1779 2051; x_wconf 86' lang='lat' dir='ltr'><strong>ulterius</strong></span> 
     </span>
    </p>
   </div>
   <div class='ocr_carea' id='block_1_20' title="bbox 209 2081 1777 2157">
    <p class='ocr_par' dir='ltr' id='par_1_20' title="bbox 209 2081 1777 2157">
     <span class='ocr_line' id='line_1_20' title="bbox 209 2081 1777 2157; baseline 0.007 -25"><span class='ocrx_word' id='word_1_131' title='bbox 209 2082 503 2149; x_wconf 73' lang='lat' dir='ltr'><strong>processit,</strong></span> <span class='ocrx_word' id='word_1_132' title='bbox 533 2092 588 2138; x_wconf 90' lang='lat' dir='ltr'><strong>et</strong></span> <span class='ocrx_word' id='word_1_133' title='bbox 634 2081 1083 2156; x_wconf 80' lang='lat' dir='ltr'><strong>Hadrianopolim</strong></span> <span class='ocrx_word' id='word_1_134' title='bbox 1106 2087 1280 2143; x_wconf 89' lang='lat' dir='ltr'><strong>venit.</strong></span> <span class='ocrx_word' id='word_1_135' title='bbox 1299 2086 1777 2157; x_wconf 86' lang='lat' dir='ltr'><strong>Quotqttotautetn</strong></span> 
     </span>
    </p>
   </div>
   <div class='ocr_carea' id='block_1_21' title="bbox 209 2172 1779 2249">
    <p class='ocr_par' dir='ltr' id='par_1_21' title="bbox 209 2172 1779 2249">
     <span class='ocr_line' id='line_1_21' title="bbox 209 2172 1779 2249; baseline 0.006 -24"><span class='ocrx_word' id='word_1_136' title='bbox 209 2172 424 2228; x_wconf 82' lang='lat' dir='ltr'><strong>Turcici</strong></span> <span class='ocrx_word' id='word_1_137' title='bbox 479 2189 733 2241; x_wconf 89' lang='lat' dir='ltr'><strong>proceres</strong></span> <span class='ocrx_word' id='word_1_138' title='bbox 774 2191 872 2247; x_wconf 89' lang='lat' dir='ltr'><strong>per</strong></span> <span class='ocrx_word' id='word_1_139' title='bbox 925 2176 1245 2233; x_wconf 79' lang='lat' dir='ltr'><strong>Rotnaniam</strong></span> <span class='ocrx_word' id='word_1_140' title='bbox 1281 2179 1410 2233; x_wconf 92' lang='lat' dir='ltr'><strong>hinc</strong></span> <span class='ocrx_word' id='word_1_141' title='bbox 1446 2179 1570 2234; x_wconf 88' lang='lat' dir='ltr'><strong>inde</strong></span> <span class='ocrx_word' id='word_1_142' title='bbox 1622 2181 1779 2249; x_wconf 74' lang='lat' dir='ltr'><strong>dege-</strong></span> 
     </span>
    </p>
   </div>
   <div class='ocr_carea' id='block_1_22' title="bbox 207 2263 1783 2335">
    <p class='ocr_par' dir='ltr' id='par_1_22' title="bbox 207 2263 1783 2335">
     <span class='ocr_line' id='line_1_22' title="bbox 207 2263 1783 2335; baseline 0.004 -19"><span class='ocrx_word' id='word_1_143' title='bbox 207 2263 357 2323; x_wconf 89' lang='lat' dir='ltr'><strong>bant.</strong></span> <span class='ocrx_word' id='word_1_144' title='bbox 383 2264 620 2320; x_wconf 83' lang='lat' dir='ltr'><strong>universi</strong></span> <span class='ocrx_word' id='word_1_145' title='bbox 655 2265 805 2322; x_wconf 81' lang='lat' dir='ltr'><strong>Musa</strong></span> <span class='ocrx_word' id='word_1_146' title='bbox 830 2268 1066 2335; x_wconf 85' lang='lat' dir='ltr'><strong>deserto,</strong></span> <span class='ocrx_word' id='word_1_147' title='bbox 1111 2271 1176 2324; x_wconf 88' lang='lat' dir='ltr'><strong>ad</strong></span> <span class='ocrx_word' id='word_1_148' title='bbox 1232 2270 1510 2325; x_wconf 87' lang='lat' dir='ltr'><strong>sultanum</strong></span> <span class='ocrx_word' id='word_1_149' title='bbox 1565 2270 1783 2326; x_wconf 79' lang='lat' dir='ltr'><strong>Muche—</strong></span> 
     </span>
    </p>
   </div>
   <div class='ocr_carea' id='block_1_23' title="bbox 206 2360 1779 2435">
    <p class='ocr_par' dir='ltr' id='par_1_23' title="bbox 206 2360 1779 2435">
     <span class='ocr_line' id='line_1_23' title="bbox 206 2360 1779 2435; baseline 0.006 -26"><span class='ocrx_word' id='word_1_150' title='bbox 206 2366 404 2411; x_wconf 84' lang='lat' dir='ltr'><strong>metem</strong></span> <span class='ocrx_word' id='word_1_151' title='bbox 435 2374 493 2414; x_wconf 91' lang='lat' dir='ltr'><strong>se</strong></span> <span class='ocrx_word' id='word_1_152' title='bbox 551 2361 922 2418; x_wconf 91' lang='lat' dir='ltr'><strong>contulerunt.</strong></span> <span class='ocrx_word' id='word_1_153' title='bbox 952 2360 1065 2417; x_wconf 80' lang='lat' dir='ltr'><strong>Nec</strong></span> <span class='ocrx_word' id='word_1_154' title='bbox 1092 2377 1121 2417; x_wconf 91' lang='lat' dir='ltr'><strong>a</strong></span> <span class='ocrx_word' id='word_1_155' title='bbox 1177 2360 1342 2418; x_wconf 69' lang='lat' dir='ltr'><strong>Musa:</strong></span> <span class='ocrx_word' id='word_1_156' title='bbox 1376 2363 1622 2435; x_wconf 90' lang='lat' dir='ltr'><strong>partibus</strong></span> <span class='ocrx_word' id='word_1_157' title='bbox 1682 2364 1779 2419; x_wconf 91' lang='lat' dir='ltr'><strong>ulli</strong></span> 
     </span>
    </p>
   </div>
   <div class='ocr_carea' id='block_1_24' title="bbox 206 2454 1779 2526">
    <p class='ocr_par' dir='ltr' id='par_1_24' title="bbox 206 2454 1779 2526">
     <span class='ocr_line' id='line_1_24' title="bbox 206 2454 1779 2526; baseline 0.006 -22"><span class='ocrx_word' id='word_1_158' title='bbox 206 2468 458 2507; x_wconf 79' lang='lat' dir='ltr'><strong>mansere</strong></span> <span class='ocrx_word' id='word_1_159' title='bbox 498 2454 718 2520; x_wconf 84' lang='lat' dir='ltr'><strong>milites,</strong></span> <span class='ocrx_word' id='word_1_160' title='bbox 757 2467 955 2526; x_wconf 82' lang='lat' dir='ltr'><strong>praeter</strong></span> <span class='ocrx_word' id='word_1_161' title='bbox 982 2457 1278 2515; x_wconf 76' lang='lat' dir='ltr'><strong>Acaozios.</strong></span> <span class='ocrx_word' id='word_1_162' title='bbox 1315 2458 1626 2514; x_wconf 89' lang='lat' dir='ltr'><strong>Secundum</strong></span> <span class='ocrx_word' id='word_1_163' title='bbox 1663 2459 1779 2514; x_wconf 80' lang='lat' dir='ltr'><strong>ha-c</strong></span> 
     </span>
    </p>
   </div>
   <div class='ocr_carea' id='block_1_25' title="bbox 202 2548 1781 2623">
    <p class='ocr_par' dir='ltr' id='par_1_25' title="bbox 202 2548 1781 2623">
     <span class='ocr_line' id='line_1_25' title="bbox 202 2548 1781 2623; baseline 0.004 -24"><span class='ocrx_word' id='word_1_164' title='bbox 202 2548 490 2612; x_wconf 57' lang='lat' dir='ltr'><strong>di;ressus</strong></span> <span class='ocrx_word' id='word_1_165' title='bbox 518 2549 904 2623; x_wconf 86' lang='lat' dir='ltr'><strong>Hadrianopoli</strong></span> <span class='ocrx_word' id='word_1_166' title='bbox 943 2554 1194 2610; x_wconf 86' lang='lat' dir='ltr'><strong>sttltanus</strong></span> <span class='ocrx_word' id='word_1_167' title='bbox 1223 2553 1612 2615; x_wconf 85' lang='lat' dir='ltr'><strong>Mucbemetes.</strong></span> <span class='ocrx_word' id='word_1_168' title='bbox 1669 2552 1781 2607; x_wconf 80' lang='lat' dir='ltr'><strong>Mu-</strong></span> 
     </span>
    </p>
   </div>
   <div class='ocr_carea' id='block_1_26' title="bbox 204 2647 1780 2717">
    <p class='ocr_par' dir='ltr' id='par_1_26' title="bbox 204 2647 1780 2717">
     <span class='ocr_line' id='line_1_26' title="bbox 204 2647 1780 2717; baseline 0.004 -22"><span class='ocrx_word' id='word_1_169' title='bbox 204 2658 323 2696; x_wconf 85' lang='lat' dir='ltr'><strong>sam</strong></span> <span class='ocrx_word' id='word_1_170' title='bbox 358 2659 384 2696; x_wconf 91' lang='lat' dir='ltr'><strong>a</strong></span> <span class='ocrx_word' id='word_1_171' title='bbox 421 2651 572 2710; x_wconf 71' lang='lat' dir='ltr'><strong>tergo</strong></span> <span class='ocrx_word' id='word_1_172' title='bbox 628 2647 879 2717; x_wconf 84' lang='lat' dir='ltr'><strong>persequi</strong></span> <span class='ocrx_word' id='word_1_173' title='bbox 933 2662 1042 2701; x_wconf 94' lang='lat' dir='ltr'><strong>non</strong></span> <span class='ocrx_word' id='word_1_174' title='bbox 1101 2647 1285 2711; x_wconf 83' lang='lat' dir='ltr'><strong>desiit,</strong></span> <span class='ocrx_word' id='word_1_175' title='bbox 1310 2656 1361 2701; x_wconf 92' lang='lat' dir='ltr'><strong>et</strong></span> <span class='ocrx_word' id='word_1_176' title='bbox 1411 2661 1533 2701; x_wconf 92' lang='lat' dir='ltr'><strong>cum</strong></span> <span class='ocrx_word' id='word_1_177' title='bbox 1565 2660 1630 2701; x_wconf 89' lang='lat' dir='ltr'><strong>eo</strong></span> <span class='ocrx_word' id='word_1_178' title='bbox 1657 2660 1780 2717; x_wconf 88' lang='lat' dir='ltr'><strong>pro-</strong></span> 
     </span>
    </p>
   </div>
   <div class='ocr_carea' id='block_1_27' title="bbox 205 2736 1781 2810">
    <p class='ocr_par' dir='ltr' id='par_1_27' title="bbox 205 2736 1781 2810">
     <span class='ocr_line' id='line_1_27' title="bbox 205 2736 1781 2810; baseline 0.006 -25"><span class='ocrx_word' id='word_1_179' title='bbox 205 2744 331 2803; x_wconf 86' lang='lat' dir='ltr'><strong>pter</strong></span> <span class='ocrx_word' id='word_1_180' title='bbox 366 2736 626 2806; x_wconf 87' lang='lat' dir='ltr'><strong>oppidum</strong></span> <span class='ocrx_word' id='word_1_181' title='bbox 660 2737 1020 2794; x_wconf 87' lang='lat' dir='ltr'><strong>Samocovatn</strong></span> <span class='ocrx_word' id='word_1_182' title='bbox 1053 2740 1294 2810; x_wconf 62' lang='lat' dir='ltr'><strong>praelium</strong></span> <span class='ocrx_word' id='word_1_183' title='bbox 1345 2739 1485 2796; x_wconf 91' lang='lat' dir='ltr'><strong>iniit.</strong></span> <span class='ocrx_word' id='word_1_184' title='bbox 1512 2738 1648 2795; x_wconf 92' lang='lat' dir='ltr'><strong>Cum</strong></span> <span class='ocrx_word' id='word_1_185' title='bbox 1686 2754 1781 2795; x_wconf 82' lang='lat' dir='ltr'><strong>au-</strong></span> 
     </span>
    </p>
   </div>
   <div class='ocr_carea' id='block_1_28' title="bbox 205 2831 1779 2895">
    <p class='ocr_par' dir='ltr' id='par_1_28' title="bbox 205 2831 1779 2895">
     <span class='ocr_line' id='line_1_28' title="bbox 205 2831 1779 2895; baseline 0.002 -11"><span class='ocrx_word' id='word_1_186' title='bbox 205 2840 317 2884; x_wconf 91' lang='lat' dir='ltr'><strong>tem</strong></span> <span class='ocrx_word' id='word_1_187' title='bbox 354 2831 807 2888; x_wconf 87' lang='lat' dir='ltr'><strong>animadverteret</strong></span> <span class='ocrx_word' id='word_1_188' title='bbox 858 2834 1031 2895; x_wconf 87' lang='lat' dir='ltr'><strong>Musa.</strong></span> <span class='ocrx_word' id='word_1_189' title='bbox 1084 2850 1189 2888; x_wconf 89' lang='lat' dir='ltr'><strong>non</strong></span> <span class='ocrx_word' id='word_1_190' title='bbox 1241 2834 1373 2888; x_wconf 89' lang='lat' dir='ltr'><strong>satis</strong></span> <span class='ocrx_word' id='word_1_191' title='bbox 1424 2833 1528 2887; x_wconf 89' lang='lat' dir='ltr'><strong>sibi</strong></span> <span class='ocrx_word' id='word_1_192' title='bbox 1586 2833 1779 2888; x_wconf 83' lang='lat' dir='ltr'><strong>virium</strong></span> 
     </span>
    </p>
   </div>
   <div class='ocr_carea' id='block_1_29' title="bbox 203 2922 1781 2996">
    <p class='ocr_par' dir='ltr' id='par_1_29' title="bbox 203 2922 1781 2996">
     <span class='ocr_line' id='line_1_29' title="bbox 203 2922 1781 2996; baseline 0.003 -19"><span class='ocrx_word' id='word_1_193' title='bbox 203 2938 331 2977; x_wconf 83' lang='lat' dir='ltr'><strong>esse</strong></span> <span class='ocrx_word' id='word_1_194' title='bbox 371 2922 435 2978; x_wconf 90' lang='lat' dir='ltr'><strong>ad</strong></span> <span class='ocrx_word' id='word_1_195' title='bbox 485 2926 865 2991; x_wconf 86' lang='lat' dir='ltr'><strong>resistendum,</strong></span> <span class='ocrx_word' id='word_1_196' title='bbox 904 2925 1043 2996; x_wconf 75' lang='lat' dir='ltr'><strong>fuga:</strong></span> <span class='ocrx_word' id='word_1_197' title='bbox 1101 2942 1159 2981; x_wconf 89' lang='lat' dir='ltr'><strong>se</strong></span> <span class='ocrx_word' id='word_1_198' title='bbox 1213 2927 1381 2990; x_wconf 90' lang='lat' dir='ltr'><strong>dedit,</strong></span> <span class='ocrx_word' id='word_1_199' title='bbox 1440 2936 1494 2982; x_wconf 93' lang='lat' dir='ltr'><strong>et</strong></span> <span class='ocrx_word' id='word_1_200' title='bbox 1555 2926 1781 2996; x_wconf 74' lang='lat' dir='ltr'><strong>fugienti</strong></span> 
     </span>
    </p>
   </div>
   <div class='ocr_carea' id='block_1_30' title="bbox 202 3014 1784 3087">
    <p class='ocr_par' dir='ltr' id='par_1_30' title="bbox 202 3014 1784 3087">
     <span class='ocr_line' id='line_1_30' title="bbox 202 3014 1784 3087; baseline 0.008 -25"><span class='ocrx_word' id='word_1_201' title='bbox 202 3027 384 3081; x_wconf 79' lang='lat' dir='ltr'><strong>equus</strong></span> <span class='ocrx_word' id='word_1_202' title='bbox 422 3014 473 3067; x_wconf 93' lang='lat' dir='ltr'><strong>in</strong></span> <span class='ocrx_word' id='word_1_203' title='bbox 526 3014 855 3083; x_wconf 89' lang='lat' dir='ltr'><strong>profundum</strong></span> <span class='ocrx_word' id='word_1_204' title='bbox 909 3031 1124 3071; x_wconf 62' lang='lat' dir='ltr'><strong>casuum</strong></span> <span class='ocrx_word' id='word_1_205' title='bbox 1161 3019 1449 3087; x_wconf 84' lang='lat' dir='ltr'><strong>prolapsus</strong></span> <span class='ocrx_word' id='word_1_206' title='bbox 1499 3018 1619 3073; x_wconf 90' lang='lat' dir='ltr'><strong>fuit.</strong></span> <span class='ocrx_word' id='word_1_207' title='bbox 1654 3019 1784 3074; x_wconf 84' lang='lat' dir='ltr'><strong>Erat</strong></span> 
     </span>
    </p>
   </div>
   <div class='ocr_carea' id='block_1_31' title="bbox 200 3107 1784 3176">
    <p class='ocr_par' dir='ltr' id='par_1_31' title="bbox 200 3107 1784 3176">
     <span class='ocr_line' id='line_1_31' title="bbox 200 3107 1784 3176; baseline 0.004 -17"><span class='ocrx_word' id='word_1_208' title='bbox 200 3107 251 3159; x_wconf 88' lang='lat' dir='ltr'><strong>ei</strong></span> <span class='ocrx_word' id='word_1_209' title='bbox 291 3107 528 3161; x_wconf 87' lang='lat' dir='ltr'><strong>famulus</strong></span> <span class='ocrx_word' id='word_1_210' title='bbox 549 3107 1045 3176; x_wconf 87' lang='lat' dir='ltr'><strong>quidam,vestium</strong></span> <span class='ocrx_word' id='word_1_211' title='bbox 1083 3119 1284 3173; x_wconf 90' lang='lat' dir='ltr'><strong>sartor,</strong></span> <span class='ocrx_word' id='word_1_212' title='bbox 1316 3118 1373 3165; x_wconf 88' lang='lat' dir='ltr'><strong>et</strong></span> <span class='ocrx_word' id='word_1_213' title='bbox 1421 3109 1639 3165; x_wconf 83' lang='lat' dir='ltr'><strong>servilis</strong></span> <span class='ocrx_word' id='word_1_214' title='bbox 1682 3109 1784 3165; x_wconf 88' lang='lat' dir='ltr'><strong>bo-</strong></span> 
     </span>
    </p>
   </div>
   <div class='ocr_carea' id='block_1_32' title="bbox 202 3200 1782 3273">
    <p class='ocr_par' dir='ltr' id='par_1_32' title="bbox 202 3200 1782 3273">
     <span class='ocr_line' id='line_1_32' title="bbox 202 3200 1782 3273; baseline 0.004 -22"><span class='ocrx_word' id='word_1_215' title='bbox 202 3215 295 3251; x_wconf 89' lang='lat' dir='ltr'><strong>mo</strong></span> <span class='ocrx_word' id='word_1_216' title='bbox 341 3200 691 3265; x_wconf 83' lang='lat' dir='ltr'><strong>conditionis,</strong></span> <span class='ocrx_word' id='word_1_217' title='bbox 745 3202 829 3256; x_wconf 92' lang='lat' dir='ltr'><strong>cui</strong></span> <span class='ocrx_word' id='word_1_218' title='bbox 892 3217 1089 3257; x_wconf 80' lang='lat' dir='ltr'><strong>nomen</strong></span> <span class='ocrx_word' id='word_1_219' title='bbox 1145 3200 1434 3258; x_wconf 83' lang='lat' dir='ltr'><strong>Sarudzes.</strong></span> <span class='ocrx_word' id='word_1_220' title='bbox 1490 3201 1587 3258; x_wconf 82' lang='lat' dir='ltr'><strong>ilic</strong></span> <span class='ocrx_word' id='word_1_221' title='bbox 1639 3218 1782 3273; x_wconf 89' lang='lat' dir='ltr'><strong>equo</strong></span> 
     </span>
    </p>
   </div>
   <div class='ocr_carea' id='block_1_33' title="bbox 1892 598 3463 670">
    <p class='ocr_par' dir='ltr' id='par_1_33' title="bbox 1892 598 3463 670">
     <span class='ocr_line' id='line_1_33' title="bbox 1892 598 3463 670; baseline 0.001 -19"><span class='ocrx_word' id='word_1_222' title='bbox 1892 598 2007 651; x_wconf 78' lang='lat' dir='ltr'><strong>suis</strong></span> <span class='ocrx_word' id='word_1_223' title='bbox 2025 616 2145 652; x_wconf 88' lang='lat' dir='ltr'><strong>cum</strong></span> <span class='ocrx_word' id='word_1_224' title='bbox 2173 604 2333 655; x_wconf 85' lang='lat' dir='ltr'><strong>rebus</strong></span> <span class='ocrx_word' id='word_1_225' title='bbox 2354 603 2605 670; x_wconf 81' lang='lat' dir='ltr'><strong>migrant.</strong></span> <span class='ocrx_word' id='word_1_226' title='bbox 2632 600 2984 670; x_wconf 76' lang='lat' dir='ltr'><strong>Posteaquam</strong></span> <span class='ocrx_word' id='word_1_227' title='bbox 3012 602 3076 653; x_wconf 89' lang='lat' dir='ltr'><strong>ad</strong></span> <span class='ocrx_word' id='word_1_228' title='bbox 3102 600 3287 654; x_wconf 85' lang='lat' dir='ltr'><strong>urbem</strong></span> <span class='ocrx_word' id='word_1_229' title='bbox 3306 598 3463 668; x_wconf 60' lang='lat'><strong>325</strong></span> 
     </span>
    </p>
   </div>
   <div class='ocr_carea' id='block_1_34' title="bbox 1895 691 3464 761">
    <p class='ocr_par' dir='ltr' id='par_1_34' title="bbox 1895 691 3464 761">
     <span class='ocr_line' id='line_1_34' title="bbox 1895 691 3464 761; baseline -0.001 -20"><span class='ocrx_word' id='word_1_230' title='bbox 1895 691 2234 746; x_wconf 75' lang='lat' dir='ltr'><strong>Caramauia:</strong></span> <span class='ocrx_word' id='word_1_231' title='bbox 2281 693 2450 761; x_wconf 73' lang='lat' dir='ltr'><strong>bcgns</strong></span> <span class='ocrx_word' id='word_1_232' title='bbox 2504 694 2850 755; x_wconf 83' lang='lat' dir='ltr'><strong>accessisset,</strong></span> <span class='ocrx_word' id='word_1_233' title='bbox 2900 691 3080 746; x_wconf 84' lang='lat' dir='ltr'><strong>lbases</strong></span> <span class='ocrx_word' id='word_1_234' title='bbox 3131 692 3241 746; x_wconf 90' lang='lat' dir='ltr'><strong>arci</strong></span> <span class='ocrx_word' id='word_1_235' title='bbox 3298 699 3464 745; x_wconf 88' lang='lat' dir='ltr'><strong>semet</strong></span> 
     </span>
    </p>
   </div>
   <div class='ocr_carea' id='block_1_35' title="bbox 1896 782 3465 849">
    <p class='ocr_par' dir='ltr' id='par_1_35' title="bbox 1896 782 3465 849">
     <span class='ocr_line' id='line_1_35' title="bbox 1896 782 3465 849; baseline -0.001 -13"><span class='ocrx_word' id='word_1_236' title='bbox 1896 782 2145 838; x_wconf 87' lang='lat' dir='ltr'><strong>includit.</strong></span> <span class='ocrx_word' id='word_1_237' title='bbox 2183 783 2301 849; x_wconf 87' lang='lat' dir='ltr'><strong>Quo</strong></span> <span class='ocrx_word' id='word_1_238' title='bbox 2338 784 2681 839; x_wconf 81' lang='lat' dir='ltr'><strong>Caramantts</strong></span> <span class='ocrx_word' id='word_1_239' title='bbox 2742 784 3144 845; x_wconf 81' lang='lat' dir='ltr'><strong>animadverso,</strong></span> <span class='ocrx_word' id='word_1_240' title='bbox 3193 783 3465 837; x_wconf 81' lang='lat' dir='ltr'><strong>civitatem</strong></span> 
     </span>
    </p>
   </div>
   <div class='ocr_carea' id='block_1_36' title="bbox 1896 876 3459 945">
    <p class='ocr_par' dir='ltr' id='par_1_36' title="bbox 1896 876 3459 945">
     <span class='ocr_line' id='line_1_36' title="bbox 1896 876 3459 945; baseline 0 -16"><span class='ocrx_word' id='word_1_241' title='bbox 1896 876 2019 945; x_wconf 76' lang='lat' dir='ltr'><strong>igne</strong></span> <span class='ocrx_word' id='word_1_242' title='bbox 2046 877 2292 944; x_wconf 87' lang='lat' dir='ltr'><strong>subjecto</strong></span> <span class='ocrx_word' id='word_1_243' title='bbox 2320 878 2709 933; x_wconf 86' lang='lat' dir='ltr'><strong>cmtcremavit.</strong></span> <span class='ocrx_word' id='word_1_244' title='bbox 2760 878 2892 931; x_wconf 82' lang='lat' dir='ltr'><strong>inde</strong></span> <span class='ocrx_word' id='word_1_245' title='bbox 2915 894 3108 932; x_wconf 83' lang='lat' dir='ltr'><strong>versus</strong></span> <span class='ocrx_word' id='word_1_246' title='bbox 3152 892 3332 930; x_wconf 88' lang='lat' dir='ltr'><strong>arcem</strong></span> <span class='ocrx_word' id='word_1_247' title='bbox 3374 893 3459 929; x_wconf 90' lang='lat' dir='ltr'><strong>eu-</strong></span> 
     </span>
    </p>
   </div>
   <div class='ocr_carea' id='block_1_37' title="bbox 1895 968 3465 1039">
    <p class='ocr_par' dir='ltr' id='par_1_37' title="bbox 1895 968 3465 1039">
     <span class='ocr_line' id='line_1_37' title="bbox 1895 968 3465 1039; baseline -0.001 -17"><span class='ocrx_word' id='word_1_248' title='bbox 1895 968 2109 1022; x_wconf 86' lang='lat' dir='ltr'><strong>nicttlos</strong></span> <span class='ocrx_word' id='word_1_249' title='bbox 2166 986 2325 1037; x_wconf 80' lang='lat' dir='ltr'><strong>agere</strong></span> <span class='ocrx_word' id='word_1_250' title='bbox 2361 970 2523 1039; x_wconf 85' lang='lat' dir='ltr'><strong>cepit.</strong></span> <span class='ocrx_word' id='word_1_251' title='bbox 2574 969 2752 1026; x_wconf 88' lang='lat' dir='ltr'><strong>lbases</strong></span> <span class='ocrx_word' id='word_1_252' title='bbox 2811 986 2872 1024; x_wconf 84' lang='lat' dir='ltr'><strong>ex</strong></span> <span class='ocrx_word' id='word_1_253' title='bbox 2934 971 3161 1023; x_wconf 78' lang='lat' dir='ltr'><strong>adverso</strong></span> <span class='ocrx_word' id='word_1_254' title='bbox 3198 968 3465 1023; x_wconf 87' lang='lat' dir='ltr'><strong>cuniculis</strong></span> 
     </span>
    </p>
   </div>
   <div class='ocr_carea' id='block_1_38' title="bbox 1893 1058 3513 1131">
    <p class='ocr_par' dir='ltr' id='par_1_38' title="bbox 1893 1058 3513 1131">
     <span class='ocr_line' id='line_1_38' title="bbox 1893 1058 3513 1131; baseline -0.003 -17"><span class='ocrx_word' id='word_1_255' title='bbox 1893 1061 2009 1114; x_wconf 87' lang='lat' dir='ltr'><strong>suis</strong></span> <span class='ocrx_word' id='word_1_256' title='bbox 2037 1060 2100 1114; x_wconf 88' lang='lat' dir='ltr'><strong>ad</strong></span> <span class='ocrx_word' id='word_1_257' title='bbox 2139 1062 2374 1115; x_wconf 89' lang='lat' dir='ltr'><strong>hostium</strong></span> <span class='ocrx_word' id='word_1_258' title='bbox 2440 1062 2722 1115; x_wconf 87' lang='lat' dir='ltr'><strong>cuniculos</strong></span> <span class='ocrx_word' id='word_1_259' title='bbox 2781 1061 3081 1131; x_wconf 81' lang='lat' dir='ltr'><strong>perductis.</strong></span> <span class='ocrx_word' id='word_1_260' title='bbox 3137 1070 3188 1113; x_wconf 83' lang='lat' dir='ltr'><strong>et</strong></span> <span class='ocrx_word' id='word_1_261' title='bbox 3240 1074 3378 1127; x_wconf 87' lang='lat' dir='ltr'><strong>aqua</strong></span> <span class='ocrx_word' id='word_1_262' title='bbox 3413 1058 3465 1110; x_wconf 90' lang='lat' dir='ltr'><strong>itt</strong></span> <span class='ocrx_word' id='word_1_263' title='bbox 3510 1062 3513 1069; x_wconf 91' lang='lat'>&#39;</span> 
     </span>
    </p>
   </div>
   <div class='ocr_carea' id='block_1_39' title="bbox 1894 1151 3467 1220">
    <p class='ocr_par' dir='ltr' id='par_1_39' title="bbox 1894 1151 3467 1220">
     <span class='ocr_line' id='line_1_39' title="bbox 1894 1151 3467 1220; baseline -0.001 -15"><span class='ocrx_word' id='word_1_264' title='bbox 1894 1168 1989 1205; x_wconf 85' lang='lat' dir='ltr'><strong>eos</strong></span> <span class='ocrx_word' id='word_1_265' title='bbox 2018 1151 2280 1212; x_wconf 82' lang='lat' dir='ltr'><strong>derivata,</strong></span> <span class='ocrx_word' id='word_1_266' title='bbox 2310 1152 2597 1207; x_wconf 83' lang='lat' dir='ltr'><strong>Carantani</strong></span> <span class='ocrx_word' id='word_1_267' title='bbox 2633 1151 2871 1207; x_wconf 78' lang='lat' dir='ltr'><strong>fossores</strong></span> <span class='ocrx_word' id='word_1_268' title='bbox 2919 1153 3076 1220; x_wconf 83' lang='lat' dir='ltr'><strong>aquis</strong></span> <span class='ocrx_word' id='word_1_269' title='bbox 3110 1151 3338 1205; x_wconf 74' lang='lat' dir='ltr'><strong>obrutus</strong></span> <span class='ocrx_word' id='word_1_270' title='bbox 3370 1167 3467 1203; x_wconf 83' lang='lat' dir='ltr'><strong>ev-</strong></span> 
     </span>
    </p>
   </div>
   <div class='ocr_carea' id='block_1_40' title="bbox 1896 1244 3467 1306">
    <p class='ocr_par' dir='ltr' id='par_1_40' title="bbox 1896 1244 3467 1306">
     <span class='ocr_line' id='line_1_40' title="bbox 1896 1244 3467 1306; baseline -0.003 -7"><span class='ocrx_word' id='word_1_271' title='bbox 1896 1244 2102 1299; x_wconf 83' lang='lat' dir='ltr'><strong>stiuxit.</strong></span> <span class='ocrx_word' id='word_1_272' title='bbox 2133 1245 2351 1299; x_wconf 83' lang='lat' dir='ltr'><strong>Interim</strong></span> <span class='ocrx_word' id='word_1_273' title='bbox 2377 1261 2504 1299; x_wconf 81' lang='lat' dir='ltr'><strong>vero</strong></span> <span class='ocrx_word' id='word_1_274' title='bbox 2538 1246 2662 1297; x_wconf 91' lang='lat' dir='ltr'><strong>dttnt</strong></span> <span class='ocrx_word' id='word_1_275' title='bbox 2696 1245 2760 1297; x_wconf 91' lang='lat' dir='ltr'><strong>ad</strong></span> <span class='ocrx_word' id='word_1_276' title='bbox 2823 1246 3048 1299; x_wconf 80' lang='lat' dir='ltr'><strong>Prusam</strong></span> <span class='ocrx_word' id='word_1_277' title='bbox 3098 1259 3182 1296; x_wconf 93' lang='lat' dir='ltr'><strong>res</strong></span> <span class='ocrx_word' id='word_1_278' title='bbox 3216 1244 3467 1306; x_wconf 79' lang='lat' dir='ltr'><strong>utrinque</strong></span> 
     </span>
    </p>
   </div>
   <div class='ocr_carea' id='block_1_41' title="bbox 1895 1333 3464 1402">
    <p class='ocr_par' dir='ltr' id='par_1_41' title="bbox 1895 1333 3464 1402">
     <span class='ocr_line' id='line_1_41' title="bbox 1895 1333 3464 1402; baseline 0 -15"><span class='ocrx_word' id='word_1_279' title='bbox 1895 1333 2101 1401; x_wconf 72' lang='lat' dir='ltr'><strong>geritur</strong></span> <span class='ocrx_word' id='word_1_280' title='bbox 2128 1336 2349 1398; x_wconf 89' lang='lat' dir='ltr'><strong>acriter,</strong></span> <span class='ocrx_word' id='word_1_281' title='bbox 2381 1347 2435 1389; x_wconf 89' lang='lat' dir='ltr'><strong>et</strong></span> <span class='ocrx_word' id='word_1_282' title='bbox 2491 1340 2623 1391; x_wconf 82' lang='lat' dir='ltr'><strong>citra</strong></span> <span class='ocrx_word' id='word_1_283' title='bbox 2671 1336 3134 1391; x_wconf 86' lang='lat' dir='ltr'><strong>intermissionem</strong></span> <span class='ocrx_word' id='word_1_284' title='bbox 3164 1378 3178 1401; x_wconf 94' lang='lat'><strong>,</strong></span> <span class='ocrx_word' id='word_1_285' title='bbox 3224 1335 3464 1402; x_wconf 82' lang='lat' dir='ltr'><strong>inopina-</strong></span> 
     </span>
    </p>
   </div>
   <div class='ocr_carea' id='block_1_42' title="bbox 1893 1428 3466 1499">
    <p class='ocr_par' dir='ltr' id='par_1_42' title="bbox 1893 1428 3466 1499">
     <span class='ocr_line' id='line_1_42' title="bbox 1893 1428 3466 1499; baseline -0.001 -17"><span class='ocrx_word' id='word_1_286' title='bbox 1893 1436 1949 1482; x_wconf 89' lang='lat' dir='ltr'><strong>to</strong></span> <span class='ocrx_word' id='word_1_287' title='bbox 2006 1428 2169 1483; x_wconf 66' lang='lat' dir='ltr'><strong>Musa:</strong></span> <span class='ocrx_word' id='word_1_288' title='bbox 2221 1430 2449 1483; x_wconf 83' lang='lat' dir='ltr'><strong>cadaver</strong></span> <span class='ocrx_word' id='word_1_289' title='bbox 2478 1447 2543 1485; x_wconf 91' lang='lat' dir='ltr'><strong>eo</strong></span> <span class='ocrx_word' id='word_1_290' title='bbox 2602 1431 2969 1499; x_wconf 87' lang='lat' dir='ltr'><strong>deportatum,</strong></span> <span class='ocrx_word' id='word_1_291' title='bbox 3031 1444 3198 1497; x_wconf 90' lang='lat' dir='ltr'><strong>prope</strong></span> <span class='ocrx_word' id='word_1_292' title='bbox 3227 1430 3466 1483; x_wconf 70' lang='lat' dir='ltr'><strong>thermas</strong></span> 
     </span>
    </p>
   </div>
   <div class='ocr_carea' id='block_1_43' title="bbox 1894 1523 3467 1592">
    <p class='ocr_par' dir='ltr' id='par_1_43' title="bbox 1894 1523 3467 1592">
     <span class='ocr_line' id='line_1_43' title="bbox 1894 1523 3467 1592; baseline 0.001 -18"><span class='ocrx_word' id='word_1_293' title='bbox 1894 1533 2248 1578; x_wconf 91' lang='lat' dir='ltr'><strong>monumento</strong></span> <span class='ocrx_word' id='word_1_294' title='bbox 2285 1537 2509 1592; x_wconf 90' lang='lat' dir='ltr'><strong>paterno</strong></span> <span class='ocrx_word' id='word_1_295' title='bbox 2557 1525 2803 1579; x_wconf 81' lang='lat' dir='ltr'><strong>infertur.</strong></span> <span class='ocrx_word' id='word_1_296' title='bbox 2870 1524 2921 1577; x_wconf 89' lang='lat' dir='ltr'><strong>ld</strong></span> <span class='ocrx_word' id='word_1_297' title='bbox 2978 1523 3066 1577; x_wconf 90' lang='lat' dir='ltr'><strong>ubi</strong></span> <span class='ocrx_word' id='word_1_298' title='bbox 3124 1524 3467 1577; x_wconf 83' lang='lat' dir='ltr'><strong>Cat-amantis</strong></span> 
     </span>
    </p>
   </div>
   <div class='ocr_carea' id='block_1_44' title="bbox 1892 1614 3468 1687">
    <p class='ocr_par' dir='ltr' id='par_1_44' title="bbox 1892 1614 3468 1687">
     <span class='ocr_line' id='line_1_44' title="bbox 1892 1614 3468 1687; baseline -0.001 -19"><span class='ocrx_word' id='word_1_299' title='bbox 1892 1614 2008 1669; x_wconf 85' lang='lat' dir='ltr'><strong>fieri</strong></span> <span class='ocrx_word' id='word_1_300' title='bbox 2041 1615 2191 1679; x_wconf 88' lang='lat' dir='ltr'><strong>vidit,</strong></span> <span class='ocrx_word' id='word_1_301' title='bbox 2246 1616 2534 1670; x_wconf 87' lang='lat' dir='ltr'><strong>confestim</strong></span> <span class='ocrx_word' id='word_1_302' title='bbox 2583 1618 2745 1671; x_wconf 88' lang='lat' dir='ltr'><strong>motis</strong></span> <span class='ocrx_word' id='word_1_303' title='bbox 2774 1619 2991 1682; x_wconf 86' lang='lat' dir='ltr'><strong>castris,</strong></span> <span class='ocrx_word' id='word_1_304' title='bbox 3029 1633 3186 1672; x_wconf 90' lang='lat' dir='ltr'><strong>suam</strong></span> <span class='ocrx_word' id='word_1_305' title='bbox 3256 1619 3306 1671; x_wconf 92' lang='lat' dir='ltr'><strong>in</strong></span> <span class='ocrx_word' id='word_1_306' title='bbox 3344 1633 3468 1687; x_wconf 82' lang='lat' dir='ltr'><strong>pru-</strong></span> 
     </span>
    </p>
   </div>
   <div class='ocr_carea' id='block_1_45' title="bbox 1892 1708 2736 1766">
    <p class='ocr_par' dir='ltr' id='par_1_45' title="bbox 1892 1708 2736 1766">
     <span class='ocr_line' id='line_1_45' title="bbox 1892 1708 2736 1766; baseline 0.005 -5"><span class='ocrx_word' id='word_1_307' title='bbox 1892 1708 2125 1763; x_wconf 79' lang='lat' dir='ltr'><strong>vincizttn</strong></span> <span class='ocrx_word' id='word_1_308' title='bbox 2150 1711 2453 1766; x_wconf 88' lang='lat' dir='ltr'><strong>exercitum</strong></span> <span class='ocrx_word' id='word_1_309' title='bbox 2490 1711 2736 1766; x_wconf 73' lang='lat' dir='ltr'><strong>abduxit.</strong></span> 
     </span>
    </p>
   </div>
   <div class='ocr_carea' id='block_1_46' title="bbox 1962 1801 3467 1873">
    <p class='ocr_par' dir='ltr' id='par_1_46' title="bbox 1962 1801 3467 1873">
     <span class='ocr_line' id='line_1_46' title="bbox 1962 1801 3467 1873; baseline 0.003 -17"><span class='ocrx_word' id='word_1_310' title='bbox 1962 1801 2268 1857; x_wconf 89' lang='lat' dir='ltr'><strong>Secundem</strong></span> <span class='ocrx_word' id='word_1_311' title='bbox 2327 1804 2439 1858; x_wconf 77' lang='lat' dir='ltr'><strong>bzec</strong></span> <span class='ocrx_word' id='word_1_312' title='bbox 2490 1804 2765 1873; x_wconf 86' lang='lat' dir='ltr'><strong>profectus</strong></span> <span class='ocrx_word' id='word_1_313' title='bbox 2813 1820 2843 1859; x_wconf 90' lang='lat' dir='ltr'><strong>e</strong></span> <span class='ocrx_word' id='word_1_314' title='bbox 2892 1803 3155 1860; x_wconf 82' lang='lat' dir='ltr'><strong>Romania</strong></span> <span class='ocrx_word' id='word_1_315' title='bbox 3216 1809 3467 1861; x_wconf 83' lang='lat' dir='ltr'><strong>sttltantts</strong></span> 
     </span>
    </p>
   </div>
   <div class='ocr_carea' id='block_1_47' title="bbox 1891 1894 3466 1963">
    <p class='ocr_par' dir='ltr' id='par_1_47' title="bbox 1891 1894 3466 1963">
     <span class='ocr_line' id='line_1_47' title="bbox 1891 1894 3466 1963; baseline 0 -14"><span class='ocrx_word' id='word_1_316' title='bbox 1891 1894 2276 1958; x_wconf 82' lang='lat' dir='ltr'><strong>Muchemetes,</strong></span> <span class='ocrx_word' id='word_1_317' title='bbox 2320 1897 2643 1951; x_wconf 89' lang='lat' dir='ltr'><strong>transmisso</strong></span> <span class='ocrx_word' id='word_1_318' title='bbox 2702 1897 2857 1963; x_wconf 89' lang='lat' dir='ltr'><strong>freto,</strong></span> <span class='ocrx_word' id='word_1_319' title='bbox 2890 1897 3113 1953; x_wconf 88' lang='lat' dir='ltr'><strong>Prttsam</strong></span> <span class='ocrx_word' id='word_1_320' title='bbox 3160 1901 3312 1962; x_wconf 87' lang='lat' dir='ltr'><strong>adiit,</strong></span> <span class='ocrx_word' id='word_1_321' title='bbox 3366 1900 3466 1953; x_wconf 62' lang='lat' dir='ltr'><strong>itti-</strong></span> 
     </span>
    </p>
   </div>
   <div class='ocr_carea' id='block_1_48' title="bbox 1883 1988 3461 2062">
    <p class='ocr_par' dir='ltr' id='par_1_48' title="bbox 1883 1988 3461 2062">
     <span class='ocr_line' id='line_1_48' title="bbox 1883 1988 3461 2062; baseline 0.004 -22"><span class='ocrx_word' id='word_1_322' title='bbox 1883 2002 1989 2057; x_wconf 91' lang='lat' dir='ltr'><strong>que</strong></span> <span class='ocrx_word' id='word_1_323' title='bbox 2040 1988 2339 2056; x_wconf 84' lang='lat' dir='ltr'><strong>majoribus</strong></span> <span class='ocrx_word' id='word_1_324' title='bbox 2390 1993 2594 2045; x_wconf 89' lang='lat' dir='ltr'><strong>coactis</strong></span> <span class='ocrx_word' id='word_1_325' title='bbox 2649 1991 2842 2058; x_wconf 77' lang='lat' dir='ltr'><strong>copiis,</strong></span> <span class='ocrx_word' id='word_1_326' title='bbox 2904 2002 2957 2046; x_wconf 89' lang='lat' dir='ltr'><strong>et</strong></span> <span class='ocrx_word' id='word_1_327' title='bbox 3022 1992 3294 2062; x_wconf 82' lang='lat' dir='ltr'><strong>adjunetis</strong></span> <span class='ocrx_word' id='word_1_328' title='bbox 3360 1991 3461 2047; x_wconf 82' lang='lat' dir='ltr'><strong>sibi</strong></span> 
     </span>
    </p>
   </div>
   <div class='ocr_carea' id='block_1_49' title="bbox 1882 2079 3465 2155">
    <p class='ocr_par' dir='ltr' id='par_1_49' title="bbox 1882 2079 3465 2155">
     <span class='ocr_line' id='line_1_49' title="bbox 1882 2079 3465 2155; baseline 0.002 -22"><span class='ocrx_word' id='word_1_329' title='bbox 1882 2079 2171 2135; x_wconf 87' lang='lat' dir='ltr'><strong>dttohusin</strong></span> <span class='ocrx_word' id='word_1_330' title='bbox 2200 2081 2320 2137; x_wconf 88' lang='lat' dir='ltr'><strong>belli</strong></span> <span class='ocrx_word' id='word_1_331' title='bbox 2360 2084 2672 2140; x_wconf 87' lang='lat' dir='ltr'><strong>societatem</strong></span> <span class='ocrx_word' id='word_1_332' title='bbox 2734 2086 3086 2155; x_wconf 84' lang='lat' dir='ltr'><strong>principibus,</strong></span> <span class='ocrx_word' id='word_1_333' title='bbox 3152 2086 3465 2141; x_wconf 83' lang='lat' dir='ltr'><strong>lsvendiare</strong></span> 
     </span>
    </p>
   </div>
   <div class='ocr_carea' id='block_1_50' title="bbox 1884 2173 3462 2245">
    <p class='ocr_par' dir='ltr' id='par_1_50' title="bbox 1884 2173 3462 2245">
     <span class='ocr_line' id='line_1_50' title="bbox 1884 2173 3462 2245; baseline 0.004 -20"><span class='ocrx_word' id='word_1_334' title='bbox 1884 2174 2156 2239; x_wconf 77' lang='lat' dir='ltr'><strong>videlicet,</strong></span> <span class='ocrx_word' id='word_1_335' title='bbox 2186 2190 2250 2230; x_wconf 88' lang='lat' dir='ltr'><strong>ac</strong></span> <span class='ocrx_word' id='word_1_336' title='bbox 2287 2173 2561 2231; x_wconf 84' lang='lat' dir='ltr'><strong>Germiani</strong></span> <span class='ocrx_word' id='word_1_337' title='bbox 2593 2177 2851 2245; x_wconf 90' lang='lat' dir='ltr'><strong>domino;</strong></span> <span class='ocrx_word' id='word_1_338' title='bbox 2901 2194 3024 2233; x_wconf 90' lang='lat' dir='ltr'><strong>cum</strong></span> <span class='ocrx_word' id='word_1_339' title='bbox 3066 2179 3145 2234; x_wconf 90' lang='lat' dir='ltr'><strong>eis</strong></span> <span class='ocrx_word' id='word_1_340' title='bbox 3198 2178 3462 2233; x_wconf 87' lang='lat' dir='ltr'><strong>adversus</strong></span> 
     </span>
    </p>
   </div>
   <div class='ocr_carea' id='block_1_51' title="bbox 1883 2266 3462 2341">
    <p class='ocr_par' dir='ltr' id='par_1_51' title="bbox 1883 2266 3462 2341">
     <span class='ocr_line' id='line_1_51' title="bbox 1883 2266 3462 2341; baseline 0.002 -20"><span class='ocrx_word' id='word_1_341' title='bbox 1883 2266 2249 2323; x_wconf 88' lang='lat' dir='ltr'><strong>Caramauttm</strong></span> <span class='ocrx_word' id='word_1_342' title='bbox 2336 2270 2737 2340; x_wconf 80' lang='lat' dir='ltr'><strong>expeditionem</strong></span> <span class='ocrx_word' id='word_1_343' title='bbox 2822 2273 3091 2339; x_wconf 81' lang='lat' dir='ltr'><strong>suscepit.</strong></span> <span class='ocrx_word' id='word_1_344' title='bbox 3181 2271 3462 2341; x_wconf 77' lang='lat' dir='ltr'><strong>Ingressus</strong></span> 
     </span>
    </p>
   </div>
   <div class='ocr_carea' id='block_1_52' title="bbox 1883 2362 3460 2433">
    <p class='ocr_par' dir='ltr' id='par_1_52' title="bbox 1883 2362 3460 2433">
     <span class='ocr_line' id='line_1_52' title="bbox 1883 2362 3460 2433; baseline -0.001 -17"><span class='ocrx_word' id='word_1_345' title='bbox 1883 2371 2062 2418; x_wconf 90' lang='lat' dir='ltr'><strong>autem</strong></span> <span class='ocrx_word' id='word_1_346' title='bbox 2089 2362 2380 2417; x_wconf 82' lang='lat' dir='ltr'><strong>Caramani</strong></span> <span class='ocrx_word' id='word_1_347' title='bbox 2402 2363 2691 2427; x_wconf 89' lang='lat' dir='ltr'><strong>ditionem,</strong></span> <span class='ocrx_word' id='word_1_348' title='bbox 2719 2380 2840 2418; x_wconf 79' lang='lat' dir='ltr'><strong>mox</strong></span> <span class='ocrx_word' id='word_1_349' title='bbox 2872 2365 3133 2433; x_wconf 86' lang='lat' dir='ltr'><strong>oppidum</strong></span> <span class='ocrx_word' id='word_1_350' title='bbox 3161 2363 3460 2418; x_wconf 77' lang='lat' dir='ltr'><strong>Varsnennt</strong></span> 
     </span>
    </p>
   </div>
   <div class='ocr_carea' id='block_1_53' title="bbox 1883 2453 3463 2526">
    <p class='ocr_par' dir='ltr' id='par_1_53' title="bbox 1883 2453 3463 2526">
     <span class='ocr_line' id='line_1_53' title="bbox 1883 2453 3463 2526; baseline -0.001 -16"><span class='ocrx_word' id='word_1_351' title='bbox 1883 2454 2117 2524; x_wconf 73' lang='lat' dir='ltr'><strong>ettbegit,</strong></span> <span class='ocrx_word' id='word_1_352' title='bbox 2148 2453 2344 2510; x_wconf 88' lang='lat' dir='ltr'><strong>incolis</strong></span> <span class='ocrx_word' id='word_1_353' title='bbox 2396 2455 2602 2526; x_wconf 89' lang='lat' dir='ltr'><strong>absque</strong></span> <span class='ocrx_word' id='word_1_354' title='bbox 2648 2472 2798 2511; x_wconf 87' lang='lat' dir='ltr'><strong>mura</strong></span> <span class='ocrx_word' id='word_1_355' title='bbox 2854 2458 3178 2512; x_wconf 84' lang='lat' dir='ltr'><strong>deditionem</strong></span> <span class='ocrx_word' id='word_1_356' title='bbox 3212 2457 3463 2512; x_wconf 82' lang='lat' dir='ltr'><strong>facienti-</strong></span> 
     </span>
    </p>
   </div>
   <div class='ocr_carea' id='block_1_54' title="bbox 1882 2545 3461 2614">
    <p class='ocr_par' dir='ltr' id='par_1_54' title="bbox 1882 2545 3461 2614">
     <span class='ocr_line' id='line_1_54' title="bbox 1882 2545 3461 2614; baseline 0 -11"><span class='ocrx_word' id='word_1_357' title='bbox 1882 2548 2006 2603; x_wconf 87' lang='lat' dir='ltr'><strong>bus.</strong></span> <span class='ocrx_word' id='word_1_358' title='bbox 2038 2545 2169 2602; x_wconf 89' lang='lat' dir='ltr'><strong>lnde</strong></span> <span class='ocrx_word' id='word_1_359' title='bbox 2190 2545 2413 2603; x_wconf 82' lang='lat' dir='ltr'><strong>Couiam</strong></span> <span class='ocrx_word' id='word_1_360' title='bbox 2434 2564 2558 2602; x_wconf 92' lang='lat' dir='ltr'><strong>cum</strong></span> <span class='ocrx_word' id='word_1_361' title='bbox 2590 2551 2831 2603; x_wconf 85' lang='lat' dir='ltr'><strong>exercitu</strong></span> <span class='ocrx_word' id='word_1_362' title='bbox 2860 2551 3162 2614; x_wconf 87' lang='lat' dir='ltr'><strong>contendit,</strong></span> <span class='ocrx_word' id='word_1_363' title='bbox 3221 2551 3310 2604; x_wconf 92' lang='lat' dir='ltr'><strong>ubi</strong></span> <span class='ocrx_word' id='word_1_364' title='bbox 3337 2567 3461 2605; x_wconf 86' lang='lat' dir='ltr'><strong>cunt</strong></span> 
     </span>
    </p>
   </div>
   <div class='ocr_carea' id='block_1_55' title="bbox 1882 2644 3458 2716">
    <p class='ocr_par' dir='ltr' id='par_1_55' title="bbox 1882 2644 3458 2716">
     <span class='ocr_line' id='line_1_55' title="bbox 1882 2644 3458 2716; baseline 0 -18"><span class='ocrx_word' id='word_1_365' title='bbox 1882 2644 2139 2715; x_wconf 85' lang='lat' dir='ltr'><strong>princeps</strong></span> <span class='ocrx_word' id='word_1_366' title='bbox 2205 2645 2359 2701; x_wconf 88' lang='lat' dir='ltr'><strong>urbis</strong></span> <span class='ocrx_word' id='word_1_367' title='bbox 2409 2647 2459 2700; x_wconf 92' lang='lat' dir='ltr'><strong>ei</strong></span> <span class='ocrx_word' id='word_1_368' title='bbox 2514 2648 2629 2701; x_wconf 88' lang='lat' dir='ltr'><strong>suis</strong></span> <span class='ocrx_word' id='word_1_369' title='bbox 2692 2661 2815 2701; x_wconf 90' lang='lat' dir='ltr'><strong>cum</strong></span> <span class='ocrx_word' id='word_1_370' title='bbox 2873 2648 3049 2716; x_wconf 81' lang='lat' dir='ltr'><strong>capiis</strong></span> <span class='ocrx_word' id='word_1_371' title='bbox 3097 2656 3458 2711; x_wconf 75' lang='lat' dir='ltr'><strong>occurreret,</strong></span> 
     </span>
    </p>
   </div>
   <div class='ocr_carea' id='block_1_56' title="bbox 1886 2736 3458 2809">
    <p class='ocr_par' dir='ltr' id='par_1_56' title="bbox 1886 2736 3458 2809">
     <span class='ocr_line' id='line_1_56' title="bbox 1886 2736 3458 2809; baseline 0.001 -20"><span class='ocrx_word' id='word_1_372' title='bbox 1886 2736 2143 2807; x_wconf 62' lang='lat' dir='ltr'><strong>pralium</strong></span> <span class='ocrx_word' id='word_1_373' title='bbox 2175 2741 2316 2793; x_wconf 91' lang='lat' dir='ltr'><strong>inter</strong></span> <span class='ocrx_word' id='word_1_374' title='bbox 2344 2753 2402 2793; x_wconf 89' lang='lat' dir='ltr'><strong>se</strong></span> <span class='ocrx_word' id='word_1_375' title='bbox 2456 2740 2873 2806; x_wconf 83' lang='lat' dir='ltr'><strong>commiserunt,</strong></span> <span class='ocrx_word' id='word_1_376' title='bbox 2913 2756 3022 2809; x_wconf 84' lang='lat' dir='ltr'><strong>quo</strong></span> <span class='ocrx_word' id='word_1_377' title='bbox 3064 2741 3310 2794; x_wconf 73' lang='lat' dir='ltr'><strong>sultanus</strong></span> <span class='ocrx_word' id='word_1_378' title='bbox 3341 2739 3458 2792; x_wconf 81' lang='lat' dir='ltr'><strong>Mtt-</strong></span> 
     </span>
    </p>
   </div>
   <div class='ocr_carea' id='block_1_57' title="bbox 1887 2831 3463 2903">
    <p class='ocr_par' dir='ltr' id='par_1_57' title="bbox 1887 2831 3463 2903">
     <span class='ocr_line' id='line_1_57' title="bbox 1887 2831 3463 2903; baseline -0.001 -16"><span class='ocrx_word' id='word_1_379' title='bbox 1887 2832 2162 2888; x_wconf 89' lang='lat' dir='ltr'><strong>ebemetes</strong></span> <span class='ocrx_word' id='word_1_380' title='bbox 2194 2833 2444 2903; x_wconf 88' lang='lat' dir='ltr'><strong>superior</strong></span> <span class='ocrx_word' id='word_1_381' title='bbox 2474 2831 2593 2898; x_wconf 91' lang='lat' dir='ltr'><strong>fuit,</strong></span> <span class='ocrx_word' id='word_1_382' title='bbox 2640 2843 2692 2887; x_wconf 86' lang='lat' dir='ltr'><strong>ct</strong></span> <span class='ocrx_word' id='word_1_383' title='bbox 2739 2833 3081 2890; x_wconf 83' lang='lat' dir='ltr'><strong>Caratnanus</strong></span> <span class='ocrx_word' id='word_1_384' title='bbox 3112 2851 3236 2887; x_wconf 89' lang='lat' dir='ltr'><strong>cum</strong></span> <span class='ocrx_word' id='word_1_385' title='bbox 3268 2851 3463 2901; x_wconf 83' lang='lat' dir='ltr'><strong>supre-</strong></span> 
     </span>
    </p>
   </div>
   <div class='ocr_carea' id='block_1_58' title="bbox 1887 2924 3460 2997">
    <p class='ocr_par' dir='ltr' id='par_1_58' title="bbox 1887 2924 3460 2997">
     <span class='ocr_line' id='line_1_58' title="bbox 1887 2924 3460 2997; baseline 0.002 -19"><span class='ocrx_word' id='word_1_386' title='bbox 1887 2939 1973 2979; x_wconf 91' lang='lat' dir='ltr'><strong>mo</strong></span> <span class='ocrx_word' id='word_1_387' title='bbox 2002 2924 2283 2993; x_wconf 88' lang='lat' dir='ltr'><strong>copiarum</strong></span> <span class='ocrx_word' id='word_1_388' title='bbox 2315 2940 2541 2981; x_wconf 90' lang='lat' dir='ltr'><strong>suarum</strong></span> <span class='ocrx_word' id='word_1_389' title='bbox 2581 2926 2738 2988; x_wconf 87' lang='lat' dir='ltr'><strong>duce,</strong></span> <span class='ocrx_word' id='word_1_390' title='bbox 2797 2926 3012 2981; x_wconf 72' lang='lat' dir='ltr'><strong>Zeltttco</strong></span> <span class='ocrx_word' id='word_1_391' title='bbox 3056 2927 3365 2997; x_wconf 76' lang='lat' dir='ltr'><strong>Mttslapba,</strong></span> <span class='ocrx_word' id='word_1_392' title='bbox 3410 2930 3460 2981; x_wconf 90' lang='lat' dir='ltr'><strong>itt</strong></span> 
     </span>
    </p>
   </div>
   <div class='ocr_carea' id='block_1_59' title="bbox 1887 3016 3462 3090">
    <p class='ocr_par' dir='ltr' id='par_1_59' title="bbox 1887 3016 3462 3090">
     <span class='ocr_line' id='line_1_59' title="bbox 1887 3016 3462 3090; baseline 0.003 -21"><span class='ocrx_word' id='word_1_393' title='bbox 1887 3016 2121 3071; x_wconf 86' lang='lat' dir='ltr'><strong>hostium</strong></span> <span class='ocrx_word' id='word_1_394' title='bbox 2174 3026 2495 3086; x_wconf 82' lang='lat' dir='ltr'><strong>potestatem</strong></span> <span class='ocrx_word' id='word_1_395' title='bbox 2554 3021 2717 3073; x_wconf 80' lang='lat' dir='ltr'><strong>venit.</strong></span> <span class='ocrx_word' id='word_1_396' title='bbox 2793 3020 2973 3074; x_wconf 86' lang='lat' dir='ltr'><strong>Multis</strong></span> <span class='ocrx_word' id='word_1_397' title='bbox 3026 3020 3173 3074; x_wconf 89' lang='lat' dir='ltr'><strong>ultro</strong></span> <span class='ocrx_word' id='word_1_398' title='bbox 3219 3022 3462 3090; x_wconf 87' lang='lat' dir='ltr'><strong>citroque</strong></span> 
     </span>
    </p>
   </div>
   <div class='ocr_carea' id='block_1_60' title="bbox 1885 3107 3463 3180">
    <p class='ocr_par' dir='ltr' id='par_1_60' title="bbox 1885 3107 3463 3180">
     <span class='ocr_line' id='line_1_60' title="bbox 1885 3107 3463 3180; baseline 0.003 -19"><span class='ocrx_word' id='word_1_399' title='bbox 1885 3107 2174 3177; x_wconf 87' lang='lat' dir='ltr'><strong>colloquiis</strong></span> <span class='ocrx_word' id='word_1_400' title='bbox 2212 3108 2434 3176; x_wconf 86' lang='lat' dir='ltr'><strong>habitis,</strong></span> <span class='ocrx_word' id='word_1_401' title='bbox 2482 3110 2700 3166; x_wconf 89' lang='lat' dir='ltr'><strong>tandem</strong></span> <span class='ocrx_word' id='word_1_402' title='bbox 2752 3114 3114 3180; x_wconf 82' lang='lat' dir='ltr'><strong>compositum</strong></span> <span class='ocrx_word' id='word_1_403' title='bbox 3155 3114 3253 3166; x_wconf 80' lang='lat' dir='ltr'><strong>fuit</strong></span> <span class='ocrx_word' id='word_1_404' title='bbox 3301 3114 3463 3166; x_wconf 77' lang='lat' dir='ltr'><strong>(lissi-</strong></span> 
     </span>
    </p>
   </div>
   <div class='ocr_carea' id='block_1_61' title="bbox 1886 3201 3460 3275">
    <p class='ocr_par' dir='ltr' id='par_1_61' title="bbox 1886 3201 3460 3275">
     <span class='ocr_line' id='line_1_61' title="bbox 1886 3201 3460 3275; baseline 0.003 -20"><span class='ocrx_word' id='word_1_405' title='bbox 1886 3201 2062 3268; x_wconf 84' lang='lat' dir='ltr'><strong>dium,</strong></span> <span class='ocrx_word' id='word_1_406' title='bbox 2095 3212 2147 3257; x_wconf 92' lang='lat' dir='ltr'><strong>et</strong></span> <span class='ocrx_word' id='word_1_407' title='bbox 2178 3214 2364 3259; x_wconf 90' lang='lat' dir='ltr'><strong>mutua</strong></span> <span class='ocrx_word' id='word_1_408' title='bbox 2395 3205 2747 3259; x_wconf 86' lang='lat' dir='ltr'><strong>reconciliata</strong></span> <span class='ocrx_word' id='word_1_409' title='bbox 2777 3217 2981 3275; x_wconf 79' lang='lat' dir='ltr'><strong>gratia:</strong></span> <span class='ocrx_word' id='word_1_410' title='bbox 3038 3208 3128 3260; x_wconf 87' lang='lat' dir='ltr'><strong>sed</strong></span> <span class='ocrx_word' id='word_1_411' title='bbox 3155 3209 3221 3260; x_wconf 88' lang='lat' dir='ltr'><strong>ita</strong></span> <span class='ocrx_word' id='word_1_412' title='bbox 3258 3217 3460 3269; x_wconf 82' lang='lat' dir='ltr'><strong>tamen,</strong></span> 
     </span>
    </p>
   </div>
   <div class='ocr_carea' id='block_1_62' title="bbox 200 3285 3464 3370">
    <p class='ocr_par' dir='ltr' id='par_1_62' title="bbox 200 3285 3464 3370">
     <span class='ocr_line' id='line_1_62' title="bbox 200 3285 3464 3370; baseline 0.002 -25"><span class='ocrx_word' id='word_1_413' title='bbox 200 3292 437 3354; x_wconf 85' lang='lat' dir='ltr'><strong>domini,</strong></span> <span class='ocrx_word' id='word_1_414' title='bbox 466 3292 543 3348; x_wconf 91' lang='lat' dir='ltr'><strong>sic</strong></span> <span class='ocrx_word' id='word_1_415' title='bbox 571 3292 721 3348; x_wconf 90' lang='lat' dir='ltr'><strong>humi</strong></span> <span class='ocrx_word' id='word_1_416' title='bbox 754 3303 1045 3363; x_wconf 82' lang='lat' dir='ltr'><strong>prostrato,</strong></span> <span class='ocrx_word' id='word_1_417' title='bbox 1101 3297 1351 3351; x_wconf 86' lang='lat' dir='ltr'><strong>tendines</strong></span> <span class='ocrx_word' id='word_1_418' title='bbox 1402 3296 1613 3361; x_wconf 90' lang='lat' dir='ltr'><strong>incidit,</strong></span> <span class='ocrx_word' id='word_1_419' title='bbox 1648 3312 1775 3367; x_wconf 82' lang='lat' dir='ltr'><strong>eap-</strong></span> <span class='ocrx_word' id='word_1_420' title='bbox 1802 3285 1848 3349; x_wconf 67' lang='grc' dir='ltr'><strong>(Ξ</strong></span> <span class='ocrx_word' id='word_1_421' title='bbox 1881 3305 1940 3349; x_wconf 87' lang='grc' dir='ltr'><strong>ιιι</strong></span> <span class='ocrx_word' id='word_1_422' title='bbox 1963 3294 2300 3351; x_wconf 88' lang='lat' dir='ltr'><strong>Carantanus</strong></span> <span class='ocrx_word' id='word_1_423' title='bbox 2329 3297 2544 3353; x_wconf 89' lang='lat' dir='ltr'><strong>sultano</strong></span> <span class='ocrx_word' id='word_1_424' title='bbox 2584 3297 2906 3353; x_wconf 67' lang='lat' dir='ltr'><strong>Slttcltemeti</strong></span> <span class='ocrx_word' id='word_1_425' title='bbox 2938 3300 3109 3354; x_wconf 85' lang='lat' dir='ltr'><strong>tribus</strong></span> <span class='ocrx_word' id='word_1_426' title='bbox 3154 3300 3390 3370; x_wconf 86' lang='lat' dir='ltr'><strong>oppidis,</strong></span> <span class='ocrx_word' id='word_1_427' title='bbox 3412 3312 3464 3354; x_wconf 71' lang='lat' dir='ltr'><strong>et</strong></span> 
     </span>
    </p>
   </div>
   <div class='ocr_carea' id='block_1_63' title="bbox 201 3388 1775 3456">
    <p class='ocr_par' dir='ltr' id='par_1_63' title="bbox 201 3388 1775 3456">
     <span class='ocr_line' id='line_1_63' title="bbox 201 3388 1775 3456; baseline 0.005 -19"><span class='ocrx_word' id='word_1_428' title='bbox 201 3396 436 3456; x_wconf 90' lang='lat' dir='ltr'><strong>tumque</strong></span> <span class='ocrx_word' id='word_1_429' title='bbox 461 3388 741 3441; x_wconf 90' lang='lat' dir='ltr'><strong>dominum</strong></span> <span class='ocrx_word' id='word_1_430' title='bbox 786 3404 944 3444; x_wconf 84' lang='lat' dir='ltr'><strong>suum</strong></span> <span class='ocrx_word' id='word_1_431' title='bbox 978 3388 1192 3445; x_wconf 87' lang='lat' dir='ltr'><strong>Musam</strong></span> <span class='ocrx_word' id='word_1_432' title='bbox 1239 3389 1307 3443; x_wconf 88' lang='lat' dir='ltr'><strong>ad</strong></span> <span class='ocrx_word' id='word_1_433' title='bbox 1352 3391 1626 3446; x_wconf 87' lang='lat' dir='ltr'><strong>sultanutn</strong></span> <span class='ocrx_word' id='word_1_434' title='bbox 1659 3392 1775 3445; x_wconf 88' lang='lat' dir='ltr'><strong>Mtt-</strong></span> 
     </span>
    </p>
   </div>
   <div class='ocr_carea' id='block_1_64' title="bbox 198 3480 1774 3538">
    <p class='ocr_par' dir='ltr' id='par_1_64' title="bbox 198 3480 1774 3538">
     <span class='ocr_line' id='line_1_64' title="bbox 198 3480 1774 3538; baseline 0.001 -4"><span class='ocrx_word' id='word_1_435' title='bbox 198 3481 506 3536; x_wconf 83' lang='lat' dir='ltr'><strong>cltemetetn</strong></span> <span class='ocrx_word' id='word_1_436' title='bbox 530 3480 774 3535; x_wconf 79' lang='lat' dir='ltr'><strong>adduxit.</strong></span> <span class='ocrx_word' id='word_1_437' title='bbox 825 3481 936 3535; x_wconf 82' lang='lat' dir='ltr'><strong>Sub</strong></span> <span class='ocrx_word' id='word_1_438' title='bbox 966 3480 1183 3537; x_wconf 89' lang='lat' dir='ltr'><strong>initium</strong></span> <span class='ocrx_word' id='word_1_439' title='bbox 1210 3484 1385 3538; x_wconf 85' lang='lat' dir='ltr'><strong>noctis</strong></span> <span class='ocrx_word' id='word_1_440' title='bbox 1433 3483 1485 3537; x_wconf 88' lang='lat' dir='ltr'><strong>itt</strong></span> <span class='ocrx_word' id='word_1_441' title='bbox 1538 3482 1774 3537; x_wconf 89' lang='lat' dir='ltr'><strong>tentorio</strong></span> 
     </span>
    </p>
   </div>
   <div class='ocr_carea' id='block_1_65' title="bbox 197 3577 1775 3649">
    <p class='ocr_par' dir='ltr' id='par_1_65' title="bbox 197 3577 1775 3649">
     <span class='ocr_line' id='line_1_65' title="bbox 197 3577 1775 3649; baseline 0 -20"><span class='ocrx_word' id='word_1_442' title='bbox 197 3579 444 3646; x_wconf 88' lang='lat' dir='ltr'><strong>quodam</strong></span> <span class='ocrx_word' id='word_1_443' title='bbox 494 3577 638 3633; x_wconf 83' lang='lat' dir='ltr'><strong>Musa</strong></span> <span class='ocrx_word' id='word_1_444' title='bbox 701 3579 1095 3649; x_wconf 74' lang='lat' dir='ltr'><strong>strangulatus,</strong></span> <span class='ocrx_word' id='word_1_445' title='bbox 1163 3580 1347 3634; x_wconf 80' lang='lat' dir='ltr'><strong>statim</strong></span> <span class='ocrx_word' id='word_1_446' title='bbox 1418 3578 1607 3633; x_wconf 85' lang='lat' dir='ltr'><strong>eadem</strong></span> <span class='ocrx_word' id='word_1_447' title='bbox 1671 3590 1775 3630; x_wconf 89' lang='lat' dir='ltr'><strong>no-</strong></span> 
     </span>
    </p>
   </div>
   <div class='ocr_carea' id='block_1_66' title="bbox 198 3669 1771 3739">
    <p class='ocr_par' dir='ltr' id='par_1_66' title="bbox 198 3669 1771 3739">
     <span class='ocr_line' id='line_1_66' title="bbox 198 3669 1771 3739; baseline 0 -16"><span class='ocrx_word' id='word_1_448' title='bbox 198 3680 292 3723; x_wconf 86' lang='lat' dir='ltr'><strong>cte</strong></span> <span class='ocrx_word' id='word_1_449' title='bbox 375 3669 600 3725; x_wconf 84' lang='lat' dir='ltr'><strong>Prusam</strong></span> <span class='ocrx_word' id='word_1_450' title='bbox 667 3672 822 3725; x_wconf 87' lang='lat' dir='ltr'><strong>avebi</strong></span> <span class='ocrx_word' id='word_1_451' title='bbox 898 3671 1089 3739; x_wconf 84' lang='lat' dir='ltr'><strong>jussus</strong></span> <span class='ocrx_word' id='word_1_452' title='bbox 1139 3680 1243 3739; x_wconf 89' lang='lat' dir='ltr'><strong>est,</strong></span> <span class='ocrx_word' id='word_1_453' title='bbox 1302 3681 1361 3727; x_wconf 92' lang='lat' dir='ltr'><strong>ttt</strong></span> <span class='ocrx_word' id='word_1_454' title='bbox 1408 3672 1535 3727; x_wconf 87' lang='lat' dir='ltr'><strong>istic</strong></span> <span class='ocrx_word' id='word_1_455' title='bbox 1598 3671 1652 3725; x_wconf 93' lang='lat' dir='ltr'><strong>in</strong></span> <span class='ocrx_word' id='word_1_456' title='bbox 1686 3676 1771 3730; x_wconf 86' lang='lat' dir='ltr'><strong>avi</strong></span> 
     </span>
    </p>
   </div>
   <div class='ocr_carea' id='block_1_67' title="bbox 201 3764 1774 3833">
    <p class='ocr_par' dir='ltr' id='par_1_67' title="bbox 201 3764 1774 3833">
     <span class='ocr_line' id='line_1_67' title="bbox 201 3764 1774 3833; baseline 0.006 -15"><span class='ocrx_word' id='word_1_457' title='bbox 201 3773 564 3819; x_wconf 86' lang='lat' dir='ltr'><strong>monumento</strong></span> <span class='ocrx_word' id='word_1_458' title='bbox 584 3765 929 3820; x_wconf 86' lang='lat' dir='ltr'><strong>conderetur.</strong></span> <span class='ocrx_word' id='word_1_459' title='bbox 978 3764 1268 3833; x_wconf 88' lang='lat' dir='ltr'><strong>Imperavit</strong></span> <span class='ocrx_word' id='word_1_460' title='bbox 1315 3767 1473 3822; x_wconf 90' lang='lat' dir='ltr'><strong>annis</strong></span> <span class='ocrx_word' id='word_1_461' title='bbox 1502 3768 1674 3824; x_wconf 90' lang='lat' dir='ltr'><strong>tribus</strong></span> <span class='ocrx_word' id='word_1_462' title='bbox 1720 3782 1774 3827; x_wconf 89' lang='lat' dir='ltr'><strong>et</strong></span> 
     </span>
    </p>
   </div>
   <div class='ocr_carea' id='block_1_68' title="bbox 199 3854 1770 3926">
    <p class='ocr_par' dir='ltr' id='par_1_68' title="bbox 199 3854 1770 3926">
     <span class='ocr_line' id='line_1_68' title="bbox 199 3854 1770 3926; baseline 0.004 -17"><span class='ocrx_word' id='word_1_463' title='bbox 199 3854 435 3909; x_wconf 86' lang='lat' dir='ltr'><strong>dimidio</strong></span> <span class='ocrx_word' id='word_1_464' title='bbox 508 3855 890 3911; x_wconf 86' lang='lat' dir='ltr'><strong>Mecltemetem</strong></span> <span class='ocrx_word' id='word_1_465' title='bbox 946 3856 1163 3924; x_wconf 78' lang='lat' dir='ltr'><strong>begum,</strong></span> <span class='ocrx_word' id='word_1_466' title='bbox 1217 3856 1496 3914; x_wconf 84' lang='lat' dir='ltr'><strong>Michaelis</strong></span> <span class='ocrx_word' id='word_1_467' title='bbox 1579 3860 1770 3926; x_wconf 88' lang='lat' dir='ltr'><strong>filium,</strong></span> 
     </span>
    </p>
   </div>
   <div class='ocr_carea' id='block_1_69' title="bbox 197 3948 1775 4025">
    <p class='ocr_par' dir='ltr' id='par_1_69' title="bbox 197 3948 1775 4025">
     <span class='ocr_line' id='line_1_69' title="bbox 197 3948 1775 4025; baseline 0.004 -23"><span class='ocrx_word' id='word_1_468' title='bbox 197 3949 297 4019; x_wconf 89' lang='lat' dir='ltr'><strong>qui</strong></span> <span class='ocrx_word' id='word_1_469' title='bbox 323 3949 684 4004; x_wconf 75' lang='lat' dir='ltr'><strong>Acanziorum</strong></span> <span class='ocrx_word' id='word_1_470' title='bbox 718 3948 825 4004; x_wconf 83' lang='lat' dir='ltr'><strong>dux</strong></span> <span class='ocrx_word' id='word_1_471' title='bbox 852 3957 965 4004; x_wconf 88' lang='lat' dir='ltr'><strong>erat</strong></span> <span class='ocrx_word' id='word_1_472' title='bbox 997 3949 1053 4005; x_wconf 87' lang='lat' dir='ltr'><strong>in</strong></span> <span class='ocrx_word' id='word_1_473' title='bbox 1092 3950 1338 4008; x_wconf 78' lang='lat' dir='ltr'><strong>exercitu</strong></span> <span class='ocrx_word' id='word_1_474' title='bbox 1384 3950 1572 4015; x_wconf 62' lang='lat' dir='ltr'><strong>Musae,</strong></span> <span class='ocrx_word' id='word_1_475' title='bbox 1606 3954 1775 4025; x_wconf 83' lang='lat' dir='ltr'><strong>capti-</strong></span> 
     </span>
    </p>
   </div>
   <div class='ocr_carea' id='block_1_70' title="bbox 200 4040 1770 4103">
    <p class='ocr_par' dir='ltr' id='par_1_70' title="bbox 200 4040 1770 4103">
     <span class='ocr_line' id='line_1_70' title="bbox 200 4040 1770 4103; baseline 0.006 -11"><span class='ocrx_word' id='word_1_476' title='bbox 200 4056 330 4093; x_wconf 86' lang='lat' dir='ltr'><strong>vum</strong></span> <span class='ocrx_word' id='word_1_477' title='bbox 399 4042 643 4095; x_wconf 82' lang='lat' dir='ltr'><strong>sultantts</strong></span> <span class='ocrx_word' id='word_1_478' title='bbox 703 4040 1067 4097; x_wconf 87' lang='lat' dir='ltr'><strong>Mucltemetes</strong></span> <span class='ocrx_word' id='word_1_479' title='bbox 1130 4044 1196 4097; x_wconf 91' lang='lat' dir='ltr'><strong>ad</strong></span> <span class='ocrx_word' id='word_1_480' title='bbox 1258 4044 1446 4099; x_wconf 85' lang='lat' dir='ltr'><strong>urbem</strong></span> <span class='ocrx_word' id='word_1_481' title='bbox 1508 4044 1770 4103; x_wconf 82' lang='lat' dir='ltr'><strong>Tocatam</strong></span> 
     </span>
    </p>
   </div>
   <div class='ocr_carea' id='block_1_71' title="bbox 140 4122 1775 4207">
    <p class='ocr_par' dir='ltr' id='par_1_71' title="bbox 140 4122 1775 4207">
     <span class='ocr_line' id='line_1_71' title="bbox 140 4122 1775 4207; baseline 0.007 -25"><span class='ocrx_word' id='word_1_482' title='bbox 140 4122 149 4127; x_wconf 78' lang='grc'><strong>’</strong></span> <span class='ocrx_word' id='word_1_483' title='bbox 198 4134 502 4199; x_wconf 78' lang='lat' dir='ltr'><strong>deportari,</strong></span> <span class='ocrx_word' id='word_1_484' title='bbox 531 4143 584 4188; x_wconf 91' lang='lat' dir='ltr'><strong>et</strong></span> <span class='ocrx_word' id='word_1_485' title='bbox 616 4133 813 4189; x_wconf 87' lang='lat' dir='ltr'><strong>ibidem</strong></span> <span class='ocrx_word' id='word_1_486' title='bbox 846 4133 1111 4189; x_wconf 90' lang='lat' dir='ltr'><strong>custodiri</strong></span> <span class='ocrx_word' id='word_1_487' title='bbox 1162 4137 1437 4207; x_wconf 63' lang='lat' dir='ltr'><strong>praecepit,</strong></span> <span class='ocrx_word' id='word_1_488' title='bbox 1506 4137 1775 4195; x_wconf 85' lang='lat' dir='ltr'><strong>Samobu-</strong></span> 
     </span>
    </p>
   </div>
   <div class='ocr_carea' id='block_1_72' title="bbox 196 4226 1773 4303">
    <p class='ocr_par' dir='ltr' id='par_1_72' title="bbox 196 4226 1773 4303">
     <span class='ocr_line' id='line_1_72' title="bbox 196 4226 1773 4303; baseline 0.004 -23"><span class='ocrx_word' id='word_1_489' title='bbox 196 4242 443 4291; x_wconf 72' lang='lat' dir='ltr'><strong>na-vero</strong></span> <span class='ocrx_word' id='word_1_490' title='bbox 474 4226 664 4291; x_wconf 84' lang='lat' dir='ltr'><strong>tilium,</strong></span> <span class='ocrx_word' id='word_1_491' title='bbox 693 4227 784 4294; x_wconf 89' lang='lat' dir='ltr'><strong>qui</strong></span> <span class='ocrx_word' id='word_1_492' title='bbox 822 4228 1001 4281; x_wconf 83' lang='lat' dir='ltr'><strong>ollicio</strong></span> <span class='ocrx_word' id='word_1_493' title='bbox 1042 4228 1395 4285; x_wconf 88' lang='lat' dir='ltr'><strong>cadilesclteri</strong></span> <span class='ocrx_word' id='word_1_494' title='bbox 1425 4229 1773 4303; x_wconf 73' lang='lat' dir='ltr'><strong>fungebatur,</strong></span> 
     </span>
    </p>
   </div>
   <div class='ocr_carea' id='block_1_73' title="bbox 193 4320 1771 4394">
    <p class='ocr_par' dir='ltr' id='par_1_73' title="bbox 193 4320 1771 4394">
     <span class='ocr_line' id='line_1_73' title="bbox 193 4320 1771 4394; baseline 0.008 -24"><span class='ocrx_word' id='word_1_495' title='bbox 193 4338 325 4371; x_wconf 79' lang='lat' dir='ltr'><strong>cum</strong></span> <span class='ocrx_word' id='word_1_496' title='bbox 356 4320 615 4375; x_wconf 74' lang='lat' dir='ltr'><strong>uxoribus</strong></span> <span class='ocrx_word' id='word_1_497' title='bbox 637 4332 692 4376; x_wconf 90' lang='lat' dir='ltr'><strong>et</strong></span> <span class='ocrx_word' id='word_1_498' title='bbox 718 4323 902 4376; x_wconf 89' lang='lat' dir='ltr'><strong>liberis</strong></span> <span class='ocrx_word' id='word_1_499' title='bbox 937 4321 1168 4377; x_wconf 89' lang='lat' dir='ltr'><strong>lsnicam</strong></span> <span class='ocrx_word' id='word_1_500' title='bbox 1207 4323 1372 4394; x_wconf 80' lang='lat' dir='ltr'><strong>jussit</strong></span> <span class='ocrx_word' id='word_1_501' title='bbox 1396 4326 1616 4392; x_wconf 85' lang='lat' dir='ltr'><strong>abduci,</strong></span> <span class='ocrx_word' id='word_1_502' title='bbox 1681 4330 1771 4383; x_wconf 92' lang='lat' dir='ltr'><strong>ubi</strong></span> 
     </span>
    </p>
   </div>
   <div class='ocr_carea' id='block_1_74' title="bbox 193 4410 1775 4484">
    <p class='ocr_par' dir='ltr' id='par_1_74' title="bbox 193 4410 1775 4484">
     <span class='ocr_line' id='line_1_74' title="bbox 193 4410 1775 4484; baseline 0.006 -21"><span class='ocrx_word' id='word_1_503' title='bbox 193 4410 354 4463; x_wconf 83' lang='lat' dir='ltr'><strong>mille</strong></span> <span class='ocrx_word' id='word_1_504' title='bbox 410 4426 692 4474; x_wconf 83' lang='lat' dir='ltr'><strong>asprorutn</strong></span> <span class='ocrx_word' id='word_1_505' title='bbox 746 4426 1016 4466; x_wconf 92' lang='lat' dir='ltr'><strong>annonam</strong></span> <span class='ocrx_word' id='word_1_506' title='bbox 1067 4413 1115 4467; x_wconf 89' lang='lat' dir='ltr'><strong>ei</strong></span> <span class='ocrx_word' id='word_1_507' title='bbox 1166 4414 1411 4484; x_wconf 76' lang='lat' dir='ltr'><strong>singulos</strong></span> <span class='ocrx_word' id='word_1_508' title='bbox 1455 4417 1507 4470; x_wconf 92' lang='lat' dir='ltr'><strong>in</strong></span> <span class='ocrx_word' id='word_1_509' title='bbox 1560 4434 1775 4473; x_wconf 84' lang='lat' dir='ltr'><strong>menses</strong></span> 
     </span>
    </p>
   </div>
   <div class='ocr_carea' id='block_1_75' title="bbox 188 4490 1775 4571">
    <p class='ocr_par' dir='ltr' id='par_1_75' title="bbox 188 4490 1775 4571">
     <span class='ocr_line' id='line_1_75' title="bbox 188 4490 1775 4571; baseline 0.005 -14"><span class='ocrx_word' id='word_1_510' title='bbox 188 4504 525 4571; x_wconf 76' lang='lat' dir='ltr'><strong>aSsigttavit.</strong></span> <span class='ocrx_word' id='word_1_511' title='bbox 560 4490 821 4559; x_wconf 83' lang='lat' dir='ltr'><strong>Peditum</strong></span> <span class='ocrx_word' id='word_1_512' title='bbox 844 4505 1010 4561; x_wconf 66' lang='lat' dir='ltr'><strong>Musae</strong></span> <span class='ocrx_word' id='word_1_513' title='bbox 1037 4506 1145 4561; x_wconf 89' lang='lat' dir='ltr'><strong>dttx</strong></span> <span class='ocrx_word' id='word_1_514' title='bbox 1179 4506 1233 4560; x_wconf 92' lang='lat' dir='ltr'><strong>in</strong></span> <span class='ocrx_word' id='word_1_515' title='bbox 1266 4506 1579 4563; x_wconf 81' lang='lat' dir='ltr'><strong>Valacbiam</strong></span> <span class='ocrx_word' id='word_1_516' title='bbox 1611 4509 1775 4565; x_wconf 89' lang='lat' dir='ltr'><strong>aufu-</strong></span> 
     </span>
    </p>
   </div>
   <div class='ocr_carea' id='block_1_76' title="bbox 1879 3387 3463 3457">
    <p class='ocr_par' dir='ltr' id='par_1_76' title="bbox 1879 3387 3463 3457">
     <span class='ocr_line' id='line_1_76' title="bbox 1879 3387 3463 3457; baseline 0.003 -16"><span class='ocrx_word' id='word_1_517' title='bbox 1879 3387 1972 3441; x_wconf 85' lang='lat' dir='ltr'><strong>uni</strong></span> <span class='ocrx_word' id='word_1_518' title='bbox 2029 3398 2213 3444; x_wconf 82' lang='lat' dir='ltr'><strong>castro</strong></span> <span class='ocrx_word' id='word_1_519' title='bbox 2266 3391 2506 3446; x_wconf 86' lang='lat' dir='ltr'><strong>cederet.</strong></span> <span class='ocrx_word' id='word_1_520' title='bbox 2572 3391 2815 3457; x_wconf 86' lang='lat' dir='ltr'><strong>Quorum</strong></span> <span class='ocrx_word' id='word_1_521' title='bbox 2881 3392 3122 3445; x_wconf 86' lang='lat' dir='ltr'><strong>locorum</strong></span> <span class='ocrx_word' id='word_1_522' title='bbox 3188 3394 3463 3446; x_wconf 75' lang='lat' dir='ltr'><strong>deditione</strong></span> 
     </span>
    </p>
   </div>
   <div class='ocr_carea' id='block_1_77' title="bbox 1880 3480 3463 3545">
    <p class='ocr_par' dir='ltr' id='par_1_77' title="bbox 1880 3480 3463 3545">
     <span class='ocr_line' id='line_1_77' title="bbox 1880 3480 3463 3545; baseline 0.004 -12"><span class='ocrx_word' id='word_1_523' title='bbox 1880 3480 2043 3545; x_wconf 84' lang='lat' dir='ltr'><strong>facta,</strong></span> <span class='ocrx_word' id='word_1_524' title='bbox 2072 3481 2312 3537; x_wconf 76' lang='lat' dir='ltr'><strong>vicissim</strong></span> <span class='ocrx_word' id='word_1_525' title='bbox 2343 3482 2715 3539; x_wconf 85' lang='lat' dir='ltr'><strong>Mucltemetes</strong></span> <span class='ocrx_word' id='word_1_526' title='bbox 2746 3484 3112 3537; x_wconf 86' lang='lat' dir='ltr'><strong>Caramamtm</strong></span> <span class='ocrx_word' id='word_1_527' title='bbox 3141 3486 3463 3541; x_wconf 88' lang='lat' dir='ltr'><strong>muneribus</strong></span> 
     </span>
    </p>
   </div>
   <div class='ocr_carea' id='block_1_78' title="bbox 1879 3573 3461 3640">
    <p class='ocr_par' dir='ltr' id='par_1_78' title="bbox 1879 3573 3461 3640">
     <span class='ocr_line' id='line_1_78' title="bbox 1879 3573 3461 3640; baseline -0.001 -14"><span class='ocrx_word' id='word_1_528' title='bbox 1879 3573 2278 3637; x_wconf 86' lang='lat' dir='ltr'><strong>cohonestavit,</strong></span> <span class='ocrx_word' id='word_1_529' title='bbox 2315 3583 2370 3629; x_wconf 92' lang='lat' dir='ltr'><strong>et</strong></span> <span class='ocrx_word' id='word_1_530' title='bbox 2395 3574 2633 3629; x_wconf 86' lang='lat' dir='ltr'><strong>libertati</strong></span> <span class='ocrx_word' id='word_1_531' title='bbox 2661 3575 2971 3630; x_wconf 84' lang='lat' dir='ltr'><strong>restitutum</strong></span> <span class='ocrx_word' id='word_1_532' title='bbox 3015 3591 3169 3629; x_wconf 85' lang='lat' dir='ltr'><strong>suam</strong></span> <span class='ocrx_word' id='word_1_533' title='bbox 3226 3576 3278 3629; x_wconf 90' lang='lat' dir='ltr'><strong>itt</strong></span> <span class='ocrx_word' id='word_1_534' title='bbox 3333 3592 3461 3640; x_wconf 80' lang='lat' dir='ltr'><strong>[tru-</strong></span> 
     </span>
    </p>
   </div>
   <div class='ocr_carea' id='block_1_79' title="bbox 1878 3665 3459 3736">
    <p class='ocr_par' dir='ltr' id='par_1_79' title="bbox 1878 3665 3459 3736">
     <span class='ocr_line' id='line_1_79' title="bbox 1878 3665 3459 3736; baseline 0.002 -18"><span class='ocrx_word' id='word_1_535' title='bbox 1878 3665 2110 3720; x_wconf 86' lang='lat' dir='ltr'><strong>vinciam</strong></span> <span class='ocrx_word' id='word_1_536' title='bbox 2136 3665 2367 3721; x_wconf 90' lang='lat' dir='ltr'><strong>remisit.</strong></span> <span class='ocrx_word' id='word_1_537' title='bbox 2399 3666 2764 3722; x_wconf 82' lang='lat' dir='ltr'><strong>ilittcltemetes</strong></span> <span class='ocrx_word' id='word_1_538' title='bbox 2786 3669 2900 3736; x_wconf 89' lang='lat' dir='ltr'><strong>ipse</strong></span> <span class='ocrx_word' id='word_1_539' title='bbox 2928 3668 3154 3721; x_wconf 81' lang='lat' dir='ltr'><strong>Prusam</strong></span> <span class='ocrx_word' id='word_1_540' title='bbox 3181 3684 3459 3729; x_wconf 85' lang='lat' dir='ltr'><strong>reversus,</strong></span> 
     </span>
    </p>
   </div>
   <div class='ocr_carea' id='block_1_80' title="bbox 1876 3759 3458 3832">
    <p class='ocr_par' dir='ltr' id='par_1_80' title="bbox 1876 3759 3458 3832">
     <span class='ocr_line' id='line_1_80' title="bbox 1876 3759 3458 3832; baseline 0.001 -19"><span class='ocrx_word' id='word_1_541' title='bbox 1876 3774 1987 3815; x_wconf 88' lang='lat' dir='ltr'><strong>non</strong></span> <span class='ocrx_word' id='word_1_542' title='bbox 2015 3759 2106 3814; x_wconf 92' lang='lat' dir='ltr'><strong>diu</strong></span> <span class='ocrx_word' id='word_1_543' title='bbox 2142 3759 2264 3815; x_wconf 89' lang='lat' dir='ltr'><strong>istic</strong></span> <span class='ocrx_word' id='word_1_544' title='bbox 2303 3761 2493 3816; x_wconf 66' lang='lat' dir='ltr'><strong>haesit:</strong></span> <span class='ocrx_word' id='word_1_545' title='bbox 2547 3762 2641 3816; x_wconf 91' lang='lat' dir='ltr'><strong>sed</strong></span> <span class='ocrx_word' id='word_1_546' title='bbox 2676 3761 2775 3814; x_wconf 87' lang='lat' dir='ltr'><strong>iter</strong></span> <span class='ocrx_word' id='word_1_547' title='bbox 2824 3773 3041 3830; x_wconf 81' lang='lat' dir='ltr'><strong>ceptum</strong></span> <span class='ocrx_word' id='word_1_548' title='bbox 3098 3778 3458 3832; x_wconf 82' lang='lat' dir='ltr'><strong>prosequens,</strong></span> 
     </span>
    </p>
   </div>
   <div class='ocr_carea' id='block_1_81' title="bbox 1878 3853 3462 3926">
    <p class='ocr_par' dir='ltr' id='par_1_81' title="bbox 1878 3853 3462 3926">
     <span class='ocr_line' id='line_1_81' title="bbox 1878 3853 3462 3926; baseline 0.001 -19"><span class='ocrx_word' id='word_1_549' title='bbox 1878 3861 2028 3910; x_wconf 87' lang='lat' dir='ltr'><strong>trans</strong></span> <span class='ocrx_word' id='word_1_550' title='bbox 2072 3853 2269 3910; x_wconf 71' lang='lat' dir='ltr'><strong>fretum</strong></span> <span class='ocrx_word' id='word_1_551' title='bbox 2323 3853 2761 3922; x_wconf 85' lang='lat' dir='ltr'><strong>Hadrianopolim</strong></span> <span class='ocrx_word' id='word_1_552' title='bbox 2819 3858 3147 3926; x_wconf 78' lang='lat' dir='ltr'><strong>properavit,</strong></span> <span class='ocrx_word' id='word_1_553' title='bbox 3206 3866 3262 3911; x_wconf 92' lang='lat' dir='ltr'><strong>ttt</strong></span> <span class='ocrx_word' id='word_1_554' title='bbox 3318 3857 3462 3911; x_wconf 78' lang='lat' dir='ltr'><strong>bello</strong></span> 
     </span>
    </p>
   </div>
   <div class='ocr_carea' id='block_1_82' title="bbox 1876 3937 3457 4009">
    <p class='ocr_par' dir='ltr' id='par_1_82' title="bbox 1876 3937 3457 4009">
     <span class='ocr_line' id='line_1_82' title="bbox 1876 3937 3457 4009; baseline 0.001 -10"><span class='ocrx_word' id='word_1_555' title='bbox 1876 3944 2148 4004; x_wconf 85' lang='lat' dir='ltr'><strong>Valachos</strong></span> <span class='ocrx_word' id='word_1_556' title='bbox 2173 3937 2473 4003; x_wconf 83' lang='lat' dir='ltr'><strong>invaderet.</strong></span> <span class='ocrx_word' id='word_1_557' title='bbox 2522 3949 2575 4003; x_wconf 92' lang='lat' dir='ltr'><strong>In</strong></span> <span class='ocrx_word' id='word_1_558' title='bbox 2611 3949 2659 4003; x_wconf 94' lang='lat' dir='ltr'><strong>id</strong></span> <span class='ocrx_word' id='word_1_559' title='bbox 2720 3948 2921 4003; x_wconf 86' lang='lat' dir='ltr'><strong>bellum</strong></span> <span class='ocrx_word' id='word_1_560' title='bbox 2952 3959 3006 4003; x_wconf 88' lang='lat' dir='ltr'><strong>et</strong></span> <span class='ocrx_word' id='word_1_561' title='bbox 3050 3965 3077 4004; x_wconf 91' lang='lat' dir='ltr'><strong>a</strong></span> <span class='ocrx_word' id='word_1_562' title='bbox 3132 3948 3457 4009; x_wconf 84' lang='lat' dir='ltr'><strong>Caramano,</strong></span> 
     </span>
    </p>
   </div>
   <div class='ocr_carea' id='block_1_83' title="bbox 1876 4039 3463 4113">
    <p class='ocr_par' dir='ltr' id='par_1_83' title="bbox 1876 4039 3463 4113">
     <span class='ocr_line' id='line_1_83' title="bbox 1876 4039 3463 4113; baseline 0 -20"><span class='ocrx_word' id='word_1_563' title='bbox 1876 4048 1932 4094; x_wconf 90' lang='lat' dir='ltr'><strong>et</strong></span> <span class='ocrx_word' id='word_1_564' title='bbox 1964 4040 2033 4095; x_wconf 90' lang='lat' dir='ltr'><strong>ab</strong></span> <span class='ocrx_word' id='word_1_565' title='bbox 2064 4039 2377 4097; x_wconf 87' lang='lat' dir='ltr'><strong>lsvendiare</strong></span> <span class='ocrx_word' id='word_1_566' title='bbox 2416 4042 2554 4113; x_wconf 75' lang='lat' dir='ltr'><strong>bego</strong></span> <span class='ocrx_word' id='word_1_567' title='bbox 2609 4043 2796 4113; x_wconf 88' lang='lat' dir='ltr'><strong>copias</strong></span> <span class='ocrx_word' id='word_1_568' title='bbox 2845 4043 3141 4097; x_wconf 79' lang='lat' dir='ltr'><strong>auxiliares</strong></span> <span class='ocrx_word' id='word_1_569' title='bbox 3204 4044 3463 4104; x_wconf 77' lang='lat' dir='ltr'><strong>impetra-</strong></span> 
     </span>
    </p>
   </div>
   <div class='ocr_carea' id='block_1_84' title="bbox 1876 4132 3463 4201">
    <p class='ocr_par' dir='ltr' id='par_1_84' title="bbox 1876 4132 3463 4201">
     <span class='ocr_line' id='line_1_84' title="bbox 1876 4132 3463 4201; baseline 0.002 -18"><span class='ocrx_word' id='word_1_570' title='bbox 1876 4132 1993 4186; x_wconf 88' lang='lat' dir='ltr'><strong>vit:</strong></span> <span class='ocrx_word' id='word_1_571' title='bbox 2030 4133 2228 4200; x_wconf 86' lang='lat' dir='ltr'><strong>quibus</strong></span> <span class='ocrx_word' id='word_1_572' title='bbox 2262 4133 2325 4187; x_wconf 91' lang='lat' dir='ltr'><strong>ad</strong></span> <span class='ocrx_word' id='word_1_573' title='bbox 2380 4150 2507 4188; x_wconf 90' lang='lat' dir='ltr'><strong>suas</strong></span> <span class='ocrx_word' id='word_1_574' title='bbox 2555 4134 2847 4200; x_wconf 88' lang='lat' dir='ltr'><strong>adjttnctis,</strong></span> <span class='ocrx_word' id='word_1_575' title='bbox 2885 4134 2935 4186; x_wconf 88' lang='lat' dir='ltr'><strong>itt</strong></span> <span class='ocrx_word' id='word_1_576' title='bbox 2969 4133 3177 4187; x_wconf 82' lang='lat' dir='ltr'><strong>hostem</strong></span> <span class='ocrx_word' id='word_1_577' title='bbox 3208 4148 3463 4201; x_wconf 73' lang='lat' dir='ltr'><strong>progres-</strong></span> 
     </span>
    </p>
   </div>
   <div class='ocr_carea' id='block_1_85' title="bbox 1878 4224 3462 4290">
    <p class='ocr_par' dir='ltr' id='par_1_85' title="bbox 1878 4224 3462 4290">
     <span class='ocr_line' id='line_1_85' title="bbox 1878 4224 3462 4290; baseline -0.001 -9"><span class='ocrx_word' id='word_1_578' title='bbox 1878 4240 1993 4290; x_wconf 89' lang='lat' dir='ltr'><strong>sus,</strong></span> <span class='ocrx_word' id='word_1_579' title='bbox 2027 4225 2092 4280; x_wconf 90' lang='lat' dir='ltr'><strong>ad</strong></span> <span class='ocrx_word' id='word_1_580' title='bbox 2141 4226 2445 4280; x_wconf 88' lang='lat' dir='ltr'><strong>Danubium</strong></span> <span class='ocrx_word' id='word_1_581' title='bbox 2507 4234 2685 4281; x_wconf 88' lang='lat' dir='ltr'><strong>castra</strong></span> <span class='ocrx_word' id='word_1_582' title='bbox 2748 4225 2984 4284; x_wconf 80' lang='lat' dir='ltr'><strong>locavit:</strong></span> <span class='ocrx_word' id='word_1_583' title='bbox 3036 4224 3124 4279; x_wconf 78' lang='lat' dir='ltr'><strong>tibi</strong></span> <span class='ocrx_word' id='word_1_584' title='bbox 3173 4224 3301 4277; x_wconf 90' lang='lat' dir='ltr'><strong>dum</strong></span> <span class='ocrx_word' id='word_1_585' title='bbox 3340 4240 3462 4279; x_wconf 81' lang='lat' dir='ltr'><strong>eas-</strong></span> 
     </span>
    </p>
   </div>
   <div class='ocr_carea' id='block_1_86' title="bbox 1878 4319 3457 4388">
    <p class='ocr_par' dir='ltr' id='par_1_86' title="bbox 1878 4319 3457 4388">
     <span class='ocr_line' id='line_1_86' title="bbox 1878 4319 3457 4388; baseline -0.001 -17"><span class='ocrx_word' id='word_1_586' title='bbox 1878 4319 2067 4371; x_wconf 88' lang='lat' dir='ltr'><strong>tellutn</strong></span> <span class='ocrx_word' id='word_1_587' title='bbox 2128 4328 2457 4379; x_wconf 79' lang='lat' dir='ltr'><strong>exstrueret,</strong></span> <span class='ocrx_word' id='word_1_588' title='bbox 2515 4333 2767 4388; x_wconf 86' lang='lat' dir='ltr'><strong>magnam</strong></span> <span class='ocrx_word' id='word_1_589' title='bbox 2838 4333 3063 4371; x_wconf 87' lang='lat' dir='ltr'><strong>suorum</strong></span> <span class='ocrx_word' id='word_1_590' title='bbox 3123 4333 3340 4371; x_wconf 92' lang='lat' dir='ltr'><strong>manum</strong></span> <span class='ocrx_word' id='word_1_591' title='bbox 3401 4333 3457 4369; x_wconf 71' lang='grc' dir='ltr'><strong>ιιι</strong></span> 
     </span>
    </p>
   </div>
   <div class='ocr_carea' id='block_1_87' title="bbox 1876 4407 3460 4477">
    <p class='ocr_par' dir='ltr' id='par_1_87' title="bbox 1876 4407 3460 4477">
     <span class='ocr_line' id='line_1_87' title="bbox 1876 4407 3460 4477; baseline 0 -14"><span class='ocrx_word' id='word_1_592' title='bbox 1876 4407 2194 4465; x_wconf 76' lang='lat' dir='ltr'><strong>Valachiant</strong></span> <span class='ocrx_word' id='word_1_593' title='bbox 2243 4420 2396 4465; x_wconf 88' lang='lat' dir='ltr'><strong>trans</strong></span> <span class='ocrx_word' id='word_1_594' title='bbox 2447 4412 2641 4464; x_wconf 86' lang='lat' dir='ltr'><strong>ﬂumen</strong></span> <span class='ocrx_word' id='word_1_595' title='bbox 2681 4409 2926 4471; x_wconf 88' lang='lat' dir='ltr'><strong>immisit,</strong></span> <span class='ocrx_word' id='word_1_596' title='bbox 2974 4418 3031 4463; x_wconf 89' lang='lat' dir='ltr'><strong>ttt</strong></span> <span class='ocrx_word' id='word_1_597' title='bbox 3082 4410 3281 4477; x_wconf 69' lang='lat' dir='ltr'><strong>prmdis</strong></span> <span class='ocrx_word' id='word_1_598' title='bbox 3324 4409 3460 4463; x_wconf 81' lang='lat' dir='ltr'><strong>actis</strong></span> 
     </span>
    </p>
   </div>
   <div class='ocr_carea' id='block_1_88' title="bbox 1877 4500 3479 4572">
    <p class='ocr_par' dir='ltr' id='par_1_88' title="bbox 1877 4500 3479 4572">
     <span class='ocr_line' id='line_1_88' title="bbox 1877 4500 3479 4572; baseline -0.002 -16"><span class='ocrx_word' id='word_1_599' title='bbox 1877 4517 1995 4557; x_wconf 89' lang='lat' dir='ltr'><strong>eam</strong></span> <span class='ocrx_word' id='word_1_600' title='bbox 2019 4503 2500 4572; x_wconf 83' lang='lat' dir='ltr'><strong>depopularentur.</strong></span> <span class='ocrx_word' id='word_1_601' title='bbox 2535 4502 2733 4558; x_wconf 82' lang='lat' dir='ltr'><strong>Milites</strong></span> <span class='ocrx_word' id='word_1_602' title='bbox 2769 4500 2801 4555; x_wconf 68' lang='lat' dir='ltr'><strong>e‘</strong></span> <span class='ocrx_word' id='word_1_603' title='bbox 2825 4500 3088 4556; x_wconf 81' lang='lat' dir='ltr'><strong>Valacltia</strong></span> <span class='ocrx_word' id='word_1_604' title='bbox 3116 4502 3270 4563; x_wconf 86' lang='lat' dir='ltr'><strong>salvi.</strong></span> <span class='ocrx_word' id='word_1_605' title='bbox 3309 4502 3479 4555; x_wconf 79' lang='lat' dir='ltr'><strong>nullot</strong></span> 
     </span>
    </p>
   </div>
   <div class='ocr_carea' id='block_1_89' title="bbox 184 4594 3457 4688">
    <p class='ocr_par' dir='ltr' id='par_1_89' title="bbox 184 4594 3457 4688">
     <span class='ocr_line' id='line_1_89' title="bbox 184 4594 3457 4688; baseline -0.002 -38"><span class='ocrx_word' id='word_1_606' title='bbox 184 4599 297 4668; x_wconf 73' lang='lat' dir='ltr'><strong>git.</strong></span> <span class='ocrx_word' id='word_1_607' title='bbox 338 4597 452 4651; x_wconf 86' lang='lat' dir='ltr'><strong>Hoc</strong></span> <span class='ocrx_word' id='word_1_608' title='bbox 483 4598 643 4652; x_wconf 89' lang='lat' dir='ltr'><strong>modo</strong></span> <span class='ocrx_word' id='word_1_609' title='bbox 671 4597 977 4653; x_wconf 86' lang='lat' dir='ltr'><strong>Tureorum</strong></span> <span class='ocrx_word' id='word_1_610' title='bbox 1034 4600 1329 4668; x_wconf 74' lang='lat' dir='ltr'><strong>imperator</strong></span> <span class='ocrx_word' id='word_1_611' title='bbox 1380 4602 1555 4658; x_wconf 63' lang='lat' dir='ltr'><strong>factu;</strong></span> <span class='ocrx_word' id='word_1_612' title='bbox 1601 4606 1774 4661; x_wconf 63' lang='lat' dir='ltr'><strong>sum.</strong></span> <span class='ocrx_word' id='word_1_613' title='bbox 1803 4631 1850 4688; x_wconf 65' lang='grc' dir='ltr'><strong>υ</strong></span> <span class='ocrx_word' id='word_1_614' title='bbox 1880 4606 2105 4663; x_wconf 87' lang='lat' dir='ltr'><strong>accepto</strong></span> <span class='ocrx_word' id='word_1_615' title='bbox 2127 4594 2481 4657; x_wconf 87' lang='lat' dir='ltr'><strong>detrimento,</strong></span> <span class='ocrx_word' id='word_1_616' title='bbox 2507 4605 2661 4649; x_wconf 88' lang='lat' dir='ltr'><strong>trans</strong></span> <span class='ocrx_word' id='word_1_617' title='bbox 2685 4594 3022 4655; x_wconf 87' lang='lat' dir='ltr'><strong>Danubium,</strong></span> <span class='ocrx_word' id='word_1_618' title='bbox 3061 4595 3311 4647; x_wconf 78' lang='lat' dir='ltr'><strong>maximis</strong></span> <span class='ocrx_word' id='word_1_619' title='bbox 3364 4608 3457 4646; x_wconf 87' lang='lat' dir='ltr'><strong>au-</strong></span> 
     </span>
    </p>
   </div>
   <div class='ocr_carea' id='block_1_90' title="bbox 184 4688 1773 4754">
    <p class='ocr_par' dir='ltr' id='par_1_90' title="bbox 184 4688 1773 4754">
     <span class='ocr_line' id='line_1_90' title="bbox 184 4688 1773 4754; baseline 0.007 -11"><span class='ocrx_word' id='word_1_620' title='bbox 184 4707 303 4744; x_wconf 81' lang='lat' dir='ltr'><strong>xtus</strong></span> <span class='ocrx_word' id='word_1_621' title='bbox 339 4688 721 4752; x_wconf 68' lang='lat' dir='ltr'><strong>bluchemetes,</strong></span> <span class='ocrx_word' id='word_1_622' title='bbox 752 4691 1005 4746; x_wconf 82' lang='lat' dir='ltr'><strong>universa</strong></span> <span class='ocrx_word' id='word_1_623' title='bbox 1061 4693 1286 4749; x_wconf 87' lang='lat' dir='ltr'><strong>subacta</strong></span> <span class='ocrx_word' id='word_1_624' title='bbox 1312 4693 1579 4751; x_wconf 82' lang='lat' dir='ltr'><strong>Romania</strong></span> <span class='ocrx_word' id='word_1_625' title='bbox 1628 4712 1773 4754; x_wconf 86' lang='lat' dir='ltr'><strong>anno</strong></span> 
     </span>
    </p>
   </div>
   <div class='ocr_carea' id='block_1_91' title="bbox 180 4781 702 4850">
    <p class='ocr_par' dir='ltr' id='par_1_91' title="bbox 180 4781 702 4850">
     <span class='ocr_line' id='line_1_91' title="bbox 180 4781 702 4850; baseline 0 -14"><span class='ocrx_word' id='word_1_626' title='bbox 180 4781 303 4836; x_wconf 81' lang='lat' dir='ltr'><strong>8l6</strong></span> <span class='ocrx_word' id='word_1_627' title='bbox 331 4781 486 4850; x_wconf 66' lang='lat' dir='ltr'><strong>(tiltr.</strong></span> <span class='ocrx_word' id='word_1_628' title='bbox 526 4782 702 4849; x_wconf 71' lang='lat' dir='ltr'><strong>NH).</strong></span> 
     </span>
    </p>
   </div>
   <div class='ocr_carea' id='block_1_92' title="bbox 270 4874 1774 4948">
    <p class='ocr_par' dir='ltr' id='par_1_92' title="bbox 270 4874 1774 4948">
     <span class='ocr_line' id='line_1_92' title="bbox 270 4874 1774 4948; baseline 0.005 -21"><span class='ocrx_word' id='word_1_629' title='bbox 270 4874 419 4927; x_wconf 88' lang='lat' dir='ltr'><strong>luito</strong></span> <span class='ocrx_word' id='word_1_630' title='bbox 460 4887 645 4941; x_wconf 77' lang='lat' dir='ltr'><strong>regno,</strong></span> <span class='ocrx_word' id='word_1_631' title='bbox 680 4875 885 4942; x_wconf 77' lang='lat' dir='ltr'><strong>legatos</strong></span> <span class='ocrx_word' id='word_1_632' title='bbox 914 4874 978 4929; x_wconf 90' lang='lat' dir='ltr'><strong>ad</strong></span> <span class='ocrx_word' id='word_1_633' title='bbox 1010 4890 1202 4930; x_wconf 90' lang='lat' dir='ltr'><strong>omnes</strong></span> <span class='ocrx_word' id='word_1_634' title='bbox 1236 4876 1339 4930; x_wconf 87' lang='lat' dir='ltr'><strong>sibi</strong></span> <span class='ocrx_word' id='word_1_635' title='bbox 1376 4877 1583 4933; x_wconf 86' lang='lat' dir='ltr'><strong>vicinos</strong></span> <span class='ocrx_word' id='word_1_636' title='bbox 1618 4879 1774 4948; x_wconf 90' lang='lat' dir='ltr'><strong>prin-</strong></span> 
     </span>
    </p>
   </div>
   <div class='ocr_carea' id='block_1_93' title="bbox 181 4968 1775 5036">
    <p class='ocr_par' dir='ltr' id='par_1_93' title="bbox 181 4968 1775 5036">
     <span class='ocr_line' id='line_1_93' title="bbox 181 4968 1775 5036; baseline 0.003 -14"><span class='ocrx_word' id='word_1_637' title='bbox 181 4969 353 5036; x_wconf 88' lang='lat' dir='ltr'><strong>cipes</strong></span> <span class='ocrx_word' id='word_1_638' title='bbox 382 4968 554 5031; x_wconf 85' lang='lat' dir='ltr'><strong>misit,</strong></span> <span class='ocrx_word' id='word_1_639' title='bbox 586 4982 649 5020; x_wconf 92' lang='lat' dir='ltr'><strong>ac</strong></span> <span class='ocrx_word' id='word_1_640' title='bbox 696 4968 843 5036; x_wconf 86' lang='lat' dir='ltr'><strong>pacis</strong></span> <span class='ocrx_word' id='word_1_641' title='bbox 888 4979 941 5022; x_wconf 88' lang='lat' dir='ltr'><strong>et</strong></span> <span class='ocrx_word' id='word_1_642' title='bbox 990 4968 1251 5024; x_wconf 67' lang='lat' dir='ltr'><strong>amicitia:</strong></span> <span class='ocrx_word' id='word_1_643' title='bbox 1290 4969 1492 5026; x_wconf 78' lang='lat' dir='ltr'><strong>fcedera</strong></span> <span class='ocrx_word' id='word_1_644' title='bbox 1534 4988 1657 5026; x_wconf 90' lang='lat' dir='ltr'><strong>eum</strong></span> <span class='ocrx_word' id='word_1_645' title='bbox 1693 4974 1775 5028; x_wconf 88' lang='lat' dir='ltr'><strong>eis</strong></span> 
     </span>
    </p>
   </div>
   <div class='ocr_carea' id='block_1_94' title="bbox 181 5057 1773 5128">
    <p class='ocr_par' dir='ltr' id='par_1_94' title="bbox 181 5057 1773 5128">
     <span class='ocr_line' id='line_1_94' title="bbox 181 5057 1773 5128; baseline 0.002 -15"><span class='ocrx_word' id='word_1_646' title='bbox 181 5058 429 5128; x_wconf 79' lang='lat' dir='ltr'><strong>pepigit.</strong></span> <span class='ocrx_word' id='word_1_647' title='bbox 481 5057 687 5112; x_wconf 89' lang='lat' dir='ltr'><strong>Interea</strong></span> <span class='ocrx_word' id='word_1_648' title='bbox 723 5074 871 5123; x_wconf 89' lang='lat' dir='ltr'><strong>vero,</strong></span> <span class='ocrx_word' id='word_1_649' title='bbox 897 5057 1025 5112; x_wconf 82' lang='lat' dir='ltr'><strong>dum</strong></span> <span class='ocrx_word' id='word_1_650' title='bbox 1059 5058 1237 5113; x_wconf 88' lang='lat' dir='ltr'><strong>adhuc</strong></span> <span class='ocrx_word' id='word_1_651' title='bbox 1272 5059 1421 5114; x_wconf 82' lang='lat' dir='ltr'><strong>Musa</strong></span> <span class='ocrx_word' id='word_1_652' title='bbox 1460 5058 1773 5117; x_wconf 80' lang='lat' dir='ltr'><strong>Muclteme-</strong></span> 
     </span>
    </p>
   </div>
   <div class='ocr_carea' id='block_1_95' title="bbox 178 5149 1774 5221">
    <p class='ocr_par' dir='ltr' id='par_1_95' title="bbox 178 5149 1774 5221">
     <span class='ocr_line' id='line_1_95' title="bbox 178 5149 1774 5221; baseline 0 -14"><span class='ocrx_word' id='word_1_653' title='bbox 178 5164 393 5217; x_wconf 74' lang='lat' dir='ltr'><strong>sesque</strong></span> <span class='ocrx_word' id='word_1_654' title='bbox 425 5149 567 5203; x_wconf 89' lang='lat' dir='ltr'><strong>bello</strong></span> <span class='ocrx_word' id='word_1_655' title='bbox 595 5158 766 5204; x_wconf 89' lang='lat' dir='ltr'><strong>semet</strong></span> <span class='ocrx_word' id='word_1_656' title='bbox 789 5150 1018 5205; x_wconf 87' lang='lat' dir='ltr'><strong>invicem</strong></span> <span class='ocrx_word' id='word_1_657' title='bbox 1048 5151 1101 5205; x_wconf 93' lang='lat' dir='ltr'><strong>in</strong></span> <span class='ocrx_word' id='word_1_658' title='bbox 1132 5149 1454 5206; x_wconf 81' lang='lat' dir='ltr'><strong>lloutaniam</strong></span> <span class='ocrx_word' id='word_1_659' title='bbox 1481 5167 1774 5221; x_wconf 85' lang='lat' dir='ltr'><strong>perseque-</strong></span> 
     </span>
    </p>
   </div>
   <div class='ocr_carea' id='block_1_96' title="bbox 177 5241 1770 5312">
    <p class='ocr_par' dir='ltr' id='par_1_96' title="bbox 177 5241 1770 5312">
     <span class='ocr_line' id='line_1_96' title="bbox 177 5241 1770 5312; baseline -0.001 -13"><span class='ocrx_word' id='word_1_660' title='bbox 177 5250 441 5299; x_wconf 82' lang='lat' dir='ltr'><strong>bantur:</strong></span> <span class='ocrx_word' id='word_1_661' title='bbox 476 5241 811 5297; x_wconf 72' lang='lat' dir='ltr'><strong>Caramania:</strong></span> <span class='ocrx_word' id='word_1_662' title='bbox 867 5243 1121 5312; x_wconf 88' lang='lat' dir='ltr'><strong>princeps</strong></span> <span class='ocrx_word' id='word_1_663' title='bbox 1182 5243 1407 5296; x_wconf 81' lang='lat' dir='ltr'><strong>l’rusam</strong></span> <span class='ocrx_word' id='word_1_664' title='bbox 1468 5246 1770 5297; x_wconf 84' lang='lat' dir='ltr'><strong>exercitum</strong></span> 
     </span>
    </p>
   </div>
   <div class='ocr_carea' id='block_1_97' title="bbox 168 5334 1768 5405">
    <p class='ocr_par' dir='ltr' id='par_1_97' title="bbox 168 5334 1768 5405">
     <span class='ocr_line' id='line_1_97' title="bbox 168 5334 1768 5405; baseline -0.001 -14"><span class='ocrx_word' id='word_1_665' title='bbox 168 5336 448 5391; x_wconf 78' lang='lat' dir='ltr'><strong>adduxit.</strong></span> <span class='ocrx_word' id='word_1_666' title='bbox 489 5334 615 5404; x_wconf 87' lang='lat' dir='ltr'><strong>Ejus</strong></span> <span class='ocrx_word' id='word_1_667' title='bbox 664 5336 1021 5404; x_wconf 88' lang='lat' dir='ltr'><strong>expeditionis</strong></span> <span class='ocrx_word' id='word_1_668' title='bbox 1076 5351 1296 5390; x_wconf 89' lang='lat' dir='ltr'><strong>rumore</strong></span> <span class='ocrx_word' id='word_1_669' title='bbox 1329 5334 1397 5389; x_wconf 90' lang='lat' dir='ltr'><strong>ad</strong></span> <span class='ocrx_word' id='word_1_670' title='bbox 1444 5350 1502 5390; x_wconf 91' lang='lat' dir='ltr'><strong>se</strong></span> <span class='ocrx_word' id='word_1_671' title='bbox 1542 5336 1768 5405; x_wconf 90' lang='lat' dir='ltr'><strong>perlato,</strong></span> 
     </span>
    </p>
   </div>
   <div class='ocr_carea' id='block_1_98' title="bbox 172 5427 1771 5498">
    <p class='ocr_par' dir='ltr' id='par_1_98' title="bbox 172 5427 1771 5498">
     <span class='ocr_line' id='line_1_98' title="bbox 172 5427 1771 5498; baseline -0.001 -14"><span class='ocrx_word' id='word_1_672' title='bbox 172 5430 388 5484; x_wconf 71' lang='lat' dir='ltr'><strong>[bases</strong></span> <span class='ocrx_word' id='word_1_673' title='bbox 422 5427 723 5496; x_wconf 79' lang='lat' dir='ltr'><strong>bztssa,&#39;qui</strong></span> <span class='ocrx_word' id='word_1_674' title='bbox 752 5438 863 5481; x_wconf 89' lang='lat' dir='ltr'><strong>tum</strong></span> <span class='ocrx_word' id='word_1_675' title='bbox 901 5427 1082 5483; x_wconf 63' lang='lat' dir='ltr'><strong>Prusae</strong></span> <span class='ocrx_word' id='word_1_676' title='bbox 1136 5443 1258 5481; x_wconf 90' lang='lat' dir='ltr'><strong>cum</strong></span> <span class='ocrx_word' id='word_1_677' title='bbox 1309 5428 1482 5482; x_wconf 73' lang='lat' dir='ltr'><strong>bassze</strong></span> <span class='ocrx_word' id='word_1_678' title='bbox 1542 5428 1771 5498; x_wconf 90' lang='lat' dir='ltr'><strong>imperio</strong></span> 
     </span>
    </p>
   </div>
   <div class='ocr_carea' id='block_1_99' title="bbox 167 5517 1767 5588">
    <p class='ocr_par' dir='ltr' id='par_1_99' title="bbox 167 5517 1767 5588">
     <span class='ocr_line' id='line_1_99' title="bbox 167 5517 1767 5588; baseline 0.004 -21"><span class='ocrx_word' id='word_1_679' title='bbox 167 5526 459 5588; x_wconf 69' lang='lat' dir='ltr'><strong>praeerat,</strong></span> <span class='ocrx_word' id='word_1_680' title='bbox 485 5519 759 5571; x_wconf 76' lang='lat' dir='ltr'><strong>arcessitis</strong></span> <span class='ocrx_word' id='word_1_681' title='bbox 785 5517 849 5570; x_wconf 90' lang='lat' dir='ltr'><strong>ad</strong></span> <span class='ocrx_word' id='word_1_682' title='bbox 874 5534 931 5573; x_wconf 87' lang='lat' dir='ltr'><strong>se</strong></span> <span class='ocrx_word' id='word_1_683' title='bbox 961 5517 1195 5572; x_wconf 67' lang='lat' dir='ltr'><strong>Prusmis</strong></span> <span class='ocrx_word' id='word_1_684' title='bbox 1232 5518 1468 5581; x_wconf 85' lang='lat' dir='ltr'><strong>civibus,</strong></span> <span class='ocrx_word' id='word_1_685' title='bbox 1511 5519 1589 5572; x_wconf 92' lang='lat' dir='ltr'><strong>uti</strong></span> <span class='ocrx_word' id='word_1_686' title='bbox 1643 5534 1767 5575; x_wconf 84' lang='lat' dir='ltr'><strong>cum</strong></span> 
     </span>
    </p>
   </div>
   <div class='ocr_carea' id='block_1_100' title="bbox 157 5606 1769 5667">
    <p class='ocr_par' dir='ltr' id='par_1_100' title="bbox 157 5606 1769 5667">
     <span class='ocr_line' id='line_1_100' title="bbox 157 5606 1769 5667; baseline 0.001 -4"><span class='ocrx_word' id='word_1_687' title='bbox 157 5609 280 5663; x_wconf 81' lang='lat' dir='ltr'><strong>eis</strong></span> <span class='ocrx_word' id='word_1_688' title='bbox 334 5606 402 5661; x_wconf 89' lang='lat' dir='ltr'><strong>de</strong></span> <span class='ocrx_word' id='word_1_689' title='bbox 458 5606 757 5662; x_wconf 85' lang='lat' dir='ltr'><strong>imminenti</strong></span> <span class='ocrx_word' id='word_1_690' title='bbox 818 5610 956 5664; x_wconf 76' lang='lat' dir='ltr'><strong>bello</strong></span> <span class='ocrx_word' id='word_1_691' title='bbox 1018 5610 1377 5667; x_wconf 65' lang='lat' dir='ltr'><strong>deliberaret:</strong></span> <span class='ocrx_word' id='word_1_692' title='bbox 1434 5611 1769 5665; x_wconf 64' lang='lat' dir='ltr'><strong>Caramattia&#39;</strong></span> 
     </span>
    </p>
   </div>
   <div class='ocr_carea' id='block_1_101' title="bbox 158 5698 1771 5772">
    <p class='ocr_par' dir='ltr' id='par_1_101' title="bbox 158 5698 1771 5772">
     <span class='ocr_line' id='line_1_101' title="bbox 158 5698 1771 5772; baseline 0.004 -22"><span class='ocrx_word' id='word_1_693' title='bbox 158 5699 484 5771; x_wconf 76' lang='lat' dir='ltr'><strong>princeps,</strong></span> <span class='ocrx_word' id='word_1_694' title='bbox 517 5698 610 5760; x_wconf 88' lang='lat' dir='ltr'><strong>ait,</strong></span> <span class='ocrx_word' id='word_1_695' title='bbox 665 5716 811 5755; x_wconf 90' lang='lat' dir='ltr'><strong>arma</strong></span> <span class='ocrx_word' id='word_1_696' title='bbox 868 5704 1027 5771; x_wconf 88' lang='lat' dir='ltr'><strong>cepit,</strong></span> <span class='ocrx_word' id='word_1_697' title='bbox 1066 5714 1122 5756; x_wconf 89' lang='lat' dir='ltr'><strong>ttt</strong></span> <span class='ocrx_word' id='word_1_698' title='bbox 1172 5718 1271 5757; x_wconf 89' lang='lat' dir='ltr'><strong>nos</strong></span> <span class='ocrx_word' id='word_1_699' title='bbox 1320 5704 1608 5772; x_wconf 90' lang='lat' dir='ltr'><strong>opprimat.</strong></span> <span class='ocrx_word' id='word_1_700' title='bbox 1667 5702 1771 5757; x_wconf 83' lang='lat' dir='ltr'><strong>Vos</strong></span> 
     </span>
    </p>
   </div>
   <div class='ocr_carea' id='block_1_102' title="bbox 154 5792 1765 5863">
    <p class='ocr_par' dir='ltr' id='par_1_102' title="bbox 154 5792 1765 5863">
     <span class='ocr_line' id='line_1_102' title="bbox 154 5792 1765 5863; baseline 0.002 -18"><span class='ocrx_word' id='word_1_701' title='bbox 154 5805 424 5860; x_wconf 73' lang='lat' dir='ltr'><strong>opt-ram</strong></span> <span class='ocrx_word' id='word_1_702' title='bbox 455 5793 602 5851; x_wconf 86' lang='lat' dir='ltr'><strong>date,</strong></span> <span class='ocrx_word' id='word_1_703' title='bbox 634 5800 691 5845; x_wconf 91' lang='lat' dir='ltr'><strong>ut</strong></span> <span class='ocrx_word' id='word_1_704' title='bbox 725 5792 789 5845; x_wconf 87' lang='lat' dir='ltr'><strong>ad</strong></span> <span class='ocrx_word' id='word_1_705' title='bbox 812 5794 1184 5863; x_wconf 80' lang='lat' dir='ltr'><strong>excipiendam</strong></span> <span class='ocrx_word' id='word_1_706' title='bbox 1224 5794 1368 5849; x_wconf 86' lang='lat' dir='ltr'><strong>illius</strong></span> <span class='ocrx_word' id='word_1_707' title='bbox 1393 5795 1521 5857; x_wconf 87' lang='lat' dir='ltr'><strong>vim,</strong></span> <span class='ocrx_word' id='word_1_708' title='bbox 1557 5796 1765 5849; x_wconf 87' lang='lat' dir='ltr'><strong>instru-</strong></span> 
     </span>
    </p>
   </div>
   <div class='ocr_carea' id='block_1_103' title="bbox 150 5883 1769 5945">
    <p class='ocr_par' dir='ltr' id='par_1_103' title="bbox 150 5883 1769 5945">
     <span class='ocr_line' id='line_1_103' title="bbox 150 5883 1769 5945; baseline 0.003 -8"><span class='ocrx_word' id='word_1_709' title='bbox 150 5883 438 5945; x_wconf 72' lang='lat' dir='ltr'><strong>ctisitis.</strong></span> <span class='ocrx_word' id='word_1_710' title='bbox 465 5894 654 5939; x_wconf 89' lang='lat' dir='ltr'><strong>etcum</strong></span> <span class='ocrx_word' id='word_1_711' title='bbox 695 5885 1041 5943; x_wconf 73' lang='lat' dir='ltr'><strong>facultatibus</strong></span> <span class='ocrx_word' id='word_1_712' title='bbox 1113 5888 1306 5944; x_wconf 77' lang='lat' dir='ltr'><strong>vestris</strong></span> <span class='ocrx_word' id='word_1_713' title='bbox 1355 5890 1405 5942; x_wconf 90' lang='lat' dir='ltr'><strong>in</strong></span> <span class='ocrx_word' id='word_1_714' title='bbox 1441 5904 1618 5944; x_wconf 87' lang='lat' dir='ltr'><strong>arcem</strong></span> <span class='ocrx_word' id='word_1_715' title='bbox 1672 5904 1769 5943; x_wconf 77' lang='lat' dir='ltr'><strong>vos</strong></span> 
     </span>
    </p>
   </div>
   <div class='ocr_carea' id='block_1_104' title="bbox 1876 4686 3456 4758">
    <p class='ocr_par' dir='ltr' id='par_1_104' title="bbox 1876 4686 3456 4758">
     <span class='ocr_line' id='line_1_104' title="bbox 1876 4686 3456 4758; baseline -0.003 -15"><span class='ocrx_word' id='word_1_716' title='bbox 1876 4687 1949 4743; x_wconf 89' lang='lat' dir='ltr'><strong>cti</strong></span> <span class='ocrx_word' id='word_1_717' title='bbox 2002 4688 2214 4758; x_wconf 89' lang='lat' dir='ltr'><strong>spoliis,</strong></span> <span class='ocrx_word' id='word_1_718' title='bbox 2260 4689 2487 4742; x_wconf 90' lang='lat' dir='ltr'><strong>rediere.</strong></span> <span class='ocrx_word' id='word_1_719' title='bbox 2527 4688 2682 4754; x_wconf 85' lang='lat' dir='ltr'><strong>Quod</strong></span> <span class='ocrx_word' id='word_1_720' title='bbox 2738 4704 2863 4740; x_wconf 85' lang='lat' dir='ltr'><strong>cum</strong></span> <span class='ocrx_word' id='word_1_721' title='bbox 2928 4687 3168 4756; x_wconf 75' lang='lat' dir='ltr'><strong>regionis</strong></span> <span class='ocrx_word' id='word_1_722' title='bbox 3228 4686 3456 4740; x_wconf 86' lang='lat' dir='ltr'><strong>voivoda</strong></span> 
     </span>
    </p>
   </div>
   <div class='ocr_carea' id='block_1_105' title="bbox 1875 4778 3456 4849">
    <p class='ocr_par' dir='ltr' id='par_1_105' title="bbox 1875 4778 3456 4849">
     <span class='ocr_line' id='line_1_105' title="bbox 1875 4778 3456 4849; baseline -0.001 -16"><span class='ocrx_word' id='word_1_723' title='bbox 1875 4791 2145 4844; x_wconf 88' lang='lat' dir='ltr'><strong>cerneret,</strong></span> <span class='ocrx_word' id='word_1_724' title='bbox 2191 4780 2340 4834; x_wconf 88' lang='lat' dir='ltr'><strong>aliud</strong></span> <span class='ocrx_word' id='word_1_725' title='bbox 2398 4780 2545 4849; x_wconf 90' lang='lat' dir='ltr'><strong>quod</strong></span> <span class='ocrx_word' id='word_1_726' title='bbox 2606 4790 2789 4849; x_wconf 80' lang='lat' dir='ltr'><strong>ageret</strong></span> <span class='ocrx_word' id='word_1_727' title='bbox 2842 4779 2974 4833; x_wconf 91' lang='lat' dir='ltr'><strong>ttiltil</strong></span> <span class='ocrx_word' id='word_1_728' title='bbox 3028 4778 3238 4839; x_wconf 88' lang='lat' dir='ltr'><strong>habuit,</strong></span> <span class='ocrx_word' id='word_1_729' title='bbox 3291 4794 3456 4847; x_wconf 89' lang='lat' dir='ltr'><strong>quam</strong></span> 
     </span>
    </p>
   </div>
   <div class='ocr_carea' id='block_1_106' title="bbox 1877 4871 3460 4943">
    <p class='ocr_par' dir='ltr' id='par_1_106' title="bbox 1877 4871 3460 4943">
     <span class='ocr_line' id='line_1_106' title="bbox 1877 4871 3460 4943; baseline -0.003 -17"><span class='ocrx_word' id='word_1_730' title='bbox 1877 4881 1934 4926; x_wconf 90' lang='lat' dir='ltr'><strong>ttt</strong></span> <span class='ocrx_word' id='word_1_731' title='bbox 1958 4888 2090 4943; x_wconf 87' lang='lat' dir='ltr'><strong>pace</strong></span> <span class='ocrx_word' id='word_1_732' title='bbox 2124 4888 2247 4926; x_wconf 90' lang='lat' dir='ltr'><strong>cum</strong></span> <span class='ocrx_word' id='word_1_733' title='bbox 2273 4873 2495 4927; x_wconf 88' lang='lat' dir='ltr'><strong>sultano</strong></span> <span class='ocrx_word' id='word_1_734' title='bbox 2528 4873 2852 4941; x_wconf 86' lang='lat' dir='ltr'><strong>composita,</strong></span> <span class='ocrx_word' id='word_1_735' title='bbox 2906 4872 3204 4942; x_wconf 82' lang='lat' dir='ltr'><strong>quotannis</strong></span> <span class='ocrx_word' id='word_1_736' title='bbox 3262 4886 3320 4925; x_wconf 88' lang='lat' dir='ltr'><strong>se</strong></span> <span class='ocrx_word' id='word_1_737' title='bbox 3363 4871 3460 4923; x_wconf 79' lang='lat' dir='ltr'><strong>tt-i-</strong></span> 
     </span>
    </p>
   </div>
   <div class='ocr_carea' id='block_1_107' title="bbox 1876 4961 3457 5035">
    <p class='ocr_par' dir='ltr' id='par_1_107' title="bbox 1876 4961 3457 5035">
     <span class='ocr_line' id='line_1_107' title="bbox 1876 4961 3457 5035; baseline -0.001 -17"><span class='ocrx_word' id='word_1_738' title='bbox 1876 4964 2066 5019; x_wconf 91' lang='lat' dir='ltr'><strong>butum</strong></span> <span class='ocrx_word' id='word_1_739' title='bbox 2141 4966 2439 5019; x_wconf 90' lang='lat' dir='ltr'><strong>missurum</strong></span> <span class='ocrx_word' id='word_1_740' title='bbox 2500 4964 2869 5033; x_wconf 89' lang='lat' dir='ltr'><strong>polliceretur,</strong></span> <span class='ocrx_word' id='word_1_741' title='bbox 2907 4961 3081 5035; x_wconf 71' lang='lat' dir='ltr'><strong>eoqu&#39;e</strong></span> <span class='ocrx_word' id='word_1_742' title='bbox 3133 4966 3350 5018; x_wconf 80' lang='lat' dir='ltr'><strong>nomine.</strong></span> <span class='ocrx_word' id='word_1_743' title='bbox 3391 4966 3457 5017; x_wconf 79' lang='lat' dir='ltr'><strong>ii-</strong></span> 
     </span>
    </p>
   </div>
   <div class='ocr_carea' id='block_1_108' title="bbox 1877 5058 3452 5127">
    <p class='ocr_par' dir='ltr' id='par_1_108' title="bbox 1877 5058 3452 5127">
     <span class='ocr_line' id='line_1_108' title="bbox 1877 5058 3452 5127; baseline 0 -16"><span class='ocrx_word' id='word_1_744' title='bbox 1877 5059 2008 5112; x_wconf 92' lang='lat' dir='ltr'><strong>Iium</strong></span> <span class='ocrx_word' id='word_1_745' title='bbox 2041 5059 2191 5113; x_wconf 89' lang='lat' dir='ltr'><strong>daret</strong></span> <span class='ocrx_word' id='word_1_746' title='bbox 2226 5059 2494 5113; x_wconf 85' lang='lat' dir='ltr'><strong>obsidem.</strong></span> <span class='ocrx_word' id='word_1_747' title='bbox 2539 5059 2750 5125; x_wconf 78' lang='lat' dir='ltr'><strong>Quibus</strong></span> <span class='ocrx_word' id='word_1_748' title='bbox 2783 5060 2944 5114; x_wconf 89' lang='lat' dir='ltr'><strong>rebus</strong></span> <span class='ocrx_word' id='word_1_749' title='bbox 2975 5060 3164 5127; x_wconf 73' lang='lat' dir='ltr'><strong>gestis,</strong></span> <span class='ocrx_word' id='word_1_750' title='bbox 3224 5058 3452 5113; x_wconf 86' lang='lat' dir='ltr'><strong>Prusam</strong></span> 
     </span>
    </p>
   </div>
   <div class='ocr_carea' id='block_1_109' title="bbox 1877 5151 3449 5221">
    <p class='ocr_par' dir='ltr' id='par_1_109' title="bbox 1877 5151 3449 5221">
     <span class='ocr_line' id='line_1_109' title="bbox 1877 5151 3449 5221; baseline 0 -15"><span class='ocrx_word' id='word_1_751' title='bbox 1877 5152 2242 5206; x_wconf 80' lang='lat' dir='ltr'><strong>Muehemetes</strong></span> <span class='ocrx_word' id='word_1_752' title='bbox 2292 5152 2526 5218; x_wconf 88' lang='lat' dir='ltr'><strong>repetiit,</strong></span> <span class='ocrx_word' id='word_1_753' title='bbox 2565 5161 2618 5206; x_wconf 90' lang='lat' dir='ltr'><strong>et</strong></span> <span class='ocrx_word' id='word_1_754' title='bbox 2671 5151 2799 5205; x_wconf 87' lang='lat' dir='ltr'><strong>inde</strong></span> <span class='ocrx_word' id='word_1_755' title='bbox 2850 5151 3037 5220; x_wconf 79' lang='lat' dir='ltr'><strong>copias</strong></span> <span class='ocrx_word' id='word_1_756' title='bbox 3074 5152 3140 5204; x_wconf 88' lang='lat' dir='ltr'><strong>ad</strong></span> <span class='ocrx_word' id='word_1_757' title='bbox 3190 5152 3449 5221; x_wconf 88' lang='lat' dir='ltr'><strong>oppidum</strong></span> 
     </span>
    </p>
   </div>
   <div class='ocr_carea' id='block_1_110' title="bbox 1874 5243 3451 5313">
    <p class='ocr_par' dir='ltr' id='par_1_110' title="bbox 1874 5243 3451 5313">
     <span class='ocr_line' id='line_1_110' title="bbox 1874 5243 3451 5313; baseline 0.001 -17"><span class='ocrx_word' id='word_1_758' title='bbox 1874 5244 2018 5313; x_wconf 91' lang='lat' dir='ltr'><strong>quod</strong></span> <span class='ocrx_word' id='word_1_759' title='bbox 2043 5243 2319 5298; x_wconf 85' lang='lat' dir='ltr'><strong>Satnsunis</strong></span> <span class='ocrx_word' id='word_1_760' title='bbox 2359 5243 2577 5307; x_wconf 87' lang='lat' dir='ltr'><strong>dicitur,</strong></span> <span class='ocrx_word' id='word_1_761' title='bbox 2630 5243 2906 5298; x_wconf 88' lang='lat' dir='ltr'><strong>traduxit:</strong></span> <span class='ocrx_word' id='word_1_762' title='bbox 2949 5258 3058 5312; x_wconf 88' lang='lat' dir='ltr'><strong>quo</strong></span> <span class='ocrx_word' id='word_1_763' title='bbox 3085 5244 3304 5312; x_wconf 90' lang='lat' dir='ltr'><strong>quidem</strong></span> <span class='ocrx_word' id='word_1_764' title='bbox 3358 5259 3451 5297; x_wconf 89' lang='lat' dir='ltr'><strong>oc-</strong></span> 
     </span>
    </p>
   </div>
   <div class='ocr_carea' id='block_1_111' title="bbox 1874 5333 3451 5403">
    <p class='ocr_par' dir='ltr' id='par_1_111' title="bbox 1874 5333 3451 5403">
     <span class='ocr_line' id='line_1_111' title="bbox 1874 5333 3451 5403; baseline -0.001 -13"><span class='ocrx_word' id='word_1_765' title='bbox 1874 5345 2091 5403; x_wconf 88' lang='lat' dir='ltr'><strong>cupato.</strong></span> <span class='ocrx_word' id='word_1_766' title='bbox 2124 5337 2431 5403; x_wconf 86' lang='lat' dir='ltr'><strong>complures</strong></span> <span class='ocrx_word' id='word_1_767' title='bbox 2474 5337 2525 5388; x_wconf 91' lang='lat' dir='ltr'><strong>in</strong></span> <span class='ocrx_word' id='word_1_768' title='bbox 2558 5335 2625 5389; x_wconf 87' lang='lat' dir='ltr'><strong>iis</strong></span> <span class='ocrx_word' id='word_1_769' title='bbox 2664 5334 2797 5389; x_wconf 91' lang='lat' dir='ltr'><strong>locis</strong></span> <span class='ocrx_word' id='word_1_770' title='bbox 2836 5335 3089 5397; x_wconf 85' lang='lat' dir='ltr'><strong>Tataros,</strong></span> <span class='ocrx_word' id='word_1_771' title='bbox 3144 5350 3172 5387; x_wconf 92' lang='lat' dir='ltr'><strong>a</strong></span> <span class='ocrx_word' id='word_1_772' title='bbox 3232 5333 3451 5389; x_wconf 81' lang='lat' dir='ltr'><strong>Teutirc</strong></span> 
     </span>
    </p>
   </div>
   <div class='ocr_carea' id='block_1_112' title="bbox 1873 5424 3446 5496">
    <p class='ocr_par' dir='ltr' id='par_1_112' title="bbox 1873 5424 3446 5496">
     <span class='ocr_line' id='line_1_112' title="bbox 1873 5424 3446 5496; baseline -0.001 -15"><span class='ocrx_word' id='word_1_773' title='bbox 1873 5429 2061 5481; x_wconf 83' lang='lat' dir='ltr'><strong>Chane</strong></span> <span class='ocrx_word' id='word_1_774' title='bbox 2093 5428 2332 5486; x_wconf 88' lang='lat' dir='ltr'><strong>relictos.</strong></span> <span class='ocrx_word' id='word_1_775' title='bbox 2395 5427 2620 5480; x_wconf 90' lang='lat' dir='ltr'><strong>invenit.</strong></span> <span class='ocrx_word' id='word_1_776' title='bbox 2661 5424 2768 5480; x_wconf 87' lang='lat' dir='ltr'><strong>llos</strong></span> <span class='ocrx_word' id='word_1_777' title='bbox 2802 5425 2983 5480; x_wconf 90' lang='lat' dir='ltr'><strong>edicto</strong></span> <span class='ocrx_word' id='word_1_778' title='bbox 3039 5426 3336 5496; x_wconf 90' lang='lat' dir='ltr'><strong>publicato,</strong></span> <span class='ocrx_word' id='word_1_779' title='bbox 3394 5427 3446 5479; x_wconf 93' lang='lat' dir='ltr'><strong>in</strong></span> 
     </span>
    </p>
   </div>
   <div class='ocr_carea' id='block_1_113' title="bbox 1874 5518 3441 5589">
    <p class='ocr_par' dir='ltr' id='par_1_113' title="bbox 1874 5518 3441 5589">
     <span class='ocr_line' id='line_1_113' title="bbox 1874 5518 3441 5589; baseline 0 -17"><span class='ocrx_word' id='word_1_780' title='bbox 1874 5518 2193 5573; x_wconf 83' lang='lat' dir='ltr'><strong>Rtttnattiam</strong></span> <span class='ocrx_word' id='word_1_781' title='bbox 2226 5520 2455 5589; x_wconf 79' lang='lat' dir='ltr'><strong>migrare</strong></span> <span class='ocrx_word' id='word_1_782' title='bbox 2485 5518 2684 5585; x_wconf 85' lang='lat' dir='ltr'><strong>jussit:</strong></span> <span class='ocrx_word' id='word_1_783' title='bbox 2738 5528 2793 5574; x_wconf 92' lang='lat' dir='ltr'><strong>et</strong></span> <span class='ocrx_word' id='word_1_784' title='bbox 2834 5518 3135 5573; x_wconf 87' lang='lat' dir='ltr'><strong>ditiuncula</strong></span> <span class='ocrx_word' id='word_1_785' title='bbox 3181 5520 3441 5588; x_wconf 84' lang='lat' dir='ltr'><strong>quadam.</strong></span> 
     </span>
    </p>
   </div>
   <div class='ocr_carea' id='block_1_114' title="bbox 1875 5611 3455 5681">
    <p class='ocr_par' dir='ltr' id='par_1_114' title="bbox 1875 5611 3455 5681">
     <span class='ocr_line' id='line_1_114' title="bbox 1875 5611 3455 5681; baseline -0.003 -13"><span class='ocrx_word' id='word_1_786' title='bbox 1875 5614 2016 5668; x_wconf 89' lang='lat' dir='ltr'><strong>haud</strong></span> <span class='ocrx_word' id='word_1_787' title='bbox 2045 5613 2231 5681; x_wconf 87' lang='lat' dir='ltr'><strong>procul</strong></span> <span class='ocrx_word' id='word_1_788' title='bbox 2261 5629 2287 5666; x_wconf 93' lang='lat' dir='ltr'><strong>a</strong></span> <span class='ocrx_word' id='word_1_789' title='bbox 2324 5623 2509 5667; x_wconf 87' lang='lat' dir='ltr'><strong>castro</strong></span> <span class='ocrx_word' id='word_1_790' title='bbox 2544 5611 2783 5672; x_wconf 85' lang='lat' dir='ltr'><strong>Ctmuza,</strong></span> <span class='ocrx_word' id='word_1_791' title='bbox 2807 5612 3049 5674; x_wconf 75' lang='lat' dir='ltr'><strong>donatit,</strong></span> <span class='ocrx_word' id='word_1_792' title='bbox 3078 5621 3135 5665; x_wconf 92' lang='lat' dir='ltr'><strong>ut</strong></span> <span class='ocrx_word' id='word_1_793' title='bbox 3157 5613 3244 5675; x_wconf 69' lang='lat' dir='ltr'><strong>,ibi</strong></span> <span class='ocrx_word' id='word_1_794' title='bbox 3278 5612 3455 5664; x_wconf 80' lang='lat' dir='ltr'><strong>domi-</strong></span> 
     </span>
    </p>
   </div>
   <div class='ocr_carea' id='block_1_115' title="bbox 1872 5702 3456 5758">
    <p class='ocr_par' dir='ltr' id='par_1_115' title="bbox 1872 5702 3456 5758">
     <span class='ocr_line' id='line_1_115' title="bbox 1872 5702 3456 5758; baseline -0.001 0"><span class='ocrx_word' id='word_1_795' title='bbox 1872 5704 1997 5758; x_wconf 82' lang='lat' dir='ltr'><strong>cilia</strong></span> <span class='ocrx_word' id='word_1_796' title='bbox 2048 5704 2147 5757; x_wconf 89' lang='lat' dir='ltr'><strong>sibi</strong></span> <span class='ocrx_word' id='word_1_797' title='bbox 2174 5704 2587 5757; x_wconf 77' lang='lat' dir='ltr'><strong>constituerent.</strong></span> <span class='ocrx_word' id='word_1_798' title='bbox 2629 5702 2751 5757; x_wconf 85' lang='lat' dir='ltr'><strong>Erat</strong></span> <span class='ocrx_word' id='word_1_799' title='bbox 2802 5703 2948 5756; x_wconf 87' lang='lat' dir='ltr'><strong>enim</strong></span> <span class='ocrx_word' id='word_1_800' title='bbox 3002 5702 3046 5756; x_wconf 91' lang='lat' dir='ltr'><strong>is</strong></span> <span class='ocrx_word' id='word_1_801' title='bbox 3079 5703 3228 5757; x_wconf 85' lang='lat' dir='ltr'><strong>locus</strong></span> <span class='ocrx_word' id='word_1_802' title='bbox 3275 5702 3456 5756; x_wconf 83' lang='lat' dir='ltr'><strong>incul-</strong></span> 
     </span>
    </p>
   </div>
   <div class='ocr_carea' id='block_1_116' title="bbox 1873 5794 3444 5867">
    <p class='ocr_par' dir='ltr' id='par_1_116' title="bbox 1873 5794 3444 5867">
     <span class='ocr_line' id='line_1_116' title="bbox 1873 5794 3444 5867; baseline -0.004 -16"><span class='ocrx_word' id='word_1_803' title='bbox 1873 5808 1962 5851; x_wconf 89' lang='lat' dir='ltr'><strong>tus</strong></span> <span class='ocrx_word' id='word_1_804' title='bbox 1990 5807 2041 5851; x_wconf 89' lang='lat' dir='ltr'><strong>et</strong></span> <span class='ocrx_word' id='word_1_805' title='bbox 2063 5798 2329 5852; x_wconf 87' lang='lat' dir='ltr'><strong>desertus.</strong></span> <span class='ocrx_word' id='word_1_806' title='bbox 2368 5800 2540 5867; x_wconf 87' lang='lat' dir='ltr'><strong>Atque</strong></span> <span class='ocrx_word' id='word_1_807' title='bbox 2564 5797 2649 5850; x_wconf 91' lang='lat' dir='ltr'><strong>illa</strong></span> <span class='ocrx_word' id='word_1_808' title='bbox 2681 5798 2901 5867; x_wconf 91' lang='lat' dir='ltr'><strong>quidem</strong></span> <span class='ocrx_word' id='word_1_809' title='bbox 2926 5796 3124 5849; x_wconf 90' lang='lat' dir='ltr'><strong>vicinia</strong></span> <span class='ocrx_word' id='word_1_810' title='bbox 3180 5803 3229 5847; x_wconf 91' lang='lat' dir='ltr'><strong>et</strong></span> <span class='ocrx_word' id='word_1_811' title='bbox 3297 5794 3444 5863; x_wconf 72' lang='lat' dir='ltr'><strong>regio</strong></span> 
     </span>
    </p>
   </div>
   <div class='ocr_carea' id='block_1_117' title="bbox 1875 5884 3441 5959">
    <p class='ocr_par' dir='ltr' id='par_1_117' title="bbox 1875 5884 3441 5959">
     <span class='ocr_line' id='line_1_117' title="bbox 1875 5884 3441 5959; baseline -0.003 -17"><span class='ocrx_word' id='word_1_812' title='bbox 1875 5890 1927 5943; x_wconf 92' lang='lat' dir='ltr'><strong>in</strong></span> <span class='ocrx_word' id='word_1_813' title='bbox 1962 5890 2100 5943; x_wconf 86' lang='lat' dir='ltr'><strong>hunc</strong></span> <span class='ocrx_word' id='word_1_814' title='bbox 2126 5890 2344 5947; x_wconf 84' lang='lat' dir='ltr'><strong>modum</strong></span> <span class='ocrx_word' id='word_1_815' title='bbox 2371 5888 2601 5944; x_wconf 78' lang='lat' dir='ltr'><strong>Tataros</strong></span> <span class='ocrx_word' id='word_1_816' title='bbox 2622 5890 2833 5959; x_wconf 79' lang='lat' dir='ltr'><strong>accepit</strong></span> <span class='ocrx_word' id='word_1_817' title='bbox 2856 5888 3081 5952; x_wconf 69' lang='lat' dir='ltr'><strong>incolas,</strong></span> <span class='ocrx_word' id='word_1_818' title='bbox 3114 5886 3201 5956; x_wconf 88' lang='lat' dir='ltr'><strong>qui</strong></span> <span class='ocrx_word' id='word_1_819' title='bbox 3233 5901 3349 5939; x_wconf 82' lang='lat' dir='ltr'><strong>eam</strong></span> <span class='ocrx_word' id='word_1_820' title='bbox 3385 5884 3441 5938; x_wconf 88' lang='lat' dir='ltr'><strong>in</strong></span> 
     </span>
    </p>
   </div>
  </div>
