4866 6594
1284 475 1389 535 603

2551 474 2748 535 ANNA
2764 476 2900 535 LES
2939 474 3272 535 TURClCl.

4465 468 4570 529 601

1294 597 1618 650 hodiernum
1669 610 1842 663 usque
1894 595 2035 649 diem
2108 595 2408 663 possident.
2479 595 2691 649 lntcrea
2759 596 2886 649 dum
2920 605 2958 658 Α
2995 593 3187 646 Serra;
3231 593 3295 644 ad
3331 591 3608 644 sultannm
3635 590 4030 644 Blucbemctcm
4060 587 4421 643 adduxerunt.
4453 591 4576 643 Erat

1294 689 1381 742 his
1417 689 1576 741 rebus
1613 687 1855 742 intentus
1885 700 2001 742 erat
2062 690 2453 749 Mucbemctcs.
2515 693 2566 742 in
2623 690 2870 743 Anatolia

1292 783 1488 835 ceditio
1508 782 1754 849 quadam
1778 794 1967 835 eoorta
1995 783 2115 844 fuit,
2159 793 2381 834 aut-tore
2434 783 2700 850 Burgluze
2755 782 2874 834 blu-

1296 875 1512 942 stapha,
1539 875 1633 943 qui
1663 874 1951 926 Scbricltis
1988 874 2302 926 "mire-diuis
2328 874 2605 940 quondam
2657 889 2875 928 meono-

1297 983 1422 1019 mus
1464 966 1660 1020 fuerat.
1700 966 1763 1020 Et
1812 967 2092 1020 scbeicbcs
2125 967 2214 1020 ille
2248 967 2600 1029 Bedrcdines,
2666 967 2748 1019 uti
2785 981 2876 1020 su-

1296 1078 1396 1131 pra
1449 1063 1727 1125 diximus.
1791 1062 1929 1129 apud
1999 1061 2203 1114 Musam
2264 1061 2621 1115 cadilescheri
2681 1077 2878 1113 munus

1299 1164 1564 1219 gesserat.
1595 1154 1785 1208 lsnica:
1817 1154 2075 1223 deinceps
2096 1155 2351 1209 exsulare
2391 1155 2598 1221 jussus.
2634 1152 2733 1207 llic
2790 1169 2879 1206 er-

1301 1263 1370 1313 go
1417 1246 1733 1314 Mustapbas
1793 1246 1845 1299 in
1897 1262 2087 1308 agrum
2161 1248 2517 1301 Aidinensem
2581 1248 2876 1315 profectus.

1302 1353 1554 1407 magnam
1583 1339 1657 1392 ibi
1686 1339 2006 1393 Seditionem
2040 1341 2327 1392 excitavit:
2364 1341 2640 1409 persnas’s
2689 1341 2880 1393 incolis

1301 1440 1359 1481 ut
1388 1431 1559 1498 ipsius
1614 1435 1863 1500 potestati
1917 1449 1975 1486 se
2023 1434 2423 1501 permitterent.
2485 1443 2538 1486 et
2590 1433 2877 1501 imperium

1303 1521 1553 1575 lnbentes
1587 1525 1934 1591 acciperent:
1974 1541 2165 1578 nomen
2191 1525 2406 1578 interim
2429 1524 2708 1594 prapheta:
2731 1540 2882 1578 men-

1303 1615 1457 1677 titus.
1487 1626 1545 1668 ut
1572 1632 1636 1668 eo
1662 1616 1874 1670 facilius
1903 1633 1989 1672 res
2023 1633 2190 1671 novas
2212 1617 2520 1672 moliretur.
2559 1616 2658 1671 Ubi
2687 1617 2754 1671 de
2781 1618 2883 1670 hoc

1303 1719 1452 1762 motu
1537 1708 1726 1764 Isnicn:
1801 1711 2086 1765 scbeiches
2168 1711 2496 1765 Bedredines
2560 1710 2878 1777 accepisset.

1304 1802 1577 1855 mconomi
1605 1801 1852 1854 videlicet
1879 1803 1960 1855 sui
1995 1818 2078 1856 res
2098 1811 2310 1856 tantum
2347 1802 2670 1855 incrementi
2700 1815 2882 1854 sume-

1306 1908 1398 1945 re:
1429 1908 1547 1946 mox
1578 1892 1750 1948 lsnica
1785 1894 1972 1948 relicti
2006 1895 2184 1963 fugam
2208 1897 2457 1963 arripuit.
2493 1909 2546 1948 et
2610 1891 2851 1947 lsvendia

2989 691 3130 758 apud
3155 690 3429 741 sultannm
3463 703 3671 753 magna
3702 686 3924 754 quidam
3969 686 4232 738 doctrinae
4260 686 4364 745 vir.
4401 688 4576 737 nomi-

2983 798 3050 834 ne
3078 781 3319 833 Slcnlana
3347 778 3604 840 Cbeider.
3642 780 3913 832 oriundus
3959 794 3989 832 e
4018 779 4260 836 Parthia.
4311 780 4450 829 unde
4517 793 4578 828 se

2985 875 3051 923 ad
3091 872 3487 924 Muchetnetem
3525 871 3854 932 centulerat,
3905 872 3997 938 qui
4029 885 4155 924 eum
4188 885 4289 937 pro
4305 871 4425 921 viro
4455 885 4577 923 san-

2983 977 3072 1019 eto
3099 965 3328 1030 colebat,
3352 974 3406 1017 et
3448 979 3476 1016 a
3516 963 3681 1017 latere
3705 978 3805 1017 suo
3835 979 4112 1026 nunquam
4147 965 4429 1016 discedere
4480 979 4578 1030 pa-

2986 1058 3244 1111 tiebatur.
3282 1056 3330 1112 ls
3360 1056 3502 1109 hanc
3527 1058 3856 1110 sententiam
3881 1056 4029 1120 tulit.
4060 1057 4330 1124 nteapitis
4357 1057 4576 1126 quidem

2986 1152 3310 1219 supplicium
3361 1150 3644 1204 scheiches
3677 1149 4006 1203 Bedredines
4038 1152 4238 1211 lueret.
4272 1153 4365 1203 sed
4419 1151 4579 1202 mini-

2990 1261 3074 1298 me
3128 1255 3310 1297 tamen
3390 1244 3524 1296 fisco
3588 1243 3871 1297 facultates
3921 1243 4097 1310 ipsius
4150 1244 4575 1311 applicarentur.

2992 1337 3248 1392 Sullanus
3271 1352 3404 1402 ergo
3436 1337 3830 1394 Muchemetes.
3854 1337 3956 1389 hac
3982 1337 4035 1390 in
4068 1352 4194 1390 eum
4228 1337 4331 1389 lata
4361 1347 4579 1389 senun-

2989 1433 3084 1494 tia.
3113 1448 3269 1500 pinna
3297 1431 3576 1500 suspendii
3621 1432 3764 1494 apud
3793 1430 3986 1485 Set-ras
4037 1431 4313 1484 hominem
4373 1430 4575 1484 affecit.

2988 1525 3182 1580 Postea
3214 1539 3362 1588 vero,
3422 1539 3587 1593 quam
3641 1525 4000 1593 exspirasset.
4059 1522 4294 1578 cadaver
4353 1523 4479 1589 ejus
4512 1522 4580 1572 de

2989 1616 3234 1687 patibulo
3266 1617 3572 1670 detractum
3629 1625 3685 1671 et
3717 1624 3875 1670 terra
3901 1616 4216 1669 mandatum
4275 1615 4397 1669 fuit.
4449 1616 4577 1668 Iule

2990 1709 3241 1762 sultanus
3273 1709 3638 1764 Muchemetes
3666 1707 3896 1764 Prusam
3945 1723 4222 1774 reversus,
4253 1709 4318 1761 ad
4353 1709 4576 1777 aliquot

2993 1802 3067 1856 ibi
3094 1813 3310 1870 tempus
3340 1803 3606 1858 substitit.
3642 1801 4030 1872 Hadrianopoli
4088 1803 4373 1872 templum.
4428 1804 4574 1868 qnol

2993 1895 3159 1948 frater
3182 1896 3303 1963 ejus
3335 1897 3473 1949 emir
3496 1895 3834 1950 Soleitnanes
3855 1904 4143 1950 exstruere
4187 1905 4454 1964 cmperat.
4487 1896 4582 1946 ab-

1306 2003 1422 2042 rem
1455 1989 1610 2044 adiit.
1645 1991 1798 2059 Apud
1826 1991 1968 2045 hunc
1998 2007 2121 2043 cum
2165 1993 2479 2060 aliquandiu
2521 1991 2876 2048 substitisset,
2916 1969 2956 2023 Β
2989 1984 3127 2036 snlvi
3153 1985 3387 2037 curarit.
3416 1985 3576 2038 Aliud
3601 1986 3765 2038 etiam
3790 1984 3981 2040 Prusae
4015 1985 4227 2046 fanum.
4261 2002 4387 2039 cum
4418 1988 4580 2039 scho-

1310 2080 1490 2133 uavim
1547 2095 1781 2135 consccn
1827 2082 1885 2142 it.
1913 2091 1965 2135 et
2011 2083 2205 2135 itinere
2257 2083 2533 2134 maritimo
2570 2080 2878 2135 Valacltiam

1308 2170 1766 2238 pctiit.Sultanns
1799 2185 1981 2228 autem
2044 2174 2410 2229 Mucbemetes
2468 2175 2740 2229 intellecto
2787 2175 2882 2228 ha-

1306 2263 1439 2316 bere
1478 2265 1588 2330 jam
1626 2264 1950 2335 Bnrgluzatn
1986 2266 2326 2336 Miletapbam
2363 2268 2685 2322 selectorum
2737 2268 2884 2321 trili—

1308 2366 1422 2410 tum
1451 2357 1516 2409 ad
1542 2357 1645 2411 tria
1673 2358 1864 2419 millia.
1895 2361 2082 2429 copias
2107 2376 2236 2413 snas
2281 2361 2334 2413 in
2380 2375 2528 2425 eum.
2556 2363 2694 2414 duce
2715 2362 2887 2414 sulta-

1310 2467 1383 2503 no
1415 2451 1620 2504 Mnrate
1667 2453 1796 2518 filio,
1829 2454 1996 2508 misit.
2031 2454 2080 2507 Is
2117 2454 2205 2507 ubi
2244 2453 2482 2521 thjazite
2539 2454 2698 2507 bassa
2726 2468 2886 2523 expc-

1310 2547 1534 2600 ditionis
1573 2550 1745 2610 socio.
1777 2565 1904 2603 cum
1939 2550 2183 2603 exercitu
2232 2550 2297 2602 ad
2330 2548 2656 2604 defectionis
2702 2558 2888 2603 aucto-

1315 2655 1426 2690 I't'ln
1457 2642 1814 2708 pervenisset.
1873 2641 2072 2695 accidit
2127 2651 2187 2696 ut
2228 2641 2434 2710 impetu
2503 2642 2790 2711 repentino
2831 2656 2890 2696 se

1313 2732 1542 2786 invicem
1579 2734 1992 2794 inmderent.et
2027 2749 2220 2788 manus
2246 2742 2356 2788 tam
2410 2735 2655 2789 animose
2699 2750 2891 2790 conse-

1316 2834 1521 2887 rerent,
1553 2835 1612 2880 ut
1644 2827 1735 2879 illo
1787 2825 1973 2894 prmlio
2039 2825 2229 2895 ingens
2271 2827 2551 2882 hominum
2605 2827 2894 2882 multitudo

1314 2921 1551 2974 caderet.
1581 2917 1817 2973 Tandem
1881 2918 2178 2988 Burglnzes
2220 2919 2554 2990 Mnstaphas.
2612 2921 2668 2976 in
2722 2920 2893 2976 frusta

1315 3014 1573 3067 concisus
1635 3014 1814 3083 periit.
1851 3014 1959 3066 Ilac
1997 3016 2065 3068 de
2113 3015 2224 3070 illo.
2275 3026 2328 3069 et
2361 3015 2739 3084 complicibus,
2803 3018 2894 3070 ob-

1318 3116 1465 3160 tenta
1515 3107 1782 3166 victoria.
1814 3109 1972 3162 rediit
2029 3109 2094 3160 ad
2137 3109 2426 3176 pristinum
2468 3111 2754 3179 imperium
2783 3126 2896 3164 om-

1321 3199 1406 3254 nis
1430 3215 1490 3251 ea
1542 3199 1698 3263 ditio,
1736 3200 2025 3254 distributa
2061 3202 2320 3271 deinceps
2351 3202 2492 3257 inter
2517 3203 2719 3257 sultani
2777 3205 2894 3258 Mu-

2984 2075 3034 2129 la
3057 2085 3109 2128 et
3169 2091 3404 2142 xenone.
3444 2077 3714 2131 condidit.
3765 2078 3941 2146 Atque
3966 2078 4118 2132 hisce
4165 2079 4329 2149 gestis
4393 2079 4580 2136 rebus.

2986 2170 3199 2224 vivendi
3238 2170 3400 2225 finem
3455 2171 3608 2226 fecit.
3656 2170 3790 2242 Ejus
3849 2173 3970 2226 loco
4029 2173 4285 2227 sultanns
4342 2173 4581 2225 Μιιηιρς

2987 2261 3433 2330 liliusimperator
3454 2262 3632 2318 factus
3661 2276 3766 2329 est,
3793 2281 3938 2320 anno
3959 2265 4063 2318 εει
4087 2265 4236 2334 (Chr.
4263 2265 4446 2332 H22).
4479 2267 4580 2330 Qui

2987 2356 3172 2413 Prusae
3187 2358 3418 2413 cadaver
3439 2360 3609 2429 patris
3629 2373 4007 2428 monumento,
4052 2377 4150 2430 pro
4166 2377 4341 2423 more,
4371 2363 4582 2417 intulit.

3060 2451 3373 2506 Secundum
3410 2454 3522 2508 haec
3549 2465 3735 2508 secuta
3771 2455 3873 2508 fuit
3902 2463 4283 2510 universorum
4325 2458 4378 2510 in
4436 2460 4581 2509 Ana-

2991 2546 3120 2599 tolia
3152 2545 3410 2610 defectio.
3445 2548 3709 2601 nimirum
3737 2549 3958 2619 lsmyre
3995 2552 4279 2620 principis.
4322 2563 4377 2605 ct
4435 2552 4581 2605 Men-

2995 2639 3155 2693 tbesii
3187 2657 3200 2691 :
3233 2649 3288 2693 et
3327 2639 3392 2692 ad
3426 2657 3696 2696 summam
3725 2684 3739 2704 .
3795 2644 4041 2697 omnium
4096 2647 4166 2697 ab
4219 2646 4371 2699 omni
4435 2657 4587 2713 parte.

2996 2748 3304 2801 procerum.
3371 2730 3428 2785 ln
3486 2734 3752 2789 Romania
3819 2751 4056 2803 namque
4100 2752 4198 2805 pro
4257 2738 4478 2790 Sultano
4528 2752 4587 2789 se

2997 2825 3225 2892 quidatn
3264 2827 3507 2895 gerebat,
3541 2829 3626 2880 cui
3698 2843 3897 2881 non-en
3963 2828 4193 2882 Dusmes
4244 2829 4583 2898 Mustapbas.

3001 2917 3050 2972 Is
3115 2918 3283 2970 lilitttn
3351 2934 3409 2972 se
3443 2918 3758 2974 Gilderunis
3815 2919 4019 2974 Chattis
4091 2921 4476 2989 profitebatur.
4536 2932 4588 2971 et

3003 3012 3322 3080 plerumque
3385 3013 3598 3066 solebat
3655 3014 3708 3065 in
3792 3014 3995 3081 Oppido
4045 3015 4307 3068 Vardarin
4359 3017 4582 3081 degere.

3003 3103 3360 3157 Transierunt
3396 3103 3448 3157 in
3479 3114 3660 3172 partes
3691 3105 3865 3174 ipsius
3898 3107 4063 3160 etiam
4127 3123 4383 3172 proceres
4457 3112 4580 3177 qui-

3003 3197 3125 3248 dam
3157 3195 3278 3260 ejus
3306 3194 3714 3266 familim,quos
3773 3196 4084 3253 Eurenoses
4147 3200 4313 3269 bcgos
4369 3214 4587 3253 vocant.

1318 3290 1584 3346 «In-metis
1609 3292 1830 3347 milites.
1881 3291 1976 3347 llis
2001 3295 2166 3349 rebus
2214 3295 2400 3362 gestis.
2439 3294 2705 3365 Bajazites
2737 3297 2896 3352 bassa
2928 3321 2974 3380 ρ
3009 3286 3240 3340 ΙΙονιιηιε

2665 3312 2705 3350 ες
2737 3297 2896 3352 bas“
2928 3321 2974 3380 ρ
3009 3286 3208 3340 Ilornm
3232 3289 3494 3344 subsidiis
3522 3289 3766 3358 adjutus.
3797 3290 3990 3346 Serras
4014 3293 4268 3347 obsedit:
4295 3309 4420 3362 qua:
4471 3296 4587 3361 qui-

1321 3397 1444 3434 t'tllll
1476 3382 1693 3436 sultano
1740 3383 1946 3440 Murate
1986 3383 2278 3439 Manissam
2333 3388 2487 3440 duxit
2549 3388 2890 3443 exercitum:

1319 3490 1431 3542 quo
1458 3474 1576 3543 ipso
1598 3476 1762 3530 etiam
1815 3477 1867 3530 in
1898 3478 2016 3532 loco
2046 3478 2268 3547 quidam
2293 3488 2409 3533 erat
2461 3479 2623 3532 homo
2678 3479 2900 3533 seditio-

1321 3584 1440 3633 sus.
1469 3567 1725 3624 Torlaces
1780 3568 2120 3640 Huggiental.
2150 3572 2386 3640 stipatus
2440 3573 2520 3626 bis
2555 3572 2699 3628 mille
2747 3573 2900 3635 viris.

1322 3662 1415 3726 qui
1445 3678 1568 3716 eum
1595 3663 1966 3717 sectabantur.
2001 3661 2112 3718 Hos
2137 3679 2260 3718 cum
2317 3662 2584 3732 Bajazites
2615 3677 2901 3721 assecutus

1327 3753 1540 3818 luisset,
1567 3763 1713 3823 terga
1742 3755 1871 3808 dare
1893 3755 2088 3824 coegit,
2137 3765 2190 3809 et
2222 3755 2398 3824 ipsum
2451 3755 2733 3812 Torlacem
2777 3775 2901 3812 cum

1324 3844 1448 3898 aliis
1477 3845 1682 3914 aliquot
1711 3846 2012 3911 conjuratis
2061 3856 2302 3914 captum,
2350 3847 2550 3900 ibidem
2606 3850 2904 3918 suspendio

1325 3935 1510 3990 necari
1537 3936 1720 4004 jussit.
1779 3935 2001 3990 Interim
2065 3937 2342 4005 profectus
2408 3938 2599 3994 Serras
2653 3940 2902 3995 sultanus

1328 4028 1716 4092 Mucbemetes,
1772 4041 1890 4081 eam
1950 4028 2221 4081 civitatem
2283 4031 2610 4099 occupavit:
2663 4041 2716 4084 et
2777 4048 2902 4086 cum

1326 4121 1512 4174 animo
1537 4136 1638 4175 suo
1692 4121 2000 4184 constituit,
2048 4121 2358 4177 Salonicam
2417 4141 2634 4194 quoque
2672 4126 2904 4180 militum

1327 4227 1530 4266 corona
1555 4213 1915 4267 circumdare.
1953 4211 2188 4267 Durante
2250 4231 2378 4269 vero
2430 4216 2707 4272 Serrensis
2757 4218 2908 4272 urbis

1328 4305 1639 4370 obsidione,
1669 4305 1962 4360 Scheicbes
1995 4307 2082 4359 ille
2104 4305 2454 4370 Bedredines.
2485 4327 2645 4378 quem
2698 4312 2751 4363 in
2807 4310 2909 4364 Va-

1329 4399 1564 4453 lachiam
1598 4397 1908 4468 profugisse
1933 4399 2198 4466 diximus,
2256 4400 2579 4457 Romaniam
2608 4403 2909 4472 ingressus,

1329 4491 1537 4560 aliquot
1567 4490 1891 4561 sophilarios
1924 4501 2049 4545 ante
2073 4506 2133 4546 se
2153 4492 2299 4547 misit
2330 4493 2385 4546 in
2415 4507 2606 4563 agrum
2641 4493 2913 4564 Zagoren-

1330 4600 1469 4645 sem.
1491 4584 1653 4653 vulgo
1686 4599 2066 4653 persuasuros.
2090 4584 2374 4654 imperium
2395 4585 2646 4642 Scheichi
2668 4589 2917 4642 Bedredi-

3005 3380 3124 3432 dem
3163 3383 3311 3444 urbs,
3352 3398 3458 3434 una
3491 3398 3616 3434 cum
3663 3399 3810 3447 arce.
3865 3400 3990 3438 mox
4052 3385 4387 3438 deditionem
4445 3388 4587 3440 fecit.

3006 3472 3146 3527 llinc
3172 3489 3492 3543 prOgrcssns
3551 3477 3804 3541 ulterius.
3847 3475 4296 3545 Hadrianopolim
4336 3479 4418 3532 ire
4481 3496 4593 3548 pe:-

3008 3568 3150 3620 rexit
3177 3585 3190 3619 :
3217 3583 3327 3636 quo
3353 3584 3474 3621 cum
3507 3570 3852 3633 accessisset.
3879 3570 4073 3623 incolae
4115 3571 4286 3638 portis
4339 3573 4590 3633 reclusi...

3005 3662 3125 3730 ejus
3164 3677 3223 3716 se
3248 3662 3368 3715 fidei
3402 3663 3768 3732 potestatique
3793 3665 4182 3732 permiserunt.
4211 3665 4289 3716 Ad
4320 3681 4589 3718 summam

3009 3764 3116 3806 tota
3155 3751 3424 3807 Romania
3451 3755 3502 3807 in
3540 3764 3720 3824 partes
3748 3754 3871 3825 ejus
3896 3758 4192 3809 concessit.
4228 3756 4355 3806 Alio
4414 3768 4591 3808 tamen

3007 3844 3170 3898 Porta
3207 3846 3454 3900 loconou
3488 3855 3626 3910 erat.
3691 3861 3856 3913 quam
3898 3845 4178 3902 Vardarii.
4227 3847 4596 3916 Posteaquam

3010 3938 3263 3993 sultanns
3291 3936 3551 4004 Murates.
3604 3939 3698 4006 qni
3738 3940 3840 3993 hoc
3891 3949 4134 4007 tempore
4192 3939 4380 3993 Prusae
4442 3940 4599 4007 dege-

3010 4029 3104 4082 bat
3137 4031 3187 4082 in
3221 4030 3352 4092 otio.
3383 4030 3615 4084 dehisce
3641 4031 3880 4084 motibus
3908 4031 4114 4085 certior
4147 4029 4327 4085 factus
4362 4032 4558 4085 fuisset
4587 4083 4602 4104 ν

3012 4122 3303 4190 Bajazitem
3371 4123 3584 4176 bassam
3628 4123 3806 4192 copiis
3881 4123 4214 4177 instructum
4272 4124 4451 4187 misit,
4509 4130 4598 4191 qut

3017 4217 3160 4268 hunc
3191 4231 3356 4283 regno
3391 4215 3706 4283 depelleret.
3738 4215 3878 4269 Cum
3921 4216 4159 4283 primum
4219 4217 4265 4269 is
4299 4215 4604 4268 Hadriano—

3015 4309 3180 4378 polim
3219 4309 3273 4362 in
3307 4306 3636 4362 Romaniam
3665 4310 3935 4372 venisset.
3973 4311 4042 4362 ab
4077 4311 4210 4364 hero
4244 4326 4350 4365 suo
4381 4310 4604 4371 defuit.

3016 4418 3080 4457 ac
3111 4402 3297 4456 Dusmi
3349 4402 3653 4471 Mustaphze
3718 4418 3776 4456 se
3809 4402 4060 4463 dedidit:
4117 4419 4147 4456 a
4205 4419 4318 4472 quo
4359 4406 4608 4459 vicissim

3018 4495 3214 4549 veziris
3263 4495 3526 4564 dignitate
3619 4493 3724 4548 fuit.
3790 4503 4042 4548 ornatus.
4117 4495 4306 4550 Eidem
4391 4509 4450 4550 et
4525 4498 4609 4548 ls-

3020 4603 3186 4657 myra:
3216 4587 3475 4657 princeps
3499 4627 3513 4647 .
3554 4588 3860 4644 Chuseines
3896 4588 4067 4656 hegus
4116 4599 4292 4643 semet
4319 4591 4605 4658 adjnnxit.

1332 4677 1386 4729 ni
1419 4676 1680 4732 divinitus
1715 4692 1839 4732 esse
1879 4677 2246 4744 destinatum;
2293 4680 2483 4736 saltem
2514 4697 2719 4752 paucos
2768 4686 2906 4737 intra
2943 4695 2989 4750 ο
3019 4679 3271 4748 Magnum
3302 4686 3482 4731 tamen
3518 4678 3758 4747 peditum
3820 4694 4156 4740 numerum.
4194 4695 4342 4744 quos
4389 4682 4609 4749 Azapos

1330 4770 1448 4824 dies
1498 4767 1788 4824 adventum
1855 4771 1973 4841 ejus
2051 4773 2513 4841 praestolarentur.
2581 4775 2719 4829 Cum
2777 4792 2905 4847 ergo

1333 4861 1622 4916 scheicbes
1658 4859 1987 4916 Bedredines
2014 4862 2124 4930 jam
2181 4865 2398 4933 prOpitls
2434 4866 2500 4924 ad
2531 4881 2626 4922 eos
2685 4868 2911 4923 accede-

1333 4963 1439 5017 ret.
1504 4970 1735 5023 magnus
1810 4955 2194 5010 seditiosorum
2257 4974 2519 5014 numerus
2595 4962 2661 5016 ad
2730 4962 2908 5031 ipsum

1334 5046 1623 5112 conﬂuxit.
1658 5057 1711 5101 et
1747 5048 1964 5102 illorum
1997 5049 2160 5120 325
2183 5067 2402 5120 quoque
2423 5069 2529 5107 non
2561 5056 2740 5124 pauci,
2774 5071 2914 5124 quos

1337 5145 1638 5210 imperante
1661 5139 1812 5196 Musa
1845 5143 2125 5198 beneflciis
2149 5145 2418 5200 obnoxios
2475 5147 2530 5200 in
2589 5149 2909 5215 magistratu

1338 5233 1441 5288 sibi
1469 5233 1798 5297 reddiderat.
1821 5234 1948 5287 dum
1992 5236 2134 5305 apud
2167 5236 2318 5290 illum
2354 5238 2710 5295 cadileseberi
2739 5241 2916 5295 ofﬁcio

1341 5326 1689 5394 fungcrrtur:
1725 5325 1798 5378 ita
1844 5325 2082 5392 quidem,
2146 5337 2204 5380 ut
2263 5328 2545 5384 hominum
2607 5333 2778 5401 capiis
2810 5351 2914 5386 non

1341 5419 1756 5472 contemnendis
1782 5415 1998 5472 cinctus
2031 5431 2194 5472 esset.
2235 5419 2431 5474 Verum
2485 5422 2647 5475 iidem
2673 5424 2915 5477 animad-

1345 5529 1522 5576 verso.
1555 5513 1778 5566 minime
1811 5510 2022 5566 felicem
2078 5510 2345 5578 futurum.
2380 5525 2560 5570 motus
2603 5516 2749 5572 illius
2803 5520 2918 5572 exi-

1346 5618 1460 5661 tum
1485 5624 1497 5658 :
1533 5606 1835 5661 Bededrine
1861 5607 2103 5668 deserto,
2127 5608 2289 5660 etiam
2318 5623 2492 5672 arma.
2521 5625 2641 5677 quae
2671 5591 2919 5681 sumpse-

1347 5707 1489 5772 rant,
1519 5697 1912 5768 deposuerunt.
1946 5695 2149 5751 Harum
2186 5696 2469 5749 turbarum
2522 5709 2745 5766 accepto
2781 5714 2918 5751 nun-

1346 5793 1444 5854 tio.
1506 5793 1775 5861 insignem
1833 5793 2133 5846 exercitum
2190 5791 2244 5843 in
2302 5805 2489 5857 agrum
2555 5789 2916 5857 Zagorensem

1347 5886 1594 5940 sultanus
1658 5885 2028 5938 Muchetnetes
2083 5879 2409 5950 expedivit:
2468 5881 2562 5948 qui
2609 5882 2918 5934 scheicbent

1347 5978 1702 6034 Bedrediuem
1738 5979 1806 6034 ibi
1837 5976 2233 6049 deprehensum
2292 5983 2574 6044 ceperunt,
2604 5989 2655 6028 ct
2705 5986 2918 6045 Captum

3012 4778 3230 4834 vocant.
3257 4771 3474 4837 collegit
3503 4771 3733 4826 Dusmes
3765 4771 3853 4825 hic
3879 4771 4220 4838 Mnstaphas.
4262 4783 4318 4825 et
4364 4773 4609 4842 insignia

3014 4864 3290 4918 concessit
3321 4863 3428 4916 illis
3469 4864 3776 4934 privilegia,
3797 4865 3891 4932 qui
3913 4874 4108 4930 sponte
4137 4864 4390 4917 militiam
4430 4867 4614 4933 ipsius

3015 4957 3392 5012 sectabantur.
3421 4957 3557 5012 Cum
3619 4957 3784 5025 igitur
3837 4957 4110 5026 ingentem
4163 4955 4278 5023 jam
4333 4960 4617 5025 coegisset

3016 5051 3342 5114 exercitum,
3393 5067 3457 5104 eo
3514 5051 3748 5106 consilio
3778 5050 4034 5105 discessit
4106 5048 4502 5116 lladriauopnli
4553 5063 4618 5104 ut

3016 5143 3244 5198 Prusam
3277 5145 3640 5198 contenderet
3669 5162 3683 5199 ;
3709 5159 3738 5196 a
3775 5159 3882 5212 qua
3917 5143 4052 5197 urbe
4081 5158 4206 5195 cmn
4242 5143 4356 5210 jam
4399 5145 4614 5196 itinere

3020 5239 3181 5292 unius
3215 5237 3326 5293 diei
3355 5239 3590 5300 abi-sset.
3623 5242 3860 5292 vezirent
3903 5253 4063 5291 suum
4087 5276 4102 5300 ,
4154 5235 4452 5305 Bajazitem
4482 5237 4618 5289 bas-

3017 5348 3160 5397 sam.
3227 5334 3499 5403 supplicio
3551 5335 3745 5403 capitis
3822 5333 4021 5386 all'eeit.
4077 5333 4302 5386 Interim
4360 5331 4621 5385 Muran-s

3018 5443 3238 5496 quoque
3262 5428 3328 5480 de
3396 5427 3539 5482 bello
3597 5426 3840 5497 gerendo
3897 5441 4021 5480 cum
4080 5426 4197 5479 suis
4241 5425 4615 5477 deliberabat.

3021 5520 3337 5575 Suadebant
3361 5537 3514 5585 vero,
3551 5523 3644 5590 qui
3682 5521 3810 5573 huic
3880 5535 3908 5573 a
3976 5519 4230 5573 consiliis
4290 5529 4471 5576 erant.
4559 5531 4624 5572 ut

3021 5611 3376 5666 Meehmetem
3427 5613 3645 5680 begun).
3703 5613 3989 5666 Michaelis
4043 5611 4234 5674 lilium,
4289 5626 4318 5663 e
4377 5626 4621 5664 (‘al'Ct‘te

3022 5703 3312 5758 'l'ocatensi
3341 5714 3646 5767 revocaret.
3675 5718 3737 5757 ac
3771 5703 4008 5758 libertati
4061 5703 4394 5756 restitueret.
4453 5703 4626 5757 llnuc

3022 5795 3189 5864 igitur
3216 5797 3538 5850 arcessitum
3568 5813 3599 5850 e
3627 5798 3903 5860 custodia.
3955 5811 4141 5849 secum
4175 5797 4231 5847 in
4291 5798 4624 5861 expeditiu-

3025 5904 3145 5940 nem
3170 5890 3307 5941 bane
3338 5891 3589 5944 sultanus
3612 5890 3847 5943 Murates
3883 5891 4136 5957 sumpsit.
4191 5904 4255 5942 ac
4291 5887 4470 5942 l’rusa
4527 5908 4625 5940 rc-

3026 5978 3172 6043 licta,
3199 5987 3262 6034 ad
3296 5999 3511 6036 amnem
3537 5981 3826 6038 L‘Iubatam
3877 5983 4159 6051 processit,
4194 5983 4420 6051 etjnxta
4485 5998 4628 6049 por;-
