4866 6594
187 327 262 391 605

1372 320 1715 379 ANNALES
1755 321 2095 380 TURCICI.

3240 317 3352 379 606

185 450 264 491 teut
288 444 435 487 castra
489 441 725 486 metatus
784 439 885 485 est.
937 430 1140 484 Eodem
1194 445 1314 483 cum
1364 439 1416 484 et
1465 432 1689 483 Dusmes
1721 435 1762 487 Α
1794 431 1995 486 Ibidem
2030 440 2277 485 mortuus
2303 439 2383 483 est
2420 430 2679 484 lbraimcs
2708 429 2893 491 bassa,
2925 412 3142 485 Chelilis
3174 428 3349 485 [lassas

185 524 439 594 llustaphas
465 524 814 589 venisset,ex
862 523 1028 575 altera
1077 531 1225 589 parte
1282 524 1459 590 pontis
1508 523 1680 573 locum

182 620 336 672 castris
370 616 578 685 delegit.
634 614 745 669 Hoc
798 616 959 669 modo
1016 613 1298 667 collocatis
1344 629 1406 664 ex
1457 613 1684 665 adverso

180 710 316 778 copiis
343 708 610 777 utriusque
638 707 919 777 principis,
956 705 1313 759 Mecbemetes
1368 706 1555 775 begus,
1591 704 1683 756 Illi—

178 799 345 853 ebaelis
367 800 521 863 ﬁlius,
546 798 809 853 militibus
844 814 871 852 a
902 797 1103 851 Dusme
1152 795 1435 864 Mustapba
1497 797 1686 849 stanti-

182 895 263 947 ltus
279 893 689 961 cognoscendum
724 908 782 947 so
809 891 1067 961 praebere,
1094 906 1156 945 ac
1193 900 1534 958 peramanter
1594 906 1686 943 eos

181 984 480 1051 compellare.
515 980 635 1049 Quo
666 981 829 1045 facto,
862 998 983 1036 cum
1016 996 1270 1051 proceres
1320 989 1482 1049 atque
1544 980 1687 1031 miti-

185 1085 266 1135 tes.
291 1076 365 1145 qui
387 1091 579 1129 secum
614 1075 817 1129 Ilusme
868 1073 1150 1141 Mnstapba
1206 1073 1304 1127 hac.
1352 1071 1690 1142 expeditione

183 1165 552 1229 coniunxerant,
588 1165 865 1220 Michaelis
896 1165 1069 1219 filium
1094 1165 1444 1233 agnovissent
1477 1180 1489 1214 :
1527 1173 1687 1216 noctu

183 1255 365 1310 fluvium
396 1256 679 1311 Ulubatam
733 1257 1077 1323 transgressi,
1137 1259 1201 1311 ad
1245 1257 1515 1310 suitanum
1574 1255 1691 1307 illu-

182 1356 321 1399 ratem
344 1362 396 1401 se
415 1347 779 1410 rantulerunt,
809 1350 968 1415 eique
1008 1362 1065 1401 se
1097 1347 1440 1400 dediderunt.
1495 1346 1547 1399 Id
1601 1346 1690 1398 ubi

178 1439 368 1491 Dusmes
395 1437 703 1507 Mustaphas
736 1436 847 1491 fieri
890 1438 1043 1502 vidit,
1105 1438 1168 1490 ad
1230 1451 1441 1489 amnem
1488 1435 1693 1503 Bugam

174 1528 400 1599 profugit,
426 1544 726 1597 magnaque
774 1528 1013 1597 pecuniae
1047 1528 1095 1581 vi
1134 1527 1290 1595 Bugae
1312 1527 1490 1596 oppidi
1526 1525 1693 1577 Cadio

173 1622 370 1680 donata,
393 1620 508 1688 ejus
531 1636 631 1688 ope
681 1619 863 1673 salvus
890 1618 1107 1683 evasit;
1153 1629 1205 1670 et
1269 1626 1487 1686 propter
1532 1617 1695 1669 Galli-

172 1712 317 1781 polim
346 1722 485 1765 trans
522 1712 717 1766 fretum
750 1712 803 1764 iu
828 1709 1147 1765 IIomaniam
1182 1725 1457 1772 reversus,
1496 1710 1690 1761 ibidem

1790 534 1963 591 pater,
2000 539 2145 577 anno
2181 522 2283 578 832
2312 522 2463 593 (Chr.
2500 522 2681 591 H30).

1858 615 2093 669 Murates
2121 627 2328 679 autem,
2360 615 2559 685 quietis
2617 625 2669 668 et
2707 615 2801 670 otii
2860 613 3118 683 longioris
3181 616 3349 681 impa—

1790 710 1950 768 tiens,
1992 708 2190 761 bellum
2221 724 2281 762 se
2312 719 2694 776 suscepturum
2737 710 2849 762 suis
2879 707 3068 772 edixit,
3090 707 3349 761 ditiuitus

1790 801 1889 851 sibi
1926 803 2258 854 mandatum.
2289 799 2473 868 Itaque
2516 802 2780 854 maximas
2807 800 2991 868 cOpias
3036 800 3100 853 ad
3161 800 3347 853 urbem

1791 892 2095 945 Sa'onieam
2152 894 2421 957 adduxit,
2458 909 2629 962 eaque
2691 895 2894 963 potitus
2942 903 3038 953 est,
3110 893 3348 947 exercitu

1792 984 1978 1051 spoliis
2002 986 2198 1053 opimis
2231 986 2440 1040 dilato:
2495 988 2635 1055 quod
2688 986 2900 1048 quidem
2959 986 3153 1040 accid't
3208 1004 3350 1039 anno

1792 1078 1895 1132 855
1927 1079 2077 1145 (Chr.
2122 1080 2299 1143 14751).

1863 1170 2029 1238 Capta
2057 1169 2326 1230 Salonira,
2356 1169 2601 1222 nonnihil
2623 1187 2647 1221 a
2678 1170 2879 1227 bellicis
2903 1172 3352 1239 occupationibus

1793 1261 2063 1315 abstinere
2132 1261 2447 1319 constituit,
2504 1270 2553 1313 et
2580 1260 2643 1313 ad
2710 1272 2961 1313 montana
3015 1260 3171 1328 loga:
3229 1277 3353 1327 pro-

1796 1354 1966 1407 fectus
1988 1362 2087 1405 est.
2124 1351 2240 1416 Quo
2264 1361 2501 1419 tempore
2539 1362 2693 1404 natus
2729 1361 2809 1404 est
2836 1352 2881 1402 ei
2917 1352 3075 1409 filius.
3111 1351 3194 1401 cui
3262 1366 3355 1401 11οο

1796 1460 1916 1497 1080
1948 1442 2294 1497 Muchctnetis
2328 1444 2608 1513 imposuit,
2646 1444 2836 1497 eodem
2864 1461 3005 1497 anno
3059 1443 3158 1496 855
3206 1442 3351 1511 (Cbr.

1799 1538 1980 1605 1181).

1870 1631 2022 1685 Edito
2046 1634 2097 1686 in
2126 1632 2299 1686 lucem
2326 1630 2456 1696 11110,
2490 1647 2661 1683 novos
2691 1629 2891 1698 signari
2939 1629 3098 1696 jussit
3126 1644 3354 1697 aspros:

1799 1740 2032 1793 moxque
2056 1738 2244 1777 rursus
2265 1724 2327 1775 ad
2361 1735 2613 1777 montana
2647 1738 2702 1776 se
2723 1720 2971 1775 contulit.
3015 1719 3066 1772 Id
3100 1722 3359 1788 temporis

170 1803 228 1856 ad
258 1804 453 1871 aliquod
481 1813 691 1870 tempus
715 1804 936 1871 quievit,
978 1801 1287 1855 navibusin
1340 1810 1534 1854 terram
1573 1802 1692 1853 suh-
1725 1786 1765 1840 Β
1797 1786 1956 1868 om";
1992 1813 2379 1882 Hadrianopoli
2442 1815 2728 1883 (emplum,
2787 1822 2839 1865 οι
2901 1812 3098 1866 “ﬁdem
3152 1786 3355 1864 ίηήγρυ

170 1895 338 1949 vectis.
370 1893 497 1947 Eum
554 1894 671 1947 sine
699 1910 848 1947 mora
882 1904 1100 1946 secutus
1158 1910 1185 1946 a
1245 1906 1397 1961 tergo
1447 1893 1694 1946 sultanus

169 1987 398 2051 Ilurates,
424 1989 606 2055 copias
638 2004 762 2042 suas
796 1998 1156 2041 mercatorum
1207 1987 1438 2056 navngiis
1476 1986 1695 2054 imposi-

167 2091 242 2135 tas
276 2081 323 2135 in
354 2081 635 2136 adversum
694 2082 847 2136 littus
878 2083 995 2135 vehi
1035 2083 1265 2147 curavit,
1296 2092 1352 2136 et
1415 2082 1603 2134 castris
1643 2080 1694 2133 in

164 2179 288 2233 Elea
317 2180 528 2245 planitie
561 2180 735 2233 locum
761 2179 920 2248 cepit.
957 2177 1091 2231 Tum
1126 2195 1252 2232 vero
1300 2177 1522 2232 Dusmes
1553 2178 1695 2231 Mus-

164 2273 365 2343 staphas
389 2275 545 2327 motis
573 2274 789 2336 castris,
815 2288 1004 2327 versus
1030 2271 1294 2325 Bolairem
1334 2271 1455 2335 fuga
1504 2287 1561 2325 se
1614 2286 1698 2321 re-

164 2367 331 2435 cepit:
367 2368 505 2419 unde
533 2382 653 2419 cum
710 2363 1156 2433 Hadrianopolim
1192 2373 1457 2433 pergeret,
1493 2380 1520 2415 a
1588 2363 1699 2417 suis

163 2461 391 2512 desertus
417 2458 540 2511 fuit.
572 2455 681 2511 Nec
714 2457 883 2509 multo
916 2464 1037 2525 post
1060 2463 1271 2519 captus,
1301 2467 1352 2506 et
1394 2454 1700 2506 Hadriano-

164 2552 315 2620 polim
350 2552 410 2604 ad
447 2550 721 2603 sultanum
753 2548 1011 2601 Muratem
1033 2548 1349 2617 perductus,
1384 2544 1697 2612 illiusjtnsu

160 2645 223 2697 de
254 2643 407 2711 pinna
443 2641 673 2711 quadam
701 2640 766 2694 ad
810 2656 1025 2693 murum
1085 2639 1239 2693 urbis
1289 2655 1590 2713 susliensus
1624 2642 1703 2691 la-

157 2751 293 2804 queo
316 2733 471 2786 vitam
509 2731 665 2785 finiit.
698 2730 814 2786 Mox
850 2730 1049 2784 ibidem
1081 2730 1329 2784 sultanus
1380 2729 1613 2783 Murates
1649 2731 1701 2781 in

158 2827 354 2895 regiqu
393 2826 644 2878 thronum
677 2824 993 2887 collocatus,
1048 2833 1101 2876 et
1161 2822 1459 2890 imperator
1507 2837 1533 2872 a
1590 2821 1705 2875 suis

156 2920 415 2972 salutatus
444 2924 543 2978 est,
574 2930 716 2969 anno
745 2914 845 2969 827
882 2914 1030 2983 (Chr.
1066 2914 1250 2981 1425).
1288 2912 1416 2968 Erat
1448 2915 1493 2965 ei
1540 2912 1705 2966 frater

155 3015 204 3065 in
240 3010 504 3067 Analolia,
539 3007 623 3061 cui
648 3021 846 3060 nomen
900 3005 1235 3071 Mustapbas.
1289 3006 1338 3059 Is
1391 3008 1550 3059 etiam
1593 3020 1705 3057 ma-

1800 1908 1961 1960 reteri
1993 1906 2249 1975 palatium
2280 1906 2496 1973 elegans
2516 1921 2576 1959 88
2600 1905 2917 1958 deliciosum
2947 1904 3149 1958 exstrui
3174 1904 3355 1973 jussit,

1798 2016 1939 2053 anno
1972 1999 2350 2053 Malmmetanu
2378 1999 2481 2053 8'55
2514 1998 2664 2068 (Chr.
2704 1998 2885 2065 H32).

1869 2092 2025 2142 Anno
2053 2098 2230 2142 autem
2263 2092 2506 2157 sequenti
2535 2089 2805 2155 proximo,
2868 2105 2989 2142 cum
3055 2087 3353 2143 Hadriano-

1802 2181 1905 2249 poli
1934 2181 2172 2249 degeret,
2200 2182 2428 2251 quodam
2464 2180 2712 2235 Mercurii
2744 2181 2851 2243 die,
2885 2182 2987 2236 sub
3050 2197 3356 2249 vesperam,

1804 2290 1971 2341 usque
2002 2274 2133 2327 adeo
2178 2275 2356 2328 lumen
2386 2274 2517 2328 solis
2546 2273 2736 2328 defecit
2769 2314 2781 2338 ,
2837 2285 2893 2326 ut
2954 2275 3193 2328 1808111111
3245 2281 3361 2326 181·-

1808 2388 1917 2423 ram
1952 2381 2299 2438 occuparent.
2332 2372 2529 2426 Eodem
2582 2385 2723 2424 anno
2757 2376 2994 2424 cometes
3016 2369 3177 2423 etiam
3239 2386 3363 2420 rau-

1803 2463 1962 2515 datns
1998 2462 2267 2530 apparuit.

1874 2555 2025 2607 Tunc
2054 2564 2105 2606 et
2170 2552 2462 2607 Eureuosis
2522 2552 2638 2621 hegi
2698 2552 2859 2611 1111118,
2920 2552 3033 2605 Alis
3065 2551 3254 2621 begus,
3310 2556 3361 2601 111

1806 2649 2086 2701 Λ11ν1101801
2121 2647 2302 2714 copias
2335 2648 2505 2706 duxit,
2537 2645 2692 2699 irrito
2720 2645 2875 2711 plane
2905 2655 3122 2699 conatu.
3182 2645 3364 2711 Neque

1807 2742 1974 2794 multo
2001 2752 2135 2808 post.
2175 2738 2599 2807 Ilerzegovinam
2634 2752 2943 2807 aggressus,
2990 2737 3183 2789 ibidem
3233 2752 3367 2803 quo-

1805 2849 1910 2902 que
1929 2847 2049 2883 cum
2084 2831 2320 2883 exercitu
2348 2831 2518 2883 victus
2554 2829 2672 2891 fuit,
2709 2846 2850 2882 anno
2869 2828 2971 2881 856
2997 2827 3146 2897 (Chr.
3183 2828 3363 2889 H35).

1880 2923 1988 2977 Ilac
2019 2922 2170 2975 clade
2233 2931 2472 2989 accepta,
2530 2923 2654 2973 dum
2700 2920 3078 2989 Iladrianopoli
3132 2918 3368 2970 Murates

1809 3018 2055 3071 sultanus
2090 3015 2435 3084 quiesceret;
2493 3014 2751 3067 limitanei
2809 3013 2996 3072 duces,
3066 3010 3364 3080 111-1888111111

150 3119 281 3172 guas
315 3102 383 3155 ibi
406 3102 591 3156 turbas
625 3100 771 3154 dedit
802 3117 815 3152 :
858 3101 949 3154 sed
1012 3100 1226 3153 tandem
1281 3097 1518 3152 Murates
1547 3113 1706 3165 81118-
1732 3122 1777 3184 C
1811 3112 1979 3165 sanan
2025 3110 2072 3161 ιη

1443 3108 1518 3152 les
1547 3113 1706 3165 θῐΡε·
1732 3122 1777 3184 C
1811 3112 1979 3165 Sinan
2025 3110 2213 3177 begus,
2258 3108 2444 3161 lsacus
2483 3107 2670 3172 begus,
2698 3115 2752 3158 et
2800 3104 3117 3159 Turcbanes
3177 3106 3365 3172 begus.

149 3197 406 3251 ditionem
470 3196 734 3249 adversus
820 3194 1039 3247 fratrem
1098 3192 1358 3260 suscepit,
1424 3203 1474 3246 et
1527 3192 1708 3246 Isniem

148 3300 367 3354 captum
442 3286 621 3341 necari
673 3285 868 3355 jussit;
932 3284 1071 3337 unde
1108 3284 1334 3337 Prusam
1378 3294 1599 3345 vectus,
1658 3294 1712 3337 et

141 3386 298 3454 juxta
330 3392 536 3449 patrem
578 3381 826 3433 conditus
854 3378 972 3431 fuit.
1014 3377 1323 3431 Secundum
1387 3378 1500 3430 haec
1554 3376 1712 3429 rediit

146 3474 402 3525 sultanus
448 3470 682 3523 Mutates
723 3467 1184 3534 Iladrianopolim,
1212 3483 1319 3536 quo
1356 3482 1476 3521 cum
1528 3480 1716 3534 perve-

155 3566 354 3624 nisset,
391 3563 461 3617 de
526 3562 764 3616 voivodaa
819 3557 1043 3613 Valacbi
1077 3558 1381 3613 defectione
1439 3556 1709 3626 cognovit.

141 3661 491 3729 Quapropter
514 3655 693 3709 ductis
734 3656 784 3707 in
819 3651 1137 3706 Valacbiam
1190 3652 1386 3721 copiis,
1440 3652 1709 3719 regionem

142 3754 463 3804 universam
493 3747 633 3801 foede
654 3746 899 3814 diripuit,
939 3754 990 3797 et
1042 3743 1237 3811 amplis
1299 3743 1498 3811 potitus
1553 3739 1714 3809 326

138 3844 363 3913 spoliis,
401 3840 844 3907 Hadrianopolim
886 3855 991 3890 rev.
1015 3853 1137 3892 rsus
1168 3846 1272 3898 est,
1305 3851 1449 3888 anno
1479 3833 1603 3887 827.

214 3938 357 3992 Inde
413 3950 607 3989 rursus
661 3932 713 3986 in
752 3930 1055 3984 Anatoliam
1120 3928 1431 3997 profectus,
1500 3926 1714 3996 lstnyrre

140 4031 463 4102 principem
491 4026 697 4078 ditione
726 4038 821 4076 sua
872 4023 1095 4090 expulit,
1132 4032 1185 4074 et
1225 4030 1481 4087 praeterea
1535 4018 1712 4085 regio-

139 4124 339 4178 nibus.
368 4117 738 4179 Mentesiaute,
766 4112 1070 4175 Aidinensi,
1100 4110 1436 4171 Sarehauiae,
1472 4117 1524 4160 et
1576 4108 1717 4160 Che-

138 4213 416 4271 midensi,
458 4205 703 4277 pra'sidia
757 4221 981 4259 suorum
1012 4204 1291 4266 imposuit,
1318 4199 1564 4255 deductis
1620 4216 1713 4253 eo-

132 4306 266 4360 dem
304 4301 567 4361 coloniis,
604 4309 655 4351 et
684 4297 831 4366 agris
860 4297 999 4349 inter
1018 4311 1142 4347 suos
1174 4292 1501 4347 distributis.
1553 4288 1714 4343 Ge~ta

130 4411 275 4449 vero
318 4394 539 4447 fuerunt
572 4393 682 4442 bzrc
705 4389 896 4441 eodem
928 4403 1071 4440 anno
1103 4386 1203 4437 8'27
1244 4383 1395 4451 (Chr.
1427 4380 1610 4450 “25).

1812 3216 1931 3255 eum
1998 3201 2220 3261 adeunt,
2256 3210 2306 3251 et
2362 3210 2564 3252 orant:
2623 3207 2942 3267 potestatem
2997 3197 3094 3249 sibi
3151 3196 3367 3256 faceret,

1814 3292 2129 3346 invadendae
2161 3306 2220 3344 ac
2274 3291 2664 3359 depopulanda:
2728 3290 2985 3343 Albaniae.
3039 3288 3189 3355 Quod
3249 3304 3369 3342 cum

1812 3387 1891 3439 eis
1958 3386 2342 3442 concessisset,
2405 3385 2520 3446 ipse
2584 3382 2868 3451 prmaltum
2924 3397 3089 3450 prope
3147 3383 3368 3434 f‘rusutn

1813 3486 2051 3531 montem
2100 3475 2249 3539 adiit,
2305 3492 2463 3544 quem
2516 3491 2656 3527 110111·
2700 3485 2930 3528 momen:
2990 3472 3370 3541 Calogerorutn

1815 3575 2045 3621 vocant:
2080 3566 2165 3619 ubi
2191 3573 2427 3619 1881818111
2462 3563 2607 3617 illam
2672 3564 2795 3617 anni
2830 3564 2932 3617 858
2985 3563 3135 3631 (Cbr.
3190 3562 3371 3619 MSS).

1812 3655 2009 3725 exegit.
2062 3654 2189 3707 Inde
2244 3669 2495 3707 reversus
2577 3653 3041 3722 Hadrianopolim.
3092 3653 3375 3705 adductam

1809 3748 1967 3813 jussu
1995 3760 2096 3800 suo
2135 3744 2283 3798 Bulci
2316 3745 2478 3798 filiam
2518 3746 2865 3799 matrimonio
2896 3746 3217 3813 sibijuuxit.

1886 3838 1996 3892 lloc
2031 3853 2171 3891 anno
2204 3853 2396 3890 rursus
2420 3836 2714 3891 Eurenosis
2774 3838 2890 3907 begi
2948 3838 3110 3897 lilius,
3148 3838 3260 3890 Alis
3288 3839 3379 3890 be-

1816 3946 1936 3999 gus,
1966 3932 2017 3981 in
2046 3929 2333 3982 Atbaniam
2368 3928 2661 3997 profectus,
2688 3930 2953 3981 maximas
2989 3930 3195 3997 111-181188
3249 3929 3375 3992 egit,

1815 4033 1868 4076 et
1906 4023 2076 4084 ampla
2114 4021 2285 4089 spolia
2316 4021 2625 4089 reportavit,
2659 4035 2803 4073 anno
2865 4019 2966 4073 851)
3001 4019 3149 4087 (Chr.
3190 4018 3373 4079 1156).

1887 4112 2121 4165 Murates
2179 4126 2358 4165 autem
2411 4128 2531 4165 cum
2574 4113 2812 4165 exercitu
2872 4111 3245 4165 Caramaniatn
3301 4111 3380 4161 in-

1819 4222 2039 4273 gressus
2062 4214 2163 4259 est.
2199 4205 2301 4259 Sed
2330 4205 2491 4258 rebus
2517 4221 2636 4257 cum
2671 4205 2943 4257 lbrahimc
3001 4204 3153 4271 bcgo.
3207 4203 3379 4270 regio-

1822 4298 1903 4349 nis
1929 4298 2191 4364 principe,
2230 4297 2544 4357 transactis,
2601 4312 2701 4365 pax
2761 4297 2903 4349 inter
2934 4311 3030 4349 eos
3087 4299 3378 4350 constituta

1821 4391 1939 4445 fuit.
1971 4392 2024 4441 In
2058 4390 2227 4443 reditu
2257 4400 2495 4444 castrum
2526 4391 2774 4442 Buruzen
2820 4389 2920 4443 sibi
2954 4390 3207 4458 subjecit,
3240 4407 3382 4443 anno

203 4486 353 4540 Post
380 4484 466 4536 illa
500 4500 619 4533 eum
645 4470 708 4533 ad
739 4492 951 4548 tempus
1007 4478 1229 4545 aliquod
1287 4475 1467 4530 Prusae
1501 4477 1708 4529 80ομιὶ-
1744 4470 1783 4521 D
1814 4485 1904 4537 3“
1938 4483 2140 4551 (1457),

126 4581 332 4637 tisset.
362 4575 533 4644 quieti
564 4574 812 4627 deditus:
857 4573 1069 4626 tandem
1117 4581 1369 4637 suscepta
1427 4584 1615 4621 rursus
1663 4568 1715 4621 in

124 4668 484 4722 Romaniam
512 4666 866 4734 profectione,
925 4663 1114 4716 Lazari
1146 4663 1403 4716 ditionem
1440 4661 1717 4729 ingressus

120 4770 241 4820 est,
286 4759 777 4825 eaquedespotam
812 4770 994 4809 senem
1058 4769 1284 4821 prorsus
1343 4751 1523 4821 ejeeit,
1574 4766 1717 4803 anno

119 4853 543 4905 Malmmelano
568 4848 669 4901 8‘29
695 4847 843 4917 (Chr.
878 4845 1058 4913 “‘27).

197 4943 309 4996 His
354 4940 649 4993 exantlatis
714 4938 993 4993 laboribus
1026 4955 1086 4990 ac
1122 4937 1411 4996 molestiis,
1455 4937 1625 5005 quieti
1661 4952 1721 4989 se

109 5036 373 5104 quidem
411 5032 578 5093 dedit,
630 5031 722 5082 sed
754 5047 855 5084 non
912 5032 1217 5083 diuturnae:
1279 5031 1407 5082 dum
1462 5029 1720 5082 Anatolio:

112 5135 423 5177 riioritana
450 5128 672 5188 peteret,
704 5120 982 5187 captandae
1015 5120 1315 5189 frigidioris
1353 5134 1497 5171 aurae
1526 5134 1713 5171 causa.

109 5217 399 5270 Rursum
437 5227 564 5265 vero
615 5213 891 5280 trausjecit
953 5214 1005 5265 in
1064 5210 1404 5272 Rontaniam,
1469 5220 1521 5262 et
1556 5211 1721 5263 armis

105 5311 361 5365 Lazaro
392 5304 577 5368 illatis,
611 5305 916 5357 universam
945 5303 1062 5372 ejus
1107 5304 1379 5373 regionem
1434 5301 1721 5370 populatus

102 5415 226 5467 est,
254 5414 431 5454 anno
458 5398 558 5453 830
590 5396 739 5466 (Chr.
778 5396 957 5464 1428).

190 5496 362 5547 Hinc
399 5492 621 5561 quidam
650 5506 711 5544 ex
761 5491 1108 5557 proceribus,
1174 5489 1255 5541 eui
1286 5491 1498 5558 ;nomen
1548 5493 1723 5545 Hoser

102 5587 336 5649 beans,
390 5585 447 5636 in
476 5583 723 5635 Anatolia
751 5583 1010 5634 ditionem
1040 5581 1311 5633 Zietueaut
1349 5582 1574 5636 Muratis
1616 5583 1717 5635 im-

100 5678 290 5745 perio
326 5676 559 5745 adjecit,
617 5691 758 5729 11111111
785 5676 877 5729 851
914 5675 1067 5742 (Chr.
1104 5674 1282 5737 “9.9),
1320 5690 1441 5727 cum
1502 5676 1718 5728 interitu

100 5768 406 5825 saltantis
461 5769 571 5825 ipse
641 5766 1020 5834 Iladrianopoli
1093 5768 1274 5834 quiete
1331 5782 1387 5819 se
1451 5768 1710 5819 relieetet.

1890 4575 2013 4626 Inde
2046 4575 2260 4641 repetiit
2290 4574 2756 4641 Hadrianopolim,
2792 4585 2953 4643 atque
2992 4576 3060 4627 ibi
3124 4578 3381 4642 templum

1819 4667 2082 4719 anlilicare
2109 4667 2277 4733 cmpit
2310 4684 2321 4719 :
2367 4682 2486 4718 cum
2519 4667 2750 4734 quodam
2788 4666 3009 4718 Veneris
3041 4667 3149 4738 die,
3177 4684 3386 4718 summa

1822 4774 2000 4815 mane,
2064 4760 2295 4826 primum
2363 4758 2591 4826 lapidem
2648 4758 2901 4809 manibus
2953 4759 3066 4826 ipse
3127 4758 3239 4809 suis
3292 4774 3387 4825 po-

1824 4848 2040 4900 suisset.

1892 4940 2018 4993 Post
2042 4940 2152 4993 bzec
2185 4938 2235 4991 in
2272 4938 2563 5006 Ungariam
2636 4940 2851 5007 irrupit,
2881 4950 2932 4993 et
2973 4956 3062 4994 sex
3122 4940 3172 4992 in
3206 4955 3265 4992 ea
3299 4955 3387 4993 ca-

1822 5031 1990 5084 stellis
2023 5031 2219 5098 potitus
2254 5042 2355 5090 cst,
2391 5045 2531 5083 anno
2563 5030 2659 5084 841
2698 5030 2848 5099 (Chr.
2884 5032 3055 5099 1457).

1897 5120 2049 5175 Unde
2100 5138 2373 5182 reversus,
2425 5122 2740 5191 aliquandiu
2798 5122 2952 5175 bellis
3016 5124 3296 5186 abstinuit,
3338 5134 3389 5177 ct

1824 5216 2073 5267 instituta
2112 5215 2457 5268 solemnitate
2514 5216 2769 5279 maxima,
2836 5216 3114 5269 sultanum
3164 5215 3384 5269 Muche-

1825 5319 2014 5361 10818111
2071 5307 2242 5360 filium
2274 5306 2588 5360 circumcidi
2650 5310 2880 5362 curavit.
2938 5307 3047 5361 Hac
3097 5307 3389 5361 festivitate

1823 5408 2061 5467 peracta,
2116 5398 2489 5451 Semendriam
2552 5400 2703 5452 duxit
2778 5401 3095 5459 exercitum,
3161 5416 3388 5468 eamque

1825 5489 2252 5543 Inunilionemiu
2297 5498 2613 5558 potestatem
2650 5491 2876 5560 redegit,
2914 5508 3057 5545 anno
3091 5493 3193 5546 812
3236 5493 3385 5554 (Chr.

1826 5582 2008 5650 1458).

1895 5672 2029 5727 Ilinc
2054 5671 2117 5725 ad
2148 5671 2363 5731 Albam,
2418 5686 2578 5739 quam
2605 5670 2846 5725 Graecam
2873 5682 3087 5737 vocant,
3122 5687 3344 5726 accessu
3376 5691 3387 5725 :

1826 5765 1915 5819 sed
1950 5780 2069 5818 cum
2090 5780 2205 5817 eam
2238 5779 2547 5833 expugnare
2574 5780 2677 5817 non
2703 5764 3165 5833 posset,abductis
3191 5767 3386 5834 cepiis,
