4866 6594
213 330 311 389 609

1463 315 1812 382 ANNALES
1846 315 2179 376 TURCICI.

3262 380 3263 383 η
3329 323 3438 385 610

209 456 333 509 ger:
362 450 410 493 et
442 449 588 493 tanto
616 439 834 510 quidem
867 454 991 494 eum
1027 439 1231 509 impetu
1264 436 1489 491 Muralis
1519 435 1767 489 invasere
1797 436 1837 487 Δ
1871 430 2150 497 ingressus
2205 440 2285 484 est
2315 447 2326 482 :
2362 431 2451 485 ubi
2507 446 2628 486 eum
2688 432 2963 488 civitatem
3023 433 3287 492 Gercmen
3342 456 3437 494 es-

206 532 407 602 copias,
446 541 502 586 ut
531 534 765 587 hostium
796 542 1088 601 utrumque
1112 546 1282 586 cornu
1315 530 1366 583 in
1412 528 1590 596 fugam
1643 540 1768 595 pro-

207 627 499 697 pellerent;
531 634 694 695 atque
714 626 814 679 hoc
841 627 894 679 in
916 623 1167 678 conﬂictu
1205 621 1559 692 beglerbegus
1625 618 1769 672 Ana-

208 719 344 773 tolize
367 733 539 773 caesus
572 717 694 772 fuit.
723 717 881 771 Solus
905 716 1081 770 adhuc
1135 713 1372 768 Murates
1402 727 1523 766 cum
1556 710 1769 780 agmine

206 826 299 863 suo
328 810 505 865 stabat
524 811 801 869 immotus,
830 809 1041 863 caeteris
1068 807 1137 861 ab
1159 817 1386 874 utroque
1439 806 1607 859 latere
1644 817 1765 869 pro-

208 903 415 966 stratis,
452 911 545 956 aut
581 900 707 969 fuga
748 901 992 971 dilapsis.
1030 901 1103 955 lbi
1137 911 1247 956 tum
1284 899 1517 953 Murates
1571 899 1799 976 erectis.

204 994 264 1045 ad
296 994 493 1047 caelum
530 994 723 1059 oculis,
760 1009 916 1064 opem
954 992 1041 1049 sui
1076 978 1315 1047 numinis
1344 1000 1399 1045 et
1445 989 1767 1045 Mahumetis

207 1085 495 1152 implorare
522 1086 863 1154 solliciteque
892 1082 1137 1154 precari,
1158 1099 1224 1138 ne
1256 1066 1314 1139 se
1339 1092 1445 1137 tam
1511 1081 1763 1150 praesenti

203 1178 440 1245 periculo
502 1193 683 1232 rerum
734 1179 1070 1234 desererent.
1133 1177 1343 1244 Quibus
1399 1175 1651 1245 precibus
1691 1175 1763 1228 ita

200 1268 508 1336 conceptis,
558 1282 685 1339 mox
742 1269 913 1335 aleam
966 1268 1135 1339 praelii
1194 1275 1455 1321 trmtatam
1511 1264 1761 1318 vidisses.

199 1359 410 1428 Quippe
438 1376 552 1423 rex,
582 1361 868 1416 immodica
916 1359 1228 1417 ferocientis
1249 1358 1415 1413 animi
1461 1356 1764 1411 temeritate

198 1451 487 1520 impulsus,
558 1452 610 1506 in
666 1452 879 1508 medios
939 1453 1148 1508 Turcos
1198 1466 1397 1523 equum
1466 1448 1666 1518 adegit,
1712 1455 1769 1500 ct

196 1559 415 1599 summo
439 1560 561 1598 cum
589 1545 710 1600 nisu
738 1545 962 1601 Muralis
998 1545 1173 1615 ipsius
1212 1554 1376 1610 caput
1417 1543 1590 1612 petiit.
1623 1541 1759 1595 Dum

198 1634 249 1685 in
284 1634 426 1687 hunc
453 1632 671 1687 modum
699 1627 1028 1689 furibundus
1059 1632 1423 1704 progreditur,
1447 1646 1579 1686 casu
1626 1644 1762 1699 quo-

193 1725 323 1778 dam
355 1725 573 1790 accidit,
608 1734 662 1780 ut
688 1742 862 1796 equus
898 1727 1078 1796 regius
1109 1725 1173 1778 ad
1207 1733 1401 1779 terram
1450 1722 1758 1791 prolabere-

194 1825 305 1869 tur.
336 1816 470 1871 Tum
496 1818 717 1888 quidam
750 1834 779 1873 e
840 1818 1078 1886 peditum
1112 1832 1362 1881 numero,
1418 1825 1475 1869 et
1504 1814 1642 1868 alius
1699 1829 1764 1868 ex

192 1907 390 1962 ordine
437 1909 852 1976 Genizarorum,
912 1920 1296 1973 accurrentes,
1348 1908 1472 1979 equi
1526 1907 1767 1963 tendines

194 2002 529 2057 inciderunt.
559 2001 746 2074 itaque
784 2018 906 2072 rege
955 2004 1101 2058 humi
1134 2012 1425 2073 prostrato,
1486 2017 1611 2055 mox
1639 2016 1766 2071 pro-

193 2102 367 2149 vecta:
392 2094 472 2148 vir
497 2095 693 2162 aetatis,
728 2094 932 2151 Cheser
957 2096 1147 2166 begus,
1196 2096 1286 2165 qui
1342 2106 1470 2149 tunc
1498 2093 1673 2147 adhuc
1701 2108 1766 2146 ex

190 2185 353 2256 Elpia
374 2187 575 2242 familia
604 2199 875 2257 superstes
911 2196 1047 2251 erat,
1106 2202 1169 2242 ex
1218 2202 1359 2257 equo
1407 2186 1763 2248 descendens.

193 2279 311 2350 regi
358 2290 518 2349 caput
546 2286 808 2350 amputat,
835 2278 1000 2350 328
1023 2287 1074 2333 et
1122 2278 1337 2334 sultano
1363 2276 1553 2331 Murati
1586 2275 1763 2332 offert.

193 2370 268 2435 is,
304 2370 408 2426 hoc
445 2370 755 2441 spectaculo
785 2371 959 2435 laetus,
988 2370 1270 2426 confestim
1331 2370 1538 2441 regium
1603 2378 1766 2439 caput

190 2467 369 2519 hastae
389 2465 543 2535 jubet
574 2464 733 2535 affigi.
773 2465 929 2533 Quod
959 2466 1050 2521 ubi
1110 2467 1312 2522 factum
1340 2466 1552 2530 fuisset,
1609 2467 1761 2522 hasta

186 2558 253 2610 in
280 2558 449 2611 altum
476 2556 686 2612 sublata
711 2558 934 2613 clamari
990 2569 1251 2629 carptum,
1286 2560 1426 2629 regis
1458 2558 1559 2613 hoc
1603 2569 1766 2630 caput

185 2662 337 2700 esse.
366 2645 502 2701 Tum
534 2664 659 2703 vero
692 2647 877 2712 Turci,
910 2648 1002 2711 qui
1040 2649 1190 2717 prius
1218 2649 1354 2719 fugae
1385 2666 1443 2705 se
1471 2650 1761 2717 dederant,

189 2741 303 2791 hoc
332 2738 519 2793 audito
541 2740 799 2801 clamore,
827 2740 1042 2795 reﬂexis
1066 2742 1242 2811 equis,
1304 2757 1497 2796 rursus
1529 2743 1595 2795 ad
1650 2742 1766 2795 Mu-

186 2840 370 2884 ratem
399 2828 793 2886 confluxerunt.
821 2832 932 2897 Qua
961 2847 1017 2886 re
1054 2848 1085 2887 a
1135 2832 1460 2889 Christianis
1522 2837 1764 2890 animad-

184 2940 379 2987 versa,
409 2939 533 2979 cum
566 2926 789 2996 reliquis
820 2942 1008 2982 eorum
1042 2927 1437 2997 copiisJancus
1481 2931 1532 2984 in
1582 2929 1761 2999 fugam

180 3031 257 3071 se
292 3016 545 3086 conjecit.
575 3014 685 3071 lloc
736 3017 894 3073 modo
931 3018 1088 3073 victis
1145 3018 1497 3086 Christianis,
1556 3036 1619 3076 ac
1678 3021 1763 3075 fu-

177 3092 492 3177 gientibus,
516 3109 683 3165 .Turci
712 3125 804 3165 eos
831 3112 902 3166 ab
940 3112 1091 3166 omni
1150 3120 1304 3181 parte
1364 3114 1643 3182 persequi,
1698 3130 1761 3170 ac
1788 3130 1830 3189 ο

176 3204 462 3272 plurimos
484 3204 748 3261 occidere.
778 3205 986 3261 Interea
1024 3222 1154 3261 vero
1184 3204 1456 3267 Genizari.
1516 3221 1580 3261 ac
1614 3208 1761 3276 pedi-

174 3307 278 3350 tes
302 3295 772 3360 Tureici,‘currus
820 3309 871 3352 et
903 3297 1285 3367 impedimenta
1330 3298 1761 3353 Christianorum

170 3387 760 3453 adortidiripuerunt,
793 3399 846 3444 et
890 3390 1093 3460 ingenti
1153 3391 1308 3459 potiti
1364 3400 1491 3444 sunt
1543 3391 1760 3460 praeda:

167 3494 305 3548 qua
333 3481 550 3550 quidem
589 3483 655 3535 ad
683 3483 959 3536 sultanum
1004 3482 1269 3537 Muratem
1334 3485 1516 3550 allata,
1576 3494 1762 3539 mutuo

161 3572 298 3627 sibi
328 3573 580 3642 gratulati
613 3583 761 3637 sunt,
796 3582 849 3629 et
877 3573 1026 3629 illum
1060 3575 1201 3629 diem
1232 3576 1285 3629 in
1343 3574 1512 3631 fastos
1576 3577 1761 3631 referri

151 3665 497 3734 jusserunt.
522 3664 895 3737 Exactumque
935 3667 1037 3721 fuit
1082 3667 1148 3721 ab
1175 3667 1255 3721 eis
1297 3676 1468 3722 totum
1518 3668 1619 3723 hoc
1667 3669 1762 3722 tri-

158 3760 365 3810 duum
396 3758 540 3810 omni
590 3773 787 3827 genere
844 3758 1153 3814 hilaritatis.
1210 3757 1306 3815 His
1361 3761 1522 3815 rebus
1574 3762 1762 3830 gestis,

153 3850 485 3917 imperium
507 3848 757 3905 sultanus
789 3849 1021 3906 Murates
1058 3851 1254 3906 iterum
1306 3852 1522 3907 sultano
1548 3854 1765 3909 Muche—

155 3944 323 3995 meti
353 3941 464 3995 filio
491 3942 745 4004 restituit.
784 3951 838 3997 et
868 3943 983 4011 ipse
1011 3941 1303 3997 Manissam
1362 3959 1611 4028 reversus
1656 3956 1755 3999 est.

144 4034 565 4088 Muchemetcs
606 4050 773 4103 regno
805 4050 990 4088 rursus
1017 4034 1171 4097 inito,
1204 4050 1336 4114 mox
1361 4051 1554 4105 aspros
1594 4051 1761 4091 novos
1785 4032 1812 4104 ί

144 4130 403 4198 signari
442 4128 662 4182 nomine
680 4142 781 4183 suo
809 4127 988 4195 jussit,
1019 4143 1161 4182 anno
1187 4129 1291 4182 849
1314 4130 1465 4199 (Chr.
1506 4118 1719 4198 “Mn

252 4221 319 4275 In
352 4220 484 4287 ipsis
512 4231 691 4274 autem
728 4219 1099 4275 Muchemetici
1155 4222 1307 4290 regni
1365 4216 1535 4276 novis'
1575 4225 1761 4293 auspi-

136 4315 315 4371 ciis.
350 4314 478 4367 urbs
519 4311 1039 4381 liadrianopolitana
1074 4321 1186 4366 tota
1244 4314 1475 4368 ﬂammis
1530 4331 1758 4370 accensa

130 4406 583 4472 conflagravit:
616 4413 670 4458 et
710 4402 957 4457 Genizari
992 4404 1255 4458 seditione
1276 4412 1570 4466 commota,
1592 4408 1757 4475 majo-

128 4517 272 4555 res
337 4511 582 4551 annonas
650 4497 1030 4566 postularunt:
1105 4511 1214 4550 non
1275 4496 1413 4565 plebi
1497 4499 1759 4552 duntaxat

126 4594 387 4660 injecta
463 4588 842 4658 trepidatione,
929 4603 1116 4643 verum
1182 4589 1343 4641 etiam
1436 4589 1757 4658 beglerbego

120 4682 464 4739 Chadumi
525 4681 697 4734 bassa:
760 4679 948 4733 mortis
1010 4680 1273 4733 intentato
1328 4681 1609 4748 periculo:
1665 4681 1757 4750 qui

118 4780 263 4831 vix
308 4773 362 4826 in
397 4787 576 4824 arcem
627 4771 693 4823 ad
753 4771 1022 4823 sultanum
1086 4770 1475 4824 Mucbemetem
1522 4770 1757 4838 elapsus,

112 4867 351 4927 saluti
384 4880 500 4920 sua:
526 4862 814 4918 consuluit.
848 4862 1067 4915 Interim
1123 4859 1377 4915 Genizari
1427 4878 1520 4929 per
1572 4861 1755 4914 urbem

108 4961 331 5020 [agile
366 4955 626 5027 grassari,
652 4962 706 5009 et
731 4954 914 5008 omnia
940 4968 1033 5023 per
1087 4967 1355 5006 summam
1415 4952 1756 5005 insolentiam

103 5052 473 5119 diripere:
501 5048 671 5101 donec
714 5045 928 5099 tandem
951 5045 1029 5100 eis
1056 5058 1270 5097 annona
1320 5044 1548 5097 semisse
1595 5044 1759 5097 unius

94 5147 674 5218 aspriaugcretur,
735 5149 898 5223 atque
951 5139 1024 5193 ita
1084 5137 1526 5192 tumultuantium
1592 5138 1757 5190 animi

96 5241 537 5301 sedarentur.

217 5325 592 5395 Compositis
618 5325 766 5380 hisce
793 5324 986 5389 turbis,
1038 5324 1210 5378 Chelil
1251 5324 1406 5379 bassa
1463 5322 1641 5389 Vesir,
1704 5334 1758 5377 et

90 5426 248 5485 τιμᾶ
301 5419 590 5474 Romanis:
639 5432 923 5484 proceres,
987 5416 1226 5469 unanimi
1261 5416 1488 5469 consilio
1517 5425 1571 5469 et
1626 5432 1755 5469 con-

82 5531 356 5581 sensu
394 5512 627 5565 Manissa
659 5512 931 5563 sultanum
956 5507 1216 5561 Muratem
1256 5508 1448 5560 iterum
1489 5507 1553 5559 ad
1608 5523 1759 5560 sum-

82 5621 335 5673 mam
359 5617 545 5656 rerum
576 5601 975 5654 arcessiverunt
1011 5616 1023 5650 :
1057 5596 1147 5666 qui
1182 5597 1282 5649 hoc
1315 5610 1537 5664 accepto
1568 5600 1755 5649 nuntio

84 5719 307 5770 ..τοι
351 5700 420 5751 ad
447 5697 718 5751 sultanum
750 5693 1132 5747 Muchemetem
1169 5708 1226 5746 se
1272 5693 1499 5744 contulit
1532 5691 1756 5746 Hadria-

82 5795 461 5870 nupolint,
488 5802 541 5845 et
577 5792 753 5845 hicmc
781 5787 1026 5857 sequenti
1055 5802 1175 5841 cum
1226 5787 1461 5838 cxi-rcitu
1528 5786 1756 5841 Morcam

1863 1619 1957 1688 qui
2007 1621 2397 1690 significarent,
2459 1625 2727 1696 ngaros‘,

1871 530 2162 589 pugnatam
2192 521 2430 576 dedisset
2483 523 2712 587 excidio,
2763 533 2815 578 et
2848 526 2951 579 alia
2985 526 3230 595 qnmdam
3287 535 3436 601 Oppi-

1868 611 1990 664 dula
2021 613 2295 681 cepisset,
2328 614 2577 671 abductis
2603 617 2776 687 copiis
2797 659 2811 681 ,
2832 618 3290 688 .lladrianopolim
3355 641 3437 679 re.

1868 701 1987 766 diit,
2023 717 2169 758 anno
2201 704 2306 759 850
2323 706 2475 774 (Chr.
2508 706 2694 778 1445).

1938 794 2145 851 Castris
2170 796 2549 870 lladrianopoli
2582 802 2766 868 motis,
2801 802 2853 856 in
2911 805 3194 859 Albanium
3249 806 3429 868 duxit,

1867 896 1922 967 et
1953 902 2132 942 arcem
2164 888 2479 944 Cotziacurn
2511 891 2564 945 in
2592 893 2801 948 ditione
2848 891 3074 950 Joannis
3123 900 3431 968 occupavit,

1869 991 1932 1030 ac
1963 978 2274 1033 universam
2304 981 2579 1046 regionem
2625 983 2832 1053 rapinis
2869 988 3139 1042 exhausit.
3200 990 3433 1044 Albanu-

1868 1084 1986 1123 rum
2021 1070 2278 1140 princeps
2307 1071 2573 1128 lseodaraa
2589 1075 2865 1143 dominus,
2885 1094 3007 1133 cum
3074 1083 3185 1134 suis
3232 1084 3434 1138 cedens

1866 1160 2096 1233 aufugit.
2159 1163 2343 1234 Itaque
2413 1164 2649 1221 Mur-ales
2706 1184 2953 1239 magnam
3005 1169 3241 1244 regionis
3287 1176 3433 1229 illius

1866 1262 2074 1321 partem
2102 1255 2346 1324 adjunxit
2373 1258 2601 1327 imperio
2638 1263 2791 1327 .sito;
2823 1277 3057 1333 cumque
3100 1266 3433 1322 Christiano-

1867 1359 1983 1399 rum
2020 1347 2217 1415 templa
2243 1348 2523 1415 diruisset,
2550 1368 2613 1431 ac
2649 1353 2701 1407 iu
2723 1356 2978 1411 messitas
3007 1367 3431 1425 commutasset,

1866 1436 2163 1493 Turcorum
2186 1442 2431 1497 colonias
2456 1445 2506 1497 in
2541 1444 2625 1498 illa
2653 1445 2768 1519 loca
2799 1449 3046 1503 deduxit.

1934 1526 2029 1584 His
2078 1529 2287 1586 Murate
2311 1533 2473 1588 rebus
2513 1534 2818 1605 ‘océupato,
2885 1540 3063 1595 nuntii
3117 1541 3385 1597 advenere
3417 1585 3459 1605 ..

2811 1628 3075 1695 Saxones,
3162 1632 3430 1701 Boemos;

1868 1708 2191 1774 Germanos,
2223 1722 2276 1767 et
2327 1713 2616 1780 Valaehos,
2687 1720 2940 1775 maximis
2984 1724 3189 1777 coactis
3237 1725 3427 1794 cepiis,

1866 1803 1974 1870 jam
2007 1804 2072 1857 ad
2104 1803 2294 1859 Albam
2324 1822 2494 1877 usque
2540 1808 2783 1865 Grtrcam
2835 1813 3129 1882 appulisse,
3180 1831 3433 1886 progres-

1869 1909 2025 1951 suros
2056 1896 2120 1949 ad
2150 1897 2300 1966 ipsos
2326 1899 2551 1956 Cosova:
2585 1917 2824 1971 campos.
2856 1907 2984 1976 Ejus
3017 1910 3089 1964 rei
3122 1908 3262 1964 fama
3316 1910 3429 1966 sul-

1869 1994 2026 2042 tanus
2065 1988 2303 2046 Murates
2329 1993 2616 2063 impulsus,
2648 1996 2877 2051 Albania
2906 2002 3113 2063 rclicta,
3167 2001 3427 2072 Sophiam

1868 2095 2079 2135 summa
2111 2080 2462 2138 festinatione
2515 2087 2765 2153 accessit,
2825 2089 3007 2160 ibique
3063 2095 3321 2154 sulistitrt.
3377 2096 3428 2148 in

1866 2186 2081 2227 omnem
2112 2176 2598 2247 partemintentus,
2623 2195 2732 2251 quo
2768 2183 2981 2238 scilicet
3028 2196 3319 2255 erupturus
3345 2188 3431 2243 hic

1869 2273 2047 2320 motus
2072 2276 2238 2322 esset.
2273 2268 2445 2325 Simul
2496 2273 2759 2341 expeditis
2791 2276 2842 2329 in
2875 2290 3066 2333 omnes
3121 2282 3429 2348 provincias

1864 2354 2083 2421 litteris,
2121 2358 2319 2414 milites
2352 2362 2639 2418 universos
2683 2380 2830 2420 arma
2872 2383 3086 2439 capere,
3143 2381 3196 2426 et
3225 2374 3434 2442 absque

1868 2464 2017 2503 riiora
2076 2449 2128 2503 in
2180 2461 2356 2507 castra
2416 2458 2706 2513 convolare
2744 2458 2931 2530 jussit.
2977 2462 3151 2518 Fuere
3194 2466 3430 2537 denique

1869 2540 2091 2631 collecta
2124 2544 2309 2597 decem
2343 2546 2511 2601 millia
2546 2548 2937 2608 Genizarorum
2964 2594 2979 2620 ,
3014 2566 3065 2609 et
3104 2556 3207 2611 alia
3241 2558 3424 2612 decent

1869 2632 2034 2685 millia
2075 2636 2339 2703 peditum,
2393 2643 2485 2708 qui
2542 2640 2737 2699 Turcis
2784 2644 2950 2715 Διειρί
2983 2646 3261 2703 dicuntur.
3288 2650 3430 2706 Prte-

1870 2732 2015 2779 terea
2074 2744 2303 2798 magnus
2364 2733 2645 2789 hominum
2697 2753 2958 2794 numerus
3008 2742 3073 2793 ad
3131 2758 3253 2796 cum
3293 2762 3428 2798 cono

1867 2818 2021 2874 fluxit
2053 2837 2115 2875 ex
2148 2822 2213 2876 iis
2246 2820 2337 2891 qui
2376 2841 2406 2878 a
2448 2827 2640 2882 militia
2686 2832 3019 2901 casteroquin
3047 2847 3202 2889 erant
3233 2836 3428 2891 immu-

1868 2926 1984 2966 nes.
2046 2909 2327 2968 Habebant
2376 2917 2520 2970 enim
2570 2908 2832 2976 muralem
2898 2939 2996 2993 pro
3054 2924 3167 2981 viro
3217 2939 3426 2983 sancto.

1867 3000 2063 3070 Copias
2094 3005 2158 3057 ad
2182 3021 2452 3064 summam
2479 3000 2901 3067 innumerabiles
2926 3014 3161 3083 collegit,
3197 3018 3264 3070 ab
3308 3018 3430 3073 aliis

1866 3094 2028 3147 etiam
2080 3097 2264 3161 rebus,
2299 3097 2438 3153 bello
2507 3104 2738 3170 gerendo
2798 3107 3152 3170 necessariis,
3217 3112 3431 3181 egregio

1871 3186 2208 3243 instructus:
2242 3206 2267 3242 a
2302 3195 2585 3249 tormentis
2615 3196 2934 3265 majoribus,
2975 3198 3215 3270 inquam,
3274 3205 3429 3257 bom-

1868 3275 2074 3344 bardis,
2102 3278 2292 3345 hastis,
2327 3284 2585 3339 arcubus.
2645 3288 2942 3342 Arcessivit
2972 3293 3134 3345 etiam
3187 3295 3251 3347 ad
3289 3298 3429 3349 hane

1866 3371 2984 3453 expeditionemsultanumMuchemetem
3024 3384 3214 3447 lilium,
3261 3398 3316 3439 ut
3373 3389 3427 3441 in

1864 3480 1924 3518 ea
1957 3465 2092 3534 patri
2125 3480 2307 3521 comes
2334 3457 2569 3523 adesset:
2604 3456 2811 3525 Interea
2850 3488 2980 3545 vero
3002 3515 3015 3537 ,
3042 3477 3168 3530 dum
3223 3480 3275 3532 in
3331 3480 3428 3535 bo—

1864 3568 2002 3612 stem
2075 3559 2187 3628 ipse
2224 3562 3212 3642 proﬁciscitug,_Valacbi'Danubium
3278 3580 3427 3629 navi-

1866 3651 2357 3722 giistransjiciunt,
2385 3665 2443 3709 ut
2473 3672 2686 3731 omnem
2746 3644 2933 3730 agrum
2992 3661 3423 3734 Nicopolitanum

1864 3743 2010 3799 ferro
2038 3762 2101 3801 ac
2162 3747 2400 3804 flammis
2453 3760 2731 3823 vastarent
2770 3770 2792 3825 εἰ
2817 3754 2911 3809 sed
2957 3756 3003 3812 is
3065 3770 3297 3814 conatus
3360 3739 3425 3816 er.

1866 3838 2106 3907 ipsorum
2161 3840 2328 3895 animi
2395 3844 2679 3919 sententiae
2714 3861 2821 3900 non
2875 3850 3161 3905 successit.
3217 3852 3426 3921 Quippe

1865 3930 2126 3985 limitanci
2152 3948 2405 4000 proceres
2429 3934 2479 3987 in
2507 3928 2575 4011 iis
2601 3927 2798 4013 looisk'
2821 3937 3180 4008 Mechemetrs
3240 3946 3422 4013 begus,

1864 4032 1914 4076 et
1948 4024 2025 4076 lsa
2070 4023 2337 4091 begus,et
2391 4014 2634 4107 Usgur'is;
2674 4029 2838 4093 ﬁlius,
2887 4046 3008 4085 cum
3063 4035 3422 4088 Acanziorum

1865 4117 2036 4185 copiis
2064 4115 2332 4173 Valachos
2361 4105 2782 4195 North-multos
2806 4105 2979 4179 ex‘eis
3014 4125 3420 4181 interfecerunt.

1863 4209 2019 4273 Quod
2090 4210 2177 4263 ubi
2232 4209 2437 4264 factum
2500 4211 3023 4289 Murates'accepit,
3071 4234 3176 4269 non
3234 4235 3419 4287 parum

1863 4302 2221 4367 exhilaratus,
2249 4303 2416 4357 alacri
2440 4319 2563 4358 mox
2596 4284 2780 4383 animo
2807 4323 2993 4362 verSus
3032 4310 3251 4365 Cosovm
3311 4315 3422 4382 ph-
3460 4312 3478 4388 ς

1866 4399 2055 4453 nitiem
2090 4415 2211 4452 cum
2233 4402 2473 4452 exercitu
2509 4384 2785 4469 profectus
2832 4402 2933 4459 est.
2997 4403 3231 4457 Ducebat
3279 4422 3421 4458 enun

1790 4469 1834 4524 θ
1864 4491 2145 4545 hominum
2175 4493 2238 4545 ad
2273 4490 2545 4560 octoginta
2584 4492 2756 4580 'mil‘lia
2784 4534 2796 4557 ,
2827 4504 2932 4575 tam
2962 4496 3228 4564 equitum,
3259 4480 3450 4566 quam
3500 4524 3503 4527 -

1862 4584 2127 4654 peditum.
2164 4583 2242 4638 Ad
2267 4586 2491 4639 Cosova:
2523 4602 2745 4655 campos
2773 4601 2897 4640 cum
2932 4589 3291 4654 pervenisset,
3322 4585 3421 4643 ob-

1863 4678 2004 4730 vium
2065 4676 2253 4731 habuit
2299 4676 2549 4731 laneum.
2595 4677 2931 4748 Quapropter
3001 4681 3255 4749 utrinque
3321 4698 3421 4750 pn-

1862 4768 2059 4835 gnandi
2095 4770 2236 4823 facto
2295 4768 2471 4831 initio,
2523 4770 2763 4839 displosa
2821 4769 2973 4824 fuere
3009 4777 3267 4825 continuo
3314 4774 3419 4850 dici

1863 4862 2148 4929 noctisque
2175 4863 2351 4928 spatio
2383 4871 2655 4916 tormenta
2688 4861 2901 4916 bellica.
2941 4862 3182 4919 Tandem
3215 4867 3419 4919 Jancus

1862 4952 1914 5006 in
1940 4953 2148 5007 hostem
2188 4952 2305 5006 acie
2330 4953 2588 5020 producta
2616 4954 2841 5021 duplici,
2884 4952 3093 5009 Turcos
3140 4955 3211 5009 ab
3269 4972 3421 5009 utro-

1861 5060 1966 5112 que
2001 5060 2169 5099 cornu
2200 5044 2351 5098 fusos
2392 5053 2535 5112 terga
2568 5045 2697 5098 dare
2728 5046 2926 5115 coegit.
2985 5044 3216 5116 Jamque
3270 5052 3420 5101 snlns

1863 5138 1998 5191 adeo
2029 5138 2320 5191 comitatus
2351 5139 2577 5199 aulicus,
2616 5140 2833 5191 sultano
2889 5138 3095 5193 Murate
3156 5155 3263 5193 non
3322 5143 3417 5193 de-

1862 5238 2027 5293 serto,
2062 5229 2236 5283 locum
2266 5244 2420 5283 suum
2468 5229 2521 5282 in
2564 5231 2679 5283 acie
2740 5230 3007 5285 tuebatur.
3066 5230 3419 5301 Objet'labunt

1862 5320 2190 5375 Christianis
2223 5330 2374 5375 scuta
2410 5335 2505 5374 sua
2564 5321 2839 5382 Genizari,
2904 5331 3171 5375 tormenta
3226 5323 3416 5376 bellica

1863 5413 1913 5463 in
1948 5427 2039 5466 eos
2070 5413 2392 5480 dirigebant,
2427 5412 2693 5481 scl0petos
2751 5412 3103 5466 obvertebant
3154 5414 3413 5483 undique.

1862 5505 2034 5559 Simul
2089 5520 2117 5558 a
2178 5515 2326 5573 tergo
2384 5506 2627 5568 camelis,
2683 5505 2863 5569 mulis,
2919 5513 2971 5557 ct
2996 5506 3249 5559 curribus
3300 5522 3416 5559 sese

1864 5600 2194 5662 munientes,
2229 5607 2334 5650 tam
2390 5598 2600 5651 fortiter
2632 5598 2807 5651 hostis
2870 5596 3128 5665 impetum
3185 5599 3416 5651 sustine-

1862 5689 2014 5742 bant.
2076 5696 2131 5740 ut
2174 5686 2431 5740 Muratem
2490 5702 2610 5740 cum
2655 5687 2802 5741 hisce
2842 5688 3011 5756 c0piis
3065 5688 3195 5751 suis,
3261 5689 3411 5739 Chri~

1798 5782 1799 5785 “
1863 5784 2020 5841 stiani
2045 5783 2160 5837 loco
2196 5782 2514 5837 submovere
2552 5782 2695 5835 nulla
2745 5782 2792 5836 vi
2834 5796 2971 5852 posse
2996 5791 3070 5846 nt,
3107 5797 3201 5835 nec
3238 5782 3282 5833 al
3311 5800 3413 5849 qua
