4866 6594
1289 513 1386 573 611
2547 507 2896 569 ANNALES
2925 505 3257 568 'l'L'iiCiCl.
4417 504 4517 570 6|!

1291 629 1446 684 clade
1476 623 1706 679 afficere.
1740 622 1872 679 Cum
1926 631 2103 679 autem
2137 619 2401 693 proﬂigati
2455 625 2604 691 prius
2657 622 2860 678 aClni-
2894 632 2932 684 Α
2967 622 3040 675 ris
3080 622 3130 675 in
3184 635 3374 678 omnes
3428 621 3736 693 provincias
3801 633 3928 674 suas
3990 617 4281 690 expetiitit,
4325 616 4522 689 quibus

1291 722 1482 780 atiauis
1512 719 1564 775 iu
1599 726 1830 789 utroque
1857 733 2024 774 cornu
2061 717 2250 784 Turci,
2285 718 2621 774 Christianus
2676 734 2853 773 armn-
2958 729 3149 767 onmes
3182 724 3289 767 tam
3326 712 3590 768 Anatolio:
3662 728 3826 782 quam
3861 709 4134 765 lientania
4163 708 4340 778 coegit
4368 720 4526 764 eser-

1294 829 1412 869 rum
1460 827 1626 869 onere
1680 810 1846 866 nimio
1907 821 2160 881 gravatos
2220 811 2732 873 animadverterent,
2789 809 2856 866 de
2958 806 3120 871 ritus,
3156 806 3444 862 conductis
3473 806 3637 862 etiam
3665 803 3835 861 vicies
3872 802 4019 858 milia
4041 801 4335 874 peditibus.
4365 794 4526 856 Geni-

1291 902 1558 961 lndustria
1589 902 1770 974 fugam
1823 901 2184 972 arripientes,
2221 902 2538 971 insequendi
2591 903 2731 956 viam
2778 903 2858 956 eis
2963 913 3213 952 zarorum
3237 908 3390 953 erant
3417 897 3484 954 ad
3519 897 3706 954 decem
3742 895 3932 952 millia.
3965 893 4335 951 Convolaruut
4355 902 4410 948 et
4437 890 4524 946 alii

1292 1006 1642 1066 aperuerunt.
1671 992 1884 1064 Quippe
1911 991 2206 1049 Christiani
2259 1008 2316 1049 se
2362 1009 2507 1058 ntus,
2565 990 2735 1046 instar
2777 988 2858 1044 di-
2961 988 3270 1058 comtlures
3304 990 3371 1045 ad
3406 1004 3553 1054 eum,
3579 989 3776 1061 quibus
3808 989 4009 1057 alioqui
4045 984 4310 1042 militandi
4332 998 4522 1041 neces-

1295 1085 1749 1157 iuviienjusitam,
1802 1085 2087 1142 concitatis
2138 1083 2316 1155 equis,
2403 1081 2685 1139 diii‘udcre.
2751 1080 2853 1135 Sed
2959 1079 3093 1134 sitas
3125 1095 3229 1134 non
3293 1079 3657 1137 int-umbelia.
3716 1077 3914 1135 Bellica
3981 1091 4202 1150 quoque
4258 1084 4524 1132 tormenta

1295 1175 1479 1240 anri.
1513 1177 1602 1247 qni
1628 1179 1806 1247 fugam
1843 1176 2098 1242 inierant,
2130 1190 2392 1246 equorum
2423 1189 2589 1229 cursu
2623 1171 2690 1228 ad
2716 1173 2856 1227 latus
2962 1167 3111 1222 fundi
3142 1165 3320 1240 Iussit,
3355 1168 3528 1226 instar
3555 1168 3873 1226 dracomun.
3907 1166 3986 1224 ita
4017 1181 4142 1222 cum
4210 1166 4357 1221 oraui
4419 1176 4529 1220 tor-

1297 1268 1511 1329 iuiL-so.
1566 1269 1846 1337 expeditos
1899 1276 1950 1322 et
1999 1267 2234 1323 inermes
2285 1266 2717 1323 Christianorum
2755 1265 2856 1319 mi-
2962 1267 3268 1314 mentorum
3302 1268 3588 1331 apparatu.
3622 1260 3894 1332 tantisque
3942 1273 4064 1316 cum
4098 1259 4273 1331 copiis
4301 1255 4527 1314 liadria-

1297 1364 1414 1418 Inus
1441 1362 1602 1434 329
1631 1362 1967 1427 invaserunt,
2003 1376 2140 1432 quos
2175 1360 2348 1416 nudos
2375 1375 2495 1416 esse
2528 1366 2748 1422 norant,
2805 1368 2857 1414 et
2961 1350 3139 1422 nepoii
3175 1349 3474 1423 profectus.
3503 1366 3679 1410 castra
3736 1351 4214 1424 Constantinopoli
4245 1350 4483 1407 admovit
4513 1367 4528 1408 :

1297 1460 1348 1509 in
1381 1473 1472 1508 eos
1502 1453 1753 1509 atarritcr
1787 1454 2036 1509 acinaces
2093 1467 2222 1509 suos
2269 1451 2626 1508 strinxerunt.
2667 1447 2724 1504 id
2779 1448 2856 1504 illi
2958 1439 3325 1515 dispIOsisque
3356 1445 3672 1507 tormentis.
3709 1461 3920 1511 muros,
3988 1455 4042 1501 et
4087 1446 4285 1516 pinnas
4315 1458 4530 1507 eorttm,

1295 1566 1417 1600 rum
1463 1546 1574 1600 ilrri
1610 1556 1919 1612 cernerent,
1957 1545 2242 1601 celerrime
2290 1545 2668 1614 catapltrartos
2698 1543 2853 1612 equi-
2958 1531 3189 1604 disiecit.
3223 1534 3538 1603 Christiani,
3566 1548 3830 1609 quotquot
3858 1536 3978 1594 urbi
4041 1536 4294 1608 praesidio
4351 1543 4529 1598 enim.

1299 1646 1376 1691 ιρις
1409 1653 1536 1692 suo.
1571 1650 1738 1692 343cm.
1767 1646 1936 1692 ιυιιις
1982 1636 2180 1706 quibus
2244 1635 2330 1691 ubi
2385 1634 2491 1704 jam
2551 1649 2660 1688 non
2714 1642 2857 1689 esset,
2960 1623 3170 1681 fortiter
3195 1625 3270 1682 illi
3290 1627 3508 1698 quidem
3539 1643 3598 1685 se
3631 1629 3993 1686 defendebant
4020 1629 4150 1684 :scd
4177 1629 4366 1684 urbem
4391 1625 4528 1682 tueri

1299 1735 1589 1798 integrum.
1669 1729 1720 1782 in
1772 1726 1977 1782 Turcos
2034 1727 2206 1783 aciem
2269 1726 2446 1781 denuo
2501 1733 2854 1781 convertere:
2959 1726 3150 1774 eontra
3181 1718 3287 1774 vim
3323 1718 3680 1776 Muchentetis
3727 1720 3868 1776 haud
3922 1727 4194 1786 poterant.
4253 1717 4313 1774 is
4363 1719 4533 1785 enim,

1300 1817 1511 1872 tandem
1556 1817 1754 1868 mutuis
1792 1831 1850 1870 se
1885 1815 2204 1871 vulneribus
2256 1815 2520 1871 coniicere
2546 1824 2854 1887 ceperunt,
2959 1823 3217 1866 concessa
3247 1809 3400 1865 militi
3437 1811 3673 1877 liuentia,
3705 1810 3994 1882 diripiemli
4053 1808 4529 1878 Constantinopo-

1300 1919 1458 1977 atque
1483 1909 1552 1962 ita
1590 1907 1783 1962 solutis
1813 1915 1865 1962 et
1895 1907 2171 1975 dissipatis
2222 1903 2531 1973 ordinibus,
2587 1907 2858 1962 exercitus
2893 1975 2920 1977 _
2962 1899 3077 1963 litn.
3104 1899 3265 1956 modo
3281 1915 3397 1956 eam
3429 1909 3810 1973 occupassent,
3861 1915 4031 1972 usque
4061 1903 4198 1956 adeo
4225 1898 4529 1954 Turcorum

1298 1975 1479 2054 omnis
1504 1999 1555 2053 in
1585 1999 1780 2054 ftedam
1825 2013 1944 2055 sese
2001 1996 2190 2068 fugant
2248 1998 2502 2070 coniecit.
2548 1995 2681 2054 Tum
2733 2010 2860 2053 vero
2888 1975 2937 2037 Β
2965 1992 3175 2046 animos
3209 1991 3458 2046 accendit
3486 2031 3500 2054 .
3535 1999 3592 2046 ut
3620 2005 3817 2063 magno
3851 1989 4000 2046 Iliam
4026 2005 4150 2046 cum
4213 1989 4417 2061 impetu
4447 1987 4532 2043 in-

1300 2089 1484 2153 Turci,
1508 2106 1642 2161 quos
1667 2099 1825 2144 antra
1861 2088 2064 2160 fugisse
2087 2091 2348 2156 diximus,
2381 2089 2506 2144 hinc
2551 2087 2675 2145 inde
2722 2102 2854 2145 con-
2960 2083 3241 2147 vaderent.
3274 2095 3672 2155 oppugnarent.
3709 2099 3801 2156 per
3835 2084 3941 2140 vim
3970 2084 4208 2156 denique
4239 2087 4528 2154 caperent.

1301 2181 1523 2251 globati,
1555 2178 1933 2236 Citristiaoisa
1955 2189 2106 2252 tergo
2141 2184 2206 2235 ad
2241 2180 2414 2252 ipsam
2475 2195 2646 2251 usque
2679 2179 2860 2236 munl-
2959 2175 3120 2233 Potiti
3153 2191 3284 2233 vero
3313 2186 3440 2232 sunt
3469 2177 3602 2234 urbe
3632 2176 3825 2244 Turci,
3882 2176 3971 2234 die
4003 2174 4266 2234 vicesimo
4324 2174 4532 2232 mensis

1301 2274 1501 2327 tionem
1551 2279 1854 2328 castrorum
1911 2270 2286 2328 inhnserunt:
2349 2270 2557 2343 fuitque
2610 2270 2862 2343 deinceps
2960 2266 3278 2325 liebuiluioe.
3312 2268 3571 2325 Sultsnus
3635 2265 4037 2335 Muchemetes,
4069 2265 4257 2324 urbem
4312 2278 4527 2338 captam

1301 2368 1593 2432 pugnatum
1639 2365 1901 2432 utrinque
1932 2372 2044 2418 toto
2074 2361 2295 2424 illndie.
2337 2376 2506 2433 usque
2564 2360 2631 2417 ad
2679 2376 2863 2433 respe-
2962 2358 3555 2431 lngressus,hinciude
3623 2375 3718 2433 per
3766 2374 3884 2418 eam
3931 2357 4291 2431 obequitavit,
4341 2358 4532 2414 obstu-

1302 2473 1436 2521 I'uttt,
1465 2465 1518 2511 et
1544 2470 1572 2511 a
1597 2470 1826 2526 vespera
1862 2469 2051 2511 rursus
2078 2454 2140 2509 ad
2172 2453 2470 2510 diluculum
2496 2468 2685 2526 usque.
2729 2452 2861 2510 iatt-
2961 2463 3188 2521 peseens
3220 2449 3286 2507 ad
3329 2450 3614 2507 inusitatas
3644 2449 3994 2508 aedificiorum
4022 2453 4248 2507 formas.
4305 2449 4443 2506 Cum
4478 2449 4529 2504 iu

1299 2566 1396 2604 eus
1419 2559 1622 2616 autem,
1654 2564 1776 2603 cum
1811 2546 1884 2603 ita
1915 2560 2028 2602 rem
2065 2547 2173 2618 geri
2236 2546 2474 2612 videret,
2512 2556 2633 2603 astu
2685 2561 2744 2604 se
2797 2545 2864 2604 ab
2961 2541 3340 2599 Atmimlenem
3373 2547 3738 2615 pervenisset,
3767 2545 4080 2602 columnam
4118 2542 4192 2600 ibi
4261 2541 4530 2613 lapideam

1301 2640 1575 2696 exercitus
1598 2638 1888 2695 Christiani
1919 2637 2215 2710 reliquiise
2262 2641 2458 2696 castris
2497 2639 2754 2698 subduxit
2809 2649 2864 2697 st
2961 2635 3114 2701 vidit.
3144 2637 3228 2692 cui
3264 2635 3457 2708 triplex
3513 2647 3632 2694 erat
3679 2637 3970 2710 impositus
3990 2651 4216 2710 serpens
4288 2635 4536 2694 aheueus

1306 2727 1560 2800 profugit.
1619 2726 1943 2785 Christianis
1998 2728 2064 2784 ad
2129 2741 2434 2786 extremum
2482 2731 2657 2796 vietis,
2710 2728 2862 2789 Jaucl
2963 2727 3214 2800 idemque
3253 2730 3472 2802 triceps.
3514 2729 3670 2786 illum
3720 2737 4094 2803 conspicatus,
4118 2728 4372 2802 quidnam
4432 2730 4540 2788 hoc

1307 2819 1465 2876 rebus
1485 2818 1759 2884 omnibus,
1795 2833 1916 2876 cum
1946 2823 2262 2887 tormentis,
2312 2829 2365 2877 et
2407 2821 2658 2879 universo
2703 2837 2864 2895 appa-
2962 2829 3106 2878 esset
3138 2820 3286 2891 idoli,
3315 2823 3580 2893 quatsivit.
3615 2821 3790 2879 Simul
3828 2823 3881 2880 in
3905 2837 4028 2881 eum
4051 2829 4305 2881 contorta
4336 2838 4535 2894 magna

1308 2918 1425 2966 ratu
1463 2910 1655 2965 bellico
1685 2909 1837 2983 petiti
1870 2910 2023 2968 fuere
2054 2910 2254 2968 Turci:
2306 2911 2505 2984 quibus
2573 2915 2638 2969 ad
2694 2915 2864 2970 sulta-
2966 2912 3014 2968 vi
3052 2911 3200 2969 clava
3236 2913 3432 2981 ferrea,
3472 2929 3635 2986 quam
3673 2916 4034 2988 pusdiganum
4094 2912 4257 2974 Turcl
4311 2927 4537 2987 vocant,

1305 3015 1434 3056 uum
1468 2999 1724 3058 Mnratem
1757 3001 2025 3070 adductis,
2053 3019 2191 3059 unus
2221 3004 2370 3060 alteri
2411 3014 2655 3075 porrecta
2677 3021 2862 3076 manu,
2965 3003 3058 3061 uni
3096 3005 3162 3062 de
3189 3004 3363 3062 tribus
3391 3005 3498 3064 illis
3527 3007 3804 3079 capitibus
3822 3008 4153 3080 serpentinis
4186 3007 4402 3064 labrum
4443 3009 4533 3064 in-

1305 3102 1492 3149 mutuo
1514 3103 1683 3150 semet
1708 3109 1971 3166 excepere
2000 3095 2400 3167 gratulabundi,
2432 3105 2712 3170 totumque
2764 3100 2863 3156 tri-
2965 3095 3134 3154 furius
3173 3099 3512 3159 comminuit.
3556 3101 3675 3170 Quo
3701 3100 3869 3169 facto,
3935 3115 4057 3158 mox
4130 3114 4414 3175 serpentes
4478 3103 4532 3159 in

1303 3186 1470 3240 duum
1531 3199 1596 3241 eo
1647 3185 1766 3242 loco
1800 3185 2217 3258 .quiesceutes.
2267 3188 2432 3244 veluti
2512 3186 2861 3249 festivitatem
2968 3189 3101 3246 urbe
3130 3206 3324 3262 trtagno
3352 3192 3594 3264 conspici
3643 3205 3859 3265 capere
3911 3207 4160 3252 numero.
4185 3194 4537 3268 Quapropter

1303 3277 1612 3380 qtmmdam,
1671 3278 1929 3380 singulari
1988 3295 2111 3336 cum
2169 3278 2444 3338 hilaritate
2499 3282 2930 3380 celebra-ruituc
2965 3296 3217 3341 auctores
3241 3284 3290 3340 ei
3334 3283 3483 3380 fuere
3509 3285 3753 3356 quidam,
3807 3295 3866 3344 ut
3904 3288 4132 3346 missum
4187 3288 4447 3361 deinceps
4477 3291 4539 3346 ii-

1305 3367 1430 3423 inde
1452 3368 1697 3425 suituntts
1733 3366 2100 3426 Muchemetes
2133 3379 2257 3425 ante
2298 3379 2506 3442 patrem
2559 3369 2862 3431 iludriano-
2890 3366 2930 3380 '
2966 3378 3075 3434 lum
3092 3388 3395 3449 serpentem
3417 3374 3620 3435 faceret
3656 3393 3671 3439 :
3701 3379 3924 3450 quando
3958 3395 4054 3450 per
4093 3381 4143 3437 id
4173 3382 4535 3440 simulacrum

1302 3459 1465 3528 polim
1493 3457 1770 3530 profectus
1788 3468 1887 3516 est.
1920 3458 2096 3517 Gestat
2136 3475 2262 3516 vero
2312 3461 2532 3519 fuerunt
2555 3462 2636 3522 itte
2670 3480 2755 3523 res
2809 3466 2860 3523 in
2964 3469 3224 3527 effectum
3258 3468 3449 3536 fuerit.
3486 3471 3564 3528 uti
3589 3484 3812 3543 serpens
3847 3473 3904 3528 in
3957 3477 4091 3529 urbe
4154 3473 4339 3532 nullus
4368 3484 4536 3532 esset.

1321 3551 1605 3610 Coeovaua
1665 3553 1884 3625 planitie
1907 3568 2050 3611 anno
2075 3553 2180 3613 853
2211 3554 2362 3628 (Chr.
2394 3556 2572 3632 i448).
2965 3561 3103 3622 Hinc
3121 3579 3182 3620 ea
3211 3565 3463 3622 columna
3492 3565 3546 3622 itt
3598 3564 3922 3623 hodiernum
3985 3566 4161 3624 adhuc
4187 3567 4332 3626 diem
4351 3570 4538 3629 durat.

1373 3643 1608 3703 Murates
1643 3647 1803 3702 etiam
1847 3645 2233 3704 Mttcltetnetum
2270 3649 2437 3706 filiuni
2491 3663 2715 3709 secutus
2775 3663 2864 3717 est
2965 3655 3031 3711 Et
3060 3670 3372 3730 quanquam
3401 3657 3564 3714 unius
3582 3658 3773 3714 aheaei
3796 3659 4068 3730 serpentis
4101 3659 4358 3717 inferiore
4383 3661 4540 3718 labro

1305 3735 1770 3808 Hadrianopolim,
1835 3738 2020 3810 ibique
2069 3747 2282 3810 tempus
2306 3741 2372 3798 ad
2410 3741 2628 3814 aliquod
2667 3744 2719 3800 in
2751 3746 2865 3802 otio
2964 3751 3193 3822 delecto,
3228 3755 3509 3822 serpentes
3541 3747 3596 3805 in
3626 3749 3814 3807 urbem
3860 3752 4131 3814 venerint.
4191 3757 4390 3822 nocere
4449 3765 4529 3809 ta-

1307 3829 1457 3894 vislt,
1487 3831 1555 3882 ita
1595 3836 1792 3892 tamen,
1831 3836 1889 3883 ut
1936 3827 2210 3885 Ronianite
2241 3830 2865 3905 begierbegumcumeo—
2966 3857 3087 3898 men
3126 3841 3328 3898 nemini
3368 3849 3611 3913 possunt.
3676 3840 3809 3898 Erat
3868 3843 4032 3900 etiam
4091 3857 4309 3901 erectus
4360 3860 4540 3918 equus

1303 3919 1404 3990 piis
1431 3919 1721 3987 ablegaret.
1755 3918 1819 3974 ad
1852 3921 2244 3976 exstruendnm
2277 3937 2458 3979 arcem
2516 3925 2805 3996 Gergonim
2845 3944 2858 3982 :
2965 3935 3225 3998 aheneus,
3268 3933 3356 3989 cui
3402 3942 3581 3990 statua
3622 3935 3868 4006 quaedam
3923 3939 4193 4008 equestris
4229 3937 4524 3996 insidebat.

1300 4025 1407 4083 qua
1439 4009 1986 4105 perferturliurates
2039 4010 2090 4066 itt
2142 4012 2738 4082 Anatolim.rnontana,
2775 4035 2864 4075 ca-
2965 4023 3222 4099 Utrumqu

2607 4031 2738 4082 ,ana,
2775 4035 2864 4075 ca-
2965 4023 3266 4099 Utrumque
3291 4026 3665 4084 Mucltemetes
3684 4027 3976 4084 demolitus
3994 4039 4097 4105 est.
4131 4028 4529 4088 Frr.nrnuti-m

1305 4101 1520 4194 Pfﬁ'idf
1566 4099 1862 4194 “'iﬁi‘iii’ii'
1894 4116 2040 4156 ιυνω
2061 4118 2246 4170 “imo
2304 4119 2363 4161 ⁸ο
2411 4107 2662 4173 coni-"lii.
2720 4124 2864 4166 ιιιηο
2964 4123 3066 4176 hac
3099 4128 3279 4176 statua
3310 4121 3448 4190 pesti
3479 4120 3778 4192 pratulusus
3811 4119 3980 4177 fuisse
4030 4099 4233 4183 aditus.
4294 4139 4406 4194 quo
4439 4123 4538 4180 tul-

1303 4189 1584 4261 εδδωιιτ.
1617 4190 1799 4259 “‘3-
2967 4228 3068 4267 uus
3121 4213 3173 4268 in
3233 4189 3419 4268 urbem
3473 4189 3780 4283 penetraret
3809 4226 3872 4267 ac
3930 4212 3982 4266 in
4049 4227 4110 4268 ea
4169 4189 4539 4284 grassaretur.

1373 4305 1411 4360 Ε
1442 4308 1714 4362 montanis
1738 4321 2012 4373 reversus,
2044 4309 2444 4378 expeditionem
2493 4312 2547 4366 itt
2581 4313 2860 4371 Albaniam
3034 4303 3295 4376 Occupat!

2615 4314 2860 4371 .tbauigm
3034 4303 3310 4376 Occupata
3361 4303 3849 4374 Coustantinoltoli,
3910 4303 4171 4360 Anatolius
4255 4315 4537 4374 montana,

1303 4401 1561 4469 suscepit,
1586 4407 1642 4453 ut
1667 4414 1843 4452 arcem
1877 4396 2302 4470 Beligradensem
2331 4416 2639 4474 occuparet.
2660 4404 2768 4464 Sed
2795 4409 2865 4463 ir-
2968 4395 3246 4453 recreandi
3271 4396 3356 4451 sui
3411 4410 3598 4462 causa,
3647 4394 4020 4451 Muchemetes
4075 4395 4226 4467 petiit
4265 4413 4278 4454 ε
4323 4410 4376 4451 et
4414 4398 4541 4453 inde

1304 4485 1540 4542 ritusiile
1559 4497 1783 4542 conatus
1811 4485 2178 4558 fuit,ideoque
2219 4485 2860 4564 reiliitﬂadrianopoiim,
2966 4504 3216 4546 reversus
3252 4489 3302 4544 in
3329 4488 3828 4558 Albaniamcopias
3881 4484 4082 4542 duxit:
4139 4489 4230 4542 ttbl
4281 4489 4540 4559 διυιίεθιι

1303 4592 1402 4632 nec
1432 4577 1665 4646 amplius
1692 4575 1876 4632 abillo
1923 4585 2169 4648 tempore
2228 4578 2321 4634 uili
2378 4581 2459 4636 vel
2508 4583 2862 4652 expeditioni,
2969 4584 3019 4638 in
3050 4589 3371 4653 potestatem
3403 4579 3629 4649 redegit,
3656 4594 3800 4634 anno
3835 4577 3937 4633 858
3991 4579 4141 4647 tCltr.
4173 4577 4358 4650 H55).

1301 4671 1381 4722 vel
1411 4668 1552 4722 bello
1588 4665 1833 4721 interfuit
1863 4685 1877 4723 :
1907 4671 2322 4725 eastiuctttsdie
2350 4673 2584 4743 quodam
2607 4672 2856 4732 Mercurii
2888 4670 2938 4729 υ
3035 4678 3193 4731 Anuo
3224 4656 3495 4744 sequenti,
3554 4670 3760 4728 Novam
3813 4686 3933 4727 curn
3999 4669 4169 4741 copiis
4215 4687 4535 4744 aggressus,

1301 4779 1390 4828 qui
1425 4763 1669 4816 dcc-intus
1699 4770 1816 4816 erat
1881 4764 2082 4818 mensis
2129 4763 2493 4829 Muclterenis.
2555 4783 2698 4824 anno
2751 4772 2858 4829 855
2963 4768 3124 4838 cepit.
3166 4767 3372 4836 Quippe
3403 4763 3696 4819 Christiani
3734 4777 3922 4816 rursus
3951 4761 4054 4816 hac
4107 4768 4260 4832 potitt
4297 4765 4512 4819 fuerant

1303 4855 1455 4920 (Chr.
1490 4852 1674 4920 1.550),
1713 4867 1835 4906 cum
1869 4855 2024 4907 anuis
2052 4855 2263 4923 triginta
2321 4871 2485 4910 unum
2517 4855 2856 4927 imperasset.
2977 4862 3196 4916 Factum
3227 4863 3328 4916 hoc
3363 4875 3508 4914 anno
3541 4858 3644 4914 859
3670 4858 3824 4928 (Chr.
3856 4857 4034 4929 i456).

1375 4943 1808 5013 Successitpntrl
1845 4945 2092 4998 sultanus
2122 4944 2486 5001 iiut-heuretes
2516 4948 2727 5006 illiusin
2765 4956 2859 5008 ad-
3037 4955 3343 5010 Secundum
3377 4956 3509 5018 hare,
3545 4953 3609 5007 ad
3671 4951 3860 5006 Albam
3920 4952 4164 5008 Graecam
4228 4955 4540 5006 exercitum

1303 5037 1700 5093 tttittittirntiutte
1733 5034 1906 5104 regni,
1961 5037 2252 5106 statimque
2306 5039 2517 5094 decimo
2567 5055 2718 5098 arato
2771 5049 2858 5104 die
2966 5049 3189 5102 adduxit
3220 5061 3235 5101 :
3271 5045 3365 5102 sed
3401 5059 3524 5100 cum
3549 5059 3666 5099 cam
3693 5057 4008 5115 espttguare
4025 5057 4131 5099 non
4162 5053 4371 5114 posset,
4403 5045 4537 5099 abs-

1300 5131 1426 5184 tlii‘li
1456 5128 1655 5183 nirnsis
1689 5129 1982 5182 exercitum
2034 5129 2084 5182 itt
2141 5129 2516 5186 Caramaniam
2572 5135 2746 5200 duxit.
2807 5151 2860 5194 et
2966 5139 3151 5194 cessit.
3189 5138 3351 5193 Periit
3391 5137 3460 5191 ibi
3495 5134 3618 5191 Dais
3648 5135 3902 5190 Caratzes
3931 5135 4108 5201 bassa,
4164 5133 4256 5205 qui
4319 5137 4542 5204 bepler-

1303 5224 1503 5278 ln.-||utn
1529 5220 1758 5293 principi
1793 5218 2118 5285 Cnramauo,
2178 5218 2433 5277 lhrahitni
2465 5227 2616 5295 liego.
2658 5231 2856 5287 intulit.
2968 5230 3083 5300 boui
3116 5244 3338 5286 munere
3407 5228 3753 5300 fungebatur.
3808 5225 4008 5282 Endtun
4061 5242 4202 5283 anno
4223 5229 4331 5282 800
4380 5229 4544 5292 (Chr.

1301 5317 1402 5371 Sed
1439 5330 1506 5369 eo
1533 5330 1637 5370 non
1697 5314 1868 5368 multo
1922 5323 2042 5381 post
2093 5318 2412 5382 compnliln,
2468 5331 2722 5374 reversus
2777 5334 2859 5378 est.
2969 5324 3127 5384 M50)
3175 5323 3450 5393 conspecti
3504 5331 3632 5376 sunt
3663 5323 3775 5374 duo
3831 5329 4055 5375 cometae
4124 5332 4314 5375 Ventis
4351 5327 4547 5376 orien-

1303 5403 1765 5473 iladrianopolim,
1806 5411 1969 5471 atque
1993 5402 2064 5455 ibi
2096 5417 2285 5457 novam
2348 5419 2527 5460 arcem
2589 5411 2856 5468 mitificato
2969 5423 3071 5462 itrttt
3107 5410 3275 5463 sulem
3311 5423 3473 5472 unus.
3501 5407 3638 5463 alter
3667 5409 3734 5462 (id
3788 5422 4061 5463 οοεοδυηιι

1300 5499 1483 5567 cmpit,
1510 5495 1698 5551 eodem
1731 5510 1871 5548 anno
1895 5491 1998 5547 855
2029 5492 2368 5564 (CimHSO).
3035 5499 3561 5569 Constantinopolim
3586 5511 3866 5560 reversus.
3886 5512 4132 5568 magnam
4155 5497 4544 5556 celebritatem

1371 5590 2853 5670 Annosequentiproximo,videlicet836(t1ltr.“31).
2969 5590 3606 5652 Muchetnetesinstituit,
3666 5589 3794 5645 dum
3822 5589 3983 5662 330
4038 5589 4332 5660 anazitetn
4365 5594 4552 5650 filium

1303 5703 1406 5740 non
1452 5685 1636 5754 procul
1670 5703 1695 5736 tt
1729 5682 2220 5752 Constantinopoli,
2259 5685 2620 5755 locoquerlatn
2651 5707 2677 5744 a
2710 5703 2858 5763 tet-po
2966 5683 3392 5748 tiI’CUIIICidcfel.
3426 5697 3569 5739 almo
3598 5683 3692 5738 ⁸61
3772 5682 3920 5754 (Chr.
3979 5682 4160 5754 “57)-

1299 5779 1500 5833 Cuiutm
1534 5776 1712 5846 oppidi
1743 5775 1869 5838 situ,
1933 5777 2317 5830 militillriilllaill
2365 5794 2541 5834 arrettt
2590 5785 2654 5836 ad
2714 5801 2857 5839 illul’t'.
3045 5773 3221 5830 Dciildt

2631 5785 2654 5836 ii
2714 5801 2857 5839 lttut't'.
3045 5773 3243 5830 Deinde
3274 5785 3462 5830 coacto
3479 5775 3744 5838 exercitu,
3780 5775 3832 5828 in
3865 5771 4101 5828 Moream
4157 5774 4319 5837 abiit.
4368 5787 4423 5829 et
4451 5791 4553 5830 nr-

1300 5873 1554 5929 ronittdit.
2975 5869 3090 5922 hem
3124 5866 3384 5931 Cordum,
3417 5879 3536 5921 cum
3565 5867 3834 5939 appidnlis
3853 5864 4176 5937 quibusdam
4203 5867 4370 5938 cepit,
4400 5882 4560 5923 anno

1367 5968 1623 6018 Absoluta
1644 5962 1802 6033 hujus
1823 5964 1962 6016 arcis
1987 5960 2231 6023 u‘diilcio,
2264 5965 2518 6018 mandata
2548 5983 2670 6020 rum
2710 5965 2849 6020 littr-
2965 5963 3066 6017 86‘?-
3091 5960 3240 6030 (Cltr.
3273 5959 3450 6030 i458).
