4866 6594
178 319 229 378 b'l
243 318 271 374 3

1451 305 1795 368 ANN.\I.ES
1833 305 2169 368 TURClCl.

3348 316 3453 379 liii

244 424 433 479 Postea
473 424 805 480 Semeodriae
832 424 1021 493 copias
1076 424 1336 478 admovit.
1399 424 1507 475 Rex
1575 430 1763 475 autem
1798 423 1842 477 Α
1874 420 2543 492 instructa.Posteaquam
2578 423 2680 478 huc
2727 424 3071 493 appulissent
3098 430 3270 498 copiae
3310 428 3454 486 Tur-

176 519 486 572 liozinensis
514 530 711 587 sponte
745 534 841 572 sua
865 518 1200 573 Semendriie
1235 516 1569 570 deditionem
1600 515 1750 575 fecit,

174 630 310 665 anno
345 613 448 666 865
506 614 655 681 (Chr.
693 613 874 679 1459).

246 728 382 784 llinc
407 745 595 783 rursus
626 729 679 782 in
709 727 946 782 Moream
981 725 1277 795 prolectus,
1311 726 1477 778 multa
1528 723 1753 777 castella

171 836 294 873 cum
333 821 610 890 Oppidulis
644 821 953 889 occupaVit.
988 819 1042 873 Id
1076 818 1363 886 temporis,
1410 816 1497 869 die
1518 816 1756 884 quodam

178 912 421 979 Veneris,
458 914 633 980 primo
664 914 929 979 diluculo,
957 913 1037 968 sol
1068 912 1203 965 adeo
1227 912 1402 964 lucem
1431 924 1587 963 suam
1616 909 1755 960 ami-

172 1006 240 1059 sit
277 1046 291 1070 ,
329 1017 387 1059 ut
418 1008 602 1060 omnia
671 1006 912 1061 tenebris
969 1006 1401 1066 involverentnr,
1466 1018 1610 1055 anno
1652 1000 1757 1054 864

172 1100 544 1171 (cor.ttoor

241 1214 574 1270 Transmisit
609 1228 788 1270 autem
821 1218 1123 1271 secundum
1168 1216 1286 1269 haec
1317 1213 1595 1269 universis
1631 1227 1755 1266 cum

170 1309 343 1375 copiis
373 1310 424 1363 in
470 1311 805 1376 Anatoliam,
846 1310 1187 1378 ulteriusque
1248 1322 1599 1378 progressus,
1656 1306 1727 1358 Ca

172 1414 503 1465 stamonem.
537 1403 797 1473 Sinopen,
854 1414 907 1458 et
934 1403 1341 1457 Tarabosancm
1388 1401 1638 1454 civitates
1665 1414 1758 1452 0c-

170 1498 391 1565 cupavit
423 1514 436 1552 :
466 1498 694 1565 imperio
725 1513 827 1551 suo
862 1499 1184 1567 regionibus
1218 1496 1327 1550 illis
1360 1499 1619 1549 omnibus
1660 1495 1756 1546 ad-

166 1590 402 1655 jnnrtis.
436 1588 589 1643 Unde
616 1592 871 1659 deinceps
899 1590 1342 1660 Hadrianopolim
1406 1589 1591 1651 rediit,
1620 1598 1673 1642 et
1703 1588 1756 1641 in

171 1682 284 1733 Otio
316 1694 529 1748 tempus
555 1682 622 1735 ad
645 1683 864 1751 aliquod
889 1698 946 1735 se
973 1682 1263 1736 recreavit.
1287 1681 1619 1735 Acciderunt
1646 1680 1759 1734 haec

172 1789 320 1825 anno
350 1774 451 1827 864
481 1773 632 1842 (Chr.
692 1775 871 1844 1461).

250 1888 462 1944 Rursus
494 1892 844 1961 expeditione
881 1902 1162 1961 suscepta,
1199 1890 1508 1947 Valachiam
1547 1893 1758 1964 ingres-

172 1999 270 2037 sus
307 1996 408 2049 est,
441 1997 494 2036 et
527 1983 822 2039 Vaivodam
856 1982 1149 2052 Valachiaz,
1177 1987 1265 2041 cui
1300 2001 1497 2041 nomen
1551 1985 1757 2041 Draco-

175 2084 279 2140 les,
304 2099 332 2129 η
359 2096 499 2150 agno
530 2096 652 2134 cum
683 2080 920 2134 exercitu
945 2079 1163 2133 invasit.
1195 2078 1303 2133 Hoc
1334 2079 1477 2133 bello
1533 2082 1758 2134 voivoda

173 2174 451 2229 Valaclms
482 2174 773 2229 consilium
797 2175 942 2243 cepit
965 2174 1307 2243 Opprimendi
1335 2182 1515 2229 castra
1540 2175 1762 2230 Muchcv

173 2269 340 2323 metis
376 2278 644 2323 nocturno
672 2278 936 2337 tempore,
969 2267 1063 2321 sed
1095 2282 1283 2336 parum
1324 2267 1534 2322 eliicere
1562 2271 1765 2339 patuit.

174 2361 415 2430 Ideoque
440 2376 544 2414 non
572 2360 898 2415 succedente
942 2369 1139 2413 conatu
1172 2358 1411 2428 profugit
1476 2362 1529 2414 in
1586 2360 1766 2431 Unga-

172 2455 316 2508 riam
355 2470 369 2507 :
407 2454 496 2507 ubi
530 2469 652 2507 cum
687 2454 739 2506 in
762 2469 953 2509 manus
974 2455 1115 2522 regis
1147 2451 1351 2523 Ungari
1406 2456 1765 2523 pervenisset,

168 2546 388 2601 carceri
450 2545 793 2614 mancipatus
858 2544 1220 2600 fuit.lnterea
1273 2560 1401 2599 vero
1456 2544 1767 2602 Valachiam

170 2642 283 2694 sibi
328 2640 580 2695 sultanus
613 2638 979 2693 Muchcmctes
1031 2640 1295 2693 subdidit.

252 2734 399 2787 illisit
426 2744 480 2789 et
510 2736 745 2787 classem
780 2733 833 2785 in
872 2733 1104 2786 insulam
1171 2733 1491 2805 Mitylenen,
1541 2736 1773 2805 ejusque

172 2826 306 2878 belli
341 2840 504 2878 causa
546 2827 709 2878 etiam
744 2825 857 2893 ipse
894 2824 1085 2879 relicta
1138 2824 1397 2883 Valachia
1464 2829 1772 2882 Anatolium

170 2916 340 2970 adiit.
366 2914 639 2982 Occupata
667 2930 793 2969 vero
844 2915 945 2969 fuit
975 2917 1153 2971 insula
1189 2917 1440 2989 Mitylene
1475 2935 1619 2974 anno
1673 2919 1777 2975 866

170 3006 335 3076 (Chr.
379 3006 561 3077 1462).

1859 515 2009 579 ciem,
2031 515 2330 570 Christiani
2354 531 2520 584 seque
2549 515 2910 587 fortunasque
2935 533 3065 573 suas
3089 524 3299 591 egregie
3322 539 3453 592 pro-

1863 607 2196 673 pugnabant.
2232 604 2339 661 Sed
2392 623 2515 661 cum
2565 609 2783 663 tandem
2839 612 2981 664 muri
3048 620 3451 670 tormentorum

1862 688 2063 763 impetu
2100 695 2301 765 pulsati
2331 700 2692 761 corruisscnt,
2759 716 2865 753 non
2914 716 3041 757 arce
3106 712 3344 765 tantum,
3401 714 3458 757 et

1860 787 2096 849 civitate,
2135 804 2227 856 per
2262 791 2368 842 vim
2401 790 2555 857 potiti
2591 791 2747 845 fuere
2794 790 2965 847 Turci
3005 812 3020 848 :
3052 810 3243 849 verum
3280 799 3451 851 etiam

1861 892 2075 929 onmem
2111 878 2396 932 ﬁnitimam
2434 882 2708 951 regionem
2734 882 3099 938 Muclietnctis
3152 887 3446 957 imperium

1860 968 2104 1037 accipere
2125 980 2441 1037 coegerunt,
2469 986 2613 1024 anno
2645 972 2749 1027 874
2799 970 2959 1041 (Chr.
2997 974 3179 1045 1470).

1931 1060 2130 1129 Egripo
2162 1062 2396 1123 devicta,
2463 1062 2999 1134 Constantinopolim
3062 1084 3119 1122 se
3155 1071 3369 1136 recepit.
3403 1081 3457 1125 rt

1860 1167 2053 1221 aspros
2093 1169 2263 1208 novos
2294 1156 2493 1224 signari
2523 1158 2712 1225 jussit,
2745 1173 2891 1215 anno
2923 1161 3029 1213 875
3077 1160 3232 1231 (Chr.
3267 1164 3451 1234 N7l).

1862 1245 1997 1298 Dum
2038 1247 2515 1316 Constantinopoli
2559 1248 3207 1320 Mnchemetesquiescit,
3243 1251 3445 1306 Usum-

1862 1340 2119 1393 cliasanis
2153 1341 2479 1395 Parthorum
2513 1343 2653 1412 regis
2690 1343 2903 1398 militia:
2928 1346 3060 1408 dux,
3103 1348 3187 1399 cui
3251 1362 3451 1401 nomen

1860 1431 2112 1487 Jusulzes
2142 1436 2331 1502 begus,
2365 1450 2490 1487 cum
2511 1438 2757 1491 exercitu
2791 1452 2848 1492 se
2871 1439 3040 1491 movit
3075 1476 3089 1501 ,
3119 1450 3173 1493 et
3204 1458 3453 1511 magnam

1863 1527 2009 1580 illam
2049 1526 2234 1579 urbem
2266 1528 2537 1583 Armenia:
2564 1528 2825 1584 Tocatam
2853 1532 3163 1600 populatus,
3205 1534 3255 1587 iii
3279 1537 3451 1589 Cara-

1863 1620 2099 1672 maniam
2129 1619 2294 1672 venit.
2338 1621 2470 1673 Erat
2502 1622 2551 1674 id
2575 1623 2835 1690 temporis
2871 1625 3455 1696 sultanushlustaphas

1864 1716 1930 1788 iis
1978 1714 2111 1768 locis
2166 1732 2195 1767 a
2252 1725 2401 1783 patre
2467 1716 2801 1774 Muchemete
2843 1719 3233 1786 praelectust
3286 1724 3454 1778 colle-

1792 1789 1830 1842 Β
1864 1817 1950 1859 cto
1977 1807 2243 1874 exercitu,
2266 1807 2481 1862 Parthis
2506 1810 2727 1863 obvium
2757 1827 2813 1864 se
2839 1812 3007 1877 dedit,
3035 1829 3239 1884 eosque
3291 1817 3455 1881 ludit,

1862 1896 2087 1953 Jusulze
2112 1900 2244 1967 bego
2266 1914 2446 1967 capto,
2466 1910 2520 1955 et
2540 1902 3082 1977 Constantinopolim
3108 1909 3174 1962 ad
3236 1919 3449 1980 patrem

1865 1991 2258 2047 Muchetuetcni
2285 1995 2450 2049 misso
2487 2016 2497 2051 :
2528 1995 2673 2067 quod
2693 1997 2912 2067 quidem
2945 2002 3129 2055 evenit
3157 2016 3302 2057 anno
3352 2004 3457 2057 877

1865 2084 2226 2155 (cur.t475r

1939 2179 2074 2230 'l‘um
2100 2194 2231 2232 vero
2263 2178 2637 2235 Muehemetes
2667 2183 2734 2237 ad
2764 2196 2915 2238 arma
2950 2199 3009 2239 se
3058 2200 3258 2255 parans
3307 2190 3457 2243 Ana-

1870 2270 2056 2324 toliatu
2083 2272 2261 2329 adiit:
2295 2282 2350 2326 et
2383 2274 2657 2329 mandatis
2686 2277 2812 2331 hinc
2844 2278 2969 2333 inde
3012 2279 3222 2340 missis.
3256 2291 3312 2335 ut
3337 2298 3458 2336 om-

1871 2380 1967 2417 nes
2000 2363 2202 2419 milites
2233 2364 2296 2417 ad
2334 2365 2513 2433 ipsum
2546 2365 2600 2419 in
2658 2370 2970 2423 Anatoliam
3005 2385 3064 2424 se
3124 2371 3455 2441 conferrent,

1871 2459 2061 2513 edixit.
2085 2458 2335 2514 Peditum
2367 2464 2434 2514 ad
2476 2462 2667 2532 viginti
2698 2464 2869 2518 millia
2905 2464 2958 2518 in
2988 2467 3158 2521 armis
3198 2482 3320 2522 esse
3344 2470 3460 2538 jus-

1874 2553 1965 2614 sit,
1992 2562 2044 2606 et
2069 2552 2463 2608 Cenizarornm
2497 2569 2758 2612 numeros
2778 2556 2845 2611 ad
2871 2557 3061 2613 decem
3084 2576 3257 2630 usque
3293 2564 3458 2617 millia

1875 2648 2169 2717 suppleri:
2225 2663 2348 2702 cum
2436 2649 2648 2705 aulicus
2719 2650 2883 2705 etiam
3011 2659 3303 2711 comitatus
3360 2659 3462 2711 de-

1878 2760 1992 2797 cem
2023 2744 2303 2796 hominum
2339 2743 2507 2796 millia
2539 2744 3015 2813 complecteretur.
3044 2748 3125 2800 Ad
3161 2764 3460 2814 summam,

1879 2846 2102 2891 coactus
2136 2839 2185 2890 ei
2211 2839 2314 2889 fuit
2352 2838 2652 2902 exercitus,
2678 2838 2767 2907 qui
2789 2855 3079 2894 numerum
3116 2844 3462 2914 septuaginta

1881 2932 1962 2985 vel
2016 2932 2291 3000 octoginta
2343 2931 2572 2985 millium
2623 2933 2930 2988 excederet.
2988 2932 3125 2989 Cmn
3185 2940 3287 2991 hoc
3335 2956 3463 3009 ergo

1883 3027 2053 3080 milite
2071 3041 2261 3081 versus
2283 3025 2560 3080 Parthiam
2588 3025 2891 3096 profectus.
2922 3027 3319 3084 Usumchasani
3346 3032 3460 3102 ri-gi

249 3122 329 3177 Ex
364 3126 614 3179 Anatolia
648 3125 1184 3196 Constantinopolim
1246 3144 1304 3183 se
1364 3129 1618 3191 contulit,
1674 3131 1761 3183 ubi
1793 3133 1836 3190 (ζ
1875 3120 2568 3188 bellumintulitzsumptis
2588 3121 2750 3173 etiam
2776 3120 3029 3175 secumio
3054 3123 3192 3176 hanc
3243 3125 3464 3192 expedi-

168 3219 434 3286 qn.edant
468 3220 690 3273 a'dilicia
729 3222 941 3275 curavit
994 3223 1205 3275 exstrui
1240 3239 1253 3275 :
1310 3232 1362 3275 et
1406 3222 1759 3277 Illechmetem

170 3314 427 3375 bassam,
466 3317 698 3366 vezirem
729 3314 993 3374 suum,in
1047 3312 1287 3367 Moream
1350 3314 1638 3382 ablegavit.
1716 3316 1766 3372 Is

168 3408 399 3475 aliquot
429 3405 626 3460 ibidem
670 3406 926 3475 oppidula
1027 3408 1189 3475 cepit,
1256 3421 1399 3460 anno
1458 3406 1559 3460 867
1613 3406 1763 3478 (Chr.

172 3501 376 3568 itosr

259 3595 579 3649 Secundum
635 3594 725 3647 illa
794 3593 1079 3662 productis
1143 3592 1510 3650 Muchemetcs
1574 3595 1769 3665 copiis,

168 3688 215 3741 Β
260 3692 445 3741 zinam
476 3688 698 3741 adortus
729 3696 830 3749 est,
860 3696 915 3740 et
969 3703 1186 3741 omnem
1234 3688 1381 3741 illam
1429 3689 1770 3757 regionemin

168 3789 516 3850 potestatem
544 3781 772 3850 redegit,
809 3794 1098 3849 regemque
1138 3792 1355 3850 captum
1394 3781 1612 3835 occidit.
1643 3781 1774 3836 Inde

164 3876 288 3927 sub
311 3874 506 3941 jugum
534 3874 601 3927 ab
622 3888 690 3927 eo
718 3874 886 3927 missa
932 3872 1035 3927 fuit
1065 3872 1457 3943 llerzegovina,
1489 3891 1612 3929 cum
1674 3876 1777 3930 Co-

162 3968 358 4018 nulza
397 3980 412 4018 :
450 3965 650 4035 quibus
683 3966 845 4019 rebus
884 3966 1074 4036 gestis,
1108 3966 1299 4020 itinere
1330 3968 1779 4031 eonverso,Con-

156 4055 603 4123 stantiztOpolim
633 4056 863 4125 repetiit,
892 4071 1035 4110 anno
1059 4056 1162 4111 869
1195 4058 1345 4125 (Chr.
1380 4059 1562 4125 1464).

250 4152 453 4203 Annus
467 4158 647 4203 autem
667 4164 904 4219 sequens
935 4150 1039 4203 870
1061 4150 1211 4221 (Chr.
1236 4153 1422 4221 H95),
1448 4163 1675 4209 exactus
1708 4154 1776 4209 ab

148 4258 244 4297 eo
270 4241 754 4311 Constantinopoli
787 4243 889 4295 fuit
919 4241 972 4295 in
1008 4242 1143 4297 otio.
1215 4243 1319 4297 Sed
1370 4246 1423 4297 in
1489 4246 1776 4301 Albaniam

147 4335 385 4388 demde
413 4332 709 4401 prolectus,
740 4334 1003 4388 ditionem
1041 4335 1197 4389 ducis
1248 4333 1480 4392 Joannis
1524 4338 1651 4392 istic
1676 4340 1781 4393 im-

143 4427 345 4493 perio
378 4439 481 4477 suo
509 4423 764 4492 subjecit.
794 4426 932 4478 Cum
962 4437 1145 4479 autem
1191 4427 1242 4479 id
1288 4430 1553 4496 temporis
1616 4445 1778 4483 exer-

143 4521 361 4572 citum
409 4519 580 4583 ipsius
636 4518 754 4571 dira
804 4519 1051 4586 quaedam
1116 4522 1232 4574 lues
1287 4523 1599 4586 invasisset,
1659 4524 1775 4593 ipse

138 4610 613 4679 Philippopolim
651 4611 803 4675 adiit,
831 4611 1014 4681 ibique
1044 4626 1103 4665 se
1163 4614 1331 4681 quieti
1396 4614 1568 4680 dedit,
1628 4631 1774 4672 anno

136 4704 282 4759 δτι
328 4701 487 4771 (Chr.
522 4701 704 4771 1466).

256 4796 627 4865 Philippopoli
652 4797 962 4863 discedens,
1005 4814 1198 4853 rursus
1227 4800 1281 4853 in
1335 4800 1619 4855 Albaniam
1651 4819 1776 4871 per-

132 4891 353 4952 rexit,
383 4891 754 4959 majoremque
782 4892 1078 4961 provinciae
1106 4904 1314 4962 partem
1348 4899 1660 4965 occupavit,
1681 4915 1777 4951 an—

126 5005 253 5041 no
294 4983 408 5037 872
462 4984 615 5052 (Chr.
652 4985 839 5057 146⁸1.)

248 5076 341 5130 Ex
369 5075 598 5130 Albania
630 5076 907 5145 profectus
944 5079 996 5133 in
1047 5079 1383 5143 Anatoliam,
1438 5080 1779 5135 Caramaniaa

120 5179 177 5233 ﬁ
199 5189 331 5229 nes
359 5175 644 5241 ingressus
662 5184 765 5236 est,
793 5180 845 5227 et
877 5186 1055 5225 arcem
1074 5172 1468 5227 Giolchisarem
1504 5188 1777 5241 expugna-

116 5275 246 5327 vit
300 5268 489 5322 :uude
525 5276 707 5335 postea
746 5266 1279 5335 Constantinopolim
1322 5280 1612 5331 reversus,
1675 5267 1779 5319 ali-

110 5390 161 5441 ιι
183 5386 230 5420 ιι
251 5364 443 5418 andiu
476 5362 685 5416 bellicis
704 5377 733 5416 a
753 5362 986 5432 negotiis
1021 5362 1306 5424 abstinuit,
1330 5376 1472 5415 anno
1492 5360 1593 5414 873
1654 5361 1753 5429 (Ch

121 5469 149 5518 ί
174 5458 383 5521 469).

232 5550 382 5607 Non
419 5549 591 5603 multo
619 5562 760 5619 post,
800 5561 858 5604 ut
888 5551 982 5605 otii
1036 5564 1167 5604 sane
1236 5548 1598 5603 diuturnioris
1662 5559 1781 5601 erat

102 5644 509 5717 impatiens,
545 5643 770 5711 ipsemet
819 5643 1010 5696 itinere
1067 5643 1309 5696 terrestri
1362 5641 1639 5710 prolectus
1699 5652 1783 5694 est

102 5754 389 5800 versus
428 5736 665 5806 Egripon
707 5754 720 5789 :
753 5752 876 5791 cum
923 5736 1286 5791 Machmutcm
1324 5737 1544 5792 bassam
1586 5736 1779 5791 eodem

97 5869 147 5905 κ
166 5844 514 5905 plcgassct
542 5850 665 5888 cum
695 5835 888 5902 classe,
910 5834 1200 5889 duodecim
1235 5833 1476 5889 millibus
1498 5833 1782 5888 hominum

1871 3218 2070 3269 tionem
2089 3214 2235 3277 liliis,
2277 3211 2767 3282 sultanoBajazite,
2808 3214 3022 3269 sultano
3063 3213 3367 3286 Mustapha,
3412 3228 3466 3273 et

1868 3312 2083 3366 sultano
2102 3308 2286 3363 Zenie.
2310 3308 2636 3378 Progressus
2658 3317 2837 3363 autem
2857 3323 2978 3363 cum
3000 3310 3116 3363 suis
3147 3310 3201 3363 in
3254 3310 3462 3376 Asiam,

1871 3421 1976 3458 non
1997 3404 2150 3473 plura
2174 3403 2738 3471 duntaxatoceupavit
2787 3402 3019 3472 oppida,
3068 3418 3254 3457 verum
3299 3405 3462 3458 etiam

1872 3499 2093 3552 sublimi
2125 3498 2284 3551 sitam
2330 3497 2470 3559 loco,
2506 3498 2880 3565 munitamque
2914 3499 3195 3567 insigniter
3258 3513 3463 3564 arcem,

1872 3592 2287 3647 Caracltisarem
2342 3591 2505 3660 cepit.
2550 3587 2991 3646 Usumchasanes
3010 3595 3223 3647 obviam
3247 3594 3465 3649 Muclic-

1876 3685 2005 3740 meti
2039 3699 2149 3738 non
2200 3684 2424 3754 prodiit,
2457 3682 2553 3738 sed
2578 3692 2698 3738 astu
2730 3683 2965 3753 quodam
2997 3685 3326 3755 excogitato,
3362 3689 3462 3741 mi-

1877 3779 2025 3831 litem
2058 3793 2217 3831 suum
2251 3776 2381 3829 hinc
2413 3775 2539 3831 inde
2568 3777 2823 3846 partitus,
2873 3778 2928 3831 in
2978 3778 3191 3833 insidiis
3240 3780 3461 3835 locavit.

1878 3870 1943 3924 Et
1970 3871 2099 3939 quia
2153 3869 2384 3938 primam
2439 3869 2608 3923 aciem
2668 3870 2723 3923 in
2777 3870 3052 3925 excercitu
3111 3870 3466 3928 Muchemetis

1879 3962 2162 4017 Romanius
2230 3961 2625 4031 beglerbegus,
2684 3962 2829 4017 Clias
2888 3960 3147 4027 Slurates,
3208 3964 3463 4027 ducebat,

1881 4057 2023 4110 forte
2060 4055 2274 4121 accidit,
2308 4065 2367 4109 ut
2399 4055 2684 4124 inepinato
2740 4056 3006 4125 quasdam
3066 4056 3119 4109 in
3175 4054 3465 4110 Persarum

1881 4151 2068 4219 copias
2102 4151 2389 4215 incideret,
2422 4164 2485 4203 ac
2525 4164 2745 4202 manum
2782 4165 2905 4203 cum
2933 4150 3012 4204 eis
3056 4164 3346 4204 conserere
3376 4167 3467 4203 ςοα

1884 4252 2123 4312 geretur.
2160 4243 2239 4297 lbi
2278 4259 2403 4299 cum
2440 4244 2679 4313 majores
2702 4242 3035 4297 Parthorum
3090 4244 3234 4297 vires
3257 4258 3462 4301 essent.

1883 4340 2181 4410 dissipatus
2208 4338 2486 4391 Romaniae
2512 4337 2693 4397 miles.
2722 4346 2774 4389 et
2811 4336 2928 4405 ipse
2986 4337 3340 4405 beglerbegus
3371 4354 3466 4390 oc-

1885 4436 2036 4490 cisus
2066 4434 2185 4487 fuit.
2222 4431 2433 4485 Interea
2468 4446 2596 4485 vero
2633 4433 2764 4484 dum
2820 4430 3004 4483 l’artiii
3065 4428 3297 4497 primam
3327 4431 3467 4482 hanc

1882 4510 2243 4582 Muehetnetis
2269 4527 2446 4581 aciem
2474 4530 2747 4581 caederent
2785 4544 2797 4580 :
2828 4528 2996 4581 etiam
3039 4525 3167 4593 ipsi,
3231 4525 3468 4577 desertis

1882 4621 2167 4675 ordinibus
2201 4620 2339 4684 suis,
2365 4620 2576 4674 hostem
2599 4620 2810 4675 confusi
2828 4624 3123 4689 persecuti,
3157 4627 3372 4679 tandem
3400 4626 3467 4678 ad

1880 4715 2030 4769 illaut
2058 4723 2427 4783 pervenerunt
2461 4713 2659 4778 aciem,
2698 4714 2855 4784 cujus
2880 4714 2996 4785 ipse
3041 4716 3290 4770 sultanus
3347 4716 3464 4768 Mu-

1881 4812 2158 4865 chemetes
2189 4808 2299 4860 dux
2326 4816 2465 4859 erat.
2503 4806 2551 4859 ls
2577 4820 2762 4863 autem
2794 4809 2953 4880 331
2986 4809 3312 4864 Parthorum
3349 4824 3468 4879 per-

1884 4903 2130 4955 turbatos
2160 4900 2514 4965 eonspicatus
2547 4898 2788 4963 ordines,
2843 4916 2965 4955 cum
3022 4900 3137 4955 suis
3162 4915 3255 4954 eos
3304 4900 3467 4952 ador-

1886 5005 1973 5048 tus
2006 5006 2111 5049 est.
2140 4992 2295 5058 Quod
2329 5006 2359 5045 a
2390 4991 2735 5046 Muchemete
2761 4993 2878 5046 lleri
2910 4994 3102 5047 videns
3161 4989 3469 5045 Usumrha-

1882 5105 2066 5153 sanes,
2095 5103 2293 5156 magno
2323 5085 2491 5139 animi
2519 5087 2718 5139 ardore
2742 5085 3077 5149 concitatus,
3112 5095 3167 5139 et
3221 5084 3335 5151 ipse
3370 5100 3466 5137 sua

1884 5198 1938 5250 in
1966 5181 2178 5235 Turcos
2202 5180 2356 5233 duxit
2384 5180 2620 5248 agmina.
2660 5178 2939 5232 Peruiistis
2987 5179 3242 5246 utrinque
3306 5178 3469 5229 tantis

1883 5275 2239 5337 exercitibus,
2261 5274 2589 5328 acerrimum
2624 5272 2870 5337 praelium
2915 5271 3279 5324 commissum
3317 5269 3417 5321 t'nit
3452 5284 3466 5320 :

1884 5384 2008 5421 cum
2035 5365 2395 5419 Muchemetis
2427 5364 2521 5418 ﬁlii
2554 5364 2669 5419 suis
2727 5378 2851 5417 cum
2916 5362 3093 5432 copiis
3140 5362 3466 5431 gravissime

1887 5460 2119 5514 Parthos
2142 5470 2417 5529 urgerent,
2444 5467 2499 5512 et
2550 5458 2602 5509 in
2664 5456 2835 5509 altero
2895 5470 3065 5509 cornu
3128 5454 3469 5508 Machmntes

1887 5557 2070 5619 bassa,
2098 5570 2221 5608 cum
2254 5556 2423 5607 Dante
2449 5554 2629 5614 bassa.
2664 5551 2930 5607 Anatolio:
2984 5548 3327 5619 beglcrbego,
3358 5556 3467 5600 tor-

1889 5651 2084 5705 mentis
2116 5648 2325 5703 bellicis
2360 5649 2571 5701 hostem
2608 5648 2959 5699 vehementer
2984 5642 3263 5712 allltgerct.
3291 5639 3467 5693 Etiam

1895 5746 2326 5801 Usumchasanis
2350 5744 2441 5798 uni
2484 5744 2550 5797 de
2603 5744 2728 5796 liliis
2778 5750 2940 5808 caput
2984 5748 3354 5807 amputatum,
3419 5750 3471 5787 et

1900 5842 2117 5897 sultano
2150 5840 2475 5895 Muchcmeti
2505 5842 2745 5894 oblatum
2786 5841 2903 5893 iuit.
2932 5839 3067 5891 Cum
3100 5853 3225 5902 ergo
3284 5834 3471 5887 Parthi
