4866 6594
1302 519 1406 582 615

1301 729 1643 788 bellicorum,
1680 725 1916 793 amplius
1935 725 2215 779 sustinere
2255 739 2360 778 non
2395 733 2620 792 possent
2655 721 2889 776 :Usum—

1302 824 1582 878 chasanes
1611 835 1734 874 cum
1778 820 1894 874 suis
1930 817 2206 872 universis
2236 817 2376 887 fugae
2424 833 2482 870 se
2513 817 2683 880 dedit,
2713 817 2889 885 inqua

1303 915 1848 982 magnamexercitus
1873 921 2083 980 partem
2115 910 2323 964 amisit.
2359 908 2608 963 Fuerunt
2629 923 2681 963 et
2707 918 2890 963 castra

1309 1007 1516 1071 Parthi,
1546 1022 1670 1061 cum
1701 1005 2130 1074 impedimentis,
2161 1003 2374 1072 direpta
2405 1018 2420 1057 :
2471 1002 2893 1068 Turchanisque

1309 1101 1656 1170 liegi,0meri
1689 1099 1835 1162 filius
1882 1101 2073 1168 lregus,
2120 1097 2214 1165 qui
2271 1096 2521 1166 captivus
2572 1097 2623 1149 iu
2691 1097 2889 1150 castris

1312 1192 1555 1245 hostium
1586 1191 2024 1254 custodiebatur,
2058 1188 2362 1242 libertatem
2391 1187 2755 1254 recuperavit.
2777 1183 2897 1238 Ple-

1314 1299 1380 1335 na
1413 1283 1650 1352 denique
1678 1284 1928 1338 sultanus
1960 1280 2335 1333 Muehernetes
2368 1278 2434 1331 de
2469 1277 2687 1330 Parthis
2722 1277 2893 1330 vietoc

1313 1377 1393 1429 ria
1451 1378 1657 1445 potitus
1710 1386 1810 1440 est,
1881 1374 2046 1442 idque
2115 1372 2316 1426 factum
2382 1385 2527 1424 anno
2584 1369 2686 1425 878
2741 1370 2895 1437 (Chr.

1312 1471 1498 1539 ιιγιι

1385 1562 1500 1617 Hoc
1575 1573 1684 1616 tam
1738 1562 1934 1616 illustri
2002 1559 2188 1630 praelio
2250 1566 2528 1628 pugnato,
2590 1553 2901 1610 Constanti-

1316 1654 1556 1722 nopolim
1617 1654 1870 1708 sultanus
1951 1649 2323 1704 Muchemetes
2408 1649 2587 1712 rediit,
2664 1655 2719 1700 et
2787 1645 2901 1713 ipse

1317 1749 1538 1816 quidem
1595 1747 1661 1799 ab
1713 1747 1883 1799 armis
1926 1744 2212 1807 abstinuit,
2301 1742 2393 1796 sed
2456 1741 2674 1795 interim
2730 1737 2900 1791 Solei-

1319 1856 1534 1893 manent
1619 1840 1835 1892 bassam
1890 1838 2227 1900 eunuchum,
2278 1833 2557 1887 Romaniae
2622 1832 2900 1900 beglerbe-

1319 1948 1466 1999 gum,
1526 1946 1722 2001 magna
1773 1945 1898 2001 cu_m
1933 1929 2163 1982 militum
2227 1941 2394 1980 tnanu
2437 1939 2628 1978 versus
2683 1924 2901 1977 lscoda-

2573 511 2924 570 ANNALES
2965 509 3299 570 TUllClCl.

1301 636 1466 691 talem
1503 648 1566 686 ac
1600 641 1811 686 tantum
1841 631 2126 700 impetum,
2161 630 2465 700 praesertim
2489 640 2889 685 tormentorum
2923 647 2964 696 Α
3004 643 3194 683 xeiant
3231 671 3244 693 ,

4468 513 4573 572 616

3327 645 3494 698 quam
3588 629 3962 684 Muelienietes
4044 644 4166 683 cum
4243 645 4570 700 occupasset

2995 721 3528 790 Constntrtirmpolim
3588 736 3843 776 reversus
3905 730 4014 784 cst,
4081 737 4224 776 anno
4278 722 4375 776 88l
4422 724 4574 792 (Chr.

3001 816 3178 881 ιιῖῑλ

3079 909 3214 962 Ι)ιιιιι
3258 908 3310 960 in
3371 908 3524 972 urbe,
3573 909 3740 963 nullis
3778 911 4074 979 impeditus
4136 912 4262 965 belli
4318 917 4577 981 negotiis.

2999 1019 3131 1072 pace
3164 1001 3362 1057 fruitur
3399 1020 3411 1056 :
3441 1017 3600 1057 muro
3637 1018 3834 1057 novam
3866 1019 4046 1059 arcem
4081 1005 4360 1061 Urbauam
4389 1009 4580 1076 cingit.

3000 1097 3266 1151 Prstiterea
3353 1095 3744 1165 beglerbegum
3819 1098 4119 1160 Romaniae.
4208 1101 4581 1154 Soli-iurantem

3001 1192 3240 1251 bassatn.
3301 1205 3427 1244 cum
3481 1189 3657 1259 copiis
3735 1189 3788 1244 in
3848 1190 4086 1246 Moream
4161 1194 4398 1263 ablegat.
4479 1194 4583 1246 Sed

3008 1285 3084 1338 illi
3147 1298 3339 1353 parum
3395 1284 3510 1336 haec
3542 1283 3825 1353 expeditio
3889 1300 4156 1354 prospere
4192 1288 4399 1351 cessit;
4434 1288 4587 1340 idco-

3001 1393 3106 1446 que
3172 1377 3357 1431 relicta
3439 1376 3665 1441 Morea,
3713 1377 3909 1431 maluit
3977 1377 4269 1450 ngariam
4339 1384 4584 1450 aggredi.

3003 1473 3138 1525 Cum
3212 1487 3280 1525 ne
3328 1470 3455 1526 istic
3531 1472 3752 1541 quidem
3810 1489 3874 1526 ex
3932 1481 4062 1526 voto
4140 1489 4254 1527 rem
4351 1486 4590 1543 gerent,

3003 1567 3219 1618 tandem
3259 1566 3407 1630 gravi
3443 1564 3674 1620 affectus
3713 1575 3794 1619 est
3822 1567 4000 1630 clade,
4049 1569 4422 1637 maioremque
4466 1585 4588 1637 par-

3006 1665 3110 1708 tem
3142 1658 3416 1710 exercitus
3436 1657 3645 1718 amisit,
3666 1671 3814 1710 anno
3849 1656 3954 1711 882
3981 1657 4136 1729 (Chr.
4169 1658 4349 1728 H78).

3078 1745 3215 1801 'l‘utn
3291 1763 3420 1802 vero
3468 1749 3722 1803 sultanus
3775 1749 4167 1814 Muehemetes,
4230 1753 4320 1822 qui
4381 1755 4592 1804 (liulitts

3006 1839 3171 1891 vitam
3255 1840 3486 1893 otiosam
3563 1855 3728 1910 agere
3812 1858 3919 1895 non
3987 1853 4193 1911 posset,
4246 1847 4593 1911 expeditione

3010 1933 3280 1994 instituta,
3316 1941 3493 1987 semet
3525 1935 3590 1987 ad
3625 1937 4047 2003 oppugnandam
4096 1933 4409 1991 lscodaram
4457 1954 4586 1991 Cult-

1321 2038 1437 2074 ram
1471 2023 1643 2075 misit.
1671 2020 2014 2075 Soleimanes
2053 2034 2118 2073 eo
2150 2018 2464 2085 profectus,
2496 2016 2588 2069 diu
2613 2015 2903 2069 tormentis
2937 2009 2977 2064 Β
3009 2025 3149 2078 lutei,
3220 2023 3243 2076 ι

2674 2015 2903 2068 “lienus
2937 2009 2977 2064 Β
3009 2025 3149 2078 tulit.
3220 2023 3455 2079 Fortiter
3489 2025 3536 2080 ei
3567 2027 3816 2080 restitere
3866 2026 4185 2092 Christiani,
4230 2044 4595 2098 magnamque

1329 2131 1441 2167 rem
1501 2115 1706 2166 acriter
1749 2113 1861 2182 egit
1897 2129 1908 2164 :
1939 2120 1994 2164 et
2031 2125 2348 2180 quanquam
2389 2107 2458 2159 ab
2482 2119 2714 2175 utraque
2750 2113 2905 2174 parte

1331 2219 1524 2272 magna
1587 2204 1789 2272 periret
1831 2201 2117 2254 hominum
2169 2198 2483 2260 multitudo,
2513 2196 2677 2267 potiri
2724 2206 2906 2249 tamen

1328 2297 1581 2351 lscodara
1623 2311 1728 2350 non
1766 2295 1966 2365 potuit,
2002 2295 2095 2347 sed
2154 2292 2350 2346 infecta
2383 2307 2441 2344 re
2483 2292 2669 2360 copias
2732 2289 2907 2342 abdu-

1329 2393 1426 2444 xit.
1497 2390 1613 2445 Sub
1644 2390 1693 2442 id
1744 2397 1956 2458 tempus
2007 2386 2242 2441 vezirem
2276 2400 2461 2451 suum,
2512 2383 2905 2438 lilaehumt-tem

1333 2488 1576 2548 bassam,
1644 2483 1698 2536 in
1749 2481 1925 2535 frusta
1981 2480 2289 2544 concisum,
2348 2478 2580 2532 interlici
2656 2477 2909 2532 sultanus

1329 2579 1696 2633 Muchemetes
1721 2575 1902 2644 jussit.

1403 2670 1740 2725 Suleirnanes
1802 2676 1985 2723 autem
2059 2667 2264 2731 bassa,
2339 2679 2464 2720 cum
2536 2662 2748 2731 abjecta
2816 2676 2911 2731 spe

1330 2762 1615 2832 capiunda:
1660 2759 1953 2824 lseodarae,
2013 2759 2241 2813 militent
2304 2755 2429 2810 inde
2475 2754 2825 2817 reduxisset;
2856 2768 2910 2806 tn

1332 2855 1652 2908 Muldatiam
1703 2852 1976 2922 profectus
2042 2859 2146 2904 est.
2215 2847 2276 2902 Ei
2334 2846 2624 2902 corrfeStim
2671 2845 2905 2899 voivoda

1332 2947 1616 3001 Moldavia:
1666 2960 1791 3000 cum
1844 2943 2091 2998 exercitu
2117 2957 2229 2999 suae
2261 2942 2438 3012 gentis
2480 2939 2748 2994 occurrit.
2775 2937 2914 2992 Pede

1335 3041 1558 3105 iollato,
1639 3046 1941 3107 pugnatum
2025 3037 2168 3090 inter
2223 3051 2319 3091 eos
2385 3034 2651 3088 animose.
2712 3029 2913 3085 Verum

1335 3132 1482 3201 quod
1538 3131 1733 3199 partim
1768 3129 1821 3181 in
1906 3129 2315 3198 oppugnatione
2373 3125 2642 3180 lscodarre
2694 3121 2913 3176 Turcici

1337 3221 1537 3275 milites
1589 3219 1868 3288 defatigati
1927 3219 2072 3272 vires
2125 3217 2462 3281 amisissent,
2524 3213 2719 3285 partim
2749 3213 2912 3267 etiam

1337 3311 1472 3380 ipsis
1533 3308 1860 3363 Moldaviam
1919 3307 2388 3376 ingredientibus,
2451 3306 2642 3374 ingens
2680 3319 2744 3357 ea
2791 3303 2914 3358 loca

3010 2117 3310 2171 Turcorum
3395 2117 3796 2173 multitudinem
3860 2121 4200 2177 occiderunt.
4263 2125 4341 2176 Ad
4413 2135 4597 2176 extre-

3013 2224 3184 2272 mum.
3233 2223 3357 2262 cum
3413 2207 3512 2262 bac
3567 2209 3990 2280 oppugnationis
4057 2211 4142 2265 via
4193 2211 4324 2264 nihil
4385 2212 4598 2264 eflirerc

3012 2309 3220 2370 posset,
3248 2301 3540 2356 exstructis
3592 2301 3854 2372 undique,
3888 2304 4354 2373 eommunitisque
4401 2304 4590 2356 castel-

3013 2395 3078 2448 lis
3149 2394 3363 2462 ligueis,
3441 2395 3733 2450 abscessit.
3821 2395 3936 2450 Hoc
4029 2397 4190 2452 modo
4270 2415 4396 2451 eum
4463 2397 4599 2451 fessi

3012 2485 3292 2538 diuturnae
3354 2485 3663 2542 obsidionis
3699 2487 3859 2541 taedio
3884 2485 4210 2553 Christiani,
4272 2487 4437 2542 etiam
4470 2506 4598 2542 cum

3013 2578 3214 2643 inedia,
3289 2589 3726 2649 ceterarumque
3781 2598 3960 2635 rerum
4009 2580 4446 2636 necessariarum
4510 2599 4602 2651 pe-

3016 2672 3171 2725 rmria
3227 2669 3552 2735 conflictati,
3611 2672 4075 2739 debilitarentur;
4154 2687 4253 2728 nec
4313 2678 4417 2727 ulla
4484 2674 4598 2742 jam

3015 2762 3147 2831 ipsis
3173 2762 3428 2817 alicunde
3460 2779 3590 2834 spes
3622 2765 3896 2819 solvenda:
3920 2765 4224 2822 obsidionis
4264 2766 4552 2835 aﬂulgerct
4585 2781 4600 2818 :

3017 2849 3092 2903 ita
3151 2864 3277 2903 eum
3361 2849 3569 2904 Turcis
3651 2857 4068 2920 trarrsegerunt,
4137 2863 4192 2905 ut
4241 2851 4412 2906 salvis
4495 2851 4602 2921 ipsi

3017 2942 3382 2997 facultatibus
3445 2943 3564 2997 suis
3594 2941 3724 2996 inde
3794 2943 4115 3011 migrarent,
4180 2953 4234 2997 et
4285 2943 4602 2998 lscodaram

3016 3030 3326 3091 Tur-corum
3364 3035 3622 3105 potestati
3641 3035 4040 3104 permitterent.
4056 3035 4297 3105 ,Faetutn
4332 3038 4439 3090 hoc
4462 3052 4606 3089 anno

3017 3124 3523 3194 883(Chr.tt79p

3089 3216 3210 3282 Quo
3297 3226 3547 3286 tempore
3605 3219 3854 3272 sultanus
3921 3215 4287 3272 Mnehemetes
4348 3218 4608 3274 lscodara

3020 3309 3298 3373 discessit,
3326 3309 3865 3380 Constantinopolim
3914 3312 3980 3365 ad
4011 3312 4250 3379 quietem
4282 3326 4344 3366 se
4375 3315 4604 3381 recepit.

1339 3402 1515 3470 ltiges
1563 3406 1888 3468 occupasset
1926 3415 1940 3452 :
1974 3398 2258 3452 alacritate
2284 3397 2591 3450 animorum
2619 3397 2912 3461 exstincta,
2942 3375 2985 3432 ο
3019 3401 3204 3457 Nihilo
3249 3404 3433 3458 minus
3463 3403 3632 3458 duces
3689 3419 3846 3469 suos,
3908 3419 4140 3474 quorum
4188 3405 4488 3460 ίιιαίεεηυιρί
4519 3423 4612 3461 ⁸Α).

1344 3511 1537 3566 parum
1582 3493 1801 3546 fortiter
1841 3494 1891 3544 iu
1953 3493 2167 3546 hostem
2228 3499 2562 3560 pugnarunt,
2615 3501 2728 3543 cta
2780 3487 2916 3543 Mol-

1341 3597 1478 3646 dnvo
1521 3588 1746 3642 voivoda
1803 3586 1927 3640 caesi
1972 3584 2354 3656 profligatique
2399 3593 2550 3648 sunt,
2599 3599 2744 3638 anno
2812 3581 2915 3637 879

1337 3681 1704 3754 (cur.tttsn

1413 3775 1636 3829 lnterirn
1677 3772 2148 3842 Coustantinopoti
2198 3773 2489 3841 quiescens
2540 3787 2569 3826 a
2598 3773 2764 3826 rebus
2826 3790 2917 3844 ge-

1339 3871 1521 3924 rendis
1561 3868 1811 3923 sultauus‘
1853 3867 1967 3936 ipse
2016 3866 2404 3929 Mueheuretes,
2449 3867 2682 3919 vezirem
2733 3881 2916 3934 suum,

1338 3963 1614 4017 Ccdueem
1664 3964 1980 4015 Acirmetem
2031 3960 2274 4026 bassam,
2308 3974 2405 4028 per
2460 3958 2515 4012 id
2544 3974 2712 4026 mare,
2764 3964 2910 4031 quod

1344 4056 1565 4125 Nigrum
1601 4055 1897 4124 appellant,
1924 4051 2095 4108 Cofeu
2122 4067 2248 4106 cum
2278 4052 2456 4107 classe
2509 4053 2680 4118 misit,
2717 4053 2920 4123 insigni

1344 4152 1580 4204 militum
1638 4149 1883 4203 exercitu
1917 4147 2222 4201 instructa:
2257 4160 2368 4216 quo
2400 4147 2456 4200 in
2504 4145 2752 4200 exercitu
2779 4148 2920 4201 Aza~

1342 4260 1537 4314 porum
1596 4245 1836 4297 erantad
1882 4243 2068 4295 decem
2098 4240 2268 4294 millia
2297 4281 2313 4305 ,
2365 4240 2700 4308 totidemque
2752 4241 2921 4295 millia

1345 4338 1751 4407 ςειιίῑιιιυιυιιι.
1828 4332 1903 4386 Eo
1937 4350 2060 4386 eum
2094 4340 2414 4402 perventum
2449 4333 2668 4394 fuisset,
2699 4331 2921 4386 obsessa

1342 4432 1534 4484 civitas
1597 4427 1748 4491 Cofe,
1811 4442 1934 4483 cum
2000 4427 2228 4479 liuitrma
2299 4427 2516 4494 regione
2577 4424 2925 4479 Muchemetis

1345 4527 1401 4578 iri
1462 4534 1788 4594 potestatem
1861 4522 2031 4574 venit.
2101 4519 2244 4584 Quin
2285 4530 2338 4572 et
2395 4517 2472 4571 illi
2526 4515 2732 4581 Tatari,
2784 4533 2923 4588 quos

1345 4619 1593 4672 Kel'trnos
1626 4626 1841 4680 vocant,
1867 4624 1921 4668 et
1947 4614 2035 4666 alii
2062 4615 2152 4682 qui
2193 4613 2355 4666 totius
2385 4612 2678 4681 provinciae
2699 4610 2926 4666 Desteu-

3020 3500 3166 3552 mina
3233 3514 3446 3561 sumus,
3475 3500 3660 3553 multis
3689 3513 3816 3553 cum
3860 3499 4103 3553 millibus
4125 3499 4494 3553 Acanzinrum
4555 3504 4612 3552 in

3022 3589 3314 3659 ngariam
3337 3591 3612 3661 expedivit
3633 3608 3646 3644 :
3667 3591 3806 3644 Alirn
3828 3591 4076 3648 videlicet
4095 3594 4311 3664 begum,
4356 3593 4616 3647 .‘lliehalia

3021 3684 3218 3750 lilium,
3236 3683 3453 3753 etilsam
3472 3684 3999 3752 begum,Chuseinis
4029 3687 4219 3750 lilium,
4241 3695 4293 3738 et
4313 3686 4488 3738 Balim
4525 3688 4620 3738 be-

3027 3790 3180 3844 gum,
3207 3774 3453 3828 Malcozii
3501 3775 3691 3828 lilium.
3711 3774 3851 3840 Quia
3877 3791 4004 3829 vero
4021 3791 4103 3829 res
4121 3777 4362 3828 hostium
4379 3792 4616 3829 summu

3027 3867 3227 3937 Ungari
3265 3885 3427 3938 quam
3465 3870 3930 3938 exploratissimas
3981 3869 4274 3928 habebant.
4319 3871 4619 3939 inopinato

3024 3962 3236 4017 Turcos
3265 3965 3534 4031 aggressi,
3583 3963 3773 4032 praelio
3794 3979 3920 4020 cum
3951 3964 4032 4018 eis
4055 3964 4328 4018 acerrimo
4352 3965 4623 4018 cenam--

3027 4063 3195 4109 ruut:
3229 4070 3336 4124 quo
3387 4055 3471 4108 lsa
3503 4053 4370 4126 lzegusitrtet'ernptusfui1332,
4400 4060 4625 4111 caeteris

3027 4150 3310 4218 dissipatis
3350 4160 3404 4204 et
3456 4153 3640 4214 caesis,
3700 4166 3843 4204 anno
3868 4150 4151 4220 884(Chr.
4209 4152 4392 4219 H80).

3097 4239 3244 4296 Nihil
3296 4243 3400 4296 hoc
3456 4256 3602 4296 anno
3658 4259 3838 4296 rerum
3888 4241 4140 4296 sultanus
4205 4243 4321 4310 ipse
4385 4242 4634 4298 Hucine-

3029 4345 3201 4390 tnetes
3251 4337 3382 4406 egit,
3445 4336 3539 4390 sed
3605 4336 3822 4389 interim
3891 4351 4070 4390 tamen
4133 4337 4368 4390 vt-zirem
4427 4354 4632 4412 Slttlno.

3027 4427 3271 4483 Mesitem
3312 4429 3555 4491 bassam,
3596 4431 3783 4485 multis
3845 4447 3969 4484 cum
4020 4431 4260 4486 millibus
4293 4434 4631 4495 hominum,

3028 4539 3093 4575 ac
3143 4524 3466 4593 praepotenti
3535 4540 3660 4577 cum
3728 4525 3926 4589 classe,
3965 4529 4100 4579 mari
4166 4528 4498 4597 ablegavit:
4565 4543 4636 4580 ut

3029 4617 3220 4670 insula:
3277 4617 3596 4685 civitatique
3651 4615 3842 4671 Rhodo
3905 4618 4111 4671 bellum
4173 4617 4424 4672 inferret.
4448 4620 4648 4672 Obse-

1347 4729 1422 4765 sis
1504 4711 1697 4764 incolae
1779 4717 1930 4772 sunt,
1985 4707 2181 4761 Turcis
2235 4723 2292 4760 sc
2345 4705 2691 4760 dediderunt.
2744 4704 2999 4792 AqueD
3031 4709 3108 4763 dit
3169 4719 3349 4762 autem
3412 4708 3628 4762 Mesites
3687 4708 3965 4773 Rhodum,
4005 4714 4097 4765 sed
4141 4727 4456 4782 expugnare
4507 4730 4614 4764 nm

1347 4809 1451 4860 hoc
1527 4807 1689 4857 modo
1750 4800 1998 4856 Geduees
2054 4802 2347 4853 Aclnnetes
2420 4799 2580 4852 bassa
2647 4799 2920 4866 regionem

1349 4899 1493 4950 illam
1532 4895 1847 4948 universam
1901 4892 2102 4946 sultaui
2149 4890 2508 4944 Muchenietis
2541 4889 2765 4958 imperio
2796 4891 2922 4943 sub-

1343 4990 1496 5059 jecit,
1523 5005 1668 5040 anno
1691 4986 1794 5040 880
1833 4987 1990 5054 (Chr.
2054 4983 2234 5052 l/t'ib).

1419 5081 1730 5134 Secuuduni
1785 5082 1898 5131 ιιωο
1970 5081 2174 5130 coactis
2248 5077 2619 5129 Muchelttetes
2672 5075 2925 5130 omnibus

1349 5178 1466 5231 suis
1505 5177 1699 5245 copiis,
1731 5175 1784 5227 iu
1835 5171 2156 5227 Moldaviant
2212 5171 2615 5241 expeditionem
2662 5173 2924 5238 suscepit.

1353 5271 1480 5323 [Sam
1531 5270 1804 5338 regionem
1844 5269 2110 5334 ingresso,
2189 5267 2414 5318 \'o.voda
2481 5263 2763 5317 MolJavus
2832 5280 2926 5317 oc-

1352 5365 1548 5426 currit,
1597 5378 1660 5416 ac
1709 5372 1931 5415 strenue
1985 5362 2201 5429 quidem
2268 5360 2355 5412 ille
2413 5373 2532 5410 cum
2591 5356 2928 5411 Muchemete

1356 5459 1617 5527 pugnavit
1647 5473 1662 5521 ς
1697 5457 1789 5509 sed
1816 5456 2002 5525 prxlro
2047 5454 2243 5516 \lClUS,
2277 5453 2482 5504 ditioue
2535 5466 2637 5503 suo
2671 5451 2925 5514 excessit,

1352 5563 1406 5604 et
1450 5567 1573 5604 cum
1625 5549 1874 5618 reliquiis
1941 5547 2174 5600 militum
2242 5561 2465 5598 suerunt
2513 5547 2741 5614 aulugit.
2789 5543 2927 5596 Τυιιι

1353 5661 1481 5697 Vero
1533 5643 1693 5695 'l‘urei
1731 5659 1919 5709 agrum
1961 5645 2111 5694 illum
2146 5657 2363 5694 ornnetu
2420 5641 2675 5709 diripere,
2712 5655 2927 5692 seomn-

1351 5755 1460 5808 que
1521 5740 1770 5806 captivos
1843 5738 2133 5798 abducere,
2207 5746 2477 5804 quotquot
2534 5733 2779 5786 nancisci
2839 5749 2934 5800 po-

1356 5839 1553 5887 terant,
1590 5829 1819 5880 ineolas.
1850 5825 1977 5879 lude
2005 5824 2394 5885 Muehernetes,
2426 5825 2608 5876 relicta
2645 5821 2931 5885 Moldavia,

1355 5921 1632 5987 prolectus
1676 5926 1757 5970 est
1817 5922 1881 5970 ad
1928 5931 2140 5969 amnem
2196 5914 2488 5968 Moravam.
2547 5912 2616 5965 lis
2681 5917 2732 5965 in
2802 5913 2934 5963 locis

1359 6015 1557 6080 Lngari
1623 6013 2096 6066 munimenturnct
2149 6025 2326 6062 arcem
2376 6005 2669 6076 quamdam
2721 6016 2934 6058 exstru-

3028 4800 3496 4870 potuitzideoque
3552 4801 3789 4855 maximo
3845 4818 3970 4856 cum
4021 4803 4354 4857 detrimento
4420 4814 4476 4857 t-t
4532 4807 4641 4874 ja-

3027 4904 3176 4944 ctura
3205 4909 3387 4946 rerum
3419 4893 3762 4948 obsidionem
3799 4895 4012 4949 solvere
4061 4907 4285 4950 coactus
4313 4897 4437 4951 fuit.
4474 4895 4637 4950 Tum

3031 4987 3295 5054 temporis
3343 4987 3577 5041 alterum
3619 5004 3840 5058 quoque
3905 4989 4138 5042 vezircm
4189 5005 4375 5054 suum,
4436 4990 4644 5053 Cedu-

3031 5095 3148 5134 Cem
3228 5081 3547 5135 Aehmetem
3625 5083 3861 5147 bassatn,
3918 5083 4095 5137 valido
4150 5098 4273 5136 cum
4337 5091 4642 5148 exercitu,

3033 5190 3336 5243 magnaque
3393 5176 3593 5240 classe,
3647 5174 4019 5230 Muchemetes
4079 5178 4130 5230 in
4187 5177 4401 5231 Italiam
4446 5183 4645 5232 misit.

3031 5269 3082 5323 ls
3129 5267 3420 5322 Otrantum
3458 5272 3511 5323 in
3536 5287 3601 5323 ea
3665 5272 3940 5325 civitatem
3987 5276 4277 5342 occupavit
4319 5288 4472 5326 anno
4511 5275 4646 5328 883

3033 5362 3183 5427 (Chr.
3221 5361 3402 5431 N81).

3112 5453 3424 5508 Secundum
3485 5457 3600 5512 ha'c
3641 5458 3867 5528 reliquit
3931 5460 4182 5512 sultanus
4243 5459 4656 5516 Mttcheruetvs

3036 5548 3598 5618 (ionstantinOpolim,
3657 5551 3793 5604 etin
3862 5551 4169 5603 Anatoliam
4242 5562 4398 5603 trans
4471 5569 4658 5608 man.-

3039 5644 3344 5708 prolectus,
3418 5645 3507 5697 die
3560 5645 3768 5698 mensis
3827 5645 4130 5698 Reblululze
4171 5645 4354 5706 tertio.
4384 5648 4655 5716 quitum

3035 5731 3185 5786 Jovis
3219 5746 3362 5800 erat,
3424 5735 3570 5788 circa
3623 5753 3935 5804 vesperam,
3993 5737 4046 5790 in
4081 5736 4421 5808 Teggiurum
4465 5755 4664 5806 prato

3040 5841 3268 5880 inertem
3310 5828 3465 5881 obiit.
3530 5827 3815 5883 Esstincto
3861 5841 4044 5883 autem
4101 5828 4451 5886 Mttclretttete
4479 5834 4668 5888 C01:-

3038 5921 3451 5989 stantinOpolim
3507 5924 3714 5975 reversi
3782 5923 4055 5986 Cenizari,
4122 5923 4311 5978 urbem
4379 5927 4672 5994 diripue-

3043 6015 3190 6061 runt.
3262 6009 3354 6063 llic
3413 6023 3538 6063 vero
3570 6011 3778 6064 decima
3844 6025 3985 6064 noua
4039 6011 4245 6065 mensis
4321 6012 4672 6071 lieliitiule

4775 635 4779 732 l

4777 813 4779 883 l
