4866 6594
186 376 266 438 m
1421 363 1767 422 amares
1805 352 2144 421 TURCICI.

3278 352 3383 415 618

182 490 293 543 filius
336 487 473 554 ejus,
519 483 767 537 sultauus
810 477 1101 545 Bajazites.
1130 474 1349 528 Amasia
1386 472 1707 527 Constanti-
1742 481 1783 536 Α
1816 490 1880 529 ex
1933 471 2167 542 Ungaria
2200 484 2374 538 :quos
2412 468 2627 537 quidem
2672 467 2864 521 ordine
2912 478 3230 536 perorantes
3284 486 3385 522 au-

182 580 380 647 nopolitn
450 576 776 644 appulitzet
812 582 1073 637 occupata
1128 567 1255 621 sede
1315 566 1485 635 regis,
1538 565 1709 633 patris

184 676 274 725 loco
323 672 590 726 salutatus
620 674 704 720 est
760 666 1082 732 imperator.

241 761 318 814 Vix
394 753 869 823 ConstantinOpoli
926 753 1118 821 paucis
1183 749 1380 805 diebus
1458 748 1710 809 haserat,

177 870 276 907 cum
312 851 477 905 frater
524 847 661 914 eius,
718 845 965 898 sultanus
1002 841 1217 906 Zemes,
1272 838 1451 894 ductis
1492 838 1713 892 eCara-

178 942 325 996 mania
375 940 570 1009 copiis,
633 936 860 989 Prusam
914 933 1073 996 adiit,
1134 930 1320 999 ibique
1376 926 1712 982 domicilium

176 1034 262 1087 sibi
304 1030 624 1095 constituit;
675 1027 923 1082 sultanus
950 1035 1079 1075 vero
1115 1020 1402 1089 Bajazites,
1451 1014 1715 1071 arcessito

174 1144 231 1181 ex
277 1125 461 1192 Apulia
501 1137 626 1176 cum
683 1119 923 1173 exercitu
957 1114 1177 1170 Geduce
1238 1111 1504 1164 Achmete
1534 1109 1711 1170 bassa,

176 1220 469 1287 magnisque
551 1211 893 1280 caeteroqnin
966 1209 1129 1263 etiam
1209 1203 1455 1260 collectis
1519 1201 1715 1268 copiis,

172 1314 409 1365 adversus
474 1308 694 1361 Zemem
753 1304 977 1357 fratrem
1043 1301 1096 1355 in
1163 1296 1467 1352 Anatoliatn
1524 1293 1714 1346 movit.

170 1406 288 1459 Cum
336 1402 518 1469 przelio
574 1397 850 1464 congressi
911 1394 1163 1453 fuiss'ent,
1213 1388 1438 1443 inferior
1468 1386 1717 1440 disrcssit

171 1496 370 1558 Zemes,
431 1507 494 1545 ac
541 1506 665 1544 mox
720 1489 771 1540 in
806 1486 1183 1540 Caranianiam
1231 1482 1510 1551 profugit:
1576 1476 1717 1529 unde

169 1602 277 1640 cum
355 1600 477 1637 eum
549 1582 797 1635 sultan‘us
879 1578 1144 1645 Bajazites
1223 1574 1570 1642 expulisset:
1636 1568 1720 1620 iti-

169 1694 285 1731 nere
304 1690 589 1735 converso.
610 1667 1142 1736 Constantinopolim
1188 1664 1432 1733 repetiit.
1464 1660 1593 1715 Inde
1615 1660 1718 1713 Ge-

168 1771 345 1823 ducem
407 1768 719 1819 Achmetem
754 1763 966 1815 bassam
1006 1761 1057 1811 in
1082 1757 1460 1813 Caramaniam
1484 1752 1717 1815 remisit,

168 1864 250 1930 qui
310 1862 433 1913 dum
474 1856 599 1911 istic
636 1855 893 1916 haereret,
947 1850 1195 1919 Apuliam
1260 1847 1375 1900 Itali
1435 1858 1717 1909 recupera-
1750 1831 1790 1883 Β

169 1965 287 2010 runt
330 1950 570 2006 :Turcis
616 1947 901 2006 erunibus.
960 1944 1054 2013 qui
1082 1941 1293 1997 Otranti
1350 1938 1600 2008 praesidio
1632 1951 1714 1988 re-

165 2049 269 2103 ticti
316 2047 551 2109 fuerant,
604 2043 660 2096 in
684 2038 1057 2110 captivitatem
1129 2033 1391 2095 redactis,
1437 2046 1582 2085 anno
1618 2028 1721 2084 886

165 2142 309 2211 (Chr.
344 2136 525 2204 ttae).

236 2231 437 2284 Rursus
475 2234 655 2279 autem
689 2217 1171 2286 Constantinopoli
1235 2215 1486 2269 sultanns
1516 2213 1721 2283 Bajazi-

168 2336 245 2377 tes
302 2319 573 2380 discessit,
637 2324 691 2370 et
740 2314 792 2366 in
846 2309 1225 2365 (laramaniam
1275 2323 1399 2360 eum
1476 2308 1719 2360 exercitu

162 2414 327 2467 venit.
376 2411 589 2478 Quippe
641 2405 815 2458 frater
895 2403 1016 2470 ejus
1078 2399 1272 2453 Zemes
1318 2414 1349 2451 e
1408 2399 1720 2465 peregrina-

164 2508 305 2559 tione
371 2498 677 2555 Mechiensi
742 2497 854 2564 jam
933 2508 1186 2549 reversus
1266 2491 1464 2544 fuerat.
1539 2492 1722 2557 Itaque

159 2600 337 2651 denuo
378 2595 671 2648 commisso
730 2591 782 2643 in
838 2586 1161 2642 Caramania
1205 2584 1418 2652 praelio.
1473 2583 1723 2636 sultanus

159 2688 351 2741 Zemes
415 2687 613 2739 iterum
652 2683 826 2736 victus
862 2678 932 2732 ad
961 2691 1110 2731 mare
1150 2674 1410 2745 profugit,
1441 2682 1495 2727 et
1528 2674 1579 2725 in
1615 2670 1724 2725 Ita-

165 2782 289 2832 liam
321 2792 378 2830 se
420 2776 646 2840 recepit.
714 2771 852 2825 Hinc
914 2769 1117 2822 castris
1175 2768 1360 2828 motis,
1408 2764 1721 2818 Constanti-

170 2872 408 2939 nopolim
441 2867 688 2922 sultanns
722 2862 992 2930 Bajazitcs
1032 2859 1194 2922 abiit,
1240 2866 1408 2925 atque
1445 2857 1571 2911 inde
1602 2872 1724 2926 pro-

160 2964 331 3017 fectus
361 2971 441 3014 est
491 2956 953 3025 HadrianOpolim.

226 3057 395 3109 Nocte
443 3062 595 3107 sexta
656 3048 862 3103 mensis
909 3046 1213 3106 Schevalis.
1288 3058 1479 3098 omnes
1535 3042 1600 3095 ad
1667 3056 1725 3096 se

158 3150 370 3203 vezires
430 3161 561 3201 suos
595 3142 867 3204 invitavit,
924 3154 1028 3193 una
1072 3154 1195 3192 cum
1220 3136 1442 3192 Geduce
1470 3136 1723 3188 Aclunete

158 3245 318 3296 bassa
359 3253 511 3307 :quo
538 3236 754 3305 quidem
819 3234 874 3286 in
922 3230 1171 3287 convivio
1214 3229 1399 3281 vinum
1457 3241 1589 3281 cum
1646 3225 1724 3279 eis

156 3333 368 3396 hausit,
392 3340 441 3383 et
464 3328 753 3393 unicuique
785 3324 948 3377 veziri
979 3332 1179 3375 vestem
1223 3320 1465 3382 donavit,
1496 3328 1725 3385 excepto

155 3426 380 3479 Geduce
426 3423 688 3475 Achmete
728 3418 907 3479 bassa.
948 3430 1108 3485 quem
1158 3424 1212 3467 et
1264 3413 1490 3468 interﬁci
1542 3412 1725 3480 jussit,

151 3532 302 3570 anno
337 3516 439 3571 887
469 3515 621 3581 (Chr.
658 3512 839 3572 1485).

234 3608 443 3663 Eodem
477 3615 714 3674 tempore
766 3611 1014 3655 mortuus
1054 3608 1133 3653 est
1193 3596 1477 3650 Caramani
1529 3594 1731 3663 princi-

160 3704 241 3771 pis
303 3700 475 3761 ﬁlius,
526 3697 763 3751 Casanes
798 3693 989 3761 begus,
1053 3703 1216 3759 quem
1247 3688 1301 3739 in
1328 3688 1583 3741 comitatu
1630 3700 1731 3740 suo

160 3790 437 3855 Bajazites
482 3787 681 3841 alebat.

236 3879 383 3933 Hinc
442 3892 692 3946 suscepta
744 3876 1002 3946 Bajazites
1066 3873 1433 3944 expeditione,
1515 3868 1733 3935 SOphiee

159 3986 387 4041 tempus
413 3973 478 4026 ad
513 3970 729 4039 aliquod
779 3968 1045 4032 substitit,
1082 3968 1174 4020 ubi
1216 3979 1467 4034 magnam
1499 3962 1732 4015 militum

156 4079 391 4116 manum
425 4062 704 4114 collectam
742 4058 991 4111 habebat.
1045 4054 1247 4108 ilorum
1304 4053 1567 4120 majorem
1614 4063 1737 4119 par-

157 4165 273 4207 tem
312 4154 383 4205 ad
419 4151 641 4205 ﬂuvium
668 4150 941 4203 Moravam
994 4147 1163 4208 misit,
1199 4145 1384 4213 ibique
1421 4144 1555 4195 duas
1580 4156 1734 4194 arces

144 4231 386 4300 veteres
424 4242 750 4297 communiri
805 4240 990 4308 jussit.
1050 4238 1263 4302 Quibus
1318 4232 1736 4304 expeditis,So-

151 4342 287 4402 glria
358 4333 895 4401 Constantinopolim
953 4345 1202 4384 reversus
1280 4337 1392 4390 est,
1433 4340 1578 4379 anno
1635 4324 1737 4377 888

145 4430 321 4497 (Chr.
344 4426 531 4495 ttat).

1815 568 1971 627 divit,
2022 575 2076 619 et
2128 562 2416 634 postulatis
2475 575 2757 625 assensus,
2806 560 3103 614 liberaliter
3155 562 3386 616 donatos

1817 657 2039 711 dimisit.

1888 752 2081 802 Postea
2128 747 2409 818 profectus
2445 750 2530 800 est
2578 744 2694 798 Alis
2731 743 2898 815 begus
2952 744 3264 808 eunuchus,
3294 748 3384 813 qui

1817 839 2125 908 beglerbegi
2158 853 2359 892 munus
2388 834 2830 901 administrabat,
2866 849 3064 903 magno
3095 851 3218 889 cum
3244 848 3388 889 exer-

1816 933 1927 986 citu
1980 933 2032 985 in
2090 930 2437 985 Vaiachiatn:
2496 926 2895 997 conciliatoque
2961 927 3064 980 sibi
3147 927 3386 981 Vaivoda

1818 1024 2081 1089 Valacho,
2120 1037 2244 1077 cum
2273 1021 2387 1075 suis
2422 1030 2473 1074 et
2505 1020 2731 1074 Valachi
2772 1019 2948 1087 copiis
2976 1019 3030 1073 in
3062 1018 3385 1073 Moldavian

1821 1117 2017 1183 irrupit
2046 1130 2148 1168 :ac
2171 1114 2398 1184 rapinis,
2422 1112 2591 1177 ferro,
2623 1105 2878 1176 ﬂammis,
2916 1112 3386 1165 vastavitomnia:

1819 1209 2009 1277 spoliis
2084 1216 2315 1261 onustus
2368 1205 2601 1274 denique
2685 1202 2843 1256 rediit
2910 1202 3384 1273 Hadrianopolim.

1822 1315 1964 1353 anno
1995 1300 2097 1353 890
2115 1300 2267 1369 (Chr.
2296 1299 2478 1364 1486).

1891 1389 2152 1444 Sullanus
2190 1390 2407 1444 interim
2448 1389 2712 1457 Bajazites
2751 1387 2898 1441 domi
2933 1389 3243 1456 quiescens.
3289 1388 3385 1440 du-

1820 1497 1911 1535 ces
1951 1496 2099 1545 suos,
2154 1479 2531 1534 lscltenderem
2586 1481 2803 1550 begutn,
2839 1492 2895 1534 et
2937 1479 3106 1532 Balim
3171 1482 3383 1548 beguzs,

1821 1573 2065 1634 Malcozii
2133 1574 2329 1635 ﬁlium,
2364 1572 2689 1640 ablegavit:
2731 1584 2789 1625 ut
2843 1574 3024 1625 denuo
3072 1571 3385 1625 Valacltiam

1824 1662 2257 1730 ingrederentur,
2299 1671 2353 1716 et
2382 1661 2635 1715 Vaivodae
2676 1661 2915 1715 Valacho
2971 1665 3387 1727 persuaderent,

1824 1754 1901 1807 uti
1954 1754 2265 1821 conjunctis
2289 1769 2472 1808 secum
2507 1755 2674 1807 armis
2726 1757 2920 1807 iterum
2961 1754 3013 1806 in
3071 1754 3388 1809 Moldaviam

1824 1847 2239 1915 impressionem
2285 1846 2507 1901 faceret.
2561 1847 2905 1901 Assentiente
2934 1847 3198 1905 Valacho.
3268 1865 3388 1903 mox

1823 1954 1885 1995 ea
1914 1952 2165 2009 suscepta
2189 1940 2290 1995 fuit
2313 1942 2585 2010 expeditio
2610 1960 2621 1993 :
2650 1949 2872 2010 totaque
2900 1946 3125 2010 reginae
3151 1942 3385 2011 direpta,

1780 2064 1785 2067 -
1825 2048 2018 2101 magna
2052 2050 2174 2088 cum
2218 2035 2397 2103 praeda
2439 2035 2770 2089 discessum.

1896 2125 2030 2179 Dum
2071 2127 2183 2181 haec
2217 2128 2270 2179 itt
2309 2126 2572 2180 Romanis
2606 2138 2943 2195 gererentur,
2990 2130 3189 2184 Alcairi
3218 2133 3388 2184 sulta-

1824 2232 1929 2270 nus
1982 2217 2050 2269 ab
2101 2233 2206 2269 una
2259 2226 2411 2285 parte
2466 2233 2524 2271 se
2566 2221 2864 2272 commovit
2895 2235 3017 2273 cum
3077 2222 3212 2281 suis,
3249 2238 3384 2290 quos

1823 2310 1965 2363 inter
2014 2319 2135 2362 erat
2188 2308 2403 2364 Usunes
2437 2310 2684 2379 Usbegus
2722 2328 2737 2377 ;
2777 2324 2829 2366 et
2873 2327 3000 2365 suas
3046 2328 3385 2380 suorumque

1823 2399 2072 2466 copiasin
2106 2400 2238 2453 locis
2262 2402 2468 2454 Adanis
2501 2418 2562 2455 ac
2581 2403 2749 2456 Terso
2782 2405 3102 2472 interiectis.
3128 2408 3381 2477 collegit:

1823 2491 1890 2543 ab
1925 2493 2093 2544 altera
2135 2493 2336 2546 sultani
2394 2493 2649 2561 Bajazitis
2676 2505 2847 2562 parte,
2907 2496 3197 2567 Sangiachi
3236 2504 3380 2554 Ana-

1825 2585 1990 2646 tolize,
2049 2584 2293 2652 itemque
2336 2585 2605 2641 Ferhates
2642 2588 2833 2657 begus,
2886 2591 3087 2644 sultani
3132 2593 3382 2664 Bajazitis

1826 2691 2011 2741 gener,
2054 2675 2394 2731 Caramanire
2459 2680 2837 2749 hvg’erbegus,
2894 2682 3162 2753 CaragOsa
3197 2686 3385 2756 begus,

1828 2766 2134 2835 congregati
2164 2783 2178 2830 ;
2208 2768 2415 2835 juncris
2447 2772 2801 2833 exercitibus,
2861 2782 3050 2828 contra
3084 2778 3392 2833 sultaninos

1832 2858 2177 2913 Alcairenses
2205 2860 2430 2928 profecti
2494 2871 2640 2915 sunt.
2697 2864 2801 2917 Ubi
2833 2876 3051 2919 ventum
3090 2870 3154 2921 ad
3198 2886 3397 2925 manus

1830 2961 1996 3009 esset.
2041 2952 2109 3004 ab
2170 2962 2397 3022 utraque
2449 2964 2601 3022 parte
2641 2971 2774 3010 sane
2822 2971 2982 3024 quam
3049 2961 3279 3015 viriliter
3321 2964 3399 3013 di-

1834 3043 2129 3097 micarunt.
2192 3044 2462 3099 Sultaniui
2515 3047 2753 3113 denique
2835 3049 3158 3116 Bajaziticos
3250 3066 3395 3123 terga

1752 3165 1798 3225 ε
1834 3137 1964 3189 dare
1988 3147 2309 3206 coegerant.
2372 3139 2491 3207 ipso
2524 3144 2692 3193 etiam
2740 3142 2995 3211 llajazitis
3033 3160 3258 3215 genero,
3300 3148 3396 3202 Fc~

1833 3226 1987 3281 rhate
2012 3227 2166 3297 bego,
2201 3229 2546 3299 interempto.

1897 3320 2056 3389 333
2091 3319 2205 3374 Non
2244 3322 2413 3375 multo
2453 3333 2574 3391 post
2619 3325 2789 3378 edixit
2844 3326 3127 3398 Bajazites,
3158 3333 3234 3385 uti
3282 3331 3395 3385 Mu-

1830 3412 2104 3466 chemetes
2139 3414 2329 3482 begus,
2384 3413 2637 3469 Clit-seris
2693 3418 2808 3487 begi
2864 3421 3027 3486 ﬁlius,
3075 3438 3199 3477 cum
3240 3426 3395 3477 (Ιιιρίς

1834 3504 1960 3568 ﬁlio,
1993 3506 2083 3572 qui
2114 3506 2461 3577 beglerbegus
2495 3507 2768 3563 Romanis:
2792 3524 3007 3566 creatus
3040 3525 3173 3577 erat,
3200 3518 3396 3570 Itoma-

1833 3596 1935 3648 nia:
1969 3596 2150 3663 cepias
2172 3597 2224 3648 in
2266 3597 2570 3650 Auatoliam
2597 3600 2996 3667 transjicereut,
3028 3611 3082 3655 et
3111 3617 3395 3672 assumpw.

1834 3689 2121 3741 Anatolico
2181 3690 2367 3753 milite,
2434 3692 2708 3745 sultanum
2752 3693 2953 3746 Alcairi
3012 3694 3150 3747 bello
3181 3697 3399 3748 invade--

1836 3790 1976 3833 rent.
2013 3779 2106 3833 His
2136 3779 2301 3845 igitur
2333 3781 2591 3851 Bajazitis
2619 3784 2847 3849 imperio
2883 3786 3224 3852 parentibus,
3254 3800 3399 3840 recta

1836 3870 2038 3939 petitus
2080 3873 2250 3924 hostis
2283 3888 2298 3924 :
2334 3874 2424 3938 qui
2466 3887 2590 3925 cum
2623 3884 2675 3926 et
2707 3874 2821 3942 ipse
2856 3887 3076 3942 paratus
3124 3878 3187 3928 ad
3238 3877 3400 3929 dimi-

1836 3965 2069 4018 candum
2102 3972 2269 4024 essrt,
2302 3964 2559 4032 utrinque
2598 3980 2932 4017 concursum
2965 3969 3234 4021 acerrimo
3267 3983 3399 4036 pra»

1838 4056 1930 4117 lio,
1959 4071 2067 4123 quo
2104 4057 2258 4109 ducis
2293 4055 2457 4119 ﬁlius,
2510 4058 2799 4111 Achmetes
2860 4058 3039 4121 bassa,
3091 4074 3218 4113 cum
3260 4076 3401 4127 equo

1837 4148 2143 4217 prolapsus,
2177 4150 2229 4200 in
2252 4150 2665 4201 Sultaninorum
2695 4165 2887 4203 manus
2925 4154 3072 4203 venit
3102 4170 3114 4205 :
3149 4162 3201 4204 et
3235 4153 3401 4205 do-du-

1839 4248 1960 4292 ctus
1993 4239 2071 4291 adi
2095 4238 2392 4306 Usbegum,
2425 4242 2683 4294 custodite
2706 4244 2940 4296 traditus
2976 4244 3092 4299 fttit.
3129 4244 3400 4313 ingentem

1842 4328 2122 4395 Bajazitici
2160 4329 2367 4382 ciadem
2401 4330 2453 4383 id
2487 4332 2748 4400 temporis
2783 4346 3129 4401 acceperunt,
3161 4352 3280 4403 qua!
3306 4337 3403 4388 Ba-

1840 4420 1990 4488 jaziti
2022 4422 2318 4490 significata
2348 4439 2469 4477 cum
2502 4422 2713 4489 fuisset,
2749 4426 2981 4478 vezireut
3049 4441 3230 4489 suum,
3267 4428 3401 4480 Dau-

230 4520 430 4572 Mense
486 4517 766 4587 ltebjulula
796 4552 812 4581 -,
869 4515 959 4568 die
1037 4515 1270 4583 quodam
1354 4511 1561 4573 Martis,
1607 4511 1738 4563 urbs
1773 4507 1814 4561 D
1844 4513 1964 4565 dem
1994 4513 2233 4573 hassam.
2273 4515 2589 4581 praepotenti
2629 4530 2749 4568 cum
2781 4519 3024 4570 exercitu
3072 4531 3258 4572 contra
3288 4523 3403 4572 sul-

150 4610 718 4677 llatlrianOpolitana,
786 4622 911 4661 cum
965 4606 1218 4658 omnibus
1252 4604 1317 4656 ad
1352 4601 1737 4656 distrahendas

143 4717 409 4763 men-es,
469 4700 757 4754 exstructis
813 4696 1082 4760 aediliciis,
1163 4696 1286 4763 igne
1363 4691 1735 4758 conﬂagravit.

145 4794 375 4849 Ibidem
437 4791 603 4844 etiam
699 4791 749 4844 id
791 4788 1057 4856 temporis
1114 4781 1381 4855 Bajasites
1457 4781 1737 4837 Xenonem

141 4886 412 4940 condere
441 4898 661 4954 prapter
702 4885 899 4936 ﬁumen
937 4878 1254 4947 cepit.lnde
1294 4876 1489 4930 castris
1507 4873 1740 4928 Hadria-

143 4980 356 5048 nopoli
414 4977 600 5037 motis,
642 4972 964 5027 lvloldaviam
988 4970 1243 5033 transiit;
1260 4977 1315 5021 et
1340 4982 1520 5021 arcem
1540 4966 1738 5020 Chilim

144 5070 484 5137 occupavit.
530 5064 713 5133 Neque
752 5064 922 5117 multo
970 5070 1115 5130 post,
1170 5060 1257 5111 die
1295 5058 1531 5127 quodam
1596 5056 1740 5109 Mer-

136 5158 334 5220 Curii,
395 5156 563 5209 etiam
593 5167 773 5207 arcem
824 5151 1121 5212 Chermen,
1178 5148 1369 5202 iisdem
1427 5147 1481 5200 in
1541 5147 1742 5200 ﬁnibus

140 5250 365 5320 sitam,
423 5246 479 5299 in
540 5253 866 5315 potestatem
928 5242 1156 5310 redegit.
1217 5240 1395 5308 Atque
1435 5240 1583 5293 omni
1637 5238 1741 5293 hoc

130 5355 297 5409 agro
353 5337 581 5406 potitus,
636 5344 842 5389 mutata
895 5331 1248 5401 profectione,
1300 5330 1740 5401 HadrianOpolim

1842 4614 2027 4656 tauutn
2060 4603 2258 4656 Alcairi
2298 4605 2467 4657 misit.
2511 4604 2729 4659 Minime
2756 4622 2881 4659 vero
2913 4608 3088 4661 territi
3120 4611 3401 4671 sultanini,

1841 4710 1967 4747 mox
1993 4694 2041 4746 ei
2068 4711 2191 4749 cum
2216 4696 2327 4749 suis
2342 4697 2555 4748 obviam
2584 4698 2856 4765 progressi
2890 4708 3034 4753 sunt.
3066 4699 3278 4754 Daudes
3302 4700 3402 4754 λιιι,

1846 4787 1989 4839 haud
2023 4792 2429 4841 occurrendum
2466 4797 2639 4851 ratus,
2691 4800 2904 4845 mature
2940 4801 3096 4861 capto
3137 4797 3406 4847 mutandze

1841 4878 2193 4945 profectionis
2223 4880 2473 4943 consilio,
2520 4891 2666 4936 retro
2697 4882 2853 4935 duxit
2901 4885 3222 4943 exercitum.
3264 4887 3401 4936 Adiit

1844 4972 1945 5025 hoc
1982 4971 2032 5023 in
2073 4972 2266 5025 itinere
2299 4971 2533 5025 Daudem
2568 4974 2853 5029 Aladeules
2911 4976 3215 5041 Dulgadiris
3274 4978 3404 5038 dux,

1844 5062 1929 5115 cui
1976 5078 2227 5130 magnum
2265 5064 2377 5133 ipse
2397 5065 2658 5118 honorem
2685 5067 2953 5119 exhibuit.
2986 5067 3345 5136 Posteaquam
3380 5088 3404 5116 ει

1845 5153 2136 5207 sultaniuis
2194 5170 2251 5209 se
2287 5154 2499 5211 Daudes
2528 5159 2833 5221 avertisset,
2874 5157 3267 5214 Varsacensem
3330 5162 3403 5212 (Ιι-

1848 5246 2046 5297 tionem
2074 5247 2370 5314 ingressus,
2392 5263 2644 5317 proceres
2674 5252 2866 5318 partim
2902 5251 2953 5303 in
2981 5252 3191 5305 vincula
3224 5253 3377 5319 conjs

1846 5336 1938 5396 cit,
1968 5338 2159 5403 partim
2193 5340 2409 5405 occidit,
2465 5346 2659 5409 partim
2715 5342 3108 5398 interveniente
3166 5354 3407 5403 transac-

122 5430 352 5493 rediit,
374 5443 519 5482 anno
548 5426 651 5481 889
676 5427 823 5495 (Chr.
855 5424 1037 5491 N85).

215 5520 393 5575 Tunc
446 5531 501 5573 et
537 5520 719 5571 lumen
749 5517 883 5573 solis
913 5517 1134 5579 defecit.
1169 5526 1224 5571 et
1270 5517 1524 5571 sultanus
1586 5516 1743 5585 Baja-

116 5613 300 5666 zites
370 5626 571 5666 versus
616 5610 734 5663 loca
768 5619 1054 5675 montana,
1114 5608 1393 5663 recreandi
1425 5609 1508 5661 sui
1559 5622 1744 5673 causa,

116 5720 206 5757 se
244 5704 519 5758 contulit.
552 5701 652 5755 Hic
682 5716 807 5755 eum
871 5701 1054 5754 adiere
1117 5699 1281 5768 legati
1336 5708 1465 5762 tres,
1515 5712 1745 5765 quorum
1853 5717 2027 5759 meatu
2062 5705 2297 5759 [tandem
2349 5708 2560 5762 passam
2622 5712 2893 5774 amem“,
2938 5719 2994 5763 ει
3025 5726 3153 5778 pace
3178 5725 3303 5764 cum
3343 5726 3410 5763 εί.

119 5809 311 5847 unus
343 5809 409 5848 ex
439 5794 592 5847 ludia
622 5794 825 5847 missus
873 5793 1045 5845 fuerat
1095 5791 1234 5844 alter
1286 5790 1521 5854 Alcairo,
1556 5793 1748 5845 tertius
1853 5797 2085 5857 saucita,
2133 5810 2535 5853 sacramentum
2596 5802 2987 5870 praastiterunt.
3051 5800 3143 5855 llis
3205 5802 3411 5853 etim-tis

499 5886 764 5944 PATROL.
801 5892 911 5947 Cvr.
948 5886 1142 5946 CLIX.
2972 5900 3052 5955 20

1846 5428 1993 5480 tione
2027 5430 2226 5497 recepit
2256 5430 2308 5483 in
2338 5432 2585 5496 gratiam,
2630 5430 2965 5502 fortunisque
2994 5434 3109 5487 suis
3147 5435 3407 5489 restituit.

1847 5518 2211 5588 Turguvensis
2267 5523 2556 5589 provinciae
2610 5539 2863 5592 proceres
2905 5526 3233 5580 saluti-suat
3287 5526 3411 5595 fuga

1849 5614 2192 5668 consuluere.
2228 5615 2466 5668 Tandem
2506 5624 2685 5670 tamen
2741 5619 3029 5687 impetrato
3064 5619 3216 5673 salvo
3264 5634 3411 5673 com—
