4866 6594
1327 534 1438 598 619

2585 526 2935 588 ANNALES
2962 524 3060 587 TU
3077 525 3309 588 RCICI.

4481 522 4574 582 (320

1332 650 1521 712 rebus,
1556 643 1766 698 Daudes
1804 648 2155 697 exauctorato
2191 639 2366 696 milite
2421 654 2675 695 reversus
2706 649 2790 695 est
2833 638 2898 692 ad
2932 646 2976 700 Α
3076 637 3348 707 Bajazites
3386 649 3637 707 magnam
3678 651 3872 691 rursus
3904 635 4135 690 militum
4194 650 4417 690 manum
4475 638 4579 690 colo

1332 738 1605 792 sultanum
1639 733 1957 805 Bajazitem,
1989 732 2084 803 qui
2121 742 2254 788 tunc
2302 733 2354 786 in
2405 732 2627 803 regione
2676 732 2901 786 Visena-

1332 828 1472 884 hicsi
1498 828 1742 896 degebat.

1402 919 1560 975 Venit
1593 918 1646 972 id
1690 915 1950 985 temporis
1989 914 2054 969 ad
2085 913 2375 983 Bajazitem
2429 913 2638 983 legatus
2676 927 2743 966 ex
2789 909 2901 965 Utt-

1333 1013 1505 1082 garia,
1537 1010 1620 1064 vir
1643 1008 1856 1062 eximite
1892 1006 2195 1076 dignitatisy
2227 1004 2316 1058 cui
2354 1018 2549 1059 nomen
2575 1001 2903 1067 1001101001-

1333 1106 1472 1158 eius.
1508 1102 1557 1156 Is
1580 1099 1645 1154 ad
1678 1100 1957 1155 sultanum
1990 1097 2280 1158 adductus,
2312 1105 2366 1151 et
2420 1094 2748 1165 pet-benigne
2801 1095 2903 1147 fttit

1335 1196 1575 1250 auJitus.
1643 1192 1905 1260 Expedita
1964 1188 2258 1259 legatione.
2322 1198 2527 1243 vestem
2582 1203 2610 1240 a
2664 1186 2904 1255 Bajazite

1335 1290 1499 1346 dono,
1524 1301 1624 1354 pro
1653 1298 1803 1338 more
1836 1283 2013 1351 gentis
2036 1283 2265 1351 accepit,
2327 1293 2381 1335 et
2409 1281 2697 1335 admodum
2735 1280 2904 1335 hono-

1336 1377 1483 1430 rilice
1511 1374 1847 1442 benigneque
1876 1371 2135 1425 dimissus
2163 1370 2285 1424 fuit.
2315 1368 2371 1422 in
2395 1370 2590 1423 itinere
2620 1383 2769 1428 vero.
2793 1383 2901 1436 quo

1335 1475 1556 1522 domum
1593 1465 1868 1521 rediturus
1922 1474 2063 1527 erat,
2127 1478 2250 1517 cum
2274 1462 2387 1532 jam
2413 1460 2745 1515 Setnendriae
2770 1462 2903 1515 fines

1338 1559 1627 1628 attigisset,
1678 1556 1898 1626 quidam
1960 1568 2128 1623 eques
2164 1552 2453 1617 Turcicus,
2492 1551 2576 1607 vir
2626 1551 2900 1617 militaris,

1335 1653 1419 1703 cui
1441 1665 1630 1704 nomen
1669 1647 1839 1701 Gases
1873 1645 2208 1714 Mustapltas,
2238 1654 2292 1699 et
2318 1645 2411 1714 qui
2446 1643 2584 1698 forte
2609 1653 2724 1697 tum
2762 1653 2899 1697 tem-

1339 1740 1485 1809 poris
1520 1739 1637 1792 istic
1672 1745 1810 1801 erat,
1851 1750 1994 1805 equo
2022 1748 2350 1800 conscenso,
2403 1734 2637 1802 legatum
2682 1746 2904 1802 aggres-

1337 1845 1431 1881 sus
1460 1837 1564 1889 est,
1588 1836 1639 1879 et
1666 1824 1890 1878 acinace
1941 1836 2040 1878 suo
2074 1834 2180 1875 tam
2222 1821 2456 1890 graviter
2490 1820 2813 1881 vulneravit,
2846 1826 2904 1872 ut

1336 1918 1621 1972 confestim
1650 1916 1721 1970 ibi
1753 1927 1978 1968 mortem
2010 1922 2308 1983 oppeteret.
2338 1912 2396 1966 1d
2431 1912 2503 1966 uti
2542 1911 2763 1975 faceret,
2792 1913 2903 1965 haec

1339 2029 1464 2067 cum
1506 2011 1799 2080 impulerat
1848 2024 2037 2072 causa,
2079 2008 2223 2077 quod
2258 2023 2380 2061 cum
2432 2006 2730 2075 aliquando
2759 2004 2903 2074 lega-
2939 1994 2979 2053 Β

1339 2116 1426 2160 tus
1461 2105 1548 2159 ille
1571 2102 1753 2157 Gasitn
1784 2100 2125 2169 Mustapltam
2161 2115 2283 2153 cum
2304 2098 2470 2152 fratre
2504 2097 2778 2168 captivum
2806 2097 2901 2150 de-

1338 2198 1558 2260 tineret,
1620 2193 1923 2263 Mustapbae
1959 2189 2181 2247 fratrem
2216 2207 2344 2247 veru
2402 2191 2791 2256 traustixisset,
2826 2190 2925 2259 ip-.

1339 2305 1576 2359 sumque
1601 2287 1948 2355 Mustapbant
1980 2287 2265 2354 coegisset,
2299 2294 2357 2339 ut
2381 2286 2483 2339 hoc
2518 2284 2681 2338 modo
2714 2295 2904 2337 trans-

1340 2386 1506 2437 liXtttu
1535 2394 1668 2432 veru
1733 2378 1955 2430 fratrem
2004 2392 2319 2446 germanum
2368 2382 2622 2431 assaret:
2658 2374 2906 2428 excussis

1339 2471 1515 2525 eidem
1558 2469 1711 2523 Casa:
1750 2466 2046 2537 Mustapba:
2112 2467 2329 2536 triginta
2370 2464 2585 2518 duobus
2650 2461 2906 2517 dentibus

1339 2562 1473 2616 suis.
1516 2555 1629 2611 llac
1655 2572 1783 2625 ergo
1818 2555 1884 2608 de
1912 2570 2076 2608 causa
2109 2561 2378 2621 repertum
2430 2552 2499 2605 ibi
2556 2554 2787 2620 legatum
2818 2567 2907 2605 oc-

1342 2650 1491 2712 cidit,
1552 2659 1862 2715 quanquam
1892 2659 1945 2696 et
1996 2646 2109 2712 ipse
2148 2640 2319 2694 Gases
2372 2640 2685 2710 Mustaphas
2717 2641 2905 2695 eodem

1336 2744 1457 2797 loco
1512 2738 1832 2795 vulneribus
1890 2737 2172 2791 confectus
2244 2734 2460 2789 vivendi
2525 2736 2684 2789 finem
2757 2733 2904 2789 fecit.

1340 2832 1669 2889 Acciderunt
1713 2831 1826 2884 lucc
1883 2846 2026 2883 anno
2057 2830 2149 2883 891
2191 2828 2341 2899 (Chr.
2373 2828 2554 2891 1187).

1410 2926 1720 2982 Secundum
1753 2924 1868 2978 11ωο
1921 2922 2198 2991 profectus
2253 2936 2317 2974 ex
2358 2922 2604 2975 Auatolia
2658 2923 2909 2976 sultanus

1338 3020 1629 3090 Bajazites,
1662 3014 2190 3083 Constantinopolim
2229 3014 2376 3067 venit
2410 3035 2422 3067 :
2465 3024 2518 3067 et
2559 3014 2744 3068 missis
2781 3014 2909 3067 hinc

1340 3111 1466 3166 inde
1501 3125 1595 3179 per
1624 3122 1816 3162 omnes
1851 3106 2159 3175 provincias
2190 3121 2317 3160 suas
2346 3104 2635 3172 mandatis,
2666 3119 2733 3157 ex
2766 3111 2909 3159 Aua-

1340 3203 1469 3258 tolia
1497 3200 1869 3268 Romaniaque
1898 3212 2153 3265 magnum
2192 3196 2365 3264 coegit
2394 3198 2716 3260 exercitum,
2754 3211 2909 3250 eum-

1341 3294 1625 3366 que'ntisit
1656 3306 1847 3345 versus
1878 3290 2133 3342 Arabiam
2169 3304 2184 3344 :
2216 3303 2432 3343 summo
2475 3289 2755 3358 copiarum
2788 3303 2907 3341 om-

1340 3389 1493 3444 nium
1533 3386 1861 3451 imperatore
1920 3378 2223 3447 designato,
2267 3379 2351 3431 Ali
2408 3379 2565 3433 bassa
2626 3375 2904 3432 eunucho.

1340 3479 1394 3533 Is
1422 3476 1513 3532 ubi
1548 3488 1671 3528 cum
1705 3472 1872 3525 milite
1907 3470 2244 3539 pervenisset
2273 3469 2341 3522 ad
2389 3470 2660 3523 civitatem
2691 3470 2912 3524 Adano-

1344 3581 1489 3629 rum,
1517 3577 1695 3617 arcem
1725 3559 1873 3614 urbis
1897 3558 2240 3620 instauravit,
2273 3557 2481 3620 refecit,
2514 3559 2908 3612 communivit:

1342 3666 1399 3711 et
1418 3656 1541 3710 aliis
1573 3654 1898 3724 quibusdam
1951 3649 2165 3718 oppidis
2222 3649 2420 3717 captis,
2454 3650 2701 3719 pttesidia
2736 3651 2910 3720 impo-

1345 3749 1475 3810 suit,
1529 3760 1671 3799 anno
1701 3743 1801 3797 893
1836 3743 1984 3811 (Chr.
2014 3725 2209 3807 ttae).
2776 3736 2779 3737 ί

1418 3835 1631 3889 interea
1661 3833 1786 3886 dum
1818 3830 1904 3883 bis
1937 3830 2154 3882 arcibus
2183 3828 2516 3897 occupandis
2552 3837 2605 3882 et
2627 3837 2915 3883 exstruen-

1346 3929 1437 3983 dis
1488 3925 1679 3980 intenti
1730 3932 1859 3977 sttttt
1913 3920 2217 3988 Bajazitici,
2267 3922 2427 3974 etiam
2457 3934 2520 3973 ex
2557 3920 2724 3974 altera
2765 3929 2913 3987 parte

1346 4015 1607 4074 sultanini
1639 4014 1983 4082 expeditione
2016 4020 2289 4080 Suscepta,
2327 4012 2378 4064 in
2413 4012 2621 4065 hostem
2682 4010 2911 4080 profecti

1346 4120 1493 4165 sunt.
1525 4107 1840 4178 Congressis
1869 4104 2217 4167 exercitibus,
2242 4103 2537 4158 vehemens
2559 4104 2911 4157 commissum

1345 4203 1447 4257 fuit
1486 4202 1751 4270 praelium.
1804 4198 1879 4250 Ac
1916 4198 2128 4249 tametsi
2155 4196 2557 4249 sultaninorum
2600 4196 2745 4251 acies
2778 4208 2915 4250 tau—

1345 4297 1467 4349 11001
1492 4291 2117 4360 solutmdissiparentur,
2140 4298 2448 4343 nontamen
2478 4305 2671 4359 passus
2695 4298 2777 4344 est
2798 4290 2915 4345 Alis

1346 4390 1505 4442 bassa
1532 4386 1759 4439 militem
1790 4399 1948 4437 suum
1970 4398 1998 4436 a
2034 4393 2183 4449 tergo
2206 4398 2299 4436 eos
2324 4383 2574 4451 pCI‘Squti
2608 4402 2619 4437 :
2648 4385 2791 4453 quod
2824 4401 2917 4437 ve-

1346 4492 1578 4541 reretur,
1614 4491 1678 4528 nc
1708 4474 1831 4528 belli
1865 4489 1922 4527 se
1951 4480 2292 4527 converteret
2332 4473 2449 4526 alea
2477 4492 2489 4527 :
2520 4474 2784 4543 simulque
2815 4490 2916 4544 pu-

1346 4581 1503 4634 taret,
1544 4569 1675 4623 satis
1715 4583 1771 4621 se
1808 4575 2160 4620 consecutum
2204 4564 2408 4633 gloriae,
2443 4567 2537 4634 qui
2607 4576 2714 4620 tam
2741 4566 2915 4621 felici-

1344 4672 1429 4716 ter
1465 4660 1690 4715 bostiles
1723 4658 1910 4727 copias
1962 4657 2273 4726 disiecisset
2304 4672 2317 4709 :
2349 4656 2649 4710 cavendum
2681 4656 2915 4727 denique

1345 4762 1609 4815 censeret,
1649 4764 1715 4802 ne
1747 4748 1829 4801 sui
1869 4746 2037 4800 nimio
2072 4746 2257 4800 labore
2279 4745 2725 4818 defatigarentur.
2756 4747 2909 4803 Ideo-

1341 4859 1449 4912 que
1482 4840 1641 4895 motis
1675 4840 1799 4893 hinc
1831 4838 2049 4898 castris,
2082 4837 2301 4890 domum
2361 4837 2588 4892 militem
2634 4852 2796 4892 suum
2829 4854 2913 4894 re-

1341 4934 1516 4987 duxit.
1548 4930 1840 5000 Postquam
1896 4942 2024 4981 vero
2056 4925 2335 4996 Bajazitici
2369 4926 2759 4992 discesserant,
2793 4928 2913 4983 Sul-

1345 5024 1516 5079 tanini
1574 5026 1691 5077 suls
1726 5022 1906 5075 denuo
1980 5020 2245 5086 collectis,
2296 5019 2485 5074 Adana
2535 5021 2881 5090 Tersuntque

1342 5118 1591 5176 civitates
1613 5113 1900 5168 obsidione
1927 5112 2220 5167 cinxerunt
2260 5126 2274 5164 :
2332 5113 2534 5180 quibus
2594 5128 2715 5167 cum
2750 5114 2915 5182 potiri

1341 5225 1451 5265 non
1478 5215 1724 5277 possent,
1759 5205 1947 5272 capias
1996 5204 2119 5258 inde
2149 5218 2277 5259 suas
2305 5204 2672 5260 abduxerunt.
2710 5206 2910 5261 Verum

1345 5315 1454 5353 non
1491 5298 1660 5350 multo
1691 5304 1832 5365 post,
1864 5301 2257 5348 tormentorum
2281 5305 2335 5348 et
2353 5293 2579 5348 aliarum
2608 5310 2792 5350 rerum
2815 5312 2913 5365 ap-

1342 5401 1534 5461 paratu
1576 5388 1847 5450 instructi,
1881 5401 2074 5441 rursus
2115 5386 2290 5440 adorti
2327 5396 2456 5440 sunt
2489 5388 2695 5453 Adana,
2729 5400 2780 5443 et
2822 5406 2911 5444 ex-

1345 5490 1635 5552 pugnatam
1666 5478 1816 5533 urbis
1844 5494 2023 5532 areetn
2053 5480 2362 5542 diruerunt,
2394 5490 2556 5549 atque
2588 5482 2658 5535 ita
2691 5483 2909 5537 domum

1344 5573 1545 5627 reversi
1577 5578 1726 5634 sunt,
1765 5585 1907 5624 anno
1939 5569 2044 5623 895
2076 5570 2228 5640 (Chr.
2273 5570 2454 5641 H90).

1411 5664 1566 5718 'I‘unc
1590 5674 1646 5718 et
1670 5664 1753 5716 die
1780 5666 2015 5731 quodam
2053 5662 2223 5726 Jovis,
2254 5664 2398 5718 circa
2430 5667 2733 5730 meridiem,
2767 5668 2909 5722 Con-

1336 5755 1690 5826 stantinOpoli
1717 5767 1858 5809 terra
1890 5765 2035 5808 mota
2060 5756 2299 5820 tremuit,
2318 5767 2371 5810 et
2393 5761 2561 5812 multa
2587 5770 2914 5816 corruerunt

1337 5850 1585 5909 aedificia.
1634 5848 1758 5903 Fuit
1820 5857 1875 5903 et
1939 5847 2126 5903 Prusae
2190 5859 2405 5903 tantum
2475 5854 2810 5923 incendium,
2854 5866 2911 5909 ttt

1340 5944 1489 6000 tubis
1547 5943 1796 6012 regiones
1846 5940 1917 5996 25
1949 5942 2387 5997 absumerentur.

3005 732 3154 800 tegit,
3192 740 3244 786 et
3284 731 3338 785 in
3392 728 3702 784 Anatoliam
3763 729 4087 794 transmisit,
4142 728 4271 781 dato
4310 728 4392 783 eis
4447 728 4580 783 duce

3002 822 3329 877 lschendere
3357 824 3515 891 bego,
3561 821 3843 877 Michaelis
3889 822 4000 874 filio
4031 841 4044 875 :
4094 822 4183 875 cui
4217 822 4492 891 praecepit,
4523 831 4579 875 nt

3004 915 3249 970 Aladeuli
3283 915 3589 985 Dulgadiris
3632 916 3754 969 duci
3798 914 3997 969 bellum
4064 913 4311 967 inferret.
4348 913 4413 967 111
4462 930 4574 967 111111

3003 1009 3158 1063 ducis
3184 1009 3316 1062 fines
3347 1006 3576 1075 ingressi
3611 1006 3864 1069 fuissent,
3899 1021 4083 1059 rerum
4112 1020 4345 1059 suarum
4378 1007 4577 1063 securi,

3015 1106 3163 1151 tutos
3188 1097 3413 1151 omnino
3434 1111 3493 1150 se
3512 1098 3795 1166 putabant.
3822 1097 3899 1149 lbi
3931 1106 4043 1149 tum
4070 1110 4167 1149 eos
4193 1111 4258 1148 ex
4287 1096 4578 1163 improviso

3008 1191 3232 1243 adortus
3285 1188 3599 1249 Aladeules.
3653 1189 3868 1243 duobus
3926 1188 4272 1242 lscbenderis
4301 1188 4421 1256 bcgi
4459 1187 4578 1239 ﬁliis

3007 1280 3333 1347 interfectis,
3365 1281 3541 1350 ipsum
3577 1281 3741 1336 etiam
3775 1279 4155 1335 lseltenderem
4190 1280 4377 1332 vivum
4418 1278 4578 1344 cepit,

3003 1380 3057 1427 et
3079 1372 3356 1427 Alcairum
3388 1373 3606 1427 sultano
3646 1372 3812 1427 misit.
3848 1372 3961 1427 Hac
3986 1371 4140 1425 clade
4167 1380 4414 1439 accepta,
4442 1370 4584 1422 nihi-

3006 1462 3248 1517 lominus
3278 1463 3477 1533 insigni
3513 1462 3781 1531 Bajazites
3816 1460 4216 1531 magniﬁcentia
4248 1460 4411 1516 triutn
4444 1460 4579 1514 filia-

3006 1568 3127 1608 rum
3190 1555 3409 1622 nuptias
3461 1554 3816 1609 celebravit:
3866 1570 4103 1624 qttarum
4160 1569 4265 1608 una
4298 1554 4423 1607 data
4480 1552 4581 1606 fuit

3007 1657 3145 1696 uxor
3174 1641 3603 1699 Usumcbasauis
3638 1643 3770 1710 11110,
3824 1643 3992 1697 altera
4022 1642 4243 1711 Usgulis
4275 1658 4306 1696 e
4344 1642 4456 1696 filio
4486 1654 4577 1694 ne-

3004 1734 3139 1801 poti,
3161 1734 3319 1789 tertia
3346 1735 3552 1790 Daudis
3581 1737 3753 1791 bassas
3779 1734 3910 1789 filio.
3937 1734 4070 1790 Post
4094 1751 4187 1790 eas
4223 1735 4464 1804 nuptias,
4487 1735 4583 1788 de-

3006 1839 3117 1879 nuo
3144 1825 3339 1879 litteris
3369 1824 3495 1878 hinc
3523 1825 3646 1878 inde
3668 1826 3876 1887 missis,
3908 1826 4204 1879 convenire
4239 1823 4440 1877 milites
4468 1822 4584 1889 jus-

3005 1920 3077 1971 sit
3110 1918 3239 1987 :qui
3267 1916 3396 1970 dum
3446 1916 3499 1970 in
3528 1916 3644 1970 dies
3681 1917 3746 1970 ad
3777 1932 3901 1972 eum
3932 1916 4293 1981 conﬂuerent,
4331 1917 4472 1970 forte
4512 1919 4586 1967 ie-

3008 2018 3164 2077 gatus
3194 2010 3265 2063 ab
3319 2010 3625 2064 Alcairensi
3660 2011 3877 2065 sultano
3907 2014 4110 2065 missus
4144 2010 4389 2064 advenit.
4446 2010 4581 2064 Eum

3009 2099 3278 2170 Bajazites
3317 2098 3621 2157 inauditum
3648 2103 3811 2173 jussit
3845 2103 4158 2159 abscedere.

3079 2192 3194 2247 1100
3221 2194 4004 2266 tempore-Constantinopoli,
4037 2198 4125 2253 die
4155 2199 4391 2267 quodam
4424 2197 4580 2261 solis,

3008 2285 3185 2353 primo
3225 2285 3491 2349 diluculo,
3532 2288 3715 2356 pluere
3767 2289 3910 2357 cepit
3944 2306 3958 2343 :
3996 2302 4296 2359 secutoque
4361 2292 4585 2353 tonitru,

3010 2382 3212 2427 tactum
3244 2374 3311 2429 de
3334 2376 3473 2431 ctelo
3500 2379 3760 2446 templum
3791 2378 3956 2450 335
3992 2380 4115 2445 fuit,
4145 2382 4199 2434 in
4240 2398 4351 2452 quo
4408 2384 4588 2453 pulvis

3007 2465 3403 2520 tormentarius
3448 2482 3643 2538 magna
3682 2485 3803 2524 cum
3865 2472 3996 2526 nitri
4050 2475 4207 2541 copia
4266 2476 4591 2530 reconditus

3006 2562 3144 2610 erat.
3179 2555 3653 2614 llacinﬂatntnata
3703 2563 3952 2627 materia,
4016 2565 4279 2635 templum
4335 2568 4516 2637 ipsum
4560 2582 4593 2620 e

3007 2646 3363 2720 fundamento
3396 2650 3688 2719 disjectum
3724 2651 3849 2716 fuit,
3874 2663 3928 2709 et
3959 2656 4100 2725 ignis
4141 2657 4330 2711 urbem
4397 2676 4596 2728 perva-

3006 2751 3185 2816 gatus,
3223 2756 3330 2795 non
3364 2742 3596 2812 plurima
3626 2744 3886 2802 duntaxat
3912 2747 4159 2814 aedilicia,
4194 2764 4383 2804 verum
4418 2754 4590 2805 etiam

3006 2834 3249 2900 quinque
3287 2834 3569 2889 hominum
3616 2837 3811 2901 millia.
3843 2840 4083 2909 cujusvis
4133 2842 4309 2897 aetatis
4338 2853 4393 2897 et
4421 2860 4594 2899 sexus

3008 2928 3335 2997 absumpsit.

3078 3020 3159 3074 Ab
3182 3022 3348 3075 altera
3373 3036 3525 3090 parte
3560 3024 3824 3079 sultanini
3859 3041 4052 3082 rursus
4077 3028 4428 3097 expeditione
4459 3046 4590 3085 sus-

3008 3118 3185 3178 cepta.
3233 3110 3540 3168 Larendam
3605 3125 3816 3184 captam
3853 3118 4231 3189 direptamque
4280 3124 4591 3175 succende-

3010 3213 3159 3268 runt,
3187 3214 3241 3258 ct
3270 3207 3323 3259 in
3370 3206 3584 3262 cineres
3616 3210 3939 3279 redegernnt
3971 3253 3987 3277 ,
4028 3213 4264 3281 aliisque
4325 3224 4593 3282 praeterea

3012 3293 3261 3361 spoliatis
3317 3295 3533 3367 oppidis
3563 3313 3628 3353 ac
3665 3299 3823 3365 vicis,
3858 3301 4081 3355 domum
4137 3302 4372 3357 rediere.
4425 3304 4595 3358 Periit

3020 3385 3219 3440 ibidem
3251 3399 3304 3442 et
3337 3387 3568 3460 Jacupes
3599 3392 3789 3462 begus,
3815 3393 4244 3455 Usumcbasauis
4285 3399 4454 3454 filius.
4492 3403 4596 3456 Ac-

3016 3477 3271 3532 ciderunt
3293 3490 3470 3535 autem
3504 3481 3620 3537 haec
3647 3498 3791 3538 anno
3820 3485 3946 3541 895.

3090 3567 3358 3638 Bajazites
3383 3570 3530 3626 hisce
3565 3572 3634 3627 de
3671 3575 3834 3629 rebus
3866 3578 4070 3632 certior
4100 3579 4296 3643 factus.
4319 3583 4597 3637 Constan-

3019 3659 3244 3727 tin0poli
3273 3658 3580 3727 discedens,
3618 3664 4002 3723 Gumulzinam
4038 3670 4195 3738 abiit,
4228 3687 4296 3727 ac
4342 3680 4598 3729 venando

3019 3759 3191 3805 semet
3233 3751 3545 3809 oblectavit.
3590 3754 3917 3813 Gttmulzina
3973 3760 4182 3827 relicta,
4237 3762 4497 3834 Ypsalam
4534 3782 4596 3822 se

3019 3844 3272 3908 contulit,
3321 3846 3504 3914 ibique
3543 3851 3730 3914 paucis
3765 3852 3959 3907 diebus
4006 3856 4230 3921 exactis,
4279 3859 4600 3916 Constanti-

3024 3940 3262 4006 nOpoliut
3303 3942 3485 3996 rediit.
3516 3940 3678 3995 Venit
3708 3943 3813 3997 1100
3844 3945 3909 3996 atl
3942 3960 4065 3998 eum
4100 3946 4311 4016 legatus
4336 3951 4478 4005 alter
4508 3953 4600 4005 Al-

3020 4031 3169 4085 cairo
3222 4032 3460 4085 missus:
3521 4047 3683 4101 quem
3735 4033 4143 4102 perhumaniter
4183 4050 4507 4108 exceptum,
4546 4056 4600 4097 et

3020 4122 3374 4190 amplissimis
3413 4126 3676 4179 donatum
3711 4128 4052 4193 muneribus,
4113 4131 4249 4185 bona
4281 4148 4411 4186 eum
4466 4150 4601 4202 pace

3021 4214 3247 4269 dimisit.
3278 4214 3461 4284 Neque
3492 4217 3661 4271 multo
3710 4229 3849 4287 post,
3881 4220 4043 4273 etiam
4078 4222 4191 4289 ipse
4243 4227 4541 4291 quemdam
4571 4243 4601 4279 e

3022 4307 3136 4360 suis
3178 4306 3451 4361 Alcairum
3518 4309 3804 4377 ablegavit,
3877 4326 4020 4365 anno
4066 4314 4168 4367 896
4200 4314 4357 4383 (Chr.
4414 4318 4600 4387 N91).

3022 4396 3157 4449 Cum
3189 4398 3231 4449 is
3260 4399 3469 4452 Sullani
3508 4398 3759 4469 Bajazitis
3787 4403 3992 4469 legatus
4023 4402 4298 4458 Alcairum
4332 4408 4599 4473 venisset,

3024 4502 3127 4555 pax
3166 4489 3305 4542 inter
3343 4505 3437 4543 eos
3466 4491 3673 4544 saneita
3707 4489 3807 4543 fuit
3840 4507 3853 4544 :
3881 4500 3936 4545 et
3981 4493 4232 4549 snltanus
4262 4495 4605 4551 Alcairensis

3024 4578 3249 4647 Bajaziti
3282 4578 3507 4634 Tersum
3539 4590 3703 4650 atque
3733 4581 3920 4637 Adana
3942 4599 4066 4638 cum
4094 4585 4378 4654 Oppidulis
4407 4588 4603 4642 eodem

3023 4673 3417 4737 pertinentibus
3449 4675 3705 4727 restttuit.

3091 4761 3205 4816 Hoc
3245 4774 3489 4833 tempore
3525 4779 3742 4820 mortuo
3785 4765 4038 4835 Ungariae
4100 4784 4248 4837 rege,
4308 4786 4607 4827 successor

3017 4854 3135 4924 ejus
3183 4854 3418 4923 legatum
3475 4857 3542 4910 ad
3580 4858 3856 4912 sultanum
3885 4860 4178 4929 Bajazitettt
4216 4865 4390 4917 misit.
4429 4867 4604 4932 Hujus

3018 4946 3286 5014 postulata
3313 4961 3437 5000 cum
3474 4949 3757 5015 audiisset,
3796 4966 3982 5020 pacein
4012 4952 4279 5021 Bajazites
4312 4971 4447 5009 cum
4499 4956 4607 5011 Uno

3016 5052 3149 5107 garo
3180 5039 3327 5093 fecit.
3359 5040 3557 5094 Eodem
3586 5056 3731 5095 anno
3757 5059 3952 5100 ruesus
3976 5056 4166 5100 exorto
4198 5048 4391 5103 Prusae
4417 5053 4609 5103 incen-

3018 5132 3130 5195 dio,
3160 5146 3353 5200 magna
3412 5147 3537 5200 pars
3567 5136 3739 5197 urbis,
3789 5151 3913 5189 eum
3955 5141 4200 5193 tabernis
4231 5155 4605 5196 mercatorum

3019 5224 3295 5292 plurimis,
3329 5227 3708 5293 conﬂagravit.
3744 5227 3890 5283 Misit
3920 5232 4084 5283 etiam
4120 5233 4376 5287 sultanus
4404 5236 4607 5289 Alcairi

3019 5316 3251 5382 legatum
3278 5333 3399 5370 cum
3430 5319 3770 5386 atnplissimo
3799 5321 4062 5374 comitatu
4092 5323 4155 5374 ad
4181 5324 4472 5378 sultanum
4499 5328 4609 5378 lla-

3015 5407 3259 5477 jazitem.
3308 5407 3609 5461 Rcferernla
3650 5425 3777 5464 vero
3815 5420 3943 5465 sunt
3988 5414 4105 5467 haec
4157 5414 4223 5467 ad
4260 5430 4474 5470 annum
4503 5417 4611 5471 897

3023 5498 3172 5566 (Chr.
3206 5498 3389 5567 N92).

3094 5588 3401 5642 Secundum
3432 5589 3518 5643 illa
3556 5590 3814 5647 discessit
3842 5592 4321 5663 Constantinopoli
4386 5596 4610 5667 Bajazio

3025 5688 3127 5740 tes,
3157 5688 3211 5732 et
3238 5678 3680 5751 Hadrianopolim
3720 5685 4021 5752 profectus,
4057 5696 4215 5740 extra
4266 5691 4466 5743 urbem
4517 5705 4616 5743 ca-

3022 5778 3133 5823 stra
3166 5755 3400 5825 metatus
3431 5782 3539 5833 est,
3574 5786 3638 5826 ac
3692 5773 3892 5826 ibidem
3927 5773 3992 5825 ad
4026 5775 4231 5841 aliquot
4257 5776 4383 5829 dies
4422 5777 4611 5830 haesit.

3019 5858 3263 5925 Quodam
3313 5876 3441 5914 vero
3495 5862 3582 5917 die
3623 5863 3826 5917 vezires
3888 5879 4020 5917 suos
4052 5866 4345 5931 allocutus,
4402 5868 4619 5922 habere

3020 5966 3078 6004 se
3114 5951 3166 6004 in
3192 5951 3373 6007 animo
3400 5952 3533 6008 dixit
3552 5956 3948 6023 expeditionem
3975 5959 4268 6026 quamdam
4290 5958 4563 6015 difﬁcilem
4600 5981 4615 6014 :

4790 158 4793 307 l

4791 364 4793 459 l
