4866 6594
223 353 312 417 691
1485 352 1830 413 ΑΝΝΑιιΕς
1854 353 1952 413 TU
1971 352 2196 414 RCICI.

3370 349 3478 414 6??

224 461 509 529 gerendum
537 475 660 515 cum
691 456 925 528 Ungaris
953 461 1158 516 bellum
1190 462 1522 532 intelligens.
1552 465 1790 533 Ideoque
1819 463 1866 518 Α
1891 459 2083 526 jussis,
2109 463 2289 515 claves
2327 459 2480 514 urbis
2506 458 2723 513 sultano
2753 457 2977 527 Bajaziti
3015 471 3111 526 per
3153 471 3250 513 eos
3308 473 3475 514 ootn-

222 553 420 606 coactis
454 553 724 607 universis
757 554 928 622 copiis
952 556 1088 619 suis,
1110 552 1500 626 Hadrianopoli
1530 556 1792 622 Sophiam

221 645 492 713 prolectus
520 654 625 700 est.
666 646 782 701 Non
836 656 1018 703 tamen
1079 647 1375 716 Ungarium
1439 649 1644 719 ingredi
1694 649 1795 703 fuit

220 752 402 802 ausus,
435 739 529 792 sed
560 739 822 794 Acbmete
854 741 994 808 bego
1027 758 1149 795 cum
1185 742 1356 798 milite
1385 735 1671 797 Anatolico
1697 742 1796 796 So~

220 829 352 897 βΙιῐκ³
386 829 545 898 jusso
577 831 903 895 subsistere,
940 818 1179 886 Daudem
1218 834 1434 889 bassam
1476 849 1599 887 cum
1643 843 1794 900 parte

221 923 497 991 capiarum
542 922 832 992 Uscopiam
867 913 1015 977 misit
1044 944 1056 977 :
1091 926 1206 994 ipse
1235 941 1359 980 cum
1390 925 1580 980 Jochia
1610 925 1791 987 bassa,

219 1025 415 1066 etcum
466 1015 636 1069 milite
666 1014 967 1078 Romaniae.
999 1015 1356 1071 Manastirum
1396 1017 1530 1071 abiit
1569 1034 1583 1071 :
1628 1029 1793 1084 atque

220 1108 337 1159 inde
371 1108 424 1158 in
461 1105 772 1172 Albaniam,
817 1108 1084 1178 ducisque
1135 1107 1364 1162 Joannis
1422 1111 1700 1178 regionem
1734 1124 1794 1164 se

218 1197 467 1250 contulit.
499 1197 781 1267 Expedit/it
808 1210 862 1253 et
911 1202 1044 1253 mari
1084 1215 1246 1254 naves
1275 1201 1565 1268 quasdam,
1602 1209 1660 1252 ut
1698 1200 1791 1252 ΑΙ-

217 1289 479 1342 banorum
516 1287 707 1343 itinera
741 1289 1232 1358 przecluderentur.
1270 1289 1395 1346 Ηωο
1437 1307 1560 1345 cum
1592 1291 1789 1344 Albani

213 1381 722 1446 animadverterent.
745 1382 812 1435 ad
845 1391 1054 1436 montes
1078 1397 1137 1436 se
1170 1392 1516 1451 receperunt,
1539 1392 1592 1436 et
1627 1383 1680 1435 in
1709 1383 1789 1435 eis

216 1473 285 1526 ita
319 1488 376 1526 se
406 1474 868 1540 communierunt,
938 1485 997 1528 ut
1037 1490 1289 1543 magnum
1323 1474 1448 1529 inde
1474 1473 1671 1530 Turcis
1698 1475 1791 1528 dc-

212 1565 528 1619 trimentmn
567 1565 851 1630 inferrent.
905 1567 984 1619 Ad
1035 1573 1344 1622 extremum
1381 1577 1558 1622 tamen
1602 1570 1788 1632 Turci,

211 1656 529 1710 conscensis
553 1655 682 1710 locis
710 1658 1019 1720 altioribus,
1055 1659 1109 1712 in
1141 1675 1235 1714 eos
1267 1650 1595 1717 irruerunf:
1627 1671 1679 1716 et
1711 1663 1791 1716 vi-

211 1748 287 1800 ris
313 1748 636 1810 interfectis,
671 1749 928 1807 mulieres
957 1764 1018 1803 ac
1067 1735 1267 1816 pueros
1304 1750 1576 1806 adduxere
1610 1758 1786 1821 capti-

1907 552 2086 605 lerunt
2118 570 2130 606 :
2165 561 2325 619 atque
2355 552 2458 606 hoc.
2493 551 2652 616 modo
2673 551 2862 605 urbem
2895 549 3064 618 ipsius
3089 555 3338 618 potestati
3360 570 3478 624 per-

1905 646 2122 706 misere,
2153 630 2298 697 anno
2346 643 2452 699 905
2489 643 2644 711 (Chr.
2683 642 2858 712 1499).

1974 735 2185 790 Potitus
2235 735 2536 798 Inebcchti,
2590 735 2900 802 praesidium
2933 736 3054 791 urbi
3091 746 3264 806 captae
3297 737 3476 806 impn-

1901 826 2008 882 Suit
2046 836 2144 880 :et
2171 826 2612 895 IladrianOpolim
2652 841 2930 889 reversus,
2969 827 3164 881 ibidem
3218 828 3474 882 hiberna-

1901 921 1997 975 vit.
2033 921 2134 976 Ubi
2195 920 2308 986 jam
2345 931 2506 974 testas
2565 921 2901 989 appetiisset,
2941 919 3148 974 coactis
3197 920 3476 974 Romaniae

1900 1015 2273 1081 Anatoliarque
2329 1013 2683 1068 exercitibus.
2729 1015 2912 1065 denuo
2971 1010 3205 1065 Moream
3254 1013 3475 1075 invasit,

1903 1123 2096 1174 magna
2133 1105 2294 1159 etiam
2337 1106 2467 1157 mari
2510 1106 2681 1159 classe
2738 1105 3008 1174 ablegata,
3064 1104 3480 1172 Mcthonemque

1903 1200 2134 1252 militum
2192 1214 2393 1252 corona
2462 1198 2841 1253 circumdedit.
2895 1200 2998 1264 Qui
3056 1199 3284 1252 erantin
3343 1199 3476 1252 urbe

1899 1288 2060 1358 335
2101 1286 2425 1350 Christiani,
2489 1288 2626 1342 adeo
2667 1304 2722 1343 se
2771 1271 3063 1342 delendere
3111 1299 3353 1354 strenue,
3394 1299 3477 1342 to-

1903 1382 2008 1434 tius
2041 1388 2099 1432 ut
2133 1380 2336 1433 mensis
2367 1379 2566 1447 spatio,
2603 1379 2736 1432 citra
2770 1379 3261 1440 intermissionem,
3304 1381 3476 1432 inter-

1899 1472 1990 1525 diu
2014 1479 2287 1539 uoctuque
2323 1471 2694 1533 dimicaretur,
2716 1473 2886 1526 muris
2917 1472 3046 1540 ipsis
3076 1481 3472 1526 tormentorum

1898 1563 2099 1630 impetu
2134 1562 2400 1631 disjectis.
2433 1561 2632 1616 Videns
2665 1573 2846 1616 autem
2894 1563 3182 1630 Bajazites,
3226 1564 3413 1618 urbem
3444 1579 3474 1616 a

1897 1656 2226 1712 Christianis
2258 1656 2588 1726 propugnari
2624 1673 2636 1709 :
2674 1666 2984 1711 commotus
3020 1657 3121 1719 ira,
3158 1657 3272 1710 suis
3322 1672 3473 1724 sporn

1899 1749 2050 1802 urbis
2073 1748 2394 1816 diripiendas
2421 1747 2571 1810 fecit,
2600 1748 2867 1814 siquidem
2897 1747 2985 1800 illa
3012 1748 3338 1816 potirentur.
3365 1748 3477 1802 Hac

211 1855 330 1900 vos,
362 1855 691 1909 omnemque
728 1842 1001 1911 regionem
1036 1843 1179 1896 illam
1219 1844 1454 1901 ﬂammis
1480 1854 1785 1902 vastarunt.
1819 1845 1864 1904 Β
1894 1840 2096 1894 sultani
2132 1856 2263 1895 voce
2306 1839 2504 1894 milites
2535 1840 2743 1903 amlita,
2798 1840 3033 1908 quodam
3069 1839 3179 1904 die,
3211 1840 3472 1908 cumjam

210 1928 504 1987 Ilisrebus
535 1933 722 2002 gestis,
775 1932 1136 1988 Manastirum
1193 1936 1466 2007 Bajazites
1506 1938 1690 2001 rediit,
1733 1955 1797 1995 ac

208 2025 402 2077 diebus
431 2024 637 2092 aliquot
661 2024 731 2078 ibi
762 2025 1031 2079 substitit.
1072 2026 1367 2083 Manastiro
1390 2046 1512 2084 cum
1544 2031 1796 2086 discede-

211 2126 314 2183 ret,
345 2105 566 2170 obvium
605 2117 797 2173 habuit
830 2120 882 2172 in
913 2120 1107 2176 itinere
1157 2121 1463 2178 [lervisium
1502 2125 1791 2194 quemdam

206 2197 527 2276 Turcicmn,
555 2214 807 2281 gepeneci
839 2214 1036 2268 lacinia
1091 2224 1313 2270 tectum.
1353 2217 1399 2272 Is
1445 2228 1500 2273 et
1544 2219 1792 2284 auribus,

205 2312 260 2354 et
303 2295 469 2366 collo,
495 2313 547 2356 et
585 2304 826 2359 brachiis
863 2322 1137 2375 appensos
1186 2312 1419 2366 annulos
1473 2312 1676 2367 ferreos
1705 2327 1796 2383 ge'

204 2397 410 2456 stabat.
441 2407 494 2452 et
529 2398 741 2454 illorum
775 2413 979 2456 sectam
1017 2406 1394 2474 proﬁtebatur,
1433 2423 1569 2477 quos
1597 2409 1790 2463 Calen-

201 2488 364 2544 deres
390 2491 549 2546 Turci
583 2503 802 2552 vocant.
828 2493 929 2549 Ubi
963 2498 1186 2565 propius
1221 2500 1283 2553 ad
1319 2501 1593 2555 sultanum
1638 2502 1794 2570 Baja-

216 2583 383 2634 zitem
482 2586 826 2651 accessisset,
897 2585 1176 2644 acinacem
1255 2608 1530 2662 gepeneco
1590 2603 1789 2648 tectum

212 2673 463 2739 strinxit,
490 2676 665 2745 ipsum
702 2677 992 2748 Bajazitem
1032 2682 1343 2739 invasurus.
1379 2686 1512 2738 Cum
1553 2686 1790 2740 timidio~

200 2778 297 2819 res
358 2765 577 2833 quidam
611 2782 640 2821 e
669 2770 883 2824 Zausiis
913 2771 986 2824 illi
1030 2772 1202 2827 devia
1245 2776 1516 2834 cederent.
1557 2776 1787 2830 liberum

195 2859 314 2927 jam
386 2860 593 2914 scilicet
651 2862 715 2915 ad
751 2861 1045 2930 Bajazitem
1102 2865 1337 2919 habebat
1399 2866 1626 2923 aditum.
1683 2869 1787 2922 Sed

199 2949 496 3004 Ischender
532 2951 712 3010 bassa.
749 2956 842 3020 qui
889 2970 1130 3022 praesens
1177 2958 1386 3022 aderat,
1414 2973 1476 3012 ea
1510 2959 1558 3012 vi
1597 2960 1788 3028 pusdi-

198 3056 410 3109 ganum
440 3042 491 3095 in
526 3043 806 3099 hominem
863 3050 1152 3113 contorsit,
1194 3057 1253 3103 ut
1287 3050 1436 3104 humi
1469 3052 1786 3120 prolabere-

196 3141 314 3186 tur.
361 3132 490 3186 lnde
519 3144 852 3202 prostratum
907 3139 1146 3208 aggressi
1205 3141 1456 3209 quidam,
1513 3143 1565 3194 in
1614 3142 1782 3196 frusta

195 3225 608 3280 dissecuerunt.
632 3225 874 3283 Tandem
895 3231 1163 3299 Bajaziles
1186 3232 1634 3303 Hadrianopolim
1661 3251 1783 3303 per-

197 3318 374 3371 venit.
431 3320 757 3375 ACcidcrunt
800 3323 912 3378 haec
967 3341 1110 3378 anno
1151 3325 1254 3380 898
1309 3326 1460 3394 (Chr.
1499 3329 1675 3398 1/595).

277 3410 509 3475 Quidam
555 3412 607 3466 id
648 3418 907 3484 temporis
947 3419 1257 3482 eunuchus,
1282 3420 1368 3472 cui
1396 3436 1591 3475 nomen
1618 3421 1786 3476 Jacu-

194 3518 302 3571 pes
337 3503 474 3572 Aga,
511 3509 946 3560 commendatam
975 3509 1094 3562 Iidei
1124 3526 1236 3563 suae
1273 3509 1626 3565 Bozint-nsem
1662 3530 1787 3582 pro-

192 3594 448 3648 vinciam
504 3599 942 3654 adu‘iinistrabat.
982 3603 1081 3655 Hic
1121 3603 1302 3656 missis
1353 3605 1478 3658 hinc
1523 3607 1573 3658 in
1600 3609 1644 3659 le
1694 3623 1788 3674 per

195 3684 535 3740 Romaniam
572 3692 941 3756 praeconibus,
966 3695 1295 3763 proclamari
1323 3696 1488 3761 jussit
1521 3717 1533 3750 :
1579 3697 1789 3753 vellesc

189 3793 336 3832 cum
369 3779 556 3833 suisin
596 3779 888 3850 Ungariam
928 3784 1156 3840 irruere.
1208 3788 1263 3839 Si
1307 3788 1397 3840 cui
1440 3803 1624 3841 secum
1668 3806 1791 3857 pro-

191 3866 380 3920 Iicisci
405 3868 632 3932 luberet,
669 3881 730 3923 ut
777 3871 863 3923 illa
919 3873 1279 3942 impressione
1333 3891 1444 3928 rem
1488 3876 1706 3940 faceret,
1746 3878 1790 3929 is

189 3959 282 4011 uti
308 3962 714 4026 quamprimum
743 3962 806 4015 ad
836 3980 892 4015 se
920 3966 1149 4018 veniret.
1188 3964 1300 4018 Hoc
1337 3966 1611 4020 intellecto
1646 3983 1779 4035 prte-

189 4051 395 4113 εοηίο,
439 4049 800 4104 Acanziorum
854 4053 1064 4122 aliquot
1109 4055 1274 4108 millia
1334 4071 1392 4110 se
1423 4072 1544 4108 cum
1589 4056 1792 4126 Jacupc

188 4143 612 4212 conjunxeruut
649 4161 663 4195 :
704 4145 797 4212 qui
851 4146 1014 4199 tantis
1036 4157 1230 4200 auctus
1259 4149 1452 4216 copiis,
1484 4147 1790 4217 Ungariam

190 4234 431 4286 invasit.
456 4231 546 4287 Eis
570 4236 809 4288 occurrit
845 4233 1148 4306 Ungaricus
1172 4237 1381 4303 Banns,
1401 4256 1523 4294 cum
1551 4241 1792 4309 quadra-

189 4326 358 4393 ginta
392 4326 630 4380 millibus
665 4326 970 4390 hominum,
1008 4345 1313 4398 magnaque
1346 4332 1395 4384 vi
1444 4331 1638 4386 Turcis
1698 4335 1790 4387 ob-

189 4419 373 4471 stitit.
433 4416 677 4470 Tandem
722 4417 821 4486 ipsi
858 4419 1244 4474 dissentientes
1291 4423 1434 4477 inter
1463 4438 1521 4479 se
1565 4425 1790 4494 Ungari,

1900 1933 2399 2001 advesperasceret,
2433 1931 2910 1986 vehementissima
2950 1932 3137 1984 urbem
3196 1946 3478 2001 oppugna-

1901 2025 2045 2080 tione
2081 2012 2255 2079 adorti
2295 2032 2558 2094 ceperunt
2594 2041 2607 2078 :
2645 2038 2947 2091 omnesque
2981 2032 3475 2092 mares,quotquot

1899 2119 2267 2180 adoleverant,
2300 2118 2639 2182 occiderunt,
2671 2118 2987 2172 mulieribus
3035 2126 3088 2170 et
3141 2118 3324 2184 pueris
3381 2132 3477 2171 ca-

1899 2213 2026 2279 ptis.
2057 2211 2169 2265 IIoc
2190 2210 2351 2264 modo
2378 2211 2593 2266 redacta
2616 2211 2668 2264 in
2695 2220 3015 2280 potestatem
3043 2208 3319 2273 Methone,
3350 2225 3476 2279 pre-

1897 2317 1988 2357 ces
2020 2318 2047 2354 a
2083 2300 2274 2355 Turcis
2308 2303 2359 2355 in
2382 2317 2442 2355 ea
2477 2300 2628 2356 luere
2660 2311 2958 2370 conceptae,
2980 2315 3096 2369 quae
3127 2301 3215 2355 die
3245 2299 3474 2355 Veneris

1902 2395 2091 2449 haberi
2154 2394 2346 2448 solent.
2391 2393 2518 2448 Inde
2544 2395 2814 2464 Bajazites
2848 2395 3099 2448 Coronen
3135 2394 3321 2461 copias
3366 2393 3472 2446 du-

1899 2488 1998 2550 xit,
2045 2496 2102 2540 ut
2136 2487 2282 2539 illam
2316 2501 2534 2555 quoque
2564 2485 2841 2539 civitatem
2871 2485 3172 2547 obsideret,
3209 2493 3264 2538 et
3311 2497 3476 2538 occu-

1896 2591 2068 2650 paret.
2109 2579 2214 2635 Sed
2239 2582 2413 2650 prima
2448 2581 2631 2634 statim
2675 2586 2858 2640 nocte.
2893 2586 3182 2647 postquam
3220 2574 3474 2632 Methone

1894 2676 2239 2737 discesserat,
2311 2681 2577 2728 venerunt
2623 2674 2677 2725 in
2750 2678 2932 2725 castra
2995 2669 3250 2739 Bajazitis
3296 2667 3473 2724 Coro-

1894 2782 2146 2821 nenses:
2210 2766 2518 2833 oblatisque
2587 2764 2830 2818 clavibus
2896 2763 3068 2825 urbis,
3135 2760 3470 2817 deditionem

1895 2860 2166 2921 fecerunt,
2201 2875 2344 2912 anno
2367 2858 2471 2912 906
2501 2858 2655 2928 (Chr.
2690 2857 2867 2926 I500).

1965 2953 2099 3007 Dum
2131 2954 2212 3007 his
2237 2953 2463 3006 urbibus
2491 2952 2869 3021 expugnandis
2899 2953 3144 3007 intentus
3197 2965 3343 3008 esset
3371 2954 3475 3007 Ba-

1888 3045 2104 3114 jazitcs,
2129 3043 2318 3098 Veneti
2344 3045 2564 3098 auxiliis
2608 3043 2972 3110 Hispanorum
3001 3046 3326 3114 impetratis,
3351 3061 3469 3098 ma-

1893 3151 1995 3201 gna
2037 3137 2210 3192 classe
2232 3135 2523 3206 Mitylenen
2547 3139 2785 3205 aggressi
2818 3140 3042 3201 sunt,'et
3068 3147 3467 3193 tormentorum

1843 3228 1857 3250 ¹¹
1896 3228 2211 3281 bellicorum
2244 3228 2315 3288 vi,
2338 3242 2524 3281 muros
2542 3226 2723 3296 Oppidi
2755 3228 3166 3297 adqningentas
3191 3229 3347 3284 ulnas
3376 3246 3473 3287 us-

1894 3337 2000 3390 que
2029 3327 2461 3388 prostraverunt.
2509 3319 2895 3388 Mitylenenses
2950 3321 3017 3374 ab
3067 3321 3315 3377 hostibus
3366 3327 3470 3378 ob-

1894 3414 2055 3476 sessi,
2084 3412 2614 3480 ConStantinopolim
2651 3415 2873 3476 misere,
2913 3415 3006 3483 qui
3067 3430 3224 3482 opem
3281 3432 3471 3483 posce-

1897 3514 2036 3557 rent.
2071 3504 2260 3572 Itaque
2297 3505 2537 3558 collectis
2570 3507 2752 3558 subilo
2788 3506 3092 3559 classiariis
3139 3509 3337 3574 copiis,
3385 3509 3474 3561 in.

1893 3596 2066 3663 signis
2096 3595 2370 3648 cxercitus
2417 3596 2623 3649 navalis
2672 3599 2970 3651 instructus
3016 3598 3137 3653 fuit.
3186 3598 3469 3668 Nunquam

1894 3697 2021 3738 ante
2055 3688 2155 3739 hoc
2190 3695 2402 3755 tempus
2428 3687 3045 3756 ConstantinOpolitani,
3073 3692 3154 3744 vel
3187 3707 3267 3760 per
3289 3695 3469 3750 unias.

1894 3779 1976 3831 vel
2005 3778 2225 3841 milites,
2254 3778 2332 3831 vel
2375 3781 2686 3834 classiarios
2727 3779 2978 3834 conferre
3022 3783 3194 3836 coacti
3234 3782 3470 3841 fuerant.

1897 3870 1999 3923 Sed
2019 3871 2280 3944 duugravi
2310 3879 2436 3924 tunc
2465 3881 2688 3940 urgente
2707 3875 3055 3938 necessitate,
3077 3890 3182 3928 non
3205 3877 3472 3931 haecdun-

1896 3970 2039 4014 taxat
2069 3964 2136 4014 ab
2165 3964 2244 4014 eis
2281 3971 2469 4016 exacta
2512 3963 2681 4024 fuere,
2748 3980 2933 4018 verum
2977 3967 3139 4019 etiam
3170 3985 3268 4021 usu
3318 3987 3468 4024 rece-

1898 4063 2070 4122 ptum,
2105 4063 2162 4106 ut
2202 4055 2458 4121 deinceps
2488 4071 2727 4124 quoque,
2783 4056 2944 4110 rebus
2977 4057 3048 4110 ita
3089 4062 3461 4126 poscentibus.

1896 4151 2085 4204 eadem
2115 4153 2181 4202 ab
2235 4151 2366 4217 ipsis
2405 4162 2748 4219 praestentur.
2782 4154 2919 4205 Ante
2957 4168 3119 4221 quam
3160 4156 3348 4209 classis
3379 4159 3466 4210 illa

1896 4242 2373 4307 ConstantinOpoli
2447 4243 2728 4311 profecta,
2791 4243 3079 4313 Mitylenen
3134 4251 3472 4315 appulisset,

1892 4331 2003 4400 jam
2035 4330 2329 4385 Christiani
2359 4333 2536 4386 decies
2567 4343 2620 4386 et
2644 4334 2814 4387 octies
2847 4335 3103 4402 oppidum
3127 4339 3325 4402 adorti,
3361 4355 3468 4394 non

1896 4432 2079 4476 tamen
2133 4440 2443 4494 expugnare
2489 4436 2799 4493 potuerant.
2842 4427 3035 4496 Itaque,
3080 4446 3203 4483 cum
3257 4433 3468 4487 intelle-

190 4522 360 4578 terga
411 4508 730 4576 dederunt:
790 4522 1093 4579 captusque
1154 4512 1452 4568 Direnziles
1505 4516 1683 4570 Battus
1729 4532 1791 4571 ac
1827 4513 2105 4584 Dxisseut
2157 4512 2378 4578 Veneti,
2432 4516 2619 4569 venire
2676 4517 3148 4586 Constantinopoli
3199 4522 3360 4576 talem
3407 4537 3474 4582 ac

186 4597 449 4650 vinculis
474 4598 825 4664 constrictus,
858 4601 923 4652 ad
953 4601 1226 4654 sultanum
1252 4601 1550 4670 Bajazitem
1583 4607 1785 4660 missus

181 4690 331 4743 fuit.
375 4688 425 4741 Is
472 4691 545 4742 rei
584 4698 690 4742 tam
727 4692 866 4743 bene
910 4699 1073 4758 gestas
1105 4695 1295 4746 nuntio
1354 4697 1579 4748 multum
1635 4697 1790 4750 exhi-

173 4785 442 4841 laratus,
466 4781 531 4832 ad
576 4789 788 4849 tempus
814 4781 1033 4851 aliquod
1063 4784 1533 4854 Constantinopoli
1555 4788 1784 4855 quievit.

175 4873 525 4927 Evenerunt
559 4883 737 4926 autem
770 4873 884 4926 haec
905 4888 1050 4927 anno
1079 4874 1182 4928 899
1211 4875 1360 4943 (Chr.
1392 4877 1578 4946 1494).

274 4965 645 5033 Posteaquam
689 4965 971 5031 Bajazites,
1005 4982 1041 5020 ο
1093 4969 1257 5021 rebus
1302 4971 1554 5038 gerendis
1615 4971 1789 5024 absti-

1893 4615 2099 4658 tantam
2129 4616 2316 4660 contra
2363 4622 2421 4660 se
2473 4609 2701 4663 classem
2755 4625 2769 4661 :
2837 4625 3001 4663 naves
3052 4628 3182 4664 suas
3216 4614 3468 4682 ingrcssi,

1894 4698 2219 4750 discessere.
2252 4697 2840 4765 Constantinopolitani
2872 4713 3001 4752 vero
3047 4697 3333 4769 Mitylenen
3376 4703 3474 4756 de~

1896 4790 2010 4852 lati,
2038 4805 2225 4842 muros
2268 4792 2334 4840 ab
2375 4791 2531 4842 hoste
2582 4791 2792 4843 dirutos
2831 4791 3162 4856 refecerunt,
3201 4803 3364 4862 atque
3396 4795 3468 4848 ita

1895 4881 2116 4933 domum
2175 4881 2374 4933 reversi
2437 4888 2585 4933 sunt.
2639 4881 2719 4933 Ad
2766 4890 3068 4935 extremum
3117 4898 3182 4936 eo
3239 4885 3469 4943 redacta.

1898 4973 2118 5026 fuerunt
2185 4971 2509 5025 Venetorum
2573 4988 2699 5036 res,
2755 4972 2830 5025 uti
2873 4973 3189 5026 muneribus
3234 4974 3474 5026 delenito

165 5058 417 5118 uendo,
443 5059 575 5111 satis
603 5058 693 5110 diu
721 5074 779 5112 se
810 5068 1113 5113 recreasset
1143 5079 1153 5111 :
1184 5061 1427 5116 collectis
1477 5064 1674 5117 iterum
1701 5081 1792 5115 νο-

165 5152 343 5221 piis,
397 5148 631 5202 Moream
680 5151 979 5218 ingressus,
1021 5151 1087 5204 ad
1135 5151 1460 5208 lnehcchtim
1534 5159 1790 5222 accessit,

153 5245 378 5299 etiam
403 5240 577 5294 classe
597 5242 887 5308 instructa,
907 5258 1070 5312 quam
1096 5247 1288 5298 eodem
1311 5249 1582 5316 appellere
1605 5251 1792 5319 jussit.

157 5339 194 5392 ι
221 5336 308 5388 lis
328 5349 455 5389 cum
479 5332 659 5387 Italica
691 5334 887 5389 classis
914 5336 1270 5402 occurrisset,
1293 5341 1592 5395 commisso
1612 5345 1792 5397 navali

147 5425 431 5502 pretio,
467 5425 681 5478 tandem
719 5426 834 5479 Itali
874 5428 1100 5483 remisso
1124 5432 1393 5499 pugnandi
1431 5433 1648 5498 ardore,
1675 5435 1794 5490 dis-

141 5525 524 5576 (:csseruut.
581 5516 765 5587 Itaque
800 5518 1046 5574 videntes
1079 5521 1405 5587 luebechtii,
1435 5539 1493 5579 se
1518 5534 1662 5579 terra
1695 5543 1791 5595 pa-

145 5615 372 5672 riter,
419 5621 470 5662 et
496 5613 630 5665 mari
683 5612 957 5679 obsessos,
995 5613 1314 5682 aliquandiu
1345 5616 1563 5685 quidem
1599 5632 1658 5673 se
1697 5621 1796 5672 de-

133 5703 679 5769 fcndcrelortiter
718 5722 730 5757 :
778 5707 870 5758 sed
927 5707 1330 5771 animadverso,
1377 5708 1512 5760 nihil
1561 5711 1795 5778 amplius

131 5800 334 5876 (apis
364 5811 431 5851 ac
483 5799 718 5860 praesidii
785 5799 886 5855 sibi
919 5799 1207 5862 reliquum,
1247 5800 1573 5860 primatibus
1605 5805 1783 5862 egredi

1900 5065 2100 5118 sultani
2152 5063 2405 5131 Bajazitis
2437 5066 2642 5128 animo,
2686 5080 2874 5134 pacem
2913 5081 3036 5119 cum
3086 5081 3153 5119 eo
3212 5065 3470 5126 Iacerent,

1896 5167 2042 5206 anno
2097 5153 2199 5206 907
2231 5151 2384 5220 (Chr.
2414 5153 2596 5214 I501).

1975 5246 2246 5313 Bajazites
2276 5262 2306 5300 e
2350 5247 2533 5301 Morca
2567 5248 3103 5320 Constantinopolim
3166 5255 3469 5321 profectus,

1900 5340 1971 5392 ita
2020 5349 2191 5392 totum
2229 5354 2286 5392 se
2311 5340 2461 5393 dedit
2512 5342 2626 5393 0tio
2653 5381 2668 5404 ,
2703 5341 2954 5408 pluribus
3008 5353 3067 5396 ut
3093 5346 3252 5399 annis
3303 5361 3470 5414 expe-

1900 5432 2159 5485 ditionem
2187 5416 2346 5499 plane
2373 5433 2577 5484 nullam
2615 5434 2940 5502 susciperet.

1971 5529 2127 5576 Anno
2171 5521 2447 5591 9l5(Clir.
2472 5522 2628 5591 1509)
2647 5524 2778 5577 hora
2802 5525 3042 5579 secunda
3080 5530 3258 5581 noctis
3290 5529 3476 5596 cujus-

1901 5615 2050 5676 dam,
2081 5615 2268 5668 martis
2295 5614 2435 5667 diem
2460 5628 2686 5682 secutae,
2709 5625 2852 5670 terra
2879 5615 3353 5686 Constantinopoli
3381 5635 3477 5676 us-

1901 5725 2007 5776 que
2026 5714 2158 5762 adeo
2191 5711 2396 5762 moveri
2432 5711 2596 5778 cepit,
2641 5719 2700 5763 ut
2724 5721 2902 5766 turres
2921 5711 3126 5780 aliquot
3151 5712 3474 5780 templorum

1905 5805 2261 5857 'l'urcicortnn
2339 5812 2684 5870 corruerent,
2737 5803 3095 5873 ipsorumque
3151 5803 3476 5874 templorum
