4866 6594
1324 516 1428 580 6?3

2577 496 2930 561 ANNALES
2967 494 3295 558 TURCICI.

4459 492 4550 555 θαι

1325 621 1635 679 testudines
1662 620 1858 688 partim
1899 618 2065 670 rimas
2097 623 2346 684 agerem,
2372 610 2570 678 partim
2604 612 2756 664 humi
2778 610 2897 664 col-
2928 630 2972 684 Α
3002 608 3305 661 Anatoliam
3339 607 3495 677 petiit
3526 625 3541 668 ;
3576 617 3629 663 et
3659 608 4043 680 beglerbegum
4073 609 4360 677 Anatoliae,
4399 611 4549 666 Cara-

1325 713 1665 769 laberentur.
1688 708 2071 765 Ediflciorum
2108 719 2238 758 vero
2290 705 2631 772 privatorum
2694 700 2890 754 camini

1327 806 1445 859 sive
1478 801 1801 857 infumibula
1860 798 2069 868 dejecta
2104 805 2251 858 sunt,
2318 804 2373 847 et
2402 792 2640 863 parietes
2691 791 2890 861 partim

1326 896 1683 963 ﬁssi,partim
1721 890 2002 959 prostrati.
2038 887 2225 941 Pinna:
2279 900 2561 940 murorum
2604 884 2757 940 urbis
2824 882 2893 938 ad

1326 1004 1526 1045 terram
1560 988 1993 1058 prmcipitaruut,
2015 984 2241 1051 ipsaque
2265 979 2471 1034 muenia
2490 993 2615 1033 cum
2647 978 2889 1031 turribus

1328 1086 1443 1140 suis
1471 1080 1854 1138 conciderunt.
1895 1076 2153 1129 Pluribus
2181 1076 2416 1143 denique
2442 1070 2714 1140 magnifici
2764 1084 2895 1138 ope-

1326 1179 1406 1231 ris
1428 1174 1670 1229 aedificiis
1699 1186 1874 1238 usque
1896 1167 1963 1221 ad
2026 1167 2379 1220 fundamenta
2421 1162 2649 1224 eversis,
2696 1169 2893 1228 magna

1328 1269 1606 1322 hominum
1642 1263 1936 1317 multitudo
1968 1261 2071 1314 sub
2106 1259 2241 1328 ipsis
2262 1256 2529 1311 exstincta
2562 1254 2659 1308 fuit
2682 1252 2890 1306 ruderi-

1325 1364 1447 1414 bus.
1475 1358 1673 1426 Quose
1696 1355 1997 1417 conferret,
2034 1360 2192 1406 norat
2217 1365 2396 1404 nemo.
2460 1350 2621 1406 Plebs
2676 1348 2891 1400 urbana

1326 1455 1440 1508 suis
1504 1467 1567 1505 ex
1635 1450 1843 1503 aedibus
1906 1445 2191 1513 migrans,
2257 1442 2453 1511 partim
2521 1440 2573 1492 in
2636 1439 2888 1506 plateas,

1330 1547 1526 1617 partim
1596 1544 1650 1597 in
1709 1556 1867 1595 arcas
1921 1536 2142 1599 aedium,
2194 1536 2389 1603 partim
2452 1534 2505 1585 in
2575 1532 2763 1587 hortos
2839 1547 2896 1585 se

1336 1637 1629 1707 recipiebat
1681 1649 1695 1685 :
1748 1647 1815 1687 ne
1868 1630 2077 1685 scilicet
2139 1643 2168 1680 a
2229 1626 2613 1681 corruentibus
2653 1623 2896 1678 aediliciis

1336 1730 1793 1801 opprimerentur.
1838 1724 2053 1793 Quippe
2110 1732 2277 1777 totam
2324 1720 2471 1773 illam
2511 1729 2726 1771 noctem
2780 1715 2896 1783 pri-

1334 1836 1478 1874 mam
1528 1828 1674 1872 terra
1714 1826 1947 1872 tremere
1988 1827 2095 1866 nou
2139 1810 2316 1866 desiit.
2340 1808 2591 1877 Cumque
2639 1820 2895 1861 somnum

1330 1912 1507 1969 oculis
1533 1925 1695 1965 nemo
1740 1908 1951 1962 videret
2003 1905 2159 1970 suis,
2214 1918 2406 1957 omnes
2440 1943 2455 1967 ,
2512 1910 2565 1954 et
2630 1898 2893 1963 numinis,

1334 2016 1386 2060 et
1434 2001 1762 2058 Mahumetis
1821 2014 1976 2070 opem
2006 2000 2148 2054 votis
2209 1996 2449 2051 assiduis
2510 1992 2892 2063 implorabant.
2928 1971 2968 2026 Β

1333 2096 1518 2152 Terra:
1554 2104 1733 2151 motus
1761 2094 1847 2149 hic
1878 2092 2113 2161 denique
2205 2087 2486 2143 continuis
2534 2084 2895 2156 quadraginta

1332 2191 1526 2245 diebus
1560 2189 1610 2241 in
1642 2189 1805 2241 horas
1824 2184 2068 2254 singulas
2111 2182 2299 2237 sentiri
2328 2179 2529 2245 potuit.
2553 2181 2690 2232 (lum
2713 2186 2895 2231 autem

1337 2289 1655 2351 remisisset,
1690 2283 1961 2349 expeditis
1992 2280 2260 2349 Bajazites
2293 2292 2388 2347 per
2416 2275 2725 2331 universam
2756 2273 2898 2327 Ana-

1330 2380 1517 2435 toliam
1552 2373 1983 2441 Romaniamque
2029 2369 2299 2424 mandatis
2346 2367 2463 2421 suis
2490 2407 2505 2428 ,
2543 2367 2619 2418 uti
2669 2363 2895 2417 ssrcbo-

1332 2486 1443 2533 res,
1487 2470 1591 2524 hoc.
1618 2476 1720 2528 est,
1752 2460 2074 2517 mercenarii
2102 2472 2155 2514 ct
2179 2459 2401 2526 Opiﬁces
2430 2456 2896 2524 Constantinopo-

1332 2564 1427 2616 lim
1465 2559 1835 2617 mittereutur,
1898 2552 2088 2607 edixit.
2134 2549 2530 2604 Conﬂuxerunt
2572 2546 2638 2601 ad
2703 2546 2895 2600 urbem

1332 2654 1636 2712 fabrorum,
1666 2658 1773 2702 tam
1796 2644 2292 2704 caementariorum,
2331 2656 2493 2711 quam
2518 2638 2896 2708 liguariorum,

1333 2743 1701 2812 opiﬁcumque
1744 2735 2206 2790 mercenariorntn
2257 2731 2320 2786 ad
2354 2730 2632 2799 oetoginta
2684 2726 2897 2781 millia:

1333 2834 1532 2901 quibus
1561 2831 1611 2883 id
1648 2830 1833 2881 datum
1873 2825 2103 2892 negotii,
2132 2832 2191 2877 ut
2220 2831 2449 2888 accepta
2479 2817 2752 2877 mercede,
2788 2816 2901 2869 col-

1334 2929 1485 2993 lapsa
1549 2921 1703 2977 urbis
1754 2918 1982 2971 ardihcia
2035 2916 2316 2969 reticerem
2358 2928 2421 2967 ac
2509 2912 2899 2964 instaurareut.

1342 3016 1640 3074 Praefectus
1673 3029 1702 3066 a
1729 3012 1969 3081 Bajazite
2022 3009 2125 3063 fuit
2154 3007 2421 3077 operariis
2474 3005 2625 3058 hisce
2668 3001 2903 3056 Jonuzcs

1338 3126 1459 3182 aga,
1516 3107 1890 3178 genizarorum
1945 3104 2243 3157 tribunus:
2281 3100 2374 3166 qui
2414 3106 2468 3152 et
2507 3098 2802 3165 inspector,
2850 3099 2905 3146 ct

1337 3212 1558 3259 exactor
1589 3213 1899 3269 operarum,
1925 3209 2135 3250 summa
2154 3208 2277 3247 cum
2332 3199 2615 3259 potestate,
2640 3203 2753 3243 SlllS
2776 3202 2901 3241 cum

2999 716 3187 768 gosam
3216 699 3431 756 bassam
3497 702 3724 759 adortus
3749 714 3853 761 est.
3875 706 4127 761 Occurrit
4163 706 4371 761 homini
4407 706 4550 760 Cara~

2994 808 3125 865 gosa
3154 808 3279 851 eum
3297 796 3540 851 exercitu
3572 797 3861 862 Anatolius,
3884 800 4175 871 statimque
4197 800 4334 855 inito
4362 800 4550 870 praelia.

2995 888 3242 943 seditiosi
3264 888 3436 944 victos
3452 904 3511 944 se
3530 890 3812 955 simulare,
3838 907 3904 947 ac
3922 892 4112 963 pedem
4127 893 4375 947 nonnihil
4399 893 4550 947 refer-

2994 994 3076 1035 re.
3097 978 3233 1034 Tum
3260 996 3391 1035 vero
3410 977 3575 1036 Turci
3599 984 3833 1039 desertis
3856 985 4143 1040 ordinibus
4171 986 4308 1049 suis,
4336 985 4550 1039 hostium

3003 1070 3394 1141 impedimenta
3430 1071 3665 1141 diripere
3693 1085 3977 1142 ceperunt.
4000 1073 4311 1130 Perduelles
4333 1088 4473 1129 vero.
4500 1073 4548 1124 in

2998 1171 3241 1232 tempore
3262 1165 3545 1219 conversis
3589 1166 3841 1230 habenis,
3874 1166 4162 1236 Caragosz
4196 1168 4381 1236 topia:
4428 1167 4548 1219 rec-

2996 1252 3196 1307 derunt
3223 1268 3237 1304 :
3263 1253 3551 1323 ipsumque
3598 1265 3811 1325 ruptum
3843 1258 3907 1311 ad
3933 1258 4272 1323 metrOpolim
4304 1257 4551 1311 Anatolite

2996 1344 3257 1415 Cutaigen
3299 1347 3663 1412 adduxerunt,
3703 1361 3756 1404 et
3793 1350 4054 1420 oppidum
4079 1352 4181 1405 sibi
4204 1351 4327 1406 dedi
4373 1358 4539 1419 postu-

2996 1437 3195 1491 larunt.
3232 1436 3283 1490 ld
3304 1452 3426 1492 cum
3458 1442 3526 1495 ab
3549 1441 3836 1511 oppidanis
3868 1444 4160 1512 impetrare
4191 1459 4295 1496 non
4322 1452 4547 1511 possent.

2999 1532 3257 1585 ineorum
3281 1546 3573 1603 conspectu
3606 1533 3935 1605 Caragosam
3970 1537 4185 1591 bassam
4219 1536 4401 1589 vivum
4436 1536 4545 1604 pa'o

2998 1624 3345 1679 transﬁxcre.
3370 1624 3681 1681 Secundum
3715 1629 3827 1682 haec
3875 1627 4151 1697 profectus
4180 1627 4418 1681 Manissa
4444 1642 4554 1679 cum

3000 1715 3281 1786 Sangiacis
3332 1720 3663 1788 quibusdam
3712 1722 3968 1775 sultanus
4023 1722 4309 1781 Corcutes,
4372 1719 4556 1773 Sttiiani

2999 1806 3256 1876 Bajazitis
3290 1809 3454 1875 illius,
3511 1812 3773 1880 copiasin
3830 1812 4121 1866 seditiosos
4177 1811 4342 1865 hosce
4396 1811 4556 1862 duxit.

3001 1899 3199 1953 Verum
3232 1916 3409 1958 caesus
3436 1914 3489 1959 et
3512 1904 3622 1973 ipse
3655 1918 3775 1958 cum
3812 1904 3948 1967 suis,
3982 1903 4069 1957 vix
4103 1902 4227 1968 fuga
4261 1903 4417 1955 saluti
4441 1917 4558 1953 ron-

2997 1992 3189 2046 suluit.
3217 1992 3427 2049 Hinciu
3459 1996 3573 2051 dies
3605 1997 3781 2051 auctis
3809 1996 4041 2062 viribus,
4076 1998 4383 2051 Anatoliam
4441 1994 4557 2047 Sca-

2997 2085 3244 2143 choeulis
3273 2090 3585 2145 universam
3642 2105 3824 2162 agerc,
3892 2090 4052 2153 ferre,
4109 2092 4386 2159 multaque
4427 2090 4556 2142 fnla

2998 2182 3357 2235 committere.
3396 2180 3522 2237 Post
3550 2184 3714 2237 etiam
3756 2199 4077 2255 progressus
4112 2186 4363 2247 ulterius,
4417 2182 4560 2235 Aidi-

2998 2287 3217 2328 uensem
3255 2273 3516 2329 ditionem
3570 2276 3787 2332 invasit.
3822 2276 4084 2333 Corcutes
4120 2275 4267 2343 fuga.
4304 2291 4402 2330 ceu
4454 2276 4561 2326 dir-

2998 2372 3109 2417 tnm
3134 2372 3239 2430 est,
3264 2364 3509 2433 elapsus,
3557 2382 3771 2420 summa
3803 2366 4080 2421 celeritate
4103 2368 4244 2420 datis
4270 2367 4334 2419 ad
4357 2376 4551 2434 patrem

2998 2454 3211 2521 litteris,
3244 2470 3367 2510 eum
3395 2457 3459 2511 de
3497 2472 3555 2511 re
3572 2467 3681 2512 tota
3720 2460 4006 2514 certiorem
4027 2458 4171 2513 fecit.
4191 2456 4449 2527 Bajazites
4466 2472 4560 2510 ex-

2999 2550 3334 2605 candescens
3359 2551 3623 2605 adversus
3648 2551 3857 2605 vezires
3885 2566 4037 2614 suos,
4066 2566 4126 2603 ac
4149 2552 4445 2619 prasertim
4468 2552 4564 2600 ad-

3002 2657 3193 2697 versus
3225 2642 3363 2695 Alim
3388 2642 3624 2707 bassam,
3665 2652 3717 2698 et
3750 2642 3907 2697 ducis
3958 2642 4147 2703 ﬁlium,
4176 2642 4318 2710 quod
4352 2639 4483 2695 nihil
4505 2642 4570 2693 de

3001 2735 3275 2789 hocmotu
3297 2733 3397 2786 sibi
3424 2732 3824 2801 significassent
3853 2752 3866 2787 :
3894 2751 4014 2788 mox
4044 2735 4181 2787 Atim
4206 2735 4422 2788 bassam
4447 2749 4567 2787 cum

3002 2828 3236 2880 exercitu
3264 2825 3315 2879 in
3346 2826 3648 2880 Anatoliam
3668 2827 3957 2896 proﬁcisci,
3999 2843 4060 2882 ac
4094 2829 4410 2883 seditionem
4434 2829 4571 2881 hanc

3003 2934 3368 2987 compescere,
3396 2920 3791 2988 perduellionis
3850 2924 4167 2978 auctoribus
4202 2924 4395 2991 capitis
4449 2938 4573 2991 sup-

3003 3010 3166 3079 plicio
3186 3010 3451 3074 multatis,
3486 3011 3649 3079 jussit
3681 3030 3696 3076 ;
3724 3011 3869 3082 quod
3899 3013 4002 3066 nisi
4038 3012 4275 3076 fecisset,
4334 3014 4571 3083 impera-

3004 3109 3186 3155 turum
3220 3117 3279 3156 se
3309 3102 3551 3166 minatus
3575 3112 3679 3165 est,
3711 3112 3768 3157 ut
3801 3105 3939 3159 cutis
3962 3104 4009 3158 ei
4056 3115 4166 3159 toto
4194 3122 4424 3176 corpore
4484 3113 4575 3161 de-

3006 3194 3332 3247 traheretur.
3368 3193 3709 3264 Quapropter
3738 3196 3870 3259 Alis,
3902 3197 4142 3252 adhibita
4172 3199 4405 3251 maxima
4442 3200 4566 3253 dili—

1336 3286 2192 3363 genizaris,esset.luterimipse,
2213 3281 2700 3352 quietiscapienda:
2715 3295 2900 3344 causa,
2933 3311 2979 3372 ο
3010 3286 3208 3353 gentia,
3237 3285 3293 3338 in
3324 3285 3629 3340 Anatoliam
3663 3302 3721 3342 se
3748 3288 3981 3343 contulit
4009 3307 4023 3344 :
4078 3306 4201 3345 cum
4235 3290 4501 3358 Bajazites
4528 3295 4577 3346 εὶ

1338 3393 1511 3441 semet
1540 3378 1981 3448 HadrianOpolim
2003 3376 2251 3431 contulit.

1407 3473 1600 3528 Eratid
1634 3470 1893 3539 temporis
1916 3469 1969 3522 in
2003 3467 2281 3537 provincia
2299 3463 2552 3519 Tcltiensi
2582 3464 2660 3516 vir
2683 3463 2903 3532 quidam

1336 3566 1649 3635 primarius,
1685 3564 1772 3618 cui
1810 3577 2007 3616 nomen
2039 3561 2315 3615 Chasanes
2349 3556 2608 3615 Chelifes.
2640 3557 2689 3611 ls
2737 3556 2902 3610 filium

1340 3657 1597 3721 habebat,
1630 3654 1721 3723 qui
1775 3652 2128 3707 Scachoculis
2164 3650 2470 3720 appellatus
2520 3648 2637 3710 fuit,
2698 3658 2750 3701 et
2780 3648 2906 3703 totis

1336 3760 1428 3800 sex
1447 3745 1531 3799 vel
1546 3753 1747 3813 septem
1770 3742 1927 3796 annis
1946 3742 2015 3793 ita
2035 3740 2213 3804 latuit,
2238 3748 2294 3794 ut
2312 3754 2587 3808 nunquam
2610 3740 2904 3808 prodierit:

1338 3852 1443 3905 qua
1474 3835 1692 3903 quidem
1722 3834 1791 3888 de
1846 3846 2011 3886 causa
2046 3830 2148 3884 fuit
2180 3830 2398 3885 habitus
2426 3846 2523 3898 pro
2546 3832 2660 3884 viro
2692 3841 2905 3887 sancto.

1338 3928 1529 3983 Eidem
1564 3925 1832 3995 Bajazites
1854 3923 2149 3991 quotannis
2181 3930 2385 3990 septem
2422 3937 2708 3991 asprorum
2744 3923 2903 3977 millia

1338 4034 1490 4076 suam
1512 4019 1568 4072 in
1586 4018 1895 4086 speluncam
1927 4015 2138 4069 mittere
2162 4014 2390 4077 solebat,
2431 4031 2554 4067 cum
2604 4013 2899 4084 ignoraret,

1337 4126 1459 4163 eum
1486 4118 1539 4163 et
1564 4116 1723 4162 sectze
1752 4107 1995 4170 alterius,
2042 4115 2096 4159 et
2130 4105 2359 4158 Kiselem
2391 4105 2605 4161 bassam
2635 4122 2776 4161 esse.
2808 4106 2903 4161 llic

1336 4216 1487 4271 ergo,
1526 4215 1635 4269 qtto
1665 4209 1905 4266 tempore
1937 4196 2403 4264 Constantinopoli
2427 4207 2646 4252 strenue
2690 4198 2905 4251 labora-

1336 4294 1493 4348 batur
1521 4294 1572 4346 in
1608 4292 1741 4346 urbe
1776 4289 2093 4351 reficienda,
2143 4289 2258 4343 suis
2316 4290 2424 4343 illis
2483 4306 2513 4345 e
2572 4290 2794 4345 latebris
2851 4300 2909 4345 et

1338 4386 1587 4441 cavernis
1640 4384 1856 4437 tandem
1934 4380 2158 4451 prodiit,
2210 4390 2265 4435 et
2309 4382 2529 4449 adjutus
2562 4398 2724 4452 opera
2781 4399 2907 4436 suo-

1340 4494 1461 4532 rum
1514 4476 1874 4544 quorumdam
1924 4475 2270 4545 complicum,
2325 4476 2413 4529 die
2472 4475 2703 4543 quodam
2776 4478 2907 4530 solis

1340 4571 1528 4623 urbem
1564 4569 1933 4621 Amalieusem
1963 4567 2245 4636 ingressus
2265 4575 2349 4622 est
2378 4583 2393 4620 :
2428 4569 2572 4636 quod
2603 4583 2667 4622 eo
2692 4567 2905 4623 facilius

3012 3393 3117 3431 nun
3153 3378 3399 3448 exiguam
3432 3389 3637 3447 partem
3678 3380 3839 3435 aulici
3859 3382 3941 3436 sui
3977 3384 4287 3448 cuniitatus,
4316 3393 4370 3439 et
4428 3387 4578 3456 geni-

3009 3487 3284 3537 carorum,
3311 3472 3681 3541 adjunxissct:
3716 3474 3935 3544 lllioque
3995 3485 4255 3545 pmterea
4290 3494 4414 3539 suo.
4472 3481 4580 3534 sul-

3008 3570 3138 3616 tano
3160 3562 3430 3625 Achmeti,
3460 3566 3615 3633 cujus
3648 3567 3878 3621 Amasia
3923 3568 4079 3623 sedes
4108 3579 4206 3632 rat,
4243 3570 4580 3636 mandasset,

3009 3666 3070 3707 ut
3098 3655 3211 3707 suis
3237 3669 3358 3708 cum
3387 3655 3567 3723 capiis
3595 3656 3676 3708 Ali
3712 3656 3886 3712 bassae
3913 3660 4114 3713 auxilio
4144 3660 4374 3715 veniret.
4435 3664 4583 3718 Acir-

3010 3754 3180 3800 metes
3223 3745 3441 3801 Amasia
3471 3746 3769 3817 profectus,
3800 3753 3865 3803 ad
3894 3750 4034 3804 Alim
4063 3751 4275 3806 bassam
4299 3757 4537 3810 accessit
4567 3774 4581 3809 :

3008 3840 3099 3908 qui
3137 3855 3261 3893 mox
3298 3840 3442 3894 inter
3506 3856 3565 3895 se
3600 3845 4037 3912 congressi,dies
4061 3846 4264 3913 aliquot
4282 3847 4585 3903 reficinndo

3011 3929 3166 3982 militi
3197 3929 3485 3996 dederunt,
3529 3929 3704 3999 deque
3731 3932 3868 3987 bello
3912 3936 4148 4003 gerendo
4172 3939 4581 3992 consultarunt.

3006 4017 3226 4076 Interea
3290 4037 3417 4076 vero
3473 4038 3596 4076 cum
3650 4024 3821 4094 copiis
3876 4025 3929 4079 iu
3985 4027 4363 4084 Caramaniam
4428 4032 4587 4086 irruit

3009 4110 3381 4176 Scacboculis,
3402 4114 3489 4167 cui
3520 4114 3858 4171 Caramanire
3900 4118 4082 4182 bassa,
4129 4136 4289 4188 quem
4348 4122 4586 4177 Cheidc-

3007 4220 3120 4259 rem
3155 4206 3369 4261 bassam
3398 4208 3683 4269 vocabant,
3709 4218 3761 4261 et
3786 4207 4083 4277 Sangiacus
4112 4212 4333 4279 quidam
4404 4215 4460 4267 in
4496 4231 4586 4268 ea-

3007 4292 3129 4348 dem
3160 4295 3465 4363 provincia,
3495 4295 3685 4351 Zindis
3731 4296 3981 4353 Kemalcs
4021 4299 4212 4369 begus,
4240 4302 4460 4357 obviam
4500 4320 4589 4357 ve-

3011 4393 3255 4437 nerunt:
3312 4385 3620 4456 pralioque
3665 4388 3839 4441 Culim
3896 4388 4093 4454 adorti,
4140 4406 4245 4444 non
4290 4392 4587 4448 inferiores

3012 4474 3172 4528 modo
3208 4475 3512 4531 discessere
3544 4493 3559 4532 :
3591 4493 3779 4531 verum
3832 4481 3992 4532 etiam
4021 4481 4256 4550 utrique,
4288 4499 4390 4552 pro
4413 4501 4590 4545 more,

3006 4576 3217 4619 resecta
3254 4565 3409 4621 fuere
3465 4568 3665 4637 capita.
3694 4570 3950 4625 Seditiosi
4014 4572 4213 4628 deinde
4257 4574 4590 4630 Caramania

1338 4669 1452 4715 tum
1480 4661 1591 4713 fieri
1626 4659 1817 4727 potuit,
1858 4660 1987 4727 quia
2010 4658 2357 4713 commodum
2392 4660 2442 4712 id
2484 4658 2744 4726 temporis
2794 4658 2901 4713 illic
2935 4647 2978 4703 υ
3010 4657 3216 4719 relicta,
3267 4674 3463 4715 versus
3500 4661 3780 4725 planitiem
3820 4662 4127 4719 Zlbucciam
4155 4668 4550 4734 profectisnut
4580 4689 4593 4721 :

1340 4753 1731 4807 anniversaria:
1774 4752 2030 4806 nundioa:
2070 4752 2510 4807 celebrabantur.
2570 4750 2757 4820 Itaque
2811 4766 2903 4805 ca-

1341 4856 1488 4911 ptam
1524 4845 1801 4899 civitatem
1835 4844 2082 4913 diripuit,
2114 4854 2167 4898 et
2196 4845 2420 4898 Gadium
2448 4844 2568 4912 ejus
2597 4845 2653 4897 in
2672 4854 2907 4913 quatuor

1346 4935 1517 4986 frusta
1585 4932 1869 4995 dissecari,
1937 4946 2000 4984 ac
2050 4931 2167 4999 ipsa
2222 4931 2393 4984 frusta
2459 4931 2729 4985 distinctis
2777 4930 2907 4984 locis

1342 5023 1600 5092 stispendi
1634 5022 1823 5091 jussit.
1884 5021 2015 5075 Inde
2044 5020 2224 5075 missis
2254 5022 2305 5075 in
2366 5021 2678 5088 provincias
2726 5023 2908 5090 proxi-

1345 5130 1460 5169 mus
1486 5115 1812 5177 quibusdam
1845 5128 1959 5167 sua!
1977 5122 2158 5175 sectm,
2177 5127 2503 5179 suarumque
2530 5112 2763 5180 partium
2817 5111 2911 5165 ho-

1344 5208 1603 5269 minibus,
1637 5207 1957 5275 proclamari
1986 5208 2245 5275 pra-cepit
2305 5204 2591 5260 advenisse
2634 5204 2746 5273 jam
2775 5214 2911 5259 tem-

1346 5318 1466 5370 pus,
1493 5300 1625 5368 ipsis
1648 5307 2038 5367 Opportunum,
2062 5301 2253 5351 saltem
2273 5297 2535 5365 correptis
2552 5297 2740 5360 armis,
2763 5296 2829 5350 ad
2856 5311 2912 5351 se

1345 5398 1720 5461 properarent.
1760 5387 2035 5458 Quotquot
2068 5389 2231 5457 igitur
2264 5388 2406 5439 illam
2432 5394 2635 5438 sectam
2660 5386 2907 5455 amplec-

1345 5484 1618 5543 tebantur,
1644 5490 1697 5534 et
1735 5479 1963 5532 antehac
1989 5494 2105 5530 eam
2133 5487 2345 5531 secreto
2378 5478 2642 5529 duntaxat
2665 5475 2909 5546 proﬁteri

1343 5577 1695 5641 cogebantur,
1717 5575 1780 5626 ad
1802 5574 1943 5625 hunc
1962 5588 2025 5624 eo
2043 5586 2269 5623 nmnero
2288 5567 2694 5633 conﬂuxerunt,
2716 5578 2773 5623 ut
2793 5583 2915 5631 per-

1344 5666 1495 5720 brevi
1533 5668 1710 5734 spatio
1738 5665 2024 5734 temporis,
2074 5662 2355 5715 hominum
2397 5667 2461 5713 ad
2504 5659 2692 5714 decem
2749 5659 2913 5713 millia

1343 5774 1527 5812 secum
1558 5759 1609 5810 in
1638 5756 1802 5827 336
1829 5758 2019 5809 castris
2046 5756 2287 5807 haberet.
2318 5752 2586 5806 Pneterea
2619 5752 2926 5819 complures

1344 5849 1635 5904 e'l‘ekicnsi
1667 5850 1941 5916 provincia
1959 5863 2079 5901 cum
2097 5848 2214 5913 ipso
2228 5862 2285 5900 se
2303 5846 2721 5914 conjuuxerunt.
2744 5843 2929 5913 Itaque

1350 5941 1484 5994 tales
1515 5954 1575 5994 ac
1603 5948 1779 5993 tantas
1800 5938 1906 6007 jam
1942 5946 2265 5991 consecutus
2289 5936 2491 6004 copias,
2512 5934 2689 5988 Antali
2724 5935 2926 5998 relicta,

3014 4752 3160 4819 quod
3192 4766 3313 4806 cum
3350 4754 3431 4806 Ali
3490 4753 3664 4809 bassze
3717 4755 4077 4825 significatum
4113 4758 4330 4826 fuisset,
4360 4776 4604 4832 magno—

3016 4856 3144 4910 pere
3171 4844 3518 4911 perturbatus
3546 4847 3729 4899 animo
3784 4846 4105 4919 :Qnisquis,
4138 4852 4236 4914 ait,
4285 4866 4371 4907 me
4420 4866 4599 4911 amat.

3016 4933 3219 5002 absque
3247 4950 3399 4988 mora
3427 4938 3759 4991 conscendat
3786 4953 4009 5008 equum,
4041 4942 4361 5011 primusque
4381 4949 4607 4999 cateris

3017 5021 3265 5087 exemplo
3303 5024 3551 5090 praebito.
3582 5026 3899 5079 conscendit
3953 5042 4152 5094 equum
4189 5043 4204 5081 :
4240 5038 4295 5080 et
4351 5031 4604 5083 vereda-

3019 5110 3224 5163 riorttm
3258 5110 3311 5163 in
3345 5126 3551 5163 rnorem
3573 5110 3833 5165 festinato
3884 5112 4098 5172 itinere.
4154 5114 4483 5179 perduelles
4545 5114 4602 5167 in

3018 5214 3211 5271 campo
3282 5200 3545 5257 Zibuccio
3586 5204 3802 5257 tandem
3862 5213 4146 5257 assecutus
4188 5215 4291 5257 est.
4347 5206 4611 5260 Stacha-

3021 5294 3161 5346 culis
3192 5293 3831 5357 antem,0smanicorum
3862 5295 4094 5349 adventu
4113 5297 4353 5364 cognito.
4390 5297 4609 5351 ibide...

3021 5383 3072 5436 in
3110 5384 3333 5452 planitie
3378 5393 3554 5438 castra
3590 5384 3734 5439 vallo
3764 5388 4144 5451 communivit,
4172 5388 4408 5443 camelis
4438 5391 4613 5442 etiam

3019 5475 3073 5528 in
3104 5475 3334 5527 circuitu
3358 5474 3643 5544 dispositis
3682 5494 3695 5531 :
3729 5486 3928 5531 etcum
3958 5479 4142 5531 animo
4167 5494 4268 5532 suo
4303 5484 4619 5533 constituit

3026 5568 3129 5621 huc
3158 5567 3275 5621 loco
3304 5566 3491 5621 “artis
3516 5569 3691 5623 aleam
3758 5570 4016 5640 experiri.
4071 5570 4340 5626 Praeterea
4370 5574 4581 5641 quibus
4600 5601 4622 5611 -

3027 5661 3151 5711 dam
3186 5666 3495 5712 castrorum
3527 5659 3580 5712 in
3613 5659 3768 5725 locis,
3800 5660 3903 5714 hoc
3927 5662 4087 5715 modo
4116 5662 4367 5724 munitis,
4422 5672 4620 5717 turres

3032 5750 3291 5803 excitavit
3319 5764 3332 5799 :
3360 5750 3427 5804 de
3446 5750 3649 5819 quibus
3664 5750 3893 5817 suiQsese
3918 5749 4295 5815 defenderent,
4314 5762 4369 5805 et
4390 5754 4626 5807 hostem

3033 5842 3101 5895 ab
3132 5842 3541 5911 oppugnatione
3568 5851 3874 5897 castrorum
3903 5853 4173 5899 arcerent.
4213 5842 4387 5896 Erant
4449 5843 4629 5912 igitur

3037 5934 3088 5986 bi
3106 5933 3319 6003 egregie
3343 5932 3407 5985 ad
3430 5932 3671 6003 pralium
3695 5933 3990 5989 ineundum
4031 5934 4224 6003 parati.
4246 5933 4323 5990 Ex
4346 5936 4628 5992 adverso.
