4866 6594
215 303 316 362 625

1472 310 1818 369 ANNALES
1858 312 2189 377 TURCICI.

3345 316 3447 380 626

214 414 333 464 licet
362 414 472 463 Alis
500 415 655 467 bassa
696 430 883 468 secum
919 424 973 469 et
1000 416 1115 485 ipse
1148 419 1317 471 multa
1352 419 1522 471 millia
1546 421 1777 474 militum
1815 426 1859 480 Α
1889 422 1942 473 in
1998 420 2316 476 Romaniam
2344 424 2611 478 abiturus.
2641 426 2821 494 itaque
2840 422 3298 483 Cofediscedens.
3320 423 3449 477 Chi-

213 505 565 567 adduxisset,
620 513 801 560 tamen
850 508 976 575 quia
1013 519 1151 563 totos
1197 509 1315 565 dies
1361 513 1773 579 quatuordecim

212 596 303 646 illo
361 598 552 651 itinere
627 600 923 655 veredariis
956 617 1123 671 prope
1172 604 1323 671 paria
1360 602 1591 665 fecerat,
1667 617 1776 656 non

212 688 356 741 viros
387 687 673 751 duntaxat,
707 693 800 744 sed
841 708 1015 761 equos
1039 694 1202 747 etiam
1247 694 1529 748 laboribus
1556 694 1763 749 exhau-

214 791 326 830 stos
370 780 625 835 habebat.
652 782 1020 840 Nihilominus
1056 787 1210 841 hoste
1242 795 1539 854 conspecto
1575 806 1587 841 :
1636 786 1777 839 Teu-

213 871 408 922 damus
441 871 492 923 in
526 888 641 938 eos,
666 876 862 943 inquit.
897 876 1000 930 Sed
1036 888 1155 931 erat
1190 880 1243 932 in
1277 880 1518 937 exercitu
1550 880 1775 946 quidam

211 959 557 1022 Caramuses,
590 967 1067 1031 stipendiariorum
1100 969 1422 1038 praefectus,
1479 986 1619 1039 quos
1648 969 1779 1024 Ulo-

214 1051 354 1105 fezio
394 1055 605 1118 dicunt,
644 1058 727 1111 vir
756 1059 832 1113 rei
887 1061 1139 1117 militaris
1209 1062 1498 1131 insigniter
1548 1063 1774 1132 peritus.

216 1147 263 1198 Is
295 1147 376 1200 Ali
412 1149 585 1205 hassa:
648 1153 1299 1225 respondens:Ex.specta
1335 1157 1606 1221 nonnihil,
1632 1160 1778 1220 ait,o

216 1240 582 1299 hassa,donce
609 1246 883 1299 exercitus
908 1247 996 1299 alii
1026 1262 1082 1301 se
1105 1249 1386 1302 nobiscum
1408 1248 1768 1317 coniungant.

210 1331 353 1383 Fieri
436 1337 644 1404 nequit,
725 1347 781 1391 ut
867 1324 1041 1394 hostis
1129 1356 1159 1394 e
1250 1324 1505 1395 manibus
1574 1346 1778 1397 nostris

208 1424 476 1478 clabatur.
536 1429 615 1479 Ad
650 1445 816 1483 unum
900 1431 1189 1495 duntaxat,
1246 1432 1551 1487 alterumve
1610 1436 1775 1499 diem,

213 1518 459 1581 praelium
491 1518 672 1573 ditl‘er.
712 1520 885 1574 Etiam
917 1523 1247 1581 Ramasants
1279 1525 1443 1590 ﬁlius,
1464 1526 1776 1580 Adanorum

210 1606 402 1672 hegtts.
449 1612 602 1665 nobis
634 1613 881 1667 subsidio
914 1616 1079 1671 venit.
1107 1616 1261 1682 Sine,
1299 1635 1505 1689 quaeso,
1559 1632 1777 1677 nostras

210 1696 283 1746 uti
317 1699 504 1767 copias
544 1703 775 1756 aliorum
812 1708 1126 1762 accessione
1164 1710 1400 1778 majores
1431 1722 1486 1765 et
1510 1712 1779 1767 ﬁrmiores

205 1790 529 1846 efﬁciamus.
561 1794 676 1849 Alis
695 1806 876 1851 autem
902 1798 1058 1853 bassa
1082 1801 1319 1856 vicissim
1346 1820 1359 1855 :
1391 1803 1549 1869 Quis,
1580 1804 1777 1871 inquit,
1810 1773 1852 1828 Β

204 1894 289 1935 νει
328 1884 437 1937 Alis
471 1885 651 1949 bassa,
682 1888 874 1952 quiSt'e
939 1892 1153 1943 tandem
1195 1892 1332 1946 alter
1382 1895 1493 1959 ille,
1526 1896 1684 1950 nobis
1725 1907 1782 1951 ut

205 1978 326 2040 «ἠως
362 1978 431 2028 sit
460 1980 863 2046 exspectandus
896 1979 1158 2036 adventus
1200 1983 1221 2035 ?
1270 1983 1536 2039 Nimirum
1587 1986 1697 2041 Alis
1751 2003 1782 2042 e

204 2076 481 2131 potestate
515 2078 660 2122 totus
689 2072 918 2126 exierat.
953 2070 1185 2141 Ideoque
1220 2076 1369 2130 rabie
1405 2078 1641 2145 quadam
1689 2094 1782 2132 ac—

207 2168 303 2212 tus
343 2158 550 2213 hostem
586 2162 813 2215 invasit:
849 2178 957 2229 quo
1014 2164 1243 2231 factum,
1272 2176 1476 2223 utacre
1532 2172 1779 2239 prmiinm

207 2252 674 2308 Committeretur.
719 2252 793 2306 Eo
823 2256 1006 2323 prmlio
1033 2258 1316 2315 Chasanes
1349 2263 1614 2331 Chelifes,
1653 2269 1783 2320 Sca-

203 2344 456 2397 rhoculis
478 2353 646 2413 pater,
670 2349 866 2417 sagitta
894 2351 1229 2418 vulneratus,
1251 2366 1306 2410 et
1348 2359 1508 2426 paulo
1533 2372 1652 2424 post
1686 2376 1782 2415 ex-

204 2437 449 2489 stinctus
468 2436 569 2488 fuit
603 2454 615 2487 :
644 2455 755 2507 quo
780 2451 1019 2506 mortuo,
1040 2448 1309 2501 tumultus
1327 2458 1491 2517 atque
1522 2454 1783 2520 strepitus

206 2528 403 2595 ingens
439 2531 613 2584 audiri
632 2533 775 2599 cepit
809 2535 859 2585 in
888 2537 1081 2590 castris
1107 2538 1511 2594 seditiosorum.
1535 2542 1779 2612 Quapro~

203 2629 334 2687 pter
359 2622 475 2677 Alis
537 2624 718 2687 bassa,
742 2628 1016 2681 concitato
1046 2631 1359 2685 calcaribus
1392 2650 1553 2701 equo,
1578 2639 1783 2692 medios

205 2715 262 2765 in
290 2716 477 2769 hostes
498 2717 709 2772 delatus
735 2729 785 2773 et
814 2721 881 2773 ab
904 2723 983 2776 eis
1008 2723 1226 2777 occisus
1249 2739 1354 2777 est.
1376 2726 1530 2790 Quod
1564 2734 1781 2797 qualem

206 2802 391 2867 ipsius
411 2806 710 2874 conspicati
739 2809 962 2875 milites,
992 2823 1145 2881 terga
1164 2814 1381 2869 dedere.
1424 2817 1782 2875 Scachoculis

206 2897 315 2949 hac
350 2898 553 2963 potitus
615 2901 862 2964 victoria,
908 2920 1100 2959 versus
1157 2904 1441 2964 Parthicos
1479 2910 1614 2965 ﬁnes
1682 2915 1785 2966 iter

204 2991 434 3051 direxit,
498 2989 806 3046 Tebrisium
855 2997 1240 3063 profecturus;
1276 3016 1399 3054 cum
1464 3019 1629 3071 prope
1667 3006 1779 3073 jam

1881 513 1971 565 lim
2001 515 2268 583 navigavit
2296 532 2310 569 :
2347 515 2489 570 Chili
2522 516 2864 583 Beligradum
2894 515 3063 567 venit.
3096 516 3221 582 Ejus
3260 514 3335 567 rei
3369 514 3448 566 [ει.-

1878 617 1964 656 ma
1983 603 2502 675 Constantinopolim
2528 608 2592 658 ad
2608 608 2747 660 sulta
2758 622 2884 660 num
2910 606 3202 674 Bajazitem
3223 606 3445 673 perlata,

1879 693 2105 748 Gadium
2136 696 2295 749 urbis
2331 696 2694 766 Sarigresem,
2726 707 2779 750 et
2838 698 3145 763 Seguaucm
3208 698 3446 757 bassam,

1880 785 2084 854 legatos
2105 787 2169 841 ad
2198 786 2367 841 ﬁlium
2394 789 2562 850 misit,
2595 804 2826 856 quorum
2857 788 3175 842 etconsiliis
3208 798 3450 840 uteretur

1879 876 2125 941 Selimes,
2152 887 2207 932 et
2237 880 2460 933 monitis
2492 881 2875 935 instrueretur.
2941 879 3007 931 Hi
3043 894 3164 933 cum
3198 877 3262 931 ad
3316 878 3451 931 Seli-

1880 985 2020 1024 mem
2050 972 2441 1039 pervenissent,
2476 982 2726 1026 auctores
2746 972 2794 1025 ei
2819 970 3056 1033 fuerunt,
3097 970 3173 1024 uti
3207 984 3361 1025 suam
3396 971 3450 1021 in

1879 1062 2135 1117 ditionem
2165 1063 2364 1116 rediret
2391 1082 2404 1116 :
2443 1079 2507 1117 ne
2539 1065 2675 1118 forte
2700 1064 2960 1118 fratribus
2984 1064 3148 1118 etiam
3219 1065 3334 1117 suis
3361 1078 3452 1116 oc—

1881 1156 2155 1209 casionem
2192 1156 2478 1222 praeberet,
2516 1157 2826 1211 consimilia
2878 1157 3126 1224 quaedam
3183 1154 3447 1208 tentandi.

1881 1245 1958 1298 Ad
1990 1262 2050 1300 ea
2090 1247 2419 1315 respondens
2448 1247 2676 1304 Selimes
2708 1268 2720 1304 :
2775 1252 2969 1304 Annon
3028 1250 3339 1302 mandatum
3368 1246 3450 1300 di-

1882 1339 2083 1392 vinitus
2117 1348 2217 1403 est,
2250 1341 2448 1408 inquit,
2496 1343 2569 1395 uti
2600 1358 2731 1397 suos
2756 1344 2991 1412 quisque
3015 1352 3265 1411 parentes
3293 1341 3450 1393 tertio

1878 1431 1962 1485 vei
1984 1442 2175 1500 quarto
2192 1447 2409 1501 quoque
2427 1448 2571 1487 anno
2602 1435 2835 1487 invisat?
2870 1437 2979 1488 Hac
3012 1435 3260 1502 equidem
3281 1447 3447 1487 causa

1880 1538 2076 1585 motus,
2106 1524 2209 1577 iter
2245 1525 2347 1577 hoc
2381 1524 2659 1593 perﬁciam
2691 1543 2703 1588 ;
2738 1537 2789 1579 et
2808 1536 2957 1592 patre
2993 1527 3234 1588 visitalo,
3272 1538 3448 1577 meam

1882 1618 1933 1670 in
1962 1616 2218 1670 ditionem
2253 1628 2515 1673 revertar.
2550 1621 2625 1671 Ad
2663 1634 2954 1681 summam,
2990 1619 3453 1671 abhociustituto

1882 1710 2039 1777 legati
2082 1708 2335 1764 Selimem
2382 1710 2534 1764 nullo
2583 1711 2862 1764 dimovere
2914 1712 3078 1765 modo
3133 1720 3449 1777 potuerunt.

1884 1802 2118 1869 Ideoque
2154 1803 2446 1855 redeuntes
2482 1803 2544 1855 ad
2580 1802 2869 1869 Bajazitem
2924 1802 3017 1855 ﬁlii
3080 1814 3315 1855 mentem
3390 1816 3452 1854 ac

1883 1897 2205 1948 sententiam
2238 1896 2375 1961 patri
2433 1894 2832 1947 renuntiarunt.
2891 1895 2943 1948 is
3002 1896 3177 1948 d--nuo
3248 1895 3453 1963 legatos

1884 1987 2017 2040 alios
2047 1985 2112 2040 ad
2138 1986 2391 2041 Selimem
2432 1989 2598 2051 misit,
2633 2002 2695 2039 ac
2736 1988 2843 2039 dici
2872 1988 2979 2038 ﬁlio
3010 1988 3192 2054 jussit,
3222 1987 3300 2038 uti
3356 1983 3455 2036 Se-

1884 2078 2181 2131 mendriam
2213 2095 2270 2132 se
2304 2081 2571 2148 reciperet
2610 2096 2621 2130 :
2656 2094 2815 2147 quem
2845 2079 2958 2145 ipse
2974 2078 3343 2144 sangiacatum
3378 2076 3452 2129 illi

1884 2172 2239 2225 attribuisset.
2283 2171 2508 2241 Negavit
2546 2170 2596 2225 id
2639 2186 2698 2225 se
2749 2171 3023 2225 facturum
3058 2170 3221 2237 ﬁlius,
3275 2171 3455 2225 omni-

1886 2280 2062 2333 noque
2090 2279 2146 2317 se
2166 2273 2373 2333 patrem
2401 2266 2552 2334 prius
2591 2265 2865 2319 aditurum
2900 2264 3203 2334 respondit,
3224 2264 3455 2333 ejusque

1886 2373 2080 2410 manus
2111 2358 2507 2423 osculaturum,
2545 2367 2707 2426 atque
2738 2358 2812 2410 ita
2836 2356 3029 2411 deinde
3059 2357 3451 2411 discessurum.

1888 2448 2192 2503 Evenerunt
2214 2452 2327 2503 haec
2363 2466 2506 2504 anno
2523 2450 2650 2505 917.

1958 2542 2268 2595 Secundum
2314 2543 2401 2595 illa
2439 2543 2674 2610 perrexit
2710 2544 2762 2597 in
2820 2542 3013 2597 itinere
3061 2557 3159 2597 suo
3210 2542 3457 2596 sultanus

1888 2635 2141 2697 Selimes,
2174 2644 2226 2687 et
2264 2634 2709 2703 Hadrianopolim
2761 2636 2937 2704 petiit.
3000 2635 3132 2688 Inde
3181 2650 3301 2689 cum
3350 2648 3457 2686 non

1886 2725 2072 2791 procul
2099 2727 2339 2787 abesset,
2368 2726 2559 2779 relicta
2588 2726 2857 2793 Bajazites
2898 2724 3307 2793 Hadrianopoli,
3342 2737 3459 2777 ver-

1888 2831 1977 2867 sus
2007 2814 2541 2881 Constantinopolim
2575 2817 2729 2870 abiit.
2776 2816 3019 2870 Habebat
3049 2824 3228 2869 autem
3270 2830 3456 2869 secum

1886 2922 2077 2961 omnes
2108 2906 2325 2961 Vezires
2359 2925 2510 2974 suos,
2541 2922 2596 2963 et
2629 2912 2792 2979 begos
2828 2910 3131 2975 sangiacos,
3154 2918 3205 2961 et
3238 2908 3457 2961 milites.

1887 2999 2096 3065 Quippe
2124 3001 2393 3053 mandatis
2427 3000 2719 3066 publicatis
2748 3000 3014 3064 edixerat,
3054 3000 3130 3052 nti
3183 3014 3365 3051 secum
3399 3014 3463 3050 eo

204 3079 530 3133 l’artliicisa
565 3082 764 3140 ﬁnibus
794 3086 1068 3148 abessent,
1141 3090 1354 3143 obviam
1405 3094 1484 3147 eis
1517 3110 1783 3150 caravaua
1810 3107 1854 3167 ρ
1891 3092 2383 3158 preﬁeiscerentur-
2422 3092 2537 3156 Qua
2572 3094 2638 3146 de
2678 3108 2841 3145 causa
2872 3104 3183 3146 COIIHHMHS
3209 3094 3461 3153 Selium.

210 3175 468 3239 quaedam
492 3176 656 3239 venit,
678 3188 862 3230 sertum
893 3194 921 3230 e
942 3177 1156 3233 Parthia
1183 3182 1383 3234 sericas
1407 3195 1457 3236 et
1480 3185 1612 3239 alias
1637 3204 1781 3241 mer-

205 3284 305 3321 cl-s
329 3270 551 3323 vehens.
579 3270 705 3324 Eam
731 3285 1052 3325 caravanam
1073 3275 1431 3331 Stachoculis
1457 3280 1705 3345 diripuit,
1733 3292 1785 3333 ct

202 3371 486 3428 quotquot
510 3364 649 3416 hanc
678 3363 1080 3416 comitabantur
1116 3367 1385 3428 homines,
1413 3369 1642 3423 interﬁci
1664 3372 1785 3439 jus-

207 3454 289 3505 sit
320 3472 333 3506 :
371 3468 492 3506 cum
523 3454 821 3519 ignoraret,
855 3470 974 3509 esse
1004 3471 1132 3523 opes
1153 3456 1272 3510 illas
1293 3459 1539 3514 Ismaelis
1564 3460 1782 3528 Scachi,

207 3548 315 3598 hoc
348 3556 433 3599 est
459 3546 599 3614 regis
635 3544 986 3601 Parthorum.
1015 3548 1115 3603 Ubi
1146 3547 1453 3605 Tehrisium
1487 3557 1784 3616 venissent.

204 3638 424 3690 tribuni
460 3637 716 3700 militum,
757 3641 1051 3709 exterique
1080 3642 1342 3710 praefecti,
1397 3644 1666 3699 Scachum
1716 3646 1788 3700 ls-

206 3730 436 3781 mailem
500 3729 755 3782 adierunt
791 3750 803 3783 :
834 3740 888 3784 et
946 3732 1009 3784 ad
1054 3735 1217 3799 pedes
1268 3735 1439 3803 ipsius
1492 3739 1784 3805 provoluti,

206 3825 483 3874 honorem
512 3822 560 3875 ei
623 3838 721 3891 pro
746 3838 896 3877 more
930 3825 1171 3892 gentium
1199 3826 1438 3892 illarum,
1465 3831 1784 3886 exhibuere.

203 3914 357 3967 Tum
398 3929 523 3966 vero
563 3912 809 3970 Scachus
835 3915 1018 3969 lsmail
1047 3935 1059 3969 :
1085 3917 1220 3982 Quis
1246 3928 1433 3973 auctor
1464 3921 1614 3975 vobis
1661 3924 1787 3990 fuit,

208 4007 422 4073 inquit,
460 4015 516 4059 ut
546 4006 805 4074 adoptivo
835 4008 975 4076 patri
1004 4024 1126 4062 meo
1162 4011 1348 4065 hassas
1380 4022 1433 4065 et
1462 4014 1625 4081 begos
1656 4030 1789 4070 suos

199 4098 567 4160 urcideretis,
594 4099 823 4169 ejusque
882 4109 1142 4168 praeterea
1203 4104 1451 4157 subditos
1502 4106 1666 4161 rebus
1725 4124 1787 4165 ac

200 4191 574 4244 tacultatibus
610 4192 726 4245 suis
756 4193 1063 4259 spoliaretis
1085 4194 1107 4245 ?
1130 4194 1240 4249 Illis
1300 4197 1788 4265 respondentibus,

199 4287 260 4337 id
290 4286 392 4338 abs
421 4300 477 4337 se
537 4286 762 4349 factum,
796 4297 855 4340 ut
908 4287 1127 4356 ipsimet
1175 4288 1377 4343 lsmaili
1435 4289 1647 4345 Scacho
1678 4308 1790 4345 rem

197 4386 425 4443 gratim
455 4375 719 4441 facerent,
762 4388 815 4431 et
863 4379 1116 4434 homines
1148 4394 1176 4432 a
1210 4391 1353 4434 recta
1404 4384 1505 4435 ﬁde
1559 4383 1787 4449 alienos,

1886 3194 1939 3236 et
1972 3185 2319 3238 causiliarios
2388 3201 2517 3239 suos
2572 3186 2889 3253 appellans:
2943 3186 3190 3248 Nullum,
3261 3186 3459 3252 inquit.

1888 3277 2097 3330 hostem
2129 3278 2392 3332 habemus
2423 3278 2563 3330 inter
2598 3278 3041 3346 Hadrianopolim
3095 3286 3149 3329 et
3193 3276 3463 3329 Constan-

1890 3370 2191 3437 tinopolim.
2217 3370 2327 3423 Cur
2353 3387 2481 3439 ergo
2500 3380 2573 3424 tot
2604 3386 2876 3437 proceres,
2896 3378 2947 3423 et
2976 3371 3134 3423 talem
3162 3386 3222 3423 ac
3247 3378 3455 3423 tantum

1888 3457 2185 3510 exercitum
2209 3468 2358 3526 pater
2387 3474 2566 3512 secum
2593 3458 2765 3512 ducit?
2795 3458 3126 3513 Hauddubie
3150 3461 3279 3512 nihil
3313 3459 3458 3513 aliud

1891 3550 2003 3601 lucc
2035 3553 2387 3616 portendunt,
2422 3565 2580 3616 quam
2613 3551 2757 3619 quod
2786 3549 3011 3603 fratrem
3044 3566 3247 3613 meum,
3284 3551 3461 3603 sulta-

1891 3658 2020 3694 num
2048 3643 2384 3704 Achmelem,
2420 3658 2599 3695 rerum
2664 3643 3127 3697 administrationi
3192 3644 3464 3713 praeﬁcere

1891 3731 2112 3798 cogitat.
2146 3732 2379 3800 Ideoque
2403 3746 2615 3784 summa
2650 3747 2781 3787 usus
2821 3734 3118 3797 celeritate,
3173 3749 3277 3786 non
3340 3750 3462 3801 pro-

1891 3824 1977 3876 cul
2008 3838 2036 3875 a
2072 3821 2233 3877 Zorlo
2252 3833 2464 3890 patrem
2502 3834 2787 3879 assecutus
2816 3833 2916 3879 est.
2977 3825 3052 3879 lbi
3112 3834 3225 3878 tum
3288 3825 3465 3892 copiis

1893 3916 2149 3982 utrinque
2176 3917 2651 3977 concurrentibus,
2687 3916 2754 3968 ad
2806 3915 3206 3969 dimicationem
3246 3927 3462 3968 rentum

1894 4007 2020 4062 fuit.
2054 4007 2178 4061 Erat
2212 4009 2261 4062 id
2299 4009 2562 4077 temporis
2600 4008 2870 4061 imbecilla
2927 4007 3196 4076 Bajazites
3258 4009 3469 4061 valetu-

1894 4099 2042 4161 dine,
2079 4115 2201 4152 cum
2227 4114 2325 4153 nec
2356 4100 2583 4168 pedibus
2638 4100 2712 4151 uti
2766 4115 2864 4152 nec
2916 4100 3163 4168 equitare
3235 4107 3465 4166 pos'sct:

1893 4205 2066 4259 eaque
2096 4193 2161 4243 de
2190 4205 2353 4244 causa
2384 4205 2551 4243 curru
2582 4192 2907 4254 vehebatur,
2934 4191 3020 4244 cui
3079 4191 3259 4244 velum
3291 4190 3466 4242 obiu-

1894 4294 2071 4346 xerat,
2109 4284 2347 4337 numinis
2394 4282 3083 4350 interim,Mahumetisque
3104 4281 3469 4335 suiauxilium

1900 4377 2219 4444 implorans.
2248 4375 2383 4428 Cum
2412 4376 2709 4443 perexiguo
2747 4373 3007 4441 temporis
3045 4372 3333 4426 intervallo
3368 4388 3468 4439 pu—

201 4471 507 4529 barbaros,
538 4469 897 4531 facinorosos,
942 4470 1008 4522 de
1068 4471 1246 4524 medio
1272 4472 1524 4527 tollerent
1554 4517 1568 4539 ,
1603 4490 1795 4528 rursus
1828 4460 1871 4514 Ῑ)
1903 4478 2125 4535 gnatum
2163 4478 2306 4521 esset
2360 4469 2536 4521 Viculs
2597 4462 2852 4527 Selimes.
2878 4464 3028 4517 omni
3092 4465 3348 4516 ιιιθεδιιΐο
3372 4480 3472 4517 SUO

198 4580 314 4617 eos
338 4564 684 4631 compellans
722 4561 964 4618 Scachus
987 4563 1146 4633 337
1176 4564 1460 4621 Parthicus
1493 4584 1505 4617 :
1546 4568 1605 4621 Et
1666 4570 1794 4636 quid

197 4669 221 4709 t
247 4657 465 4718 ιιιιιριη,
526 4654 777 4721 subjecit,
810 4669 1081 4708 caravana
1100 4656 1556 4723 culpmcommisit
1588 4661 1640 4711 in
1676 4675 1794 4722 vos.

200 4764 327 4817 qua
366 4747 587 4806 irritati,
622 4736 677 4799 ct
712 4747 962 4801 homines
997 4749 1297 4810 Occidistis,
1368 4761 1422 4802 ct
1460 4766 1590 4817 opes
1650 4752 1797 4818 ipsas

201 4837 578 4908 diripuistis?
610 4838 689 4891 Ad
714 4854 833 4906 qua:
868 4840 941 4893 illi
975 4855 1097 4892 cum
1134 4842 1270 4894 nihil
1300 4842 1585 4904 haberent,
1645 4844 1791 4912 quod

203 4933 302 4983 sui
337 4930 606 4998 purgandi
641 4944 807 4983 causa
856 4932 908 4983 in
947 4931 1184 4984 medium
1240 4932 1498 4985 aﬂerrent
1532 4947 1546 4983 :
1576 4948 1795 4986 omnem

208 5025 372 5077 illam
418 5022 709 5075 colluvietn
744 5024 1025 5076 hominum
1058 5025 1128 5076 ila
1161 5024 1412 5077 distribui
1447 5025 1691 5078 Scachus
1726 5025 1801 5076 Ι,-

209 5116 354 5168 mail
383 5115 570 5181 jussit,
606 5124 666 5168 ut
714 5115 913 5184 singuli
985 5115 1310 5170 Parthornm
1378 5132 1631 5185 proceres
1680 5120 1800 5189 ejus

210 5206 490 5262 ntandato
521 5207 705 5276 viginti
730 5206 796 5261 ad
850 5222 908 5262 se
982 5209 1336 5275 reciperent:
1384 5219 1609 5264 exteros
1672 5226 1800 5263 vero

210 5298 538 5369 praefectos,
609 5309 768 5365 atque
808 5301 1060 5353 tribunos
1120 5302 1389 5368 ipsorum,
1444 5303 1800 5357 trucidandos

206 5390 472 5448 Corinis
498 5391 614 5444 suis
643 5391 862 5459 objecit.
889 5390 1045 5455 Quod
1069 5407 1199 5446 sane
1234 5407 1357 5445 cum
1411 5395 1619 5458 absque
1649 5411 1801 5449 mora

212 5489 406 5544 ﬁeret,
480 5482 695 5551 dignam
756 5484 1087 5539 facinoribus
1162 5484 1418 5539 admissis
1497 5486 1799 5539 mercedem

212 5580 427 5632 tulere.

303 5670 443 5721 Uum
479 5667 591 5720 haec
626 5668 678 5719 in
713 5667 835 5719 Asia
859 5677 1201 5736 gererentur.
1242 5669 1589 5721 Tarabosanc
1624 5669 1803 5737 profe—

214 5772 350 5816 ctus
372 5761 626 5815 Sullanus
665 5759 913 5822 Sclimes,
939 5761 1157 5825 navigio
1180 5761 1349 5815 Cofen
1382 5763 1586 5826 appulit
1616 5779 1628 5824 ;
1657 5763 1801 5817 illinc

1904 4563 2109 4625 relicto,
2136 4561 2272 4630 fugae
2301 4576 2358 4614 se
2396 4560 2588 4612 dedit:
2626 4573 2689 4611 ac
2720 4558 2936 4610 tandem
2988 4557 3234 4625 pervenit
3284 4556 3336 4609 in
3396 4557 3473 4608 vi-

1900 4668 2024 4707 cum
2059 4654 2370 4719 quemdam,
2397 4652 2563 4705 situm
2607 4651 2671 4703 ad
2706 4664 2879 4714 mare,
2914 4650 3060 4717 quod
3094 4648 3317 4717 Nigrum
3374 4664 3471 4701 vo-

1901 4758 2046 4801 cant.
2078 4746 2134 4797 Ei
2175 4747 2291 4797 vico
2319 4761 2515 4798 nomen
2544 4754 2623 4797 est
2654 4743 2849 4811 Midge.
2886 4740 2988 4795 llic
3020 4756 3209 4794 navem
3260 4741 3472 4809 ingres-

1904 4855 2017 4897 sus,
2051 4839 2340 4892 traumisso
2377 4838 2535 4900 mari,
2561 4836 2731 4889 Cofeo
2768 4850 2825 4889 se
2862 4834 3114 4887 contulit.
3150 4832 3256 4886 Sed
3284 4833 3472 4886 eadem

1906 4931 2083 4983 hieme
2117 4946 2303 4983 rursus
2336 4931 2386 4981 in
2410 4929 2730 4981 Romaniam
2755 4927 3046 4996 navigavit.
3070 4926 3302 4991 Quidam
3328 4926 3472 4977 enim

1904 5038 2157 5092 proceres
2186 5021 2348 5073 aulici
2381 5029 2564 5088 partes
2590 5020 2794 5073 sultani
2861 5019 3142 5073 Achmetis
3195 5017 3473 5077 fovebant,

1904 5114 2298 5182 nimirumipse
2321 5113 2763 5173 Cadilescherus,
2800 5121 2853 5165 et
2901 5110 3226 5166 Nischanzis
3290 5108 3475 5170 bassa,

1902 5207 2200 5263 etJonuzes
2232 5208 2410 5272 bassa,
2436 5206 2526 5273 qui
2554 5204 2868 5258 muneribus
2894 5202 3054 5256 etiam
3076 5202 3126 5254 in
3153 5200 3295 5253 hunc
3315 5199 3475 5251 ﬁnem

1906 5299 2130 5365 paratis,
2166 5298 2367 5367 populo
2405 5304 2790 5366 persuaserant
2823 5294 3096 5346 sultanum
3156 5293 3473 5344 Achmetem

1909 5391 2056 5444 brevi
2084 5390 2429 5455 adfuturum,
2456 5397 2509 5441 et
2533 5389 2653 5440 loco
2690 5388 2862 5455 patris
2889 5387 3314 5452 imperaturum.
3381 5381 3476 5437 llic

1873 5493 2084 5536 ‘autem
2123 5492 2350 5534 conatus
2392 5496 2580 5534 eorum
2640 5494 2763 5532 cum
2815 5478 3084 5546 genizaris
3127 5476 3476 5535 innotuissct,

1912 5586 2067 5630 nocte
2085 5576 2319 5644 quadam
2358 5576 2410 5627 in
2437 5574 2579 5627 aedes
2610 5575 2852 5642 ipsorum
2883 5573 3178 5630 irruentes,
3211 5566 3475 5632 quidquid

1909 5672 1961 5722 iu
1995 5669 2075 5722 eis
2114 5676 2385 5736 rrpcrlum
2412 5676 2577 5729 esset,
2643 5667 3001 5733 diripuerunt.
3061 5665 3248 5714 itidem
3317 5675 3478 5709 IIOt'ltI

1912 5760 2181 5814 {litasants
2216 5760 2390 5813 bassze
2426 5759 2645 5813 domum
2673 5760 2933 5817 acat'cssi.
2963 5755 3101 5808 itede
3127 5751 3428 5811 εοοὶίίινιιηι
3463 5764 3475 5801 3
