4866 6594
612 6388 643 6407 Il:

536 6444 573 6475 is
588 6410 635 6475 ἐξ

1321 480 1423 538 627
2579 480 2934 540 ANNALES
2986 478 3334 540 TURCICI.
4479 481 4571 544 628

1322 593 1567 659 adeotpie
1597 591 1920 645 seditionem
1943 592 2252 646 excitavere
2291 592 2603 647 maximam.
2650 594 2815 648 Erant
2843 594 2894 647 id
2928 597 2970 650 Α
3000 593 3066 645 ab
3090 593 3169 647 eis
3204 592 3349 645 dicta
3380 589 3635 654 fuissent,
3669 591 3865 659 exiguo
3930 594 4191 660 temporis
4252 596 4434 663 spatio
4468 598 4570 649 sul-

1324 686 1586 751 temporis
1628 685 1691 736 ad
1720 686 1907 737 urbem
1942 683 2139 737 snltani
2170 682 2448 738 Acbmetis
2476 685 2635 751 legati
2661 688 2750 754 qui
2784 686 2903 739 fur-

1322 780 1419 829 lizn
1470 792 1529 831 3e
1576 776 1901 835 subducere,
1955 775 2229 843 salutique
2285 789 2398 827 sua:
2446 773 2568 847 fuga
2618 778 2906 831 consulere

1321 869 1496 923 coacti
1526 867 1759 923 fuerunt.
1797 865 2108 921 Secundum
2148 868 2260 921 baic
2293 866 2502 935 legatos
2529 869 2596 922 ad
2625 869 2901 922 sultamun

1325 964 1584 1015 Selitnem
1609 961 1809 1014 misere
1833 959 2205 1029 genizari,qui
2230 960 2569 1023 nuntiarent,
2605 960 2669 1013 ad
2712 962 2900 1014 urbem

1325 1054 1483 1109 modo
1514 1055 1725 1109 veniret
1757 1072 1771 1109 :
1801 1071 1858 1109 se
1883 1054 2138 1108 nimirum
2163 1062 2215 1107 et
2239 1054 2570 1109 salutaturos
2596 1056 2769 1124 ipsum
2804 1056 2906 1109 im-

1327 1155 1656 1210 ιιιειιειιοιειιι,
1720 1155 1772 1199 ει
1825 1146 2110 1215 agnituros
2155 1161 2255 1214 pro
2317 1146 2564 1202 domino.
2613 1149 2901 1204 Acbmetes

1323 1237 1487 1290 etiam
1516 1239 1703 1292 eodem
1733 1247 1976 1307 tempore
2040 1239 2259 1307 propius
2294 1238 2362 1292 ad
2413 1240 2601 1293 urbem
2663 1257 2720 1294 se
2767 1256 2904 1295 con-

1324 1327 1473 1392 tulit,
1506 1330 1622 1382 suis
1650 1345 1773 1382 cum
1806 1330 1982 1396 copiis
2013 1330 2077 1383 ad
2104 1330 2442 1395 lscodaram,
2461 1346 2492 1385 ε
2520 1333 2737 1398 regione
2762 1333 2897 1387 Cott-

1323 1420 1731 1487 stantitmpoiis,
1750 1432 1925 1475 castra
1949 1432 2211 1478 metatus:
2240 1422 2528 1490 missiSque
2560 1426 2697 1491 patri
2717 1427 2902 1478 multis

1324 1528 1619 1567 aureorum
1650 1530 1996 1578 nummorum
2022 1515 2282 1575 millibus,
2314 1534 2424 1586 quo
2465 1531 2687 1573 venerat
2709 1520 2902 1572 itinere

1326 1605 1606 1663 discessit.
1638 1604 1882 1674 Cumque
1923 1607 2229 1677 vectigalia.
2285 1611 2509 1675 tributa,
2569 1622 2903 1680 emtor-osque

1330 1697 1541 1752 fructus
1571 1714 1633 1751 ac
1669 1707 1964 1766 proventus
1994 1700 2229 1767 imperii,
2279 1717 2371 1769 per
2436 1702 2739 1755 Anatoliam
2800 1704 2903 1757 Silii

1327 1791 1659 1844 vindicasset
1685 1807 1704 1843 :
1730 1790 1993 1843 violenter
2018 1791 2137 1846 illas
2165 1792 2480 1860 provincias
2511 1794 2903 1848 administrare

1327 1884 1490 1948 repit.
1522 1884 1597 1935 Ac
1620 1884 1740 1936 licet
1774 1884 2024 1938 sultauus
2052 1884 2215 1937 etiam
2253 1885 2516 1940 Corcutcs
2532 1885 2724 1954 oppida
2756 1901 2905 1955 quat-

3011 696 3168 739 tanus
3202 684 3472 749 Bajazites
3508 698 3566 738 re
3597 698 3722 737 cum
3759 684 3946 738 animo
3977 700 4076 738 suo
4134 686 4455 747 deliberata.
4487 702 4569 740 ca-

3010 775 3310 845 puterigit,
3342 786 3396 829 et
3435 772 3680 828 :Rerum
3734 775 4008 842 equidem,
4066 776 4261 845 inquit,
4310 792 4568 832 Summam

3012 867 3121 921 lilio
3153 883 3294 931 meo,
3329 868 3548 922 sultano
3586 867 3771 922 Selimi
3810 868 4064 922 traditam
4124 871 4433 925 committo.
4460 870 4566 936 Qua

3012 961 3266 1032 Bajazitis
3294 965 3541 1016 oratione
3570 962 3842 1029 geuixaris
3885 963 4215 1024 renuntiata,
4280 979 4408 1017 mox
4443 978 4569 1017 una-

3009 1056 3182 1110 nimes
3206 1057 3272 1134 ad
3308 1056 3584 1109 sultanum
3637 1054 3875 1110 Selimen
3923 1072 3982 1110 se
4033 1058 4403 1111 contulerunt.
4463 1056 4576 1113 Hzc

3008 1156 3187 1202 autem
3222 1157 3373 1215 gesta
3409 1149 3627 1202 luerunt
3661 1164 3808 1202 anno
3843 1148 3975 1202 l3l8
4001 1148 4151 1215 (Cltr.
4188 1149 4370 1216 1512).

3076 1240 3350 1296 Postridie
3382 1240 3633 1295 sultauus
3671 1240 3941 1308 Bajazites
3964 1242 4158 1310 cistas,
4191 1243 4393 1311 quibus
4423 1244 4574 1311 impe-

3008 1336 3197 1390 ratorii
3232 1334 3477 1390 thesauri
3504 1334 3955 1399 continebantur,
3990 1334 4210 1390 sultauo
4244 1335 4433 1389 Selitni
4475 1335 4577 1389 lilio

3007 1427 3206 1480 misit:
3245 1442 3306 1479 ac
3357 1427 3585 1491 vezires,
3633 1438 3969 1496 cteterosque
4035 1430 4248 1489 bassas,
4302 1429 4575 1482 dominum

3006 1535 3189 1580 suum,
3221 1520 3499 1577 sultauum
3536 1519 3794 1574 Selimem
3854 1522 4005 1575 adire
4058 1521 4248 1591 jussit,
4318 1522 4479 1587 eique
4508 1520 4577 1575 si-

3007 1612 3265 1678 gniﬁcare
3301 1615 3680 1666 tantummodo
3705 1614 3827 1676 sibi,
3885 1613 4023 1679 patri
4083 1629 4205 1674 suo,
4265 1614 4578 1667 dilationem

3006 1704 3212 1754 dierum
3256 1703 3324 1757 50
3359 1717 3529 1756 conca.
3552 1704 3703 1766 teret,
3735 1705 3933 1773 quibus
3984 1705 4212 1767 exactis,
4244 1704 4578 1758 Dimotucum

3007 1794 3281 1855 abiturus,
3311 1805 3364 1847 et
3423 1795 3689 1863 reliquum
3739 1797 3938 1851 ibidem
3968 1799 4089 1851 vitae
4136 1800 4372 1865 spatimn
4416 1811 4585 1855 trans-

3008 1882 3183 1937 iturus
3217 1893 3360 1937 esset
3391 1928 3403 1941 .
3440 1886 3653 1937 interim
3677 1886 3909 1940 Selimes
3940 1890 3993 1940 in
4022 1888 4254 1952 hospitio
4276 1889 4582 1943 Genibaxeo

1330 1980 1454 2031 dam
1489 1978 1751 2031 Anatolius
1784 1977 1887 2031 sibi
1933 1977 2276 2045 subjerisset,
2322 1978 2556 2031 retinere
2614 1988 2791 2032 tamen
2839 1994 2900 2032 ea
2935 1959 2972 2013 Β
3003 1987 3453 2029 commoraretur.
3494 1975 3617 2031 ll:ec
3639 1993 3765 2031 cum
3794 1978 3869 2031 illi
3913 1978 4131 2031 sultauo
4192 1979 4380 2032 Selimi
4412 1995 4568 2045 expo-

1331 2088 1438 2123 nou
1469 2071 1798 2138 potuit,cum
1830 2069 2210 2139 praefectorum
2246 2071 2446 2124 sultani
2480 2071 2762 2125 Acbmetis
2792 2087 2904 2123 ma-

1325 2164 1476 2230 joi-cs
1515 2168 1699 2216 essent
1748 2164 1907 2215 vires.
1940 2161 2124 2228 Itaque
2185 2161 2475 2218 discedens
2540 2178 2602 2216 ex
2656 2163 2721 2216 iis
2772 2164 2905 2220 locis

1326 2254 1615 2317 tiorcutes,
1655 2262 1804 2309 trans
1835 2266 1985 2304 mare
2007 2251 2320 2322 Gallipolim
2351 2254 2490 2308 abiit
2526 2272 2538 2306 :
2575 2269 2637 2306 ac
2687 2254 2904 2309 duobus

1329 2344 1596 2396 duntaxat
1635 2358 1818 2397 secum
1851 2343 2102 2411 sumptis,
2163 2343 2689 2414 Constantinopolim
2758 2348 2905 2398 navi-

1329 2439 1499 2501 gavit.
1527 2436 1602 2489 Eo
1633 2452 1754 2488 cum
1797 2437 2152 2504 pervenisset,
2180 2435 2436 2505 exiguum
2468 2437 2738 2503 quoddam
2764 2448 2900 2490 tent-

1332 2531 1478 2599 plum
1510 2528 1785 2598 ingressus
1812 2538 1913 2592 est,
1953 2530 2095 2582 haud
2125 2530 2309 2598 procul
2341 2546 2367 2581 a
2425 2529 2709 2583 domicilio
2741 2530 2900 2598 getti-

1334 2638 1608 2678 zarorum.
1642 2621 1753 2677 lloc
1780 2622 1866 2675 ubi
1892 2622 2199 2675 nuntiatum
2256 2621 2489 2674 Sullano
2520 2621 2741 2689 Bajaziti
2773 2624 2902 2673 ints-

1335 2728 1462 2780 εει,
1496 2717 1657 2769 aliam
1708 2717 1756 2770 ei
1817 2717 2036 2770 domum
2084 2714 2138 2768 in
2205 2716 2338 2769 urbe
2392 2715 2557 2783 jussit
2612 2718 2900 2784 assignari,

1334 2827 1523 2874 quam,
1554 2820 1800 2864 remotus
1838 2826 1864 2862 a
1900 2808 2188 2863 Cenizaris
2248 2807 2598 2862 iultabitaret.
2652 2807 2710 2861 lu
2764 2809 2903 2860 bane

1338 2905 1506 2971 igitur
1540 2903 1631 2955 tibi
1671 2904 2109 2971 commigrasset,
2145 2901 2287 2955 bona
2343 2916 2467 2954 cum
2493 2901 2644 2953 venia
2699 2909 2902 2967 patrem

1338 2994 1472 3048 adiit
1506 3011 1520 3048 ε
1562 2994 1789 3061 ejusque
1830 3007 2049 3046 manum
2076 2992 2448 3054 exosculatus,
2498 2994 2551 3043 iu
2605 2991 2903 3059 hospitium

1337 3102 1498 3141 situm
1528 3088 1784 3141 reductus
1808 3086 1929 3139 fuit.
1964 3084 2195 3138 Zecmen
2224 3083 2274 3136 id
2306 3082 2585 3152 temporis,
2619 3097 2781 3152 quam
2807 3084 2906 3136 mi-

1336 3198 1523 3234 norem
1563 3188 1778 3243 vocant,
1815 3179 2068 3234 sultauus
2104 3178 2335 3233 Selimes
2384 3178 2700 3231 advenerat.
2736 3176 2905 3232 Cum-

1338 3292 1444 3348 que
1512 3274 1733 3343 propius
1804 3272 2331 3340 Constantinopolim
2390 3270 2694 3334 accederet,
2744 3279 2905 3337 atque

3010 2068 3254 2122 suisseut
3292 2085 3306 2121 :
3344 2068 3644 2137 Quidquid,
3693 2071 3789 2133 ait,
3859 2073 3997 2138 patri
4061 2081 4115 2125 et
4174 2073 4350 2126 bassis
4414 2072 4582 2127 visum

3009 2158 3175 2213 fuerit
3210 2162 3498 2228 imperare,
3535 2175 3711 2214 ratum
3748 2172 3886 2219 esto.
3936 2161 4045 2217 ites
4096 2164 4241 2216 enim
4298 2164 4476 2217 adhuc
4529 2165 4581 2219 in

3007 2252 3249 2321 ipsorum
3283 2245 3549 2319 pitestate
3589 2265 3721 2307 sunt
3751 2263 3804 2305 et
3838 2254 4095 2307 arbitrio.
4136 2254 4411 2309 Postridie
4443 2255 4585 2313 illius

3014 2345 3122 2396 diei
3156 2355 3372 2410 patrem
3412 2344 3642 2398 Seliiues
3673 2346 3829 2410 adiit,
3862 2346 4024 2413 eique
4060 2364 4275 2399 manum
4307 2348 4585 2404 osculatus

3003 2442 3107 2486 est.
3136 2432 3271 2486 Tum
3307 2450 3675 2503 verosurgens
3697 2446 3846 2504 pater
3873 2454 3887 2490 :
3921 2438 4150 2503 Accede,
4182 2436 4275 2501 ﬁli,
4303 2439 4400 2498 ait,
4430 2450 4586 2508 atque

3008 2525 3109 2577 hoc
3140 2524 3262 2579 loco
3293 2525 3423 2579 sede
3458 2544 3472 2590 ;
3502 2543 3828 2580 cumrerum
3890 2527 4170 2595 dominus,
4226 2544 4314 2584 me
4370 2530 4583 2598 quidem

3006 2618 3281 2683 abdicato,
3326 2628 3379 2671 ct
3418 2620 3713 2687 imperator
3742 2622 3918 2675 factus
3958 2623 4055 2677 sis.
4084 2624 4160 2676 Ad
4202 2639 4262 2677 ea
4319 2622 4585 2678 Selimes:

3006 2706 3229 2788 Minime
3264 2726 3411 2775 wro,
3442 2713 3510 2763 mi
3551 2723 3723 2780 palcl'.
3750 2715 3951 2780 inquit.
4011 2712 4144 2767 Nam
4199 2715 4455 2783 equidem
4490 2717 4585 2770 do-

3014 2801 3172 2861 mini,
3205 2802 3493 2871 patrisque
3546 2806 3649 2857 mei
3678 2803 3918 2859 farnulus
3943 2821 4062 2859 sunt
4104 2825 4117 2859 :
4197 2821 4295 2859 nec
4357 2808 4590 2874 amplius

3008 2892 3306 2961 quidquam
3337 2894 3493 2961 petii,
3526 2910 3691 2963 quam
3720 2908 3778 2948 ut
3803 2897 3935 2949 milii
3959 2895 4154 2950 facient
4208 2907 4353 2949 tuam
4393 2897 4589 2950 intueri

3008 3001 3071 3039 ac
3097 3000 3318 3039 manum
3357 2985 3663 3040 deosculari
3692 2986 3896 3043 liceret.
3930 2987 3984 3041 Id
4009 3003 4131 3041 cum
4165 2988 4586 3057 impetraverim,

3009 3075 3146 3130 bona
3178 3091 3303 3131 cum
3338 3091 3469 3145 pace
3497 3085 3585 3130 tua
3615 3077 3769 3141 mibi,
3801 3077 4006 3131 famulo
4058 3090 4173 3142 tuo,
4236 3094 4382 3132 nunc
4440 3078 4595 3132 abire

3010 3169 3094 3226 fas
3146 3182 3285 3233 esto,
3318 3170 3468 3226 salva
3506 3170 3604 3223 tibi
3637 3185 3819 3224 rerum
3838 3171 4315 3225 administratione
4345 3186 4596 3239 prosper-

3017 3262 3173 3317 rima.
3206 3262 3471 3317 Sultanus
3503 3272 3684 3317 autem
3716 3262 3990 3332 Bajazites
4036 3261 4199 3325 :Fili,
4229 3263 4326 3324 ait,
4358 3273 4474 3315 toto
4506 3277 4601 3331 pe

1341 3332 1555 3420 tibviain
1582 3367 1628 3421 ei
1657 3365 1895 3434 prodiret
1929 3365 2181 3419 sultauus
2234 3366 2497 3418 Corcutes
2532 3363 2715 3427 frater,
2753 3360 2911 3427 equis
2940 3332 2984 3392 C
3016 3366 3167 3410 ctore
3198 3365 3361 3424 atque
3406 3358 3587 3409 animo
3648 3354 3939 3423 imperium
3989 3354 4088 3409 tibi
4153 3352 4442 3421 resignari.
4493 3352 4597 3407 Sed

1339 3459 1666 3519 insidentes.
1690 3475 1884 3511 manus
1942 3458 2044 3511 sibi
2075 3467 2265 3510 mutuo
2292 3464 2677 3524 porrexerunt,
2708 3471 2769 3508 ac
2796 3470 2918 3524 per-

1349 3565 1596 3609 amantcr
1623 3553 1715 3605 inti
1739 3568 1763 3604 r
1788 3567 1847 3607 se
1875 3550 2127 3603 collocuti
2167 3559 2315 3604 sunt.
2350 3547 2688 3601 llincurbem
2713 3547 2918 3612 ingres-

1342 3662 1436 3701 sus
1466 3645 1713 3707 Selimes,
1744 3647 1796 3698 in
1835 3654 1990 3714 prato
2030 3643 2326 3711 genibaxeo
2347 3641 2578 3693 tentoria
2599 3639 2733 3703 ﬁxit,
2756 3638 2923 3707 333

1344 3740 1580 3792 (Zorcute
1609 3754 1767 3793 suum
1808 3739 1860 3791 in
1899 3737 2200 3802 hospitium
2260 3737 2543 3790 redeunte.
2592 3732 2730 3787 Tum
2787 3749 2919 3787 vero

1344 3836 1655 3905 congregati
1674 3834 1953 3895 Geuizari,
1973 3834 2157 3886 decem
2185 3848 2249 3885 ex
2270 3832 2418 3883 omni
2445 3846 2664 3883 suorum
2693 3843 2921 3883 numero

1344 3928 1613 3997 delegere,
1663 3942 1802 3997 quos
1832 3928 1897 3981 ad
1934 3927 2125 3981 bassas
2156 3925 2455 3992 ablegatos,
2500 3922 2682 3975 dicere
2735 3922 2921 3987 jusse-

1343 4029 1475 4078 runt
1500 4036 1512 4072 :
1540 4034 1835 4087 agnoscere
1869 4034 1928 4073 se
1954 4034 2049 4087 pro
2078 4018 2303 4071 domino
2340 4032 2438 4069 suo
2466 4016 2743 4067 sultanum
2779 4011 2921 4065 Seli-

1349 4128 1513 4177 tuetn,
1548 4111 1806 4179 Bajazitis
1838 4110 2182 4178 imperatoris
2213 4108 2403 4161 lilium.
2443 4102 2756 4173 Bajazitetn,
2795 4119 2924 4172 pro-

1346 4218 1467 4272 pter
1496 4206 1774 4258 adversam
1801 4202 2185 4264 valetudinem,
2206 4210 2260 4254 et
2278 4199 2703 4255 imbecillitatem
2730 4197 2921 4248 virium

1349 4298 1589 4366 nnnjam
1627 4295 1859 4363 amplius
1890 4295 1953 4347 ad
1983 4294 2118 4348 bella
2168 4292 2402 4359 gerenda
2460 4291 2678 4359 prodire
2742 4302 2927 4356 posse.

1347 4390 1717 4455 Quamobrem
1748 4388 2121 4455 signiﬁcarent
2149 4386 2365 4439 sultauo
2395 4381 2616 4451 Bajaziti
2644 4381 2835 4444 bassa‘,
2868 4387 2926 4431 ut

1348 4491 1541 4549 sponte
1597 4495 1752 4536 suam
1782 4496 1963 4534 rerum
2017 4476 2540 4533 administrationem
2603 4472 2786 4525 Solimi
2869 4472 2927 4523 ti-

1352 4579 1424 4631 lio
1450 4576 1703 4629 traderet.
1732 4571 1784 4627 ld
1818 4573 1919 4626 nisi
1950 4572 2121 4633 ﬁeret,
2164 4570 2216 4622 iu
2250 4570 2397 4637 ipsos
2420 4582 2476 4621 se
2506 4566 2917 4619 animadversu-

3022 3464 3188 3502 unum
3220 3449 3322 3502 boc
3352 3448 3600 3511 consulo,
3626 3464 3691 3500 ne
3724 3447 4041 3515 sanguinem
4068 3446 4348 3499 innoxium
4378 3446 4598 3511 fundas,

3022 3556 3122 3593 nec
3158 3540 3431 3593 immerito
3454 3553 3785 3607 quemquam
3835 3537 4079 3591 occidas.
4113 3535 4211 3589 Cui
4252 3536 4421 3604 patris
4465 3551 4601 3590 con-

3022 3630 3148 3682 silio
3211 3644 3334 3682 cum
3386 3629 3616 3684 Selimes
3649 3645 3708 3682 se
3768 3629 4074 3698 parituram
4132 3629 4497 3695 promisisset,
4545 3630 4602 3683 in

3023 3722 3238 3775 liortum
3269 3738 3472 3776 novum
3505 3722 3617 3776 sive
3652 3705 3996 3785 Genibaxen,
4028 3720 4096 3773 ad
4125 3721 4359 3775 tentoria
4410 3736 4513 3772 sua
4544 3736 4603 3774 se

3022 3814 3251 3881 recepit.
3286 3812 3584 3876 Postridie,
3617 3828 3831 3867 summo
3866 3811 4133 3876 diluculo,
4178 3827 4274 3881 pro
4338 3811 4606 3865 tribunali

3023 3905 3183 3970 stzdit,
3217 3914 3271 3958 et
3303 3905 3556 3960 advocari
3618 3905 4008 3960 Genizarorum
4057 3918 4212 3972 agam
4260 3902 4467 3971 jussit;
4509 3902 4604 3972 qui

3028 4015 3149 4052 mox
3190 4001 3461 4053 universis
3496 4014 3617 4053 cum
3643 3998 4036 4053 Genizarorum
4073 3995 4249 4064 copiis
4297 4011 4486 4047 coram
4537 4008 4604 4048 eo

3026 4107 3083 4144 se
3111 4091 3281 4145 stetit.
3312 4088 3398 4143 lbi
3431 4102 3545 4143 tum
3584 4089 3922 4158 compellatis
3982 4088 4135 4155 ipsis,
4170 4087 4402 4140 Selimes
4441 4087 4608 4139 inter-

3028 4198 3240 4250 rogare,
3277 4198 3407 4234 nunt
3437 4196 3499 4234 se
3525 4182 3717 4234 vellent
3770 4180 4049 4234 dominum
4100 4190 4148 4231 et
4214 4179 4605 4254 imperatorem

3030 4276 3384 4345 agnoscere?
3414 4275 3643 4330 Cunctis
3692 4275 4022 4327 unanimiter
4054 4272 4519 4336 acclamantibus,
4554 4270 4606 4324 id

3029 4371 3259 4425 omnino
3289 4386 3350 4425 se
3382 4371 3522 4423 velle
3563 4372 3765 4432 facere,
3796 4382 3919 4421 mox
3971 4368 4166 4420 iterum
4227 4366 4464 4421 Selimes
4514 4380 4610 4419 eos

3032 4464 3316 4534 appellans
3352 4482 3365 4516 :
3404 4463 3460 4518 Si
3491 4462 3637 4531 quis,
3696 4461 3796 4524 ait,
3854 4461 3994 4513 inter
4040 4474 4140 4513 vos
4174 4458 4383 4525 aliquid
4434 4458 4611 4527 culpae

3032 4556 3394 4616 commiserit,
3428 4572 3495 4608 an
3539 4570 3633 4623 per
3664 4569 3759 4607 vos
3797 4552 3929 4605 mibi
3960 4551 4164 4615 licebit,
4214 4559 4272 4603 ut
4320 4550 4478 4603 illum
4510 4566 4611 4619 pu-

1353 4687 1447 4725 ι-οε
1480 4689 1493 4726 ε
1520 4680 1573 4723 ει
1607 4679 1865 4737 Implet-ca
1898 4681 1993 4735 per
2016 4666 2120 4717 vim
2156 4663 2518 4718 collocaturos
2552 4660 2811 4713 Selimem
2872 4660 2923 4711 in
2969 4682 3007 4736 ο
3038 4651 3181 4703 uiam
3210 4649 3233 4702 ?
3260 4645 3469 4702 Licebit
3503 4662 3653 4711 vero,
3688 4646 4023 4700 succlamaut
4051 4656 4267 4697 omnes.
4290 4641 4433 4711 Ergo
4462 4642 4618 4696 dein-

1356 4769 1615 4821 tbronum
1635 4765 1865 4833 regium.
1888 4777 1952 4815 ac
1972 4761 2252 4814 dominum
2293 4769 2346 4810 et
2364 4756 2748 4822 imperatorem
2768 4766 2927 4806 suum

1352 4856 1744 4909 declaraturus.
1778 4852 1897 4907 ιιωυ
1919 4868 2043 4906 cum
2069 4851 2254 4905 decem
2303 4848 2376 4902 illi
2414 4847 2793 4911 gcuizarorum
2856 4841 2933 4895 le-

1357 4954 1392 5003 ti
1426 4949 1601 5002 bassis
1633 4946 2038 5016 exposuissent,
2075 4946 2247 4997 bassm
2279 4956 2403 4999 cum
2431 4939 2495 4992 iis
2558 4938 2691 5006 ipsis
2742 4937 2930 4988 decem

1358 5045 1490 5096 \iris
1524 5044 1799 5096 sitltanum
1853 5038 2140 5105 Bajazitem
2200 5036 2470 5087 adierunt.
2535 5029 2583 5082 Is
2642 5024 2934 5081 iutelleuis

1356 5152 1547 5189 (ιονιιιιι
1580 5133 1896 5202 postulatis,
1940 5144 2103 5199 quam
2140 5126 2359 5185 quidem
2390 5124 2481 5177 ditt
2514 5128 2793 5191 superstes
2817 5118 2936 5183 ipse

1361 5231 1524 5290 foret,
1569 5227 1851 5295 imperium
1892 5240 1951 5278 se
1971 5222 2174 5281 nemini
2236 5218 2569 5273 traditurqu
2630 5209 2933 5279 respondit.

1360 5320 1442 5378 Ad
1464 5336 1525 5374 ca
1555 5333 1846 5387 supremus
1879 5315 2046 5369 vezir.
2085 5313 2395 5380 Mnstapbas
2455 5309 2613 5361 bassa
2644 5320 2658 5358 :
2692 5302 2817 5355 Vale
2842 5302 2940 5369 igi-

1363 5433 1473 5477 tur,
1512 5414 1707 5480 inquit,
1753 5411 2047 5478 imperator
2078 5406 2335 5459 maxime.
2367 5401 2497 5455 Nam
2536 5414 2683 5463 mox,
2715 5396 2804 5449 ubi
2840 5394 2939 5447 abs

1367 5522 1421 5564 te
1452 5508 1681 5578 digressi
1716 5504 2003 5564 fuerimus,
2040 5500 2204 5552 vitam
2238 5497 2289 5549 lii
2326 5495 2481 5549 nobis
2512 5487 2938 5545 adiment."l‘um

1365 5604 1615 5659 sultauus
1660 5618 1672 5651 :
1708 5597 1990 5665 Siquidem
2020 5595 2128 5661 jam
2157 5604 2255 5645 nos
2281 5586 2513 5655 imperio
2554 5599 2662 5637 non
2717 5580 2943 5634 abdica-

1364 5698 1628 5753 veritnus,
1657 5692 1751 5757 ait,
1788 5705 1852 5742 au
1884 5691 2123 5739 futurum
2154 5684 2375 5751 putatis,
2431 5679 2505 5731 uti
2540 5693 2640 5730 nos
2688 5690 2716 5728 e
2767 5672 2945 5726 medio

1369 5785 1608 5841 tollant?
1641 5781 1861 5835 Minime
1895 5794 2041 5839 vero,
2076 5773 2374 5843 subjiciunt
2396 5770 2492 5832 illi,
2526 5768 2684 5819 vitam
2716 5763 2947 5832 cripieut

1372 5878 1470 5932 tibi
1506 5894 1519 5930 :
1559 5879 1653 5931 sed
1684 5875 1899 5943 injectis
1930 5868 2081 5924 uncis
2120 5867 2452 5936 spiculorum
2513 5872 2739 5913 suorum
2798 5854 2931 5909 vesti

1378 5983 1505 6043 tuae,
1534 5972 1598 6029 de
1630 5970 1824 6028 tbrouo
1850 5961 2202 6037 imperatorio
2233 5966 2286 6017 te
2317 5956 2505 6015 dctrab
2545 5966 2617 6009 ιιι.
2652 5951 2784 6019 Quae
2816 5965 2940 6005 cum

3036 4759 3183 4807 ceps,
3217 4741 3453 4808 subjecit
3489 4738 3745 4803 Selitnes,
3789 4737 4079 4806 imperium
4108 4752 4286 4790 meum
4353 4736 4619 4805 auspica-

3041 4834 3151 4886 bor.
3192 4831 3483 4895 Postridie,
3516 4846 3641 4885 cum
3670 4830 3965 4893 illuxisset,
4001 4827 4195 4882 eodem
4254 4827 4307 4880 in
4363 4828 4487 4880 loco
4523 4840 4620 4895 pro

3038 4924 3294 4979 tribunali
3336 4921 3607 4984 consedit,
3641 4921 3915 4974 veziribus
3939 4928 3991 4973 et
4017 4918 4191 4972 bassis
4220 4918 4491 4971 omnibus
4517 4916 4623 4969 buc

3038 5023 3104 5079 ad
3148 5020 3321 5087 ipsum
3354 5015 3833 5078 convenientibus.
3865 5011 3962 5066 Illo
3985 5011 4075 5064 die
4127 5009 4429 5079 quemdam
4472 5010 4626 5075 geni-

3041 5125 3253 5174 zarutn,
3285 5110 3621 5178 quiauream
3671 5107 3725 5160 in
3779 5107 3962 5175 capite
4015 5101 4257 5173 gestabat
4310 5102 4617 5161 usculiam,

3040 5208 3154 5260 sive
3190 5205 3411 5274 pileum,
3440 5198 3827 5269 comprehendi
3880 5197 4070 5265 jussit,
4122 5202 4176 5247 et
4239 5191 4306 5246 ad
4366 5196 4627 5247 arborem

3042 5295 3336 5366 suspendi:
3365 5295 3600 5363 quodam
3625 5292 3791 5345 etiam
3822 5291 3889 5343 de
3945 5285 4319 5341 Uloteziorum
4386 5299 4634 5339 numero

3044 5394 3223 5458 capite
3251 5396 3527 5441 truncato.
3550 5382 3851 5437 Genizarus
3875 5380 3965 5435 ille
3999 5386 4288 5446 propterea
4314 5377 4634 5444 suspendio

3046 5482 3295 5539 sublatus
3328 5493 3357 5532 e
3395 5476 3575 5531 medio
3592 5474 3721 5537 fuit,
3749 5473 3897 5541 quod
3930 5470 4131 5526 sultani
4187 5467 4481 5522 Acbmetis
4546 5482 4631 5520 so-

3047 5588 3140 5632 cer
3171 5579 3345 5629 esset.
3378 5568 3492 5623 Hoc
3544 5565 3705 5621 modo
3760 5580 3883 5619 eum
3935 5562 4038 5617 sibi
4082 5560 4335 5615 sultauus
4389 5558 4639 5612 Selimes

3049 5663 3335 5731 imperium
3364 5659 3766 5719 constituisset,
3795 5655 4056 5709 Corcutes
4079 5664 4380 5705 conscensa
4405 5651 4641 5702 trireme

3049 5756 3365 5815 Manissam,
3413 5751 3676 5805 ditionem
3737 5762 3915 5811 suam,
3975 5742 4210 5812 repetiit.
4257 5737 4380 5794 Non
4438 5743 4639 5794 multis

3051 5847 3247 5901 diebus
3279 5840 3607 5912 interjeetis,
3658 5834 4135 5903 Constantinopoli
4180 5830 4483 5885 discedens
4532 5829 4641 5882 15.n-

3048 5941 3267 6012 jatitcs,
3297 5936 3635 5994 Dimotucqu
3674 5930 3826 5990 abire
3847 5926 4135 5999 cogitabat.
4165 5926 4303 5983 Eum
4364 5926 4636 5983 sultauus
