4866 6594
177 310 275 378 629

1431 317 1780 376 ANNALES
1815 318 2154 378 TURCICI.

3311 323 3417 387 530

176 427 398 480 Sclimes
442 434 592 481 extra
651 440 860 496 portam
913 426 1518 499 lIadrianopolitanam.
1577 429 1737 485 ofﬁcii
1765 434 1815 493 Α
1842 428 2030 486 Tantis
2060 448 2182 487 cum
2216 430 2389 501 copiis
2443 432 2495 485 in
2532 429 2806 487 Parthiam
2840 433 3140 500 profectus,
3194 447 3415 486 manum

173 532 355 582 (ausa,
385 534 507 572 cum
542 519 852 576 deduceret.
886 521 1155 592 Bajazites
1192 538 1221 577 ο
1277 537 1442 578 curru
1476 538 1598 578 cum
1626 522 1736 577 fllio

172 609 506 678 colloquens,
541 612 607 666 de
631 614 813 668 multis
845 630 967 668 eum
1020 618 1184 669 rebus
1244 615 1553 670 admonuit.
1610 615 1738 669 Inde

175 715 357 756 umtuo
393 704 494 757 sibi
528 715 677 770 pater
707 716 871 775 atque
906 708 1050 761 lilius
1070 707 1397 762 valedixere.
1433 706 1538 761 Sed
1586 704 1741 776 Baja-

172 793 300 846 aites
330 795 433 848 hoc
463 795 654 850 itinere
681 799 894 853 delatus
924 800 975 852 in
1040 800 1219 853 vicum
1278 799 1594 869 quemdam,
1652 800 1738 853 cui

172 899 367 938 nomen
409 885 643 956 Chapse,
670 890 836 942 vitam
866 906 989 943 cum
1024 901 1200 945 morte
1226 890 1607 946 commutavit.
1638 890 1742 945 Rc-

173 985 357 1031 vectus
388 989 568 1032 autem
604 996 629 1032 a
664 982 780 1036 suis
812 982 1375 1051 Constantinopolim,
1434 986 1487 1037 in
1516 985 1740 1072 templo,

170 1071 309 1137 quod
347 1072 460 1137 ipse
484 1082 896 1133 construxerat,
937 1076 1194 1128 Conditus
1229 1075 1352 1129 fuit.

244 1160 557 1216 Secundum
586 1164 699 1217 [nec
748 1166 1024 1232 profectus
1076 1177 1155 1220 est
1208 1167 1457 1221 Sullanus
1516 1166 1744 1222 Selimes

170 1256 440 1309 universis
471 1271 594 1309 cum
624 1258 798 1325 copiis
831 1262 884 1311 in
939 1260 1280 1320 Anatoliam.
1343 1275 1579 1328 cumque
1631 1262 1743 1330 jam

171 1347 511 1411 pervenisset
532 1347 819 1417 Engurim,
852 1350 1050 1405 fratrer
1081 1350 1220 1417 ejus,
1248 1352 1497 1407 sultauus
1516 1353 1747 1406 Aehme-

172 1451 272 1503 tcs,
310 1440 377 1493 ad
413 1443 546 1495 lines
572 1443 837 1497 Arabicos
880 1444 1142 1514 profugit.
1174 1443 1327 1510 Quod
1400 1446 1491 1501 ubi
1519 1448 1748 1501 Selimes

169 1536 491 1601 accepisset,
522 1537 717 1591 itinere
748 1546 979 1603 mutato,
1023 1538 1251 1594 Prusam
1290 1540 1453 1594 rediit
1494 1557 1509 1593 :
1564 1541 1749 1608 ibique

172 1626 514 1696 Mustapham
553 1630 793 1693 hassam,
826 1647 947 1685 cum
978 1632 1190 1699 aliquot
1253 1631 1483 1686 fratrum
1518 1647 1747 1687 suorum

172 1719 324 1780 filiis.
364 1722 696 1790 strangulari
721 1724 957 1777 curavit.
1020 1723 1147 1779 Inde
1200 1724 1491 1780 Manissatn
1557 1732 1747 1779 contra

171 1815 417 1879 fratrem,
442 1817 721 1870 sultanqu
749 1818 1069 1883 Corcutem,
1107 1820 1271 1875 movit
1316 1838 1331 1874 :

168 1905 412 1960 kiensem
454 1908 507 1961 in
547 1910 882 1977 provinciam
913 1911 1048 1965 abiit
1088 1929 1102 1967 :
1162 1928 1271 1982 quo
1331 1916 1571 1982 cognito,
1643 1918 1751 1984 pri-

171 2000 731 2071 mumejanitoribus
768 2004 903 2063 suis,
963 2020 1126 2074 quem
1181 2006 1423 2060 Azemim
1478 2005 1748 2062 Casanam

168 2101 341 2159 Agam
369 2099 656 2161 vocabant,
692 2096 914 2151 fratrem
942 2112 970 2151 a
1005 2106 1157 2169 tergo
1183 2101 1435 2168 persequi
1466 2100 1654 2169 jussit.
1704 2101 1753 2154 Is

167 2188 420 2242 adhibita
449 2190 733 2260 diligentia
767 2193 1023 2257 maxima,
1071 2193 1286 2247 tandem
1315 2194 1463 2246 illum
1498 2194 1550 2247 in
1584 2209 1753 2263 specu

168 2286 413 2349 quodam
443 2283 823 2352 deprehendit,
856 2285 1077 2353 etcepit
1109 2298 1123 2338 :
1151 2286 1373 2354 jamque
1440 2296 1658 2355 captum
1689 2286 1753 2339 ad

167 2377 366 2430 herum
390 2392 550 2430 suum
573 2377 827 2431 Selimem
865 2378 1372 2443 adducens,obvios
1405 2380 1593 2433 habuit
1621 2396 1755 2433 nuu-

168 2472 299 2527 tios,
329 2470 471 2537 apud
524 2470 782 2538 oppidum
833 2468 999 2539 339
1037 2469 1313 2539 Egrigos:
1380 2469 1469 2522 ubi
1521 2486 1640 2521 mox
1693 2471 1759 2524 de

169 2561 436 2613 mandato
468 2559 689 2613 Sclimis
717 2559 985 2614 Corcutes
1006 2560 1407 2628 strangulatus,
1440 2569 1493 2613 et
1524 2561 1761 2613 cadaver

167 2658 289 2725 ejus
322 2657 551 2712 Prusam
593 2666 830 2721 vectum,
865 2656 1063 2711 ibidem
1128 2667 1482 2711 monumento
1512 2655 1613 2709 fuit
1647 2657 1762 2709 illa-

168 2762 312 2802 tum.

243 2845 385 2896 Cum
450 2852 628 2897 autem
695 2844 944 2898 sultanus
1010 2844 1241 2899 Selimes
1304 2843 1465 2898 etiam
1531 2844 1761 2897 alterum

168 2936 406 2988 fratrem
456 2950 637 2998 suum,
704 2936 978 2990 sultanum
1030 2935 1366 2998 Achmetem,
1436 2948 1767 3002 magnopere

167 3038 402 3098 cuperet
428 3028 480 3081 iit
532 3035 856 3097 potestatem
915 3028 1217 3092 redactum,
1277 3036 1395 3080 astu
1433 3026 1764 3093 excogitato,

1842 539 1964 578 cum
1996 524 2210 578 Ismaile
2238 525 2439 579 scacho
2468 539 2759 580 conserere
2800 525 3057 580 decrevit.
3082 523 3260 580 Ismail
3288 538 3417 578 vero

1842 617 2041 670 sultani
2110 616 2327 672 Sclimis
2395 618 2645 671 instituto
2706 619 2946 685 cognito,
3012 631 3137 672 cum
3201 615 3419 670 Parthis

1843 708 1956 761 suis
2012 718 2065 761 et
2116 710 2228 776 ipse
2290 710 2429 763 hosﬁ
2490 710 2705 764 obviam
2768 710 3023 777 prodiit;
3072 723 3136 762 ac
3203 709 3417 761 tandem

1843 802 2151 868 congressis
2214 804 2265 855 in
2329 803 2557 870 planitie
2617 803 2873 871 quadam,
2940 818 3057 869 qua:
3119 801 3421 857 Zalderana

1846 892 2066 955 dicitur,
2134 896 2416 962 utriusque
2469 896 2639 963 partis
2697 895 3051 954 exercitibus.
3102 910 3131 948 a
3181 892 3424 947 diluculo

1848 984 1912 1037 ad
1944 986 2434 1050 postmeridianum
2471 1003 2643 1055 usque
2676 997 2890 1056 tempus
2918 987 3230 1039 dimicatum
3280 985 3426 1038 inter

1848 1092 1941 1131 eos
1968 1077 2088 1132 fuit.
2130 1077 2361 1130 lsmailis
2393 1080 2575 1132 scachi
2604 1095 2892 1148 supremus
2919 1078 3040 1132 belli
3074 1078 3209 1139 dux,
3266 1077 3426 1131 Usta.

1855 1169 2019 1224 zelvis
2080 1172 2223 1225 lilius
2260 1214 2275 1237 ,
2340 1174 2623 1227 Anatolico
2703 1174 2861 1227 militi
2926 1174 3213 1241 oppositus
3273 1181 3427 1230 erat:

1851 1259 2130 1316 Romanis:
2157 1263 2345 1330 copias
2392 1263 2623 1330 ipsemet
2653 1265 2886 1318 scachus
2946 1263 3129 1318 Ismail
3184 1263 3286 1317 sibi
3338 1263 3432 1315 de—

1853 1353 2134 1408 bellaudas
2196 1364 2521 1423 sumpserat.
2580 1354 2682 1410 Sed
2744 1357 3010 1411 Anatolize
3076 1354 3432 1422 beglerbegus

1851 1448 1987 1501 adeo
2020 1446 2232 1500 fortiter
2260 1448 2401 1501 hosti
2449 1449 2668 1513 restitit,
2723 1459 2782 1502 ut
2850 1450 3063 1504 tandem
3118 1447 3433 1501 Ustazelves

1852 1540 2212 1593 occideretur.
2255 1541 2332 1595 Ab
2374 1542 2541 1596 altero
2573 1557 2789 1611 quoque
2846 1542 2979 1596 aciei
3029 1542 3196 1595 latere
3223 1557 3432 1610 pugna-

1855 1639 1967 1684 tum
2029 1634 2284 1702 utrinque
2331 1642 2572 1700 strenue,
2612 1636 2784 1688 donec
2819 1636 2884 1687 ad
2935 1642 3242 1689 extremum
3293 1634 3434 1685 Cha-

1857 1739 2018 1779 sancs
2050 1726 2233 1789 bassa,
2289 1725 2571 1780 Romaniae
2622 1727 2996 1795 beglerbegus,
3047 1728 3431 1778 occumberet:

1393 1817 1493 1874 sed
1542 1821 1589 1875 is
1648 1822 1748 1875 Te-
1782 1788 1826 1846 Β
1857 1788 2224 1872 Nihilominus
2270 1815 2482 1872 Thurcs
2536 1819 2646 1872 Alis
2692 1788 2918 1888 ’δεειιεῖ
2972 1788 3216 1871 Malcozii
3270 1817 3434 1878 ΠΙίυε,

1857 1922 1966 1960 una
1991 1922 2112 1962 cum
2141 1907 2306 1962 fratre
2336 1924 2459 1974 suo,
2490 1918 2595 1963 tam
2625 1912 2819 1964 acriter
2852 1912 2952 1965 hoc
2992 1910 3176 1977 praelia
3206 1925 3262 1963 se
3310 1924 3437 1976 ges-

1860 2000 1950 2063 sit,
2007 2011 2065 2055 ut
2112 2002 2361 2057 hostibus
2425 2002 2690 2073 disjectis,
2741 2004 2804 2057 ad
2856 2002 3082 2057 lsmailis
3132 2002 3435 2055 scachive-

1858 2092 2044 2146 xillum
2072 2092 2389 2160 primarium
2448 2104 2750 2162 penetraret
2775 2135 2788 2159 ,
2826 2096 3035 2162 ipsique
3092 2094 3290 2146 scacho
3326 2092 3440 2142 vul-

1860 2201 1962 2240 nus
2000 2186 2287 2255 inlligeret.
2320 2187 2514 2240 Verum
2544 2203 2572 2240 a
2603 2188 2785 2241 scachi
2839 2188 3162 2241 satellitihus
3210 2196 3435 2254 uterque

1862 2290 2131 2335 mactatus
2157 2281 2375 2335 cecidit.
2406 2279 2518 2335 Sub
2554 2281 2758 2334 exitum
2815 2281 2917 2332 diei
2951 2279 3126 2333 fessus
3169 2280 3277 2347 jam
3316 2293 3437 2328 cum

1863 2374 1977 2428 suis
2002 2374 2298 2441 praeliando
2331 2374 2584 2435 scachus,
2619 2373 2761 2426 hosti
2793 2373 2977 2434 cessit,
3009 2383 3061 2425 ct
3087 2372 3265 2440 fugam
3304 2371 3439 2422 arii~

1864 2467 2285 2533 puitzorilaque
2315 2480 2435 2525 sua,
2472 2480 2593 2517 cum
2660 2464 2916 2518 omnibus
2966 2465 3125 2517 rebus
3185 2478 3302 2529 mue
3355 2464 3439 2514 ilia

1864 2556 2309 2620 outitinebantur,
2340 2558 2510 2610 hostis
2562 2556 2790 2609 arbitrio
2843 2556 3051 2615 relicta,
3132 2554 3441 2607 'I‘ehiisium

1868 2666 1925 2706 se
1954 2650 2177 2716 recepit.
2210 2646 2395 2715 itaque
2424 2647 2618 2701 Turcis
2655 2648 2784 2700 orda
2811 2647 3032 2701 schachi
3066 2647 3257 2715 prtedze
3320 2644 3441 2705 fuit,

1868 2742 1959 2809 qui
1991 2744 2150 2793 etiam
2184 2742 2235 2792 in
2269 2756 2330 2792 ea
2404 2751 2665 2808 ceperunt
2718 2756 2879 2793 unam
2916 2739 2981 2791 de
3039 2737 3220 2791 scachi
3260 2737 3444 2789 uxori-

1874 2834 1995 2896 bus,
2029 2848 2152 2883 cum
2213 2842 2422 2883 caeterze
2485 2831 2767 2894 mulieres,
2831 2845 2951 2897 quae
3024 2829 3128 2883 illis
3160 2830 3209 2881 in
3252 2828 3449 2882 castris

1872 2924 2107 2985 fuerant,
2140 2924 2345 2991 pedites
2392 2924 2539 2975 cum‘
2578 2922 2791 2989 reiiquo
2834 2922 3156 2975 Parthorum
3206 2920 3447 2974 exercitu

1873 3015 2178 3070 Tebrisium
2209 3016 2488 3069 abiissettt.
2525 3014 2769 3067 Scachus
2794 3024 2998 3073 autem,
3037 3013 3225 3065 relicto
3253 3012 3448 3064 chri-

166 3124 465 3175 mssarum
496 3128 548 3173 et
601 3119 976 3187 genizarorum
1019 3119 1240 3172 nomine
1295 3118 1501 3172 litteras
1547 3120 1613 3171 ad
1642 3134 1765 3170 eum
1794 3146 1837 3207 Ο
1875 3109 1976 3169 sio,
2007 3122 2127 3159 cum
2170 3121 2281 3169 non
2333 3121 2521 3173 magna
2580 3120 2803 3158 suorum
2840 3118 3005 3161 manu
3059 3102 3356 3156 Stt'lzttiiutzt
3391 3118 3449 3155 se

168 3213 443 3281 perscribi
469 3212 655 3280 jussit,
692 3226 925 3277 quarum
956 3212 1259 3265 litterarum
1289 3212 1402 3265 hzec
1459 3221 1575 3264 erat
1611 3226 1759 3264 sum-

170 3326 264 3362 ma
296 3329 309 3363 :
343 3311 632 3363 Sultanum
677 3307 933 3362 Selimem
972 3308 1265 3361 crudeliter
1302 3306 1355 3359 in
1388 3306 1631 3359 omnium
1661 3318 1758 3359 saa-

166 3408 294 3458 vire
334 3403 523 3456 vitam.
555 3402 629 3455 Ea
658 3401 725 3455 de
779 3416 943 3454 causa
979 3414 1037 3453 se
1062 3400 1173 3467 jam
1212 3407 1474 3466 pertaesos
1508 3412 1630 3452 esse
1663 3416 1763 3467 pu-

169 3496 425 3550 milionis
485 3495 663 3549 istius.
730 3491 979 3545 Prodiret
1016 3492 1176 3547 modo
1228 3491 1541 3552 Achmetes,
1611 3507 1673 3545 ac
1707 3508 1764 3546 se

168 3588 630 3656 conspiciendum
666 3586 949 3655 praeberet,
990 3600 1110 3638 mox
1150 3585 1196 3638 ei
1251 3594 1465 3654 captum
1505 3584 1760 3638 Selimem

168 3683 504 3735 tradituros.
580 3678 709 3732 Data
778 3693 909 3731 vero
972 3676 1071 3730 fuit
1125 3692 1313 3745 opera,
1384 3686 1441 3730 ut
1495 3677 1763 3746 ejusmodi

170 3781 495 3829 litterarum
528 3771 774 3839 exempla
803 3769 872 3825 50
903 3769 981 3821 vel
1013 3768 1082 3821 60
1113 3769 1328 3823 sultano
1357 3769 1605 3822 Achmeti
1644 3769 1765 3821 red-

167 3872 464 3921 derentur.
535 3863 720 3929 Itaque
782 3875 1011 3915 numero
1091 3860 1393 3913 litterarum
1460 3861 1762 3928 deceptus,

172 3962 342 4010 tidem
375 3956 455 4007 eis
510 3953 721 4014 hahuit,
770 3961 981 4007 etcum
1052 3953 1224 4006 milite
1286 3950 1594 4006 Caramano
1651 3955 1767 4007 suis

166 4069 199 4099 (ι
228 4046 461 4101 latebris
489 4046 540 4098 in
570 4054 817 4112 apertum
854 4044 1074 4112 prodiit.
1112 4046 1394 4113 Quotquot
1429 4054 1585 4098 crant
1642 4060 1765 4098 cum

168 4158 242 4188 τυ
285 4151 559 4204 proceres,
611 4138 752 4189 hanc
792 4134 1179 4204 profectionem
1245 4138 1658 4202 dissuadebant,
1715 4145 1766 4190 et

170 4232 431 4281 futurum
492 4229 710 4282 aiebant
768 4236 825 4281 ut
891 4230 1396 4284 circumveniretur.
1459 4230 1564 4285 Sed
1627 4231 1767 4301 ipse,

169 4322 383 4375 litteris
411 4322 518 4374 illis
540 4320 793 4374 exhibitis
814 4335 878 4373 ac
903 4321 1188 4389 perlectis:
1217 4322 1437 4385 Demus,
1461 4324 1558 4383 ait.
1590 4338 1773 4377 exeru-

169 4415 267 4481 pla
298 4410 491 4481 viginti
516 4411 706 4464 harum
738 4411 1043 4464 litterarum
1093 4424 1214 4465 esse
1250 4409 1385 4464 falsa
1410 4420 1465 4465 et
1494 4426 1769 4465 commen-

1870 3199 2118 3253 contulit.
2180 3199 2392 3252 Interea
2440 3197 2749 3251 Tebrisium
2803 3211 3123 3265 progressus
3188 3195 3443 3254 Selimes,

1867 3308 2058 3347 omnes
2107 3292 2257 3346 urbis
2309 3292 2566 3353 artifices,
2592 3306 2782 3344 omnes
2805 3290 3035 3343 eximios
3064 3289 3285 3356 opifices
3342 3294 3450 3341 eol-

1868 3388 2065 3449 lectos,
2118 3385 2650 3451 Constantinopolim
2706 3385 2871 3438 misit.
2917 3383 3166 3451 Cumque
3200 3381 3288 3433 illa
3331 3381 3447 3434 hie-

1870 3495 1957 3534 tne
1989 3480 2253 3547 cogitaret
2282 3480 2333 3530 in
2364 3478 2608 3531 hibernis
2657 3477 2723 3530 ad
2777 3475 3118 3543 Carabagutn
3183 3474 3437 3527 subsiste-

1871 3589 1952 3635 re,
1987 3590 2096 3626 non
2127 3574 2227 3624 hoc
2256 3587 2378 3624 eum
2435 3569 2831 3623 ιιιιιιυιιυελιηεε
2888 3566 3069 3621 facere
3104 3568 3242 3634 passi
3302 3568 3452 3620 lucre

1872 3665 2131 3735 genizari.
2167 3665 2506 3732 Quapropter
2564 3662 2847 3715 Amasiam
2907 3660 3132 3713 reducto
3188 3660 3449 3720 exercitu,

1872 3758 2071 3811 ibidem
2108 3755 2430 3817 hibernavit,
2478 3760 2581 3809 sub
2619 3754 2830 3807 initium
2859 3752 3064 3805 astatis
3120 3750 3449 3803 Camacliutu

1872 3853 2171 3920 profectus,
2193 3868 2310 3905 eam
2341 3852 2616 3905 civitatem
2672 3847 2978 3916 occupavit.
3013 3846 3235 3906 Interim
3294 3846 3448 3903 Sina-

1874 3960 1997 3997 nem
2028 3945 2241 3997 bassam
2280 3943 2594 3995 eunuchum
2626 3941 2679 3993 in
2725 3938 3173 4007 Dulgadireuseui
3236 3939 3449 4003 provin-

1874 4039 2011 4090 ciam
2042 4035 2330 4103 ablegavit,
2367 4034 2459 4102 qui
2509 4035 2699 4086 ducem
2754 4032 2875 4099 ejus
2930 4030 3167 4098 regionis
3219 4030 3452 4081 Alaaleu-

1875 4131 1977 4183 lem
2012 4130 2153 4182 bello
2184 4129 2481 4180 invaderet.
2516 4126 2562 4179 Is
2588 4123 2932 4192 Dulgadirem
2968 4125 3265 4188 ingressus,
3320 4122 3451 4173 Ala-

1874 4225 2088 4279 dettlcnt
2118 4223 2341 4275 minime
2373 4224 2717 4275 resistentem
2745 4220 2885 4286 cepit
2922 4228 2976 4270 ct
3003 4218 3178 4285 capite
3230 4225 3451 4269 trunca-

1876 4321 1972 4380 \it,
2028 4331 2339 4385 quanquam
2412 4315 2501 4366 alii
2567 4314 2783 4367 tradant
2833 4314 3129 4379 Sllspt'lltilt)
3194 4323 3447 4364 necatum

1879 4413 2065 4465 fuisse.
2101 4409 2367 4463 Ditiouem
2418 4422 2547 4459 vero
2610 4407 2861 4459 sultauus
2910 4405 3138 4458 Selimes
3187 4404 3269 4455 Ali
3325 4404 3458 4471 lngo

166 4506 343 4564 titia;
401 4518 527 4555 num
570 4502 710 4555 idem
761 4502 829 4556 de
878 4502 1089 4556 caeteris
1144 4517 1360 4570 quoque
1420 4503 1760 4572 pronuntiari
1800 4516 1841 4570 ι)
1870 4502 2161 4565 c0ucessit,
2194 4500 2285 4568 qui
2319 4515 2380 4551 rx
2414 4498 2690 4550 Aladeulis
2724 4496 2886 4549 fratre
2914 4508 3071 4554 natus
3102 4508 3239 4550 erat.

162 4595 437 4664 oportet?
469 4593 659 4663 Itaque
714 4608 870 4649 suam
924 4601 1148 4649 secutus
1203 4595 1539 4663 opinionem,
1584 4596 1768 4664 capias

166 4694 229 4747 in
278 4688 508 4741 fratrem
530 4686 707 4739 duxit.
735 4684 872 4739 Cum
905 4686 957 4739 in
991 4685 1275 4753 planitiem
1312 4689 1652 4754 pervenisset
1698 4688 1767 4740 ad

161 4779 468 4847 Dleapolim
499 4778 856 4842 Caramaniae,
913 4778 982 4831 ab
1011 4778 1254 4831 exercitu
1287 4778 1488 4831 sultani
1548 4777 1769 4833 Sclimis

164 4877 443 4935 ubrutus,
480 4888 671 4940 parum
709 4886 833 4926 cum
890 4871 1004 4925 suis
1034 4879 1255 4924 strenue
1294 4886 1405 4924 rem
1457 4871 1654 4939 gessit:
1709 4886 1772 4923 ac

166 4989 189 5019 κ
212 4970 392 5027 ictus,
435 4964 574 5032 fugae
607 4980 666 5017 se
718 4964 901 5025 dedit;
946 4966 997 5016 in
1029 4979 1134 5030 qua
1163 4963 1285 5032 fuga
1319 4971 1512 5030 captus
1544 4962 1772 5015 Achme-

164 5076 291 5121 tcs,
325 5068 382 5111 et
424 5053 795 5125 sfrangulatus
824 5055 949 5111 fuit.
984 5055 1248 5110 Exstincti
1279 5056 1512 5109 cadaver
1545 5056 1769 5107 l’rusam

163 5158 564 5219 ili-portatum,
590 5161 643 5203 et
668 5150 863 5203 ibidem
888 5150 938 5201 in
968 5157 1322 5202 monmneuto
1347 5149 1441 5203 fuit
1465 5149 1771 5202 conditum.

166 5247 313 5298 il.ec
339 5253 523 5294 autem
567 5242 880 5297 acciderunt
908 5256 1048 5293 anno
1086 5241 1190 5295 920
1216 5241 1365 5308 (Chr.
1396 5242 1578 5309 1515).

260 5334 532 5387 Sultanus
554 5349 681 5400 ergo
717 5335 947 5388 Selimcs
996 5336 1107 5401 jam
1147 5334 1295 5387 solus
1332 5335 1561 5402 imperio
1625 5344 1774 5387 tran-

161 5427 363 5495 quilla
391 5426 609 5490 potitus,
637 5425 697 5478 ad
731 5424 929 5477 bellum
964 5426 1255 5492 gerendum
1312 5426 1569 5478 adversus
1606 5424 1775 5479 Isma-

167 5526 343 5577 itrm,
372 5518 631 5570 schacum
660 5514 1009 5579 Parthorum,
1038 5530 1095 5570 se
1124 5518 1458 5585 comparavit
1484 5534 1495 5570 :
1548 5525 1601 5569 ct
1648 5532 1777 5571 cur-

164 5615 343 5669 ribus
390 5612 457 5662 ad
490 5610 734 5663 vehenda.
771 5618 1058 5667 tormenta.
1121 5609 1438 5678 caeterisque
1492 5610 1654 5663 rebus
1686 5624 1778 5664 ne-

162 5727 183 5755 ι
213 5702 439 5755 essaris
479 5700 799 5763 instructus,
821 5716 1013 5754 omnes
1042 5715 1174 5755 suos
1222 5702 1493 5755 exercitus
1541 5701 1775 5771 collegit,

162 5803 245 5853 is:
283 5794 493 5866 quibus
520 5806 673 5849 erant
710 5794 990 5850 hominum
1057 5792 1122 5849 ad
1156 5794 1549 5865 quadringenta
1585 5793 1773 5851 millia.

1948 4593 2064 4647 Iloc
2103 4602 2353 4660 tempore
2404 4589 2656 4644 Genizari
2711 4603 2934 4656 magnas
2976 4587 3211 4640 Amasiie
3270 4586 3458 4641 turbas

1874 4689 2202 4746 excitavere,
2233 4700 2355 4736 cum
2385 4684 2435 4733 in
2492 4681 2632 4733 Piris
2684 4680 2858 4732 bassa:
2889 4688 3065 4732 castra
3114 4695 3207 4745 per
3238 4679 3459 4731 seditio-

1876 4794 1996 4830 ncm
2030 4780 2318 4829 irruerent.
2366 4778 2489 4828 ltjrat
2531 4784 2645 4827 tum
2682 4774 2879 4825 sultani
2929 4772 3147 4825 Sclimis
3181 4772 3453 4828 veziruze-

1877 4886 2014 4931 mes,
2045 4872 2331 4921 Achmetcs
2376 4870 2556 4930 has-a,
2598 4868 2862 4934 Ducagiui
2893 4867 3065 4918 lilius:
3104 4881 3262 4932 quem
3318 4865 3458 4916 Seli-

1879 4979 1989 5016 mes
2030 4961 2258 5014 lttlt't'ﬁci
2322 4961 2508 5027 jussit,
2563 4960 2755 5015 collata
2804 4958 3013 5011 incum
3073 4958 3252 5024 culpa,
3316 4960 3459 5023 quod

1879 5053 2106 5121 hujusce
2140 5053 2518 5117 geuizarorum
2550 5050 2836 5104 seditionis
2869 5060 2922 5101 et
2977 5050 3231 5102 conscius
3266 5056 3318 5100 ct
3368 5064 3463 5101 au-

1878 5157 1999 5200 ctor
2032 5146 2351 5199 exstitisset.
2407 5142 2543 5196 IIinc
2600 5143 2815 5195 Amasia
2869 5142 3160 5195 discedens
3210 5140 3460 5201 Selimes,

1879 5236 2410 5305 ConstantinOpolim
2443 5236 2609 5288 abiit:
2638 5236 2726 5289 ubi
2748 5250 3004 5303 generqu
3032 5249 3213 5293 suum,
3244 5234 3464 5285 lschcu-

1879 5329 2062 5383 deretn
2120 5329 2362 5391 bassam,
2394 5343 2499 5380 una
2550 5342 2673 5380 cum
2734 5326 3000 5379 Tazisadc
3055 5325 3459 5387 Cadiles‘chcro,

1880 5433 1935 5475 et
1996 5421 2109 5475 Bali
2170 5421 2335 5476 Geme
2394 5420 2642 5488 Seguane
2698 5421 2881 5481 bassa,
2936 5419 3208 5487 supplicio
3271 5420 3465 5486 capitis

1880 5514 2095 5576 affecit;
2155 5513 2300 5582 quod
2348 5513 2497 5579 ipsos
2530 5515 2692 5565 etiam
2731 5512 2938 5565 diceret
2988 5510 3263 5563 Amasiani
3316 5512 3463 5577 geni-

1883 5622 2135 5660 zarorum
2197 5606 2459 5659 tumultus
2516 5616 2766 5659 auctores
2845 5604 3031 5659 fuisse.
3102 5604 3462 5671 Cootigerunt

1883 5701 1997 5755 Ita-c
2024 5716 2168 5754 anno
2194 5699 2292 5754 921
2330 5701 2477 5757 (Chr.
2508 5700 2693 5767 I5”).

1958 5793 2265 5849 Secundum
2298 5795 2407 5850 haec
2435 5793 2678 5849 collectis
2730 5790 2963 5847 Selimcs
2989 5790 3243 5845 erunibus
3291 5787 3462 5856 copiis
