4866 6594
1366 450 1468 513 633

2639 454 2840 515 ΑΝΝᾹ
2858 454 2993 513 LES
3028 456 3356 516 TURCICI.

4505 455 4614 517 631

1367 567 1503 624 suis.
1543 564 2008 633 Constantinopoli
2043 568 2323 637 transjccit
2349 569 2400 622 in
2428 569 2761 634 Anatoliam,
2808 584 2931 622 cum
2962 572 3009 628 Α
3040 588 3159 625 reus
3214 571 3497 624 trucidari.
3552 569 3863 624 Secundum
3925 569 4039 622 lnec
4093 569 4613 621 CUIISllllUi‘II'CCIHII

1368 662 1593 711 alteram
1622 675 1680 711 se
1714 669 1900 711 contra
1936 658 2166 713 Parthos
2190 661 2588 729 expeditionem
2620 662 2933 715 moliturum

1368 747 1665 801 simularet.
1701 747 1774 802 De
1806 749 1905 802 hac
1955 748 2175 805 Selitnis
2218 750 2555 819 profectione
2603 751 2807 811 certior
2850 752 2935 805 fa-

1366 847 1489 893 ctus
1515 838 1793 894 Cansavcs
1829 841 2048 901 Gauris.
2094 844 2341 896 sultanus
2396 844 2617 909 Alcairi,
2669 844 2936 897 maximo-

1372 946 1498 998 pere
1522 946 1644 984 cum
1669 932 1783 986 suis
1827 935 2144 1000 proeeribus
2186 944 2237 987 et
2288 933 2602 989 Mamelucis
2654 936 2937 1003 perturba-

1371 1035 1479 1087 ltts‘,
1504 1038 1619 1076 eoat
1638 1024 1705 1075 tis
1733 1024 1998 1080 militibus
2018 1027 2155 1089 suis,
2183 1036 2429 1080 armatus
2449 1026 2744 1095 Cbalcputn
2780 1026 2935 1080 adiit.

1367 1116 1482 1178 Qua
1518 1131 1573 1167 re
1598 1117 1816 1170 sultauo
1847 1116 2031 1172 Selitui
2065 1119 2336 1183 nuntiata,
2365 1119 2532 1172 misso
2564 1118 2759 1172 itinere
2802 1118 2933 1172 Par-

1368 1208 1611 1272 tbico,iu
1642 1208 1917 1263 sultauum
1966 1210 2334 1265 Alcairensem
2381 1210 2570 1264 movit.
2632 1208 2766 1277 Ejus
2809 1225 2934 1264 cum

1370 1298 1504 1354 tiues
1562 1300 1852 1369 attigisset,
1907 1316 1971 1356 ac
2018 1305 2290 1357 sultauum
2347 1303 2488 1355 haud
2548 1302 2776 1372 impigre
2831 1301 2936 1355 sibi

1366 1401 1738 1443 occurrentem
1771 1394 2133 1461 conspiceret,
2209 1394 2360 1462 grati
2428 1408 2550 1447 cum
2613 1409 2679 1447 eo
2749 1393 2938 1459 prazlio

1366 1479 1630 1545 conﬂixit,
1693 1482 1746 1536 in
1803 1499 1914 1553 quo
1951 1484 2200 1539 sultanus
2251 1484 2369 1555 ipse
2420 1485 2697 1540 Cansaves
2740 1484 2937 1539 Gauris

1367 1587 1539 1627 caesus
1569 1573 1688 1637 fuit,
1714 1575 1945 1646 ejusque
1973 1578 2140 1646 copiae
2163 1577 2440 1646 dissipata:
2472 1577 2637 1649 340
2659 1576 2933 1647 fugerunt.

1370 1665 1495 1717 l‘ost
1532 1665 1673 1718 hanc
1700 1682 1934 1735 pugnam
1987 1667 2216 1721 Selimes
2239 1669 2412 1723 victor
2437 1684 2629 1721 omnes
2674 1667 2935 1721 munitio-

1367 1771 1465 1809 nes
1492 1765 1544 1808 et
1571 1772 1745 1821 arces,
1788 1758 1840 1810 itt
1874 1758 2071 1811 liuibus
2105 1762 2266 1822 sitas,
2299 1759 2587 1819 occupavit
2638 1775 2653 1811 :
2687 1774 2750 1813 ac
2807 1775 2938 1829 prae-

1369 1843 1523 1895 sitliis
1578 1845 1633 1897 in
1685 1845 1928 1915 singulas
1980 1847 2273 1915 impositis,
2321 1846 2621 1917 Cltalcpum
2672 1850 2932 1918 perrexit.

1371 1933 1443 1988 ibi
1469 1952 1590 1989 cum
1614 1940 1791 1992 omnia
1817 1940 2052 2009 (lltalcpo
2075 1941 2249 1994 vicina
2284 1942 2399 1995 loca
2428 1942 2512 1995 sui
2535 1942 2675 2011 juris
2694 1942 2934 2008 fecissut,

1373 2034 1533 2096 bcgos
1558 2032 1844 2099 sangiacos
1889 2033 2176 2100 provinciae
2222 2032 2484 2103 praefecit.
2537 2036 2777 2104 Chalepo
2831 2036 2937 2091 Da-

1372 2122 1870 2184 ntascutuabiit,et
1901 2126 2087 2178 urbem
2131 2140 2257 2179 cum
2304 2127 2452 2179 omni
2505 2143 2637 2191 agro
2684 2128 2935 2193 ﬁnitimo,

1368 2230 1578 2267 summa
1600 2215 1877 2269 celeritate
1905 2232 2006 2270 suo
2048 2218 2278 2286 subjecit
2325 2219 2580 2287 imperio.
2629 2219 2934 2286 Matueluci,

1367 2306 1461 2369 qui
1490 2315 1543 2359 et
1571 2304 1829 2369 Circassi,
1861 2307 2130 2360 Alcairutn
2154 2305 2279 2376 fuga
2298 2308 2458 2363 delati
2479 2308 2933 2381 Tommambaiut,

1370 2398 1461 2466 qui
1528 2407 1645 2452 erat
1692 2399 1745 2451 id
1810 2400 2069 2468 temporis
2132 2400 2235 2455 Ulu
2298 2400 2591 2470 Duveidar,
2652 2408 2933 2462 sultauum

1367 2500 1643 2545 crearunt.
1674 2491 1736 2546 Et
1768 2490 1868 2546 Ulu
1896 2493 2164 2547 lluvcidar
2195 2494 2339 2564 apud
2381 2497 2532 2565 ipsos
2560 2500 2769 2566 primus
2820 2510 2937 2555 erat

1371 2587 1633 2653 dignitate
1667 2594 1787 2654 post
1829 2586 2129 2641 sultauum.
2171 2586 2381 2643 Potltus
2434 2600 2611 2643 autem
2671 2590 2938 2647 Damasco

1370 2680 1616 2740 .iclitnes,
1678 2679 1936 2733 Sinanem
1988 2679 2201 2734 bassam
2269 2697 2394 2735 cum
2459 2683 2654 2737 sclccta
2704 2684 2935 2739 militum

1367 2788 1527 2825 mutu
1558 2769 1757 2825 Gazam
1814 2772 2098 2840 prauuisit.
2138 2772 2361 2843 Aliquot
2397 2774 2521 2830 inde
2571 2775 2764 2831 diebus
2820 2778 2937 2832 ela-

1370 2868 1502 2928 pSiS,
1538 2864 1700 2917 etiam
1734 2863 1853 2933 ipse
1901 2864 2115 2934 reliquo
2169 2881 2294 2921 cum
2340 2868 2582 2923 exercitu
2609 2871 2937 2925 subsecutus

1363 2953 1489 3018 fuit,
1509 2955 1787 3007 Alcairum
1820 2957 2104 3010 ducturus.
2139 2954 2215 3010 Ex
2249 2958 2416 3011 altera
2438 2970 2589 3028 parte
2614 2962 2934 3016 Damascum

1382 3048 1773 3103 l‘otntnatnbais
1804 3048 2106 3103 Ileliculem
2142 3047 2424 3113 Umeram,
2459 3051 2561 3105 hoc
2585 3062 2689 3118 est,
2720 3056 2936 3123 begler-

1368 3145 1557 3208 begum
1595 3140 1864 3206 Damasci,
1902 3140 2247 3195 Zamberdim
2281 3140 2543 3207 Gasalitn,
2601 3160 2725 3199 cum
2785 3159 2938 3216 parte

3044 664 3321 733 profectus
3345 674 3446 731 est,
3476 662 3725 733 Cumque
3747 663 3851 718 sub
3908 676 4187 731 vesperam
4238 676 4305 715 eo
4362 662 4614 720 venisset.

3040 767 3255 811 noctem
3293 756 3438 811 illam
3490 756 3614 811 istic
3652 770 3873 810 manere
3932 752 4102 808 voluit
4159 767 4225 808 ac
4292 752 4617 822 vespertinis

3043 850 3301 919 precibus
3325 850 3380 904 in
3406 851 3521 905 Δια
3557 849 3801 912 messita,
3834 847 4124 903 nocturnis
4159 848 4213 901 in
4232 846 4388 901 eubei
4441 848 4616 902 Saba-

3042 957 3097 995 ra
3123 943 3377 1011 perat-tis,
3406 944 3591 997 omnia
3642 944 3758 997 loca
3812 955 3969 997 sacra
4029 940 4292 996 visitavit.
4347 941 4618 996 Postridie

3041 1034 3184 1087 circa
3244 1034 3527 1088 meridiem
3585 1047 3839 1088 reversus
3900 1032 3967 1089 ad
4027 1032 4350 1095 exercitum,
4414 1030 4613 1085 Gazam

3039 1128 3353 1211 coujendit:
3386 1127 3476 1181 ubi
3535 1126 3704 1181 Sinan
3732 1126 3915 1186 bassa.
3964 1126 4169 1193 potitus
4221 1126 4420 1195 insigni
4448 1125 4618 1179 victo-

3041 1221 3142 1281 ria,
3175 1233 3303 1273 suas
3323 1234 3445 1273 cum
3471 1219 3593 1288 ipso
3615 1220 3804 1286 copias
3834 1218 4138 1287 conjunxit.
4171 1218 4317 1273 Gaza
4373 1216 4621 1271 Berthle-

3044 1312 3254 1364 hemam
3304 1309 3602 1379 prolectus,
3663 1309 3756 1364 illo
3804 1325 4022 1377 quoque
4078 1310 4201 1365 loco
4251 1325 4438 1379 preces
4486 1325 4618 1363 suas

3039 1403 3328 1471 concepit:
3389 1403 3591 1471 quibus
3641 1401 3922 1465 absolutis,
3976 1403 4031 1457 in
4084 1403 4329 1457 animum
4381 1402 4617 1465 induxit,

3041 1495 3313 1549 Alcairutn
3344 1505 3547 1564 petere.
3578 1494 3845 1550 Praemisit
3896 1511 4027 1563 ergo
4081 1495 4339 1550 Sinanetn
4376 1495 4617 1556 bassam,

3041 1588 3134 1656 qtti
3169 1589 3284 1641 suis
3317 1602 3440 1641 cum
3474 1588 3648 1655 copiis
3716 1590 3984 1657 reliquum
4045 1589 4350 1643 exercitum
4400 1598 4621 1643 antece-

3042 1676 3217 1728 ἀρνί-ι.
3268 1676 3481 1746 Quippe
3508 1679 3966 1745 prolictscentlutu
3997 1678 4075 1731 eis
4100 1693 4197 1747 per
4225 1678 4371 1732 illam
4424 1678 4622 1732 solitu-

3042 1767 3222 1820 dinem
3286 1778 3455 1833 erat,
3518 1785 3680 1836 quam
3736 1782 3863 1823 ante
3901 1770 3951 1823 id
4019 1773 4284 1839 temporis
4338 1788 4618 1841 nunquam

3044 1870 3151 1913 tam
3179 1876 3504 1915 numerosus
3530 1864 3801 1915 exercitus
3833 1863 4143 1917 transierat.
4192 1864 4254 1916 Et
4287 1863 4444 1917 aliam
4477 1880 4623 1930 qun-

3042 1968 3148 2021 que
3178 1969 3399 2007 causam
3430 1954 3665 2008 habebat
3692 1971 3791 2009 cur
3837 1971 3963 2008 eum
4024 1956 4411 2023 praemitteret:
4466 1960 4618 2019 tit-ml

3044 2049 3575 2113 verereturscilicet,
3603 2064 3669 2103 ne
3714 2049 3758 2103 si
3790 2059 3938 2102 tanta
3987 2049 4270 2103 hominum
4324 2050 4626 2103 multitudo

3040 2138 3333 2206 conjuncta
3384 2149 3653 2201 maneret,
3688 2140 3791 2193 iter
3820 2140 3953 2193 illud
3996 2155 4092 2208 per
4143 2139 4491 2194 solitudinem
4563 2154 4623 2193 se

3040 2240 3396 2299 suscepturus
3419 2242 3703 2301 negarent,
3755 2242 3918 2301 atque
3950 2232 4056 2286 hoc
4087 2234 4250 2287 modo
4288 2233 4621 2287 dillluerent.

3043 2322 3315 2378 Sultanini
3378 2325 3595 2394 quidem
3648 2325 3749 2379 hoc
3777 2325 4054 2379 desertum
4116 2341 4331 2394 semper
4383 2325 4626 2379 antehac

3040 2434 3137 2488 pro
3160 2419 3310 2473 urbis
3334 2418 3637 2474 Alcairaute
3684 2420 4093 2490 propugnaculo
4147 2420 4383 2489 quodam
4411 2421 4625 2474 habue-

3043 2520 3185 2563 rant.
3244 2508 3437 2563 Vetum
3492 2510 3743 2565 sultanus
3792 2510 4022 2564 Selimes
4075 2510 4243 2578 jacta,
4289 2514 4431 2580 quod
4480 2513 4625 2563 dici,

3043 2611 3150 2665 tur,
3200 2602 3339 2664 alea,
3402 2602 3639 2655 militem
3706 2602 4181 2656 cohortationibus
4232 2602 4495 2655 animosis
4554 2604 4625 2653 ad

3040 2694 3439 2764 capescendum
3468 2694 3571 2748 hoc
3601 2694 3704 2747 iter
3726 2694 3961 2763 impulit.
3990 2692 4090 2747 Ubi
4136 2704 4355 2745 ventum
4400 2694 4469 2744 ad
4503 2694 4621 2757 pti-

3042 2804 3127 2843 tna
3155 2799 3332 2843 castra
3358 2787 3575 2847 fuisset,
3606 2788 3659 2841 in
3708 2801 3866 2854 pago,
3909 2785 4000 2853 qui
4053 2784 4211 2839 Deire
4240 2795 4487 2847 vocatur,
4520 2800 4625 2837 ve-

3043 2884 3207 2935 zirem
3255 2894 3440 2944 suum,
3502 2878 3831 2933 Cbuseinem
3874 2878 4110 2939 bassam.
4160 2878 4387 2931 interﬁci
4418 2878 4579 2945 jussit
4607 2916 4621 2941 ,

3041 2974 3183 3044 quod
3212 2972 3416 3027 dixisse
3446 2971 3856 3041 perhibentur,
3909 2987 4021 3025 non
4083 2980 4285 3023 temere
4336 2986 4436 3040 per
4479 2970 4623 3038 ejus-

3043 3065 3186 3119 modi
3215 3066 3588 3128 solitudinem,
3618 3072 3771 3118 tanto
3800 3078 3921 3117 cum
3949 3063 4211 3127 exercitu,
4268 3078 4366 3130 pro
4379 3062 4597 3115 liciseer

3041 3162 3191 3215 dunt.
3221 3161 3397 3227 Atque
3435 3158 3537 3213 hoc
3571 3158 3733 3211 modo
3788 3155 4137 3212 solitudinem
4190 3156 4476 3223 ingressus
4517 3170 4625 3213 es,

1368 3238 1449 3289 δηί
1483 3235 1759 3289 enim“
1812 3234 2142 3288 miserm-13
2189 3250 2313 3288 cui“
2371 3250 2398 3287 ³
2430 3234 2573 3289 0³³³
2633 3252 2798 3306 PFUPB
2835 3239 3010 3309 iamc
3045 3267 3168 3322 quae
3221 3251 3371 3306 arida
3422 3266 3672 3320 prorsus,
3738 3249 3895 3318 aquis
3948 3248 4285 3302 destituitur.
4350 3247 4488 3300 Cum
4560 3250 4627 3300 ei:

1368 3333 1601 3394 abesset,
1632 3330 1796 3384 etiam
1827 3331 1996 3385 S.nan
2032 3330 2192 3385 bassa
2224 3330 2462 3384 lieutlcm
2495 3332 2735 3397 advenit,
2767 3349 2941 3403 eoque

1370 3441 1487 3477 ioco
1516 3439 1695 3479 castra
1731 3434 1969 3478 metatus
2026 3433 2130 3479 est.
2197 3424 2445 3493 Cumque
2502 3426 2705 3480 certior
2763 3425 2941 3483 factus

1371 3520 1587 3573 luisset.
1645 3531 1768 3571 esse
1818 3516 2058 3571 Gasalim
2119 3532 2242 3569 cum
2303 3517 2547 3571 exercitu
2605 3519 2656 3571 in
2718 3519 2938 3584 vicinia,

1370 3622 1534 3667 noctu
1594 3610 1861 3666 militibus
1918 3609 2121 3665 indicta
2189 3609 2548 3676 profectione,
2618 3622 2763 3666 tanta
2816 3628 2939 3666 cunt

1375 3704 1756 3773 properatione
1804 3703 1869 3756 ad
1918 3703 2135 3757 hostem
2163 3704 2417 3766 accessit,
2475 3714 2530 3757 ut
2593 3703 2767 3771 prima
2816 3721 2940 3757 cuttt

1376 3803 1493 3852 luce
1521 3797 1735 3851 Gasalis
1766 3796 1952 3864 cepias
1996 3803 2301 3854 assecutus,
2356 3809 2462 3847 non
2492 3796 2653 3850 modo
2686 3812 2809 3849 cuiu
2865 3798 2943 3851 eis

1374 3888 1723 3956 ronlliget'ct:
1766 3903 1951 3941 verum
2010 3888 2173 3940 etiam
2224 3887 2448 3939 victoria
2497 3888 2781 3955 potiretur,
2834 3902 2946 3941 uta-

1372 3997 1648 4051 gnuntque
1672 3979 2099 4033 Mamelucorum
2158 3978 2273 4032 sive
2315 3978 2692 4033 Circassorutn
2755 3996 2947 4033 nume-

1376 4089 1497 4126 rum
1527 4072 1896 4125 internecione
1944 4070 2174 4134 deleret,
2233 4070 2617 4137 superstitibus
2654 4070 2775 4139 fuga
2808 4071 2945 4124 dila-

1378 4168 1508 4235 psis,
1540 4176 1594 4220 et
1622 4166 1674 4220 in
1707 4164 2027 4219 solitudines
2056 4164 2272 4217 illorum
2307 4163 2547 4216 locorum
2583 4172 2753 4217 semet
2809 4164 2945 4217 reci-

1379 4260 1670 4326 pientibus.
1724 4256 1934 4323 Quibus
1988 4256 2151 4310 rebus
2201 4254 2412 4324 gestis,
2466 4254 2670 4325 placuit
2734 4255 2949 4311 sultauo

1380 4352 1562 4404 :Scliuti
1596 4351 1826 4417 legatum
1852 4350 1919 4401 ad
1949 4346 2385 4400 Tomtnambaim
2444 4349 2684 4404 mittere.
2738 4348 2949 4419 Quippe

1380 4445 1733 4500 domesticum
1762 4440 2051 4511 quemdam
2077 4441 2331 4505 habebat,
2360 4443 2580 4497 natione
2606 4443 2945 4508 Circassutn,

1380 4536 1731 4604 ..uemvu|go
1785 4534 2047 4589 tluratetu
2107 4534 2417 4589 Circassum
2476 4538 2838 4606 appellabant.
2899 4539 2949 4592 ls

1380 4630 1444 4682 ad
1478 4628 1750 4680 sultauum
1784 4627 1862 4680 ire
1905 4628 2113 4696 jussus,
2178 4628 2470 4694 impetrare
2512 4645 2619 4683 non
2674 4632 2854 4699 potuit
2894 4643 2953 4685 ιιι

1378 4740 1408 4773 a
1466 4720 1842 4774 Toutntatnhai
1889 4722 1970 4775 vel
2018 4721 2071 4774 itt
2136 4733 2490 4791 conspectum
2549 4722 2951 4789 admitteretur,

1381 4814 1462 4865 \el
1492 4813 1805 4866 audiretur:
1844 4813 2092 4881 adeoque
2114 4827 2238 4866 cum
2272 4814 2340 4867 iis
2378 4827 2520 4879 quos
2542 4813 2752 4869 itineris
2786 4814 2955 4868 comi—

1384 4918 1463 4959 tes
1516 4920 1704 4959 secum
1772 4906 2095 4967 adduxerat,
2151 4905 2312 4969 jussu
2375 4905 2781 4961 Tomtnatnbais
2854 4906 2958 4961 luit

1384 4995 1726 5050 interfectus.
1761 4996 1876 5061 Qua
1910 4997 2065 5064 legati
2108 4996 2192 5049 sui
2241 4996 2391 5049 etede
2441 5007 2740 5065 comperta,
2793 4998 2958 5052 motis

1386 5093 1615 5145 Selimes
1645 5091 1840 5145 castris
1874 5090 2114 5143 lietttlettt
2146 5090 2319 5159 petiit.
2351 5088 2427 5144 Ευ
2449 5107 2569 5144 cum
2600 5090 2957 5159 pervenisset,

1384 5184 1748 5254 signiﬁcatum
1782 5184 1857 5236 illi
1884 5181 2157 5237 luitcives
2190 5182 2503 5237 ltemlenses
2555 5181 2607 5235 id
2670 5183 2955 5251 temporis,

1386 5292 1498 5342 ι,υο
1527 5276 1693 5332 Sinan
1722 5275 1881 5331 bassa
1917 5274 2108 5329 ﬂetnle
2172 5283 2442 5329 nocturno
2498 5273 2692 5327 itinere
2756 5273 2960 5328 disces-

1387 5379 1534 5424 serat
1598 5379 1657 5424 ut
1709 5368 2023 5424 Zatnberdis
2094 5366 2308 5423 Casalis
2360 5367 2550 5435 copias
2605 5365 2915 5421 adoriretur
2946 5406 2960 5430 ,

1390 5463 1660 5531 sparsisse
1722 5476 1999 5515 rumorem
2069 5461 2135 5515 de
2213 5460 2336 5529 luga
2398 5460 2865 5515 Osmanicorum:
2911 5473 2965 5512 et

1387 5563 1658 5624 .ptotquot
1697 5553 1751 5606 itt
1805 5552 2005 5607 castris
2060 5550 2280 5606 Sinanis
2339 5551 2511 5607 bassae
2569 5562 2967 5606 remamsctant

1392 5662 1499 5699 non
1525 5646 1701 5701 solum
1734 5656 2023 5710 mactasse,
2051 5660 2237 5698 verum
2267 5644 2427 5697 etiam
2460 5645 2764 5699 occisorum
2804 5646 2965 5698 cada-

1386 5754 1514 5792 vera
1562 5739 1769 5808 passim
1827 5738 1880 5792 iu
1916 5747 2107 5807 puteos
2136 5748 2190 5791 et
2239 5740 2414 5792 l‘ossas
2474 5737 2793 5805 projecisse.
2847 5737 2967 5802 Quo

1397 5832 1768 5887 ltcmlcnsium
1800 5832 2082 5887 intellecto
2108 5834 2371 5893 lacinore,
2396 5832 2627 5886 Selimes
2659 5840 2712 5884 et
2739 5845 2963 5898 congre-

1402 5925 1515 5998 gari
1576 5926 1741 5997 jussit
1790 5928 2111 5998 oppidanos,
2175 5941 2225 5981 ct
2308 5942 2497 5981 omnes
2548 5927 2692 5980 illius
2750 5924 2969 5980 sceleris

3044 3347 3132 3399 die
3176 3344 3229 3397 in
3279 3344 3424 3397 diem
3471 3342 3886 3411 progrederetur
3940 3340 4193 3403 ulterius,
4254 3340 4459 3409 placuit
4516 3339 4629 3393 Deo

3047 3436 3226 3506 largiri
3252 3436 3491 3503 pluviam
3520 3451 3533 3487 :
3560 3447 3670 3503 quo
3723 3433 3923 3486 factum
3959 3440 4018 3486 ut
4069 3432 4337 3486 universa:
4389 3432 4497 3485 illa:
4529 3447 4625 3485 eo-

3047 3530 3147 3594 piae
3176 3526 3323 3579 nulla
3378 3534 3757 3592 premerentur
3809 3537 3967 3590 aqua:
4008 3522 4257 3590 penuria.
4314 3520 4415 3575 Ubi
4472 3522 4631 3574 Salue

3047 3618 3244 3686 cltigen
3284 3626 3602 3686 perventum
3675 3614 3891 3677 luisset,
3936 3613 4047 3681 jam
4102 3613 4351 3667 vicerant
4395 3613 4629 3677 scilicet,

3047 3713 3300 3771 superata
3363 3703 3679 3759 solitudine.
3749 3700 4094 3771 Quapropter
4174 3703 4419 3757 oneratis
4482 3720 4624 3771 aqua

3048 3796 3268 3866 potabili
3319 3794 3604 3862 jutnentis,
3665 3793 3939 3848 Alcairum
3999 3804 4377 3861 perrexerunt.
4418 3794 4631 3849 Intert-a

3049 3886 3457 3942 Tommambais
3486 3884 3975 3947 Alcairisultanus,
4012 3884 4130 3937 suis
4177 3894 4232 3938 et
4277 3884 4394 3953 ipse
4457 3888 4634 3955 cepit.

3051 3985 3465 4051 iustructus,ex
3511 3984 3645 4038 urbe
3687 3983 3913 4037 militem
3966 3983 4187 4037 eduxit:
4237 3996 4417 4051 eoque
4470 3984 4638 4034 modo

3050 4088 3225 4134 castra
3254 4086 3512 4143 metatus,
3543 4086 3599 4130 ut
3626 4077 3815 4130 urbem
3864 4090 3890 4129 a
3922 4083 4075 4141 tergo
4128 4074 4378 4138 haberet,
4430 4073 4636 4127 ibidem

3050 4169 3314 4225 substitit.
3346 4168 3781 4232 Coegerateuiut
3830 4167 4129 4219 maximum
4186 4166 4523 4227 exercitum,
4586 4166 4637 4216 in

3050 4279 3159 4330 quo
3214 4260 3521 4315 militabant
3570 4256 3880 4326 Ethiopcs,
3931 4272 4055 4311 cum
4122 4257 4245 4310 aliis
4295 4258 4638 4309 nationibus.

3053 4354 3365 4409 Tormentis
3386 4353 3550 4407 etiam
3602 4350 3811 4405 bellicis
3867 4364 3931 4403 ea
3982 4350 4383 4403 communierat
4418 4349 4641 4411 itinera,

3052 4449 3253 4517 quibus
3280 4447 3450 4501 hostis
3481 4454 3743 4500 vrnturus
3796 4441 4244 4512 exspectabatur.
4294 4439 4403 4495 Sed
4461 4452 4646 4497 trans-

3057 4543 3178 4608 fuga
3194 4540 3413 4609 quidam
3450 4554 3517 4591 ex
3539 4536 3738 4591 castris
3766 4533 3939 4604 ipsius
3965 4532 4031 4587 ad
4058 4532 4339 4587 sultauum
4371 4531 4643 4586 Selitnent

3059 4649 3116 4688 se
3145 4631 3396 4693 contulit,
3433 4629 3594 4700 eique
3621 4627 3848 4682 consilia
3879 4635 3933 4679 et
3965 4623 4193 4679 insidias
4222 4624 4467 4677 hostium
4495 4624 4647 4677 dete-

3063 4725 3159 4780 xit.
3184 4721 3394 4791 Quibus
3430 4720 3660 4776 Selimes
3712 4717 3968 4789 cognitis,
4032 4716 4251 4770 diverso
4290 4715 4496 4771 itinere
4557 4730 4648 4769 co-

3063 4817 3179 4886 pias
3206 4815 3482 4869 Alcairum
3517 4814 3692 4868 duxit.
3725 4813 3852 4866 Hac
3880 4820 4029 4880 gesta
4090 4807 4314 4864 luerunt
4344 4822 4498 4863 anno
4543 4804 4650 4863 993

3063 4910 3212 4979 (Chr.
3256 4908 3440 4964 I515).

3135 4998 3233 5054 Die
3261 4999 3332 5054 28
3369 4996 3572 5052 mensis
3610 4994 3885 5059 Silchizis,
3934 5002 4059 5046 ante
4093 4990 4414 5061 prandium,
4459 4992 4655 5060 ingens

3063 5104 3116 5147 et
3177 5101 3463 5146 cruentum
3516 5089 3763 5160 praelium
3821 5086 4175 5141 commissqu
4237 5084 4368 5150 fuit,
4429 5099 4549 5154 quo
4603 5086 4655 5137 in

3067 5185 3256 5253 praelio
3284 5182 3453 5236 Sinan
3491 5184 3670 5240 bassa.
3704 5193 3877 5233 caesus
3911 5178 3965 5231 itt
4002 5177 4196 5230 dextro
4246 5191 4453 5239 cornu,
4488 5190 4657 5229 occu-

3066 5272 3468 5328 buit.Tandcm
3534 5282 3717 5326 tamen
3777 5267 4084 5331 Mameluci,
4115 5267 4209 5336 qui
4268 5276 4327 5321 et
4378 5264 4656 5325 Circassi.

3066 5364 3313 5434 dissipati
3394 5360 3815 5431 proﬂigatique,
3896 5357 4093 5427 partim
4150 5372 4350 5412 versus
4413 5369 4659 5415 montes.

3068 5460 3265 5527 partim
3299 5457 3351 5510 in
3406 5453 3779 5515 solitudinem,
3834 5452 4031 5521 partim
4095 5450 4163 5505 ad
4223 5450 4405 5519 ipsam
4469 5452 4661 5505 urbem

3071 5549 3385 5618 profugere.
3422 5545 3622 5601 Verum
3659 5546 3748 5599 ubi
3802 5558 3922 5597 mox
3974 5541 4259 5596 Selimiani
4318 5543 4539 5596 milites
4577 5558 4665 5594 ur-

3073 5646 3188 5695 bent
3219 5649 3605 5710 occupassent,
3660 5636 3899 5705 reliquiae
3938 5634 4320 5689 Circassorum
4363 5646 4424 5687 et
4460 5634 4667 5687 Mame-

3074 5735 3347 5798 lucoruut,
3407 5733 3541 5788 urbe
3594 5732 3830 5794 deserta,
3892 5729 3945 5781 in
4004 5726 4279 5794 regionem
4344 5726 4664 5780 Saitenseru

3073 5846 3131 5883 se
3192 5844 3462 5897 recepere.
3524 5827 3752 5879 Selimes
3800 5830 4021 5892 propter
4074 5820 4288 5884 urbem,
4352 5821 4426 5874 ad
4477 5819 4663 5873 Nilum

3074 5923 3322 5985 ﬂuvium,
3388 5922 3583 5975 caattis
3640 5919 3815 5974 locum
3857 5916 4035 5983 cepit;
4083 5932 4193 5983 quo
4240 5914 4295 5966 itt
4348 5916 4474 5967 loco
4533 5912 4663 5971 dum
