  <div class='ocr_page' id='page_1' title='image "/cluster/home/n/w/nwhite01/storage/ocr_20150623/159/nnc1.0046980628/326.png"; bbox 0 0 4866 6594; ppageno 0'>
   <div class='ocr_carea' id='block_1_1' title="bbox 201 366 301 424">
    <p class='ocr_par' dir='ltr' id='par_1_1' title="bbox 201 366 301 424">
     <span class='ocr_line' id='line_1_1' title="bbox 201 366 301 424; baseline -0.05 -1"><span class='ocrx_word' id='word_1_1' title='bbox 201 366 301 424; x_wconf 64' lang='grc'><strong>632</strong></span> 
     </span>
    </p>
   </div>
   <div class='ocr_carea' id='block_1_2' title="bbox 1460 375 2211 441">
    <p class='ocr_par' dir='ltr' id='par_1_2' title="bbox 1460 375 2211 441">
     <span class='ocr_line' id='line_1_2' title="bbox 1460 375 2211 441; baseline 0.013 -12"><span class='ocrx_word' id='word_1_2' title='bbox 1460 375 1817 434; x_wconf 70' lang='lat' dir='ltr'><strong>ANNALES</strong></span> <span class='ocrx_word' id='word_1_3' title='bbox 1862 379 2211 441; x_wconf 71' lang='lat' dir='ltr'><strong>TURCICI.</strong></span> 
     </span>
    </p>
   </div>
   <div class='ocr_carea' id='block_1_3' title="bbox 3359 399 3473 460">
    <p class='ocr_par' dir='ltr' id='par_1_3' title="bbox 3359 399 3473 460">
     <span class='ocr_line' id='line_1_3' title="bbox 3359 399 3473 460; baseline -0.009 0"><span class='ocrx_word' id='word_1_4' title='bbox 3359 399 3473 460; x_wconf 73' lang='lat'><strong>634</strong></span> 
     </span>
    </p>
   </div>
   <div class='ocr_carea' id='block_1_4' title="bbox 198 467 3469 566">
    <p class='ocr_par' dir='ltr' id='par_1_4' title="bbox 198 467 3469 566">
     <span class='ocr_line' id='line_1_4' title="bbox 198 467 3469 566; baseline 0.014 -48"><span class='ocrx_word' id='word_1_5' title='bbox 198 470 308 535; x_wconf 70' lang='lat' dir='ltr'><strong>ipse</strong></span> <span class='ocrx_word' id='word_1_6' title='bbox 329 467 580 535; x_wconf 76' lang='lat' dir='ltr'><strong>qmescit,</strong></span> <span class='ocrx_word' id='word_1_7' title='bbox 608 468 792 522; x_wconf 73' lang='lat' dir='ltr'><strong>niissis</strong></span> <span class='ocrx_word' id='word_1_8' title='bbox 846 469 1251 531; x_wconf 70' lang='lat' dir='ltr'><strong>Totnmambais</strong></span> <span class='ocrx_word' id='word_1_9' title='bbox 1311 481 1771 546; x_wconf 77' lang='lat' dir='ltr'><strong>speculatoribus,</strong></span> <span class='ocrx_word' id='word_1_10' title='bbox 1808 494 1849 545; x_wconf 77' lang='grc' dir='ltr'>Α</span> <span class='ocrx_word' id='word_1_11' title='bbox 1881 489 2135 545; x_wconf 84' lang='lat' dir='ltr'><strong>snitanus</strong></span> <span class='ocrx_word' id='word_1_12' title='bbox 2169 494 2574 549; x_wconf 70' lang='lat' dir='ltr'><strong>&#39;l&#39;ommambais</strong></span> <span class='ocrx_word' id='word_1_13' title='bbox 2611 501 2909 566; x_wconf 87' lang='lat' dir='ltr'><strong>suspendio</strong></span> <span class='ocrx_word' id='word_1_14' title='bbox 2941 514 3164 557; x_wconf 65' lang='lat' dir='ltr'><strong>necatus</strong></span> <span class='ocrx_word' id='word_1_15' title='bbox 3222 507 3342 562; x_wconf 80' lang='lat' dir='ltr'><strong>fuit.</strong></span> <span class='ocrx_word' id='word_1_16' title='bbox 3370 512 3469 563; x_wconf 72' lang='grc' dir='ltr'><strong>Αι-</strong></span> 
     </span>
    </p>
   </div>
   <div class='ocr_carea' id='block_1_5' title="bbox 197 559 1779 630">
    <p class='ocr_par' dir='ltr' id='par_1_5' title="bbox 197 559 1779 630">
     <span class='ocr_line' id='line_1_5' title="bbox 197 559 1779 630; baseline 0.011 -17"><span class='ocrx_word' id='word_1_17' title='bbox 197 576 318 613; x_wconf 84' lang='lat' dir='ltr'><strong>rnm</strong></span> <span class='ocrx_word' id='word_1_18' title='bbox 344 559 470 626; x_wconf 91' lang='lat' dir='ltr'><strong>alia,</strong></span> <span class='ocrx_word' id='word_1_19' title='bbox 525 569 638 613; x_wconf 90' lang='lat' dir='ltr'><strong>tum</strong></span> <span class='ocrx_word' id='word_1_20' title='bbox 697 562 862 616; x_wconf 87' lang='lat' dir='ltr'><strong>etiam</strong></span> <span class='ocrx_word' id='word_1_21' title='bbox 914 566 1077 619; x_wconf 91' lang='lat' dir='ltr'><strong>situm</strong></span> <span class='ocrx_word' id='word_1_22' title='bbox 1128 580 1436 625; x_wconf 86' lang='lat' dir='ltr'><strong>castrorum</strong></span> <span class='ocrx_word' id='word_1_23' title='bbox 1500 574 1779 630; x_wconf 85' lang='lat' dir='ltr'><strong>hostilimn</strong></span> 
     </span>
    </p>
   </div>
   <div class='ocr_carea' id='block_1_6' title="bbox 195 654 1779 736">
    <p class='ocr_par' dir='ltr' id='par_1_6' title="bbox 195 654 1779 736">
     <span class='ocr_line' id='line_1_6' title="bbox 195 654 1779 736; baseline 0.009 -30"><span class='ocrx_word' id='word_1_24' title='bbox 195 654 533 722; x_wconf 66' lang='lat' dir='ltr'><strong>erploravit,</strong></span> <span class='ocrx_word' id='word_1_25' title='bbox 570 655 713 724; x_wconf 91' lang='lat' dir='ltr'><strong>quod</strong></span> <span class='ocrx_word' id='word_1_26' title='bbox 759 670 821 708; x_wconf 87' lang='lat' dir='ltr'><strong>ea</strong></span> <span class='ocrx_word' id='word_1_27' title='bbox 859 670 1123 715; x_wconf 88' lang='lat' dir='ltr'><strong>nocturna</strong></span> <span class='ocrx_word' id='word_1_28' title='bbox 1164 661 1530 732; x_wconf 81' lang='lat' dir='ltr'><strong>impressione</strong></span> <span class='ocrx_word' id='word_1_29' title='bbox 1588 684 1779 736; x_wconf 81' lang='lat' dir='ltr'><strong>aggre—</strong></span> 
     </span>
    </p>
   </div>
   <div class='ocr_carea' id='block_1_7' title="bbox 195 746 1783 826">
    <p class='ocr_par' dir='ltr' id='par_1_7' title="bbox 195 746 1783 826">
     <span class='ocr_line' id='line_1_7' title="bbox 195 746 1783 826; baseline 0.013 -35"><span class='ocrx_word' id='word_1_30' title='bbox 195 746 266 803; x_wconf 74' lang='lat' dir='ltr'><strong>di,</strong></span> <span class='ocrx_word' id='word_1_31' title='bbox 318 760 421 799; x_wconf 88' lang='lat' dir='ltr'><strong>suo</strong></span> <span class='ocrx_word' id='word_1_32' title='bbox 468 761 592 799; x_wconf 88' lang='lat' dir='ltr'><strong>cum</strong></span> <span class='ocrx_word' id='word_1_33' title='bbox 641 746 829 803; x_wconf 84' lang='lat' dir='ltr'><strong>animo</strong></span> <span class='ocrx_word' id='word_1_34' title='bbox 879 750 1281 807; x_wconf 68' lang='lat' dir='ltr'><strong>constituisset.</strong></span> <span class='ocrx_word' id='word_1_35' title='bbox 1356 754 1514 826; x_wconf 60' lang='lat'><strong>341</strong></span> <span class='ocrx_word' id='word_1_36' title='bbox 1603 757 1783 812; x_wconf 77' lang='lat' dir='ltr'><strong>Rebus</strong></span> 
     </span>
    </p>
   </div>
   <div class='ocr_carea' id='block_1_8' title="bbox 193 836 1778 917">
    <p class='ocr_par' dir='ltr' id='par_1_8' title="bbox 193 836 1778 917">
     <span class='ocr_line' id='line_1_8' title="bbox 193 836 1778 917; baseline 0.013 -32"><span class='ocrx_word' id='word_1_37' title='bbox 193 836 450 891; x_wconf 71' lang='lat' dir='ltr'><strong>izmnibus</strong></span> <span class='ocrx_word' id='word_1_38' title='bbox 504 837 911 906; x_wconf 84' lang='lat' dir='ltr'><strong>exploratorum</strong></span> <span class='ocrx_word' id='word_1_39' title='bbox 972 857 1136 912; x_wconf 81' lang='lat' dir='ltr'><strong>opera</strong></span> <span class='ocrx_word' id='word_1_40' title='bbox 1189 846 1357 914; x_wconf 86' lang='lat' dir='ltr'><strong>probe</strong></span> <span class='ocrx_word' id='word_1_41' title='bbox 1423 850 1778 917; x_wconf 86' lang='lat' dir='ltr'><strong>perquisitis,</strong></span> 
     </span>
    </p>
   </div>
   <div class='ocr_carea' id='block_1_9' title="bbox 194 932 1779 1012">
    <p class='ocr_par' dir='ltr' id='par_1_9' title="bbox 194 932 1779 1012">
     <span class='ocr_line' id='line_1_9' title="bbox 194 932 1779 1012; baseline 0.011 -29"><span class='ocrx_word' id='word_1_42' title='bbox 194 932 385 987; x_wconf 81' lang='lat' dir='ltr'><strong>urbem</strong></span> <span class='ocrx_word' id='word_1_43' title='bbox 431 945 590 988; x_wconf 88' lang='lat' dir='ltr'><strong>noctu</strong></span> <span class='ocrx_word' id='word_1_44' title='bbox 618 950 739 989; x_wconf 86' lang='lat' dir='ltr'><strong>cum</strong></span> <span class='ocrx_word' id='word_1_45' title='bbox 767 939 884 992; x_wconf 88' lang='lat' dir='ltr'><strong>suis</strong></span> <span class='ocrx_word' id='word_1_46' title='bbox 928 938 1229 1010; x_wconf 81' lang='lat' dir='ltr'><strong>ingressus,</strong></span> <span class='ocrx_word' id='word_1_47' title='bbox 1286 943 1558 1012; x_wconf 84' lang='lat' dir='ltr'><strong>plurimos</strong></span> <span class='ocrx_word' id='word_1_48' title='bbox 1586 962 1649 999; x_wconf 76' lang='lat' dir='ltr'><strong>ex</strong></span> <span class='ocrx_word' id='word_1_49' title='bbox 1680 946 1779 1001; x_wconf 90' lang='lat' dir='ltr'><strong>Se-</strong></span> 
     </span>
    </p>
   </div>
   <div class='ocr_carea' id='block_1_10' title="bbox 190 1025 1779 1097">
    <p class='ocr_par' dir='ltr' id='par_1_10' title="bbox 190 1025 1779 1097">
     <span class='ocr_line' id='line_1_10' title="bbox 190 1025 1779 1097; baseline 0.011 -22"><span class='ocrx_word' id='word_1_50' title='bbox 190 1025 429 1079; x_wconf 83' lang='lat' dir='ltr'><strong>lmiianis</strong></span> <span class='ocrx_word' id='word_1_51' title='bbox 462 1028 513 1077; x_wconf 90' lang='lat' dir='ltr'><strong>in</strong></span> <span class='ocrx_word' id='word_1_52' title='bbox 542 1033 674 1081; x_wconf 83' lang='lat' dir='ltr'><strong>urbe</strong></span> <span class='ocrx_word' id='word_1_53' title='bbox 704 1032 975 1097; x_wconf 74' lang='lat' dir='ltr'><strong>oppressit</strong></span> <span class='ocrx_word' id='word_1_54' title='bbox 1035 1041 1088 1085; x_wconf 90' lang='lat' dir='ltr'><strong>et</strong></span> <span class='ocrx_word' id='word_1_55' title='bbox 1119 1035 1430 1089; x_wconf 77' lang='lat' dir='ltr'><strong>trucidavit.</strong></span> <span class='ocrx_word' id='word_1_56' title='bbox 1495 1036 1601 1091; x_wconf 85' lang='lat' dir='ltr'><strong>Sed</strong></span> <span class='ocrx_word' id='word_1_57' title='bbox 1654 1055 1779 1092; x_wconf 76' lang='lat' dir='ltr'><strong>cum</strong></span> 
     </span>
    </p>
   </div>
   <div class='ocr_carea' id='block_1_11' title="bbox 192 1115 1778 1197">
    <p class='ocr_par' dir='ltr' id='par_1_11' title="bbox 192 1115 1778 1197">
     <span class='ocr_line' id='line_1_11' title="bbox 192 1115 1778 1197; baseline 0.012 -31"><span class='ocrx_word' id='word_1_58' title='bbox 192 1115 431 1181; x_wconf 79' lang='lat' dir='ltr'><strong>primum</strong></span> <span class='ocrx_word' id='word_1_59' title='bbox 487 1118 1125 1180; x_wconf 86' lang='lat' dir='ltr'><strong>bocSeliminuntiatum</strong></span> <span class='ocrx_word' id='word_1_60' title='bbox 1146 1126 1361 1194; x_wconf 82' lang='lat' dir='ltr'><strong>fuisset,</strong></span> <span class='ocrx_word' id='word_1_61' title='bbox 1394 1129 1567 1197; x_wconf 82' lang='lat' dir='ltr'><strong>jussis</strong></span> <span class='ocrx_word' id='word_1_62' title='bbox 1626 1146 1778 1185; x_wconf 76' lang='lat' dir='ltr'><strong>arma</strong></span> 
     </span>
    </p>
   </div>
   <div class='ocr_carea' id='block_1_12' title="bbox 188 1209 1776 1289">
    <p class='ocr_par' dir='ltr' id='par_1_12' title="bbox 188 1209 1776 1289">
     <span class='ocr_line' id='line_1_12' title="bbox 188 1209 1776 1289; baseline 0.011 -29"><span class='ocrx_word' id='word_1_63' title='bbox 188 1209 467 1274; x_wconf 72' lang='lat' dir='ltr'><strong>corripere</strong></span> <span class='ocrx_word' id='word_1_64' title='bbox 490 1211 773 1277; x_wconf 85' lang='lat' dir='ltr'><strong>militibus,</strong></span> <span class='ocrx_word' id='word_1_65' title='bbox 799 1213 940 1269; x_wconf 85' lang='lat' dir='ltr'><strong>hosti</strong></span> <span class='ocrx_word' id='word_1_66' title='bbox 975 1226 1149 1271; x_wconf 83' lang='lat' dir='ltr'><strong>semet</strong></span> <span class='ocrx_word' id='word_1_67' title='bbox 1179 1223 1470 1289; x_wconf 89' lang='lat' dir='ltr'><strong>opposuit:</strong></span> <span class='ocrx_word' id='word_1_68' title='bbox 1535 1232 1776 1277; x_wconf 87' lang='lat' dir='ltr'><strong>tormen-</strong></span> 
     </span>
    </p>
   </div>
   <div class='ocr_carea' id='block_1_13' title="bbox 190 1306 1780 1387">
    <p class='ocr_par' dir='ltr' id='par_1_13' title="bbox 190 1306 1780 1387">
     <span class='ocr_line' id='line_1_13' title="bbox 190 1306 1780 1387; baseline 0.008 -28"><span class='ocrx_word' id='word_1_69' title='bbox 190 1308 369 1374; x_wconf 84' lang='lat' dir='ltr'><strong>tisque</strong></span> <span class='ocrx_word' id='word_1_70' title='bbox 400 1306 610 1364; x_wconf 79' lang='lat' dir='ltr'><strong>bellicis</strong></span> <span class='ocrx_word' id='word_1_71' title='bbox 645 1310 699 1363; x_wconf 90' lang='lat' dir='ltr'><strong>in</strong></span> <span class='ocrx_word' id='word_1_72' title='bbox 724 1325 785 1365; x_wconf 85' lang='lat' dir='ltr'><strong>ea</strong></span> <span class='ocrx_word' id='word_1_73' title='bbox 816 1311 933 1366; x_wconf 88' lang='lat' dir='ltr'><strong>loca</strong></span> <span class='ocrx_word' id='word_1_74' title='bbox 969 1316 1309 1382; x_wconf 85' lang='lat' dir='ltr'><strong>constitutis,</strong></span> <span class='ocrx_word' id='word_1_75' title='bbox 1342 1318 1394 1372; x_wconf 90' lang='lat' dir='ltr'><strong>in</strong></span> <span class='ocrx_word' id='word_1_76' title='bbox 1430 1334 1548 1387; x_wconf 79' lang='lat' dir='ltr'><strong>quae</strong></span> <span class='ocrx_word' id='word_1_77' title='bbox 1602 1319 1780 1373; x_wconf 77' lang='lat' dir='ltr'><strong>lactu-</strong></span> 
     </span>
    </p>
   </div>
   <div class='ocr_carea' id='block_1_14' title="bbox 192 1399 1777 1479">
    <p class='ocr_par' dir='ltr' id='par_1_14' title="bbox 192 1399 1777 1479">
     <span class='ocr_line' id='line_1_14' title="bbox 192 1399 1777 1479; baseline 0.009 -30"><span class='ocrx_word' id='word_1_78' title='bbox 192 1415 283 1449; x_wconf 60' lang='lat' dir='ltr'><strong>rus</strong></span> <span class='ocrx_word' id='word_1_79' title='bbox 331 1399 590 1467; x_wconf 83' lang='lat' dir='ltr'><strong>impetum</strong></span> <span class='ocrx_word' id='word_1_80' title='bbox 642 1403 967 1459; x_wconf 77' lang='lat' dir='ltr'><strong>credebatur</strong></span> <span class='ocrx_word' id='word_1_81' title='bbox 1018 1407 1212 1473; x_wconf 84' lang='lat' dir='ltr'><strong>hostis,</strong></span> <span class='ocrx_word' id='word_1_82' title='bbox 1279 1409 1348 1463; x_wconf 85' lang='lat' dir='ltr'><strong>ab</strong></span> <span class='ocrx_word' id='word_1_83' title='bbox 1419 1410 1567 1465; x_wconf 91' lang='lat' dir='ltr'><strong>omni</strong></span> <span class='ocrx_word' id='word_1_84' title='bbox 1623 1419 1777 1479; x_wconf 88' lang='lat' dir='ltr'><strong>parte</strong></span> 
     </span>
    </p>
   </div>
   <div class='ocr_carea' id='block_1_15' title="bbox 187 1501 576 1553">
    <p class='ocr_par' dir='ltr' id='par_1_15' title="bbox 187 1501 576 1553">
     <span class='ocr_line' id='line_1_15' title="bbox 187 1501 576 1553; baseline 0.028 -16"><span class='ocrx_word' id='word_1_85' title='bbox 187 1501 418 1553; x_wconf 73' lang='lat' dir='ltr'><strong>paratus</strong></span> <span class='ocrx_word' id='word_1_86' title='bbox 439 1503 576 1548; x_wconf 78' lang='lat' dir='ltr'><strong>erat.</strong></span> 
     </span>
    </p>
   </div>
   <div class='ocr_carea' id='block_1_16' title="bbox 258 1581 1776 1660">
    <p class='ocr_par' dir='ltr' id='par_1_16' title="bbox 258 1581 1776 1660">
     <span class='ocr_line' id='line_1_16' title="bbox 258 1581 1776 1660; baseline 0.011 -27"><span class='ocrx_word' id='word_1_87' title='bbox 258 1581 418 1635; x_wconf 80' lang='lat' dir='ltr'><strong>Anno</strong></span> <span class='ocrx_word' id='word_1_88' title='bbox 455 1584 558 1636; x_wconf 71' lang='lat'><strong>923</strong></span> <span class='ocrx_word' id='word_1_89' title='bbox 590 1585 743 1654; x_wconf 78' lang='lat' dir='ltr'><strong>(Chr.</strong></span> <span class='ocrx_word' id='word_1_90' title='bbox 779 1588 964 1656; x_wconf 70' lang='grc'><strong>1516),</strong></span> <span class='ocrx_word' id='word_1_91' title='bbox 1024 1600 1220 1660; x_wconf 85' lang='lat' dir='ltr'><strong>quarto</strong></span> <span class='ocrx_word' id='word_1_92' title='bbox 1270 1594 1361 1647; x_wconf 91' lang='lat' dir='ltr'><strong>die</strong></span> <span class='ocrx_word' id='word_1_93' title='bbox 1406 1594 1612 1652; x_wconf 87' lang='lat' dir='ltr'><strong>mensis</strong></span> <span class='ocrx_word' id='word_1_94' title='bbox 1654 1596 1776 1650; x_wconf 83' lang='lat' dir='ltr'><strong>Mn-</strong></span> 
     </span>
    </p>
   </div>
   <div class='ocr_carea' id='block_1_17' title="bbox 187 1674 1775 1747">
    <p class='ocr_par' dir='ltr' id='par_1_17' title="bbox 187 1674 1775 1747">
     <span class='ocr_line' id='line_1_17' title="bbox 187 1674 1775 1747; baseline 0.016 -25"><span class='ocrx_word' id='word_1_95' title='bbox 187 1674 467 1738; x_wconf 75' lang='lat' dir='ltr'><strong>t-herenis,</strong></span> <span class='ocrx_word' id='word_1_96' title='bbox 502 1679 709 1734; x_wconf 84' lang='lat' dir='ltr'><strong>missus</strong></span> <span class='ocrx_word' id='word_1_97' title='bbox 744 1681 793 1733; x_wconf 93' lang='lat' dir='ltr'><strong>in</strong></span> <span class='ocrx_word' id='word_1_98' title='bbox 852 1683 1040 1737; x_wconf 84' lang='lat' dir='ltr'>urbem</span> <span class='ocrx_word' id='word_1_99' title='bbox 1096 1685 1198 1741; x_wconf 77' lang='lat' dir='ltr'><strong>fuit</strong></span> <span class='ocrx_word' id='word_1_100' title='bbox 1230 1702 1259 1740; x_wconf 91' lang='lat' dir='ltr'><strong>a</strong></span> <span class='ocrx_word' id='word_1_101' title='bbox 1311 1688 1529 1743; x_wconf 89' lang='lat' dir='ltr'><strong>sultano</strong></span> <span class='ocrx_word' id='word_1_102' title='bbox 1577 1689 1775 1747; x_wconf 85' lang='lat' dir='ltr'><strong>Selime</strong></span> 
     </span>
    </p>
   </div>
   <div class='ocr_carea' id='block_1_18' title="bbox 182 1764 1773 1850">
    <p class='ocr_par' dir='ltr' id='par_1_18' title="bbox 182 1764 1773 1850">
     <span class='ocr_line' id='line_1_18' title="bbox 182 1764 1773 1850; baseline 0.012 -34"><span class='ocrx_word' id='word_1_103' title='bbox 182 1764 423 1821; x_wconf 85' lang='lat' dir='ltr'><strong>Jonuzes</strong></span> <span class='ocrx_word' id='word_1_104' title='bbox 470 1768 647 1833; x_wconf 80' lang='lat' dir='ltr'><strong>bassa,</strong></span> <span class='ocrx_word' id='word_1_105' title='bbox 686 1788 808 1825; x_wconf 88' lang='lat' dir='ltr'><strong>cum</strong></span> <span class='ocrx_word' id='word_1_106' title='bbox 845 1774 1231 1843; x_wconf 81' lang='lat' dir='ltr'><strong>genizarorum</strong></span> <span class='ocrx_word' id='word_1_107' title='bbox 1260 1794 1423 1833; x_wconf 84' lang='lat' dir='ltr'><strong>manu</strong></span> <span class='ocrx_word' id='word_1_108' title='bbox 1461 1799 1472 1834; x_wconf 92' lang='lat'><strong>:</strong></span> <span class='ocrx_word' id='word_1_109' title='bbox 1507 1782 1599 1849; x_wconf 87' lang='lat' dir='ltr'><strong>qui</strong></span> <span class='ocrx_word' id='word_1_110' title='bbox 1648 1782 1773 1850; x_wconf 89' lang='lat' dir='ltr'><strong>qui-</strong></span> 
     </span>
    </p>
   </div>
   <div class='ocr_carea' id='block_1_19' title="bbox 1889 583 3472 661">
    <p class='ocr_par' dir='ltr' id='par_1_19' title="bbox 1889 583 3472 661">
     <span class='ocr_line' id='line_1_19' title="bbox 1889 583 3472 661; baseline 0.016 -30"><span class='ocrx_word' id='word_1_111' title='bbox 1889 598 1995 647; x_wconf 88' lang='lat' dir='ltr'><strong>que</strong></span> <span class='ocrx_word' id='word_1_112' title='bbox 2032 583 2134 634; x_wconf 86' lang='lat' dir='ltr'><strong>hoc</strong></span> <span class='ocrx_word' id='word_1_113' title='bbox 2185 587 2344 640; x_wconf 86' lang='lat' dir='ltr'><strong>modo</strong></span> <span class='ocrx_word' id='word_1_114' title='bbox 2392 588 2658 643; x_wconf 78' lang='lat' dir='ltr'><strong>radicitus</strong></span> <span class='ocrx_word' id='word_1_115' title='bbox 2702 594 3021 661; x_wconf 81' lang='lat' dir='ltr'><strong>exstirpatis</strong></span> <span class='ocrx_word' id='word_1_116' title='bbox 3078 594 3355 653; x_wconf 84' lang='lat' dir='ltr'><strong>Circassis</strong></span> <span class='ocrx_word' id='word_1_117' title='bbox 3406 618 3472 656; x_wconf 72' lang='lat' dir='ltr'><strong>ac</strong></span> 
     </span>
    </p>
   </div>
   <div class='ocr_carea' id='block_1_20' title="bbox 1888 674 3473 760">
    <p class='ocr_par' dir='ltr' id='par_1_20' title="bbox 1888 674 3473 760">
     <span class='ocr_line' id='line_1_20' title="bbox 1888 674 3473 760; baseline 0.01 -33"><span class='ocrx_word' id='word_1_118' title='bbox 1888 674 2225 741; x_wconf 82' lang='lat' dir='ltr'><strong>Mamelucis,</strong></span> <span class='ocrx_word' id='word_1_119' title='bbox 2255 680 2568 734; x_wconf 77' lang='lat' dir='ltr'><strong>universum</strong></span> <span class='ocrx_word' id='word_1_120' title='bbox 2602 681 2736 734; x_wconf 89' lang='lat' dir='ltr'><strong>illud</strong></span> <span class='ocrx_word' id='word_1_121' title='bbox 2770 685 3473 760; x_wconf 69' lang='lat' dir='ltr'><strong>sultaninumEgyptium-</strong></span> 
     </span>
    </p>
   </div>
   <div class='ocr_carea' id='block_1_21' title="bbox 1886 774 3468 847">
    <p class='ocr_par' dir='ltr' id='par_1_21' title="bbox 1886 774 3468 847">
     <span class='ocr_line' id='line_1_21' title="bbox 1886 774 3468 847; baseline 0.013 -28"><span class='ocrx_word' id='word_1_122' title='bbox 1886 785 1949 822; x_wconf 91' lang='lat' dir='ltr'><strong>ve</strong></span> <span class='ocrx_word' id='word_1_123' title='bbox 1994 787 2221 837; x_wconf 73' lang='lat' dir='ltr'><strong>regnum</strong></span> <span class='ocrx_word' id='word_1_124' title='bbox 2283 790 2386 828; x_wconf 87' lang='lat' dir='ltr'><strong>suo</strong></span> <span class='ocrx_word' id='word_1_125' title='bbox 2441 774 2673 830; x_wconf 79' lang='lat' dir='ltr'><strong>Selimes</strong></span> <span class='ocrx_word' id='word_1_126' title='bbox 2725 778 2955 846; x_wconf 88' lang='lat' dir='ltr'><strong>imperio</strong></span> <span class='ocrx_word' id='word_1_127' title='bbox 2992 783 3253 847; x_wconf 80' lang='lat' dir='ltr'><strong>subdidit,</strong></span> <span class='ocrx_word' id='word_1_128' title='bbox 3305 797 3357 840; x_wconf 91' lang='lat' dir='ltr'><strong>et</strong></span> <span class='ocrx_word' id='word_1_129' title='bbox 3414 789 3468 840; x_wconf 89' lang='lat' dir='ltr'><strong>in</strong></span> 
     </span>
    </p>
   </div>
   <div class='ocr_carea' id='block_1_22' title="bbox 1887 862 3469 933">
    <p class='ocr_par' dir='ltr' id='par_1_22' title="bbox 1887 862 3469 933">
     <span class='ocr_line' id='line_1_22' title="bbox 1887 862 3469 933; baseline 0.011 -18"><span class='ocrx_word' id='word_1_130' title='bbox 1887 862 2249 932; x_wconf 75' lang='lat' dir='ltr'><strong>Sangiacatns</strong></span> <span class='ocrx_word' id='word_1_131' title='bbox 2288 867 2473 921; x_wconf 85' lang='lat' dir='ltr'><strong>divisit</strong></span> <span class='ocrx_word' id='word_1_132' title='bbox 2507 908 2521 930; x_wconf 95' lang='lat'><strong>,</strong></span> <span class='ocrx_word' id='word_1_133' title='bbox 2557 885 2680 923; x_wconf 89' lang='lat' dir='ltr'><strong>cum</strong></span> <span class='ocrx_word' id='word_1_134' title='bbox 2739 870 2929 924; x_wconf 85' lang='lat' dir='ltr'><strong>urbem</strong></span> <span class='ocrx_word' id='word_1_135' title='bbox 2987 876 3336 931; x_wconf 80' lang='lat' dir='ltr'><strong>Alcairanatn</strong></span> <span class='ocrx_word' id='word_1_136' title='bbox 3372 880 3469 933; x_wconf 81' lang='lat' dir='ltr'><strong>Jo—</strong></span> 
     </span>
    </p>
   </div>
   <div class='ocr_carea' id='block_1_23' title="bbox 1884 958 3469 1030">
    <p class='ocr_par' dir='ltr' id='par_1_23' title="bbox 1884 958 3469 1030">
     <span class='ocr_line' id='line_1_23' title="bbox 1884 958 3469 1030; baseline 0.011 -21"><span class='ocrx_word' id='word_1_137' title='bbox 1884 958 2009 1010; x_wconf 88' lang='lat' dir='ltr'><strong>nuzi</strong></span> <span class='ocrx_word' id='word_1_138' title='bbox 2065 959 2238 1012; x_wconf 71' lang='lat' dir='ltr'><strong>hassa:</strong></span> <span class='ocrx_word' id='word_1_139' title='bbox 2296 962 2587 1030; x_wconf 84' lang='lat' dir='ltr'><strong>regendam</strong></span> <span class='ocrx_word' id='word_1_140' title='bbox 2637 968 3033 1021; x_wconf 69' lang='lat' dir='ltr'><strong>commisisset.</strong></span> <span class='ocrx_word' id='word_1_141' title='bbox 3092 970 3220 1024; x_wconf 79' lang='lat' dir='ltr'><strong>inde</strong></span> <span class='ocrx_word' id='word_1_142' title='bbox 3307 975 3469 1026; x_wconf 83' lang='lat' dir='ltr'><strong>rebus</strong></span> 
     </span>
    </p>
   </div>
   <div class='ocr_carea' id='block_1_24' title="bbox 1883 1049 3466 1124">
    <p class='ocr_par' dir='ltr' id='par_1_24' title="bbox 1883 1049 3466 1124">
     <span class='ocr_line' id='line_1_24' title="bbox 1883 1049 3466 1124; baseline 0.011 -25"><span class='ocrx_word' id='word_1_143' title='bbox 1883 1049 2139 1103; x_wconf 90' lang='lat' dir='ltr'><strong>omnibus</strong></span> <span class='ocrx_word' id='word_1_144' title='bbox 2174 1056 2394 1119; x_wconf 80' lang='lat' dir='ltr'><strong>egregie</strong></span> <span class='ocrx_word' id='word_1_145' title='bbox 2450 1057 2766 1111; x_wconf 83' lang='lat' dir='ltr'><strong>constitutis</strong></span> <span class='ocrx_word' id='word_1_146' title='bbox 2815 1070 2869 1110; x_wconf 92' lang='lat' dir='ltr'><strong>et</strong></span> <span class='ocrx_word' id='word_1_147' title='bbox 2912 1060 3201 1124; x_wconf 86' lang='lat' dir='ltr'><strong>ordinatis,</strong></span> <span class='ocrx_word' id='word_1_148' title='bbox 3247 1066 3466 1118; x_wconf 82' lang='lat' dir='ltr'><strong>Alcairo</strong></span> 
     </span>
    </p>
   </div>
   <div class='ocr_carea' id='block_1_25' title="bbox 1882 1138 3464 1218">
    <p class='ocr_par' dir='ltr' id='par_1_25' title="bbox 1882 1138 3464 1218">
     <span class='ocr_line' id='line_1_25' title="bbox 1882 1138 3464 1218; baseline 0.011 -27"><span class='ocrx_word' id='word_1_149' title='bbox 1882 1138 2153 1205; x_wconf 81' lang='lat' dir='ltr'><strong>discessit,</strong></span> <span class='ocrx_word' id='word_1_150' title='bbox 2189 1140 2390 1197; x_wconf 83' lang='lat' dir='ltr'><strong>Gazam</strong></span> <span class='ocrx_word' id='word_1_151' title='bbox 2433 1146 2731 1202; x_wconf 89' lang='lat' dir='ltr'><strong>rediturus.</strong></span> <span class='ocrx_word' id='word_1_152' title='bbox 2775 1148 2905 1202; x_wconf 86' lang='lat' dir='ltr'><strong>Erat</strong></span> <span class='ocrx_word' id='word_1_153' title='bbox 2929 1160 3108 1204; x_wconf 89' lang='lat' dir='ltr'><strong>autem</strong></span> <span class='ocrx_word' id='word_1_154' title='bbox 3143 1155 3364 1218; x_wconf 83' lang='lat' dir='ltr'><strong>quidam</strong></span> <span class='ocrx_word' id='word_1_155' title='bbox 3397 1170 3464 1208; x_wconf 79' lang='lat' dir='ltr'><strong>ex</strong></span> 
     </span>
    </p>
   </div>
   <div class='ocr_carea' id='block_1_26' title="bbox 1881 1233 3464 1309">
    <p class='ocr_par' dir='ltr' id='par_1_26' title="bbox 1881 1233 3464 1309">
     <span class='ocr_line' id='line_1_26' title="bbox 1881 1233 3464 1309; baseline 0.009 -24"><span class='ocrx_word' id='word_1_156' title='bbox 1881 1233 2197 1297; x_wconf 85' lang='lat' dir='ltr'><strong>sultaninis.</strong></span> <span class='ocrx_word' id='word_1_157' title='bbox 2244 1234 2409 1289; x_wconf 81' lang='lat' dir='ltr'><strong>Cheir</strong></span> <span class='ocrx_word' id='word_1_158' title='bbox 2442 1238 2641 1305; x_wconf 76' lang='lat' dir='ltr'><strong>begus,</strong></span> <span class='ocrx_word' id='word_1_159' title='bbox 2690 1241 2781 1309; x_wconf 90' lang='lat' dir='ltr'><strong>qui</strong></span> <span class='ocrx_word' id='word_1_160' title='bbox 2836 1242 3067 1297; x_wconf 86' lang='lat' dir='ltr'><strong>sultanis</strong></span> <span class='ocrx_word' id='word_1_161' title='bbox 3120 1244 3228 1299; x_wconf 87' lang='lat' dir='ltr'><strong>illis</strong></span> <span class='ocrx_word' id='word_1_162' title='bbox 3283 1248 3464 1301; x_wconf 88' lang='lat' dir='ltr'><strong>adhuc</strong></span> 
     </span>
    </p>
   </div>
   <div class='ocr_carea' id='block_1_27' title="bbox 1880 1325 3463 1401">
    <p class='ocr_par' dir='ltr' id='par_1_27' title="bbox 1880 1325 3463 1401">
     <span class='ocr_line' id='line_1_27' title="bbox 1880 1325 3463 1401; baseline 0.01 -27"><span class='ocrx_word' id='word_1_163' title='bbox 1880 1336 2063 1375; x_wconf 82' lang='lat' dir='ltr'><strong>rerum</strong></span> <span class='ocrx_word' id='word_1_164' title='bbox 2124 1325 2463 1391; x_wconf 86' lang='lat' dir='ltr'><strong>potientibus</strong></span> <span class='ocrx_word' id='word_1_165' title='bbox 2499 1327 2721 1396; x_wconf 79' lang='lat' dir='ltr'><strong>Chalepi</strong></span> <span class='ocrx_word' id='word_1_166' title='bbox 2770 1333 2941 1399; x_wconf 78' lang='lat' dir='ltr'><strong>copiis</strong></span> <span class='ocrx_word' id='word_1_167' title='bbox 2990 1334 3312 1401; x_wconf 68' lang='lat' dir='ltr'><strong>praefuerat;</strong></span> <span class='ocrx_word' id='word_1_168' title='bbox 3367 1337 3463 1390; x_wconf 88' lang='lat' dir='ltr'><strong>sed</strong></span> 
     </span>
    </p>
   </div>
   <div class='ocr_carea' id='block_1_28' title="bbox 1879 1418 3460 1495">
    <p class='ocr_par' dir='ltr' id='par_1_28' title="bbox 1879 1418 3460 1495">
     <span class='ocr_line' id='line_1_28' title="bbox 1879 1418 3460 1495; baseline 0.01 -28"><span class='ocrx_word' id='word_1_169' title='bbox 1879 1429 2071 1480; x_wconf 77' lang='lat' dir='ltr'><strong>sponte</strong></span> <span class='ocrx_word' id='word_1_170' title='bbox 2108 1432 2201 1469; x_wconf 90' lang='lat' dir='ltr'><strong>sna</strong></span> <span class='ocrx_word' id='word_1_171' title='bbox 2240 1418 2440 1472; x_wconf 84' lang='lat' dir='ltr'><strong>sultani</strong></span> <span class='ocrx_word' id='word_1_172' title='bbox 2475 1422 2696 1477; x_wconf 76' lang='lat' dir='ltr'><strong>Selimis</strong></span> <span class='ocrx_word' id='word_1_173' title='bbox 2730 1426 2981 1491; x_wconf 81' lang='lat' dir='ltr'><strong>potestati</strong></span> <span class='ocrx_word' id='word_1_174' title='bbox 3020 1442 3078 1480; x_wconf 92' lang='lat' dir='ltr'><strong>se</strong></span> <span class='ocrx_word' id='word_1_175' title='bbox 3115 1428 3460 1495; x_wconf 81' lang='lat' dir='ltr'><strong>permiserat.</strong></span> 
     </span>
    </p>
   </div>
   <div class='ocr_carea' id='block_1_29' title="bbox 1878 1505 3461 1585">
    <p class='ocr_par' dir='ltr' id='par_1_29' title="bbox 1878 1505 3461 1585">
     <span class='ocr_line' id='line_1_29' title="bbox 1878 1505 3461 1585; baseline 0.01 -27"><span class='ocrx_word' id='word_1_176' title='bbox 1878 1505 1979 1562; x_wconf 78' lang='lat' dir='ltr'><strong>llic</strong></span> <span class='ocrx_word' id='word_1_177' title='bbox 2012 1526 2040 1562; x_wconf 89' lang='lat' dir='ltr'><strong>a</strong></span> <span class='ocrx_word' id='word_1_178' title='bbox 2094 1510 2319 1574; x_wconf 89' lang='lat' dir='ltr'><strong>Selime,</strong></span> <span class='ocrx_word' id='word_1_179' title='bbox 2376 1527 2571 1582; x_wconf 63' lang='lat' dir='ltr'><strong>printer</strong></span> <span class='ocrx_word' id='word_1_180' title='bbox 2603 1513 2869 1571; x_wconf 83' lang='lat' dir='ltr'><strong>Jonuzem</strong></span> <span class='ocrx_word' id='word_1_181' title='bbox 2903 1519 3144 1585; x_wconf 88' lang='lat' dir='ltr'><strong>bassam,</strong></span> <span class='ocrx_word' id='word_1_182' title='bbox 3184 1521 3249 1574; x_wconf 88' lang='lat' dir='ltr'><strong>ad</strong></span> <span class='ocrx_word' id='word_1_183' title='bbox 3280 1522 3461 1575; x_wconf 65' lang='lat' dir='ltr'><strong>Alcai«</strong></span> 
     </span>
    </p>
   </div>
   <div class='ocr_carea' id='block_1_30' title="bbox 1878 1604 3455 1677">
    <p class='ocr_par' dir='ltr' id='par_1_30' title="bbox 1878 1604 3455 1677">
     <span class='ocr_line' id='line_1_30' title="bbox 1878 1604 3455 1677; baseline 0.007 -23"><span class='ocrx_word' id='word_1_184' title='bbox 1878 1617 1999 1655; x_wconf 83' lang='lat' dir='ltr'><strong>rum</strong></span> <span class='ocrx_word' id='word_1_185' title='bbox 2034 1604 2280 1667; x_wconf 81' lang='lat' dir='ltr'><strong>relictus,</strong></span> <span class='ocrx_word' id='word_1_186' title='bbox 2326 1606 2533 1659; x_wconf 79' lang='lat' dir='ltr'><strong>litteras</strong></span> <span class='ocrx_word' id='word_1_187' title='bbox 2570 1608 2636 1659; x_wconf 90' lang='lat' dir='ltr'><strong>ad</strong></span> <span class='ocrx_word' id='word_1_188' title='bbox 2671 1622 2794 1661; x_wconf 89' lang='lat' dir='ltr'><strong>eum</strong></span> <span class='ocrx_word' id='word_1_189' title='bbox 2826 1608 2937 1677; x_wconf 88' lang='lat' dir='ltr'><strong>jam</strong></span> <span class='ocrx_word' id='word_1_190' title='bbox 2969 1611 3093 1664; x_wconf 82' lang='lat' dir='ltr'><strong>inde</strong></span> <span class='ocrx_word' id='word_1_191' title='bbox 3126 1614 3455 1677; x_wconf 78' lang='lat' dir='ltr'><strong>digressum,</strong></span> 
     </span>
    </p>
   </div>
   <div class='ocr_carea' id='block_1_31' title="bbox 1878 1694 3459 1766">
    <p class='ocr_par' dir='ltr' id='par_1_31' title="bbox 1878 1694 3459 1766">
     <span class='ocr_line' id='line_1_31' title="bbox 1878 1694 3459 1766; baseline 0.008 -20"><span class='ocrx_word' id='word_1_192' title='bbox 1878 1694 2027 1747; x_wconf 89' lang='lat' dir='ltr'><strong>misit</strong></span> <span class='ocrx_word' id='word_1_193' title='bbox 2058 1697 2371 1763; x_wconf 74' lang='lat' dir='ltr'><strong>obsignatas</strong></span> <span class='ocrx_word' id='word_1_194' title='bbox 2409 1713 2421 1749; x_wconf 91' lang='lat'>:</span> <span class='ocrx_word' id='word_1_195' title='bbox 2452 1698 2737 1766; x_wconf 85' lang='lat' dir='ltr'><strong>quibusin</strong></span> <span class='ocrx_word' id='word_1_196' title='bbox 2781 1698 2977 1753; x_wconf 89' lang='lat' dir='ltr'><strong>litteris</strong></span> <span class='ocrx_word' id='word_1_197' title='bbox 3030 1700 3295 1757; x_wconf 81' lang='lat' dir='ltr'><strong>Jonnzem</strong></span> <span class='ocrx_word' id='word_1_198' title='bbox 3332 1704 3459 1757; x_wconf 90' lang='lat' dir='ltr'><strong>bas-</strong></span> 
     </span>
    </p>
   </div>
   <div class='ocr_carea' id='block_1_32' title="bbox 1878 1792 3458 1865">
    <p class='ocr_par' dir='ltr' id='par_1_32' title="bbox 1878 1792 3458 1865">
     <span class='ocr_line' id='line_1_32' title="bbox 1878 1792 3458 1865; baseline 0.007 -25"><span class='ocrx_word' id='word_1_199' title='bbox 1878 1802 1991 1840; x_wconf 88' lang='lat' dir='ltr'><strong>sam</strong></span> <span class='ocrx_word' id='word_1_200' title='bbox 2043 1802 2334 1851; x_wconf 86' lang='lat' dir='ltr'><strong>accusans,</strong></span> <span class='ocrx_word' id='word_1_201' title='bbox 2384 1792 2780 1859; x_wconf 85' lang='lat' dir='ltr'><strong>perscripserat</strong></span> <span class='ocrx_word' id='word_1_202' title='bbox 2826 1792 3116 1862; x_wconf 55' lang='lat' dir='ltr'><strong>[Ethiopcs</strong></span> <span class='ocrx_word' id='word_1_203' title='bbox 3153 1809 3207 1850; x_wconf 92' lang='lat' dir='ltr'><strong>et</strong></span> <span class='ocrx_word' id='word_1_204' title='bbox 3248 1800 3458 1865; x_wconf 80' lang='lat' dir='ltr'><strong>plebem</strong></span> 
     </span>
    </p>
   </div>
   <div class='ocr_carea' id='block_1_33' title="bbox 180 1860 3460 1957">
    <p class='ocr_par' dir='ltr' id='par_1_33' title="bbox 180 1860 3460 1957">
     <span class='ocr_line' id='line_1_33' title="bbox 180 1860 3460 1957; baseline 0.011 -48"><span class='ocrx_word' id='word_1_205' title='bbox 180 1860 310 1910; x_wconf 88' lang='lat' dir='ltr'><strong>dem</strong></span> <span class='ocrx_word' id='word_1_206' title='bbox 340 1860 393 1912; x_wconf 90' lang='lat' dir='ltr'><strong>in</strong></span> <span class='ocrx_word' id='word_1_207' title='bbox 430 1861 562 1927; x_wconf 88' lang='lat' dir='ltr'><strong>ipsis</strong></span> <span class='ocrx_word' id='word_1_208' title='bbox 592 1863 787 1931; x_wconf 82' lang='lat' dir='ltr'><strong>plateis</strong></span> <span class='ocrx_word' id='word_1_209' title='bbox 818 1876 869 1918; x_wconf 82' lang='lat' dir='ltr'><strong>et</strong></span> <span class='ocrx_word' id='word_1_210' title='bbox 903 1868 1038 1922; x_wconf 79' lang='lat' dir='ltr'><strong>vicis</strong></span> <span class='ocrx_word' id='word_1_211' title='bbox 1073 1870 1223 1925; x_wconf 87' lang='lat' dir='ltr'><strong>urbis</strong></span> <span class='ocrx_word' id='word_1_212' title='bbox 1255 1870 1523 1926; x_wconf 83' lang='lat' dir='ltr'><strong>adversus</strong></span> <span class='ocrx_word' id='word_1_213' title='bbox 1557 1872 1773 1928; x_wconf 68' lang='lat' dir='ltr'><strong>Circae-</strong></span> <span class='ocrx_word' id='word_1_214' title='bbox 1807 1872 1845 1926; x_wconf 83' lang='lat' dir='ltr'>B</span> <span class='ocrx_word' id='word_1_215' title='bbox 1879 1879 2139 1931; x_wconf 85' lang='lat' dir='ltr'><strong>urbanam</strong></span> <span class='ocrx_word' id='word_1_216' title='bbox 2188 1877 2379 1933; x_wconf 84' lang='lat' dir='ltr'><strong>Jonuzi</strong></span> <span class='ocrx_word' id='word_1_217' title='bbox 2436 1880 2612 1936; x_wconf 70' lang='lat' dir='ltr'><strong>bassae</strong></span> <span class='ocrx_word' id='word_1_218' title='bbox 2667 1884 2868 1938; x_wconf 83' lang='lat' dir='ltr'><strong>sultani</strong></span> <span class='ocrx_word' id='word_1_219' title='bbox 2926 1889 3165 1941; x_wconf 88' lang='lat' dir='ltr'><strong>tribuere</strong></span> <span class='ocrx_word' id='word_1_220' title='bbox 3217 1890 3460 1957; x_wconf 84' lang='lat' dir='ltr'><strong>titulum,</strong></span> 
     </span>
    </p>
   </div>
   <div class='ocr_carea' id='block_1_34' title="bbox 184 1952 1775 2034">
    <p class='ocr_par' dir='ltr' id='par_1_34' title="bbox 184 1952 1775 2034">
     <span class='ocr_line' id='line_1_34' title="bbox 184 1952 1775 2034; baseline 0.012 -31"><span class='ocrx_word' id='word_1_221' title='bbox 184 1967 285 2005; x_wconf 81' lang='lat' dir='ltr'><strong>sos</strong></span> <span class='ocrx_word' id='word_1_222' title='bbox 331 1963 383 2006; x_wconf 87' lang='lat' dir='ltr'><strong>et</strong></span> <span class='ocrx_word' id='word_1_223' title='bbox 437 1952 770 2012; x_wconf 77' lang='lat' dir='ltr'><strong>Mamelncns</strong></span> <span class='ocrx_word' id='word_1_224' title='bbox 802 1960 1071 2015; x_wconf 74' lang='lat' dir='ltr'><strong>acerrime</strong></span> <span class='ocrx_word' id='word_1_225' title='bbox 1105 1962 1459 2018; x_wconf 86' lang='lat' dir='ltr'><strong>dimicarunt.</strong></span> <span class='ocrx_word' id='word_1_226' title='bbox 1495 1964 1608 2019; x_wconf 80' lang='lat' dir='ltr'><strong>Hoc</strong></span> <span class='ocrx_word' id='word_1_227' title='bbox 1637 1982 1775 2034; x_wconf 64' lang='lat' dir='ltr'><strong>pra-</strong></span> 
     </span>
    </p>
   </div>
   <div class='ocr_carea' id='block_1_35' title="bbox 180 2046 1776 2127">
    <p class='ocr_par' dir='ltr' id='par_1_35' title="bbox 180 2046 1776 2127">
     <span class='ocr_line' id='line_1_35' title="bbox 180 2046 1776 2127; baseline 0.012 -30"><span class='ocrx_word' id='word_1_228' title='bbox 180 2046 262 2099; x_wconf 90' lang='lat' dir='ltr'><strong>lio</strong></span> <span class='ocrx_word' id='word_1_229' title='bbox 296 2048 493 2117; x_wconf 87' lang='lat' dir='ltr'><strong>sagitta</strong></span> <span class='ocrx_word' id='word_1_230' title='bbox 531 2049 769 2107; x_wconf 83' lang='lat' dir='ltr'><strong>Jonuzes</strong></span> <span class='ocrx_word' id='word_1_231' title='bbox 810 2055 969 2109; x_wconf 82' lang='lat' dir='ltr'><strong>bassa</strong></span> <span class='ocrx_word' id='word_1_232' title='bbox 1020 2064 1130 2111; x_wconf 86' lang='lat' dir='ltr'><strong>tam</strong></span> <span class='ocrx_word' id='word_1_233' title='bbox 1186 2060 1425 2127; x_wconf 77' lang='lat' dir='ltr'><strong>graviter</strong></span> <span class='ocrx_word' id='word_1_234' title='bbox 1460 2060 1776 2117; x_wconf 80' lang='lat' dir='ltr'><strong>vulneratus</strong></span> 
     </span>
    </p>
   </div>
   <div class='ocr_carea' id='block_1_36' title="bbox 178 2137 1777 2222">
    <p class='ocr_par' dir='ltr' id='par_1_36' title="bbox 178 2137 1777 2222">
     <span class='ocr_line' id='line_1_36' title="bbox 178 2137 1777 2222; baseline 0.014 -34"><span class='ocrx_word' id='word_1_235' title='bbox 178 2137 313 2199; x_wconf 73' lang='lat' dir='ltr'><strong>fuit,</strong></span> <span class='ocrx_word' id='word_1_236' title='bbox 348 2151 407 2194; x_wconf 88' lang='lat' dir='ltr'><strong>ut</strong></span> <span class='ocrx_word' id='word_1_237' title='bbox 439 2156 467 2194; x_wconf 90' lang='lat' dir='ltr'><strong>a</strong></span> <span class='ocrx_word' id='word_1_238' title='bbox 496 2144 614 2198; x_wconf 87' lang='lat' dir='ltr'><strong>suis</strong></span> <span class='ocrx_word' id='word_1_239' title='bbox 668 2145 942 2214; x_wconf 79' lang='lat' dir='ltr'><strong>sublatus,</strong></span> <span class='ocrx_word' id='word_1_240' title='bbox 977 2164 1007 2203; x_wconf 78' lang='grc' dir='ltr'><strong>θ</strong></span> <span class='ocrx_word' id='word_1_241' title='bbox 1045 2151 1221 2203; x_wconf 90' lang='lat' dir='ltr'><strong>media</strong></span> <span class='ocrx_word' id='word_1_242' title='bbox 1256 2168 1433 2222; x_wconf 85' lang='lat' dir='ltr'><strong>pugna</strong></span> <span class='ocrx_word' id='word_1_243' title='bbox 1464 2164 1777 2222; x_wconf 75' lang='lat' dir='ltr'><strong>exportare-</strong></span> 
     </span>
    </p>
   </div>
   <div class='ocr_carea' id='block_1_37' title="bbox 178 2231 1773 2314">
    <p class='ocr_par' dir='ltr' id='par_1_37' title="bbox 178 2231 1773 2314">
     <span class='ocr_line' id='line_1_37' title="bbox 178 2231 1773 2314; baseline 0.013 -31"><span class='ocrx_word' id='word_1_244' title='bbox 178 2240 295 2284; x_wconf 89' lang='lat' dir='ltr'><strong>tnr.</strong></span> <span class='ocrx_word' id='word_1_245' title='bbox 328 2231 383 2287; x_wconf 85' lang='lat' dir='ltr'><strong>Id</strong></span> <span class='ocrx_word' id='word_1_246' title='bbox 405 2236 760 2305; x_wconf 85' lang='lat' dir='ltr'><strong>conspicatus</strong></span> <span class='ocrx_word' id='word_1_247' title='bbox 793 2237 1026 2296; x_wconf 84' lang='lat' dir='ltr'><strong>Selimes</strong></span> <span class='ocrx_word' id='word_1_248' title='bbox 1091 2259 1267 2313; x_wconf 86' lang='lat' dir='ltr'><strong>usque</strong></span> <span class='ocrx_word' id='word_1_249' title='bbox 1294 2245 1433 2300; x_wconf 77' lang='lat' dir='ltr'><strong>adeo</strong></span> <span class='ocrx_word' id='word_1_250' title='bbox 1460 2250 1773 2314; x_wconf 59' lang='lat' dir='ltr'><strong>exeunduit,</strong></span> 
     </span>
    </p>
   </div>
   <div class='ocr_carea' id='block_1_38' title="bbox 176 2327 1774 2413">
    <p class='ocr_par' dir='ltr' id='par_1_38' title="bbox 176 2327 1774 2413">
     <span class='ocr_line' id='line_1_38' title="bbox 176 2327 1774 2413; baseline 0.014 -37"><span class='ocrx_word' id='word_1_251' title='bbox 176 2337 240 2378; x_wconf 74' lang='lat' dir='ltr'><strong>ut</strong></span> <span class='ocrx_word' id='word_1_252' title='bbox 268 2327 470 2381; x_wconf 89' lang='lat' dir='ltr'><strong>milites</strong></span> <span class='ocrx_word' id='word_1_253' title='bbox 516 2346 579 2381; x_wconf 72' lang='lat' dir='ltr'><strong>et</strong></span> <span class='ocrx_word' id='word_1_254' title='bbox 612 2332 769 2398; x_wconf 72' lang='lat' dir='ltr'><strong>equ‘s</strong></span> <span class='ocrx_word' id='word_1_255' title='bbox 800 2333 1132 2390; x_wconf 80' lang='lat' dir='ltr'><strong>descendere</strong></span> <span class='ocrx_word' id='word_1_256' title='bbox 1183 2337 1423 2406; x_wconf 89' lang='lat' dir='ltr'><strong>juberet,</strong></span> <span class='ocrx_word' id='word_1_257' title='bbox 1464 2356 1525 2394; x_wconf 91' lang='lat' dir='ltr'><strong>ac</strong></span> <span class='ocrx_word' id='word_1_258' title='bbox 1567 2345 1774 2413; x_wconf 84' lang='lat' dir='ltr'><strong>pedites</strong></span> 
     </span>
    </p>
   </div>
   <div class='ocr_carea' id='block_1_39' title="bbox 183 2420 1773 2501">
    <p class='ocr_par' dir='ltr' id='par_1_39' title="bbox 183 2420 1773 2501">
     <span class='ocr_line' id='line_1_39' title="bbox 183 2420 1773 2501; baseline 0.013 -32"><span class='ocrx_word' id='word_1_259' title='bbox 183 2420 306 2474; x_wconf 82' lang='lat' dir='ltr'><strong>suis</strong></span> <span class='ocrx_word' id='word_1_260' title='bbox 333 2428 612 2490; x_wconf 85' lang='lat' dir='ltr'><strong>suppetias</strong></span> <span class='ocrx_word' id='word_1_261' title='bbox 645 2424 807 2480; x_wconf 78' lang='lat' dir='ltr'><strong>ferre.</strong></span> <span class='ocrx_word' id='word_1_262' title='bbox 838 2428 990 2492; x_wconf 77' lang='lat' dir='ltr'><strong>Quod</strong></span> <span class='ocrx_word' id='word_1_263' title='bbox 1024 2444 1145 2483; x_wconf 87' lang='lat' dir='ltr'><strong>cum</strong></span> <span class='ocrx_word' id='word_1_264' title='bbox 1176 2432 1384 2501; x_wconf 89' lang='lat' dir='ltr'><strong>absque</strong></span> <span class='ocrx_word' id='word_1_265' title='bbox 1418 2450 1569 2489; x_wconf 89' lang='lat' dir='ltr'><strong>mora</strong></span> <span class='ocrx_word' id='word_1_266' title='bbox 1602 2438 1773 2501; x_wconf 82' lang='lat' dir='ltr'><strong>ﬁeret,</strong></span> 
     </span>
    </p>
   </div>
   <div class='ocr_carea' id='block_1_40' title="bbox 177 2512 1773 2591">
    <p class='ocr_par' dir='ltr' id='par_1_40' title="bbox 177 2512 1773 2591">
     <span class='ocr_line' id='line_1_40' title="bbox 177 2512 1773 2591; baseline 0.011 -28"><span class='ocrx_word' id='word_1_267' title='bbox 177 2522 236 2563; x_wconf 91' lang='lat' dir='ltr'><strong>et</strong></span> <span class='ocrx_word' id='word_1_268' title='bbox 277 2512 355 2564; x_wconf 90' lang='lat' dir='ltr'><strong>illi</strong></span> <span class='ocrx_word' id='word_1_269' title='bbox 403 2514 623 2579; x_wconf 72' lang='lat' dir='ltr'><strong>milites,</strong></span> <span class='ocrx_word' id='word_1_270' title='bbox 671 2518 761 2585; x_wconf 84' lang='lat' dir='ltr'><strong>qui</strong></span> <span class='ocrx_word' id='word_1_271' title='bbox 808 2522 1141 2589; x_wconf 64' lang='lat' dir='ltr'><strong>cmteioquin</strong></span> <span class='ocrx_word' id='word_1_272' title='bbox 1190 2540 1252 2577; x_wconf 80' lang='lat' dir='ltr'><strong>ex</strong></span> <span class='ocrx_word' id='word_1_273' title='bbox 1306 2527 1459 2591; x_wconf 88' lang='lat' dir='ltr'><strong>cquis</strong></span> <span class='ocrx_word' id='word_1_274' title='bbox 1513 2527 1773 2581; x_wconf 81' lang='lat' dir='ltr'><strong>dimicare</strong></span> 
     </span>
    </p>
   </div>
   <div class='ocr_carea' id='block_1_41' title="bbox 177 2601 1773 2688">
    <p class='ocr_par' dir='ltr' id='par_1_41' title="bbox 177 2601 1773 2688">
     <span class='ocr_line' id='line_1_41' title="bbox 177 2601 1773 2688; baseline 0.014 -37"><span class='ocrx_word' id='word_1_275' title='bbox 177 2601 459 2667; x_wconf 66' lang='lat' dir='ltr'><strong>solebant,</strong></span> <span class='ocrx_word' id='word_1_276' title='bbox 526 2608 731 2673; x_wconf 86' lang='lat' dir='ltr'><strong>pedites</strong></span> <span class='ocrx_word' id='word_1_277' title='bbox 802 2611 990 2665; x_wconf 86' lang='lat' dir='ltr'><strong>urbem</strong></span> <span class='ocrx_word' id='word_1_278' title='bbox 1057 2614 1474 2682; x_wconf 76' lang='lat' dir='ltr'><strong>ingrederentur</strong></span> <span class='ocrx_word' id='word_1_279' title='bbox 1528 2636 1542 2669; x_wconf 89' lang='lat'><strong>:</strong></span> <span class='ocrx_word' id='word_1_280' title='bbox 1607 2635 1773 2688; x_wconf 85' lang='lat' dir='ltr'><strong>prope</strong></span> 
     </span>
    </p>
   </div>
   <div class='ocr_carea' id='block_1_42' title="bbox 173 2693 1766 2775">
    <p class='ocr_par' dir='ltr' id='par_1_42' title="bbox 173 2693 1766 2775">
     <span class='ocr_line' id='line_1_42' title="bbox 173 2693 1766 2775; baseline 0.013 -32"><span class='ocrx_word' id='word_1_281' title='bbox 173 2693 448 2762; x_wconf 78' lang='lat' dir='ltr'><strong>templum</strong></span> <span class='ocrx_word' id='word_1_282' title='bbox 487 2700 811 2763; x_wconf 78' lang='lat' dir='ltr'><strong>maximum,</strong></span> <span class='ocrx_word' id='word_1_283' title='bbox 865 2704 1011 2770; x_wconf 89' lang='lat' dir='ltr'><strong>quod</strong></span> <span class='ocrx_word' id='word_1_284' title='bbox 1045 2704 1311 2762; x_wconf 83' lang='lat' dir='ltr'><strong>Chasanis</strong></span> <span class='ocrx_word' id='word_1_285' title='bbox 1353 2708 1503 2763; x_wconf 88' lang='lat' dir='ltr'><strong>Zami</strong></span> <span class='ocrx_word' id='word_1_286' title='bbox 1550 2723 1766 2775; x_wconf 76' lang='lat' dir='ltr'><strong>vorant,</strong></span> 
     </span>
    </p>
   </div>
   <div class='ocr_carea' id='block_1_43' title="bbox 170 2787 1766 2859">
    <p class='ocr_par' dir='ltr' id='par_1_43' title="bbox 170 2787 1766 2859">
     <span class='ocr_line' id='line_1_43' title="bbox 170 2787 1766 2859; baseline 0.015 -24"><span class='ocrx_word' id='word_1_287' title='bbox 170 2800 307 2838; x_wconf 75' lang='lat' dir='ltr'><strong>cum</strong></span> <span class='ocrx_word' id='word_1_288' title='bbox 345 2787 615 2843; x_wconf 68' lang='lat' dir='ltr'><strong>Circassis</strong></span> <span class='ocrx_word' id='word_1_289' title='bbox 662 2799 715 2843; x_wconf 87' lang='lat' dir='ltr'><strong>et</strong></span> <span class='ocrx_word' id='word_1_290' title='bbox 761 2790 1080 2850; x_wconf 76' lang='lat' dir='ltr'><strong>Mamelucis</strong></span> <span class='ocrx_word' id='word_1_291' title='bbox 1126 2814 1347 2851; x_wconf 90' lang='lat' dir='ltr'><strong>manum</strong></span> <span class='ocrx_word' id='word_1_292' title='bbox 1396 2815 1766 2859; x_wconf 86' lang='lat' dir='ltr'><strong>conseruere:</strong></span> 
     </span>
    </p>
   </div>
   <div class='ocr_carea' id='block_1_44' title="bbox 172 2886 1769 2963">
    <p class='ocr_par' dir='ltr' id='par_1_44' title="bbox 172 2886 1769 2963">
     <span class='ocr_line' id='line_1_44' title="bbox 172 2886 1769 2963; baseline 0.013 -34"><span class='ocrx_word' id='word_1_293' title='bbox 172 2897 288 2945; x_wconf 83' lang='lat' dir='ltr'><strong>qua</strong></span> <span class='ocrx_word' id='word_1_294' title='bbox 324 2896 503 2948; x_wconf 74' lang='lat' dir='ltr'><strong>pugna</strong></span> <span class='ocrx_word' id='word_1_295' title='bbox 538 2891 619 2935; x_wconf 88' lang='lat' dir='ltr'><strong>tot</strong></span> <span class='ocrx_word' id='word_1_296' title='bbox 663 2886 728 2936; x_wconf 91' lang='lat' dir='ltr'><strong>ab</strong></span> <span class='ocrx_word' id='word_1_297' title='bbox 760 2894 990 2955; x_wconf 89' lang='lat' dir='ltr'><strong>utraque</strong></span> <span class='ocrx_word' id='word_1_298' title='bbox 1016 2898 1168 2957; x_wconf 90' lang='lat' dir='ltr'><strong>parte</strong></span> <span class='ocrx_word' id='word_1_299' title='bbox 1200 2891 1325 2945; x_wconf 63' lang='lat' dir='ltr'><strong>caesi</strong></span> <span class='ocrx_word' id='word_1_300' title='bbox 1358 2903 1502 2955; x_wconf 88' lang='lat' dir='ltr'><strong>sunt,</strong></span> <span class='ocrx_word' id='word_1_301' title='bbox 1553 2904 1609 2947; x_wconf 91' lang='lat' dir='ltr'><strong>ut</strong></span> <span class='ocrx_word' id='word_1_302' title='bbox 1651 2910 1769 2963; x_wconf 87' lang='lat' dir='ltr'><strong>pas-</strong></span> 
     </span>
    </p>
   </div>
   <div class='ocr_carea' id='block_1_45' title="bbox 174 2971 1769 3047">
    <p class='ocr_par' dir='ltr' id='par_1_45' title="bbox 174 2971 1769 3047">
     <span class='ocr_line' id='line_1_45' title="bbox 174 2971 1769 3047; baseline 0.011 -26"><span class='ocrx_word' id='word_1_303' title='bbox 174 2974 285 3022; x_wconf 28' lang='lat' dir='ltr'><strong>sim</strong></span> <span class='ocrx_word' id='word_1_304' title='bbox 327 2988 423 3039; x_wconf 85' lang='lat' dir='ltr'><strong>per</strong></span> <span class='ocrx_word' id='word_1_305' title='bbox 480 2971 686 3038; x_wconf 78' lang='lat' dir='ltr'><strong>plateas</strong></span> <span class='ocrx_word' id='word_1_306' title='bbox 743 2976 898 3042; x_wconf 82' lang='lat' dir='ltr'><strong>plena</strong></span> <span class='ocrx_word' id='word_1_307' title='bbox 940 2993 1348 3047; x_wconf 87' lang='lat' dir='ltr'><strong>peremptorum</strong></span> <span class='ocrx_word' id='word_1_308' title='bbox 1412 2984 1769 3039; x_wconf 85' lang='lat' dir='ltr'><strong>cadaveribus</strong></span> 
     </span>
    </p>
   </div>
   <div class='ocr_carea' id='block_1_46' title="bbox 169 3064 1765 3132">
    <p class='ocr_par' dir='ltr' id='par_1_46' title="bbox 169 3064 1765 3132">
     <span class='ocr_line' id='line_1_46' title="bbox 169 3064 1765 3132; baseline 0.013 -21"><span class='ocrx_word' id='word_1_309' title='bbox 169 3073 367 3115; x_wconf 67' lang='lat' dir='ltr'><strong>essent</strong></span> <span class='ocrx_word' id='word_1_310' title='bbox 416 3065 621 3116; x_wconf 83' lang='lat' dir='ltr'><strong>omnia.</strong></span> <span class='ocrx_word' id='word_1_311' title='bbox 668 3064 909 3121; x_wconf 81' lang='lat' dir='ltr'><strong>Tandem</strong></span> <span class='ocrx_word' id='word_1_312' title='bbox 968 3068 1253 3127; x_wconf 88' lang='lat' dir='ltr'><strong>Selimiani</strong></span> <span class='ocrx_word' id='word_1_313' title='bbox 1308 3077 1487 3129; x_wconf 90' lang='lat' dir='ltr'><strong>denuo</strong></span> <span class='ocrx_word' id='word_1_314' title='bbox 1540 3078 1765 3132; x_wconf 86' lang='lat' dir='ltr'><strong>victoria</strong></span> 
     </span>
    </p>
   </div>
   <div class='ocr_carea' id='block_1_47' title="bbox 176 3157 1837 3230">
    <p class='ocr_par' dir='ltr' id='par_1_47' title="bbox 176 3157 1837 3230">
     <span class='ocr_line' id='line_1_47' title="bbox 176 3157 1837 3230; baseline 0.012 -23"><span class='ocrx_word' id='word_1_315' title='bbox 176 3157 343 3222; x_wconf 69' lang='grc' dir='ltr'>μοι.ιί</span> <span class='ocrx_word' id='word_1_316' title='bbox 383 3158 625 3218; x_wconf 81' lang='lat' dir='ltr'><strong>fuerunt,</strong></span> <span class='ocrx_word' id='word_1_317' title='bbox 663 3170 716 3213; x_wconf 86' lang='lat' dir='ltr'><strong>ct</strong></span> <span class='ocrx_word' id='word_1_318' title='bbox 747 3160 1159 3219; x_wconf 85' lang='lat' dir='ltr'><strong>Tommambais</strong></span> <span class='ocrx_word' id='word_1_319' title='bbox 1209 3168 1407 3221; x_wconf 89' lang='lat' dir='ltr'><strong>iterum</strong></span> <span class='ocrx_word' id='word_1_320' title='bbox 1459 3186 1580 3223; x_wconf 91' lang='lat' dir='ltr'><strong>cum</strong></span> <span class='ocrx_word' id='word_1_321' title='bbox 1630 3187 1767 3225; x_wconf 90' lang='lat' dir='ltr'><strong>nou-</strong></span> <span class='ocrx_word' id='word_1_322' title='bbox 1798 3211 1837 3230; x_wconf 67' lang='grc' dir='ltr'><strong>τ.</strong></span> 
     </span>
    </p>
   </div>
   <div class='ocr_carea' id='block_1_48' title="bbox 173 3248 1764 3333">
    <p class='ocr_par' dir='ltr' id='par_1_48' title="bbox 173 3248 1764 3333">
     <span class='ocr_line' id='line_1_48' title="bbox 173 3248 1764 3333; baseline 0.012 -34"><span class='ocrx_word' id='word_1_323' title='bbox 173 3248 353 3302; x_wconf 79' lang='lat' dir='ltr'><strong>nullis</strong></span> <span class='ocrx_word' id='word_1_324' title='bbox 411 3264 637 3307; x_wconf 74' lang='lat' dir='ltr'><strong>socrum</strong></span> <span class='ocrx_word' id='word_1_325' title='bbox 702 3252 756 3305; x_wconf 92' lang='lat' dir='ltr'><strong>in</strong></span> <span class='ocrx_word' id='word_1_326' title='bbox 799 3254 1073 3321; x_wconf 89' lang='lat' dir='ltr'><strong>regionem</strong></span> <span class='ocrx_word' id='word_1_327' title='bbox 1141 3256 1445 3315; x_wconf 88' lang='lat' dir='ltr'><strong>Sailensem</strong></span> <span class='ocrx_word' id='word_1_328' title='bbox 1506 3264 1764 3333; x_wconf 78' lang='lat' dir='ltr'><strong>profugit.</strong></span> 
     </span>
    </p>
   </div>
   <div class='ocr_carea' id='block_1_49' title="bbox 171 3341 1012 3400">
    <p class='ocr_par' dir='ltr' id='par_1_49' title="bbox 171 3341 1012 3400">
     <span class='ocr_line' id='line_1_49' title="bbox 171 3341 1012 3400; baseline 0.007 -7"><span class='ocrx_word' id='word_1_329' title='bbox 171 3341 518 3394; x_wconf 69' lang='lat' dir='ltr'><strong>Acciderunt</strong></span> <span class='ocrx_word' id='word_1_330' title='bbox 551 3342 665 3397; x_wconf 76' lang='lat' dir='ltr'><strong>haec</strong></span> <span class='ocrx_word' id='word_1_331' title='bbox 701 3360 845 3397; x_wconf 88' lang='lat' dir='ltr'><strong>anno</strong></span> <span class='ocrx_word' id='word_1_332' title='bbox 887 3345 1012 3400; x_wconf 75' lang='grc'><strong>925.</strong></span> 
     </span>
    </p>
   </div>
   <div class='ocr_carea' id='block_1_50' title="bbox 254 3439 1769 3506">
    <p class='ocr_par' dir='ltr' id='par_1_50' title="bbox 254 3439 1769 3506">
     <span class='ocr_line' id='line_1_50' title="bbox 254 3439 1769 3506; baseline 0.011 -17"><span class='ocrx_word' id='word_1_333' title='bbox 254 3439 390 3491; x_wconf 53' lang='lat' dir='ltr'><strong>l‘ost</strong></span> <span class='ocrx_word' id='word_1_334' title='bbox 422 3439 508 3491; x_wconf 87' lang='lat' dir='ltr'><strong>illa</strong></span> <span class='ocrx_word' id='word_1_335' title='bbox 546 3455 668 3493; x_wconf 88' lang='lat' dir='ltr'><strong>cum</strong></span> <span class='ocrx_word' id='word_1_336' title='bbox 698 3443 849 3494; x_wconf 90' lang='lat' dir='ltr'><strong>omni</strong></span> <span class='ocrx_word' id='word_1_337' title='bbox 894 3445 1137 3497; x_wconf 79' lang='lat' dir='ltr'><strong>exercitu</strong></span> <span class='ocrx_word' id='word_1_338' title='bbox 1173 3446 1403 3503; x_wconf 79' lang='lat' dir='ltr'><strong>Selimes</strong></span> <span class='ocrx_word' id='word_1_339' title='bbox 1444 3451 1630 3504; x_wconf 85' lang='lat' dir='ltr'><strong>urbem</strong></span> <span class='ocrx_word' id='word_1_340' title='bbox 1690 3452 1769 3506; x_wconf 86' lang='lat' dir='ltr'><strong>in-</strong></span> 
     </span>
    </p>
   </div>
   <div class='ocr_carea' id='block_1_51' title="bbox 170 3531 1770 3599">
    <p class='ocr_par' dir='ltr' id='par_1_51' title="bbox 170 3531 1770 3599">
     <span class='ocr_line' id='line_1_51' title="bbox 170 3531 1770 3599; baseline 0.011 -21"><span class='ocrx_word' id='word_1_341' title='bbox 170 3544 427 3595; x_wconf 75' lang='lat' dir='ltr'><strong>gressus,</strong></span> <span class='ocrx_word' id='word_1_342' title='bbox 465 3531 515 3582; x_wconf 92' lang='lat' dir='ltr'><strong>in</strong></span> <span class='ocrx_word' id='word_1_343' title='bbox 551 3531 669 3598; x_wconf 85' lang='lat' dir='ltr'><strong>ipso</strong></span> <span class='ocrx_word' id='word_1_344' title='bbox 704 3533 905 3599; x_wconf 84' lang='lat' dir='ltr'><strong>palatio</strong></span> <span class='ocrx_word' id='word_1_345' title='bbox 947 3535 1225 3589; x_wconf 90' lang='lat' dir='ltr'><strong>sultanino</strong></span> <span class='ocrx_word' id='word_1_346' title='bbox 1253 3539 1492 3595; x_wconf 82' lang='lat' dir='ltr'><strong>divertit.</strong></span> <span class='ocrx_word' id='word_1_347' title='bbox 1530 3541 1770 3596; x_wconf 84' lang='lat' dir='ltr'><strong>Fuerant</strong></span> 
     </span>
    </p>
   </div>
   <div class='ocr_carea' id='block_1_52' title="bbox 170 3624 1769 3703">
    <p class='ocr_par' dir='ltr' id='par_1_52' title="bbox 170 3624 1769 3703">
     <span class='ocr_line' id='line_1_52' title="bbox 170 3624 1769 3703; baseline 0.009 -29"><span class='ocrx_word' id='word_1_348' title='bbox 170 3628 229 3674; x_wconf 85' lang='lat' dir='ltr'><strong>in</strong></span> <span class='ocrx_word' id='word_1_349' title='bbox 268 3638 359 3685; x_wconf 87' lang='lat' dir='ltr'><strong>eo,</strong></span> <span class='ocrx_word' id='word_1_350' title='bbox 394 3638 554 3687; x_wconf 85' lang='lat' dir='ltr'><strong>quem</strong></span> <span class='ocrx_word' id='word_1_351' title='bbox 583 3624 843 3688; x_wconf 81' lang='lat' dir='ltr'><strong>diximus.</strong></span> <span class='ocrx_word' id='word_1_352' title='bbox 866 3628 1121 3682; x_wconf 81' lang='lat' dir='ltr'><strong>conﬂictu</strong></span> <span class='ocrx_word' id='word_1_353' title='bbox 1154 3631 1297 3699; x_wconf 89' lang='lat' dir='ltr'><strong>capti</strong></span> <span class='ocrx_word' id='word_1_354' title='bbox 1325 3634 1406 3686; x_wconf 90' lang='lat' dir='ltr'><strong>bis</strong></span> <span class='ocrx_word' id='word_1_355' title='bbox 1434 3634 1583 3687; x_wconf 88' lang='lat' dir='ltr'><strong>mille</strong></span> <span class='ocrx_word' id='word_1_356' title='bbox 1611 3638 1769 3703; x_wconf 87' lang='lat' dir='ltr'><strong>quin-</strong></span> 
     </span>
    </p>
   </div>
   <div class='ocr_carea' id='block_1_53' title="bbox 167 3715 1768 3791">
    <p class='ocr_par' dir='ltr' id='par_1_53' title="bbox 167 3715 1768 3791">
     <span class='ocr_line' id='line_1_53' title="bbox 167 3715 1768 3791; baseline 0.011 -25"><span class='ocrx_word' id='word_1_357' title='bbox 167 3717 325 3782; x_wconf 64' lang='lat' dir='ltr'><strong>gcnti</strong></span> <span class='ocrx_word' id='word_1_358' title='bbox 369 3715 605 3771; x_wconf 80' lang='lat' dir='ltr'><strong>Cirrassi</strong></span> <span class='ocrx_word' id='word_1_359' title='bbox 636 3733 697 3772; x_wconf 88' lang='lat' dir='ltr'><strong>ac</strong></span> <span class='ocrx_word' id='word_1_360' title='bbox 725 3719 1011 3775; x_wconf 78' lang='lat' dir='ltr'><strong>Manteluci</strong></span> <span class='ocrx_word' id='word_1_361' title='bbox 1044 3739 1058 3777; x_wconf 89' lang='lat'><strong>:</strong></span> <span class='ocrx_word' id='word_1_362' title='bbox 1091 3738 1323 3791; x_wconf 90' lang='lat' dir='ltr'><strong>quorum</strong></span> <span class='ocrx_word' id='word_1_363' title='bbox 1359 3727 1424 3781; x_wconf 90' lang='lat' dir='ltr'><strong>ad</strong></span> <span class='ocrx_word' id='word_1_364' title='bbox 1452 3728 1562 3781; x_wconf 90' lang='lat' dir='ltr'><strong>dno</strong></span> <span class='ocrx_word' id='word_1_365' title='bbox 1597 3730 1768 3784; x_wconf 88' lang='lat' dir='ltr'><strong>millia</strong></span> 
     </span>
    </p>
   </div>
   <div class='ocr_carea' id='block_1_54' title="bbox 166 3810 1765 3889">
    <p class='ocr_par' dir='ltr' id='par_1_54' title="bbox 166 3810 1765 3889">
     <span class='ocr_line' id='line_1_54' title="bbox 166 3810 1765 3889; baseline 0.009 -28"><span class='ocrx_word' id='word_1_366' title='bbox 166 3827 195 3861; x_wconf 78' lang='lat' dir='ltr'><strong>s</strong></span> <span class='ocrx_word' id='word_1_367' title='bbox 226 3812 439 3862; x_wconf 79' lang='lat' dir='ltr'><strong>iltanus</strong></span> <span class='ocrx_word' id='word_1_368' title='bbox 484 3810 713 3865; x_wconf 89' lang='lat' dir='ltr'><strong>Selimes</strong></span> <span class='ocrx_word' id='word_1_369' title='bbox 739 3813 1005 3883; x_wconf 83' lang='lat' dir='ltr'><strong>jugulari,</strong></span> <span class='ocrx_word' id='word_1_370' title='bbox 1036 3817 1367 3885; x_wconf 80' lang='lat' dir='ltr'><strong>quingentos</strong></span> <span class='ocrx_word' id='word_1_371' title='bbox 1419 3820 1658 3889; x_wconf 89' lang='lat' dir='ltr'><strong>reliquos</strong></span> <span class='ocrx_word' id='word_1_372' title='bbox 1712 3824 1765 3876; x_wconf 89' lang='lat' dir='ltr'><strong>in</strong></span> 
     </span>
    </p>
   </div>
   <div class='ocr_carea' id='block_1_55' title="bbox 160 3901 1766 3976">
    <p class='ocr_par' dir='ltr' id='par_1_55' title="bbox 160 3901 1766 3976">
     <span class='ocr_line' id='line_1_55' title="bbox 160 3901 1766 3976; baseline 0.009 -25"><span class='ocrx_word' id='word_1_373' title='bbox 160 3901 449 3953; x_wconf 76' lang='lat' dir='ltr'><strong>custodiis</strong></span> <span class='ocrx_word' id='word_1_374' title='bbox 490 3902 680 3956; x_wconf 87' lang='lat' dir='ltr'><strong>haberi</strong></span> <span class='ocrx_word' id='word_1_375' title='bbox 716 3905 908 3970; x_wconf 84' lang='lat' dir='ltr'><strong>jussit.</strong></span> <span class='ocrx_word' id='word_1_376' title='bbox 944 3907 1038 3959; x_wconf 85' lang='lat' dir='ltr'><strong>His</strong></span> <span class='ocrx_word' id='word_1_377' title='bbox 1086 3909 1253 3976; x_wconf 79' lang='lat' dir='ltr'><strong>gestis</strong></span> <span class='ocrx_word' id='word_1_378' title='bbox 1309 3910 1494 3973; x_wconf 88' lang='lat' dir='ltr'><strong>rebus,</strong></span> <span class='ocrx_word' id='word_1_379' title='bbox 1540 3913 1766 3965; x_wconf 89' lang='lat' dir='ltr'><strong>adactus</strong></span> 
     </span>
    </p>
   </div>
   <div class='ocr_carea' id='block_1_56' title="bbox 163 3996 1762 4071">
    <p class='ocr_par' dir='ltr' id='par_1_56' title="bbox 163 3996 1762 4071">
     <span class='ocr_line' id='line_1_56' title="bbox 163 3996 1762 4071; baseline 0.008 -27"><span class='ocrx_word' id='word_1_380' title='bbox 163 4005 430 4045; x_wconf 38' lang='lat' dir='ltr'><strong>ivxtrema</strong></span> <span class='ocrx_word' id='word_1_381' title='bbox 482 3996 811 4049; x_wconf 88' lang='lat' dir='ltr'><strong>necessitate</strong></span> <span class='ocrx_word' id='word_1_382' title='bbox 861 3996 1293 4059; x_wconf 83' lang='lat' dir='ltr'><strong>Tummambais.</strong></span> <span class='ocrx_word' id='word_1_383' title='bbox 1331 4011 1384 4054; x_wconf 92' lang='lat' dir='ltr'><strong>nt</strong></span> <span class='ocrx_word' id='word_1_384' title='bbox 1434 4018 1620 4071; x_wconf 84' lang='lat' dir='ltr'><strong>pacem</strong></span> <span class='ocrx_word' id='word_1_385' title='bbox 1671 4019 1762 4070; x_wconf 86' lang='lat' dir='ltr'><strong>pe-</strong></span> 
     </span>
    </p>
   </div>
   <div class='ocr_carea' id='block_1_57' title="bbox 159 4086 1763 4156">
    <p class='ocr_par' dir='ltr' id='par_1_57' title="bbox 159 4086 1763 4156">
     <span class='ocr_line' id='line_1_57' title="bbox 159 4086 1763 4156; baseline 0.004 -19"><span class='ocrx_word' id='word_1_386' title='bbox 159 4097 350 4149; x_wconf 67' lang='lat' dir='ltr'><strong>teret,</strong></span> <span class='ocrx_word' id='word_1_387' title='bbox 398 4086 665 4153; x_wconf 77' lang='lat' dir='ltr'><strong>insignem</strong></span> <span class='ocrx_word' id='word_1_388' title='bbox 706 4088 1026 4156; x_wconf 80' lang='lat' dir='ltr'><strong>legationem</strong></span> <span class='ocrx_word' id='word_1_389' title='bbox 1080 4091 1145 4143; x_wconf 90' lang='lat' dir='ltr'><strong>ad</strong></span> <span class='ocrx_word' id='word_1_390' title='bbox 1181 4094 1458 4145; x_wconf 88' lang='lat' dir='ltr'><strong>sultannm</strong></span> <span class='ocrx_word' id='word_1_391' title='bbox 1508 4094 1763 4146; x_wconf 85' lang='lat' dir='ltr'><strong>Selimein</strong></span> 
     </span>
    </p>
   </div>
   <div class='ocr_carea' id='block_1_58' title="bbox 165 4177 1762 4253">
    <p class='ocr_par' dir='ltr' id='par_1_58' title="bbox 165 4177 1762 4253">
     <span class='ocr_line' id='line_1_58' title="bbox 165 4177 1762 4253; baseline 0.005 -22"><span class='ocrx_word' id='word_1_392' title='bbox 165 4178 353 4231; x_wconf 83' lang='lat' dir='ltr'><strong>misit.</strong></span> <span class='ocrx_word' id='word_1_393' title='bbox 396 4177 524 4230; x_wconf 83' lang='lat' dir='ltr'><strong>Eam</strong></span> <span class='ocrx_word' id='word_1_394' title='bbox 566 4178 796 4233; x_wconf 89' lang='lat' dir='ltr'><strong>Selimes</strong></span> <span class='ocrx_word' id='word_1_395' title='bbox 826 4196 955 4235; x_wconf 89' lang='lat' dir='ltr'><strong>sane</strong></span> <span class='ocrx_word' id='word_1_396' title='bbox 987 4199 1147 4251; x_wconf 86' lang='lat' dir='ltr'><strong>quam</strong></span> <span class='ocrx_word' id='word_1_397' title='bbox 1184 4185 1491 4239; x_wconf 79' lang='lat' dir='ltr'><strong>humaniter</strong></span> <span class='ocrx_word' id='word_1_398' title='bbox 1528 4188 1762 4253; x_wconf 81' lang='lat' dir='ltr'><strong>excepit,</strong></span> 
     </span>
    </p>
   </div>
   <div class='ocr_carea' id='block_1_59' title="bbox 158 4272 1762 4341">
    <p class='ocr_par' dir='ltr' id='par_1_59' title="bbox 158 4272 1762 4341">
     <span class='ocr_line' id='line_1_59' title="bbox 158 4272 1762 4341; baseline 0.005 -17"><span class='ocrx_word' id='word_1_399' title='bbox 158 4290 232 4324; x_wconf 75' lang='lat' dir='ltr'><strong>ac</strong></span> <span class='ocrx_word' id='word_1_400' title='bbox 276 4272 573 4341; x_wconf 82' lang='lat' dir='ltr'><strong>pustulatis</strong></span> <span class='ocrx_word' id='word_1_401' title='bbox 605 4274 864 4328; x_wconf 88' lang='lat' dir='ltr'><strong>omnibus</strong></span> <span class='ocrx_word' id='word_1_402' title='bbox 900 4290 1186 4340; x_wconf 86' lang='lat' dir='ltr'><strong>assensus,</strong></span> <span class='ocrx_word' id='word_1_403' title='bbox 1224 4294 1328 4330; x_wconf 89' lang='lat' dir='ltr'><strong>non</strong></span> <span class='ocrx_word' id='word_1_404' title='bbox 1376 4278 1539 4331; x_wconf 89' lang='lat' dir='ltr'><strong>modo</strong></span> <span class='ocrx_word' id='word_1_405' title='bbox 1596 4280 1762 4331; x_wconf 89' lang='lat' dir='ltr'><strong>Tom-</strong></span> 
     </span>
    </p>
   </div>
   <div class='ocr_carea' id='block_1_60' title="bbox 157 4364 1762 4433">
    <p class='ocr_par' dir='ltr' id='par_1_60' title="bbox 157 4364 1762 4433">
     <span class='ocr_line' id='line_1_60' title="bbox 157 4364 1762 4433; baseline 0.002 -16"><span class='ocrx_word' id='word_1_406' title='bbox 157 4364 420 4417; x_wconf 70' lang='lat' dir='ltr'><strong>Illamb‘ti</strong></span> <span class='ocrx_word' id='word_1_407' title='bbox 454 4364 755 4433; x_wconf 86' lang='lat' dir='ltr'><strong>rescripsit,</strong></span> <span class='ocrx_word' id='word_1_408' title='bbox 802 4381 985 4420; x_wconf 86' lang='lat' dir='ltr'><strong>verum</strong></span> <span class='ocrx_word' id='word_1_409' title='bbox 1038 4369 1201 4420; x_wconf 89' lang='lat' dir='ltr'><strong>etiam</strong></span> <span class='ocrx_word' id='word_1_410' title='bbox 1234 4384 1363 4422; x_wconf 89' lang='lat' dir='ltr'><strong>suos</strong></span> <span class='ocrx_word' id='word_1_411' title='bbox 1397 4371 1645 4423; x_wconf 86' lang='lat' dir='ltr'><strong>homines</strong></span> <span class='ocrx_word' id='word_1_412' title='bbox 1697 4371 1762 4422; x_wconf 87' lang='lat' dir='ltr'><strong>ad</strong></span> 
     </span>
    </p>
   </div>
   <div class='ocr_carea' id='block_1_61' title="bbox 156 4456 1763 4529">
    <p class='ocr_par' dir='ltr' id='par_1_61' title="bbox 156 4456 1763 4529">
     <span class='ocr_line' id='line_1_61' title="bbox 156 4456 1763 4529; baseline 0.004 -20"><span class='ocrx_word' id='word_1_413' title='bbox 156 4460 358 4524; x_wconf 83' lang='lat' dir='ltr'><strong>ipsum</strong></span> <span class='ocrx_word' id='word_1_414' title='bbox 425 4456 667 4510; x_wconf 86' lang='lat' dir='ltr'><strong>vicissim</strong></span> <span class='ocrx_word' id='word_1_415' title='bbox 724 4458 1018 4527; x_wconf 77' lang='lat' dir='ltr'><strong>ablegavit,</strong></span> <span class='ocrx_word' id='word_1_416' title='bbox 1076 4460 1169 4527; x_wconf 92' lang='lat' dir='ltr'><strong>qui</strong></span> <span class='ocrx_word' id='word_1_417' title='bbox 1224 4462 1370 4529; x_wconf 84' lang='lat' dir='ltr'><strong>pacis</strong></span> <span class='ocrx_word' id='word_1_418' title='bbox 1409 4462 1455 4515; x_wconf 84' lang='lat' dir='ltr'><strong>ei</strong></span> <span class='ocrx_word' id='word_1_419' title='bbox 1513 4472 1763 4516; x_wconf 89' lang='lat' dir='ltr'><strong>auctores</strong></span> 
     </span>
    </p>
   </div>
   <div class='ocr_carea' id='block_1_62' title="bbox 1881 1972 3458 2044">
    <p class='ocr_par' dir='ltr' id='par_1_62' title="bbox 1881 1972 3458 2044">
     <span class='ocr_line' id='line_1_62' title="bbox 1881 1972 3458 2044; baseline 0.008 -19"><span class='ocrx_word' id='word_1_420' title='bbox 1881 1981 1933 2025; x_wconf 90' lang='lat' dir='ltr'><strong>et</strong></span> <span class='ocrx_word' id='word_1_421' title='bbox 1964 1972 2146 2024; x_wconf 89' lang='lat' dir='ltr'><strong>omnia</strong></span> <span class='ocrx_word' id='word_1_422' title='bbox 2181 1974 2388 2041; x_wconf 74' lang='lat' dir='ltr'><strong>precari</strong></span> <span class='ocrx_word' id='word_1_423' title='bbox 2426 1974 2602 2028; x_wconf 67' lang='lat' dir='ltr'><strong>fausta</strong></span> <span class='ocrx_word' id='word_1_424' title='bbox 2638 1974 2951 2044; x_wconf 81' lang='lat' dir='ltr'><strong>feliciaque,</strong></span> <span class='ocrx_word' id='word_1_425' title='bbox 2987 1982 3263 2036; x_wconf 88' lang='lat' dir='ltr'><strong>nonnullis</strong></span> <span class='ocrx_word' id='word_1_426' title='bbox 3291 1984 3458 2038; x_wconf 90' lang='lat' dir='ltr'><strong>etiam</strong></span> 
     </span>
    </p>
   </div>
   <div class='ocr_carea' id='block_1_63' title="bbox 1881 2065 3461 2137">
    <p class='ocr_par' dir='ltr' id='par_1_63' title="bbox 1881 2065 3461 2137">
     <span class='ocr_line' id='line_1_63' title="bbox 1881 2065 3461 2137; baseline 0.008 -19"><span class='ocrx_word' id='word_1_427' title='bbox 1881 2065 2204 2118; x_wconf 84' lang='lat' dir='ltr'><strong>criminibus</strong></span> <span class='ocrx_word' id='word_1_428' title='bbox 2237 2067 2358 2119; x_wconf 88' lang='lat' dir='ltr'><strong>aliis</strong></span> <span class='ocrx_word' id='word_1_429' title='bbox 2387 2068 2438 2119; x_wconf 91' lang='lat' dir='ltr'><strong>in</strong></span> <span class='ocrx_word' id='word_1_430' title='bbox 2486 2083 2607 2120; x_wconf 91' lang='lat' dir='ltr'><strong>eum</strong></span> <span class='ocrx_word' id='word_1_431' title='bbox 2648 2073 2943 2137; x_wconf 83' lang='lat' dir='ltr'><strong>congestis.</strong></span> <span class='ocrx_word' id='word_1_432' title='bbox 2993 2070 3089 2127; x_wconf 85' lang='lat' dir='ltr'><strong>His</strong></span> <span class='ocrx_word' id='word_1_433' title='bbox 3123 2076 3347 2129; x_wconf 90' lang='lat' dir='ltr'><strong>territus</strong></span> <span class='ocrx_word' id='word_1_434' title='bbox 3371 2077 3461 2129; x_wconf 89' lang='lat' dir='ltr'><strong>lit-</strong></span> 
     </span>
    </p>
   </div>
   <div class='ocr_carea' id='block_1_64' title="bbox 1884 2156 3457 2225">
    <p class='ocr_par' dir='ltr' id='par_1_64' title="bbox 1884 2156 3457 2225">
     <span class='ocr_line' id='line_1_64' title="bbox 1884 2156 3457 2225; baseline 0.009 -15"><span class='ocrx_word' id='word_1_435' title='bbox 1884 2158 2011 2210; x_wconf 77' lang='lat' dir='ltr'><strong>teris</strong></span> <span class='ocrx_word' id='word_1_436' title='bbox 2048 2156 2299 2221; x_wconf 80' lang='lat' dir='ltr'><strong>Sclimes,</strong></span> <span class='ocrx_word' id='word_1_437' title='bbox 2336 2174 2460 2211; x_wconf 76' lang='lat' dir='ltr'><strong>mox</strong></span> <span class='ocrx_word' id='word_1_438' title='bbox 2502 2160 2637 2213; x_wconf 81' lang='lat' dir='ltr'><strong>alias</strong></span> <span class='ocrx_word' id='word_1_439' title='bbox 2669 2161 2732 2213; x_wconf 89' lang='lat' dir='ltr'><strong>ad</strong></span> <span class='ocrx_word' id='word_1_440' title='bbox 2769 2160 3032 2217; x_wconf 81' lang='lat' dir='ltr'><strong>Jonuzem</strong></span> <span class='ocrx_word' id='word_1_441' title='bbox 3088 2167 3303 2221; x_wconf 71' lang='lat' dir='ltr'><strong>bassam</strong></span> <span class='ocrx_word' id='word_1_442' title='bbox 3341 2169 3457 2225; x_wconf 87' lang='lat' dir='ltr'><strong>dari</strong></span> 
     </span>
    </p>
   </div>
   <div class='ocr_carea' id='block_1_65' title="bbox 1875 2247 3459 2317">
    <p class='ocr_par' dir='ltr' id='par_1_65' title="bbox 1875 2247 3459 2317">
     <span class='ocr_line' id='line_1_65' title="bbox 1875 2247 3459 2317; baseline 0.008 -16"><span class='ocrx_word' id='word_1_443' title='bbox 1875 2247 2040 2317; x_wconf 87' lang='lat' dir='ltr'><strong>jussit</strong></span> <span class='ocrx_word' id='word_1_444' title='bbox 2073 2266 2086 2301; x_wconf 89' lang='lat'><strong>:</strong></span> <span class='ocrx_word' id='word_1_445' title='bbox 2124 2250 2325 2317; x_wconf 83' lang='lat' dir='ltr'><strong>quibus</strong></span> <span class='ocrx_word' id='word_1_446' title='bbox 2358 2252 2404 2303; x_wconf 88' lang='lat' dir='ltr'><strong>ei</strong></span> <span class='ocrx_word' id='word_1_447' title='bbox 2444 2250 2816 2317; x_wconf 84' lang='lat' dir='ltr'><strong>mandaretur,</strong></span> <span class='ocrx_word' id='word_1_448' title='bbox 2864 2255 2941 2309; x_wconf 88' lang='lat' dir='ltr'><strong>uti</strong></span> <span class='ocrx_word' id='word_1_449' title='bbox 2983 2258 3215 2311; x_wconf 74' lang='lat' dir='ltr'><strong>maxima</strong></span> <span class='ocrx_word' id='word_1_450' title='bbox 3263 2260 3459 2314; x_wconf 86' lang='lat' dir='ltr'><strong>celeri-</strong></span> 
     </span>
    </p>
   </div>
   <div class='ocr_carea' id='block_1_66' title="bbox 1881 2341 3459 2407">
    <p class='ocr_par' dir='ltr' id='par_1_66' title="bbox 1881 2341 3459 2407">
     <span class='ocr_line' id='line_1_66' title="bbox 1881 2341 3459 2407; baseline 0.01 -15"><span class='ocrx_word' id='word_1_451' title='bbox 1881 2350 1987 2392; x_wconf 83' lang='lat' dir='ltr'><strong>tate</strong></span> <span class='ocrx_word' id='word_1_452' title='bbox 2046 2349 2214 2394; x_wconf 81' lang='lat' dir='ltr'><strong>seniet</strong></span> <span class='ocrx_word' id='word_1_453' title='bbox 2270 2341 2335 2396; x_wconf 84' lang='lat' dir='ltr'><strong>ad</strong></span> <span class='ocrx_word' id='word_1_454' title='bbox 2378 2342 2656 2396; x_wconf 88' lang='lat' dir='ltr'><strong>sultanum</strong></span> <span class='ocrx_word' id='word_1_455' title='bbox 2713 2343 2966 2400; x_wconf 86' lang='lat' dir='ltr'><strong>Selimem</strong></span> <span class='ocrx_word' id='word_1_456' title='bbox 3010 2350 3302 2403; x_wconf 74' lang='lat' dir='ltr'><strong>conferret.</strong></span> <span class='ocrx_word' id='word_1_457' title='bbox 3352 2351 3459 2407; x_wconf 82' lang='lat' dir='ltr'><strong>Ea-</strong></span> 
     </span>
    </p>
   </div>
   <div class='ocr_carea' id='block_1_67' title="bbox 1878 2433 3457 2513">
    <p class='ocr_par' dir='ltr' id='par_1_67' title="bbox 1878 2433 3457 2513">
     <span class='ocr_line' id='line_1_67' title="bbox 1878 2433 3457 2513; baseline 0.009 -28"><span class='ocrx_word' id='word_1_458' title='bbox 1878 2434 1999 2487; x_wconf 86' lang='lat' dir='ltr'><strong>dem</strong></span> <span class='ocrx_word' id='word_1_459' title='bbox 2049 2433 2232 2487; x_wconf 84' lang='lat' dir='ltr'><strong>Cheiri</strong></span> <span class='ocrx_word' id='word_1_460' title='bbox 2290 2435 2425 2502; x_wconf 84' lang='lat' dir='ltr'><strong>bego</strong></span> <span class='ocrx_word' id='word_1_461' title='bbox 2477 2437 2642 2489; x_wconf 86' lang='lat' dir='ltr'><strong>scribi</strong></span> <span class='ocrx_word' id='word_1_462' title='bbox 2699 2440 2905 2504; x_wconf 89' lang='lat' dir='ltr'><strong>voluit,</strong></span> <span class='ocrx_word' id='word_1_463' title='bbox 2941 2451 2993 2495; x_wconf 91' lang='lat' dir='ltr'><strong>et</strong></span> <span class='ocrx_word' id='word_1_464' title='bbox 3057 2442 3243 2496; x_wconf 83' lang='lat' dir='ltr'><strong>urbem</strong></span> <span class='ocrx_word' id='word_1_465' title='bbox 3284 2445 3457 2513; x_wconf 83' lang='lat' dir='ltr'><strong>ipsius</strong></span> 
     </span>
    </p>
   </div>
   <div class='ocr_carea' id='block_1_68' title="bbox 1881 2526 3455 2595">
    <p class='ocr_par' dir='ltr' id='par_1_68' title="bbox 1881 2526 3455 2595">
     <span class='ocr_line' id='line_1_68' title="bbox 1881 2526 3455 2595; baseline 0.009 -18"><span class='ocrx_word' id='word_1_466' title='bbox 1881 2526 2027 2591; x_wconf 79' lang='lat' dir='ltr'><strong>tidei,</strong></span> <span class='ocrx_word' id='word_1_467' title='bbox 2096 2542 2189 2595; x_wconf 88' lang='lat' dir='ltr'><strong>per</strong></span> <span class='ocrx_word' id='word_1_468' title='bbox 2246 2528 2549 2582; x_wconf 85' lang='lat' dir='ltr'><strong>absentiam</strong></span> <span class='ocrx_word' id='word_1_469' title='bbox 2618 2530 2815 2595; x_wconf 73' lang='lat' dir='ltr'><strong>bassm,</strong></span> <span class='ocrx_word' id='word_1_470' title='bbox 2870 2535 3289 2590; x_wconf 87' lang='lat' dir='ltr'><strong>commendavit.</strong></span> <span class='ocrx_word' id='word_1_471' title='bbox 3352 2537 3455 2592; x_wconf 86' lang='lat' dir='ltr'><strong>Ubi</strong></span> 
     </span>
    </p>
   </div>
   <div class='ocr_carea' id='block_1_69' title="bbox 1875 2622 3457 2700">
    <p class='ocr_par' dir='ltr' id='par_1_69' title="bbox 1875 2622 3457 2700">
     <span class='ocr_line' id='line_1_69' title="bbox 1875 2622 3457 2700; baseline 0.006 -26"><span class='ocrx_word' id='word_1_472' title='bbox 1875 2637 2034 2674; x_wconf 91' lang='lat' dir='ltr'><strong>suum</strong></span> <span class='ocrx_word' id='word_1_473' title='bbox 2068 2622 2134 2675; x_wconf 92' lang='lat' dir='ltr'><strong>ad</strong></span> <span class='ocrx_word' id='word_1_474' title='bbox 2187 2622 2401 2700; x_wconf 58' lang='lat' dir='ltr'><strong>herum,</strong></span> <span class='ocrx_word' id='word_1_475' title='bbox 2439 2624 2714 2678; x_wconf 86' lang='lat' dir='ltr'><strong>sultanum</strong></span> <span class='ocrx_word' id='word_1_476' title='bbox 2761 2624 3042 2691; x_wconf 81' lang='lat' dir='ltr'><strong>Selimem,</strong></span> <span class='ocrx_word' id='word_1_477' title='bbox 3076 2626 3129 2680; x_wconf 89' lang='lat' dir='ltr'><strong>in</strong></span> <span class='ocrx_word' id='word_1_478' title='bbox 3160 2629 3275 2694; x_wconf 71' lang='lat' dir='ltr'><strong>ipsa</strong></span> <span class='ocrx_word' id='word_1_479' title='bbox 3327 2629 3457 2682; x_wconf 73' lang='lat' dir='ltr'><strong>Soli-</strong></span> 
     </span>
    </p>
   </div>
   <div class='ocr_carea' id='block_1_70' title="bbox 1877 2711 3451 2787">
    <p class='ocr_par' dir='ltr' id='par_1_70' title="bbox 1877 2711 3451 2787">
     <span class='ocr_line' id='line_1_70' title="bbox 1877 2711 3451 2787; baseline 0.003 -22"><span class='ocrx_word' id='word_1_480' title='bbox 1877 2711 2066 2766; x_wconf 89' lang='lat' dir='ltr'><strong>tudine</strong></span> <span class='ocrx_word' id='word_1_481' title='bbox 2103 2711 2342 2768; x_wconf 81' lang='lat' dir='ltr'><strong>Jonuzes</strong></span> <span class='ocrx_word' id='word_1_482' title='bbox 2388 2716 2545 2769; x_wconf 85' lang='lat' dir='ltr'><strong>bassa</strong></span> <span class='ocrx_word' id='word_1_483' title='bbox 2586 2718 2967 2784; x_wconf 85' lang='lat' dir='ltr'><strong>pervenisset,</strong></span> <span class='ocrx_word' id='word_1_484' title='bbox 3019 2722 3177 2787; x_wconf 85' lang='lat' dir='ltr'><strong>equis</strong></span> <span class='ocrx_word' id='word_1_485' title='bbox 3215 2721 3451 2774; x_wconf 84' lang='lat' dir='ltr'><strong>insiden—</strong></span> 
     </span>
    </p>
   </div>
   <div class='ocr_carea' id='block_1_71' title="bbox 1878 2807 3456 2870">
    <p class='ocr_par' dir='ltr' id='par_1_71' title="bbox 1878 2807 3456 2870">
     <span class='ocr_line' id='line_1_71' title="bbox 1878 2807 3456 2870; baseline 0.005 -13"><span class='ocrx_word' id='word_1_486' title='bbox 1878 2819 1977 2870; x_wconf 84' lang='lat' dir='ltr'><strong>tes,</strong></span> <span class='ocrx_word' id='word_1_487' title='bbox 2020 2807 2160 2860; x_wconf 83' lang='lat' dir='ltr'><strong>inter</strong></span> <span class='ocrx_word' id='word_1_488' title='bbox 2216 2824 2274 2861; x_wconf 86' lang='lat' dir='ltr'><strong>se</strong></span> <span class='ocrx_word' id='word_1_489' title='bbox 2330 2809 2584 2863; x_wconf 89' lang='lat' dir='ltr'><strong>collocuti</strong></span> <span class='ocrx_word' id='word_1_490' title='bbox 2618 2818 2744 2863; x_wconf 91' lang='lat' dir='ltr'><strong>sunt</strong></span> <span class='ocrx_word' id='word_1_491' title='bbox 2798 2813 2978 2866; x_wconf 89' lang='lat' dir='ltr'><strong>ambo.</strong></span> <span class='ocrx_word' id='word_1_492' title='bbox 3036 2811 3235 2865; x_wconf 83' lang='lat' dir='ltr'><strong>Verum</strong></span> <span class='ocrx_word' id='word_1_493' title='bbox 3273 2813 3456 2866; x_wconf 89' lang='lat' dir='ltr'><strong>subito</strong></span> 
     </span>
    </p>
   </div>
   <div class='ocr_carea' id='block_1_72' title="bbox 1876 2898 3453 2973">
    <p class='ocr_par' dir='ltr' id='par_1_72' title="bbox 1876 2898 3453 2973">
     <span class='ocr_line' id='line_1_72' title="bbox 1876 2898 3453 2973; baseline 0 -20"><span class='ocrx_word' id='word_1_494' title='bbox 1876 2898 2108 2953; x_wconf 83' lang='lat' dir='ltr'><strong>Selimes</strong></span> <span class='ocrx_word' id='word_1_495' title='bbox 2131 2899 2314 2954; x_wconf 80' lang='lat' dir='ltr'><strong>furore</strong></span> <span class='ocrx_word' id='word_1_496' title='bbox 2339 2912 2643 2968; x_wconf 85' lang='lat' dir='ltr'><strong>correptus,</strong></span> <span class='ocrx_word' id='word_1_497' title='bbox 2675 2902 2937 2957; x_wconf 82' lang='lat' dir='ltr'><strong>Jonuzem</strong></span> <span class='ocrx_word' id='word_1_498' title='bbox 2970 2906 3189 2958; x_wconf 85' lang='lat' dir='ltr'><strong>hassam</strong></span> <span class='ocrx_word' id='word_1_499' title='bbox 3213 2920 3280 2958; x_wconf 84' lang='lat' dir='ltr'><strong>ex</strong></span> <span class='ocrx_word' id='word_1_500' title='bbox 3315 2921 3453 2973; x_wconf 69' lang='lat' dir='ltr'><strong>equi,</strong></span> 
     </span>
    </p>
   </div>
   <div class='ocr_carea' id='block_1_73' title="bbox 1872 2990 3451 3065">
    <p class='ocr_par' dir='ltr' id='par_1_73' title="bbox 1872 2990 3451 3065">
     <span class='ocr_line' id='line_1_73' title="bbox 1872 2990 3451 3065; baseline 0.004 -22"><span class='ocrx_word' id='word_1_501' title='bbox 1872 2990 2031 3060; x_wconf 75' lang='lat' dir='ltr'><strong>dt-jici</strong></span> <span class='ocrx_word' id='word_1_502' title='bbox 2077 2993 2262 3060; x_wconf 82' lang='lat' dir='ltr'><strong>jussit,</strong></span> <span class='ocrx_word' id='word_1_503' title='bbox 2320 3003 2373 3046; x_wconf 90' lang='lat' dir='ltr'><strong>et</strong></span> <span class='ocrx_word' id='word_1_504' title='bbox 2441 2992 2803 3049; x_wconf 89' lang='lat' dir='ltr'><strong>Solachorum</strong></span> <span class='ocrx_word' id='word_1_505' title='bbox 2849 2996 3105 3065; x_wconf 61' lang='lat' dir='ltr'><strong>praefecto</strong></span> <span class='ocrx_word' id='word_1_506' title='bbox 3150 2998 3451 3059; x_wconf 85' lang='lat' dir='ltr'><strong>mamlavit,</strong></span> 
     </span>
    </p>
   </div>
   <div class='ocr_carea' id='block_1_74' title="bbox 1874 3089 3456 3157">
    <p class='ocr_par' dir='ltr' id='par_1_74' title="bbox 1874 3089 3456 3157">
     <span class='ocr_line' id='line_1_74' title="bbox 1874 3089 3456 3157; baseline 0.004 -19"><span class='ocrx_word' id='word_1_507' title='bbox 1874 3094 1932 3138; x_wconf 83' lang='lat' dir='ltr'><strong>ut</strong></span> <span class='ocrx_word' id='word_1_508' title='bbox 1965 3100 2088 3138; x_wconf 85' lang='lat' dir='ltr'><strong>eum</strong></span> <span class='ocrx_word' id='word_1_509' title='bbox 2141 3094 2349 3139; x_wconf 76' lang='lat' dir='ltr'><strong>resecto</strong></span> <span class='ocrx_word' id='word_1_510' title='bbox 2386 3089 2563 3155; x_wconf 83' lang='lat' dir='ltr'><strong>capite</strong></span> <span class='ocrx_word' id='word_1_511' title='bbox 2608 3089 2904 3157; x_wconf 84' lang='lat' dir='ltr'><strong>jugularct.</strong></span> <span class='ocrx_word' id='word_1_512' title='bbox 2941 3089 3099 3154; x_wconf 84' lang='lat' dir='ltr'><strong>Quod</strong></span> <span class='ocrx_word' id='word_1_513' title='bbox 3135 3091 3316 3143; x_wconf 88' lang='lat' dir='ltr'><strong>statim</strong></span> <span class='ocrx_word' id='word_1_514' title='bbox 3377 3090 3456 3145; x_wconf 81' lang='lat' dir='ltr'><strong>la-</strong></span> 
     </span>
    </p>
   </div>
   <div class='ocr_carea' id='block_1_75' title="bbox 1873 3178 3450 3247">
    <p class='ocr_par' dir='ltr' id='par_1_75' title="bbox 1873 3178 3450 3247">
     <span class='ocr_line' id='line_1_75' title="bbox 1873 3178 3450 3247; baseline 0.005 -18"><span class='ocrx_word' id='word_1_515' title='bbox 1873 3187 2020 3230; x_wconf 85' lang='lat' dir='ltr'><strong>etum</strong></span> <span class='ocrx_word' id='word_1_516' title='bbox 2090 3193 2213 3231; x_wconf 86' lang='lat' dir='ltr'><strong>cum</strong></span> <span class='ocrx_word' id='word_1_517' title='bbox 2281 3178 2497 3245; x_wconf 77' lang='lat' dir='ltr'><strong>fuisset,</strong></span> <span class='ocrx_word' id='word_1_518' title='bbox 2552 3182 2784 3235; x_wconf 77' lang='lat' dir='ltr'><strong>Selimes</strong></span> <span class='ocrx_word' id='word_1_519' title='bbox 2845 3183 3040 3236; x_wconf 87' lang='lat' dir='ltr'><strong>itinere</strong></span> <span class='ocrx_word' id='word_1_520' title='bbox 3105 3185 3450 3247; x_wconf 84' lang='lat' dir='ltr'><strong>continuato,</strong></span> 
     </span>
    </p>
   </div>
   <div class='ocr_carea' id='block_1_76' title="bbox 1874 3270 3451 3342">
    <p class='ocr_par' dir='ltr' id='par_1_76' title="bbox 1874 3270 3451 3342">
     <span class='ocr_line' id='line_1_76' title="bbox 1874 3270 3451 3342; baseline 0.004 -23"><span class='ocrx_word' id='word_1_521' title='bbox 1874 3270 2087 3322; x_wconf 76' lang='lat' dir='ltr'><strong>tandem</strong></span> <span class='ocrx_word' id='word_1_522' title='bbox 2112 3271 2645 3339; x_wconf 76' lang='lat' dir='ltr'><strong>ConstantinOpnlim</strong></span> <span class='ocrx_word' id='word_1_523' title='bbox 2676 3289 2960 3336; x_wconf 87' lang='lat' dir='ltr'><strong>reversus,</strong></span> <span class='ocrx_word' id='word_1_524' title='bbox 2988 3274 3158 3342; x_wconf 78' lang='lat' dir='ltr'><strong>quieti</strong></span> <span class='ocrx_word' id='word_1_525' title='bbox 3192 3290 3248 3328; x_wconf 88' lang='lat' dir='ltr'><strong>se</strong></span> <span class='ocrx_word' id='word_1_526' title='bbox 3278 3274 3451 3327; x_wconf 91' lang='lat' dir='ltr'><strong>dedit.</strong></span> 
     </span>
    </p>
   </div>
   <div class='ocr_carea' id='block_1_77' title="bbox 1946 3362 3449 3435">
    <p class='ocr_par' dir='ltr' id='par_1_77' title="bbox 1946 3362 3449 3435">
     <span class='ocr_line' id='line_1_77' title="bbox 1946 3362 3449 3435; baseline 0.003 -20"><span class='ocrx_word' id='word_1_527' title='bbox 1946 3362 2060 3415; x_wconf 81' lang='lat' dir='ltr'><strong>Non</strong></span> <span class='ocrx_word' id='word_1_528' title='bbox 2094 3364 2293 3432; x_wconf 77' lang='lat' dir='ltr'><strong>exiguo</strong></span> <span class='ocrx_word' id='word_1_529' title='bbox 2336 3365 2602 3432; x_wconf 86' lang='lat' dir='ltr'><strong>temporis</strong></span> <span class='ocrx_word' id='word_1_530' title='bbox 2658 3367 2946 3419; x_wconf 89' lang='lat' dir='ltr'><strong>intervallo</strong></span> <span class='ocrx_word' id='word_1_531' title='bbox 2986 3366 3239 3435; x_wconf 83' lang='lat' dir='ltr'><strong>gerendis</strong></span> <span class='ocrx_word' id='word_1_532' title='bbox 3275 3382 3305 3419; x_wconf 89' lang='lat' dir='ltr'><strong>a</strong></span> <span class='ocrx_word' id='word_1_533' title='bbox 3360 3382 3449 3420; x_wconf 90' lang='lat' dir='ltr'><strong>re-</strong></span> 
     </span>
    </p>
   </div>
   <div class='ocr_carea' id='block_1_78' title="bbox 1870 3453 3456 3527">
    <p class='ocr_par' dir='ltr' id='par_1_78' title="bbox 1870 3453 3456 3527">
     <span class='ocr_line' id='line_1_78' title="bbox 1870 3453 3456 3527; baseline 0.003 -21"><span class='ocrx_word' id='word_1_534' title='bbox 1870 3453 1974 3507; x_wconf 89' lang='lat' dir='ltr'><strong>bus</strong></span> <span class='ocrx_word' id='word_1_535' title='bbox 2026 3455 2329 3519; x_wconf 88' lang='lat' dir='ltr'><strong>abstinens,</strong></span> <span class='ocrx_word' id='word_1_536' title='bbox 2387 3470 2530 3508; x_wconf 92' lang='lat' dir='ltr'><strong>anno</strong></span> <span class='ocrx_word' id='word_1_537' title='bbox 2595 3455 2831 3525; x_wconf 86' lang='lat' dir='ltr'><strong>denique</strong></span> <span class='ocrx_word' id='word_1_538' title='bbox 2894 3456 2999 3511; x_wconf 69' lang='lat'><strong>926</strong></span> <span class='ocrx_word' id='word_1_539' title='bbox 3059 3456 3210 3527; x_wconf 82' lang='lat' dir='ltr'><strong>(Chr.</strong></span> <span class='ocrx_word' id='word_1_540' title='bbox 3268 3458 3456 3521; x_wconf 69' lang='lat'><strong>1520),</strong></span> 
     </span>
    </p>
   </div>
   <div class='ocr_carea' id='block_1_79' title="bbox 1873 3544 3453 3616">
    <p class='ocr_par' dir='ltr' id='par_1_79' title="bbox 1873 3544 3453 3616">
     <span class='ocr_line' id='line_1_79' title="bbox 1873 3544 3453 3616; baseline 0.004 -20"><span class='ocrx_word' id='word_1_541' title='bbox 1873 3561 2055 3598; x_wconf 90' lang='lat' dir='ltr'><strong>mense</strong></span> <span class='ocrx_word' id='word_1_542' title='bbox 2098 3544 2426 3612; x_wconf 76' lang='lat' dir='ltr'><strong>Remasane,</strong></span> <span class='ocrx_word' id='word_1_543' title='bbox 2483 3547 2963 3615; x_wconf 86' lang='lat' dir='ltr'><strong>Constantinopoli</strong></span> <span class='ocrx_word' id='word_1_544' title='bbox 3009 3550 3315 3616; x_wconf 78' lang='lat' dir='ltr'><strong>digressus,</strong></span> <span class='ocrx_word' id='word_1_545' title='bbox 3350 3549 3453 3603; x_wconf 86' lang='lat' dir='ltr'><strong>lla—</strong></span> 
     </span>
    </p>
   </div>
   <div class='ocr_carea' id='block_1_80' title="bbox 1870 3638 3448 3707">
    <p class='ocr_par' dir='ltr' id='par_1_80' title="bbox 1870 3638 3448 3707">
     <span class='ocr_line' id='line_1_80' title="bbox 1870 3638 3448 3707; baseline 0.003 -16"><span class='ocrx_word' id='word_1_546' title='bbox 1870 3638 2233 3706; x_wconf 84' lang='lat' dir='ltr'><strong>drianopolim</strong></span> <span class='ocrx_word' id='word_1_547' title='bbox 2276 3650 2459 3707; x_wconf 86' lang='lat' dir='ltr'><strong>petere</strong></span> <span class='ocrx_word' id='word_1_548' title='bbox 2497 3642 2804 3694; x_wconf 78' lang='lat' dir='ltr'><strong>constituit.</strong></span> <span class='ocrx_word' id='word_1_549' title='bbox 2841 3641 2954 3695; x_wconf 85' lang='lat' dir='ltr'><strong>Hoc</strong></span> <span class='ocrx_word' id='word_1_550' title='bbox 2992 3646 3043 3695; x_wconf 91' lang='lat' dir='ltr'><strong>in</strong></span> <span class='ocrx_word' id='word_1_551' title='bbox 3075 3642 3271 3696; x_wconf 88' lang='lat' dir='ltr'><strong>itinere</strong></span> <span class='ocrx_word' id='word_1_552' title='bbox 3320 3659 3448 3697; x_wconf 83' lang='lat' dir='ltr'><strong>cum</strong></span> 
     </span>
    </p>
   </div>
   <div class='ocr_carea' id='block_1_81' title="bbox 1870 3730 3448 3805">
    <p class='ocr_par' dir='ltr' id='par_1_81' title="bbox 1870 3730 3448 3805">
     <span class='ocr_line' id='line_1_81' title="bbox 1870 3730 3448 3805; baseline 0.004 -22"><span class='ocrx_word' id='word_1_553' title='bbox 1870 3730 2095 3785; x_wconf 86' lang='lat' dir='ltr'><strong>Inzuam</strong></span> <span class='ocrx_word' id='word_1_554' title='bbox 2126 3733 2389 3798; x_wconf 83' lang='lat' dir='ltr'><strong>venisset,</strong></span> <span class='ocrx_word' id='word_1_555' title='bbox 2424 3734 2677 3787; x_wconf 87' lang='lat' dir='ltr'><strong>balneum</strong></span> <span class='ocrx_word' id='word_1_556' title='bbox 2728 3736 2978 3804; x_wconf 73' lang='lat' dir='ltr'><strong>ingresso</strong></span> <span class='ocrx_word' id='word_1_557' title='bbox 3007 3746 3190 3791; x_wconf 92' lang='lat' dir='ltr'><strong>tumor</strong></span> <span class='ocrx_word' id='word_1_558' title='bbox 3225 3739 3448 3805; x_wconf 89' lang='lat' dir='ltr'><strong>quidam</strong></span> 
     </span>
    </p>
   </div>
   <div class='ocr_carea' id='block_1_82' title="bbox 1873 3826 3451 3897">
    <p class='ocr_par' dir='ltr' id='par_1_82' title="bbox 1873 3826 3451 3897">
     <span class='ocr_line' id='line_1_82' title="bbox 1873 3826 3451 3897; baseline 0.005 -21"><span class='ocrx_word' id='word_1_559' title='bbox 1873 3840 1901 3876; x_wconf 87' lang='lat' dir='ltr'><strong>a</strong></span> <span class='ocrx_word' id='word_1_560' title='bbox 1952 3833 2101 3892; x_wconf 75' lang='lat' dir='ltr'><strong>tergo</strong></span> <span class='ocrx_word' id='word_1_561' title='bbox 2153 3826 2301 3893; x_wconf 84' lang='lat' dir='ltr'><strong>cepit</strong></span> <span class='ocrx_word' id='word_1_562' title='bbox 2353 3826 2504 3887; x_wconf 92' lang='lat' dir='ltr'><strong>oriri,</strong></span> <span class='ocrx_word' id='word_1_563' title='bbox 2547 3826 2640 3895; x_wconf 89' lang='lat' dir='ltr'><strong>qui</strong></span> <span class='ocrx_word' id='word_1_564' title='bbox 2691 3842 2879 3880; x_wconf 87' lang='lat' dir='ltr'><strong>revera</strong></span> <span class='ocrx_word' id='word_1_565' title='bbox 2930 3829 3301 3883; x_wconf 88' lang='lat' dir='ltr'><strong>carbunculus</strong></span> <span class='ocrx_word' id='word_1_566' title='bbox 3357 3845 3451 3897; x_wconf 83' lang='lat' dir='ltr'><strong>pe-</strong></span> 
     </span>
    </p>
   </div>
   <div class='ocr_carea' id='block_1_83' title="bbox 1869 3915 3450 3981">
    <p class='ocr_par' dir='ltr' id='par_1_83' title="bbox 1869 3915 3450 3981">
     <span class='ocr_line' id='line_1_83' title="bbox 1869 3915 3450 3981; baseline 0.003 -13"><span class='ocrx_word' id='word_1_567' title='bbox 1869 3915 2062 3968; x_wconf 82' lang='lat' dir='ltr'><strong>stilens</strong></span> <span class='ocrx_word' id='word_1_568' title='bbox 2103 3925 2241 3968; x_wconf 72' lang='lat' dir='ltr'><strong>crat.</strong></span> <span class='ocrx_word' id='word_1_569' title='bbox 2287 3915 2571 3970; x_wconf 78' lang='lat' dir='ltr'><strong>Profectus</strong></span> <span class='ocrx_word' id='word_1_570' title='bbox 2608 3928 2792 3970; x_wconf 89' lang='lat' dir='ltr'><strong>autem</strong></span> <span class='ocrx_word' id='word_1_571' title='bbox 2827 3919 3074 3981; x_wconf 84' lang='lat' dir='ltr'><strong>ulterius,</strong></span> <span class='ocrx_word' id='word_1_572' title='bbox 3106 3929 3160 3971; x_wconf 91' lang='lat' dir='ltr'><strong>et</strong></span> <span class='ocrx_word' id='word_1_573' title='bbox 3186 3918 3335 3971; x_wconf 90' lang='lat' dir='ltr'><strong>illum</strong></span> <span class='ocrx_word' id='word_1_574' title='bbox 3384 3920 3450 3971; x_wconf 89' lang='lat' dir='ltr'><strong>ad</strong></span> 
     </span>
    </p>
   </div>
   <div class='ocr_carea' id='block_1_84' title="bbox 1872 4005 3454 4074">
    <p class='ocr_par' dir='ltr' id='par_1_84' title="bbox 1872 4005 3454 4074">
     <span class='ocr_line' id='line_1_84' title="bbox 1872 4005 3454 4074; baseline 0.003 -19"><span class='ocrx_word' id='word_1_575' title='bbox 1872 4005 2052 4056; x_wconf 89' lang='lat' dir='ltr'><strong>locum</strong></span> <span class='ocrx_word' id='word_1_576' title='bbox 2107 4006 2343 4070; x_wconf 86' lang='lat' dir='ltr'><strong>delatus,</strong></span> <span class='ocrx_word' id='word_1_577' title='bbox 2390 4006 2479 4057; x_wconf 82' lang='lat' dir='ltr'><strong>tibi</strong></span> <span class='ocrx_word' id='word_1_578' title='bbox 2531 4005 2827 4074; x_wconf 84' lang='lat' dir='ltr'><strong>aliquando</strong></span> <span class='ocrx_word' id='word_1_579' title='bbox 2884 4022 3006 4059; x_wconf 88' lang='lat' dir='ltr'><strong>cum</strong></span> <span class='ocrx_word' id='word_1_580' title='bbox 3060 4017 3213 4074; x_wconf 87' lang='lat' dir='ltr'><strong>patre</strong></span> <span class='ocrx_word' id='word_1_581' title='bbox 3265 4006 3454 4060; x_wconf 82' lang='lat' dir='ltr'><strong>conﬂi-</strong></span> 
     </span>
    </p>
   </div>
   <div class='ocr_carea' id='block_1_85' title="bbox 1870 4097 3445 4163">
    <p class='ocr_par' dir='ltr' id='par_1_85' title="bbox 1870 4097 3445 4163">
     <span class='ocr_line' id='line_1_85' title="bbox 1870 4097 3445 4163; baseline 0.002 -15"><span class='ocrx_word' id='word_1_582' title='bbox 1870 4105 2043 4157; x_wconf 82' lang='lat' dir='ltr'><strong>xerat,</strong></span> <span class='ocrx_word' id='word_1_583' title='bbox 2087 4105 2315 4163; x_wconf 75' lang='lat' dir='ltr'><strong>urgente</strong></span> <span class='ocrx_word' id='word_1_584' title='bbox 2360 4098 2712 4163; x_wconf 82' lang='lat' dir='ltr'><strong>necessitate,</strong></span> <span class='ocrx_word' id='word_1_585' title='bbox 2768 4097 2886 4152; x_wconf 77' lang='lat' dir='ltr'><strong>lixis</strong></span> <span class='ocrx_word' id='word_1_586' title='bbox 2924 4098 3122 4151; x_wconf 85' lang='lat' dir='ltr'><strong>ibidem</strong></span> <span class='ocrx_word' id='word_1_587' title='bbox 3174 4100 3445 4161; x_wconf 79' lang='lat' dir='ltr'><strong>tentoriis,</strong></span> 
     </span>
    </p>
   </div>
   <div class='ocr_carea' id='block_1_86' title="bbox 1869 4187 3452 4258">
    <p class='ocr_par' dir='ltr' id='par_1_86' title="bbox 1869 4187 3452 4258">
     <span class='ocr_line' id='line_1_86' title="bbox 1869 4187 3452 4258; baseline 0.001 -18"><span class='ocrx_word' id='word_1_588' title='bbox 1869 4188 2134 4240; x_wconf 88' lang='lat' dir='ltr'><strong>substitit.</strong></span> <span class='ocrx_word' id='word_1_589' title='bbox 2172 4187 2381 4241; x_wconf 86' lang='lat' dir='ltr'><strong>Interea</strong></span> <span class='ocrx_word' id='word_1_590' title='bbox 2425 4204 2577 4253; x_wconf 86' lang='lat' dir='ltr'><strong>vero,</strong></span> <span class='ocrx_word' id='word_1_591' title='bbox 2609 4191 2737 4242; x_wconf 90' lang='lat' dir='ltr'><strong>dum</strong></span> <span class='ocrx_word' id='word_1_592' title='bbox 2781 4190 2867 4243; x_wconf 86' lang='lat' dir='ltr'><strong>hic</strong></span> <span class='ocrx_word' id='word_1_593' title='bbox 2917 4194 3108 4244; x_wconf 88' lang='lat' dir='ltr'><strong>morbo</strong></span> <span class='ocrx_word' id='word_1_594' title='bbox 3147 4193 3319 4258; x_wconf 86' lang='lat' dir='ltr'><strong>ipsius</strong></span> <span class='ocrx_word' id='word_1_595' title='bbox 3356 4206 3452 4244; x_wconf 84' lang='lat' dir='ltr'><strong>CII-</strong></span> 
     </span>
    </p>
   </div>
   <div class='ocr_carea' id='block_1_87' title="bbox 1870 4281 3449 4348">
    <p class='ocr_par' dir='ltr' id='par_1_87' title="bbox 1870 4281 3449 4348">
     <span class='ocr_line' id='line_1_87' title="bbox 1870 4281 3449 4348; baseline 0.003 -17"><span class='ocrx_word' id='word_1_596' title='bbox 1870 4281 2040 4333; x_wconf 85' lang='lat' dir='ltr'><strong>rando</strong></span> <span class='ocrx_word' id='word_1_597' title='bbox 2092 4295 2150 4333; x_wconf 88' lang='lat' dir='ltr'><strong>se</strong></span> <span class='ocrx_word' id='word_1_598' title='bbox 2205 4289 2351 4334; x_wconf 90' lang='lat' dir='ltr'><strong>totos</strong></span> <span class='ocrx_word' id='word_1_599' title='bbox 2403 4282 2601 4334; x_wconf 84' lang='lat' dir='ltr'><strong>medici</strong></span> <span class='ocrx_word' id='word_1_600' title='bbox 2664 4281 2892 4348; x_wconf 89' lang='lat' dir='ltr'><strong>dabant,</strong></span> <span class='ocrx_word' id='word_1_601' title='bbox 2959 4284 3332 4344; x_wconf 75' lang='lat' dir='ltr'><strong>Deiterdaros,</strong></span> <span class='ocrx_word' id='word_1_602' title='bbox 3394 4296 3449 4335; x_wconf 80' lang='lat' dir='ltr'><strong>et</strong></span> 
     </span>
    </p>
   </div>
   <div class='ocr_carea' id='block_1_88' title="bbox 1868 4370 3454 4442">
    <p class='ocr_par' dir='ltr' id='par_1_88' title="bbox 1868 4370 3454 4442">
     <span class='ocr_line' id='line_1_88' title="bbox 1868 4370 3454 4442; baseline 0.003 -20"><span class='ocrx_word' id='word_1_603' title='bbox 1868 4370 2057 4436; x_wconf 85' lang='lat' dir='ltr'><strong>Pirim,</strong></span> <span class='ocrx_word' id='word_1_604' title='bbox 2098 4372 2529 4439; x_wconf 85' lang='lat' dir='ltr'><strong>Achmetemque</strong></span> <span class='ocrx_word' id='word_1_605' title='bbox 2563 4372 2777 4437; x_wconf 86' lang='lat' dir='ltr'><strong>bassas,</strong></span> <span class='ocrx_word' id='word_1_606' title='bbox 2825 4372 3268 4442; x_wconf 85' lang='lat' dir='ltr'><strong>Hadrianopolim</strong></span> <span class='ocrx_word' id='word_1_607' title='bbox 3319 4391 3454 4442; x_wconf 78' lang='lat' dir='ltr'><strong>prae-</strong></span> 
     </span>
    </p>
   </div>
   <div class='ocr_carea' id='block_1_89' title="bbox 1870 4460 3455 4523">
    <p class='ocr_par' dir='ltr' id='par_1_89' title="bbox 1870 4460 3455 4523">
     <span class='ocr_line' id='line_1_89' title="bbox 1870 4460 3455 4523; baseline 0.002 -12"><span class='ocrx_word' id='word_1_608' title='bbox 1870 4461 2038 4523; x_wconf 85' lang='lat' dir='ltr'><strong>misit,</strong></span> <span class='ocrx_word' id='word_1_609' title='bbox 2089 4472 2145 4513; x_wconf 93' lang='lat' dir='ltr'><strong>ut</strong></span> <span class='ocrx_word' id='word_1_610' title='bbox 2199 4462 2383 4513; x_wconf 90' lang='lat' dir='ltr'><strong>omnia</strong></span> <span class='ocrx_word' id='word_1_611' title='bbox 2427 4460 2762 4514; x_wconf 85' lang='lat' dir='ltr'><strong>soletnnitati</strong></span> <span class='ocrx_word' id='word_1_612' title='bbox 2824 4460 3059 4515; x_wconf 84' lang='lat' dir='ltr'><strong>Bairami</strong></span> <span class='ocrx_word' id='word_1_613' title='bbox 3111 4463 3455 4515; x_wconf 77' lang='lat' dir='ltr'><strong>celebranda:</strong></span> 
     </span>
    </p>
   </div>
   <div class='ocr_carea' id='block_1_90' title="bbox 148 4547 3428 4620">
    <p class='ocr_par' dir='ltr' id='par_1_90' title="bbox 148 4547 3428 4620">
     <span class='ocr_line' id='line_1_90' title="bbox 148 4547 3428 4620; baseline 0.001 -20"><span class='ocrx_word' id='word_1_614' title='bbox 148 4559 382 4605; x_wconf 58' lang='lat' dir='ltr'><strong>essent.</strong></span> <span class='ocrx_word' id='word_1_615' title='bbox 420 4547 530 4604; x_wconf 87' lang='lat' dir='ltr'><strong>Hos</strong></span> <span class='ocrx_word' id='word_1_616' title='bbox 562 4550 628 4603; x_wconf 87' lang='lat' dir='ltr'><strong>ad</strong></span> <span class='ocrx_word' id='word_1_617' title='bbox 674 4566 731 4605; x_wconf 90' lang='lat' dir='ltr'><strong>se</strong></span> <span class='ocrx_word' id='word_1_618' title='bbox 773 4553 933 4619; x_wconf 88' lang='lat' dir='ltr'><strong>jussu</strong></span> <span class='ocrx_word' id='word_1_619' title='bbox 982 4552 1204 4607; x_wconf 89' lang='lat' dir='ltr'><strong>Selimis</strong></span> <span class='ocrx_word' id='word_1_620' title='bbox 1262 4556 1561 4618; x_wconf 77' lang='lat' dir='ltr'><strong>venientcS,</strong></span> <span class='ocrx_word' id='word_1_621' title='bbox 1596 4554 1759 4607; x_wconf 85' lang='lat' dir='ltr'><strong>Tom-</strong></span> <span class='ocrx_word' id='word_1_622' title='bbox 1796 4554 1837 4609; x_wconf 82' lang='lat' dir='ltr'><strong>D</strong></span> <span class='ocrx_word' id='word_1_623' title='bbox 1871 4552 2180 4605; x_wconf 89' lang='lat' dir='ltr'><strong>necessaria</strong></span> <span class='ocrx_word' id='word_1_624' title='bbox 2216 4564 2612 4620; x_wconf 67' lang='lat' dir='ltr'><strong>praepararent,</strong></span> <span class='ocrx_word' id='word_1_625' title='bbox 2661 4552 2779 4606; x_wconf 76' lang='lat' dir='ltr'><strong>solo</strong></span> <span class='ocrx_word' id='word_1_626' title='bbox 2828 4551 3060 4605; x_wconf 87' lang='lat' dir='ltr'><strong>Ferhate</strong></span> <span class='ocrx_word' id='word_1_627' title='bbox 3112 4553 3269 4604; x_wconf 78' lang='lat' dir='ltr'><strong>liassa</strong></span> <span class='ocrx_word' id='word_1_628' title='bbox 3309 4569 3428 4603; x_wconf 86' lang='lat' dir='ltr'><strong>cum</strong></span> 
     </span>
    </p>
   </div>
   <div class='ocr_carea' id='block_1_91' title="bbox 153 4640 1760 4711">
    <p class='ocr_par' dir='ltr' id='par_1_91' title="bbox 153 4640 1760 4711">
     <span class='ocr_line' id='line_1_91' title="bbox 153 4640 1760 4711; baseline 0.002 -17"><span class='ocrx_word' id='word_1_629' title='bbox 153 4640 450 4694; x_wconf 74' lang='lat' dir='ltr'><strong>nnatnbais</strong></span> <span class='ocrx_word' id='word_1_630' title='bbox 496 4640 731 4694; x_wconf 59' lang='lat' dir='ltr'><strong>in&#39;tertici</strong></span> <span class='ocrx_word' id='word_1_631' title='bbox 768 4642 984 4695; x_wconf 90' lang='lat' dir='ltr'><strong>curavit</strong></span> <span class='ocrx_word' id='word_1_632' title='bbox 1034 4644 1338 4698; x_wconf 87' lang='lat' dir='ltr'><strong>universos.</strong></span> <span class='ocrx_word' id='word_1_633' title='bbox 1396 4646 1760 4711; x_wconf 82' lang='lat' dir='ltr'><strong>Quamobrem</strong></span> 
     </span>
    </p>
   </div>
   <div class='ocr_carea' id='block_1_92' title="bbox 149 4736 1763 4801">
    <p class='ocr_par' dir='ltr' id='par_1_92' title="bbox 149 4736 1763 4801">
     <span class='ocr_line' id='line_1_92' title="bbox 149 4736 1763 4801; baseline 0.001 -15"><span class='ocrx_word' id='word_1_634' title='bbox 149 4746 533 4799; x_wconf 80' lang='lat' dir='ltr'><strong>summopere</strong></span> <span class='ocrx_word' id='word_1_635' title='bbox 578 4744 895 4787; x_wconf 89' lang='lat' dir='ltr'><strong>commotus</strong></span> <span class='ocrx_word' id='word_1_636' title='bbox 927 4736 1183 4789; x_wconf 84' lang='lat' dir='ltr'><strong>sultanus</strong></span> <span class='ocrx_word' id='word_1_637' title='bbox 1236 4736 1488 4801; x_wconf 86' lang='lat' dir='ltr'><strong>Selimes,</strong></span> <span class='ocrx_word' id='word_1_638' title='bbox 1549 4739 1763 4790; x_wconf 74' lang='lat' dir='ltr'><strong>Cit-cas-</strong></span> 
     </span>
    </p>
   </div>
   <div class='ocr_carea' id='block_1_93' title="bbox 149 4824 1764 4897">
    <p class='ocr_par' dir='ltr' id='par_1_93' title="bbox 149 4824 1764 4897">
     <span class='ocr_line' id='line_1_93' title="bbox 149 4824 1764 4897; baseline 0.002 -17"><span class='ocrx_word' id='word_1_639' title='bbox 149 4841 267 4880; x_wconf 67' lang='lat' dir='ltr'><strong>nos</strong></span> <span class='ocrx_word' id='word_1_640' title='bbox 308 4824 436 4877; x_wconf 85' lang='lat' dir='ltr'><strong>illos</strong></span> <span class='ocrx_word' id='word_1_641' title='bbox 467 4839 680 4887; x_wconf 89' lang='lat' dir='ltr'><strong>omnes,</strong></span> <span class='ocrx_word' id='word_1_642' title='bbox 722 4840 863 4893; x_wconf 85' lang='lat' dir='ltr'><strong>quos</strong></span> <span class='ocrx_word' id='word_1_643' title='bbox 905 4827 959 4879; x_wconf 90' lang='lat' dir='ltr'><strong>in</strong></span> <span class='ocrx_word' id='word_1_644' title='bbox 1012 4829 1261 4888; x_wconf 85' lang='lat' dir='ltr'><strong>custodia</strong></span> <span class='ocrx_word' id='word_1_645' title='bbox 1302 4830 1531 4882; x_wconf 85' lang='lat' dir='ltr'><strong>detineri</strong></span> <span class='ocrx_word' id='word_1_646' title='bbox 1567 4846 1764 4897; x_wconf 65' lang='lat' dir='ltr'><strong>prato:-</strong></span> 
     </span>
    </p>
   </div>
   <div class='ocr_carea' id='block_1_94' title="bbox 149 4916 1763 4985">
    <p class='ocr_par' dir='ltr' id='par_1_94' title="bbox 149 4916 1763 4985">
     <span class='ocr_line' id='line_1_94' title="bbox 149 4916 1763 4985; baseline 0.004 -17"><span class='ocrx_word' id='word_1_647' title='bbox 149 4925 355 4985; x_wconf 81' lang='lat' dir='ltr'><strong>perat,</strong></span> <span class='ocrx_word' id='word_1_648' title='bbox 392 4930 517 4967; x_wconf 77' lang='lat' dir='ltr'><strong>mox</strong></span> <span class='ocrx_word' id='word_1_649' title='bbox 544 4916 614 4967; x_wconf 91' lang='lat' dir='ltr'><strong>ita</strong></span> <span class='ocrx_word' id='word_1_650' title='bbox 643 4917 807 4984; x_wconf 90' lang='lat' dir='ltr'><strong>jussit</strong></span> <span class='ocrx_word' id='word_1_651' title='bbox 837 4918 1038 4979; x_wconf 86' lang='lat' dir='ltr'><strong>occidi,</strong></span> <span class='ocrx_word' id='word_1_652' title='bbox 1076 4919 1353 4972; x_wconf 88' lang='lat' dir='ltr'><strong>neminem</strong></span> <span class='ocrx_word' id='word_1_653' title='bbox 1390 4931 1448 4973; x_wconf 92' lang='lat' dir='ltr'><strong>ut</strong></span> <span class='ocrx_word' id='word_1_654' title='bbox 1497 4921 1582 4974; x_wconf 85' lang='lat' dir='ltr'><strong>sui</strong></span> <span class='ocrx_word' id='word_1_655' title='bbox 1636 4922 1763 4974; x_wconf 87' lang='lat' dir='ltr'><strong>reli-</strong></span> 
     </span>
    </p>
   </div>
   <div class='ocr_carea' id='block_1_95' title="bbox 144 5006 1765 5081">
    <p class='ocr_par' dir='ltr' id='par_1_95' title="bbox 144 5006 1765 5081">
     <span class='ocr_line' id='line_1_95' title="bbox 144 5006 1765 5081; baseline 0.008 -27"><span class='ocrx_word' id='word_1_656' title='bbox 144 5022 343 5073; x_wconf 66' lang='lat' dir='ltr'><strong>quum</strong></span> <span class='ocrx_word' id='word_1_657' title='bbox 380 5006 644 5060; x_wconf 77' lang='lat' dir='ltr'><strong>iacerent.</strong></span> <span class='ocrx_word' id='word_1_658' title='bbox 676 5007 749 5059; x_wconf 77' lang='lat' dir='ltr'><strong>Ea</strong></span> <span class='ocrx_word' id='word_1_659' title='bbox 798 5024 856 5062; x_wconf 91' lang='lat' dir='ltr'><strong>re</strong></span> <span class='ocrx_word' id='word_1_660' title='bbox 889 5018 1101 5077; x_wconf 85' lang='lat' dir='ltr'><strong>patrata</strong></span> <span class='ocrx_word' id='word_1_661' title='bbox 1154 5023 1304 5065; x_wconf 91' lang='lat' dir='ltr'><strong>trans</strong></span> <span class='ocrx_word' id='word_1_662' title='bbox 1338 5009 1518 5065; x_wconf 77' lang='lat' dir='ltr'><strong>Nilum</strong></span> <span class='ocrx_word' id='word_1_663' title='bbox 1576 5018 1765 5081; x_wconf 85' lang='lat' dir='ltr'><strong>copias</strong></span> 
     </span>
    </p>
   </div>
   <div class='ocr_carea' id='block_1_96' title="bbox 144 5096 1765 5173">
    <p class='ocr_par' dir='ltr' id='par_1_96' title="bbox 144 5096 1765 5173">
     <span class='ocr_line' id='line_1_96' title="bbox 144 5096 1765 5173; baseline 0.006 -25"><span class='ocrx_word' id='word_1_664' title='bbox 144 5102 352 5159; x_wconf 61' lang='lat' dir='ltr'><strong>tinxit,</strong></span> <span class='ocrx_word' id='word_1_665' title='bbox 415 5096 853 5153; x_wconf 88' lang='lat' dir='ltr'><strong>Tomtnambaim</strong></span> <span class='ocrx_word' id='word_1_666' title='bbox 895 5104 1252 5171; x_wconf 68' lang='lat' dir='ltr'><strong>quaesiturus.</strong></span> <span class='ocrx_word' id='word_1_667' title='bbox 1304 5120 1413 5173; x_wconf 87' lang='lat' dir='ltr'><strong>quo</strong></span> <span class='ocrx_word' id='word_1_668' title='bbox 1463 5105 1550 5159; x_wconf 85' lang='lat' dir='ltr'><strong>ille</strong></span> <span class='ocrx_word' id='word_1_669' title='bbox 1600 5122 1765 5158; x_wconf 87' lang='lat' dir='ltr'><strong>com-</strong></span> 
     </span>
    </p>
   </div>
   <div class='ocr_carea' id='block_1_97' title="bbox 145 5188 1761 5263">
    <p class='ocr_par' dir='ltr' id='par_1_97' title="bbox 145 5188 1761 5263">
     <span class='ocr_line' id='line_1_97' title="bbox 145 5188 1761 5263; baseline 0.004 -22"><span class='ocrx_word' id='word_1_670' title='bbox 145 5202 328 5260; x_wconf 65' lang='lat' dir='ltr'><strong>perto</strong></span> <span class='ocrx_word' id='word_1_671' title='bbox 388 5188 572 5256; x_wconf 81' lang='lat' dir='ltr'><strong>fugam</strong></span> <span class='ocrx_word' id='word_1_672' title='bbox 623 5192 882 5260; x_wconf 90' lang='lat' dir='ltr'><strong>arripuit.</strong></span> <span class='ocrx_word' id='word_1_673' title='bbox 942 5191 1177 5249; x_wconf 84' lang='lat' dir='ltr'><strong>Selitnes</strong></span> <span class='ocrx_word' id='word_1_674' title='bbox 1238 5194 1521 5249; x_wconf 59' lang='lat' dir='ltr'><strong>Romanus:</strong></span> <span class='ocrx_word' id='word_1_675' title='bbox 1586 5196 1761 5263; x_wconf 78' lang='lat' dir='ltr'><strong>copiis</strong></span> 
     </span>
    </p>
   </div>
   <div class='ocr_carea' id='block_1_98' title="bbox 145 5280 1764 5354">
    <p class='ocr_par' dir='ltr' id='par_1_98' title="bbox 145 5280 1764 5354">
     <span class='ocr_line' id='line_1_98' title="bbox 145 5280 1764 5354; baseline 0.001 -17"><span class='ocrx_word' id='word_1_676' title='bbox 145 5280 435 5345; x_wconf 69' lang='lat' dir='ltr'><strong>iniunxit,</strong></span> <span class='ocrx_word' id='word_1_677' title='bbox 483 5295 539 5334; x_wconf 92' lang='lat' dir='ltr'><strong>ut</strong></span> <span class='ocrx_word' id='word_1_678' title='bbox 568 5298 691 5335; x_wconf 89' lang='lat' dir='ltr'><strong>eum</strong></span> <span class='ocrx_word' id='word_1_679' title='bbox 719 5298 749 5337; x_wconf 89' lang='lat' dir='ltr'><strong>a</strong></span> <span class='ocrx_word' id='word_1_680' title='bbox 774 5294 925 5354; x_wconf 84' lang='lat' dir='ltr'><strong>tergo</strong></span> <span class='ocrx_word' id='word_1_681' title='bbox 958 5296 1443 5354; x_wconf 88' lang='lat' dir='ltr'><strong>persequerentur.</strong></span> <span class='ocrx_word' id='word_1_682' title='bbox 1495 5286 1599 5338; x_wconf 84' lang='lat' dir='ltr'><strong>Sed</strong></span> <span class='ocrx_word' id='word_1_683' title='bbox 1632 5286 1764 5338; x_wconf 88' lang='lat' dir='ltr'><strong>Ara-</strong></span> 
     </span>
    </p>
   </div>
   <div class='ocr_carea' id='block_1_99' title="bbox 145 5373 1764 5446">
    <p class='ocr_par' dir='ltr' id='par_1_99' title="bbox 145 5373 1764 5446">
     <span class='ocr_line' id='line_1_99' title="bbox 145 5373 1764 5446; baseline 0.001 -17"><span class='ocrx_word' id='word_1_684' title='bbox 145 5379 289 5438; x_wconf 70' lang='lat' dir='ltr'><strong>lws,</strong></span> <span class='ocrx_word' id='word_1_685' title='bbox 359 5373 457 5442; x_wconf 84' lang='lat' dir='ltr'><strong>qui</strong></span> <span class='ocrx_word' id='word_1_686' title='bbox 508 5384 562 5427; x_wconf 87' lang='lat' dir='ltr'><strong>et</strong></span> <span class='ocrx_word' id='word_1_687' title='bbox 596 5374 907 5444; x_wconf 64' lang='lat' dir='ltr'><strong>Ethiopes,</strong></span> <span class='ocrx_word' id='word_1_688' title='bbox 969 5378 1259 5432; x_wconf 88' lang='lat' dir='ltr'><strong>itineribus</strong></span> <span class='ocrx_word' id='word_1_689' title='bbox 1310 5378 1536 5446; x_wconf 69' lang='lat' dir='ltr'><strong>fugienti</strong></span> <span class='ocrx_word' id='word_1_690' title='bbox 1601 5380 1764 5431; x_wconf 88' lang='lat' dir='ltr'><strong>&#39;l&#39;om-</strong></span> 
     </span>
    </p>
   </div>
   <div class='ocr_carea' id='block_1_100' title="bbox 150 5467 1765 5539">
    <p class='ocr_par' dir='ltr' id='par_1_100' title="bbox 150 5467 1765 5539">
     <span class='ocr_line' id='line_1_100' title="bbox 150 5467 1765 5539; baseline 0.001 -19"><span class='ocrx_word' id='word_1_691' title='bbox 150 5467 422 5520; x_wconf 74' lang='lat' dir='ltr'><strong>inatnbai</strong></span> <span class='ocrx_word' id='word_1_692' title='bbox 503 5468 805 5534; x_wconf 72' lang='lat' dir='ltr'><strong>praeclusis,</strong></span> <span class='ocrx_word' id='word_1_693' title='bbox 863 5468 1142 5523; x_wconf 86' lang='lat' dir='ltr'><strong>hominem</strong></span> <span class='ocrx_word' id='word_1_694' title='bbox 1207 5470 1641 5539; x_wconf 79' lang='lat' dir='ltr'><strong>interceperant,</strong></span> <span class='ocrx_word' id='word_1_695' title='bbox 1715 5479 1765 5523; x_wconf 88' lang='lat' dir='ltr'><strong>et</strong></span> 
     </span>
    </p>
   </div>
   <div class='ocr_carea' id='block_1_101' title="bbox 145 5558 1241 5629">
    <p class='ocr_par' dir='ltr' id='par_1_101' title="bbox 145 5558 1241 5629">
     <span class='ocr_line' id='line_1_101' title="bbox 145 5558 1241 5629; baseline 0.001 -15"><span class='ocrx_word' id='word_1_696' title='bbox 145 5571 405 5627; x_wconf 68' lang='lat' dir='ltr'><strong>captum</strong></span> <span class='ocrx_word' id='word_1_697' title='bbox 442 5560 507 5611; x_wconf 85' lang='lat' dir='ltr'><strong>ad</strong></span> <span class='ocrx_word' id='word_1_698' title='bbox 546 5558 802 5613; x_wconf 79' lang='lat' dir='ltr'><strong>Seliuiem</strong></span> <span class='ocrx_word' id='word_1_699' title='bbox 841 5562 1241 5629; x_wconf 74' lang='lat' dir='ltr'><strong>perduxerunt.</strong></span> 
     </span>
    </p>
   </div>
   <div class='ocr_carea' id='block_1_102' title="bbox 238 5651 1764 5720">
    <p class='ocr_par' dir='ltr' id='par_1_102' title="bbox 238 5651 1764 5720">
     <span class='ocr_line' id='line_1_102' title="bbox 238 5651 1764 5720; baseline 0.003 -16"><span class='ocrx_word' id='word_1_700' title='bbox 238 5656 412 5704; x_wconf 85' lang='lat' dir='ltr'><strong>Anno</strong></span> <span class='ocrx_word' id='word_1_701' title='bbox 440 5652 545 5705; x_wconf 69' lang='lat'><strong>9‘23</strong></span> <span class='ocrx_word' id='word_1_702' title='bbox 582 5651 730 5720; x_wconf 81' lang='lat' dir='ltr'><strong>(Chr.</strong></span> <span class='ocrx_word' id='word_1_703' title='bbox 782 5654 966 5719; x_wconf 78' lang='grc'><strong>1517),</strong></span> <span class='ocrx_word' id='word_1_704' title='bbox 1001 5655 1087 5708; x_wconf 88' lang='lat' dir='ltr'><strong>die</strong></span> <span class='ocrx_word' id='word_1_705' title='bbox 1118 5654 1335 5707; x_wconf 90' lang='lat' dir='ltr'><strong>decimo</strong></span> <span class='ocrx_word' id='word_1_706' title='bbox 1371 5665 1525 5707; x_wconf 81' lang='lat' dir='ltr'><strong>sexto</strong></span> <span class='ocrx_word' id='word_1_707' title='bbox 1561 5654 1764 5708; x_wconf 86' lang='lat' dir='ltr'><strong>mensis</strong></span> 
     </span>
    </p>
   </div>
   <div class='ocr_carea' id='block_1_103' title="bbox 143 5744 1765 5810">
    <p class='ocr_par' dir='ltr' id='par_1_103' title="bbox 143 5744 1765 5810">
     <span class='ocr_line' id='line_1_103' title="bbox 143 5744 1765 5810; baseline 0.001 -13"><span class='ocrx_word' id='word_1_708' title='bbox 143 5744 506 5804; x_wconf 69' lang='lat' dir='ltr'><strong>ltebnilnlaa,</strong></span> <span class='ocrx_word' id='word_1_709' title='bbox 556 5746 816 5798; x_wconf 87' lang='lat' dir='ltr'><strong>mandato</strong></span> <span class='ocrx_word' id='word_1_710' title='bbox 872 5747 1074 5801; x_wconf 89' lang='lat' dir='ltr'><strong>sultani</strong></span> <span class='ocrx_word' id='word_1_711' title='bbox 1114 5745 1356 5810; x_wconf 88' lang='lat' dir='ltr'><strong>Selimis,</strong></span> <span class='ocrx_word' id='word_1_712' title='bbox 1395 5750 1446 5799; x_wconf 92' lang='lat' dir='ltr'><strong>in</strong></span> <span class='ocrx_word' id='word_1_713' title='bbox 1508 5747 1765 5798; x_wconf 82' lang='lat' dir='ltr'><strong>umbilico</strong></span> 
     </span>
    </p>
   </div>
   <div class='ocr_carea' id='block_1_104' title="bbox 145 5837 1760 5911">
    <p class='ocr_par' dir='ltr' id='par_1_104' title="bbox 145 5837 1760 5911">
     <span class='ocr_line' id='line_1_104' title="bbox 145 5837 1760 5911; baseline -0.001 -17"><span class='ocrx_word' id='word_1_714' title='bbox 145 5838 327 5895; x_wconf 76' lang='lat' dir='ltr'><strong>utbis</strong></span> <span class='ocrx_word' id='word_1_715' title='bbox 372 5837 726 5905; x_wconf 67' lang='lat' dir='ltr'><strong>Alcaitcns‘s,</strong></span> <span class='ocrx_word' id='word_1_716' title='bbox 788 5859 848 5894; x_wconf 67' lang='lat' dir='ltr'><strong>cc</strong></span> <span class='ocrx_word' id='word_1_717' title='bbox 886 5842 1023 5906; x_wconf 67' lang='lat' dir='ltr'><strong>loro,</strong></span> <span class='ocrx_word' id='word_1_718' title='bbox 1064 5842 1155 5911; x_wconf 84' lang='lat' dir='ltr'><strong>qui</strong></span> <span class='ocrx_word' id='word_1_719' title='bbox 1194 5839 1509 5895; x_wconf 66' lang='lat' dir='ltr'><strong>BalthL‘Cllt}</strong></span> <span class='ocrx_word' id='word_1_720' title='bbox 1540 5841 1760 5905; x_wconf 66' lang='lat' dir='ltr'><strong>dicitur,</strong></span> 
     </span>
    </p>
   </div>
   <div class='ocr_carea' id='block_1_105' title="bbox 1866 4643 3453 4697">
    <p class='ocr_par' dir='ltr' id='par_1_105' title="bbox 1866 4643 3453 4697">
     <span class='ocr_line' id='line_1_105' title="bbox 1866 4643 3453 4697; baseline -0.001 0"><span class='ocrx_word' id='word_1_721' title='bbox 1866 4658 1928 4697; x_wconf 87' lang='lat' dir='ltr'><strong>eo</strong></span> <span class='ocrx_word' id='word_1_722' title='bbox 1986 4652 2259 4696; x_wconf 83' lang='lat' dir='ltr'><strong>manente.</strong></span> <span class='ocrx_word' id='word_1_723' title='bbox 2314 4643 2419 4697; x_wconf 88' lang='lat' dir='ltr'><strong>Sed</strong></span> <span class='ocrx_word' id='word_1_724' title='bbox 2456 4660 2581 4697; x_wconf 89' lang='lat' dir='ltr'><strong>cum</strong></span> <span class='ocrx_word' id='word_1_725' title='bbox 2641 4645 2837 4697; x_wconf 81' lang='lat' dir='ltr'><strong>medici</strong></span> <span class='ocrx_word' id='word_1_726' title='bbox 2892 4645 3083 4697; x_wconf 87' lang='lat' dir='ltr'><strong>morbo</strong></span> <span class='ocrx_word' id='word_1_727' title='bbox 3146 4645 3453 4697; x_wconf 84' lang='lat' dir='ltr'><strong>remedium</strong></span> 
     </span>
    </p>
   </div>
   <div class='ocr_carea' id='block_1_106' title="bbox 1871 4734 3453 4802">
    <p class='ocr_par' dir='ltr' id='par_1_106' title="bbox 1871 4734 3453 4802">
     <span class='ocr_line' id='line_1_106' title="bbox 1871 4734 3453 4802; baseline 0.001 -17"><span class='ocrx_word' id='word_1_728' title='bbox 1871 4734 2119 4788; x_wconf 88' lang='lat' dir='ltr'><strong>invenire</strong></span> <span class='ocrx_word' id='word_1_729' title='bbox 2166 4748 2274 4787; x_wconf 91' lang='lat' dir='ltr'><strong>non</strong></span> <span class='ocrx_word' id='word_1_730' title='bbox 2332 4744 2579 4802; x_wconf 84' lang='lat' dir='ltr'><strong>possent,</strong></span> <span class='ocrx_word' id='word_1_731' title='bbox 2638 4750 2703 4788; x_wconf 91' lang='lat' dir='ltr'><strong>eo</strong></span> <span class='ocrx_word' id='word_1_732' title='bbox 2752 4734 2870 4802; x_wconf 81' lang='lat' dir='ltr'><strong>ipso</strong></span> <span class='ocrx_word' id='word_1_733' title='bbox 2907 4742 3157 4787; x_wconf 85' lang='lat' dir='ltr'><strong>mortuus</strong></span> <span class='ocrx_word' id='word_1_734' title='bbox 3190 4744 3274 4788; x_wconf 87' lang='lat' dir='ltr'><strong>est</strong></span> <span class='ocrx_word' id='word_1_735' title='bbox 3308 4734 3453 4795; x_wconf 77' lang='lat' dir='ltr'><strong>loco,</strong></span> 
     </span>
    </p>
   </div>
   <div class='ocr_carea' id='block_1_107' title="bbox 1868 4822 3453 4891">
    <p class='ocr_par' dir='ltr' id='par_1_107' title="bbox 1868 4822 3453 4891">
     <span class='ocr_line' id='line_1_107' title="bbox 1868 4822 3453 4891; baseline -0.002 -16"><span class='ocrx_word' id='word_1_736' title='bbox 1868 4823 1921 4875; x_wconf 90' lang='lat' dir='ltr'><strong>in</strong></span> <span class='ocrx_word' id='word_1_737' title='bbox 1972 4837 2079 4891; x_wconf 92' lang='lat' dir='ltr'><strong>quo</strong></span> <span class='ocrx_word' id='word_1_738' title='bbox 2131 4838 2253 4876; x_wconf 88' lang='lat' dir='ltr'><strong>cum</strong></span> <span class='ocrx_word' id='word_1_739' title='bbox 2308 4833 2463 4891; x_wconf 90' lang='lat' dir='ltr'><strong>patre</strong></span> <span class='ocrx_word' id='word_1_740' title='bbox 2514 4838 2695 4891; x_wconf 89' lang='lat' dir='ltr'><strong>pugna</strong></span> <span class='ocrx_word' id='word_1_741' title='bbox 2750 4837 3076 4891; x_wconf 83' lang='lat' dir='ltr'><strong>congressus</strong></span> <span class='ocrx_word' id='word_1_742' title='bbox 3122 4822 3321 4881; x_wconf 79' lang='lat' dir='ltr'><strong>fuerat.</strong></span> <span class='ocrx_word' id='word_1_743' title='bbox 3362 4824 3453 4875; x_wconf 88' lang='lat' dir='ltr'><strong>die</strong></span> 
     </span>
    </p>
   </div>
   <div class='ocr_carea' id='block_1_108' title="bbox 1866 4916 3449 4985">
    <p class='ocr_par' dir='ltr' id='par_1_108' title="bbox 1866 4916 3449 4985">
     <span class='ocr_line' id='line_1_108' title="bbox 1866 4916 3449 4985; baseline 0 -16"><span class='ocrx_word' id='word_1_744' title='bbox 1866 4916 2099 4981; x_wconf 76' lang='lat' dir='ltr'><strong>septimo</strong></span> <span class='ocrx_word' id='word_1_745' title='bbox 2154 4916 2356 4969; x_wconf 90' lang='lat' dir='ltr'><strong>mensis</strong></span> <span class='ocrx_word' id='word_1_746' title='bbox 2386 4916 2691 4980; x_wconf 76' lang='lat' dir='ltr'><strong>Scliebalis,</strong></span> <span class='ocrx_word' id='word_1_747' title='bbox 2738 4930 2883 4970; x_wconf 90' lang='lat' dir='ltr'><strong>anno</strong></span> <span class='ocrx_word' id='word_1_748' title='bbox 2923 4916 3026 4969; x_wconf 71' lang='lat'><strong>926</strong></span> <span class='ocrx_word' id='word_1_749' title='bbox 3059 4916 3209 4985; x_wconf 82' lang='lat' dir='ltr'><strong>(Chr.</strong></span> <span class='ocrx_word' id='word_1_750' title='bbox 3264 4916 3449 4977; x_wconf 72' lang='grc'><strong>1520).</strong></span> 
     </span>
    </p>
   </div>
   <div class='ocr_carea' id='block_1_109' title="bbox 1869 5007 3452 5075">
    <p class='ocr_par' dir='ltr' id='par_1_109' title="bbox 1869 5007 3452 5075">
     <span class='ocr_line' id='line_1_109' title="bbox 1869 5007 3452 5075; baseline 0.002 -17"><span class='ocrx_word' id='word_1_751' title='bbox 1869 5007 2161 5073; x_wconf 85' lang='lat' dir='ltr'><strong>Imperavit</strong></span> <span class='ocrx_word' id='word_1_752' title='bbox 2217 5007 2377 5061; x_wconf 87' lang='lat' dir='ltr'><strong>annis</strong></span> <span class='ocrx_word' id='word_1_753' title='bbox 2427 5016 2659 5075; x_wconf 90' lang='lat' dir='ltr'><strong>septem,</strong></span> <span class='ocrx_word' id='word_1_754' title='bbox 2720 5008 3004 5062; x_wconf 82' lang='lat' dir='ltr'><strong>mensibus</strong></span> <span class='ocrx_word' id='word_1_755' title='bbox 3052 5018 3199 5073; x_wconf 88' lang='lat' dir='ltr'><strong>octo,</strong></span> <span class='ocrx_word' id='word_1_756' title='bbox 3258 5008 3452 5061; x_wconf 87' lang='lat' dir='ltr'><strong>diebus</strong></span> 
     </span>
    </p>
   </div>
   <div class='ocr_carea' id='block_1_110' title="bbox 1867 5096 3453 5169">
    <p class='ocr_par' dir='ltr' id='par_1_110' title="bbox 1867 5096 3453 5169">
     <span class='ocr_line' id='line_1_110' title="bbox 1867 5096 3453 5169; baseline 0.004 -21"><span class='ocrx_word' id='word_1_757' title='bbox 1867 5109 2010 5149; x_wconf 87' lang='lat' dir='ltr'><strong>octo.</strong></span> <span class='ocrx_word' id='word_1_758' title='bbox 2068 5096 2213 5150; x_wconf 79' lang='lat' dir='ltr'><strong>Nihil</strong></span> <span class='ocrx_word' id='word_1_759' title='bbox 2250 5108 2590 5165; x_wconf 84' lang='lat' dir='ltr'><strong>compertum</strong></span> <span class='ocrx_word' id='word_1_760' title='bbox 2647 5098 2747 5153; x_wconf 81' lang='lat' dir='ltr'><strong>fuit</strong></span> <span class='ocrx_word' id='word_1_761' title='bbox 2806 5101 2873 5153; x_wconf 92' lang='lat' dir='ltr'><strong>de</strong></span> <span class='ocrx_word' id='word_1_762' title='bbox 2928 5101 3101 5169; x_wconf 89' lang='lat' dir='ltr'><strong>ipsius</strong></span> <span class='ocrx_word' id='word_1_763' title='bbox 3139 5101 3294 5153; x_wconf 90' lang='lat' dir='ltr'><strong>obitu</strong></span> <span class='ocrx_word' id='word_1_764' title='bbox 3326 5101 3453 5154; x_wconf 90' lang='lat' dir='ltr'><strong>totis</strong></span> 
     </span>
    </p>
   </div>
   <div class='ocr_carea' id='block_1_111' title="bbox 1866 5189 3453 5260">
    <p class='ocr_par' dir='ltr' id='par_1_111' title="bbox 1866 5189 3453 5260">
     <span class='ocr_line' id='line_1_111' title="bbox 1866 5189 3453 5260; baseline 0.003 -17"><span class='ocrx_word' id='word_1_765' title='bbox 1866 5189 2060 5243; x_wconf 78' lang='lat' dir='ltr'><strong>diebus</strong></span> <span class='ocrx_word' id='word_1_766' title='bbox 2084 5189 2293 5245; x_wconf 81' lang='lat' dir='ltr'><strong>deretn.</strong></span> <span class='ocrx_word' id='word_1_767' title='bbox 2333 5194 2543 5244; x_wconf 87' lang='lat' dir='ltr'><strong>Interea</strong></span> <span class='ocrx_word' id='word_1_768' title='bbox 2576 5202 2787 5245; x_wconf 87' lang='lat' dir='ltr'><strong>secreto</strong></span> <span class='ocrx_word' id='word_1_769' title='bbox 2827 5191 3092 5247; x_wconf 81' lang='lat' dir='ltr'><strong>Ferhates</strong></span> <span class='ocrx_word' id='word_1_770' title='bbox 3140 5197 3299 5248; x_wconf 82' lang='lat' dir='ltr'><strong>bassa</strong></span> <span class='ocrx_word' id='word_1_771' title='bbox 3343 5196 3453 5260; x_wconf 70' lang='lat' dir='ltr'><strong>pri-</strong></span> 
     </span>
    </p>
   </div>
   <div class='ocr_carea' id='block_1_112' title="bbox 1868 5282 3451 5354">
    <p class='ocr_par' dir='ltr' id='par_1_112' title="bbox 1868 5282 3451 5354">
     <span class='ocr_line' id='line_1_112' title="bbox 1868 5282 3451 5354; baseline 0.003 -21"><span class='ocrx_word' id='word_1_772' title='bbox 1868 5282 2098 5333; x_wconf 90' lang='lat' dir='ltr'><strong>marium</strong></span> <span class='ocrx_word' id='word_1_773' title='bbox 2127 5282 2423 5349; x_wconf 85' lang='lat' dir='ltr'><strong>janitorcm</strong></span> <span class='ocrx_word' id='word_1_774' title='bbox 2454 5298 2575 5336; x_wconf 89' lang='lat' dir='ltr'><strong>cum</strong></span> <span class='ocrx_word' id='word_1_775' title='bbox 2623 5283 2822 5336; x_wconf 89' lang='lat' dir='ltr'><strong>litteris</strong></span> <span class='ocrx_word' id='word_1_776' title='bbox 2856 5282 3020 5354; x_wconf 65' lang='grc'><strong>342</strong></span> <span class='ocrx_word' id='word_1_777' title='bbox 3052 5283 3345 5343; x_wconf 84' lang='lat' dir='ltr'><strong>Manissatn</strong></span> <span class='ocrx_word' id='word_1_778' title='bbox 3381 5287 3451 5337; x_wconf 88' lang='lat' dir='ltr'><strong>ad</strong></span> 
     </span>
    </p>
   </div>
   <div class='ocr_carea' id='block_1_113' title="bbox 1867 5373 3449 5445">
    <p class='ocr_par' dir='ltr' id='par_1_113' title="bbox 1867 5373 3449 5445">
     <span class='ocr_line' id='line_1_113' title="bbox 1867 5373 3449 5445; baseline 0.001 -18"><span class='ocrx_word' id='word_1_779' title='bbox 1867 5376 2145 5427; x_wconf 89' lang='lat' dir='ltr'><strong>sultauum</strong></span> <span class='ocrx_word' id='word_1_780' title='bbox 2211 5373 2579 5429; x_wconf 86' lang='lat' dir='ltr'><strong>Soleimanem</strong></span> <span class='ocrx_word' id='word_1_781' title='bbox 2636 5378 2811 5439; x_wconf 89' lang='lat' dir='ltr'><strong>misit,</strong></span> <span class='ocrx_word' id='word_1_782' title='bbox 2869 5379 2961 5445; x_wconf 88' lang='lat' dir='ltr'><strong>qui</strong></span> <span class='ocrx_word' id='word_1_783' title='bbox 3019 5393 3142 5430; x_wconf 89' lang='lat' dir='ltr'><strong>eum</strong></span> <span class='ocrx_word' id='word_1_784' title='bbox 3200 5387 3449 5430; x_wconf 89' lang='lat' dir='ltr'><strong>moneret</strong></span> 
     </span>
    </p>
   </div>
   <div class='ocr_carea' id='block_1_114' title="bbox 1869 5468 3448 5538">
    <p class='ocr_par' dir='ltr' id='par_1_114' title="bbox 1869 5468 3448 5538">
     <span class='ocr_line' id='line_1_114' title="bbox 1869 5468 3448 5538; baseline 0.001 -19"><span class='ocrx_word' id='word_1_785' title='bbox 1869 5468 1942 5519; x_wconf 86' lang='lat' dir='ltr'><strong>uti</strong></span> <span class='ocrx_word' id='word_1_786' title='bbox 1985 5470 2391 5535; x_wconf 86' lang='lat' dir='ltr'><strong>quamprimum</strong></span> <span class='ocrx_word' id='word_1_787' title='bbox 2450 5469 2578 5522; x_wconf 92' lang='lat' dir='ltr'><strong>illuc</strong></span> <span class='ocrx_word' id='word_1_788' title='bbox 2628 5480 2969 5537; x_wconf 91' lang='lat' dir='ltr'><strong>properaret.</strong></span> <span class='ocrx_word' id='word_1_789' title='bbox 3021 5469 3127 5522; x_wconf 83' lang='lat' dir='ltr'><strong>Sed</strong></span> <span class='ocrx_word' id='word_1_790' title='bbox 3171 5469 3315 5538; x_wconf 88' lang='lat' dir='ltr'><strong>quod</strong></span> <span class='ocrx_word' id='word_1_791' title='bbox 3362 5469 3448 5521; x_wconf 84' lang='lat' dir='ltr'><strong>his</strong></span> 
     </span>
    </p>
   </div>
   <div class='ocr_carea' id='block_1_115' title="bbox 1869 5562 3445 5633">
    <p class='ocr_par' dir='ltr' id='par_1_115' title="bbox 1869 5562 3445 5633">
     <span class='ocr_line' id='line_1_115' title="bbox 1869 5562 3445 5633; baseline -0.001 -18"><span class='ocrx_word' id='word_1_792' title='bbox 1869 5562 2335 5615; x_wconf 82' lang='lat' dir='ltr'><strong>nihillttterarum</strong></span> <span class='ocrx_word' id='word_1_793' title='bbox 2383 5563 2605 5630; x_wconf 87' lang='lat' dir='ltr'><strong>reliquis</strong></span> <span class='ocrx_word' id='word_1_794' title='bbox 2634 5580 2662 5615; x_wconf 91' lang='lat' dir='ltr'><strong>a</strong></span> <span class='ocrx_word' id='word_1_795' title='bbox 2709 5564 2888 5617; x_wconf 85' lang='lat' dir='ltr'><strong>bassis</strong></span> <span class='ocrx_word' id='word_1_796' title='bbox 2933 5563 3253 5633; x_wconf 87' lang='lat' dir='ltr'><strong>adjunctum</strong></span> <span class='ocrx_word' id='word_1_797' title='bbox 3308 5563 3445 5614; x_wconf 79' lang='lat' dir='ltr'><strong>fuis-</strong></span> 
     </span>
    </p>
   </div>
   <div class='ocr_carea' id='block_1_116' title="bbox 1868 5654 3448 5718">
    <p class='ocr_par' dir='ltr' id='par_1_116' title="bbox 1868 5654 3448 5718">
     <span class='ocr_line' id='line_1_116' title="bbox 1868 5654 3448 5718; baseline -0.002 -9"><span class='ocrx_word' id='word_1_798' title='bbox 1868 5664 1969 5718; x_wconf 74' lang='lat' dir='ltr'><strong>st-t,</strong></span> <span class='ocrx_word' id='word_1_799' title='bbox 2021 5656 2224 5709; x_wconf 83' lang='lat' dir='ltr'><strong>veritus</strong></span> <span class='ocrx_word' id='word_1_800' title='bbox 2267 5666 2347 5708; x_wconf 87' lang='lat' dir='ltr'><strong>est</strong></span> <span class='ocrx_word' id='word_1_801' title='bbox 2400 5656 2578 5709; x_wconf 89' lang='lat' dir='ltr'><strong>itineri</strong></span> <span class='ocrx_word' id='word_1_802' title='bbox 2632 5671 2690 5709; x_wconf 92' lang='lat' dir='ltr'><strong>se</strong></span> <span class='ocrx_word' id='word_1_803' title='bbox 2733 5660 2864 5711; x_wconf 90' lang='lat' dir='ltr'><strong>dare</strong></span> <span class='ocrx_word' id='word_1_804' title='bbox 2913 5655 3276 5710; x_wconf 87' lang='lat' dir='ltr'><strong>Soleimanes.</strong></span> <span class='ocrx_word' id='word_1_805' title='bbox 3316 5654 3448 5707; x_wconf 86' lang='lat' dir='ltr'><strong>lude</strong></span> 
     </span>
    </p>
   </div>
   <div class='ocr_carea' id='block_1_117' title="bbox 1868 5746 3437 5817">
    <p class='ocr_par' dir='ltr' id='par_1_117' title="bbox 1868 5746 3437 5817">
     <span class='ocr_line' id='line_1_117' title="bbox 1868 5746 3437 5817; baseline -0.002 -18"><span class='ocrx_word' id='word_1_806' title='bbox 1868 5748 2048 5799; x_wconf 88' lang='lat' dir='ltr'><strong>bassis</strong></span> <span class='ocrx_word' id='word_1_807' title='bbox 2112 5748 2468 5815; x_wconf 71' lang='lat' dir='ltr'><strong>caeteris,qni</strong></span> <span class='ocrx_word' id='word_1_808' title='bbox 2530 5746 2922 5817; x_wconf 84' lang='lat' dir='ltr'><strong>Hadrianopoli</strong></span> <span class='ocrx_word' id='word_1_809' title='bbox 2976 5746 3267 5816; x_wconf 78' lang='lat' dir='ltr'><strong>degebant,</strong></span> <span class='ocrx_word' id='word_1_810' title='bbox 3325 5762 3437 5797; x_wconf 83' lang='lat' dir='ltr'><strong>rem</strong></span> 
     </span>
    </p>
   </div>
   <div class='ocr_carea' id='block_1_118' title="bbox 1870 5837 3440 5912">
    <p class='ocr_par' dir='ltr' id='par_1_118' title="bbox 1870 5837 3440 5912">
     <span class='ocr_line' id='line_1_118' title="bbox 1870 5837 3440 5912; baseline 0.001 -21"><span class='ocrx_word' id='word_1_811' title='bbox 1870 5856 2081 5892; x_wconf 78' lang='lat' dir='ltr'><strong>omnem</strong></span> <span class='ocrx_word' id='word_1_812' title='bbox 2118 5837 2377 5896; x_wconf 74' lang='lat' dir='ltr'><strong>Feihatcs</strong></span> <span class='ocrx_word' id='word_1_813' title='bbox 2404 5842 2558 5897; x_wconf 72' lang='lat' dir='ltr'><strong>bassa</strong></span> <span class='ocrx_word' id='word_1_814' title='bbox 2596 5841 2849 5912; x_wconf 68' lang='lat' dir='ltr'><strong>patefecit</strong></span> <span class='ocrx_word' id='word_1_815' title='bbox 2880 5862 2889 5896; x_wconf 88' lang='lat'><strong>:</strong></span> <span class='ocrx_word' id='word_1_816' title='bbox 2929 5843 3019 5911; x_wconf 89' lang='lat' dir='ltr'><strong>qui</strong></span> <span class='ocrx_word' id='word_1_817' title='bbox 3055 5857 3179 5895; x_wconf 80' lang='lat' dir='ltr'><strong>mox</strong></span> <span class='ocrx_word' id='word_1_818' title='bbox 3218 5856 3281 5895; x_wconf 87' lang='lat' dir='ltr'><strong>cu</strong></span> <span class='ocrx_word' id='word_1_819' title='bbox 3314 5856 3440 5909; x_wconf 85' lang='lat' dir='ltr'><strong>pro-</strong></span> 
     </span>
    </p>
   </div>
  </div>
