4866 6594
1379 487 1486 548 635

2642 484 2999 545 ΑΝΝΑΙ.Ε8
3040 487 3375 547 TURCICI.

4530 475 4625 537 636

1380 599 1530 662 fecti,
1566 612 1688 651 cum
1730 612 1839 666 quo
1872 612 1957 651 res
1994 608 2179 651 essent
2209 600 2326 653 loco
2380 609 2689 664 cernerent,
2745 601 2946 655 litteris
2980 622 3027 683 Α
3055 602 3198 655 unde
3248 617 3356 654 non
3394 611 3593 670 magno
3622 614 3687 653 ex
3723 595 4009 651 intervallo
4034 595 4086 649 in
4141 594 4390 648 Rhodum
4448 602 4623 645 trans—

1378 703 1433 745 et
1478 692 1580 759 ipsi
1620 693 1955 760 perscriptis,
1995 694 2306 760 praefectum
2347 689 2719 760 lspachiornm
2761 695 2826 748 ad
2853 695 2954 748 So-

1378 780 1670 837 leimanem
1730 782 2018 836 Manissam
2064 783 2420 849 ablegaruut,
2469 783 2861 850 signiﬁcantes,
2898 794 2956 837 ut

1383 875 1589 943 absque
1621 891 1768 928 mora
1822 877 2033 929 veniret
2091 879 2411 944 priusquam
2468 877 2535 929 de
2580 878 2753 945 patris
2803 878 2955 931 obitu

1379 971 1620 1037 geriizari
1657 970 1946 1039 cantet-ique
1999 972 2175 1025 Porta:
2229 970 2454 1033 milites,
2494 971 2747 1039 quiddam
2794 971 2951 1025 inau-

1378 1060 1609 1121 dissent,
1643 1075 1711 1113 ne
1746 1061 1886 1115 foede
1930 1062 2193 1128 direptam
2232 1061 2423 1114 urbem
2474 1062 2688 1114 excidio
2740 1061 2951 1116 darent.

1382 1151 1567 1220 Itaque
1604 1150 1962 1217 Soleimanes,
2011 1169 2068 1206 re
2109 1161 2219 1207 tota
2273 1155 2489 1222 penitus
2525 1155 2768 1223 cognita,
2818 1169 2955 1208 con-

1384 1241 1563 1296 festim
1598 1257 1767 1299 semet
1812 1247 2050 1301 accinxit
2090 1246 2269 1300 itineri
2310 1264 2323 1298 :
2362 1261 2460 1299 nec
2492 1245 2598 1300 ulla
2635 1247 2717 1300 vel
2763 1257 2952 1313 noctu,

1385 1335 1468 1386 vel
1521 1336 1758 1390 interdiu
1809 1337 1997 1406 quiete
2054 1339 2395 1407 interposita,
2449 1339 2699 1406 pervenit
2737 1336 2954 1393 lscoda-

1379 1440 1495 1476 ram
1542 1444 1568 1478 e
1606 1428 1830 1495 regione
1878 1429 2385 1497 Constantinopolis
2442 1431 2624 1484 sitam.
2677 1429 2801 1484 illoc
2851 1430 2954 1484 loci

1379 1512 1636 1570 tribunus
1678 1520 2062 1586 genizarorum
2098 1519 2164 1572 ad
2191 1520 2368 1587 ipsum
2412 1521 2580 1583 venit,
2608 1535 2717 1589 quo
2759 1521 2955 1574 comite

1384 1605 1661 1660 triremem
1723 1608 2029 1677 ingressus,
2060 1610 2586 1680 Constantinopolim
2637 1610 2950 1680 transjecit,

1384 1696 1438 1749 in
1497 1713 1784 1753 occursum
1852 1702 2249 1770 prodeuntibus
2324 1703 2598 1774 geuizaris
2662 1703 2952 1758 universis.

1386 1789 1426 1840 Ε
1475 1791 1681 1846 triremi
1728 1810 1853 1847 cum
1919 1794 2327 1858 exscendisset,
2376 1796 2756 1864 geuizarorum
2818 1811 2952 1864 aga,

1382 1898 1517 1937 suos
1555 1886 1891 1954 compellans
1932 1888 2219 1955 genizaros
2255 1905 2267 1942 :
2305 1888 2401 1942 llic
2448 1890 2704 1944 dominus
2751 1898 2950 1955 vester,

3052 695 3270 765 jicitur.
3336 694 3524 762 itaque
3578 690 3844 747 militibus
3881 688 4007 741 hinc
4043 688 4096 741 in
4148 686 4398 738 Rhodum
4450 694 4624 737 trans-

3060 786 3313 854 portatis,
3351 784 3569 839 tandem
3614 792 3667 837 et
3701 786 3818 852 ipse
3852 798 3953 835 suo
3999 796 4123 835 cum
4156 779 4417 832 comitatu
4455 787 4624 828 trans-

3060 889 3248 931 vectus
3290 878 3343 931 in
3386 878 3645 940 insulam,
3693 876 3842 945 gravi
3876 876 4066 929 urbem
4105 873 4394 929 obsidione
4438 871 4624 922 cinxit.

3057 969 3278 1024 Obsessi
3309 968 3619 1025 Christiani
3666 982 3854 1021 muros
3892 968 4089 1037 pannis
4143 980 4310 1020 cocco
4349 964 4552 1023 tinctis,
4579 971 4625 1011 rt

3058 1060 3272 1119 sericis.
3309 1068 3364 1113 et
3391 1073 3525 1111 auro
3566 1058 3896 1123 intertextis,
3942 1056 4250 1117 ornabant,
4287 1070 4350 1109 ac
4381 1050 4625 1121 plurimis

3059 1152 3112 1204 in
3145 1151 3282 1206 urbe
3312 1151 3455 1204 ludis
3494 1160 3547 1203 et
3584 1149 3941 1219 spectaculis,
3997 1149 4061 1202 ad
4108 1147 4467 1202 oblectandos
4518 1142 4627 1194 ani-

3059 1257 3199 1308 mos,
3252 1242 3570 1296 utebantur.
3616 1240 3751 1295 Cum
3792 1243 3939 1295 serio
3989 1241 4224 1309 denique
4257 1251 4629 1308 oppugnaren-

3058 1343 3167 1398 tur,
3227 1334 3389 1404 longo
3443 1334 3708 1402 temporis
3762 1333 3937 1402 spatio
3988 1347 4044 1385 se
4074 1331 4437 1385 defendebant
4475 1343 4627 1382 acer-

3058 1426 3195 1479 rime
3218 1468 3231 1490 ,
3272 1425 3419 1493 quod
3448 1426 3635 1479 urbem
3661 1424 3727 1478 ab
3755 1425 3908 1478 hoste
3943 1423 4091 1476 nullo
4122 1423 4283 1476 modo
4313 1422 4430 1489 capi
4467 1434 4628 1488 posse

3057 1519 3162 1571 sibi
3219 1518 3654 1586 persuasissent.
3706 1518 3784 1572 Ac
3841 1510 4171 1571 Soleimanis
4236 1529 4367 1569 sane
4425 1528 4507 1565 res
4568 1526 4627 1562 eo

3057 1610 3269 1664 tandem
3303 1610 3405 1664 loci
3441 1611 3672 1665 redactae
3712 1610 3948 1674 fuerant,
3986 1618 4043 1663 ut
4094 1622 4330 1678 quanam
4361 1607 4425 1659 ad
4453 1618 4627 1670 expu-

3058 1701 3326 1768 gnandam
3392 1700 3668 1754 civitatem
3734 1701 3817 1753 via
3874 1700 4130 1768 deinceps
4189 1698 4624 1767 progrederetur,

3058 1792 3356 1860 ignoraret.
3396 1791 3536 1857 Quia
3576 1801 3758 1846 tamen
3791 1808 3945 1847 mons
3979 1793 4201 1861 quidam
4245 1790 4388 1843 haud
4437 1788 4627 1857 procul

3056 1888 3123 1939 ab
3192 1889 3325 1941 urbe
3356 1888 3615 1951 distabat,
3667 1903 3729 1940 es
3765 1902 3830 1941 eo
3885 1899 4084 1942 terram
4138 1886 4266 1956 peti,
4321 1900 4426 1953 qua
4473 1883 4629 1936 urbis

1384 1978 1477 2031 hic
1532 1982 1831 2047 imperator
1861 1990 1964 2043 est,
2001 1982 2099 2034 ait.
2138 1982 2251 2047 Qua
2290 1980 2365 2035 illi
2408 1996 2539 2035 voce
2574 1982 2782 2043 audita,
2830 1997 2955 2035 mox
2989 1977 3033 2038 Β
3063 1976 3222 2031 fossae
3261 1981 3763 2048 cornplanarentur,
3806 1979 3998 2034 edixit.
4032 1979 4188 2032 Actis
4220 1985 4475 2046 prmterca
4536 1990 4630 2028 cu-

1381 2072 1571 2124 ordine
1604 2085 1834 2126 caeteros
1867 2073 2196 2142 antegressi,
2236 2073 2511 2127 sultanum
2542 2087 2701 2126 suum
2748 2071 2813 2124 ad
2857 2073 2957 2125 im-

1387 2174 1695 2231 peratorum
1758 2164 2009 2219 Saraium
2067 2166 2436 2221 deduxerunt.
2495 2164 2636 2220 Hinc
2693 2164 2955 2232 largiores

1386 2272 1653 2315 annonas.
1702 2268 1754 2311 et
1793 2258 2050 2312 donativa
2104 2260 2309 2322 petiere
2342 2274 2355 2311 :
2390 2257 2608 2312 sultano
2648 2255 2957 2311 Soleimane

1387 2349 1675 2415 ρ-νςιιιιειιίε
1703 2351 1947 2417 ipsorum
1976 2356 2271 2404 annuente.
2304 2348 2568 2403 Postridie
2619 2350 2791 2418 prima
2839 2348 2957 2403 luce

1386 2438 1551 2492 funus
1578 2437 1794 2494 Selimis
1832 2440 1883 2493 in
1924 2439 2112 2493 urbem
2148 2440 2442 2493 deductum
2478 2439 2599 2504 fuit,
2637 2442 2796 2508 eique
2818 2439 2956 2493 cele-

1389 2532 1566 2585 brata:
1625 2533 1677 2584 in
1721 2533 1921 2600 templo
1966 2533 2081 2588 sive
2132 2548 2289 2587 zuma
2342 2533 2544 2587 sultani
2597 2532 2955 2586 Mucltcmetis

1380 2623 1673 2691 exsequiae.
1732 2624 1906 2679 Pedes
1943 2636 2067 2679 ante
2105 2636 2398 2694 paternum
2451 2624 2616 2679 funus
2672 2624 2957 2679 incedebat

1383 2717 1638 2770 sultanus
1685 2716 2050 2781 Soleimanes,
2106 2717 2272 2785 idque
2321 2717 2689 2771 comitabatur
2739 2717 2805 2770 ad
2860 2732 2955 2769 zu-

1384 2822 1524 2859 niam
1587 2809 1654 2860 ab
1702 2809 1820 2876 ipso
1872 2808 2071 2863 Selime
2119 2808 2417 2870 conditam,
2469 2809 2557 2862 ubi
2606 2817 2958 2862 monumento

1383 2913 1482 2949 suo
1519 2897 1622 2949 fuit
1656 2898 1865 2953 illatus.
1897 2899 2026 2952 lude
2075 2897 2420 2954 Soleimanes
2456 2900 2523 2951 ad
2558 2899 2820 2967 palatium
2874 2913 2957 2950 re-

1385 3004 1593 3051 versus,
1656 2990 1708 3043 itt
1766 2993 2018 3042 thronum
2061 2990 2472 3053 imperatorium
2529 3005 2587 3043 se
2642 2990 2953 3055 collocavit,

1388 3089 1441 3132 ct
1491 3081 1639 3147 regni
1683 3080 2220 3136 administrationem
2272 3082 2594 3150 auspicatus
2646 3090 2753 3147 est,
2811 3096 2956 3135 anno

1385 3172 1489 3226 9'26
1518 3171 1670 3241 (Chr.
1717 3171 1901 3242 1520),
1932 3172 2019 3227 die
2054 3173 2263 3228 decima
2288 3173 2518 3244 septima
2544 3174 2749 3228 mensis
2779 3174 2952 3229 Sche-

1389 3267 1543 3321 Italis.

1459 3358 1655 3413 Factus
1696 3359 1804 3425 jam
1858 3361 2011 3430 plene
2050 3376 2226 3414 rerum
2287 3362 2543 3415 dominus
2589 3360 2944 3423 Soleimanes,

1386 3449 1588 3518 elapsis
1623 3450 1835 3514 aliquot
1879 3450 2183 3509 mensibus.
2218 3464 2410 3503 omnes
2440 3464 2570 3502 suos
2596 3450 2797 3501 milites
2824 3462 2953 3500 con-

1388 3541 1573 3593 venire
1606 3540 1794 3609 jussit,
1831 3549 1885 3594 ct
1936 3554 2059 3593 cum
2106 3540 2186 3594 eis
2222 3556 2413 3594 versus
2468 3540 2659 3594 Albam
2708 3538 2947 3593 Graecam

1387 3630 1663 3699 profectus
1683 3641 1787 3693 est,
1820 3647 1964 3686 anno
1994 3633 2099 3688 9:27
2148 3632 2300 3702 (Chr.
2344 3632 2523 3701 l5‘2l).

1455 3723 1591 3777 Cum
1624 3739 1790 3792 prope
1817 3725 1926 3794 jam
1959 3727 2174 3779 abesset
2221 3724 2289 3777 ab
2311 3725 2465 3790 Alba,
2500 3726 2732 3779 vezirem
2770 3742 2950 3790 suum,

1385 3817 1703 3870 Aelimetem
1731 3819 1969 3882 bassam,
1992 3833 2116 3870 cum
2141 3816 2420 3872 Romaniae
2438 3819 2610 3887 cepiis
2630 3820 2694 3871 ad
2715 3817 2952 3887 Btll'glll‘-

1387 3910 1542 3962 delen
1591 3913 1669 3964 ire
1715 3911 1899 3979 jussit.
1957 3912 2005 3963 Is
2072 3911 2201 3963 illuc
2237 3912 2326 3963 ubi
2361 3914 2616 3973 venisset,
2667 3913 2954 3965 tormentis

1391 4001 1595 4055 bellicis
1631 4002 1828 4056 tnmnia
1862 4001 2100 4068 disjccit.
2148 4003 2374 4054 militem
2424 4002 2667 4066 immisit,
2709 4012 2762 4055 et
2805 4002 2959 4070 oppi-

1390 4097 1520 4147 dunt
1561 4094 1725 4162 cepit.
1751 4092 1902 4146 Multi
1931 4104 2111 4144 tamen
2149 4093 2201 4145 in
2231 4094 2350 4160 ejus
2382 4094 2783 4162 expugnatione
2817 4094 2958 4146 'l‘ur-

1390 4190 1436 4241 ci
1470 4188 1620 4239 fuere
1652 4186 1930 4248 trucidati,
1956 4201 2019 4238 ac
2052 4184 2292 4237 vicissim
2326 4185 2616 4237 Aclunctes
2657 4184 2815 4237 bassa
2849 4185 2961 4237 sul-

1393 4291 1519 4330 taun
1579 4275 1878 4329 Soleimani
1944 4291 2209 4328 caesorum
2266 4274 2709 4328 Christianorum
2758 4272 2957 4343 capita,

1392 4386 1514 4424 cum
1542 4368 1869 4434 quibusdam
1899 4368 2132 4434 captivis
2162 4374 2217 4419 et
2242 4366 2581 4427 vulneratis,
2615 4365 2783 4418 misit.

1465 4460 1776 4514 Secundum
1834 4459 1923 4511 illa
1971 4459 2137 4511 Pirim
2195 4457 2412 4511 bassam
2443 4455 2748 4524 praecedere
2800 4455 2965 4524 jussit

1397 4552 1761 4612 Soleimaues,
1806 4553 1897 4619 qui
1958 4550 2107 4602 Albae
2138 4548 2341 4603 Graeca:
2390 4548 2555 4601 sitnut
2609 4562 2675 4600 ac
2712 4547 2967 4599 munitio-

1400 4660 1541 4707 nem,
1593 4642 1947 4694 circumfusis
2006 4640 2200 4708 copiis,
2260 4639 2633 4707 specularetur
2681 4655 2695 4689 :

1397 4752 1502 4803 que
1546 4733 1712 4786 Pirim
1756 4743 1999 4795 sccutus,
2049 4730 2367 4784 universum
2418 4728 2720 4782 exercitum
2777 4730 2971 4781 maeni-

1403 4829 1501 4879 bns
1543 4823 1809 4885 admovit,
1848 4832 2028 4875 castra
2063 4822 2207 4873 vallo
2240 4820 2494 4884 munivit,
2531 4827 2800 4873 tormenta
2851 4818 2970 4888 jus-

1403 4918 1472 4970 sit
1514 4916 1775 4985 expediri,
1816 4928 2006 4967 muros
2040 4926 2261 4965 eversos
2292 4911 2409 4979 splo
2439 4912 2694 4979 atquavit,
2739 4925 2805 4963 ac
2850 4920 2974 4963 tan-

1407 5013 1525 5061 dem
1556 5008 1744 5061 Albam
1767 5003 2099 5073 expugnavit
2126 5003 2211 5055 die
2248 5001 2510 5055 vicesima
2542 5002 2733 5069 quinta
2767 5000 2972 5053 mensis

1409 5101 1752 5164 ltcmazanis,
1812 5112 1954 5150 anno
2014 5096 2120 5149 927
2176 5094 2330 5163 (Chr.
2395 5093 2557 5161 l52l)
2612 5106 2719 5161 qua
2769 5093 2974 5163 potitus

1407 5191 1942 5258 Constantitmpolim
1970 5188 2149 5242 rediit.

1480 5290 1638 5339 Anno
1672 5283 1918 5353 sequenti
1966 5282 2219 5351 proximo
2246 5278 2350 5334 9‘38
2382 5277 2535 5346 (Chr.
2570 5277 2730 5344 1522)
2764 5277 2851 5331 die
2895 5277 2974 5329 vi-

1403 5378 1605 5434 c-‘sisna
1655 5375 1861 5429 Iliensis
1893 5373 2149 5436 llezcbis,
2189 5370 2387 5424 iterum
2425 5367 2765 5421 Soleituancs
2817 5382 2976 5436 cxpe-

1408 5473 1613 5527 clitione
1658 5477 1932 5535 suscepta,
1975 5465 2166 5533 copias
2225 5461 2515 5515 universas
2568 5459 2619 5511 in
2663 5457 2974 5511 Anatoliam

1410 5567 1744 5627 transduxit,
1776 5563 1966 5616 Rhodo
2005 5560 2207 5615 bellum
2234 5558 2505 5611 illaturus.
2539 5555 2657 5607 Jam
2696 5535 2823 5607 an'te
2849 5549 2979 5605 vero

1410 5658 1751 5727 lliustapbarn
1801 5654 2017 5707 bassain
2057 5649 2262 5718 insigni
2325 5663 2448 5701 cum
2493 5648 2669 5700 classe
2723 5642 2977 5697 Rhodum

1412 5751 1667 5810 navigare
1718 5748 1975 5813 iusserat.
2037 5745 2153 5811 Ipse
2214 5756 2337 5794 cum
2403 5739 2743 5808 pedestribus
2810 5736 2980 5805 repiis

1414 5842 1723 5896 Anatoliant
1760 5842 2063 5904 ingressus,
2089 5837 2139 5887 in
2179 5834 2432 5901 oppidum
2462 5831 2737 5900 quoddam
2772 5828 2977 5882 Mente-

1418 5933 1585 5988 sianzc
1637 5930 1891 5995 ditionis,
1919 5929 2005 5984 cui
2064 5940 2259 5982 nomen
2287 5924 2567 5989 blernterc,
2608 5938 2663 5978 se
2694 5922 2928 5977 contulit
2964 5940 2975 5975 :

3061 2071 3280 2136 uiculis,
3320 2072 3538 2127 sull‘ossi
3576 2070 3728 2126 fuere
3778 2072 3955 2134 muri,
3991 2079 4379 2125 tormentorum
4410 2081 4630 2136 quoque

3061 2164 3106 2217 vi
3151 2179 3343 2235 magna
3371 2180 3434 2219 ex
3474 2175 3626 2235 parte
3657 2165 3845 2218 diruti.
3900 2161 4237 2231 Quapropter
4264 2160 4530 2212 exhausto
4562 2160 4630 2208 la-

3060 2256 3289 2312 boribus
3330 2272 3394 2313 ac
3422 2257 3690 2313 molestiis
3728 2256 4168 2310 CbriStianorum
4201 2253 4469 2322 praesidio,
4502 2267 4631 2303 cum

3060 2349 3248 2403 urbem
3284 2364 3396 2402 non
3432 2349 3603 2403 multo
3632 2359 3754 2417 post
3783 2347 3838 2401 itt
3874 2348 4109 2400 hostium
4139 2354 4456 2413 potestatem
4499 2359 4632 2393 vcn-

3058 2451 3237 2494 turam
3290 2441 3494 2495 nemini
3543 2441 3771 2493 dubium
3811 2451 4003 2493 esset:
4057 2440 4301 2508 ipsorum
4357 2438 4630 2505 μιίιιοι-ρι.

3057 2546 3221 2601 quem
3250 2531 3499 2598 Megalen
3532 2532 3763 2585 Mastora
3798 2532 4085 2589 vocabant,
4126 2530 4371 2582 inducias
4414 2537 4627 2595 pactus,

3060 2626 3252 2678 urbem
3329 2640 3388 2677 se
3467 2624 3781 2678 deditorum
3853 2622 4201 2690 signiﬁcavit,
4278 2619 4435 2672 modo
4498 2620 4633 2687 ipsis

3059 2718 3294 2770 abeundi
3342 2727 3585 2785 potestas
3619 2718 3794 2779 fieret,
3832 2717 3998 2770 salvis
4031 2714 4379 2769 facultatilms
4414 2713 4551 2774 suis,
4582 2722 4631 2765 et

3058 2807 3501 2863 Christianorum
3556 2823 3753 2861 uxores
3789 2820 3952 2876 atque
4005 2807 4161 2861 liberi
4204 2806 4335 2859 nulli
4384 2804 4629 2858 servituti

3059 2902 3528 2968 manciparemur.
3554 2902 3608 2954 ln
3651 2915 3744 2952 eas
3782 2899 4129 2953 conditiones
4168 2898 4418 2951 sultanus
4453 2896 4629 2949 Solei-

3060 3008 3247 3045 manes
3286 2994 3492 3059 alisque
3523 3008 3675 3045 mora
3712 2993 4011 3046 consensit.
4052 2991 4238 3058 Itaque
4264 3005 4389 3042 cum
4422 2988 4631 3042 obsessi

3059 3100 3284 3138 munera
3320 3087 3537 3137 sultano
3576 3085 3849 3150 quaedam,
3890 3084 3942 3137 in
3976 3084 4093 3150 ejus
4133 3091 4486 3150 conspectum
4535 3082 4630 3133 adv

3059 3179 3237 3239 tniSsi,
3301 3178 3655 3239 obtulissent,
3714 3191 3839 3229 cum
3900 3176 4064 3228 rebus
4124 3188 4185 3226 ac
4254 3171 4633 3233 facultatibus,

3064 3285 3184 3322 cum
3216 3269 3402 3321 liberis
3428 3278 3480 3320 ct
3513 3268 3779 3321 uxoribus
3816 3268 3933 3319 Suis
3984 3281 4149 3318 naves
4174 3264 4429 3331 ingressi,
4470 3264 4633 3317 Turri

3064 3361 3253 3414 Rhodo
3289 3372 3597 3426 cesserunt,
3650 3371 3719 3414 et
3758 3361 3808 3411 in
3846 3359 4049 3412 italiam
4084 3358 4428 3425 navigarunt.
4472 3359 4637 3421 Quot-

3058 3464 3191 3524 quot
3220 3464 3375 3507 eraut
3410 3454 3463 3507 in
3513 3454 3644 3507 urbe
3688 3450 3884 3520 captivi
3914 3450 4101 3514 Turci,
4151 3450 4387 3503 libertati
4444 3450 4638 3518 pristi-

3060 3562 3141 3601 me
3170 3548 3410 3601 restituti
3452 3548 3625 3601 fuere.
3657 3548 3823 3615 Capta
3851 3561 3977 3597 vero
4006 3545 4109 3597 fuit
4138 3542 4358 3597 Rhodus
4401 3543 4492 3595 die
4530 3554 4638 3596 ter-

3063 3641 3137 3691 tio
3188 3640 3393 3693 mensis
3445 3638 3691 3700 Seil'cris,
3750 3653 3891 3693 anno
3937 3637 4059 3690 929.
4100 3637 4270 3690 Simul
4308 3635 4474 3688 etiam
4513 3651 4635 3687 cum

3065 3731 3258 3785 Rhodo
3309 3731 3470 3785 Tur-ci
3522 3747 3703 3786 arcem
3752 3731 4034 3793 Stancoin,
4066 3739 4120 3783 et
4174 3727 4437 3791 Bedrum,
4477 3728 4635 3779 aliam

3066 3838 3245 3876 arcem
3293 3823 3344 3876 in
3385 3822 3633 3877 Anatolia
3666 3823 3847 3885 sitam,
3890 3827 3941 3877 in
3980 3830 4301 3892 potestatem
4354 3820 4636 3885 redegere,

3068 3912 3407 3969 Soleimanes
3458 3915 3584 3969 inde
3642 3914 4169 3983 Constantinopolim
4224 3925 4486 3964 reversus
4538 3920 4640 3963 est.

3138 4003 3407 4059 Cancrum
3439 4022 3546 4074 quo
3609 4015 3849 4074 tempore
3891 4006 3957 4058 ad
3988 4002 4344 4059 obsidendam
4384 4000 4639 4052 llltorlunr

3068 4094 3341 4162 proficisci
3402 4096 3702 4165 cogitabat,
3764 4094 4052 4148 Ferhatem
4104 4093 4318 4145 bassatn
4378 4091 4643 4143 advorsus

3069 4186 3211 4239 Alim
3255 4184 3473 4253 begum,
3506 4184 3699 4239 Scacbi
3736 4185 4028 4240 Suareusis
4067 4183 4262 4247 ﬁlium,
4293 4182 4391 4251 qui
4450 4196 4645 4252 perau-

3071 4276 3221 4345 tiqno
3255 4278 3520 4347 majorum
3556 4292 3780 4331 suorum
3809 4278 3930 4348 jure
3959 4275 4374 4346 Dulgadirensis
4403 4276 4648 4343 regionis

3073 4368 3179 4421 dux
3240 4379 3375 4430 erat,
3436 4384 3559 4421 cum
3614 4368 3789 4437 copiis
3820 4368 4105 4438 ablegavit.
4144 4368 4276 4421 Nam
4316 4365 4457 4418 falso
4499 4365 4649 4417 dcla-

3073 4470 3159 4515 tus
3211 4462 3257 4513 is
3296 4460 3473 4513 fuerat
3520 4460 3681 4539 343
3728 4460 3868 4529 apud
3921 4461 4195 4517 sultanum
4249 4458 4645 4517 Soleimanem,

3074 4562 3126 4606 et
3161 4554 3448 4606 accedebat
3479 4553 3582 4604 alia
3632 4568 3822 4615 causa,
3855 4551 4001 4620 quod
4031 4548 4341 4605 Osutanidm
4369 4552 4644 4602 nemini-nt

2750 4637 2965 4692 statim-
2997 4646 3243 4726 Dveteri
3295 4653 3485 4697 natum
3524 4643 3732 4696 fan‘ti'lia
3768 4657 3870 4696 suo
3896 4644 3947 4695 in
3983 4642 4211 4710 imperio
4245 4642 4485 4694 tolerare
4532 4658 4650 4704 pus-

3077 4748 3227 4791 sunt.
3267 4734 3366 4789 Ubi
3403 4737 3513 4804 jam
3551 4750 3720 4805 prope
3758 4733 4015 4788 Ferbates
4045 4734 4231 4786 aberat
4266 4734 4334 4785 ab
4368 4734 4492 4785 Alis
4538 4735 4650 4799 begi

3076 4829 3302 4891 ditione,
3357 4826 3620 4881 insidioso
3676 4837 3797 4880 astu
3845 4826 4124 4880 hominem
4181 4824 4246 4877 ad
4292 4840 4353 4878 se
4403 4826 4652 4893 pcllcsit.

3077 4918 3287 4987 Quippe
3325 4919 3573 4971 morbum
3615 4918 3901 4980 simulans,
3946 4917 4243 4986 signiﬁcari
4275 4917 4416 4983 bogo
4443 4917 4611 4985 jussit
4639 4960 4651 4977 ,

3076 5009 3214 5062 velle
3260 5022 3319 5062 se
3358 5014 3743 5061 testamentum
3794 5006 4051 5069 condere,
4107 5014 4271 5075 atque
4319 5006 4501 5073 ipsius
4535 5005 4656 5058 ﬁdei

3076 5102 3376 5156 exercitum
3429 5101 3792 5153 committere.
3830 5098 3946 5165 Qua
3986 5100 4261 5151 voluntate
4288 5097 4550 5153 Fer-bans
4582 5102 4663 5151 in-

3080 5192 3315 5253 tellccta,
3372 5206 3498 5244 mox
3529 5191 3646 5244 Alis
3681 5191 3872 5260 begus,
3923 5189 4054 5241 nihil
4091 5190 4158 5242 ab
4186 5190 4511 5244 Osrnanicis
4570 5205 4662 5258 pe-

3082 5284 3239 5337 riculi
3290 5285 3522 5345 veritus,
3564 5282 3762 5349 quibus
3817 5280 3945 5334 inde
3990 5295 4161 5348 usque
4206 5294 4234 5330 a
4267 5283 4453 5347 prima
4504 5292 4663 5333 aetate

3081 5374 3219 5428 ﬁdus
3253 5375 3366 5443 ipse
3392 5372 3589 5434 fuerat,
3624 5386 3747 5425 cum
3778 5381 4011 5439 utroque
4059 5370 4169 5423 ﬁlio
4203 5370 4422 5422 bassaru
4479 5370 4613 5423 adiit
4643 5384 4657 5418 :

3080 5466 3170 5531 qui
3208 5474 3260 5518 ct
3308 5473 3537 5533 patrem,
3567 5472 3620 5515 et
3656 5462 3821 5523 ﬁlios,
3864 5462 4184 5514 innocentes
4238 5461 4418 5514 occidi
4471 5462 4663 5529 jussit.

3083 5558 3194 5609 lloc
3253 5556 3493 5608 facinore
3542 5564 3778 5623 patrato,
3812 5552 4075 5607 Fcrhatcs
4111 5552 4176 5607 ad
4212 5554 4502 5607 sultanum
4560 5553 4664 5607 So-

3084 5647 3395 5708 leimancm,
3450 5645 3701 5699 Rhodum
3741 5645 4109 5703 obsidentem.
4164 5644 4361 5698 [ibodo
4419 5648 4662 5699 uccoluta

3083 5750 3261 5807 capta,
3295 5754 3545 5792 reversus
3570 5747 3674 5793 est.

3154 5833 3287 5885 Cum
3328 5843 3505 5884 autem
3542 5831 3787 5885 coufccto
3824 5831 3961 5884 bello
3993 5830 4225 5893 libodio,
4261 5832 4671 5887 Constantino-

3087 5925 3192 5993 poli
3259 5924 3595 5979 Sulcitnaucs
3654 5924 3873 5993 quietus
3929 5923 4183 5990 degeret,
4256 5922 4524 5979 Genizari
4586 5920 4670 5979 die
