4866 6594
181 371 279 436 637

1438 378 1787 438 ANNALES
1817 381 2160 442 TUllCICI.

3301 390 3410 454 633

181 498 434 550 vicesimo
479 498 633 550 tertio
670 499 874 552 mensis
930 497 1157 551 liezehis
1193 498 1516 552 seditionem
1554 513 1738 551 move-
1766 499 1811 552 Α
1841 512 1964 565 pars
2006 507 2303 552 corruerat.
2359 497 2428 550 Ea
2478 515 2534 552 re
2571 501 2830 568 perlecta,
2881 502 3063 556 subito
3107 518 3228 556 cum
3285 508 3414 559 nive

179 598 323 651 runt,
362 598 415 640 et
467 587 678 655 Aigasis
735 588 924 652 bassa‘,
980 589 1332 655 supremique
1388 587 1738 646 thesaurarii,

174 680 551 733 Abduselamis
583 679 727 733 aedes
755 691 1098 747 exmignatas
1132 680 1496 747 diripuerunt.
1531 680 1740 733 Postri-

175 773 299 835 die,
351 772 440 839 qui
483 771 728 825 Mercurii
774 771 891 825 dies
936 780 1093 831 erat,
1151 781 1310 823 noctu
1361 770 1644 824 Ibrahimis
1678 785 1741 823 ac

175 865 470 930 Mnstapbm
529 865 806 916 bassarum
861 864 1052 916 domos
1112 864 1298 914 itidem
1371 861 1609 914 adhibita
1688 862 1736 915 vi

173 971 453 1022 aperuere:
507 956 599 1009 sed
659 971 720 1009 ea
777 970 899 1007 cum
961 955 1365 1017 moderatione,
1425 955 1624 1007 nullam
1682 963 1740 1006 ut

173 1048 295 1100 inde
337 1046 571 1115 praedam
601 1045 897 1099 auferrent.
919 1045 1228 1112 Composito
1262 1045 1494 1112 denique
1526 1044 1742 1111 geuiza-

171 1151 353 1190 torum
385 1136 616 1189 tumultu
644 1174 658 1195 .
691 1135 1028 1189 Soleimanes
1061 1138 1110 1188 in
1149 1134 1439 1203 Ungariam
1473 1133 1738 1201 proﬁcisci

170 1227 395 1282 statuit:
436 1238 488 1280 et
516 1227 755 1281 collectis
788 1226 1139 1296 quiquaginta
1168 1228 1246 1280 vel
1293 1227 1569 1295 sexaginta
1619 1227 1739 1279 mil-

169 1320 315 1376 libus
374 1329 750 1382 armatorum,
817 1320 1073 1386 pontibus
1139 1318 1380 1380 Savum,
1440 1317 1732 1375 'Dravnm.

173 1412 568 1478 Danubiumque
623 1411 843 1464 [lumina
893 1410 1109 1478 junxit:
1147 1419 1200 1463 et
1229 1410 1553 1463 Varadinum
1591 1409 1736 1462 Perri

167 1519 290 1559 cum
324 1504 444 1557 aliis
478 1504 613 1556 locis
659 1503 885 1556 munitis
936 1503 1262 1571 occupavit,
1311 1501 1514 1554 Budam
1567 1502 1735 1568 ipsam

166 1610 288 1649 cum
324 1594 567 1648 exercitu
603 1595 887 1660 petiturus.
929 1594 998 1647 Ea
1033 1577 1357 1648 Soleimanis
1391 1594 1731 1661 expeditione

167 1688 408 1752 cognita,
441 1701 498 1738 se
526 1701 740 1754 quoque
773 1703 861 1739 rex
901 1686 1151 1752 Ungarns
1183 1687 1247 1739 ad
1275 1686 1472 1739 bellum
1506 1687 1734 1752 paravit;

165 1783 218 1827 et
257 1789 382 1826 cum
433 1775 603 1828 milite
644 1789 762 1839 suo,
805 1775 896 1842 qui
941 1774 1085 1829 ferro
1127 1785 1272 1828 totus
1312 1786 1556 1828 armatus
1585 1786 1731 1840 erat,

164 1865 387 1916 obvium
425 1878 482 1917 se
528 1865 742 1918 sultano
790 1865 1086 1918 Soleimani
1137 1865 1302 1919 dedit.
1353 1865 1448 1918 Die
1497 1865 1732 1933 quodam

164 1954 462 2016 Merettrii.
514 1957 661 2008 circa
728 1965 942 2024 tempus
1000 1956 1206 2022 Ikiudi,
1272 1957 1534 2026 urrinque
1584 1966 1734 2010 tanto

162 2060 566 2103 Concurrerunt
589 2051 863 2104 exercitus
898 2051 1119 2118 impetu,
1165 2051 1332 2104 multa
1366 2061 1418 2105 ut
1451 2051 1728 2103 hominum

160 2144 332 2195 millia
385 2143 452 2196 ab
503 2153 728 2212 utraque
783 2153 935 2212 parte
980 2159 1117 2198 cassa
1168 2145 1460 2209 caderent,
1516 2145 1734 2213 plurimi

161 2237 602 2289 vulnerarentur.
626 2234 734 2288 Diu
770 2243 1064 2304 pugnatum
1098 2250 1220 2288 cum
1253 2235 1476 2297 fuisset,
1517 2234 1728 2286 tandem

160 2340 345 2380 tamen
382 2327 555 2380 victus
591 2344 684 2381 rex
729 2326 1003 2393 Ungarus,
1037 2327 1199 2380 etiam
1231 2328 1343 2394 ipse
1373 2326 1552 2394 periit.
1585 2324 1734 2378 Actis

157 2432 346 2473 autem
381 2420 435 2471 in
467 2419 648 2488 fugam
684 2419 915 2488 Ungaris
939 2457 954 2482 ,
1004 2417 1164 2472 Turci
1199 2419 1406 2472 hostem
1442 2419 1734 2486 persecuti,

157 2512 335 2563 multa
391 2510 633 2578 ipsorum
684 2511 847 2563 millia
899 2512 1039 2564 inter
1092 2511 1404 2579 fugiendum
1455 2511 1734 2564 contruci-

154 2605 380 2655 darunt.
437 2603 772 2656 Soleimanes
826 2618 880 2656 re
926 2604 1058 2655 bene
1113 2610 1299 2670 gesta,
1351 2601 1554 2654 Budam
1607 2616 1733 2654 suos

155 2693 354 2758 duxit,
395 2699 448 2745 et
483 2691 615 2745 urbe
654 2693 770 2746 sine
801 2693 1063 2759 sanguine
1100 2692 1304 2761 potitus
1344 2702 1457 2757 est,
1495 2692 1734 2758 cujusvis

155 2800 334 2836 sexus
356 2795 407 2835 et
434 2785 607 2838 anatis
659 2785 968 2837 hominibus
1003 2784 1056 2836 in
1102 2785 1416 2836 servitutem
1454 2785 1684 2836 redactis
1711 2826 1724 2848 ,

153 2891 308 2928 anno
349 2875 454 2929 93‘2
503 2875 633 2927 Chr.
684 2875 889 2942 (15:6).
943 2874 1072 2928 Post
1122 2888 1439 2943 olcupatam
1488 2874 1730 2937 Budam,

159 2982 418 3021 reversus
448 2976 531 3020 est
561 2964 1023 3036 Hadrianopolim,
1060 2976 1113 3020 et
1143 2969 1208 3020 ad
1244 2975 1460 3036 tempus
1512 2966 1732 3034 aliquod

150 3073 212 3112 se
244 3057 418 3126 quieti
449 3058 618 3109 dedit.

228 3146 364 3199 Erat
419 3156 545 3199 tunc
606 3145 822 3213 quidam
878 3147 929 3199 in
983 3148 1251 3210 Anatolia,
1318 3148 1412 3217 qui
1469 3146 1733 3201 Calender

147 3239 376 3293 Zelebis
427 3239 833 3308 appellabatur,
883 3253 950 3293 ex
981 3239 1184 3293 fantilia
1219 3239 1414 3294 Chazis
1465 3237 1728 3295 Beciasis.

144 3332 360 3384 Colunt
391 3341 568 3384 autem
603 3330 763 3385 Turci
795 3331 1016 3386 Chazim
1059 3332 1361 3395 Bectasem,
1411 3347 1508 3384 ceu
1538 3332 1720 3406 divum

143 3424 479 3491 quemdam,
499 3433 662 3493 atque
688 3424 848 3478 etiam
886 3427 1158 3478 invocant.
1187 3423 1283 3477 llic
1315 3439 1444 3493 ergo
1465 3423 1729 3475 Calender

140 3516 374 3572 Zelebis
433 3517 698 3570 seditione
760 3526 937 3580 mota,
996 3532 1116 3568 cum
1182 3532 1287 3567 non
1347 3531 1540 3584 magno
1599 3512 1728 3568 Der—

145 3609 429 3662 visiorum
468 3624 716 3672 numero,
753 3607 1045 3676 Sangiacos
1080 3607 1288 3676 aliquot
1321 3606 1492 3667 fudit,
1527 3618 1577 3660 et
1611 3607 1728 3658 uni-

136 3718 373 3756 versam
410 3699 720 3754 Anatoliam
752 3701 814 3753 ad
858 3717 1005 3752 arma
1036 3701 1348 3753 concitavit.
1384 3698 1722 3752 Soleimanes

138 3802 384 3860 accepto
418 3802 596 3846 motus
627 3792 851 3858 hujusce
885 3793 1098 3852 nuntio,
1127 3791 1450 3844 lbrahimem
1486 3792 1724 3852 bassam,

134 3884 355 3952 insigni
400 3899 522 3936 cmn
569 3885 832 3947 exercitu,
881 3882 1048 3943 illisit,
1105 3882 1182 3934 uti
1230 3881 1576 3935 Calendercm
1623 3881 1724 3934 Ze-

133 3976 316 4028 lebitn
384 3975 526 4027 bello
581 3989 912 4043 aggressus,
987 3974 1041 4026 in
1126 3975 1370 4027 ordinem
1426 3971 1716 4040 redigeret.

130 4067 459 4122 lbrahimcs
493 4066 846 4121 Calenderem
877 4079 997 4118 cum
1029 4065 1200 4133 capiis
1231 4072 1535 4124 assecutus,
1589 4079 1720 4131 pra:-

126 4161 279 4212 lium
319 4158 598 4226 iniitzquo
621 4157 934 4210 dimicatum
957 4157 1023 4210 ab
1051 4166 1278 4223 utraque
1307 4164 1457 4224 parte
1485 4155 1718 4218 l'0rtiter,

122 4267 195 4306 eo
261 4261 452 4304 tamen
515 4259 756 4313 eventu,
805 4249 1071 4302 Calender
1125 4261 1184 4302 ut
1263 4249 1379 4317 ipse
1436 4264 1534 4303 sua
1598 4264 1721 4301 cum

125 4347 178 4395 fa
195 4345 397 4397 ctione
431 4343 604 4395 victus
632 4343 998 4407 occumberet.

200 4433 551 4500 Compositis
600 4432 862 4486 Anatolia:
913 4431 1123 4494 turbis,
1177 4432 1242 4485 ad
1299 4431 1457 4483 aliam
1515 4445 1574 4483 se
1627 4430 1725 4482 So-

1845 587 2015 654 frigus
2048 588 2182 641 adeo
2214 589 2504 643 vehemens
2528 590 2733 650 incidit,
2764 603 2818 644 ut
2847 592 2895 644 ei
2924 575 3205 645 tolerando
3235 608 3413 659 neque

1845 679 2066 743 milites,
2104 696 2277 749 neque
2305 682 2548 748 jumenta
2577 683 2903 736 sullicerent.
2930 681 3162 752 Ideoque
3188 684 3417 737 (Ιεειὶιιις

1845 779 1931 823 tus
1975 774 2120 822 otnni
2163 786 2257 839 spe
2287 769 2493 827 Vienna
2520 774 2781 836 potiundi.
2813 773 3157 827 obsidionem
3208 775 3418 827 solvere

1842 872 2063 916 coactus
2105 864 2248 917 fuit:
2294 863 2888 932 etConstantinopulim
2933 881 3186 920 reversus
3217 866 3283 918 ad
3318 869 3417 919 ali-

1842 951 1986 1018 quod
2018 961 2230 1018 tempus
2267 967 2295 1003 a
2331 952 2483 1004 bellis
2510 952 2789 1005 abstinuit.
2824 951 2984 1007 Gesta
3021 971 3153 1008 vero
3191 955 3414 1009 {uerunt

1843 1043 1955 1095 base
1989 1057 2130 1094 anno
2178 1042 2282 1096 935
2314 1042 2467 1112 (Chr.
2506 1043 2685 1112 1529).

1914 1135 2047 1187 Dum
2093 1135 2566 1202 Constantinopoli
2617 1137 2838 1204 quietus
2903 1137 3108 1201 lueret,
3171 1135 3417 1192 invitatis.

1845 1243 2036 1296 magna
2063 1229 2407 1282 solemnitate
2430 1228 2603 1282 bassis
2634 1228 2889 1281 omnibus
2915 1239 2966 1281 et
2990 1230 3326 1298 proceribus,
3360 1240 3414 1283 et

1842 1331 2148 1374 extcrornm
2204 1321 2511 1389 principum
2583 1321 2811 1387 legatis,
2889 1322 3143 1388 omnique
3210 1337 3406 1388 genere

1843 1412 2273 1480 spectaculorum
2307 1411 2358 1465 in
2382 1411 2708 1465 Atmindane
2745 1411 3209 1480 Constantinopoli
3255 1413 3414 1466 exhi-

1842 1507 1974 1571 bito,
2037 1505 2172 1558 ﬁlios
2200 1520 2362 1569 suos,
2413 1505 2688 1557 sultanum
2753 1504 3076 1573 Mustapha,
3125 1505 3406 1557 sultanmn

1841 1595 2228 1648 Muchemctem
2257 1635 2270 1658 ,
2316 1606 2366 1648 et
2415 1596 2690 1648 sultanum
2752 1594 3008 1648 Solimem
3083 1594 3408 1648 circumcidi

1841 1685 2051 1738 curavit
2079 1725 2092 1748 ,
2127 1700 2271 1738 anno
2304 1687 2408 1740 938
2441 1685 2592 1754 (Chr.
2628 1684 2811 1752 1532).

1911 1775 2109 1829 Eodem
2163 1791 2304 1829 anno
2365 1777 2566 1830 mensis
2623 1776 2944 1831 Remasanis
2999 1777 3090 1830 die
3147 1777 3406 1830 vicesimo

1839 1875 2053 1931 octavo,
2080 1853 2546 1937 Constantinopoli
2578 1867 2865 1932 discessit,
2917 1867 3156 1934 Hispano
3204 1866 3404 1919 bellum

1840 1959 2110 2011 illaturus.
2165 1960 2408 2027 Cumque
2485 1958 2824 2028 pervenisset
2904 1959 2955 2011 in
3024 1958 3405 2020 Alamaniam,

1838 2050 2065 2104 duorum
2101 2051 2363 2104 mensium
2398 2053 2572 2118 spatio
2615 2052 2800 2119 copias
2839 2050 2965 2102 hinc
3012 2051 3131 2102 itide
3166 2051 3406 2102 circum-

1838 2146 2023 2209 duxit,
2059 2145 2199 2198 l‘erro
2227 2153 2278 2197 et
2314 2143 2420 2213 igni
2451 2153 2640 2197 cuncta
2673 2155 2889 2198 vastans
2920 2152 3079 2209 atque
3112 2142 3394 2210 diripiens.

1838 2241 2031 2293 Nullus
2079 2254 2108 2292 a
2153 2237 2474 2291 Christianis
2521 2237 2800 2306 oppositus
2843 2236 2892 2290 ei
2941 2235 3040 2288 fuit
3089 2236 3400 2296 exercitus,

1839 2347 2107 2401 nusquam
2141 2347 2327 2385 eorum
2361 2339 2665 2399 conspecta:
2697 2330 2864 2391 acies,
2905 2329 2972 2383 ab
3004 2338 3235 2395 utroque
3263 2328 3406 2380 dun-

1839 2433 1985 2477 taxat
2011 2424 2177 2476 latere
2207 2421 2534 2476 Soleimanis
2565 2422 2780 2490 agmina
2812 2421 3105 2487 carpebant
3125 2459 3139 2481 ,
3171 2433 3234 2470 ac
3264 2417 3405 2469 mul-

1838 2524 1920 2568 tos
1981 2515 2310 2582 interceptos
2364 2515 2446 2565 vel
2502 2512 2864 2573 occidebant,
2929 2510 3009 2565 vel
3061 2509 3406 2563 abducebant

1834 2602 2095 2669 captivos.
2127 2601 2269 2668 illisit
2298 2611 2475 2654 autem
2503 2602 2749 2654 sultanus
2781 2599 3140 2660 Soleimanes,
3173 2597 3401 2651 ductore

1838 2694 2040 2746 Casane
2079 2694 2332 2756 Vaivotla,
2358 2695 2449 2762 qui
2489 2693 2768 2748 Michaelis
2820 2693 2940 2760 begi
2976 2692 3118 2744 [ilius
3150 2699 3300 2750 erat,
3349 2699 3404 2742 et

1842 2784 2095 2849 Vaivoda,
2124 2785 2408 2838 duodecim
2443 2787 2604 2838 millia
2643 2787 2894 2847 militum,
2927 2786 3192 2854 adjuuctis
3223 2785 3396 2836 eidem

1835 2875 2126 2937 Acanziis,
2183 2877 2275 2945 qui
2330 2877 2578 2946 regiones
2630 2877 2746 2930 illas
2779 2875 3291 2930 ulteriusincendiis
3348 2883 3402 2926 et

1835 2970 2038 3037 rapinis
2097 2969 2592 3037 depopularentur,
2659 2980 2818 3037 atque
2877 2969 3078 3022 incolas
3147 2967 3399 3021 servituti

1837 3063 2180 3130 mancipatus
2201 3062 2496 3131 abigerent.
2522 3060 2673 3125 Quod
2701 3077 2822 3113 cum
2843 3061 2917 3114 illi
2943 3061 3199 3123 facerent,
3220 3061 3399 3128 opima

1838 3154 1991 3220 potiti
2028 3153 2177 3207 luere
2211 3153 2409 3221 praeda.
2457 3153 2654 3204 Verum
2686 3153 2738 3205 in
2772 3152 2946 3205 reditu
2997 3150 3132 3204 forte
3180 3150 3398 3203 fortuna

1835 3250 1888 3303 iu
1921 3248 2352 3304 Christianorum
2385 3241 2622 3302 incidere
2648 3245 2858 3316 copias,
2890 3260 3011 3298 cum
3041 3245 3238 3314 quibus
3271 3244 3398 3300 licet

1838 3341 2101 3394 acerrime
2126 3339 2448 3392 dimicarent
2477 3379 2491 3403 ,
2515 3354 2574 3391 ac
2609 3337 2819 3390 fortiter
2851 3337 2991 3389 hosti
3036 3336 3353 3388 resisterent
3380 3379 3394 3400 ,

1837 3433 2046 3484 tandem
2069 3430 2327 3485 taznen'atl
2349 3431 2791 3492 internecionem,
2816 3428 2980 3500 344
2998 3427 3186 3496 majori
3207 3428 3397 3480 saltem

1833 3540 1894 3577 ex
1929 3534 2115 3592 parte,
2136 3539 2255 3576 cum
2290 3523 2406 3589 ipso
2434 3521 2642 3572 (lasme
2709 3518 2964 3584 Vaivoda,
2994 3523 3115 3572 cassi
3144 3519 3400 3587 captique

1834 3617 2071 3669 fuerunt.
2106 3616 2167 3668 Et
2202 3620 2419 3685 quando
2445 3618 2552 3684 jam
2589 3621 2762 3670 luems
2823 3615 3146 3684 appetebat,
3194 3620 3401 3663 mutato

1835 3709 2174 3763 Soleimanes
2211 3710 2439 3774 itinere,
2496 3709 3023 3776 Constantinopolim
3074 3706 3253 3760 rediit:
3303 3705 3395 3756 ubi

1835 3817 1952 3856 cum
1986 3801 2049 3852 ad
2086 3811 2293 3867 tempus
2329 3801 2544 3867 aliquod
2583 3804 2906 3867 quiesceret,
2943 3800 3160 3852 sultano
3192 3797 3394 3850 Mustao

1831 3890 1947 3958 plne
1974 3890 2080 3942 lilio
2108 3888 2396 3942 Manissam
2444 3891 2709 3954 attribuit,
2738 3904 2879 3942 anno
2904 3888 3006 3943 958
3033 3888 3180 3956 (Chr.
3212 3886 3393 3954 155⁵2).

1902 3981 2108 4034 Interea
2141 3997 2267 4035 vero
2314 3981 2441 4033 dum
2482 3982 2900 4048 aberatpercgre
2934 3981 3178 4034 sultauus
3210 3979 3383 4032 Solei-

1830 4089 2037 4138 manes,
2069 4076 2120 4126 in
2152 4075 2428 4126 Alamania
2486 4075 2683 4127 belluut
2723 4089 2934 4142 gerens,
2969 4087 3256 4140 supremus
3301 4070 3393 4122 lli-

1828 4165 1981 4231 spani
2006 4165 2196 4219 classis
2226 4163 2528 4230 praefectus,
2557 4165 2803 4225 Andreas
2827 4163 3007 4222 Doria,
3033 4177 3153 4214 cum
3187 4160 3394 4227 illegan

1829 4253 2063 4307 Mastore
2085 4294 2099 4317 ,
2147 4255 2238 4321 qui
2273 4255 2644 4322 superioribus
2681 4254 2840 4305 anuis
2884 4253 3076 4305 Rhodo
3109 4264 3348 4304 cesserat
3379 4292 3394 4311 ,

1829 4346 2127 4414 corrogatis
2151 4356 2470 4407 cancrorum
2502 4361 2717 4414 quoque
2748 4344 3051 4414 principum
3084 4343 3393 4395 ltalicorum

1835 4434 2072 4499 auxiliis,
2107 4451 2356 4504 magnam
2393 4437 2527 4488 mari
2559 4438 2791 4489 classem
2830 4435 3051 4496 eduxit,
3083 4450 3187 4501 lli“
3227 4448 3394 4486 naves

119 4529 415 4587 leimanes
466 4527 861 4593 expeditionem
906 4526 1146 4593 paravit,
1205 4525 1490 4594 Ungariam
1534 4540 1720 4578 rursus
1754 4545 1796 4598 ι)
1828 4527 2221 4596 quinquaginta
2273 4526 2530 4594 majores.
2591 4535 2642 4578 et
2696 4524 3085 4594 quinquaginta
3144 4524 3396 4576 triremes

110 4622 467 4673 invasurus:
504 4617 730 4684 ideoque
763 4617 1024 4678 militem,
1066 4618 1353 4684 publicatis
1390 4617 1612 4681 edictis,
1647 4617 1712 4669 ad

108 4711 336 4762 Albam
391 4705 633 4759 Graecam
678 4707 970 4760 convenire
1009 4707 1202 4775 jussit,
1252 4722 1360 4769 quo
1406 4705 1623 4774 quidem
1668 4716 1722 4759 et

106 4801 244 4868 ipse
283 4814 354 4852 se
396 4798 642 4850 contulit.
687 4797 886 4849 Budam
933 4799 1053 4848 inde
1091 4805 1458 4864 perrecturus.
1524 4796 1635 4849 Hoc
1667 4797 1718 4848 iu

105 4896 342 4945 itinere
373 4890 500 4942 dum
538 4901 699 4952 esset,
734 4889 928 4942 Erdelii
966 4889 1144 4943 [ianus
1174 4890 1237 4945 ad
1271 4906 1390 4942 eum
1421 4888 1587 4952 venit,
1621 4888 1720 4941 de-

103 4985 383 5052 latisque
407 4983 520 5035 suis
563 4982 833 5050 obsequiis
855 5025 867 5045 ,
901 4981 1224 5037 Soleimanis
1253 4981 1479 5048 imperio
1509 4997 1566 5035 se
1595 4981 1722 5035 sub-

101 5080 308 5139 misit,
353 5091 479 5127 cum
513 5085 566 5127 et
599 5091 823 5128 munera
857 5091 1038 5130 secum
1073 5077 1236 5128 ferret
1269 5077 1627 5145 amplissima,
1671 5087 1722 5130 et

99 5186 367 5227 manum
402 5169 521 5236 ejus
551 5169 985 5223 exoscularetur.
1038 5169 1168 5234 Qum
1200 5170 1418 5238 quidem
1468 5184 1554 5222 res
1585 5168 1720 5220 adeo

96 5273 283 5334 grata
353 5259 649 5313 Soleimani
706 5261 938 5321 accidit,
998 5271 1055 5314 ut
1107 5276 1226 5312 cum
1291 5277 1411 5312 mox
1476 5259 1720 5327 Ungaritze

98 5370 322 5424 regem
389 5363 614 5405 crearet.
671 5352 983 5406 Secundum
1039 5354 1128 5406 illa
1179 5352 1382 5405 Budam
1437 5353 1719 5420 prolectus

92 5462 236 5514 cst,
306 5461 429 5513 qua
480 5456 778 5513 occupata,
827 5443 1089 5497 Viennam
1142 5445 1438 5497 contendit.
1493 5441 1566 5494 Eo
1596 5457 1716 5494 cum

93 5539 509 5615 pervenisset,
543 5539 796 5593 Germani
826 5579 839 5600 ,
888 5539 978 5606 qui
1044 5554 1101 5591 se
1161 5538 1300 5589 intra
1333 5539 1531 5589 mantia
1565 5545 1715 5588 tene-

94 5643 276 5699 bant,
312 5632 514 5686 urbem
557 5633 974 5684 communiere:
1023 5647 1182 5698 quam
1225 5629 1482 5683 Sullanus
1556 5629 1719 5681 Solei-

93 5742 328 5782 mancs
368 5723 655 5776 tormentis
683 5723 890 5776 bellicis
917 5724 979 5775 ad
1011 5723 1194 5793 viginti
1223 5721 1337 5775 dies
1369 5721 1716 5789 oppugnavit,

94 5823 260 5892 actis
308 5815 483 5874 etiam
515 5815 700 5873 subtcr
729 5831 914 5870 muros
956 5812 1256 5879 cuniculis,
1305 5813 1472 5868 donec
1515 5828 1699 5865 eorum

1826 4618 2264 4670 continebantur.
2298 4615 2363 4669 Et
2394 4625 2546 4669 erant
2580 4617 2630 4668 in
2667 4617 2749 4669 his
2778 4617 3010 4668 militum
3037 4615 3099 4666 ad
3126 4615 3394 4680 quinqua-

1825 4710 1968 4777 ginta
2000 4708 2186 4760 millia.
2221 4706 2341 4772 Qno
2371 4723 2492 4761 cum
2545 4710 2784 4761 exercitu
2833 4706 3066 4760 Moream
3117 4705 3396 4772 inopinato

1827 4801 2001 4851 adorti
2035 4800 2209 4868 primo
2253 4799 2524 4853 Coronam
2570 4799 2756 4851 urbem
2809 4813 2934 4851 cum
2987 4813 3132 4858 arce,
3194 4795 3393 4847 deinde

1827 4891 2061 4943 insulam
2097 4892 2247 4954 Balu,
2278 4904 2330 4945 et
2357 4891 2588 4944 Badram
2624 4891 2920 4958 oppidum,
2963 4906 3084 4947 cum
3118 4888 3235 4941 aliis
3267 4888 3390 4956 qui-

1828 4982 2054 5034 busdam
2087 4981 2322 5035 castellis
2350 4990 2658 5048 ceperunt:
2694 4989 2746 5033 et
2804 4981 3063 5033 immissis
3117 4980 3166 5030 in
3219 4981 3391 5045 ipsam

1826 5071 2098 5138 regionem
2133 5073 2472 5139 pedestribus
2505 5071 2960 5137 equestribusque
3011 5069 3184 5137 ecpiis
3208 5108 3222 5131 ,
3261 5069 3384 5119 uni-

1827 5179 2038 5217 versam
2069 5163 2376 5232 depopulati
2407 5171 2555 5227 sunt,
2610 5163 2807 5232 ingenti
2862 5164 3113 5225 marium,
3168 5160 3396 5213 ietnina-

1833 5273 1972 5317 rmn,
2007 5271 2407 5324 puerorumque
2439 5255 2783 5308 multitudine
2809 5269 2992 5307 secum
3021 5253 3073 5305 in
3106 5252 3395 5319 captivita-

1829 5360 1934 5400 lcttl
1968 5351 2220 5400 abducta.

1899 5441 2283 5506 Superioribus
2321 5439 2477 5490 annis
2514 5437 2732 5505 quidam
2778 5448 2936 5490 natus
2981 5437 3032 5488 in
3066 5437 3239 5489 insula
3293 5436 3390 5488 Mi-

1827 5535 2021 5602 tyIi-no,
2079 5533 2164 5583 cui
2228 5545 2418 5584 nomen
2451 5530 2826 5588 Chairadiucs,
2871 5531 3151 5599 insigniter
3191 5530 3393 5581 navalis

1827 5625 2028 5676 militia:
2084 5623 2290 5689 peritus
2355 5630 2650 5674 evaserat:
2688 5637 2749 5676 ac
2801 5623 3079 5690 piraticam
3126 5635 3392 5672 exercens

1828 5714 2098 5768 multotit-s
2153 5712 2286 5763 mari
2337 5727 2460 5765 cum
2514 5713 2836 5766 Christianis
2891 5711 3224 5765 conﬂixerat.
3289 5708 3390 5762 Ubi

1825 5809 1932 5876 jam
1959 5820 2068 5859 rem
2094 5802 2334 5867 fecisset,
2368 5818 2528 5860 naves
2552 5804 2754 5874 aliquot
2787 5803 3073 5867 instruxit;
3110 5801 3386 5855 adiuncto-
