4866 6594
1391 504 1499 565 639

2654 502 3008 562 ANNALES
3042 501 3372 561 'l‘URClCl.

4529 497 4636 558 640

1393 634 1499 682 que
1545 617 1641 668 sibi
1692 616 1938 668 smIaIitIO
1971 614 2330 683 quorumdam
2383 615 2724 684 egregiorum
2774 618 2945 670 homi-
2981 625 3023 678 Α
3055 617 3244 686 begus,
3290 617 3485 668 bellum
3521 615 3693 668 intulit
3732 629 3945 682 :eoqut:
3977 615 4318 681 interempto,
4373 612 4632 664 ditionem

1393 723 1542 770 nunt,
1579 718 1630 760 et
1663 708 1894 760 neminis
1919 707 2258 759 addictorum
2304 708 2528 774 imperio
2555 747 2568 770 ,
2604 723 2724 760 cum
2765 709 2958 761 iisdem

1393 801 1448 853 in
1477 799 1789 853 Barbariam
1825 798 2118 868 profectus,
2152 799 2337 853 urbem
2361 798 2634 852 Cesairem
2657 799 2959 867 occupavit,

1391 907 1453 942 ac
1485 892 1584 943 sibi
1625 892 1869 944 retinuit.

1466 982 1580 1045 Qua
1612 984 1827 1049 quidem
1864 998 1918 1034 re
1950 981 2176 1034 feliciter
2206 980 2451 1034 conferta
2477 1023 2490 1043 ,
2525 995 2616 1046 per
2649 968 2958 1034 imiversam

1392 1073 1598 1124 Italiam
1633 1089 1824 1124 nomen
1857 1073 2025 1139 ipsius
2060 1073 2354 1128 inclaruit:
2383 1073 2720 1141 iuditumque
2765 1072 2863 1126 fuit
2910 1073 2958 1126 ei

1393 1179 1690 1229 cognomen
1717 1165 1783 1217 ab
1815 1164 1976 1226 Italis,
2014 1165 2091 1218 uti
2118 1165 2275 1231 vulgo
2307 1163 2630 1218 Burbarossa
2665 1166 2958 1218 diceretur.

1393 1253 1533 1307 Idem
1568 1259 1858 1319 quotannis
1884 1257 2100 1309 sultano
2129 1256 2316 1310 Selitni
2339 1264 2391 1308 et
2413 1255 2700 1308 Soleimuni
2737 1270 2959 1310 munera

1391 1348 1635 1412 quredam
1676 1348 2001 1404 missitabat.
2053 1349 2294 1414 Quorum
2348 1346 2523 1411 alter,
2581 1347 2958 1414 Soleimaues,

1393 1437 1489 1488 viri
1527 1439 1763 1500 virtute,
1825 1455 2113 1508 rerumque
2162 1449 2436 1508 gestarum
2496 1439 2638 1492 fama
2694 1442 2908 1509 cognita
2941 1485 2954 1505 ,

1392 1530 1572 1584 missis
1602 1531 1810 1600 legatis,
1837 1531 2080 1585 invitarit
2102 1531 2374 1585 hominem
2413 1534 2487 1585 uti
2521 1533 2585 1586 ad
2620 1548 2678 1587 se
2727 1534 2956 1586 veniret.

1391 1618 1750 1675 Chairadines
1776 1622 1971 1675 idoneo
1999 1623 2204 1676 Ccsairi
2237 1623 2490 1693 prasidio
2518 1623 2792 1688 imposito.
2817 1633 2957 1677 stre-

1397 1724 1742 1777 uuorumque
1776 1713 2018 1764 virorum
2049 1751 2062 1774 ,
2112 1721 2165 1765 et
2204 1713 2302 1765 sibi
2341 1713 2798 1766 amicissimorum
2833 1711 2955 1766 fidei

1394 1800 1610 1853 civitate
1638 1800 1871 1865 credita,
1905 1804 2154 1858 triremes
2187 1805 2393 1871 aliquot
2422 1805 2593 1857 milite
2641 1804 2951 1870 complevit,

1389 1901 1443 1943 et
1467 1892 1994 1960 Constantinopolim
2030 1894 2300 1962 profectus
2337 1905 2440 1949 est.
2467 1894 2542 1948 Eo
2561 1912 2683 1949 cum
2712 1896 2952 1964 appulis-

3066 707 3238 774 ipsius
3261 707 3311 758 in
3333 715 3653 774 potestatem
3677 706 3899 774 redegit.
3926 706 3995 758 Ea
4021 721 4077 757 re
4099 705 4314 758 sultauo
4333 703 4630 756 Soleimani

3063 799 3337 860 nuntiata,
3367 812 3678 867 supremum
3708 798 3936 850 vexirem
3964 812 4144 860 suum,
4180 796 4477 847 lbahimem
4507 794 4634 847 bas-

3063 906 3200 956 sam,
3224 891 3313 958 qui
3336 890 3476 959 apud
3501 890 3778 945 sultanum
3806 904 4032 944 summa‘
4060 888 4401 942 auctoritatis
4430 897 4542 940 erat
4576 898 4629 940 et

3063 982 3348 1051 potentiae,
3383 996 3548 1049 supra
3579 980 3768 1035 bassas
3803 995 3866 1034 ac
3900 982 4108 1034 vezires
4149 996 4340 1033 omnes
4377 990 4630 1040 evectus,

3061 1074 3223 1142 idque
3250 1089 3443 1127 nomen
3475 1073 3540 1126 ab
3561 1087 3626 1127 eo
3648 1081 3995 1136 consecutus,
4041 1082 4095 1124 ut
4123 1071 4223 1124 Ser
4250 1071 4413 1123 After
4433 1070 4635 1122 sultani

3065 1164 3454 1227 nominaretur,
3489 1163 3957 1229 Constantinopoli
4009 1163 4274 1226 ablegavit
4307 1161 4357 1214 in
4421 1164 4636 1212 Anato-

3060 1255 3209 1317 liam,
3236 1266 3289 1308 et
3312 1255 3591 1308 Romaniae
3616 1254 3989 1322 Anatoliaeque
4011 1254 4183 1322 copiis
4216 1251 4477 1320 prafecit:
4508 1267 4633 1301 cum

3061 1346 3256 1414 quibus
3291 1347 3379 1400 ille
3410 1347 3707 1412 Chaleptum
3741 1346 3892 1399 adiit.
3930 1357 3984 1398 et
4013 1347 4136 1399 inde
4176 1345 4630 1399 Caracbemidam

3063 1437 3316 1504 perrexit.
3354 1436 3470 1490 Huc
3502 1437 3586 1491 ubi
3616 1438 3872 1500 venisset,
3901 1437 4151 1492 Ulumam
4188 1439 4380 1504 hegum
4423 1437 4636 1500 prtemi-

3062 1531 3135 1580 sit
3168 1527 3222 1580 in
3251 1527 3526 1582 Parthiam
3553 1568 3567 1591 ,
3601 1528 3695 1597 qui
3730 1528 3837 1582 dux
3873 1527 4082 1581 itineris
4115 1537 4281 1581 esset:
4317 1537 4482 1594 atque
4515 1526 4634 1592 ipse

3061 1619 3309 1685 vestigiis
3343 1618 3490 1673 illius
3547 1620 3840 1682 inharens,
3872 1635 3901 1672 a
3936 1628 4082 1688 tergo
4105 1625 4326 1674 secutus
4352 1628 4455 1683 est,
4489 1631 4638 1670 anno

3058 1709 3152 1762 9H
3187 1709 3553 1778 (Cltr.1535).

3134 1799 3246 1853 Hoc
3281 1801 3440 1855 modo
3472 1802 3789 1855 continuata
3819 1799 4178 1870 profectione,
4220 1800 4437 1854 nemine
4492 1799 4638 1852 resi-

3058 1899 3257 1954 stente,
3319 1891 3625 1948 Tebrisium
3685 1893 3760 1947 illi
3805 1903 4188 1962 pervenerunt.
4253 1893 4452 1946 Aberat
4487 1892 4636 1945 enim

1392 1994 1475 2036 set
1502 2022 1517 2044 ,
1581 1999 1797 2037 manum
1836 1999 1934 2052 pro
1965 2000 2113 2037 more
2161 1988 2376 2041 sultauo
2408 1986 2701 2041 Soleimani
2733 1987 2950 2041 oscula-
2982 1973 3023 2028 Β
3055 1980 3262 2036 Scadus
3294 1984 3343 2036 id
3403 1985 3662 2051 temporis
3724 1983 3792 2037 ab
3841 1984 3929 2037 illa
3960 1984 4264 2053 provincia,
4318 1984 4514 2037 bellum
4582 1986 4638 2035 in

1391 2083 1480 2127 tus
1535 2082 1636 2126 est.
1702 2073 1920 2142 Excepit
1963 2076 2234 2130 hominem
2298 2077 2546 2130 sultanus
2603 2093 2736 2132 sane
2791 2095 2950 2144 quam

1391 2167 1686 2220 honorifice
1714 2206 1728 2228 ,
1777 2168 2180 2236 constitutoque
2227 2168 2427 2223 salario
2466 2170 2796 2240 quadragies
2827 2185 2955 2224 cen-

1389 2269 1501 2311 tum
1537 2260 1760 2311 millium
1788 2275 2070 2327 asprorum
2101 2275 2310 2320 annuo,
2365 2260 2750 2331 Beglerbegum
2791 2263 2957 2315 maris

1390 2369 1701 2417 supremum
1741 2355 1959 2416 creavit,
1992 2363 2042 2405 et
2075 2353 2141 2405 ad
2169 2355 2358 2407 reziris
2380 2355 2696 2422 dignitatem
2737 2356 2954 2416 evexit:

1391 2447 1532 2498 unde
1566 2461 1760 2498 nomen
1790 2447 1837 2498 ci
1866 2446 2073 2509 datum,
2099 2456 2155 2500 ut
2186 2446 2537 2500 Chairadiues
2571 2447 2953 2515 appellaretur.

1396 2536 1601 2590 Nactus
1632 2552 1758 2601 ergo
1793 2538 1948 2604 plena
1981 2554 2105 2590 cum
2144 2547 2407 2605 potestate
2443 2538 2609 2590 maris
2645 2538 2956 2607 imperium,

1390 2639 1600 2680 vetitum
1638 2628 1885 2680 triremes
1922 2627 1972 2680 in
2008 2644 2155 2682 mare
2186 2628 2378 2681 deduci
2416 2637 2467 2681 et
2501 2629 2715 2687 instrui.
2757 2629 2958 2682 milite-

1389 2736 1492 2787 que
1542 2721 1798 2786 compleri
1827 2721 2014 2789 jussit.
2047 2731 2100 2775 et
2132 2738 2253 2776 cum
2289 2722 2355 2775 iis
2382 2721 2617 2775 Moream
2652 2722 2804 2776 adiit.
2836 2721 2950 2787 Qua

1390 2828 1446 2862 re.
1491 2811 1817 2868 Christianis
1845 2815 2112 2879 nuntiata,
2141 2830 2260 2868 mox
2292 2814 2365 2867 illi
2398 2815 2670 2883 regionem
2685 2814 2751 2865 "et
2778 2829 2957 2878 arces,

1390 2917 1524 2967 quas
1568 2915 1990 2970 occupaverant,
2025 2904 2269 2958 desertas
2295 2904 2581 2974 reliquere,
2613 2905 2959 2959 conscensis-

1389 3007 1494 3057 que
1528 2993 1757 3044 navibus
1789 2993 1923 3056 suis,
1952 2993 2078 3047 inde
2102 2995 2490 3049 discesserunt.
2522 2997 2566 3048 A
2620 2996 2959 3051 Christiano-

1396 3096 1508 3132 rum
1546 3082 1718 3145 abitu,
1758 3084 1983 3137 trecenti
2019 3083 2292 3148 Genizari,
2331 3087 2605 3155 Azapique
2639 3088 2861 3142 totidem
2898 3091 2952 3144 in

1389 3189 1448 3223 ea
1484 3172 1630 3224 fuere
1663 3174 1777 3227 loca
1825 3176 2010 3240 missi,
2048 3177 2138 3244 qui
2175 3187 2229 3231 et
2260 3176 2510 3242 Coronaz,
2539 3190 2589 3232 et
2619 3179 2830 3248 oppidis
2855 3196 2959 3235 ete-

1396 3267 1525 3317 leris
1561 3266 1810 3331 praesidio
1849 3279 2050 3320 essent.
2082 3268 2210 3322 lude
2243 3269 2603 3325 Cltairadines
2637 3270 2797 3326 bassa
2831 3287 2955 3326 cum

1392 3354 1580 3405 eatlem
1611 3355 1784 3406 classe
1817 3355 1868 3406 in
1905 3355 2220 3410 Baibariam
2260 3359 2556 3427 profectus,
2592 3363 2779 3415 urbem
2815 3364 2956 3417 cele-

1395 3444 1540 3494 I>rt‘llt
1577 3443 1916 3508 Tnnisinam,
1945 3464 2063 3515 qua:
2090 3464 2116 3499 a
2161 3448 2359 3502 Mauris
2396 3451 2668 3514 incolitur,
2711 3467 2952 3521 occupa-

1395 3546 1498 3587 tant
1532 3555 1631 3589 suo
1686 3538 1916 3605 subjecit
1962 3541 2209 3607 imperio,
2245 3556 2387 3594 anno
2417 3542 2518 3596 940
2547 3543 2697 3611 (Chr.
2734 3543 2909 3612 I534).

1464 3630 1658 3681 Eodem
1683 3632 1781 3683 hoc
1799 3640 2037 3699 tempore
2051 3643 2217 3700 captae
2240 3651 2266 3682 ιι
2287 3633 2611 3692 Chairadine
2628 3638 2784 3688 bassa
2801 3635 2964 3689 Tuni-

1391 3720 1721 3789 sis,q:ndam
1741 3738 1768 3774 e
1789 3739 2016 3774 numero
2037 3724 2407 3777 Parthicarum
2431 3740 2712 3792 procerum
2736 3726 2963 3781 Ultimas

1394 3810 1580 3875 hegus,
1615 3825 1642 3861 a
1685 3815 1882 3864 scacho
1915 3810 2200 3865 Techmasi
2236 3812 2344 3864 lilio
2369 3815 2548 3866 scacbi
2576 3814 2826 3880 lsmailis,
2861 3817 2954 3871 de—

1394 3898 1553 3965 l‘eclt‘,
1583 3901 1705 3952 licet
1729 3903 1897 3967 ipsius
1921 3902 2101 3955 scachi
2127 3917 2364 3955 sororem
2393 3904 2610 3957 haberet
2657 3907 2960 3975 coniugem.

1394 3994 1571 4057 Itaque
1613 3989 1872 4060 profugus
1902 4006 1932 4046 e
1967 3991 2742 4061 Parthia,Constantinopolim
2784 4011 2963 4050 acces-

1390 4083 1458 4133 sit
1487 4099 1497 4134 :
1528 4089 1578 4133 et
1605 4084 1844 4148 praestiti)
1884 4082 2241 4151 subjectionis
2285 4095 2624 4138 sacramento
2669 4088 2962 4143 Soleimani

1389 4189 1446 4224 se
1496 4185 1662 4227 totum
1693 4176 1919 4229 addixit.
1953 4176 2027 4230 De
2064 4177 2222 4245 hujus
2280 4177 2378 4230 viri
2441 4180 2668 4232 consilio
2713 4181 2961 4235 sultanus

1391 4268 1736 4322 Snleimanesr
1765 4268 2159 4335 expeditionem
2207 4268 2514 4324 Parthicam
2559 4273 2838 4338 susripere
2863 4289 2957 4326 cor-

1395 4359 1618 4421 gitabat,
1641 4375 1759 4412 eam
1789 4368 2090 4428 prmtexeus
2111 4362 2235 4413 belli
2257 4377 2500 4424 causam,
2527 4364 2668 4431 quod
2692 4364 2958 4428 Scachus,

1392 4450 1505 4501 suis
1547 4464 1668 4501 cum
1710 4449 2026 4516 proceribus
2067 4461 2119 4502 et
2159 4451 2390 4504 subditis
2416 4493 2430 4516 ,
2475 4453 2698 4506 minime
2755 4465 2954 4508 rectam

1390 4540 1661 4608 rt-ligiOnis
1690 4540 2100 4606 amplecteretur
2129 4541 2473 4603 sententiam,
2510 4557 2607 4596 nec
2627 4544 2804 4596 debito
2831 4560 2958 4612 qna-

3059 2071 3374 2127 Chorasaue
3424 2083 3612 2128 contra
3655 2073 3852 2128 Kezien
3912 2077 4128 2130 bassam
4188 2091 4401 2144 gerens.
4462 2077 4553 2142 qui
4587 2077 4639 2128 ei

3058 2162 3423 2220 Chorasanem
3450 2168 3657 2235 eripere
3690 2168 3920 2221 volebat.
3950 2167 4084 2222 Cum
4107 2169 4325 2237 propius
4355 2167 4420 2220 ad
4445 2165 4642 2221 Tebri-

3059 2257 3197 2310 sium
3241 2259 3618 2321 accessissent,
3645 2261 3832 2314 urbem
3869 2263 4122 2314 invenere
4151 2261 4445 2317 desertam.
4473 2259 4641 2330 355

3058 2358 3111 2400 et
3143 2348 3536 2402 habitatoribus
3569 2365 3814 2405 vacuam.
3847 2334 4174 2405 lbrabimein
4215 2366 4343 2405 vero
4382 2355 4638 2422 praemis-

3058 2454 3176 2492 Sttttl
3212 2443 3277 2493 ad
3311 2443 3709 2508 expeditionem
3746 2443 3903 2506 banc,
3938 2443 4090 2496 ‘auno
4123 2443 4220 2496 9-H
4259 2443 4410 2512 (Chr.
4449 2444 4642 2511 I535).

3061 2539 3281 2583 secutus
3308 2540 3389 2581 est
3434 2531 3657 2598 ipsemet
3701 2532 4056 2598 Soleimaues,
4108 2548 4230 2586 cum
4258 2535 4531 2601 genizaris
4593 2549 4645 2588 ct

3059 2618 3178 2671 aliis
3226 2617 3400 2671 Porta:
3442 2621 3634 2686 c0piis,
3686 2637 3746 2674 ea
3795 2623 4090 2687 celeritate,
4138 2633 4192 2676 ut
4239 2639 4348 2689 quo
4394 2636 4646 2692 tempore

3061 2707 3361 2771 Tebrisium
3421 2712 3719 2766 Ibrahimes
3787 2714 4068 2783 ingressus
4103 2725 4220 2777 est,
4298 2714 4646 2771 Soleimancs

3062 2797 3439 2854 Carahetnida:
3508 2804 3677 2870 portis
3744 2804 4073 2868 immineret.
4131 2806 4339 2860 Interea
4403 2810 4645 2864 scachus

3061 2895 3224 2946 etiam
3264 2895 3594 2949 Techmases
3636 2896 3857 2964 prepius
3923 2898 3988 2950 ad
4022 2895 4328 2952 Tebrisimn
4365 2915 4498 2954 suos
4531 2903 4604 2956 ad
4628 2933 4641 2940 -

3065 2985 3325 3048 duxerat,
3369 2995 3429 3038 ut
3468 2986 3587 3040 istic
3624 2987 3946 3041 Ibrahimem
4020 2989 4241 3044 bassam
4278 2995 4643 3061 opprimeret.

3067 3073 3367 3130 Ibrabimes
3425 3077 3596 3130 hostis
3653 3089 3850 3131 conatu
3886 3083 4101 3148 cognito
4143 3128 4158 3150 ,
4217 3084 4424 3152 absque
4489 3102 4645 3138 mora

3066 3165 3424 3222 Soleimanem
3458 3171 3744 3224 certiorem
3775 3173 4027 3231 reddidit;
4056 3176 4146 3243 qui
4177 3177 4474 3242 duplicatis
4504 3195 4646 3246 quo-

3069 3260 3617 3328 tidianisitineribus,
3657 3265 3942 3320 celerrime
3977 3267 4279 3321 Tebrisium
4335 3273 4637 3333 advolavit,

3067 3363 3118 3406 et
3138 3369 3261 3408 cum
3281 3354 3550 3411 Ibrabime
3571 3374 3629 3412 se
3647 3360 4198 3429 conjunxit.Cumque
4219 3379 4312 3429 pur
4331 3366 4648 3431 exploratu-

3061 3461 3148 3500 res
3187 3446 3600 3514 intellexissent,
3642 3451 3916 3520 quibusin
3955 3455 4088 3506 locis
4113 3454 4438 3509 Parthorum
4487 3473 4650 3511 exer-

3061 3539 3200 3593 citus
3229 3541 3467 3610 degeret,
3495 3556 3640 3599 recta
3665 3545 3718 3598 in
3741 3562 3834 3602 eos
3854 3549 4079 3604 duxere.
4104 3549 4241 3602 Tum
4269 3564 4399 3603 νει-ο
4432 3551 4649 3616 Parthi,

3063 3634 3156 3701 qui
3185 3635 3250 3688 de
3291 3633 3614 3692 Soleimanis
3648 3639 3880 3692 adventu
3915 3656 4037 3693 cum
4074 3643 4342 3709 genizaris
4370 3659 4439 3697 ac
4473 3645 4656 3699 Porta

3066 3722 3325 3776 militibus
3359 3726 3569 3779 caeteris
3605 3737 3963 3796 acceperant,
4007 3744 4174 3798 seque
4216 3731 4308 3782 tali
4353 3733 4653 3786 machina-

3065 3829 3184 3867 rum
3215 3815 3532 3870 bellicarum
3568 3821 3868 3887 apparatui,
3919 3824 4193 3888 tantisque
4231 3823 4406 3890 copiis
4435 3840 4653 3893 nequa-

3064 3920 3226 3974 quam
3255 3909 3508 3962 resistere
3528 3925 3687 3978 posse
3712 3920 4014 3974 eernerent,
4038 3913 4346 3966 Sultaniam
4377 3917 4615 3986 profuge
4633 3949 4658 3958 -

3066 4005 3210 4047 runt.
3269 3996 3544 4050 Osmanici
3605 4000 3770 4052 nimia
3837 4009 4275 4063 tormentorum.
4343 4019 4590 4062 annona
4632 4053 4648 4069 ,

3065 4087 3447 4150 tentoriorum,
3482 4104 3760 4154 curruum,
3793 4100 3846 4144 et
3884 4092 4112 4147 aliarum
4152 4097 4334 4164 magni
4376 4101 4651 4166 ponderis

3064 4191 3243 4228 rerum
3279 4179 3434 4246 copia
3466 4182 3716 4246 gravati,
3756 4193 4021 4239 tormenta
4060 4202 4178 4241 cum
4219 4188 4656 4256 impedimentis

3061 4269 3272 4319 ca-teris
3305 4277 3665 4324 trecentorum
3699 4275 4096 4342 genizarorum,
4124 4293 4184 4331 ac
4218 4281 4383 4334 trium
4427 4288 4658 4353 δεθείς.-

3061 4371 3248 4410 corum
3299 4363 3549 4428 praesidio
3608 4367 3837 4431 munita,
3893 4370 4199 4425 Tebrisium
4278 4379 4658 4440 remiserunt.

3062 4456 3222 4515 atque
3280 4453 3380 4504 hoc
3438 4456 3596 4508 modo
3654 4457 3780 4511 facti
3843 4461 4248 4528 expeditiores,
4319 4465 4656 4529 Parthicum

3061 4540 3285 4592 militem
3344 4545 3602 4600 acritera
3657 4559 3809 4618 tergo
3867 4558 4120 4621 persequi
4188 4572 4406 4624 cepere.
4507 4563 4662 4617 Tum

1390 4641 1511 4682 tuor
1568 4630 1890 4682 Mabumctis
1933 4633 2219 4698 prophetas
2279 4636 2480 4688 honore
2522 4648 2955 4704 prosequeretur.
2989 4655 3034 4710 ι)
3068 4647 3194 4683 vero
3223 4632 3407 4701 fugere
3434 4635 3638 4704 Parthi,
3666 4641 3997 4710 fugientibus
4057 4647 4260 4704 instare
4328 4650 4661 4714 Osmanici:

1389 4720 1503 4773 llac
1536 4721 1601 4772 de
1635 4737 1794 4773 causa
1822 4722 2173 4787 dignissimos
2207 4726 2483 4787 censebat,
2521 4727 2719 4795 quibus
2758 4728 2953 4781 bellum

1389 4813 1699 4876 inferretur,
1731 4815 1822 4882 qui
1883 4815 2279 4881 occiderentur,
2334 4819 2578 4886 adeoque
2612 4821 2827 4885 penitus
2865 4839 2956 4874 ex—

1389 4905 1765 4971 stirpareutur.
1797 4903 1978 4973 Itaque
2025 4905 2359 4962 Solvimaues
2409 4909 2510 4962 hoc
2539 4911 2678 4962 bello
2712 4912 2955 4976 ili-creto,

1389 4995 1767 5063 Sangiacatum
1807 4995 2010 5050 Ulumae
2068 4998 2202 5068 bego
2262 5016 2425 5068 supra
2481 5004 2786 5067 nominato,
2849 5014 2954 5058 uo‘u

1386 5090 1572 5156 procul
1631 5104 1659 5141 a
1708 5088 2065 5142 Carahemida
2101 5130 2114 5149 .
2186 5094 2473 5145 concessit.
2543 5091 2766 5147 Ulumas
2827 5111 2956 5149 vero

1387 5181 1816 5250 Constatiuolioli
1883 5182 2210 5250 quibusdam
2275 5183 2560 5237 conductis
2620 5187 2833 5254 cepiis,
2905 5188 2956 5239 iu

1388 5273 1768 5341 Sangiacatum
1804 5288 1913 5327 suze
1944 5275 2205 5329 creditum
2235 5277 2356 5329 fidei
2406 5294 2528 5330 cum
2553 5278 2634 5331 eis
2686 5279 2960 5346 profectus

1385 5374 1490 5416 est.
1539 5363 1701 5417 Missa
1729 5381 1944 5434 quoque
1969 5366 2189 5420 fuerunt
2219 5367 2284 5420 ad
2315 5380 2543 5422 ουειθιοε
2568 5370 2713 5423 illius
2744 5374 2959 5438 provin-

1383 5474 1398 5503 ι
1421 5455 1483 5504 ize
1514 5453 1808 5522 Sangiacos
1841 5471 1869 5506 a
1900 5458 2116 5510 sultauo
2153 5455 2459 5510 Soleimaue
2509 5460 2785 5514 mandata.
2836 5462 2955 5528 qui-

1391 5548 1490 5598 bus
1520 5546 1936 5615 praecipiebatur
1966 5560 2020 5602 nt
2065 5548 2269 5604 Ulumaa
2321 5551 2477 5618 bego,
2519 5554 2735 5619 quoties
2774 5552 2826 5605 in
2863 5554 2959 5607 bo-

1387 5645 1522 5685 stem
1551 5635 1889 5701 profecturus
1912 5646 2076 5701 esset,
2106 5637 2554 5706 obsequerentur.
2589 5638 2811 5694 Ulumas
2833 5657 2960 5710 ergo

1384 5725 1662 5777 decretum
1689 5726 1790 5778 sibi
1816 5726 2198 5797 Sangiacatum
2232 5730 2530 5798 ingressus,
2563 5732 2805 5786 collectis
2836 5733 2956 5801 ejus

1384 5817 1623 5884 regionis
1682 5819 1998 5885 proceribus
2063 5820 2368 5891 Sangiacis,
2445 5822 2682 5892 ipsorum
2731 5824 2951 5892 adjutus

1384 5911 1626 5979 auxiliis,
1671 5911 2018 5967 Curdistanio
2060 5914 2307 5982 principi,
2367 5915 2452 5969 ctti
2501 5931 2694 5970 nomen
2743 5915 2955 5972 Scrcfes

3063 4727 3232 4779 donec
3263 4728 3404 4781 haud
3437 4733 3622 4799 procul
3648 4735 3714 4786 ab
3744 4735 3940 4804 oppido
3968 4736 4282 4794 Hemedane
4315 4759 4664 4811 perventum

3063 4816 3272 4872 fuisset.
3302 4817 3373 4872 lbi
3402 4837 3524 4874 cum
3571 4824 3787 4892 pluviis,
3817 4838 3870 4880 et
3895 4836 4402 4900 auuonzejpeuuria,
4435 4849 4667 4893 tantum

3062 4905 3232 4975 frigus
3257 4906 3577 4964 ()smanicos
3605 4918 3912 4982 oppressit,
3958 4928 4015 4972 ut
4048 4921 4267 4987 plurimi
4305 4933 4417 4977 tam
4453 4944 4672 4986 manus

3060 5013 3222 5066 quant
3259 5002 3419 5067 pedes
3457 5018 3485 5055 a
3523 5005 3720 5073 frigore
3758 5008 3915 5061 laesos
3955 5011 4290 5076 amitterent.
4355 5032 4426 5071 ac
4471 5020 4674 5074 incre-

3061 5092 3244 5146 dibilis
3275 5095 3557 5147 hominum
3589 5136 3604 5162 ,
3640 5098 4125 5173 jumentorumque
4164 5109 4472 5163 multitudo
4511 5115 4674 5168 fante

3063 5185 3328 5240 interiret.
3369 5186 3636 5243 Prwterea
3689 5193 3958 5260 contigit,
4025 5207 4082 5248 ut
4133 5199 4186 5250 in
4249 5201 4369 5267 ipso
4441 5219 4675 5261 conatu

3075 5281 3478 5334 transmittendi
3508 5284 3706 5347 amnis,
3738 5289 3830 5355 qui
3862 5287 4040 5344 Docns
4062 5291 4227 5346 Cezid
4255 5309 4524 5361 vocatur.
4574 5303 4681 5356 ﬂu-

3064 5385 3184 5422 men
3217 5370 3348 5423 illud
3383 5373 3539 5439 aquis
3574 5374 3773 5442 pluviis
3816 5378 4108 5434 adauctum
4160 5383 4534 5443 vehementer
4597 5394 4682 5445 in-

3065 5469 3415 5517 tumesceret.
3464 5464 3694 5535 Ideoque
3740 5468 3846 5522 dici
3896 5486 4003 5525 non
4057 5483 4263 5542 potest,
4321 5490 4472 5544 quot
4542 5484 4682 5537 istic

3065 5553 3328 5619 homines,
3349 5556 3614 5624 jumenta,
3641 5575 3818 5614 rerum
3846 5563 4075 5617 aliarum
4102 5568 4331 5621 sarcina
4358 5573 4686 5636 perierint.

3066 5645 3308 5713 adeoque
3338 5648 3403 5700 de
3433 5662 3529 5700 sua
3569 5650 3796 5717 quilibet
3830 5656 4004 5707 salute
4041 5656 4391 5724 desperabat.
4423 5661 4686 5728 Quando

3067 5731 3230 5801 igitur
3283 5739 3554 5792 exercitus
3654 5740 3939 5797 Parthicus
3999 5761 4268 5815 nusquam
4326 5761 4689 5820 apparebat,

3070 5839 3170 5877 nec
3226 5820 3353 5879 sciri
3408 5839 3644 5896 poterat,
3704 5849 3942 5899 quonam
3993 5853 4051 5891 se
4108 5843 4414 5909 recepisset
4468 5865 4483 5908 ;
4537 5855 4689 5904 alia-

3066 5930 3167 5981 que
3191 5917 3335 5968 nulla
3369 5923 3516 5986 regio
3542 5919 3809 5990 Bagadatc
3841 5926 4195 5995 propinquior
4222 5943 4360 5994 erat,
4394 5952 4540 6005 qua
4577 5961 4650 5994 ἠε
