4866 6594
193 359 285 422 Gil

1461 352 1821 414 ANNALES
1855 350 2190 415 TURCICI.

3345 359 3450 419 662

190 514 285 551 nus
306 494 517 551 hiberni
547 492 782 563 frigoris.
812 501 864 546 et
883 492 1002 561 plus
1022 488 1223 545 caloris
1246 489 1505 549 haberet:
1536 490 1587 541 in
1614 489 1755 542 hanc
1784 485 1829 544 Α
1858 470 2112 563 ῗίῗωηῆετ

1536 470 2296 544 mhancAcommigrarent.
2373 467 2451 520 Ad
2518 482 2825 533 summam,
2884 466 3083 538 insigni
3170 471 3448 539 regionem

188 590 285 643 sibi
326 587 663 642 Soleimanes
705 584 1011 639 ducendum
1052 584 1240 637 statuit
1270 583 1603 657 exercitum.
1647 581 1749 637 Ubi

188 684 401 752 propius
432 682 495 734 ad
528 680 714 733 urbem
754 677 1095 739 accessisset,
1134 676 1337 744 apertis
1389 676 1576 729 incolze
1634 691 1758 743 por-

191 783 293 839 tis,
327 789 445 828 eam
486 770 813 826 Soleimanis
856 768 1107 838 potestati
1149 768 1469 838 permisere.
1509 767 1758 835 Quapro-

190 877 304 936 pter
344 866 655 935 ingressus,
696 863 939 916 nonnihil
978 861 1101 916 istic
1142 876 1201 915 se
1240 860 1528 914 recreavit.
1570 857 1761 914 Omnis

187 959 345 1012 etiam
379 955 599 1026 Bugdati
630 954 857 1008 finitima
894 954 1039 1023 regio
1069 967 1125 1006 se
1177 952 1503 1005 Soleimanis
1534 950 1764 1018 imperio

186 1049 459 1103 submisit.
509 1045 626 1113 Quo
676 1044 899 1109 factum,
968 1053 1026 1097 ut
1081 1042 1463 1111 heglerbegum
1522 1042 1573 1094 in
1630 1042 1763 1093 urbe

187 1136 542 1189 constitueret
567 1174 581 1197 ,
621 1133 905 1202 ipsamque
945 1132 1280 1200 provinciam
1325 1130 1376 1183 in
1419 1132 1764 1201 sangiacatus

186 1228 509 1295 partiretur.
566 1223 833 1278 Praeterea
884 1222 1144 1292 Bagadati
1170 1222 1405 1275 militare
1452 1221 1761 1287 pnesidium

188 1318 472 1386 imposuit.
506 1317 664 1385 eique
694 1316 761 1368 de
797 1315 1084 1368 tormentis
1121 1312 1329 1367 bellicis
1363 1322 1416 1364 et
1448 1312 1570 1364 aliis
1604 1312 1764 1365 rebus

186 1410 534 1469 necessariis.
568 1422 908 1475 annonaeque
938 1408 1089 1473 cepia
1132 1406 1427 1474 prospex‘t:
1469 1419 1589 1456 cum
1613 1419 1768 1472 prius

188 1506 377 1556 urbem
420 1502 700 1554 muniisset
722 1541 735 1563 ,
768 1509 820 1551 et
852 1514 1047 1568 aquam
1086 1513 1115 1548 ε·
1144 1496 1364 1549 flumine
1394 1496 1677 1549 dirivatam
1713 1497 1765 1547 in

188 1596 366 1649 fossas
404 1596 638 1648 urbanas
674 1593 1011 1647 immisisset.
1047 1589 1159 1643 Iloc
1194 1599 1437 1658 tempore
1470 1602 1763 1656 supremus

188 1687 593 1757 Depliterdarns
627 1687 740 1740 sive
798 1684 1071 1737 maximus
1105 1681 1281 1736 aerarii
1322 1679 1646 1750 praefectus,
1692 1678 1768 1731 Is-

184 1784 427 1836 chender
455 1781 690 1845 Zelebis,
720 1779 861 1849 apud
897 1778 1175 1833 snltanum
1214 1775 1581 1829 Soleimanem
1618 1774 1765 1827 delav

1862 560 2007 614 illam
2040 562 2349 614 universam
2397 560 2610 614 excidio
2669 560 2893 626 amixit,
2960 562 3187 630 direptis
3218 562 3447 615 misero-

1866 666 1984 705 rum
2052 651 2349 706 incolarum
2414 652 2805 718 facultatibus,
2859 664 2911 707 et
2968 654 3270 722 absumptis
3327 669 3451 707 oni--

1864 745 2023 799 nibus
2091 746 2379 813 jumentis.
2445 745 2569 799 Post
2626 744 2764 797 hanc
2819 747 3212 804 vastationem.
3272 746 3451 800 Solei-

1866 854 2054 892 manes
2084 839 2383 893 exercitum
2417 838 2835 892 Carahemidam
2877 839 3113 891 reduxit.
3160 840 3223 891 Et
3262 840 3449 907 dispo-

1865 931 2002 984 situs
2054 946 2116 984 ac
2167 930 2386 983 relictus
2438 940 2555 982 erat
2605 947 2632 983 a
2687 941 2835 998 tergo
2889 929 3126 992 dundar,
3186 939 3241 980 ut
3280 928 3444 983 Turci

1866 1030 2058 1073 vocant
2085 1037 2098 1074 :
2125 1020 2291 1090 35.6
2315 1021 2456 1087 qutid
2496 1032 2768 1072 vereretur
2788 1036 2851 1072 ne
2886 1021 2936 1071 in
2964 1022 3077 1088 ipsa
3117 1020 3453 1089 profectione

1868 1114 2096 1166 scachus
2129 1114 2488 1181 impressione
2512 1111 2687 1166 subita
2718 1127 2847 1166 suos
2870 1113 3273 1181 aggrederetur.
3296 1115 3451 1176 Quod

1868 1206 2081 1271 quidem
2118 1206 2189 1259 ita
2223 1222 2443 1275 prorsus
2472 1206 2692 1261 accidit.
2728 1204 2860 1258 Nam
2903 1206 3157 1269 scacltus,
3182 1208 3453 1260 intellecto

1871 1298 2117 1349 discessu
2151 1297 2501 1360 Soleimanis,
2551 1299 2748 1352 selecta
2803 1297 3155 1351 Covizzorum
3205 1299 3448 1367 quinque

1873 1388 2037 1439 millia
2087 1402 2271 1440 secum
2309 1389 2561 1456 sumpsit,
2600 1404 2663 1442 ac
2715 1390 3118 1442 veredariorum
3155 1390 3205 1440 in
3244 1403 3449 1441 merent

1870 1479 2193 1534 Osmanicos
2226 1496 2254 1531 ει
2286 1489 2435 1549 tergo
2458 1491 2678 1533 secutus
2705 1489 2787 1532 est
2817 1522 2830 1544 ,
2869 1481 2920 1533 in
2950 1481 3052 1533 hoc
3077 1495 3247 1533 unum
3280 1482 3456 1533 inten-

1874 1581 1978 1629 tus.
2014 1580 2071 1623 ut
2101 1586 2193 1624 eos
2230 1571 2413 1638 aliquo
2454 1572 2780 1625 detrimento
2810 1572 3064 1626 alliceret.
3127 1573 3366 1625 Tandem
3398 1574 3451 1624 iu

1873 1678 2062 1732 agmen
2093 1663 2223 1716 illud
2254 1673 2558 1717 extremum
2592 1664 2806 1726 incidit,
2839 1666 2981 1732 quod
3017 1665 3230 1717 tluudar
3265 1666 3451 1732 appel-

1875 1758 2033 1815 latur.
2067 1757 2143 1809 uti
2176 1756 2451 1811 diximms.
2486 1758 2616 1825 Ejus
2638 1758 2832 1813 ductor
2862 1768 2981 1812 erat
3013 1758 3235 1812 Ulumas
3264 1763 3450 1829 begus.

187 1888 278 1930 tus
306 1877 431 1938 fuit,
481 1876 550 1928 ob
597 1848 856 1927 tractatos
905 1869 1154 1938 nequiter
1210 1868 1497 1920 thesauros
1542 1866 1719 1935 regios
1749 1882 1765 1919 :
1799 1892 1845 1951 Β
1874 1849 1959 1951 ci“
1986 1858 2177 1915 Pmle"
2198 1848 2437 1951 Ἶυίξι-(ξνθ
2462 1848 2771 1951 εξιιιτξίεξεοες
2804 1851 3189 1951 εθβῑεετξξάθοίηι
3214 1851 3446 1951 ηξίιμιίξυη

183 1985 349 2039 quem
393 1977 545 2021 extra
600 1966 786 2019 urbem
842 1965 943 2018 hoc
991 1961 1211 2014 nomine
1271 1960 1529 2028 suspendi
1578 1959 1763 2027 jussit,

185 2062 462 2116 universis
498 2059 843 2114 facultatibus
878 2056 998 2125 ejus
1040 2055 1169 2107 fisco
1208 2052 1521 2123 applicatis.
1562 2051 1767 2104 Interea

183 2171 355 2216 vero,
413 2154 538 2207 dum
600 2151 938 2205 Soleimanes
1001 2150 1141 2202 intra
1193 2145 1481 2216 Bagadatis
1541 2156 1767 2203 muros,

182 2248 466 2303 exercitus
515 2246 647 2298 foris
685 2244 738 2297 in
784 2240 1027 2296 hibernis
1068 2240 1325 2303 literebat,
1364 2237 1563 2306 prodiit
1590 2237 1769 2289 denuo

182 2340 424 2394 scaclius
455 2337 787 2391 Teclimases
822 2335 874 2387 in
912 2341 1156 2401 apertum
1191 2332 1307 2386 suis
1339 2345 1464 2384 cum
1488 2329 1682 2397 copiis,
1718 2336 1771 2381 et

180 2432 499 2487 Tebrisium
531 2432 632 2485 iter
665 2428 916 2483 instituit.
951 2425 1081 2479 Inde
1108 2440 1232 2480 cum
1260 2430 1436 2492 ipsum
1470 2422 1609 2475 haud
1646 2435 1769 2490 pro-

188 2527 285 2579 cul
329 2526 521 2577 abesse
589 2521 760 2577 relicti
799 2521 865 2573 ad
907 2517 1217 2572 Tebrisium
1260 2513 1497 2581 sangiaci
1529 2522 1579 2565 ιιι
1618 2511 1771 2581 geni-

182 2618 325 2674 zari.
380 2616 445 2668 de
487 2614 684 2681 quibus
730 2625 892 2679 supra
928 2609 1157 2669 dictum,
1215 2604 1577 2671 accepissent,
1630 2600 1763 2668 quid

178 2707 460 2775 agendum
491 2705 591 2757 sibi
634 2705 733 2757 hoc
769 2717 899 2755 casu
932 2699 1069 2754 foret
1098 2740 1111 2761 ,
1143 2695 1484 2765 ignorabant.
1513 2692 1648 2759 Quia
1688 2702 1772 2746 ta-

182 2816 317 2853 men
369 2798 887 2856 animadverterent,
944 2807 1042 2845 nec
1092 2789 1159 2842 ad
1211 2786 1571 2841 resistendum
1625 2786 1767 2839 hosti

183 2904 301 2944 tam
338 2889 539 2958 potenti
569 2903 627 2941 se
656 2886 899 2940 sufﬁcere
926 2898 1024 2936 nec
1051 2884 1104 2935 in
1137 2890 1382 2947 tempore
1417 2877 1518 2931 sibi
1547 2892 1773 2931 succur—

182 2988 233 3037 ri
276 2997 458 3051 posse,
496 2980 739 3034 sarcinas
775 2991 995 3039 omnes,
1030 2983 1083 3029 et
1118 2981 1386 3027 tormenta
1422 2970 1615 3025 bellica
1645 2984 1770 3023 cum

179 3078 362 3129 rebus
392 3074 455 3125 ad
482 3087 542 3125 ea
571 3069 917 3130 necessariis,
942 3076 993 3120 et
1018 3065 1277 3119 custodiae
1304 3077 1417 3117 suae
1443 3061 1770 3124 commissis,

182 3168 398 3221 ibidem
430 3165 785 3229 reliquerunt,
824 3174 887 3213 ac
920 3158 1043 3228 fuga
1073 3157 1230 3209 saluti
1262 3169 1374 3208 suae
1406 3156 1757 3207 consuluere.

1874 1949 2220 1994 strenuorum
2248 1941 2473 1994 militum
2502 1941 2842 1997 Soleimanes
2867 1944 3213 1999 attribuerat.
3242 1946 3317 1997 Ad
3356 1947 3454 2000 hos

1875 2050 1996 2088 cum
2036 2037 2272 2090 scachus
2339 2037 2647 2092 advolasset
2710 2039 2959 2107 pmpius,
2999 2056 3121 2095 mox
3157 2043 3208 2094 in
3247 2058 3338 2096 eos
3376 2044 3451 2097 ir-

1875 2130 2004 2190 ruit,
2031 2137 2084 2181 et
2109 2145 2269 2183 manu
2320 2141 2593 2184 conserta.
2619 2134 2865 2200 superior
2890 2134 3025 2202 ipse,
3051 2134 3246 2189 Turcis
3274 2141 3450 2201 cresia,

1873 2220 2064 2274 evasit.
2108 2223 2433 2293 lnterempta
2473 2224 2623 2278 fuere
2685 2224 2987 2281 Turcorum
3039 2228 3103 2282 ad
3166 2230 3452 2284 duodecim

1875 2311 2068 2377 millia,
2101 2312 2509 2382 desideratique
2542 2325 2652 2369 tres
2687 2318 2948 2386 sangiaci.
2982 2316 3223 2384 Quartus
3252 2322 3304 2373 in
3344 2322 3459 2375 ho-

1871 2405 2035 2460 s'ium
2056 2415 2377 2474 potestatem
2398 2411 2793 2476 venit,quintus
2810 2427 2933 2465 cum
2951 2413 3144 2467 Ultima
3165 2414 3301 2484 bego
3319 2417 3458 2486 fugae

1876 2500 2139 2554 beneficio
2157 2502 2463 2556 discrimini
2488 2517 2659 2559 semet
2691 2506 2905 2573 eripuit.
2938 2507 3183 2563 Scaehus
3214 2509 3314 2563 hoc
3345 2521 3453 2563 tam

1879 2591 2110 2647 feliciter
2132 2605 2373 2665 pugnato
2402 2598 2586 2666 praelio
2620 2609 2935 2661 contentus,
2972 2602 3102 2655 nihil
3144 2605 3457 2672 periclitan-

1876 2685 2003 2739 dum
2030 2687 2239 2755 putavit
2273 2690 2521 2756 ulterius,
2547 2692 2689 2759 quod
2717 2693 2858 2745 hosti
2890 2709 2953 2746 ex
2984 2695 3160 2765 aliqua
3179 2709 3328 2766 parte
3360 2714 3459 2766 par

1876 2780 1989 2847 pari
2014 2781 2239 2836 relatum
2258 2784 2633 2838 arbitraretur:
2660 2785 2778 2840 ideo
2796 2803 2899 2855 que
2919 2796 3063 2840 retro
3081 2804 3200 2843 eum
3227 2791 3459 2845 victrici-

1877 2875 1978 2930 bus
1996 2874 2165 2942 capiis
2198 2876 2263 2929 ad
2289 2891 2417 2930 suos
2444 2876 2597 2931 abiit.
2618 2878 2735 2947 Ipse
2757 2895 2972 2948 quoque
2993 2880 3328 2937 Soleimanes
3347 2886 3455 2954 jam

1877 2970 2235 3025 Carahemida
2287 2973 2642 3038 discesserat,
2682 2974 2976 3044 Chalepum
3036 2988 3243 3046 petens,
3309 2980 3455 3035 unde

1877 3064 2176 3133 digressus,
2234 3064 2321 3120 die
2351 3066 2564 3120 decimo
2594 3077 2790 3136 quarto
2829 3070 3033 3123 mensis
3068 3069 3296 3125 Rezebis
3316 3074 3457 3127 Con-

1881 3156 2285 3224 stantinopolim
2340 3158 2545 3227 appulit
2572 3199 2588 3224 ,
2623 3175 2767 3214 anno
2795 3160 2900 3213 9ιῖ
2929 3162 3082 3232 (Chr.
3132 3164 3311 3235 I536).

181 3256 446 3309 Scachus
473 3253 773 3306 Tebrisiutn
811 3252 1109 3317 ingressus,
1140 3262 1329 3299 omnes
1364 3245 1494 3298 istas
1530 3245 1772 3296 sarcinas
1801 3245 1841 3302 C
1952 3249 2086 3302 Dum
2132 3249 2242 3303 illic
2272 3250 2338 3303 ad
2381 3261 2592 3320 tempus
2635 3254 2850 3323 aliquod
2889 3270 2918 3308 a
2975 3257 3133 3313 hellis
3173 3261 3457 3315 abstinens

175 3358 242 3402 ct
280 3345 669 3413 impedimenta
694 3342 848 3395 militi
878 3357 975 3393 suo
998 3338 1299 3407 diripienda
1332 3337 1621 3390 concessit:
1658 3334 1769 3387 bel-

176 3440 295 3493 lica
328 3453 457 3491 vero
488 3444 749 3489 tormenta
776 3472 791 3497 ,
830 3448 952 3487 cum
988 3432 1239 3485 universo
1268 3430 1331 3482 ad
1365 3446 1425 3482 ea
1458 3429 1763 3497 pertinente

176 3540 487 3599 apparatu,
520 3524 853 3580 concremari
888 3523 1071 3593 jussit;
1117 3530 1170 3574 et
1211 3520 1475 3590 quidquid
1534 3520 1599 3573 de
1635 3534 1761 3572 ma-

176 3622 385 3677 chinis
422 3619 630 3673 bellicis
666 3615 1106 3685 colliquefactum
1150 3613 1382 3665 flammis
1418 3611 1631 3664 absumi
1668 3626 1774 3663 non

172 3723 470 3784 potuerat,
526 3711 589 3763 ad
644 3708 932 3779 signaudos
980 3720 1267 3776 maugnros
1320 3703 1631 3758 destinavit.
1673 3703 1775 3757 Ubi

162 3810 305 3877 jam
336 3803 529 3859 durior
566 3803 756 3856 hiemis
789 3808 1080 3868 tempestas
1144 3801 1496 3867 praterierat,
1536 3796 1773 3864 Bagdate

171 3902 539 3955 Soleimanes
582 3897 749 3950 movit
780 3897 981 3960 eodem
1039 3908 1182 3946 anno
1235 3892 1333 3946 9H
1391 3891 1542 3958 (Chr.
1591 3890 1773 3958 1556),

162 4009 245 4048 ac
275 3994 468 4047 denuo
507 3988 814 4044 Tebrisium
855 3987 1046 4042 duxit:
1090 3987 1232 4039 unde
1273 4000 1395 4037 cum
1442 4000 1547 4038 non
1576 3997 1776 4051 magno

161 4088 419 4140 abesset
447 4082 750 4147 intervallo,
772 4095 985 4133 rursum
1019 4094 1142 4132 cum
1180 4078 1294 4131 suis
1323 4074 1654 4129 Techmases
1682 4074 1773 4127 fu-

159 4195 266 4249 gae
319 4191 383 4229 se
420 4175 606 4227 dedit:
644 4184 804 4242 atque
832 4170 909 4225 uti
940 4170 1249 4222 facultatem
1299 4166 1381 4222 sui
1412 4166 1775 4236 persequendi

157 4269 514 4329 Osmanicis
555 4268 838 4330 adimeret,
882 4279 1035 4318 suam
1079 4264 1303 4330 ipsemet
1368 4261 1642 4330 regionem
1681 4275 1776 4313 va-

154 4365 387 4422 stavit,
422 4372 692 4412 annonam
737 4371 952 4412 omnem
990 4354 1234 4421 corrupit
1281 4353 1600 4414 etcxussit,
1650 4353 1779 4406 sub-

152 4459 344 4512 ditos
372 4466 507 4506 suos
534 4451 734 4519 passim
767 4447 967 4516 abegit.
996 4444 1093 4499 Ubi
1122 4442 1429 4498 Tebrisium
1460 4443 1622 4497 Turci
1652 4459 1772 4512 per-

1876 3343 2132 3411 quiescit,
2168 3354 2458 3413 suspectus
2491 3346 2537 3398 ei
2577 3347 2716 3413 eepit
2771 3364 2889 3404 csse
2925 3350 3222 3405 lbrabimes
3275 3355 3457 3416 bassa.

1876 3433 2034 3502 cujus
2061 3444 2114 3489 et
2145 3452 2208 3490 ex
2238 3448 2390 3504 parte
2425 3438 2526 3491 fuit
2559 3440 2765 3495 detecta
2798 3442 3043 3509 perﬁdia.
3077 3442 3287 3515 Quippe
3311 3445 3457 3501 fere-

1878 3527 2039 3579 batur
2070 3542 2191 3581 cum
2231 3528 2376 3582 Italis
2410 3546 2629 3601 quoque
2654 3544 2868 3587 secreto
2927 3536 3196 3605 pepigisse
3253 3538 3457 3603 ftedus,

1879 3627 1939 3671 ut
1968 3620 2260 3689 imperium
2294 3619 2597 3676 Turcorum
2651 3626 2703 3677 in
2738 3641 2797 3680 se
2828 3629 3169 3683 transferret.
3210 3630 3461 3700 Quapro~

1879 3720 1997 3780 pter
2030 3729 2154 3768 eum
2188 3714 2528 3770 Soleimanes
2558 3719 2643 3770 die
2676 3721 2913 3787 quodam
2947 3720 3221 3787 Mercurii,
3258 3726 3349 3792 qui
3382 3725 3458 3777 vi-

1880 3805 2119 3860 cesimus
2138 3812 2414 3861 secundus
2434 3810 2636 3864 mensis
2659 3810 2980 3866 Remasanis
2999 3823 3138 3873 erat.
3160 3816 3225 3868 ad
3246 3831 3455 3870 coenam

1878 3892 2162 3949 invitavit:
2187 3897 2623 3965 qualitiita,cum
2649 3901 2715 3953 de
2746 3902 2911 3955 certis
2956 3904 3187 3971 negotiis
3226 3904 3369 3959 inter
3401 3923 3459 3961 se

1879 3988 2155 4053 collocuti,
2178 3988 2289 4055 jam
2314 3991 2555 4043 cubitum
2579 4004 2883 4061 pergerent,
2912 3993 3211 4051 lbrabimes
3239 4014 3461 4069 quoque

1881 4098 2040 4136 suum
2055 4082 2120 4135 ad
2139 4083 2399 4136 conclave
2426 4083 2669 4147 secessit,
2693 4093 2743 4137 et
2781 4084 2833 4137 in
2872 4085 3011 4140 lecto
3046 4104 3102 4141 se
3129 4094 3456 4157 composuit.

1879 4172 2090 4242 Quippe
2105 4174 2317 4242 quoties
2336 4175 2400 4227 ad
2422 4173 2781 4229 Soleimanem
2804 4186 2968 4232 noctu
2988 4181 3387 4245 arcessebatur,
3408 4186 3461 4237 in

1880 4265 2049 4327 ipsius
2084 4265 2427 4330 imperatoris
2462 4266 2642 4321 saraio
2667 4268 2923 4323 cubabat.
2972 4270 3108 4325 Cum
3137 4274 3468 4330 obdormiis—

1880 4358 2233 4427 set,[interIici
2262 4359 2534 4413 hominem
2570 4361 2815 4414 sultanus
2853 4362 3038 4431 jussit,
3062 4380 3361 4437 omnesque
3386 4370 3469 4422 Ia—

1880 4452 2108 4506 cultates
2154 4452 2325 4520 ipsius
2360 4461 2413 4507 ct
2433 4468 2584 4523 opes,
2604 4454 2733 4507 Iisco
2752 4455 3013 4520 addictas,
3042 4460 3316 4514 thesauris
3348 4465 3464 4516 suis

151 4546 504 4604 venissent,
535 4541 873 4632 Soleimanes
902 4536 1167 4632 optimum
1202 4549 1479 4632 quemque
1508 4549 1734 4632 suorum
1759 4576 1773 4599 ,
1814 4580 1855 4632 ὓ
1888 4544 1941 4597 in
1980 4543 2131 4598 ferri.
2168 4542 2390 4598 Factum
2425 4546 2525 4598 hoc
2568 4544 2668 4598 fuit
2698 4561 2840 4600 anno
2869 4546 2973 4601 9ιῖ
3004 4548 3155 4618 (Chr.
3177 4550 3357 4609 1556).

145 4651 217 4696 es
303 4634 619 4707 praesertim
678 4630 910 4700 egregiis
961 4627 1255 4682 instructos
1310 4626 1505 4695 equis,
1555 4626 1775 4696 delegit,

144 4737 394 4802 cisque
484 4724 763 4781 mandavit
826 4733 883 4777 ut
943 4735 1157 4775 summa
1216 4720 1298 4773 usi
1356 4718 1637 4773 celeritate
1692 4719 1788 4772 ho-

148 4839 343 4885 stem
383 4821 581 4874 alicubi
614 4825 1053 4885 assequercntur.
1083 4812 1235 4878 Quod
1261 4828 1382 4866 cum
1407 4812 1480 4865 illi
1516 4811 1777 4875 facerent,

138 4917 500 4980 omniaque
533 4913 728 4965 misere
761 4916 967 4961 vastata
998 4905 1402 4971 conspicerent,
1439 4904 1504 4957 ad
1537 4905 1779 4957 animum

136 5017 246 5068 eis
324 5003 560 5063 accidit,
610 5002 722 5054 Iieri
768 5014 928 5069 posse
982 5006 1038 5049 ut
1079 4998 1134 5049 in
1189 4997 1405 5049 redacta
1465 4996 1682 5064 penitus
1716 4998 1782 5050 ad

133 5098 556 5162 su“rudineui
612 5092 833 5161 regione
892 5089 1116 5157 aliquod
1182 5088 1312 5156 ipsis
1376 5088 1783 5142 incommodum

131 5198 475 5257 eveniret.
506 5192 739 5259 Ideoque
766 5202 1035 5242 converso
1086 5185 1278 5239 itinere
1310 5182 1615 5239 Tebrisium
1665 5186 1784 5239 red-

129 5300 319 5352 iere.
370 5289 509 5341 Cum
547 5294 724 5336 autem
760 5280 1098 5334 Soleimanes
1129 5277 1230 5331 hoc
1259 5278 1419 5330 modo
1444 5276 1697 5332 delusum
1728 5292 1785 5330 se

130 5388 441 5441 videret,
482 5376 787 5428 vehementi
819 5382 1125 5424 commotus
1160 5368 1260 5430 ira,
1298 5367 1480 5421 scachi
1514 5364 1783 5421 Teclima-

130 5484 235 5537 δίε
267 5484 345 5530 et
379 5471 653 5535 majorum
686 5466 854 5535 ipsius
872 5462 1044 5531 regias
1065 5474 1389 5528 animusque
1416 5460 1634 5529 palatia,
1659 5473 1786 5513 cum

126 5574 373 5645 ipsius
454 5560 654 5616 sultaui
745 5556 965 5625 .Iacupis
1046 5552 1297 5616 aedificio,
1395 5552 1539 5620 quod
1626 5552 1789 5607 Hoste

130 5664 422 5725 behiste
451 5655 672 5719 dicitur,
724 5662 779 5705 et
806 5647 1061 5706 omnibus
1122 5662 1245 5697 cum
1300 5645 1565 5714 paradisis
1621 5646 1786 5710 dirui,

126 5750 432 5817 vastari,
503 5744 737 5800 cremari
804 5741 986 5813 jussit.
1038 5738 1306 5792 Praeterea
1364 5736 1624 5804 plurimos
1686 5737 1788 5790 Te-

124 5847 380 5916 brissii
442 5844 590 5895 cives
644 5837 930 5907 compulit,
994 5840 1051 5887 ut
1108 5830 1231 5884 inde
1256 5828 1787 5899 Constantitmpolitn

1962 4634 2205 4689 Diximus
2236 4647 2415 4702 antea,
2445 4637 2827 4692 Chairadinem
2861 4640 3077 4694 bassam
3110 4658 3301 4711 magna
3336 4660 3459 4697 cum

1888 4727 2062 4781 classe
2101 4726 2408 4796 profectum
2447 4729 2498 4782 in
2552 4728 2893 4792 Barbariam,
2949 4729 3154 4785 Mauris
3199 4734 3465 4789 famosam

1887 4819 2075 4872 urbem
2108 4817 2354 4872 Tuuisim
2375 4819 2661 4888 eripuisse,
2681 4835 2745 4872 ac
2766 4820 2964 4874 ibidem
2992 4822 3095 4875 sibi
3122 4825 3468 4879 conSIituisSe

1886 4909 2249 4963 domicilium.
2287 4909 2333 4963 Is
2367 4911 2470 4963 hoc
2514 4921 2757 4978 tempore
2786 4928 2954 4967 naves
3005 4923 3170 4984 atque
3217 4918 3471 4972 triremes

1888 4999 1939 5051 in
1971 5007 2170 5052 terram
2198 4998 2558 5064 subduxerat,
2590 5016 2773 5053 rerum
2803 5002 3018 5056 scilicet
3056 5020 3278 5058 suarum
3309 5007 3471 5074 plane

1888 5106 2138 5156 securus,
2164 5106 2373 5159 suoque
2411 5094 2675 5145 duntaxat
2725 5092 3041 5164 indulgebat
3084 5097 3266 5158 genio.
3316 5099 3469 5153 Prin-

1888 5197 2013 5251 ceps
2046 5182 2263 5236 interim
2305 5182 2553 5244 Maurus.
2587 5185 2672 5236 cui
2708 5186 2858 5251 prius
2902 5200 2963 5237 ea
3018 5197 3280 5254 paruerat
3311 5188 3467 5249 ditio.

1888 5275 2167 5344 profectus
2227 5275 2279 5328 in
2335 5274 2673 5343 Hispaniam,
2714 5290 2871 5345 opem
2922 5274 3146 5345 Hispani
3207 5280 3475 5348 principis

1890 5366 2221 5435 imploravit.
2312 5366 2585 5434 Hispanus
2669 5368 2736 5419 ad
2828 5369 3120 5423 consilium
3217 5382 3477 5427 revocato

1891 5460 2131 5529 negotio,
2183 5461 2474 5513 verebatur
2525 5472 2812 5528 propterea
2865 5461 3011 5529 quod
3061 5460 3307 5517 Tunisim
3344 5463 3472 5519 Baro

1891 5553 2116 5606 barossa
2202 5552 2453 5619 cepisSI-t,
2515 5561 2572 5602 ut
2636 5550 2889 5620 Ilispanis
2952 5554 3097 5607 idem
3182 5557 3476 5623 aliquando

1893 5651 2152 5701 damnum
2203 5645 2452 5697 inferret.
2507 5644 2689 5697 Facile
2733 5646 2954 5711 putabat
2985 5646 3158 5714 ignem
3202 5650 3475 5714 exsdngui

1894 5756 2071 5809 posse,
2099 5740 2141 5793 si
2182 5740 2333 5807 prius
2383 5739 2843 5806 supprimeretur,
2886 5753 3050 5807 quam
3103 5738 3263 5793 latins
3289 5757 3479 5794 erum-

1898 5843 2063 5901 peret.
2111 5830 2296 5900 anue
2357 5830 2423 5883 de
2455 5845 2618 5884 tausa
2669 5829 2811 5883 datis
2863 5829 2928 5882 ad
2987 5830 3204 5885 Italicos
3266 5832 3472 5899 princi—
