4866 6594
1370 526 1477 591 6⁴3

2648 509 3003 577 ANNALES
3041 504 3383 574 TURCICI.

4512 501 4615 568 θη

1374 663 1470 716 pes
1511 644 1725 709 litteris,
1750 643 1828 699 uti
1875 641 2120 699 subsidio
2167 639 2271 695 sibi
2324 638 2586 699 venirent,
2618 633 2794 705 petiit.
2832 632 2942 686 Ha-
2972 636 3026 697 Α
3052 639 3348 685 exercitum
3384 628 3435 681 in
3486 624 3723 680 Albanos
3758 623 4065 694 perduelles
4118 622 4368 685 immisit,
4402 623 4494 692 qui
4531 637 4614 674 res

1373 736 1496 805 guis
1571 749 1699 804 ergo
1736 732 1977 789 collectis
2024 730 2214 799 c0piis,
2257 740 2309 784 et
2366 728 2565 796 insigni
2620 726 2793 780 classe
2844 739 2939 793 pa-

1375 839 1515 887 rata,
1547 829 1721 881 eidem
1754 824 2023 878 Andream
2066 823 2280 877 boriam
2322 834 2575 888 suprema
2627 833 2752 872 cum
2790 824 2938 885 pote-

1376 931 1517 975 state
1557 918 1822 988 praefecit,
1856 929 2021 984 atque
2070 919 2142 968 ita
2176 914 2495 967 Tunisiuam
2536 910 2935 979 expeditionem

1378 1011 1635 1065 instituit.
1657 1008 2014 1064 Chairadines
2039 1024 2095 1060 re
2110 1018 2407 1074 comperta,
2434 1002 2628 1056 Raisos
2655 1016 2783 1054 suos
2804 1015 2939 1053 con-

1374 1103 1612 1164 voravit,
1651 1101 1841 1168 eisque
1878 1098 2290 1151 deliberandum
2336 1093 2617 1164 proposuit
2659 1093 2787 1160 quid
2835 1091 2941 1144 hoc

1373 1191 1809 1245 Cbristianormn
1863 1200 2010 1242 motu
2057 1189 2372 1241 faciundum
2408 1193 2712 1239 censerent.
2735 1182 2814 1235 11Ιί
2858 1195 2942 1235 re-

1376 1284 1643 1344 spondere
1687 1282 1918 1335 classem
1972 1281 2104 1333 mari
2152 1280 2303 1349 prius
2342 1277 2719 1332 instruendam
2777 1288 2939 1344 quam

1373 1372 1667 1426 Christiani
1706 1388 1763 1426 se
1788 1372 2183 1441 coniungerent
2236 1370 2571 1436 omniumque
2604 1368 2943 1437 pra'pedittna

1376 1468 1497 1531 dos,
1522 1482 1588 1519 ne
1624 1466 1915 1520 convenire
1944 1473 2181 1531 possent.
2213 1464 2290 1516 Ad
2334 1476 2395 1515 ea
2426 1463 2667 1517 vicissim
2717 1460 2943 1517 Chaira-

1376 1559 1532 1611 dines
1555 1558 1711 1611 bassa
1745 1573 1760 1609 :
1798 1556 1853 1607 Si
1893 1554 2255 1623 tulipandum,
2294 1554 2496 1622 inquit,
2529 1569 2708 1607 meum
2750 1554 2944 1605 dunta-

1380 1660 1469 1700 xat
1495 1649 1708 1701 excelso
1732 1646 1965 1714 quodam
1999 1646 2051 1699 in
2084 1646 2205 1701 loco
2232 1661 2397 1715 super
2436 1646 2647 1700 hastam
2678 1647 2939 1708 defixcro,

1376 1757 1408 1793 a
1453 1740 1779 1793 Christiasis
1804 1748 1863 1792 ut
1924 1739 2164 1807 conspici
2229 1741 2405 1808 possit
2480 1737 2771 1793 formidine
2827 1754 2943 1791 cor-

1382 1833 1545 1901 repti,
1594 1832 1660 1883 ad
1715 1832 1925 1899 aliquot
1982 1830 2150 1884 millia
2191 1840 2334 1884 rem)
2408 1830 2658 1898 fugient:
2734 1839 2943 1882 tantum

1380 1922 1532 1974 abest
1586 1931 1641 1973 ut
1693 1921 1889 1975 bellum
1943 1920 2102 1973 nobis
2176 1920 2376 1974 illaturi
2449 1920 2577 1974 sint.
2639 1918 2747 1973 Hac
2817 1934 2945 1984 ergo

3040 737 3227 776 eorum
3253 729 3496 790 agerent,
3528 718 3752 784 ferrent,
3783 732 3847 771 ac
3891 717 4097 770 liberos
4128 725 4182 769 et
4216 724 4417 769 uxores
4447 713 4617 767 servi-

3042 820 3145 873 tuti
3170 819 3567 885 manciparent,
3608 816 3733 870 licet
3756 815 3843 868 hic
3865 823 4095 869 conatus
4114 828 4302 867 eorum
4328 814 4380 866 in
4405 814 4615 867 irritum

3042 914 3275 965 caderet.
3308 910 3572 963 Prmterea
3600 908 3878 962 Romaniae
3910 906 4317 976 beglerbegum,
4351 919 4478 959 cum
4512 904 4621 957 Ro-

3049 1002 3241 1058 mania:
3277 1002 3469 1071 copiis,
3500 1000 3554 1053 in
3584 1000 3837 1070 Apuliam
3873 1010 4027 1052 trans
4085 1012 4234 1051 mare
4270 994 4423 1049 misit
4460 1012 4475 1047 :
4523 995 4617 1063 qui

3043 1111 3104 1149 ea
3140 1096 3192 1147 in
3226 1094 3450 1161 regione
3475 1094 3724 1159 quadam
3756 1089 4015 1159 oppidula
4040 1104 4165 1143 cum
4187 1088 4339 1156 pagis
4362 1086 4612 1153 diripuit.

3042 1184 3177 1240 Cum
3211 1186 3447 1254 denique
3479 1185 3708 1240 'l‘urcica
3741 1184 3938 1239 classis
3978 1184 4271 1253 Corcyram
4314 1190 4513 1251 praeter
4546 1180 4619 1231 le-

3045 1289 3215 1345 geret,
3242 1291 3306 1328 ex
3338 1276 3665 1347 Corcyrensi
3696 1275 3949 1345 praesidio
3976 1274 4274 1329 Christiani
4306 1271 4487 1324 navim
4518 1285 4617 1321 aa-

3047 1369 3352 1431 nonariam,
3385 1384 3504 1436 qua:
3537 1370 3771 1423 classem
3824 1369 4179 1437 sequebatur,
4228 1365 4443 1420 bellicis
4484 1364 4621 1431 peti-

3045 1472 3155 1514 tam
3191 1461 3460 1514 machinis
3487 1461 3821 1516 demersere.
3855 1460 4200 1515 Soleimanes
4231 1455 4619 1509 animadversa

3048 1551 3372 1607 Venetorum
3413 1552 3637 1622 perfidia
3694 1568 3860 1622 quam
3909 1568 3973 1607 ex
4021 1551 4143 1605 aliis
4180 1549 4343 1604 etiam
4402 1547 4622 1601 indiciis

3046 1646 3261 1700 abunde
3318 1654 3709 1713 perspexerat;
3768 1658 3875 1698 non
3932 1658 4127 1713 parum
4180 1640 4620 1698 excandescens.

3045 1738 3359 1793 Cbairadini
3393 1737 3658 1807 Lutsique
3681 1736 3857 1791 bassis
3889 1733 4149 1804 praecepit
4180 1733 4257 1787 uti
4299 1747 4424 1785 cum
4444 1731 4621 1783 classe

3044 1831 3334 1902 Corcyram
3360 1831 3590 1885 insulam
3626 1837 3894 1898 peterent,
3924 1825 4182 1896 oppidula
4208 1840 4334 1879 curn
4369 1824 4504 1875 vicis
4524 1820 4623 1872 de-

3049 1925 3451 1991 priedarentur,
3481 1921 3844 1989 hominesque
3893 1920 4139 1989 captivos
4172 1932 4360 1971 secum
4391 1914 4627 1965 abduce-

1378 2014 1670 2068 sccuritate
1720 2012 1915 2079 suique
1954 2012 2282 2067 confidentia
2311 2023 2564 2075 caecatus,
2623 2027 2837 2065 omnem
2876 2027 2937 2064 ex
2974 2008 3013 2062 Β
3045 2023 3184 2068 rent.
3227 2012 3279 2065 Id
3315 2015 3389 2066 illi
3419 2027 3544 2067 cum
3578 2012 3861 2073 fecissent,
3886 2010 4103 2079 navigia
4145 2007 4436 2076 mancipiis
4453 2004 4623 2057 Cirri-

1381 2106 1563 2158 animo
1593 2104 2006 2157 sollicitudinem
2031 2116 2083 2156 et
2111 2118 2293 2156 curam
2321 2103 2592 2173 deposuit.
2618 2102 2816 2157 Verum
2838 2120 2944 2155 non

1382 2198 1551 2251 inulto
1584 2205 1705 2265 post
1730 2196 1973 2250 Tunisim
2002 2204 2306 2269 przepoteus
2328 2196 2775 2250 Christianorum
2805 2196 2943 2250 clas-

1380 2286 1456 2340 sis
1489 2287 1714 2353 appulit.
1755 2284 1825 2338 Ea
1854 2300 1975 2338 cum
2002 2285 2143 2340 istuc
2160 2288 2504 2351 accessisset,
2542 2288 2783 2341 occurrit
2805 2286 2944 2340 hesti

1380 2378 1736 2431 Chairadines
1769 2385 1919 2429 extra
1945 2378 2132 2430 urbem
2167 2380 2281 2432 suis
2328 2394 2453 2432 cum
2484 2380 2681 2449 copiis,
2735 2379 2947 2433 tametsi

1380 2472 1467 2526 vix
1506 2488 1694 2525 novem
1736 2476 1991 2528 decemve
2032 2474 2259 2525 militum
2292 2472 2611 2525 idoneorum
2656 2474 2820 2527 millia
2861 2489 2947 2528 se-

1380 2578 1506 2618 cum
1540 2565 1813 2618 educeret.
1844 2566 2372 2620 AdChristianorum
2399 2566 2568 2619 aciem
2602 2581 2945 2634 progresSus,

1383 2654 1631 2707 animose
1657 2670 1779 2708 cum
1803 2656 1883 2709 eis
1914 2656 2175 2710 conﬂixit.
2204 2655 2267 2708 Et
2298 2672 2606 2726 quanquam
2635 2657 2824 2725 ingens
2858 2658 2948 2709 ho-

1385 2747 1590 2799 minum
1626 2746 1915 2799 multitudo
1957 2749 2009 2800 in
2042 2747 2477 2801 Christianorum
2507 2759 2649 2801 esset
2680 2748 2945 2811 exercitu,

1387 2839 1527 2892 fama
1577 2849 1754 2893 tamen
1788 2840 2128 2908 perhibetur,
2167 2840 2330 2893 multa
2356 2840 2789 2893 Christianorum
2823 2842 2946 2894 mil-

1386 2930 1458 2983 lia
1489 2941 1600 2983 tum
1634 2946 1769 2983 caesa
1804 2930 1990 2994 fuisse,
2046 2946 2171 2984 cum
2219 2946 2284 2983 ex
2330 2933 2555 2986 adversa
2602 2932 2950 2988 Chairadinis

1387 3032 1542 3090 parte
1576 3022 1684 3073 duo
1708 3023 1968 3075 duntaxat
1994 3022 2271 3077 hominum
2296 3024 2463 3079 millia
2489 3026 2948 3079 desiderarentur.

1385 3113 1521 3169 Cum
1543 3126 1723 3168 autem
1760 3116 2115 3171 Chairadiues
2133 3118 2288 3171 hoste
2307 3133 2364 3171 se
2388 3117 2592 3172 videret
2614 3118 2948 3181 inferiorem,

1388 3223 1650 3262 conversa
1680 3224 1902 3261 suorum
1928 3210 2061 3271 acie,
2085 3210 2148 3261 ad
2175 3211 2361 3264 urbem
2395 3224 2452 3263 se
2479 3210 2698 3278 recepit.
2728 3209 2803 3264 Eo
2828 3226 2950 3265 cum

1388 3310 1614 3353 ventum
1655 3299 1861 3363 luisset,
1916 3300 2190 3352 occlusam
2234 3300 2458 3367 reperit,
2490 3310 2544 3352 ct
2579 3300 2630 3353 in
2680 3302 2950 3355 iuuenibus

1387 3390 1527 3445 elata
1556 3391 1991 3444 Christianorum
2048 3392 2244 3445 vexilla
2275 3392 2579 3459 conspexit.
2616 3392 2829 3463 Quippe
2857 3409 2948 3447 ca-

1390 3484 1659 3553 ptivorum
1688 3483 2128 3537 Christianorum
2158 3485 2365 3552 aliquot
2388 3485 2440 3537 in
2475 3486 2605 3538 urbe
2659 3486 2827 3538 millia
2865 3501 2949 3538 re-

1390 3575 1641 3643 liquerat,
1670 3576 1760 3643 qui
1780 3574 1998 3642 quidem
2025 3575 2253 3635 iuterea.
2283 3576 2409 3628 dum
2445 3584 2598 3628 extra
2630 3592 2815 3630 muros
2836 3576 2950 3645 ipsc

1391 3682 1515 3719 cum
1563 3666 1805 3720 exercitu
1856 3665 2296 3720 Christianorum
2352 3667 2708 3733 prreliaretur,
2747 3668 2955 3738 perfra-

1392 3758 1494 3811 ctis
1551 3756 1884 3819 carceribus,
1918 3765 1971 3809 et
2029 3756 2259 3825 arreptis
2310 3758 2496 3822 armis,
2555 3767 2737 3827 portas
2807 3759 2955 3814 urbis

1391 3850 1724 3912 clauserant,
1778 3859 1831 3902 et
1873 3848 1926 3901 in
1964 3849 2233 3902 moenibus
2284 3849 2477 3903 vexilla
2514 3847 2951 3902 Christianorum

1392 3949 1702 3999 erexerant.
1729 3941 1784 3994 ιιι
1832 3956 1957 3994 vero
1997 3955 2119 3994 cum
2155 3941 2467 4008 accidisset,
2499 3941 2671 4011 major
2702 3957 2828 4010 pars
2858 3944 2960 3994 mi-

1396 4032 1551 4085 litum
1583 4029 1931 4084 Chairadinis
1979 4043 2141 4093 caesa,
2202 4040 2510 4100 cunctaque
2567 4033 2778 4102 navigia
2832 4048 2956 4087 cum

1399 4120 1668 4176 machinis
1699 4128 1751 4174 et
1786 4130 2047 4189 apparatu
2080 4119 2278 4175 bellico
2301 4120 2523 4176 fuerunt
2547 4124 2767 4177 amissa.
2801 4124 2961 4178 Chai-

1398 4213 1617 4267 radines
1642 4225 1765 4263 cum
1812 4211 2039 4278 reliquis
2065 4227 2291 4266 suorum
2333 4222 2552 4281 propter
2580 4215 2768 4267 urbem
2804 4215 2962 4269 aufu-

1398 4304 1496 4373 git,
1524 4310 1575 4355 et
1601 4302 1655 4354 in
1684 4302 2007 4355 solitudines
2048 4316 2106 4357 se
2139 4317 2264 4355 cum
2319 4302 2400 4356 eis
2431 4302 2642 4356 abdidit
2678 4320 2694 4355 :
2725 4319 2958 4372 quorum

1399 4408 1593 4462 magna
1628 4407 1754 4461 pars
1778 4392 1938 4456 fame,
1969 4393 2083 4457 siti,
2116 4404 2171 4448 et
2231 4404 2368 4447 aestu
2417 4394 2596 4462 periit.
2628 4395 2744 4463 Ipse
2781 4396 2963 4449 varias

1398 4493 1654 4555 expertus
1677 4498 1970 4549 aerumnas,
2006 4485 2221 4538 tandem
2251 4486 2316 4537 ad
2350 4486 2538 4538 urbem
2572 4500 2724 4538 suam
2780 4483 2966 4538 Cesai-

1398 4592 1512 4631 rem
1550 4576 1725 4630 evasit
1759 4592 1775 4630 :
1806 4576 1950 4630 unde
2004 4591 2129 4629 cum
2167 4577 2359 4630 decem
2385 4586 2439 4630 et
2476 4583 2599 4630 octo
2649 4576 2963 4631 triremibus

3052 2104 3269 2167 stianis,
3300 2105 3546 2172 cujusvis
3582 2104 3756 2158 aetatis
3778 2115 3829 2157 et
3861 2118 4049 2166 sexus,
4078 2110 4373 2156 onerarunt
4409 2116 4422 2150 :
4458 2106 4623 2164 atque

3050 2198 3124 2252 ita
3147 2197 3673 2267 ConstantinOpolim
3717 2198 3944 2251 rediere.
3974 2196 4091 2260 Quo
4144 2194 4329 2259 delati,
4356 2191 4623 2246 Christia-

3058 2308 3123 2345 na
3183 2292 3451 2359 mancipia
3492 2306 3652 2358 supra
3670 2290 3923 2359 oppidum
3957 2288 4222 2348 Galatam,
4262 2300 4327 2337 eo
4359 2286 4502 2345 loco,
4528 2282 4621 2350 qui

3047 2383 3289 2438 Besictas
3321 2383 3481 2452 vulgo
3512 2382 3717 2437 dicitur
3778 2382 3842 2435 ad
3879 2391 4083 2435 terram
4108 2392 4411 2445 exposuere
4438 2415 4452 2428 .
4486 2376 4624 2427 mis-

3048 2475 3233 2544 sisque
3288 2474 3816 2543 Constantinopolim
3866 2472 4233 2542 praeconibus,
4292 2466 4623 2536 proclamari

3044 2565 3348 2635 jilSSt'l‘lllH.
3376 2575 3431 2618 ut
3462 2566 3507 2620 si
3542 2566 3664 2635 quis
3692 2565 3960 2633 mancipia
3994 2563 4328 2620 Christiana,
4360 2560 4620 2615 feminas.

3051 2675 3246 2720 mares,
3270 2656 3525 2725 juvenes,
3563 2673 3721 2711 senes
3750 2657 3982 2710 mercari
4008 2658 4189 2715 vellet,
4223 2653 4287 2705 ad
4317 2653 4621 2706 indicatum

3050 2754 3212 2805 modo
3261 2751 3435 2803 locum
3472 2751 3703 2813 veniret,
3746 2749 3946 2803 ibidem
3989 2745 4305 2816 huiusmodi
4348 2742 4625 2811 mancipia

3050 2843 3351 2911 perexigua
3366 2854 3784 2912 comparaturus
3804 2843 4000 2911 pretio.
4028 2840 4182 2905 Quod
4205 2837 4425 2906 quidem
4453 2839 4527 2891 ita
4553 2835 4627 2889 fa-

3050 2947 3195 2988 ctum
3232 2935 3354 2997 fuit,
3387 2945 3495 2989 tam
3551 2935 3637 2987 vili
3679 2936 3856 3004 pretio
3914 2934 4132 2988 miseris
4177 2932 4285 2987 illis
4317 2931 4624 2988 distractis.

3054 3026 3128 3077 uti
3161 3026 3408 3096 plerique
3439 3025 3653 3078 duobus
3704 3026 3950 3079 tribusve
3999 3024 4292 3078 sultaninis
4336 3022 4630 3079 vzenireut,

3056 3118 3157 3170 hac
3181 3119 3293 3187 ipsa
3320 3119 3545 3185 pecunia
3575 3118 3738 3185 regiis
3764 3117 4036 3170 thesauris
4064 3115 4231 3168 illata.
4258 3113 4629 3178 Posteaquam

3056 3212 3277 3265 domum
3338 3211 3482 3263 itura
3540 3209 3736 3264 classis
3782 3208 4132 3272 discesserat,
4168 3209 4327 3260 etiam
4368 3205 4627 3259 sultanus

3058 3302 3396 3356 Soleimanes
3444 3302 3605 3354 motis
3639 3298 3836 3354 castris
3870 3299 3973 3352 iter
4003 3298 4308 3370 ingressus,
4364 3300 4453 3351 die
4488 3312 4633 3349 IIOIIO

3055 3396 3256 3449 mensis
3302 3395 3472 3457 illius,
3507 3396 3598 3462 qui
3637 3391 3908 3447 Zemaziel
3965 3392 4132 3446 Achir
4167 3390 4362 3444 Turcis
4400 3390 4627 3447 dicitur,

3055 3485 3581 3553 Constantinopolim
3598 3498 3850 3537 reversus
3867 3491 3969 3547 est,
3985 3498 4127 3535 anno
4138 3483 4247 3535 9M
4264 3482 4416 3547 (Chr.
4442 3481 4630 3543 1538).

3126 3578 3260 3630 Cmu
3312 3576 3434 3629 istic
3471 3574 3786 3643 aliquandiu
3824 3574 4093 3634 laesisset.
4125 3575 4293 3626 armis
4336 3574 4391 3623 in
4431 3573 4636 3625 aloida-

3056 3684 3185 3723 vum
3221 3668 3510 3737 expeditis,
3554 3666 3840 3719 undecimo
3882 3666 3969 3718 die
4005 3665 4211 3718 mensis
4251 3664 4457 3718 Seferis
4489 3664 4634 3717 Cou-

3059 3762 3409 3830 smntinopoli
3440 3774 3716 3830 egressus,
3745 3757 4067 3811 Moldaviam
4094 3774 4287 3812 versus
4319 3758 4631 3812 contendit.

3060 3854 3158 3910 Ubi
3187 3854 3250 3907 ad
3279 3851 3619 3921 oppidulum,
3663 3851 3809 3919 quod
3845 3851 4150 3903 lshacluam
4182 3859 4403 3912 vocant,
4439 3864 4637 3918 perve-

3068 3947 3259 4011 nisset,
3299 3945 3624 3999 transmisso
3678 3943 3943 4006 Danubio,
3973 3941 4291 3995 Moldaviam
4352 3942 4639 4007 ingressus

3060 4047 3164 4092 est.
3192 4039 3267 4092 lbi
3306 4048 3418 4091 tum
3443 4036 3564 4107 fuga
3594 4036 3695 4091 sibi
3728 4036 4020 4091 consulere
4055 4035 4288 4089 Vaivoda
4327 4034 4634 4096 Moldavus.

3063 4145 3162 4184 nec
3192 4144 3422 4196 usquam
3466 4130 3518 4182 in
3555 4139 3802 4197 apertum
3849 4127 4067 4197 prodire
4099 4144 4114 4181 :
4150 4126 4343 4180 incola:
4376 4142 4513 4180 vero
4551 4143 4637 4179 re-

3062 4222 3236 4290 gionis
3268 4223 3483 4295 sultano
3532 4237 3590 4276 se
3645 4220 3871 4285 dedere,
3912 4220 4004 4289 qui
4040 4219 4242 4273 limites
4298 4219 4520 4289 imperii
4555 4220 4635 4274 sui

3063 4315 3128 4369 ad
3162 4328 3376 4367 amnem
3409 4327 3581 4381 usque
3608 4312 3857 4365 Berutem
3892 4311 4198 4379 prolatavit.

3134 4408 3262 4459 Erat
3298 4407 3349 4458 in
3384 4406 3608 4458 adversa
3638 4404 3750 4471 ripa
3792 4403 4061 4471 quoddam
4099 4400 4448 4468 oppidulum,
4486 4401 4633 4469 quod

3068 4494 3319 4565 Sangiaci
3350 4493 3630 4547 domicilio
3656 4493 3789 4546 satis
3815 4500 3961 4545 esset
3984 4491 4259 4543 idoneum.
4285 4490 4636 4558 Quapmpter

3065 4600 3128 4640 eo
3158 4586 3275 4638 loco
3311 4584 3639 4653 Sangiacum
3679 4582 3991 4634 constituit.
4023 4579 4371 4648 Sequebatur
4399 4579 4453 4631 id
4494 4588 4633 4633 tem—

1396 4665 1923 4733 ConstantinOpolim
1963 4664 2240 4734 profectus
2267 4674 2370 4729 est,
2397 4680 2742 4734 quacumque
2775 4666 2963 4718 tende-
2996 4690 3045 4749 ι)
3078 4675 3228 4746 poris
3259 4677 3318 4728 Ρ(

2712 4680 2742 4719 θ
2775 4666 2963 4718 lende‘
2996 4690 3045 4749 ι)
3078 4675 3228 4746 poris
3259 4677 3478 4728 Portam
3505 4672 3706 4728 sultani
3734 4670 4059 4725 Soleimanis
4110 4670 4331 4738 quidam
4372 4681 4541 4723 natus
4574 4685 4633 4722 ex

1401 4766 1505 4820 ret,
1537 4758 1804 4810 damnum
1832 4756 2161 4811 Christianis
2191 4755 2457 4811 inferens.
2488 4756 2819 4810 Acciderunt
2854 4755 2969 4810 haec

1396 4861 1543 4900 anno
1564 4846 1672 4901 943
1694 4844 1843 4913 (Chr.
1871 4845 2051 4913 £537).

1470 4936 1691 4990 Solebat
1719 4939 1822 4990 hoc
1856 4944 2100 5005 tempore
2130 4935 2605 5004 Constantinopoli
2628 4933 2966 4989 Soleimanes

1402 5029 1719 5098 plerumque
1743 5028 1957 5097 degere.
1994 5026 2193 5099 Verum
2225 5028 2325 5080 ista
2352 5042 2474 5081 cum
2502 5029 2806 5103 evenirent,
2828 5025 2967 5080 forte

1402 5123 1729 5189 migraverat
1758 5102 2231 5189 Hadrianopolim,
2254 5129 2307 5174 ut
2331 5121 2454 5173 istic
2488 5102 2823 5172 hibernaret.
2850 5118 2963 5173 Sub

1403 5214 1608 5266 :esratis
1647 5212 1863 5265 initium
1890 5226 2145 5266 reversus
2170 5211 2727 5280 Constantinopolim,
2762 5212 2827 5264 ad
2856 5210 2967 5265 bel-

1408 5307 1519 5357 lum
1572 5317 1630 5357 se
1664 5302 1825 5374 347
1862 5303 2093 5371 paravit,
2124 5313 2177 5355 et
2206 5301 2590 5356 Chairadiucm
2650 5302 2970 5373 Lutsimque

1404 5397 1592 5449 bassas
1623 5409 1816 5462 magna
1869 5410 1990 5448 cum
2039 5394 2214 5447 classe
2248 5394 2477 5459 dimisit,
2524 5394 2616 5462 qui
2677 5394 2811 5447 niari
2854 5408 2965 5447 rem

1403 5496 1696 5557 gererent:
1748 5487 1865 5555 ipse
1920 5487 2390 5556 ConstantinOpoli
2430 5463 2752 5557 digressus,
2802 5488 2967 5541 Alba~

1407 5580 1553 5632 niam
1584 5580 1755 5649 petiit.
1781 5579 2073 5632 Avelonam
2098 5594 2220 5632 cum
2248 5582 2600 5648 pervenisset,
2625 5582 2785 5633 etiam
2810 5580 2969 5634 Chai-

1410 5673 1627 5723 radines
1648 5678 1701 5722 et
1732 5668 1912 5724 Lutsis
1941 5670 2129 5724 eodem
2161 5684 2282 5722 cum
2308 5672 2482 5725 classe
2514 5671 2842 5733 triremium,
2865 5686 2967 5724 czc-

1406 5766 1648 5828 terisque
1700 5777 1823 5815 cum
1863 5762 2119 5831 navigiis,
2152 5763 2496 5832 appulerunt.
2535 5762 2875 5817 Soleimanes
2912 5763 2964 5816 in

1403 5856 1517 5907 loca
1552 5864 1836 5907 montuosa
1864 5853 2165 5922 profectus,
2188 5854 2382 5907 ibidem
2407 5868 2530 5906 cum
2568 5854 2743 5907 Porta:
2777 5852 2963 5905 militi-

1405 5950 1507 6003 bus
1536 5957 1584 6001 ct
1647 5952 1901 6000 comitatu
1951 5947 2147 5999 castris
2212 5948 2391 5999 locum
2446 5945 2631 6013 cepit:
2696 5945 2962 6014 reliquum

3075 4767 3281 4821 familia
3314 4765 3684 4821 Vaivodarum
3714 4763 4014 4822 Moldaviae.
4047 4763 4131 4816 cui
4167 4771 4219 4816 et
4242 4776 4480 4815 annome
4512 4778 4644 4831 pric-

3070 4858 3355 4911 bebantur.
3396 4854 3550 4909 Hunc
3602 4854 3944 4910 Soleimanes
4001 4852 4282 4908 Moldaviaa
4340 4851 4641 4905 \‘aivodam

3067 4947 3329 5018 praefecit.
3358 4945 3509 5012 Quod
3547 4947 3693 5015 prior
3724 4946 3813 4998 ille
3848 4946 4088 4999 Vaivoda
4143 4959 4265 4998 cum
4298 4945 4644 5005 rescivisset,

3069 5047 3281 5107 portam
3310 5044 3697 5105 praepotentem
3728 5035 3956 5102 ipsemet
3985 5032 4137 5096 adiit,
4176 5042 4229 5085 et
4265 5048 4292 5085 a
4321 5031 4646 5085 Soleimaae

3071 5129 3341 5197 postulata
3385 5128 3780 5196 impetrataque
3809 5125 4004 5194 gratia,
4060 5124 4347 5178 restitutus
4394 5125 4451 5177 in
4512 5126 4643 5178 inte-

3069 5238 3223 5291 grum
3259 5219 3383 5276 fuit.
3438 5215 3773 5273 Soleimanes
3808 5232 3837 5270 e
3880 5215 4145 5268 Moldavia
4202 5225 4515 5279 revertens,
4546 5214 4649 5267 Ila—

3070 5313 3431 5381 drianopolim
3467 5326 3525 5365 se
3577 5309 3849 5362 contulit:
3908 5308 3998 5360 ubi
4050 5315 4241 5361 exacta
4282 5306 4493 5371 hieme,
4546 5314 4649 5361 διιί

3070 5405 3212 5459 veris
3245 5404 3457 5457 initium
3506 5398 4041 5465 Constantinopolim
4094 5394 4251 5461 abiit,
4285 5406 4342 5450 ct
4378 5398 4556 5466 quieti
4589 5415 4651 5451 sc

3070 5498 3235 5560 dedit,
3286 5511 3428 5549 anno
3457 5495 3561 5551 945
3597 5493 3747 5562 (Chr.
3780 5491 3959 5555 l539).

3146 5584 3454 5639 Secundum
3511 5581 3598 5634 illa
3653 5582 3830 5633 denuo
3854 5594 3977 5632 cum
4035 5576 4211 5630 classe
4253 5576 4648 5631 Chairadinem

3071 5674 3206 5729 mari
3238 5672 3526 5741 ablegavit.
3568 5670 3617 5724 ls
3648 5678 3827 5723 autem
3857 5668 4071 5737 egregie
4100 5669 4434 5733 instructus,
4465 5680 4524 5723 ut
4556 5671 4651 5722 Ιιιι-

3071 5773 3205 5818 stem
3236 5778 3418 5828 suum,
3480 5763 3751 5816 Andream
3814 5758 4050 5823 Doriam,
4076 5769 4350 5825 quareret
4387 5777 4401 5813 :
4440 5762 4651 5827 absque

3073 5856 3183 5908 ullo
3216 5854 3596 5923 impedimento
3622 5852 3919 5921 penetravit
3946 5851 3996 5902 in
4031 5849 4263 5912 Italiam,
4299 5851 4491 5919 ibique
4522 5868 4655 5903 nou-

3073 5948 3216 6001 uulla
3249 5963 3370 6000 cum
3430 5947 3560 6001 vicis
3593 5943 3845 6014 oppidula
3893 5941 4277 6009 depopulatus,
4316 5946 4488 5996 etiam
4533 5959 4654 5996 mu-
