4866 6594
154 332 250 398 ὓϋ

1412 332 1759 399 ANNALES
1784 332 2114 394 TUHCICi.

3302 327 3405 392 646

153 460 282 498 nera
312 445 611 514 niajoribua
636 463 664 502 a
694 447 1006 504 civitatibus
1032 447 1267 518 accepit.
1300 446 1434 501 Cum
1475 449 1565 501 diu
1602 449 1726 502 hinc
1758 447 1803 503 Α
1905 442 2214 496 Secundum
2267 443 2378 494 ha=c
2416 453 2630 493 rursnm
2667 454 2860 510 magna
2899 455 3022 492 cum
3068 441 3240 496 classe
3274 445 3406 496 mis-

152 537 276 591 inde
311 538 642 604 oberrasset,
669 542 949 611 inopinato
965 541 1235 595 Andream
1261 541 1476 594 Doriam
1503 540 1723 609 reperit,

150 637 205 682 et
254 642 482 685 strenue
527 648 649 686 cum
682 649 745 688 eo
789 633 1111 704 conﬂigens.
1136 648 1301 686 naves
1349 632 1572 685 hostiles
1626 632 1726 684 ali-

149 732 279 787 qum
333 724 650 783 submersit.
713 735 766 778 et
811 727 1058 779 triremes
1127 726 1336 792 aliquot
1371 724 1528 790 cepit.
1567 722 1726 774 Doria

148 814 368 866 tandem
415 816 556 868 ho~ti
599 831 656 869 se
697 819 960 885 imparem
996 815 1459 877 animadverteris,
1488 831 1611 868 cum
1641 830 1714 868 ne-

148 905 334 973 liqniis
366 923 480 959 suae
510 907 708 960 (lassis
741 907 972 978 aufugit.
1007 908 1070 960 Et
1094 909 1217 976 quia
1246 919 1374 960 tunc
1407 908 1578 959 hiems
1625 908 1726 958 imo

146 995 408 1061 ininebat,
439 999 608 1051 versis
634 997 987 1054 Chairadines
1031 999 1164 1052 velis
1195 999 1726 1068 Constantinopolim

143 1088 326 1150 rediit,
357 1105 502 1142 anno
525 1090 628 1144 945
655 1091 805 1161 (Cur.
847 1093 1025 1161 1559).

218 1181 312 1234 Die
340 1181 514 1246 lovis,
575 1186 668 1252 qui
708 1186 954 1239 decimus
1009 1187 1230 1254 quintus
1287 1185 1490 1238 mensis
1526 1182 1732 1238 Seferis

143 1283 286 1333 erat.
325 1275 425 1328 sub
492 1292 797 1345 vesperam,
861 1281 1172 1333 incendium
1229 1278 1725 1347 Constantinopoli,

143 1379 252 1416 non
283 1368 466 1432 procul
509 1370 578 1420 ab
625 1368 842 1422 illorum
902 1387 1144 1434 carcere,
1186 1372 1276 1439 qui
1319 1371 1609 1424 criminum
1652 1371 1726 1424 rei

145 1457 561 1521 custodiuntur,
588 1461 642 1512 in
680 1475 866 1514 eorum
903 1462 1143 1516 tabernis
1166 1474 1416 1516 exortum
1453 1463 1554 1516 fuit
1585 1482 1598 1526 ;
1633 1464 1724 1532 qui

147 1547 347 1611 picem,
375 1551 629 1612 resinam,
666 1552 981 1619 axungiam,
1011 1554 1253 1622 aliasque
1293 1571 1377 1606 res
1411 1554 1546 1608 tales
1596 1570 1729 1605 ven-

144 1648 306 1691 dunt.
337 1640 433 1692 llic
476 1642 615 1710 ignis
650 1660 712 1695 ex
750 1645 999 1698 iudicatis
1030 1645 1266 1698 tabernis
1309 1647 1362 1698 in
1395 1647 1566 1714 ipsam
1613 1655 1727 1698 tur-

147 1731 272 1793 rim,
312 1733 425 1785 sive
463 1749 735 1787 carcerem
785 1737 1129 1802 prmdit‘llltti,
1175 1738 1350 1789 evasit
1390 1753 1402 1790 :
1444 1738 1535 1804 qui
1571 1738 1726 1790 clau-

144 1841 240 1878 sus
265 1840 390 1878 cum
424 1838 588 1891 esset,
639 1828 888 1882 homines
931 1831 982 1881 in
1017 1845 1080 1881 eo
1111 1830 1435 1897 septingenti
1493 1829 1725 1884 ﬂammis
1761 1807 1800 1860 Β

145 1920 332 1971 exusti
383 1919 680 1988 perierunt.
739 1920 812 1974 Ex
855 1937 919 1975 eo
951 1922 1067 1974 loco
1109 1923 1390 1975 dilatatum
1429 1924 1480 1976 iu
1537 1924 1725 1976 urbem

150 2012 488 2078 incendium,
533 2031 562 2067 a
606 2015 811 2070 dextris
837 2028 888 2070 et
915 2015 1156 2071 sinistris
1190 2018 1372 2087 vagari
1428 2015 1590 2085 cepit.
1645 2016 1726 2070 Ad

149 2105 574 2172 publicanorum
621 2123 894 2162 carcerem
943 2124 1065 2162 cum
1137 2109 1493 2176 pervenisset,
1541 2117 1727 2177 aperto

147 2198 391 2252 carceris
420 2201 580 2266 ostio,
627 2199 838 2253 dimissi
886 2200 1035 2254 fuere
1088 2201 1379 2268 publicani.
1414 2200 1531 2265 Quo
1556 2200 1721 2265 facto,

149 2288 321 2341 turris
355 2290 490 2356 ipsa,
513 2290 625 2342 sive
655 2305 870 2351 carcer,
906 2291 1088 2343 itidem
1124 2289 1502 2358 conﬂagravit.
1538 2291 1724 2345 Latius

149 2379 278 2432 inde
312 2381 530 2447 serpsit.
563 2396 735 2448 usque
768 2382 832 2432 ad
881 2391 1088 2449 portam
1126 2385 1298 2447 urbis,
1331 2397 1493 2452 quam
1523 2381 1725 2452 Ligna-

146 2474 288 2525 riatn
323 2484 539 2535 vocant,
567 2473 653 2526 ubi
697 2476 937 2527 taberna:
968 2488 1093 2529 sunt
1127 2474 1405 2529 fabrorum
1468 2476 1724 2529 ferrario-

145 2580 296 2618 rum.
330 2564 397 2618 lis
427 2566 478 2616 in
517 2564 650 2617 locis
679 2567 862 2618 omnia
891 2566 1124 2621 ﬂammis
1155 2569 1441 2635 absumpta
1480 2567 1719 2622 fuerunt.

143 2654 283 2709 Inde
315 2671 374 2709 se
403 2657 667 2710 convertit
690 2658 779 2712 hic
819 2657 958 2725 ignis
1002 2659 1066 2711 ad
1099 2659 1244 2713 aedes
1271 2657 1417 2711 Baiis
1456 2658 1609 2729 Agar.
1630 2659 1722 2727 qui

145 2750 409 2802 tribunus
441 2750 569 2802 olim
626 2752 1010 2817 genizarorum
1055 2749 1252 2815 fuerat,
1311 2759 1532 2820 totaque
1578 2753 1726 2807 istac

147 2839 474 2908 deﬂagravit
504 2842 673 2906 regio.
712 2843 898 2896 Postea
939 2842 1178 2909 perrexit
1213 2841 1276 2895 ad
1308 2843 1600 2897 Caravanaa
1639 2859 1724 2897 sa-

142 2932 354 2994 raiuni,
383 2933 525 2986 unde
550 2934 801 2987 tabernas
833 2949 1018 2986 eorum
1057 2934 1275 2993 invasit,
1308 2934 1400 3001 qui
1432 2943 1589 2986 torno
1625 2950 1726 2987 can-

143 3019 289 3081 }ant,
327 3035 557 3087 quarum
582 3021 768 3074 ordine
793 3023 962 3075 series
989 3037 1180 3090 magna
1203 3023 1553 3088 conspicitur.
1590 3022 1727 3079 Hinc

143 3112 214 3164 ad
249 3126 371 3164 eam
427 3113 603 3180 erupit
651 3129 855 3179 arcam,
883 3130 1002 3183 qua:
1033 3113 1257 3168 Tachtal
1307 3114 1434 3169 Cala
1473 3116 1670 3169 dicitur
1707 3133 1720 3169 :

146 3205 300 3257 unde
335 3219 528 3259 rursus
555 3206 617 3258 ad
645 3205 827 3260 fabros
856 3208 1098 3270 mrarios,
1134 3207 1200 3260 ab
1230 3208 1316 3262 his
1352 3208 1415 3261 ad
1452 3209 1724 3263 vitriarios

143 3297 479 3366 penetravit,
532 3298 692 3351 etiam
758 3299 847 3352 illa
919 3301 1145 3367 regione
1194 3300 1446 3353 incendio
1490 3319 1725 3369 prorsus

142 3388 444 3451 exhausta,
465 3403 584 3456 qua:
609 3391 812 3457 pictum
842 3389 1092 3443 balneum
1117 3392 1306 3444 ambit.
1339 3391 1575 3462 Longius
1601 3393 1725 3446 inde

144 3499 526 3552 progressum,
567 3485 632 3537 ad
663 3484 975 3538 indecorum
1012 3487 1258 3556 pervenit
1313 3490 1476 3552 sedes,
1521 3490 1721 3543 ibidem

144 3576 397 3628 maximo
419 3591 540 3628 cum
566 3577 892 3630 detrimento
915 3588 1218 3646 grassatum
1245 3588 1549 3646 propterea,
1579 3583 1722 3648 quod

142 3667 446 3719 admodum
513 3667 617 3720 illae
665 3669 768 3721 sibi
819 3671 1085 3738 contiguae
1137 3671 1266 3723 sint.
1315 3670 1451 3724 Hinc
1521 3687 1722 3740 Sparsae

144 3758 379 3814 fuerunt
405 3758 632 3812 ﬂammae
667 3775 840 3828 usque
873 3761 938 3814 ad
981 3771 1189 3830 portam
1219 3762 1320 3815 fori
1351 3763 1515 3833 348
1545 3765 1722 3833 pisca-

142 3852 238 3915 rii,
304 3860 360 3904 et
407 3851 669 3920 quidquid
722 3851 1076 3906 ardiiiciorum
1119 3862 1237 3907 erat
1278 3854 1416 3907 inter
1464 3857 1626 3918 hanc,
1671 3869 1723 3910 et

138 3941 464 3995 Judamrum
498 3953 730 4011 portam,
757 3959 978 4012 prorsus
997 3944 1065 3996 ab
1092 3950 1213 4014 igne
1229 3946 1465 4000 deletum
1493 3948 1720 4002 fuit.'Ad

139 4047 448 4095 summam,
484 4034 868 4101 prepemodum
892 4035 1154 4088 universa:
1174 4033 1487 4090 Judaaorum
1516 4037 1721 4094 domus

138 4124 307 4178 fuere
357 4135 734 4180 concrematur.
805 4124 937 4180 Nam
992 4127 1179 4180 aestivo
1211 4137 1456 4197 tempore
1489 4131 1722 4199 contigit

137 4220 253 4272 hoc
291 4218 767 4281 inccndium,cum
809 4219 1000 4287 ingens
1037 4229 1181 4273 esset
1216 4219 1458 4274 siccitas.
1481 4222 1724 4276 Arbores

133 4311 312 4364 etiam
353 4308 549 4362 virides
576 4310 743 4364 instar
761 4309 1033 4378 sulphuris
1086 4325 1290 4364 arsere.
1319 4308 1513 4363 Nullus
1540 4313 1723 4365 incen-

130 4404 211 4457 dii
246 4402 616 4471 restinguendi
649 4403 846 4455 modus
883 4402 1115 4454 inveniri
1145 4413 1377 4470 poterat.
1430 4402 1574 4456 Nihil
1635 4420 1722 4457 ar-

1830 551 1924 589 sus
1972 534 2073 588 fuit
2103 533 2477 592 Chaira-Iines,
2500 545 2556 584 ut
2582 549 2759 591 arcem
2788 532 3018 595 Novam,
3041 549 3204 602 quam
3239 535 3399 586 Chrio

1828 627 1989 680 stiani
2048 634 2478 695 occupaverant,
2527 633 2872 691 recuperaret
2913 641 2925 677 :
2967 629 3404 693 imperatumque

1831 718 2109 787 Sangiacis
2134 719 2389 771 omnibus
2415 717 2530 784 ejus
2558 715 2869 785 provincias,
2909 728 2965 770 ut
3000 717 3269 770 universis
3289 718 3403 769 suis

1829 828 1950 865 cum
1987 811 2181 880 copiis,
2205 820 2258 864 et
2283 821 2548 880 apparatu
2593 810 2807 870 bellico,
2841 809 2906 861 ad
2947 824 3062 860 eam
3092 825 3147 862 se.
3184 810 3404 862 confer-

1831 905 2329 958 rentnbsidionem.
2373 900 2474 955 Ubi
2507 901 2697 956 classis
2736 901 3060 969 appulisset,
3113 917 3141 953 e
3173 902 3402 953 navibus

1833 995 1884 1047 in
1921 1005 2114 1047 terram
2155 995 2415 1064 expositae
2493 993 2644 1045 fuere
2681 993 2950 1045 machina:
3004 993 3395 1051 tormentariae.

1832 1085 2159 1154 propiusque
2185 1085 2404 1139 militari
2458 1101 2611 1137 more
2640 1085 2882 1138 deductae
2915 1085 2979 1138 ad
3014 1085 3216 1138 castelli
3276 1101 3398 1136 mll-

1832 1193 1944 1238 ros,
2000 1186 2052 1230 et
2081 1188 2186 1230 tarn
2242 1178 2329 1231 diu
2363 1178 2637 1246 displosze,
2677 1178 2852 1231 donec
2888 1180 3215 1231 nituniorum
3274 1194 3401 1246 pars

1833 1271 2053 1338 disjecta
2081 1279 2380 1336 corrueret,
2415 1287 2476 1324 ac
2507 1287 2600 1338 per
2632 1271 2778 1340 ipsas
2804 1271 2991 1323 ruinas
3034 1271 3188 1324 miles
3212 1271 3276 1322 ad
3306 1286 3401 1322 ex~

1831 1369 2174 1431 pugnandam
2218 1379 2398 1417 arcent
2423 1364 2830 1418 immitteretur.
2866 1363 3033 1416 Erant
3063 1362 3398 1431 inpraesidio

1833 1454 2040 1507 rastelli
2079 1455 2276 1507 milites
2306 1452 2597 1506 Christiani
2626 1455 2847 1508 virtutis
2903 1455 3138 1516 eximirc,
3166 1454 3255 1521 qui
3289 1463 3396 1504 tam

1832 1546 2044 1599 fortiter
2075 1547 2210 1600 hosti
2244 1546 2586 1610 resistebant,
2632 1556 2694 1600 ut
2743 1547 2809 1599 ab
2842 1558 3067 1613 utraque
3095 1556 3246 1614 parte
3277 1548 3398 1614 pln-

1831 1638 1953 1690 rimi
1982 1641 2252 1691 caderent.
2288 1639 2365 1689 Ad
2397 1647 2699 1691 extremum
2749 1648 2928 1690 tamen
2969 1639 3276 1690 animorum
3305 1654 3398 1690 ar-

1834 1728 1964 1780 dore
2009 1730 2251 1790 remisso,
2277 1728 2677 1783 succubuerunt
2713 1748 2725 1794 ;
2763 1738 2816 1782 et
2852 1729 3051 1783 occisis
3109 1746 3398 1798 propemo-

1831 1819 1956 1870 dum
2033 1819 2323 1876 uniicrsis.
2396 1821 2680 1890 captisque
2755 1823 3158 1889 superstitibus,
3228 1823 3398 1875 evasit

1831 1925 2009 1964 nemo.
2047 1909 2193 1964 Nova
2222 1921 2455 1980 recepta,
2483 1912 2746 1981 quidquid
2793 1922 2908 1965 erat
2948 1914 3088 1965 inter
3146 1915 3396 1980 captivos

1829 2003 2002 2055 aetatis
2031 2015 2252 2070 vegetas.
2282 2005 2591 2056 damnatum
2645 2004 2745 2058 fuit
2774 2005 2838 2057 ad
2895 2006 3170 2057 triremes.
3206 2005 3393 2060 Itidem

1829 2104 2039 2164 reperta
2070 2094 2121 2148 in
2157 2110 2281 2149 arce
2335 2095 2607 2163 mancipia
2649 2095 2902 2160 Turcica,
2959 2097 3231 2149 vindicata
3270 2107 3396 2151 sunt

1828 2189 1881 2243 in
1912 2189 2238 2243 libertatem.
2272 2190 2367 2244 liis
2413 2190 2576 2245 rebus
2614 2191 2802 2260 gestis,
2834 2203 2885 2244 et
2913 2194 3056 2246 arcis
3094 2194 3390 2254 mmnilms,

1827 2295 1931 2348 qua
1960 2280 2138 2334 diruta
2165 2281 2400 2343 fuerant,
2430 2282 2646 2336 refectis
2666 2327 2679 2347 ,
2709 2283 3068 2339 Chairadines
3099 2287 3246 2338 illinc
3269 2302 3390 2340 cum

1827 2373 2000 2427 classe
2032 2375 2324 2446 digressus,
2357 2375 2562 2445 aliquot
2606 2379 2818 2445 navigia
2871 2379 3144 2433 mercibus
3195 2391 3391 2434 onusta

1825 2465 2150 2521 Christianis
2197 2468 2421 2528 ademit.
2479 2477 2531 2521 et
2588 2469 2861 2537 oppidulis
2901 2471 3224 2538 quibusdam
3283 2491 3395 2526 ma-

1827 2561 2025 2614 ritimis
2062 2559 2296 2613 ﬂammis
2338 2577 2401 2614 ac
2430 2561 2576 2613 ferro
2610 2562 2835 2625 coaetis,
2883 2563 3392 2619 utincoluntitatent

1828 2667 1980 2706 suam
2003 2653 2226 2721 pecunia
2258 2654 2603 2717 redimerem,
2645 2654 3175 2724 Constantinopolim
3211 2658 3393 2722 rediit,

1827 2757 1970 2796 anno
1996 2745 2097 2798 916
2127 2746 2278 2813 (Chr.
2318 2747 2496 2816 1540).

1900 2834 2156 2913 Sullanps
2189 2846 2366 2890 autem
2416 2838 2758 2894 Soleimanes
2791 2841 2878 2894 die
2919 2845 3159 2896 secundo
3192 2847 3397 2902 mensis

1830 2925 2129 2984 Schabanis
2162 2929 2630 3001 Constantinopoli
2668 2935 2967 3001 profectus,
3024 2936 3398 3008 Hadrianopo-

1827 3018 1921 3072 lim
1955 3023 2202 3088 accessit,
2244 3034 2296 3076 et
2343 3025 2538 3077 ibiiem
2599 3027 2884 3081 hibernum
2920 3039 3133 3099 tempus
3167 3035 3346 3099 exegit
3383 3048 3397 3086 :

1827 3126 1936 3180 quo
1953 3112 2201 3175 durante,
2222 3123 2466 3167 exortum
2493 3116 2798 3170 incendium
2829 3117 2879 3179 in
2904 3121 3084 3172 saraio
3111 3136 3270 3184 novo,
3290 3137 3400 3190 quo

1831 3204 2102 3257 conclusa:
2131 3205 2329 3258 sultani
2359 3222 2575 3269 uxores,
2599 3207 2776 3269 liberi.
2808 3210 2998 3276 puella:
3033 3211 3270 3278 virgines
3303 3214 3398 3267 ha-

1829 3294 1998 3348 bitare
2026 3298 2220 3359 solent,
2259 3307 2428 3350 totum
2485 3299 2614 3351 illud
2674 3289 2965 3354 a2diiicium
3028 3319 3150 3356 cum
3214 3308 3396 3375 magni

1828 3389 1984 3454 pretii
2021 3389 2182 3442 rebus
2249 3390 2480 3444 exussit.
2533 3390 2746 3446 Rursus
2789 3399 2966 3446 tamen
3007 3395 3147 3449 haud
3200 3414 3398 3467 magno

1829 3480 2089 3546 temporis
2112 3481 2292 3547 spatio
2325 3481 2666 3547 splendidius
2691 3493 2774 3536 est
2809 3486 3199 3550 instauratum,
3232 3504 3396 3556 quam

1829 3569 2006 3624 fuerat
2054 3573 2222 3637 prius.
2278 3572 2403 3625 Inde
2467 3575 2807 3630 Soleimanes
2870 3577 3400 3648 Constantiimpolim

1825 3663 1910 3716 die.
1940 3669 2168 3729 septimo
2206 3666 2408 3730 meqsis
2439 3667 2690 3721 Silchizis
2738 3684 3015 3734 reversus,
3075 3673 3282 3726 ibidem
3329 3675 3394 3728 ad

1825 3756 2040 3824 aliquod
2085 3766 2296 3825 tempus
2330 3759 2505 3823 haasil,
2553 3776 2696 3813 anno
2724 3762 2826 3816 947
2864 3763 3014 3829 (Chr.
3056 3765 3234 3831 1541).

1896 3847 2260 3916 Exposuimns
2314 3867 2475 3918 supra
2541 3854 2908 3909 Soleiutanem
2965 3861 3247 3926 complura
3304 3877 3399 3930 per

1826 3939 2115 4008 Ungariam
2148 3944 2370 4010 Oppida,
2406 3961 2529 3997 cum
2571 3947 2684 4012 ipsa
2734 3951 2883 4015 regni
2934 3954 3217 4017 metropoli
3255 3953 3400 4006 Buda

1824 4031 2074 4099 cepisse:
2104 4043 2422 4102 motumque
2452 4037 2714 4106 singuiari
2772 4041 3004 4108 quadam
3057 4045 3250 4111 gratia,
3296 4045 3400 4097 Ba-

1829 4137 1958 4174 num
1995 4121 2194 4175 Erdelii
2222 4138 2437 4177 creaSse
2489 4141 2660 4192 regem
2724 4125 2973 4196 Ungarite
3004 4145 3020 4183 :
3050 4145 3170 4183 cum
3203 4133 3267 4184 ad
3304 4133 3402 4184 ali-

1826 4225 1958 4282 quot
1991 4230 2162 4268 annos
2198 4215 2284 4267 ille
2315 4230 2482 4283 regno
2512 4217 2665 4284 plena
2694 4234 2818 4270 cum
2852 4229 3120 4287 potestate
3154 4223 3405 4290 prazfuis-

1826 4315 1926 4370 set,
1958 4306 2126 4359 lilium
2158 4307 2396 4362 moriens
2431 4309 2649 4377 reliquit
2678 4310 2971 4373 luet-edem,
3009 4313 3100 4379 qui
3136 4329 3228 4379 per
3276 4323 3404 4368 arta-

1828 4412 1932 4456 tem
1969 4404 2418 4458 administranda:
2462 4405 2779 4473 reipublicae
2817 4421 2922 4458 non
2968 4416 3083 4460 erat
3130 4408 3399 4462 idoneus:

131 4493 352 4547 borum
370 4502 696 4545 resectaruin
716 4490 1114 4559 dejectio,nihi|
1134 4507 1273 4558 aqua
1293 4492 1539 4560 juvabat.
1566 4491 1719 4548 Unde
1748 4498 1800 4557 D
1827 4511 1996 4564 eaque
2027 4497 2092 4550 de
2123 4511 2284 4550 causa
2336 4484 2509 4550 mater
2539 4499 2694 4565 pueri
2752 4499 3210 4566 gubernationem
3245 4501 3311 4552 ad
3345 4516 3404 4555 se

129 4587 378 4647 factum,
425 4592 480 4635 ut
511 4593 623 4635 tota
651 4593 808 4636 nocte
833 4585 1076 4636 duraret.
1110 4583 1282 4635 Erant
1310 4584 1586 4636 distributi
1624 4600 1720 4653 per

125 4691 340 4730 omnes
374 4675 522 4727 urbis
562 4674 812 4743 regiones
867 4673 1133 4742 genizari,
1185 4674 1277 4741 qui
1337 4672 1586 4727 ﬂammas
1618 4690 1718 4729 ex-

124 4770 488 4831 stinguerent
527 4781 541 4818 :
579 4763 673 4819 sed
707 4765 981 4818 incassum
1003 4764 1340 4818 laborabant.
1382 4765 1593 4818 Etenim
1625 4781 1722 4836 po-

122 4861 338 4916 stridie
370 4859 514 4913 illius
537 4859 662 4918 diei.
683 4874 711 4911 a
741 4860 916 4926 primo
946 4859 1187 4912 diluculo
1232 4875 1403 4927 usque
1434 4859 1500 4913 ad
1531 4875 1720 4928 vespe-

121 4969 286 5015 ram,
315 4951 392 5004 ita
422 4951 809 5013 desaevierunt,
841 4959 896 5002 ut
925 4952 1090 5003 etiam
1130 4952 1351 5003 maximi
1386 4951 1542 5019 pretii
1579 4967 1721 5003 mer-

119 5061 228 5099 ces
267 5052 363 5097 aut
392 5042 836 5106 absumerentur,
862 5050 956 5095 aut
984 5041 1383 5108 direptionibus
1409 5052 1595 5096 essent
1621 5058 1718 5096 ex-

120 5134 364 5204 positae.
397 5131 603 5202 Quippe
622 5135 818 5202 quibus
851 5132 902 5186 in
933 5133 1067 5187 locis
1099 5133 1248 5187 urbis
1275 5147 1581 5201 grassatum
1619 5137 1720 5190 fuit

120 5225 491 5288 incendium,
539 5225 592 5279 in
631 5226 698 5280 iis
739 5226 931 5294 majori
970 5241 1031 5280 ex
1058 5235 1210 5294 parte
1241 5236 1627 5294 mercatorum,
1669 5240 1721 5284 et

117 5320 384 5372 aliorum
429 5315 665 5369 tabernae
697 5316 1043 5369 consistunt:
1091 5317 1318 5385 ideoque
1375 5321 1554 5386 potior
1595 5337 1721 5389 pars

115 5410 298 5466 urbis
328 5408 384 5459 in
418 5407 630 5461 cineres
651 5407 804 5472 abiit,
843 5423 964 5462 cum
999 5409 1138 5462 idem
1167 5410 1437 5464 accideret
1463 5413 1719 5468 omnibus

111 5500 413 5565 aediliciis,
467 5513 585 5568 quae
617 5508 767 5553 extra
814 5515 1000 5556 muros
1050 5501 1202 5556 urbis
1236 5517 1263 5554 a
1327 5503 1444 5555 foro
1479 5505 1719 5571 piseario

110 5598 239 5650 sita
283 5592 496 5647 suntin
551 5591 728 5645 littore
776 5593 967 5647 maris.
1004 5593 1205 5647 Eodem
1263 5604 1505 5662 tempore
1549 5597 1717 5664 pestis

110 5691 308 5743 etiam
352 5685 408 5737 in
453 5683 586 5738 urbe
615 5685 990 5754 grassabatur,
1033 5695 1327 5753 utrumque
1360 5687 1451 5741 Dei
1484 5689 1716 5758 contigit

111 5787 298 5842 nutu,
325 5789 475 5830 anno
499 5772 603 5831 946
633 5773 783 5839 (Chr.
832 5774 1011 5846 1540).

1833 4590 2135 4643 transtulit.
2171 4589 2284 4643 Hoc
2317 4590 2646 4658 permoleste
2681 4589 2882 4655 ferens,
2919 4591 3140 4659 quidam
3166 4607 3229 4645 ex
3280 4608 3403 4661 pro-

1831 4685 2045 4739 ceribus
2075 4683 2335 4751 Ungaris,
2366 4683 2557 4738 Petrus
2585 4683 2867 4749 Perenins,
2889 4687 3005 4740 suis
3028 4686 3094 4739 ad
3121 4700 3238 4740 eam
3269 4690 3404 4740 mis-

1831 4776 1907 4830 sis
1949 4775 2278 4834 hominibus.
2315 4775 2428 4827 haec
2460 4773 2758 4844 significari
2808 4775 3013 4844 jussit:
3068 4791 3188 4830 esse
3229 4777 3400 4846 ipsam

1831 4863 2048 4918 feminei
2100 4877 2284 4928 sexus,
2317 4871 2372 4915 et
2404 4862 2669 4916 institutis
2720 4865 2990 4932 majorum
3020 4866 3250 4919 minime
3283 4883 3402 4935 per-

1831 4955 1991 5018 mitti,
2025 4963 2078 5006 ut
2115 4953 2167 5007 in
2197 4950 2433 5022 Ungaria
2469 4955 2662 5007 mulier
2688 4955 2834 5024 regia
2859 4970 2981 5009 cum
3017 4967 3285 5025 potestate
3305 4961 3396 5011 sit.

1830 5047 2193 5112 Quamobrem
2228 5047 2579 5115 metropolim
2618 5047 2769 5116 regni
2803 5048 3011 5110 Budam
3047 5049 3270 5103 Perenio
3302 5051 3399 5104 de-

1831 5143 2000 5196 deret.
2035 5140 2148 5195 Nisi
2178 5140 2400 5205 faceret,
2434 5151 2725 5196 venturum
2757 5158 2881 5195 cum
2920 5145 3186 5207 exercitu,
3217 5154 3271 5198 et
3305 5162 3398 5198 ur-

1832 5235 1952 5288 bem
1989 5233 2037 5286 vi
2069 5243 2490 5302 occupaturum.
2540 5233 2727 5286 Mulier
2759 5235 2950 5300 legatis
2983 5238 3281 5303 rcSpondit,
3313 5254 3403 5289 nr-

1830 5328 1950 5380 beni
1979 5325 2183 5378 Budaui
2219 5340 2324 5377 non
2351 5340 2506 5377 suam
2536 5339 2679 5386 esse,
2703 5325 2794 5378 sed
2821 5327 3022 5379 sultaui
3049 5327 3358 5380 Osinanidm
3390 5347 3402 5381 :

1830 5432 1858 5469 a
1891 5432 2000 5484 quo
2027 5415 2071 5470 si
2111 5416 2373 5469 Pcrettius
2405 5429 2523 5467 eam
2583 5425 2872 5482 repeteret,
2945 5432 3008 5470 ac
3057 5417 3396 5485 impetraret,

1830 5511 2056 5562 omnino
2082 5522 2140 5559 se
2171 5507 2498 5560 deditionem
2551 5506 2840 5560 facturam.
2874 5506 2971 5560 Ubi
3011 5508 3276 5563 Pet-cuius
3309 5513 3406 5562 hoc

1834 5606 1900 5656 ab
1941 5618 2002 5654 en
2043 5616 2362 5668 responsum
2401 5600 2633 5661 tulisset,
2664 5618 2784 5652 eum
2818 5601 2976 5654 Βαλίε
3002 5612 3054 5652 et
3085 5605 3405 5670 proceribus

1832 5687 2043 5742 caeteris
2109 5688 2160 5740 in
2209 5688 2537 5754 colloquium
2596 5689 2840 5749 veniens.
2903 5705 3116 5743 summo
3153 5693 3405 5746 tit-decori

1835 5780 2103 5835 universis
2135 5781 2487 5834 dominatum
2537 5781 2686 5836 illum
2716 5785 3037 5839 muliebrem
3091 5802 3215 5839 esse
3246 5784 3403 5838 dixit.
