4866 6594
183 318 278 375 649

1266 303 1639 365 SUPPLEM.
1691 300 1947 359 ANNAL
2006 297 2319 357 TURCIC.

3310 282 3418 343 G50

187 432 353 500 (UpIIS
383 430 499 483 suis
536 429 765 490 coactis,
804 424 1003 493 insigni
1046 438 1170 477 eum
1224 430 1487 491 apparatu
1548 418 1633 471 die
1676 419 1740 471 19
1773 422 1814 478 Α
1849 415 2014 477 turni,
2047 424 2346 482 parumque
2379 406 2671 470 fructuosi,
2722 401 2920 458 hedere
2945 399 3130 468 cmpit.
3180 398 3418 468 Ideoque

180 523 374 575 mensis
416 520 639 583 Seferis,
660 533 804 572 anno
837 517 942 570 955
966 514 1118 585 (Chr.
1158 514 1340 579 I549),
1361 511 1751 566 Constantino-

182 612 278 679 poli
324 611 622 679 digressus,
668 609 721 661 in
767 605 1072 660 Anatolium
1129 602 1447 665 transmisit,
1498 611 1750 667 rectaque

179 702 448 755 Parthiam
481 698 856 754 versusdusit.
879 695 1071 751 Postea
1099 710 1260 766 quam
1292 696 1568 763 ingressus
1616 692 1747 746 fuis~

177 804 252 846 set
286 793 578 855 hosticum,
628 799 735 843 tam
768 802 973 850 arcem,
1015 801 1178 855 quam
1208 784 1483 839 civitatem
1512 780 1747 835 Wanum

181 885 422 937 Wastaui
454 882 687 938 obsedit.
720 879 921 934 Parum
951 878 1091 933 hosti
1137 878 1330 933 civitas
1365 878 1622 931 resistere
1648 889 1744 943 po-

175 978 295 1042 tuit,
326 978 562 1043 inquam
593 974 661 1028 ab
684 973 830 1026 omni
850 982 1001 1041 parte
1030 979 1237 1040 pateret
1262 969 1443 1024 aditus
1468 966 1593 1033 ;sed
1623 980 1749 1021 arce

179 1086 283 1121 non
314 1069 415 1120 nisi
446 1081 640 1133 magno
668 1066 854 1119 labore
879 1063 1214 1118 Soleimanes
1243 1061 1445 1131 potitus
1474 1068 1576 1121 est,
1604 1057 1746 1127 quod

177 1161 369 1212 idoneo
428 1160 804 1214 Parthicorum
876 1156 1112 1211 militum
1184 1151 1438 1224 praesidio
1498 1150 1750 1204 defende-

177 1262 348 1305 retur.
388 1249 489 1304 Ubi
520 1249 754 1304 Wanum
787 1264 966 1304 arcem
998 1246 1337 1301 Soleimanes
1364 1252 1746 1314 expugnasset,

175 1360 397 1411 Sparsus
428 1360 523 1413 per
551 1359 770 1397 omnem
797 1341 1071 1410 regionem
1099 1340 1254 1393 miles
1278 1337 1601 1395 sultanicus.
1627 1349 1746 1387 eam

177 1434 381 1503 rapinis
410 1444 463 1486 et
517 1433 661 1486 ferro
699 1433 950 1485 rastavit.
991 1429 1268 1497 Nusquam
1299 1426 1538 1481 Seacbus
1575 1425 1748 1479 'I‘erh-

176 1544 354 1579 mases
410 1527 655 1595 n-periri,
712 1539 978 1592 nusquam
1034 1522 1197 1592 350
1240 1519 1478 1587 conspici
1552 1518 1744 1585 potuit.

175 1635 445 1681 nusquam
474 1618 613 1670 hosti
640 1633 697 1670 sc
722 1616 1003 1685 opposuit.
1042 1617 1272 1667 Ercases
1300 1626 1431 1663 vero
1503 1611 1745 1663 laborem

175 1714 383 1764 nullum
416 1727 698 1773 reeuSans,
726 1711 855 1764 dum
889 1709 1012 1762 hinc
1050 1707 1175 1760 inde
1204 1722 1328 1759 cum
1353 1704 1467 1758 suis
1491 1715 1744 1754 excurre-

1854 507 2036 560 dolum
2058 503 2449 570 excogitantes,
2507 508 2566 553 ut
2592 496 2885 551 vindictam
2919 498 2987 546 de
3010 498 3235 545 auctore
3290 490 3416 544 belli

1855 597 2050 649 Ercasc
2078 603 2372 656 sumerent,
2425 590 2589 643 variis
2616 604 2740 641 eum
2770 583 3070 640 mendaciis
3116 581 3259 652 apud
3315 579 3417 633 So-

1854 689 2143 744 leimanem
2197 687 2434 740 delatum
2511 688 2833 735 onerarunt.
2896 675 3120 731 Summa
3175 670 3256 727 rei
3304 671 3418 725 haec

1852 792 1994 847 erat,
2020 779 2162 848 quod
2189 778 2426 845 leporem
2476 772 2884 838 dimittendum,
2915 781 3104 821 canem
3140 777 3271 818 vero
3330 776 3420 815 ca-

1856 872 2112 942 piendum
2145 866 2471 922 suadebant.
2493 861 2631 917 Cum
2660 861 2889 915 Ercases
2910 856 3100 909 Imirsa
3139 850 3419 921 conspira-

1854 966 2053 1017 tionem
2091 962 2331 1029 ipsorum
2371 953 2853 1015 animadverteret,
2898 956 3063 1017 atque
3106 944 3419 1011 etiampero

1853 1057 2086 1123 spieeret
2116 1067 2213 1104 eos
2262 1050 2382 1103 vitae
2410 1061 2521 1101 sua-
2562 1042 2835 1106 insidiari,
2856 1040 3212 1093 vehementer
3236 1037 3420 1089 animo

1854 1148 2229 1214 perturbatus,
2259 1143 2309 1195 in
2342 1134 2829 1205 arremcujusdam
2857 1129 3193 1187 Curtiistanii
3218 1126 3421 1197 princi-

1854 1241 1953 1307 pis,
1977 1252 2084 1307 prae
2119 1235 2410 1289 formidine
2429 1248 2486 1287 se
2510 1229 2731 1298 recepit;
2756 1225 2969 1281 tametsi
2988 1238 3055 1277 ne
3076 1222 3293 1292 quidem
3313 1220 3423 1274 illic

1852 1334 2031 1387 vitare
2087 1329 2453 1383 calamitatem
2524 1324 2902 1379 imminentem
2964 1318 3158 1387 potuit.
3208 1315 3423 1383 Quippe

1853 1423 2237 1478 Curdistanius
2261 1421 2352 1473 ille
2375 1418 2629 1487 princeps
2658 1413 2910 1467 Imirsam
2976 1418 3194 1479 raptum
3257 1404 3419 1458 fratri

1854 1513 2065 1571 Scacho
2089 1510 2383 1567 'I‘echmasi
2410 1508 2584 1572 misit,
2611 1505 2703 1574 qui
2727 1504 2984 1570 deinceps
3004 1514 3128 1555 eum
3157 1494 3423 1551 custodite

1853 1609 2219 1674 mzmcipatum
2255 1604 2309 1656 in
2343 1615 2566 1654 carcere
2609 1598 2861 1651 detinuit.
2908 1592 3191 1663 Expeditio
3249 1587 3424 1643 Solei-

1853 1699 2034 1752 manis
2071 1712 2274 1750 annum
2309 1692 2530 1747 duravit
2565 1692 2858 1759 integrum,
2882 1701 3011 1741 cum
3043 1697 3242 1737 novem
3272 1694 3422 1733 men-

176 1814 279 1864 ret,
339 1814 692 1869 quoscunque
757 1802 1043 1853 thesauros"
1105 1794 1329 1862 adipiSri
1384 1796 1574 1864 putuit,
1646 1790 1747 1843 So-
1780 1766 1819 1823 B
1853 1791 2026 1845 sibus.
2059 1790 2237 1854 Atque
2290 1786 2372 1838 his
2430 1784 2594 1837 rebus
2636 1780 2826 1851 gestis,
2883 1772 3420 1843 Constantinopolim

175 1895 394 1947 lcitnani
463 1896 630 1947 misit.
698 1893 936 1945 'I'andem
997 1902 1175 1945 tamen
1207 1886 1528 1942 Ostnanicos
1561 1901 1746 1953 proce-

173 2005 283 2048 res,
316 2000 379 2038 ac
404 1986 571 2039 duces
603 1986 890 2049 militares,
925 1997 1249 2051 magnopere
1289 1980 1414 2035 belli
1452 1990 1559 2032 tam
1616 1978 1747 2032 diu-

176 2176 1734 2206 κη’-ΜΔ

800 2202 1150 2214 ———————

180 2205 798 2224 ,ρῳ-

1857 1882 2195 1936 Soleimanes
2221 1877 2398 1947 primo
2428 1876 2513 1930 die
2544 1873 2748 1927 mensis
2802 1870 3076 1933 Silcbizis,
3125 1880 3269 1921 anno
3315 1863 3426 1919 Ma-

1858 1978 2152 2031 Immetano
2180 1970 2283 2025 956
2318 1968 2470 2037 (Chr.
2501 1966 2689 2037 1550),
2752 1977 3006 2020 reversus
3032 1968 3140 2016 est.

1966 2157 3373 2185 Μ

1156 2176 1734 2194 ____._____..
1754 2176 1942 2186 ...-
1966 2176 2806 2185 -τ--ρςρηᾐ

769 2362 2238 2550 351SUPPLEMEN
2251 2356 2717 2534 TUM

1432 2682 2181 2803 ANNALIUM

327 2934 482 3007 QUO
522 2936 667 2995 RES
706 2930 1060 2995 TURCIC/E
1082 2924 1712 2993 CONTINUANTUR,
1743 2922 1844 2982 AD
1884 2922 2161 2984 ANNUM
2198 2911 2813 2980 MAIIUMETANUM
2858 2904 3294 2972 DCCCCXCVI.

1060 3045 1193 3117 QUI
1231 3037 1753 3102 CHRISTIANUS
1785 3039 1924 3099 EST
1956 3038 2070 3096 C13
2096 3036 2167 3095 II)
2187 3032 2562 3096 LXXXVIII.

1165 3196 1270 3256 Ex
1301 3193 1569 3254 Joannis
1633 3188 1999 3252 Leunclavit'
2027 3187 2445 3249 Adoersariis.

243 3555 410 3606 Anno
436 3543 940 3602 Malmmetano956
968 3540 1121 3611 (Chr.
1152 3535 1307 3605 I550)
1338 3535 1560 3587 ineunte
1606 3542 1751 3591 vere,
1784 3541 1825 3598 ο
1860 3526 2152 3591 Aphricam
2202 3522 2392 3590 copiis,
2426 3518 2710 3588 Tripolim,
2736 3531 2916 3570 arcem
2943 3526 2995 3572 et
3042 3516 3301 3586 oppidum
3357 3514 3440 3567 di-

164 3646 445 3712 Dragutrs
470 3640 687 3704 Itaisus,
713 3639 886 3707 pirata
912 3634 1162 3696 celebris,
1199 3628 1454 3699 oppidum
1481 3621 1751 3677 Barbarie:

158 3740 280 3803 (sic
314 3734 607 3799 Aplnicam
636 3729 965 3782 maritimam
992 3722 1153 3777 hodie
1188 3734 1467 3779 vocamus,
1518 3712 1750 3782 appella-

153 3832 323 3882 tione
354 3822 615 3876 Romanis
639 3820 800 3874 etiam
828 3815 1068 3871 historiis
1114 3827 1219 3866 non
1252 3806 1458 3880 ignota)
1480 3804 1621 3876 quod
1645 3803 1750 3857 Ma-

155 3919 382 3973 Itadian
440 3913 609 3967 Mauri
663 3912 888 3975 dicunt,
940 3906 1236 3977 Aphricam
1287 3902 1482 3964 nostri,
1539 3911 1751 3953 veteres

148 4001 592 4073 Aphrodisium,
615 3998 841 4052 solerter
868 3995 1178 4063 ot-cupavit,
1207 4007 1269 4046 ac
1294 3990 1545 4061 praesidio
1573 3988 1751 4041 muni-

149 4099 274 4149 vit.
303 4095 425 4159 Quo
451 4091 689 4159 cognito,
717 4088 908 4142 Karuli
949 4087 1103 4154 Augu
1140 4084 1182 4137 ti
1214 4083 1406 4137 classis
1434 4084 1752 4150 imperator,

143 4188 427 4241 Andreas
452 4184 633 4246 Doria,
670 4190 880 4235 mature
903 4176 1205 4232 cavendum
1240 4184 1415 4238 ratus,
1446 4187 1511 4226 ne
1538 4172 1666 4241 quid
1688 4187 1751 4223 ex

139 4293 233 4333 eo
268 4277 396 4329 loco
422 4274 687 4328 barbarus
711 4270 1024 4325 detrimenti
1056 4266 1387 4336 reipublica,
1438 4278 1502 4317 ac
1527 4277 1753 4331 praeser-

138 4383 165 4426 ι
182 4372 272 4424 im
303 4365 675 4435 Neapolitanis
698 4371 754 4417 et
777 4361 1085 4431 Hispanicis
1119 4358 1392 4414 littoribus
1414 4356 1569 4410 daret
1594 4371 1607 4407 :
1629 4369 1752 4406 eum

130 4465 354 4518 classe
385 4458 663 4523 militeque
697 4453 973 4523 profectus
1000 4453 1053 4505 in
1108 4451 1427 4519 Apbricam,
1476 4446 1754 4501 Monaste-

133 4558 319 4609 riutn
348 4549 629 4617 oppidum,
654 4543 984 4615 Aphrodisio
1040 4542 1373 4611 proximum.
1434 4546 1705 4607 expugnat
1737 4555 1753 4603 ;

126 4643 332 4699 caesis
360 4656 428 4693 ex
462 4639 695 4692 hostium
717 4635 967 4705 praesidio
998 4632 1125 4697 300,
1144 4632 1393 4685 abductis
1444 4630 1580 4684 1200
1606 4645 1754 4682 man-

124 4734 358 4801 cipiis.
408 4730 537 4783 Inde
583 4725 890 4795 conjunctis
936 4739 1061 4778 cum
1116 4721 1462 4776 Ferdinando
1506 4720 1753 4788 Gonzaga

122 4842 272 4898 pro
308 4838 434 4891 rege
471 4820 669 4873 Siciliae
694 4817 885 4885 copiis,
913 4813 1302 4883 Aphrodisium
1329 4812 1543 4865 obsidet
1568 4828 1583 4863 :
1608 4811 1754 4881 quod

1872 3618 2042 3672 tionis
2092 3616 2338 3685 equitum
2393 3612 2779 3677 Melitensium,
2830 3626 3136 3679 eorumque
3188 3608 3439 3678 praesidio

1861 3713 2153 3774 munitam,
2186 3709 2472 3763 obsidione
2499 3714 2781 3760 tentarunt
2813 3722 2827 3769 ;
2861 3720 2923 3759 ac
2957 3704 3146 3758 fraude
3190 3702 3441 3771 Dragutis

1860 3817 1911 3857 ct
1944 3802 2102 3865 Salue,
2138 3798 2377 3869 praefecti
2410 3797 2668 3863 Gasparis
2695 3795 3070 3850 ValleriiGalli
3119 3794 3439 3847 credulitate

1862 3894 2108 3964 Argosini
2140 3894 2354 3959 Ilispani
2384 3890 2691 3952 formidine,
2745 3888 3047 3957 proditione
3084 3886 3320 3954 denique
3340 3898 3437 3937 cu-

1857 3990 2074 4060 jusdam
2112 4004 2173 4040 ex
2208 4004 2270 4038 ea
2299 3994 2451 4054 parte
2483 3982 2783 4052 provinciae
2830 3977 3199 4032 Narbonensis
3254 3976 3441 4028 oriun-

1868 4084 1944 4146 di,
1966 4096 2087 4149 qua:
2116 4078 2363 4131 Romano
2398 4076 2641 4147 pontiiici
2674 4075 2773 4129 sub
2826 4071 3191 4127 Avenionensi
3239 4070 3443 4124 ditione

1862 4182 2035 4239 paret,
2092 4171 2145 4221 in
2209 4174 2529 4237 potestatem
2592 4165 2942 4234 redegerunt.
2991 4161 3225 4216 Collata-
3258 4168 3441 4214 tamen

1864 4263 2133 4329 praecipue
2160 4260 2320 4329 culpa
2354 4260 2458 4314 fuit
2490 4258 2706 4312 amissre
2757 4258 3082 4311 munitionis
3132 4256 3321 4324 hujus,
3374 4258 3444 4309 ah

1864 4354 1982 4423 ipso
2015 4352 2259 4420 equitutn
2297 4348 2661 4420 Melitensium
2688 4364 2885 4416 magno
2907 4349 3189 4419 magistro,
3213 4349 3443 4417 ejusque

1862 4445 2115 4512 collegio,
2152 4452 2315 4511 atque
2346 4440 2492 4504 aliis,
2524 4441 2579 4493 in
2609 4440 3040 4493 Aramontanutn
3088 4438 3274 4494 Galliae
3300 4442 3445 4508 regis

1866 4538 2083 4591 Ilcnrici
2122 4537 2359 4604 legatum
2398 4551 2411 4587 :
2443 4534 2533 4603 qui
2568 4532 2896 4587 Soleimanis
2920 4542 2978 4585 ut.
3046 4547 3197 4585 arma
3257 4534 3441 4586 conci-

1868 4637 2010 4683 taret
2076 4629 2130 4682 in
2191 4627 2463 4681 Karulum
2518 4626 2849 4696 Augustum,
2907 4624 3442 4693 Constantinopolim

1865 4721 2087 4782 missus,
2122 4720 2226 4773 huc
2257 4718 2578 4787 appulerat;
2604 4726 2657 4770 et
2693 4715 2797 4770 sub
2825 4724 3088 4785 praetextu
3140 4717 3447 4769 conficiun-

1864 4813 1945 4868 da:
1991 4810 2159 4880 pacis,
2229 4809 2642 4877 obsidionisque
2718 4808 3014 4872 solvendas,
3074 4807 3445 4862 Melitensibns

118 4896 366 4975 en-cttse
400 4913 563 4965 tertio
596 4909 812 4963 tandem
846 4908 898 4960 in
920 4913 1251 4975 potestatem
1281 4904 1448 4957 venit.
1496 4900 1636 4956 (ἐκεῖ
1692 4916 1755 4954 ex
1792 4896 1832 4949 ι)
1865 4904 2040 4959 fraudi
2069 4901 2237 4957 fuisse
2262 4901 2601 4971 perhibetur.
2636 4898 2914 4968 Occupata
2949 4898 3065 4953 fuit'
3090 4898 3332 4965 Tripolis
3357 4899 3449 4952 dic

112 5005 431 5068 barbaris
472 5001 713 5072 plurimi,
751 4998 1189 5066 capta-capitum
1242 4996 1309 5048 ad
1362 4993 1521 5048 7000.
1577 4992 1749 5045 Vehe-

104 5109 393 5161 menter
448 5094 549 5145 huc
592 5092 789 5147 sultani
828 5089 1151 5143 Soleimanis
1182 5088 1444 5141 tanimum
1501 5085 1749 5155 pupugit,

100 5193 255 5253 cui
294 5206 355 5243 se
386 5202 493 5240 non
521 5188 591 5237 ita
628 5182 1213 5252 pridem,0peramque
1272 5193 1424 5231 suam
1486 5176 1752 5245 Dragutes

94 5307 151 5346 ε
172 5286 485 5338 ddixerat.
505 5275 739 5329 Caesaris
757 5285 886 5326 vero
901 5270 1086 5326 Karuli
1103 5271 1263 5338 jussu
1284 5268 1528 5323 funditus
1543 5268 1752 5338 Aphro-

88 5386 153 5439 δ
173 5377 375 5434 isium
419 5371 518 5422 fuit
544 5380 821 5421 eversum.

234 5470 408 5521 Anno
435 5461 681 5529 sequenti
706 5457 952 5526 proximo
975 5455 1223 5510 sultanus
1250 5453 1588 5509 Soleimanes
1619 5456 1752 5508 clas-

79 5575 284 5625 5cm
322 5553 605 5615 instruxit,
637 5551 795 5617 eique
826 5546 1086 5600 Sinanem
1119 5544 1338 5600 baSsam
1376 5545 1633 5614 praefecit,
1661 5544 1759 5597 ad-

66 5648 385 5736 junctis
438 5644 564 5699 huic
614 5642 868 5710 Dragute,
936 5635 1173 5704 Salaque
1230 5636 1413 5691 Raisis
1446 5656 1459 5691 :
1496 5638 1586 5706 qui
1632 5652 1756 5691 cum

82 5730 143 5807 ᾖ
166 5754 360 5800 rcem
396 5736 731 5790 Melitensem
764 5731 967 5783 frustra
1000 5736 1325 5792 tentassent,
1359 5730 1660 5797 transjectis
1707 5734 1756 5782 in

535 5831 807 5888 PATROL.
855 5830 973 5889 Gtt.
1025 5824 1221 5884 CLIX.

1860 4998 1927 5051 I5
1953 4995 2154 5049 mensis
2190 4994 2443 5061 AuguSIi,
2498 5010 2639 5046 anno
2686 4991 3070 5044 Maltutuctano
3124 4993 3223 5047 957
3292 4992 3445 5059 (Chr.

1858 5087 2141 5156 1551),ςυί
2178 5086 2425 5139 sultanus
2458 5084 2793 5137 Soleimanes
2833 5084 3113 5152 Dragutem
3139 5099 3261 5137 cum
3293 5088 3452 5149 impe'

1865 5180 1946 5232 rio
1976 5178 2228 5247 Sangiaci
2256 5177 2384 5245 begi
2420 5174 2679 5245 prafecit.
2700 5176 2749 5230 Is
2779 5175 3033 5242 deinceps
3060 5174 3295 5229 infestus
3319 5175 3452 5228 Car-

1860 5285 2047 5323 t'ennz:
2074 5269 2207 5337 regi,
2240 5268 2395 5334 cujus
2421 5266 2675 5322 diti0500
2706 5266 3029 5320 milliaribus
3057 5263 3256 5319 Italicis
3286 5281 3313 5316 a
3335 5264 3455 5317 Tri-

1864 5362 1972 5432 poli
2006 5361 2195 5423 distat,
2229 5361 2296 5413 ob
2336 5358 2655 5428 denegatam
2700 5371 2859 5427 opem
2913 5359 3141 5412 obsesso
3185 5356 3455 5425 Aphrodi-

1872 5453 1975 5517 sio,
2010 5451 2199 5520 majori
2230 5461 2381 5519 parte
2414 5447 2640 5502 ditionis
2658 5464 2783 5503 eum
2810 5448 2994 5504 exuit:
3030 5447 3244 5517 aliaque
3266 5447 3454 5517 gessit,

1876 5545 1941 5599 de
1967 5543 2164 5612 quibus
2193 5558 2296 5597 suo
2333 5542 2445 5595 loco
2481 5540 2713 5595 dicetur.

1945 5635 2337 5706 Superioribus
2366 5633 2525 5687 annis
2559 5632 2709 5703 (Chr.
2736 5633 2895 5699 ιδιε,
2919 5632 3253 5701 15ι9,1550)
3276 5629 3458 5685 Ρθτύία

1874 5728 2083 5784 naudus
2106 5726 2308 5789 Caesar,
2332 5724 2603 5795 Ungariz,
2629 5724 3014 5796 Bohemizque
3040 5741 3154 5792 rex,
3186 5738 3305 5795 post
3333 5724 3459 5779 ubi-

2897 5820 2969 5879 21
