4866 6594
1475 490 1571 551 651

2695 485 3013 544 JUANNIS
3054 485 3512 545 LEUACLAVII

4614 490 4696 554 652

1480 621 1594 660 tum
1628 604 1858 671 l‘erenii,
1891 602 2133 672 Agriani,
2172 601 2419 671 lingat-ine
2478 603 2860 670 municipium,
2901 602 3043 671 quod
3078 609 3115 664 Α
3149 619 3271 655 (um
3299 614 3481 673 pra-tet
3547 606 3961 659 Usmauidntnm
3992 620 4200 657 morem
4255 605 4544 660 Soli-imani
4596 611 4692 671 lepi-

1475 699 1649 751 lirlam
1672 697 1828 765 vulgo
1846 705 2059 759 vocant,
2084 694 2166 747 sui
2192 696 2330 762 juris
2360 695 2589 749 fecerat:
2610 704 2663 747 et
2685 694 3034 748 illustris-sini

1471 792 1695 843 (loudtis
1720 790 2016 843 Salutensis
2048 787 2252 841 Nicolai
2273 804 2434 857 opcra
2453 790 2797 857 Znhragimn,
2814 787 3032 852 Levam,

1469 881 1761 952 Zythuam,
1806 881 2094 933 lliuranum
2120 890 2474 949 expugnarat.
2500 879 2609 934 Nec
2660 880 2830 934 multo
2889 890 3029 947 post,

1466 972 1711 1041 ejusdem
1744 970 1889 1040 regis
1908 971 2187 1034 mandato,
2246 968 2576 1025 Zolnoccum
2636 970 2797 1040 352
2840 968 3035 1024 Turcis

1466 1066 1759 1134 Agrienses
1788 1063 2118 1133 eripuerant.
2144 1060 2254 1116 llas
2284 1061 2356 1116 ob
2394 1077 2592 1119 causas
2626 1063 2871 1117 irritatus
2930 1062 3033 1117 So-

1466 1154 1748 1217 loiinanes,
1784 1149 2179 1205 Temesuarum
2203 1166 2299 1219 per
2331 1165 2464 1205 suos
2493 1151 2729 1215 obsedit,
2778 1162 2831 1206 et
2874 1151 3029 1205 dedi-

1466 1248 1614 1297 tione
1648 1242 1811 1311 cepit,
1836 1241 2124 1296 interfecto
2163 1255 2258 1311 per
2292 1240 2471 1296 scelus
2504 1240 2714 1295 violata:
2745 1240 2866 1294 fidei
2908 1239 3030 1295 Ste-

1467 1339 1647 1406 phano
1669 1335 1960 1398 Losoncio,
1990 1335 2138 1390 illius
2182 1335 2284 1390 luci
2348 1344 2788 1405 propugnatore;
2817 1333 3029 1404 Lipam,

1464 1429 1816 1490 Solimosnm,
1846 1424 2226 1490 Chianadiam,
2258 1439 2381 1479 cum
2413 1424 2535 1477 aliis
2576 1423 2820 1478 castellis
2868 1437 3029 1477 occu-

1462 1519 1608 1587 pavit
1634 1534 1651 1585 ;
1674 1516 1958 1571 Erasmum
1994 1512 2635 1579 Teifelnm,Ferdinandi
2667 1514 2885 1579 ducem,
2906 1528 3028 1567 cum

1459 1610 1658 1665 Sfottia
1684 1608 2013 1671 Palavicino,
2039 1618 2091 1662 et
2140 1608 2446 1675 Augustino
2504 1605 2869 1671 Sbardellato,
2931 1606 3033 1660 Va-

1460 1703 1632 1759 ciensi
1686 1701 1919 1771 prrsule
1976 1700 2044 1756 ad
2086 1700 2382 1767 Palastum,
2412 1701 2528 1755 Alis
2569 1702 2737 1755 bassae
2770 1700 3034 1754 Budensis

1458 1796 1643 1857 ductu,
1682 1794 1918 1847 cecidit:
1952 1808 2125 1863 eaque
2160 1793 2361 1860 potitus
2416 1792 2663 1853 victoria,
2725 1791 3028 1861 Dregeltnm

1458 1898 1664 1945 arcem,
1697 1882 2060 1944 Ciartnatnm,
2102 1880 2389 1941 Zezenum,
2423 1880 2635 1949 aliaque
2681 1880 2796 1933 loca
2855 1882 3027 1934 ticina

3142 697 3272 749 time
3301 696 3596 764 nupsisset,
3628 700 3694 750 de
3728 697 3958 751 ﬁliorum
3999 698 4051 751 in
4114 698 4339 766 imperio
4376 702 4699 754 successione

3138 784 3397 844 sollirita,
3447 784 3724 840 Rustemis
3746 788 3929 855 generi
3960 788 4456 853 criminationibus,
4480 801 4528 843 et
4566 806 4694 842 rem:

3136 874 3639 944 ﬁeiisquibusdam,
3672 880 3739 930 ab
3783 878 4009 933 Hebraea
4061 879 4228 948 striga
4275 881 4697 939 subministra”,

3137 966 3465 1021 fascinatnm
3502 967 3702 1022 sultani
3759 972 4021 1035 animum,
4071 986 4099 1025 a
4155 972 4435 1041 illustapha
4496 989 4699 1040 prorsus

3138 1057 3490 1112 abalienaret.
3531 1056 3770 1113 Fuerant
3801 1071 3856 1114 et
3902 1066 4077 1116 bassae
4118 1062 4404 1130 cujusdam
4446 1066 4578 1131 p‘lll'l
4624 1079 4692 1116 et-

3139 1150 3323 1202 hibitae
3368 1150 3583 1214 littera},
3616 1153 3815 1219 quibus
3838 1154 3904 1208 ad
3937 1153 4253 1208 Rttsleirem
4285 1157 4509 1224 scriptis
4544 1157 4697 1207 rutili-

3140 1242 3387 1306 uebatnr,
3426 1244 3491 1297 de
3514 1245 3871 1299 matrimonio
3904 1246 4046 1300 inter
4073 1244 4437 1315 Mustapham,
4468 1259 4521 1300 et
4551 1248 4695 1301 liliani

3136 1332 3313 1385 seachi
3365 1330 3652 1389 Persarum
3718 1335 4056 1402 Teclimasis,
4110 1352 4350 1408 quocum
4415 1337 4696 1393 Soleitnani

3136 1423 3383 1493 pluribus
3438 1428 3506 1479 ab
3540 1429 3702 1482 annis
3755 1429 3955 1483 bellum
4005 1441 4145 1495 erat,
4201 1431 4447 1486 tractari.
4496 1432 4699 1486 Mirilice

3135 1518 3529 1586 suspiciosum,
3566 1537 3631 1573 ex
3665 1521 3785 1576 aliis
3808 1537 4026 1592 quoque
4054 1523 4447 1588 delationibus,
4474 1525 4696 1577 animum

3135 1611 3301 1680 patris
3329 1626 3391 1665 ea
3417 1627 3503 1667 res
3535 1614 3892 1683 perturbare:
3919 1614 4063 1685 quod
4095 1625 4395 1677 vereretur,
4420 1631 4489 1670 ne
4521 1616 4701 1669 Muste-

3135 1703 3271 1770 phas
3301 1702 3618 1759 Techmasis
3652 1705 3876 1775 adjutus
3917 1707 4169 1776 auxiliis,
4223 1708 4457 1778 imperio
4507 1718 4695 1777 patrem

3134 1807 3430 1850 excuteret.
3458 1797 3643 1866 Itaque
3673 1798 3879 1853 tnissus
3904 1800 4007 1854 fuit
4027 1815 4175 1855 anno
4202 1800 4308 1856 958
4364 1800 4523 1870 (Chr.
4578 1802 4699 1855 l53£

3137 1896 3189 1938 et
3224 1887 3382 1954 “‘55)
3438 1903 3559 1941 cum
3590 1890 3832 1944 exercitu
3870 1890 4154 1945 Bustetnes
4172 1893 4323 1946 vczir
4355 1896 4698 1958 azetnes,snb

1458 1979 1562 2032 sub
1583 1978 1768 2047 jngunt
1804 1974 1969 2029 misit.
2033 1972 2163 2027 Tam
2196 1988 2454 2042 prospero
2505 1990 2686 2027 rerum
2760 1988 3021 2027 succesSll
3058 1969 3097 2024 Β
3130 1990 3395 2048 praetextu
3425 1980 3646 2049 quidem
3674 1982 3799 2036 belli
3825 1983 4043 2038 Parthis
4070 1984 4364 2049 inferendi,
4391 1987 4486 2038 sed
4520 2003 4695 2054 reapse

1456 2072 1629 2122 elatus
1656 2066 1766 2120 Alis
1805 2065 1960 2118 Lassa
1986 2063 2275 2126 Bndensis,
2309 2077 2467 2130 quem
2493 2062 2711 2125 Caram,
2755 2062 2872 2116 sive
2927 2058 3021 2113 Ni-

1456 2178 1611 2233 grum
1638 2163 1772 2215 Mitti
1803 2160 2087 2220 vocabant,
2113 2158 2370 2227 adjuncto
2398 2155 2501 2211 sibi
2537 2154 2793 2209 Achmete
2820 2153 3013 2207 Ruina-

1456 2254 1559 2307 nia:
1587 2252 1925 2323 beglerbego,
1960 2259 2015 2304 et
2038 2248 2284 2313 Casanae,
2310 2247 2539 2317 aliisque
2563 2246 2809 2316 pluribus
2848 2244 3022 2314 begis,

1458 2346 1785 2399 Zolnoccum
1819 2343 2066 2400 adoritur
2101 2357 2328 2412 :eoque,
2354 2340 2704 2411 praesidiariis
2730 2340 2815 2395 die
2844 2337 3025 2408 ἀδορ-

1457 2438 1681 2493 tenihris
1710 2440 1851 2491 ultro
1882 2436 2216 2499 cedentibus,
2250 2443 2308 2488 ut
2338 2434 2576 2502 Agriani,
2619 2447 2738 2501 quae
2766 2431 3023 2485 momenti

1459 2532 1681 2601 majoris
1704 2539 1845 2594 erat,
1866 2530 2128 2585 adversus
2187 2529 2397 2583 hostem
2451 2522 2826 2587 defenderent,
2881 2523 3022 2593 poti-

1458 2638 1563 2679 tur.
1594 2624 1721 2678 Inde
1752 2623 2019 2694 promotis
2055 2620 2121 2675 ad
2160 2620 2375 2689 Agriani
2404 2618 2627 2683 castris,
2660 2630 2878 2672 summo
2900 2616 3024 2687 qui-

1455 2720 1577 2771 dein
1608 2718 1753 2770 illam
1790 2718 1993 2783 impetu
2023 2712 2412 2784 aggrediuntur
2442 2722 2495 2782 et
2530 2719 2867 2781 oppugnant,
2923 2708 3020 2762 sed

1456 2811 1613 2864 irrito
1647 2818 1871 2871 conatu,
1899 2815 1952 2861 et
1980 2822 2172 2875 magno
2202 2820 2327 2860 cum
2371 2806 2656 2859 bassarum
2711 2802 2974 2857 dedecore
3005 2818 3018 2854 :

1453 2903 1598 2971 quod
1632 2900 1867 2955 feliciter
1895 2915 1923 2952 a
1949 2898 2242 2967 Steplianis
2273 2896 2495 2951 Debone
2525 2894 2801 2960 Ruscano,
2843 2892 3022 2949 Meli-

1452 2995 1488 3049 k
1523 2996 1597 3059 io,
1632 2992 1863 3057 Zoltaio,
1897 2990 2166 3063 Gregorio
2235 2990 2423 3052 liiaco,
2483 2986 2694 3041 Joanne
2748 2986 3019 3057 Figedaao.

1452 3100 1617 3155 atque
1647 3085 1769 3140 aliis
1795 3086 2027 3140 fortibus
2053 3082 2625 3139 virisdefenderetur.
2681 3081 2844 3137 Gesta
2899 3081 3019 3136 fue-

1452 3188 1580 3234 runt
1607 3179 1719 3233 haec
1744 3193 1889 3232 anno
1922 3177 2302 3231 Maliutnetano
2326 3176 2429 3231 958
2469 3174 2619 3244 (Cltr.
2649 3174 2829 3243 1552).

1524 3271 1738 3327 Dictum
1765 3271 1925 3340 paulo
1938 3279 2091 3335 ante,
2118 3269 2303 3324 Gallia:
2320 3285 2496 3341 regem
2516 3268 2831 3331 Henricutn,
2855 3269 3022 3321 misso

1452 3367 1649 3433 legato,
1683 3364 1961 3419 sultanum
2000 3362 2368 3416 Suleimanem
2421 3362 2692 3416 adversus
2761 3360 3020 3414 Karnlum

1451 3460 1871 3526 Augustum,ex
1904 3456 2020 3524 lege
2082 3454 2252 3508 mutui
2331 3451 2575 3517 foederis,
2624 3452 2782 3521 cujus
2835 3464 3022 3506 auctor

1450 3547 1777 3603 Franciseus
1814 3556 1962 3616 pater
2021 3545 2332 3608 exstiterat,
2395 3543 2674 3597 incitasse.
2738 3540 3022 3595 Permotus

1451 3641 1520 3693 ah
1556 3641 1923 3692 Aramontano
1967 3636 2322 3699 Soleimanes,
2352 3637 2444 3704 qui
2500 3634 2565 3687 ad
2599 3633 2844 3689 Persicos
2890 3633 3022 3687 tines

1450 3730 1738 3800 postulatis
1769 3729 1887 3798 ejus
1920 3728 2130 3791 adnuit,
2163 3742 2288 3780 mox
2312 3725 2544 3780 classem
2569 3725 2813 3794 expediri
2845 3724 3020 3792 jubet,

1446 3838 1568 3893 qua-
1595 3822 1815 3877 Gallicis
1838 3823 2022 3891 juncta
2049 3819 2244 3888 copiis,
2284 3816 2470 3872 Karuli
2527 3816 2762 3871 ditiones
2815 3816 3021 3869 mariti-

1449 3932 1568 3969 mas
1612 3916 1922 3969 infestaret.
1960 3912 2117 3978 Quod
2143 3910 2365 3981 quidem
2402 3925 2471 3965 ex
2504 3918 2630 3962 voto
2662 3908 2960 3978 praestitum
2991 3925 3021 3962 ει

1446 4007 1570 4061 tidis
1604 4008 1790 4065 sociis.
1826 4004 2257 4073 gravissimaqne
2302 3999 2673 4070 Neapolitanis
2728 4008 2783 4055 et
2824 4000 3022 4056 Siculis

1444 4098 1719 4155 littoribus
1771 4097 1914 4149 illata
1949 4096 2163 4148 damna.
2213 4092 2431 4148 Corsica
2484 4107 2719 4161 quoque,
2765 4090 3020 4146 Genuen-

1444 4192 1585 4244 sinm
1639 4190 1837 4251 insula,
1866 4195 2022 4255 capta
2045 4186 2195 4249 fuit;
2233 4194 2287 4239 et
2336 4185 2527 4239 incola:
2574 4197 2697 4238 cum
2752 4184 3025 4252 prasidia-

1444 4283 1542 4335 riis
1572 4287 1767 4350 partim
1824 4279 1974 4344 caesi,
2025 4277 2218 4347 partim
2274 4276 2569 4331 crudeliter
2622 4276 2838 4341 habiti;
2875 4276 3017 4345 quod

1443 4374 1664 4441 quidem
1694 4372 1889 4426 accidit
1928 4386 2072 4425 anno
2100 4367 2203 4425 959
2232 4369 2383 4440 (Chr.
2416 4366 2728 4436 1552).'Nec
2770 4367 3018 4422 restituta

1443 4465 1823 4519 Genuensibus
1858 4461 2083 4516 Corsica
2137 4462 2287 4530 prius
2329 4460 2450 4526 fuit,
2501 4474 2665 4529 quant
2726 4474 2827 4527 pax
2880 4461 3021 4513 inter

1441 4558 1751 4627 Philippum
1828 4565 1884 4610 et
1922 4551 2535 4623 llenricutn,Hispania:
2582 4550 2879 4620 Gallia-que
2935 4567 3020 4605 re-

3126 2086 3249 2126 cum
3287 2075 3512 2127 secretis
3542 2075 3743 2129 sultani
3795 2076 4085 2139 mandatis,
4111 2086 4168 2129 nt
4225 2092 4557 2148 quocunque
4595 2095 4696 2133 mo-

3126 2163 3195 2217 do
3226 2163 3561 2235 Mustaphani
3592 2180 3620 2219 e
3654 2166 3833 2221 medio
3857 2166 4091 2222 tolleret.
4127 2165 4416 2225 Rustemes
4448 2171 4501 2223 in
4526 2172 4694 2224 Asiam

3127 2254 3421 2321 profectus,
3450 2254 3818 2311 Soleitnanem
3854 2257 4061 2327 trepide
4102 2258 4390 2314 certiorem
4427 2261 4582 2325 facit,
4614 2277 4697 2331 per

3126 2347 3454 2402 enlutnniam
3482 2358 3686 2413 tamen,
3712 2350 3764 2402 in
3819 2364 4015 2419 magno
4073 2365 4187 2403 rem
4240 2353 4453 2407 versati
4516 2354 4697 2407 discri-

3128 2438 3273 2493 mine
3308 2455 3320 2493 :
3360 2439 3672 2506 genizaros,
3696 2450 4036 2511 caeterosque
4062 2443 4264 2498 milites
4306 2445 4379 2498 ita
4414 2444 4699 2514 Htlstapitc

3126 2531 3367 2595 studere,
3396 2532 3463 2586 de
3486 2533 3657 2601 patris
3687 2542 3747 2587 nt
3780 2543 3959 2587 actum
3991 2534 4220 2605 imperio
4251 2537 4523 2592 videatur.
4577 2537 4697 2591 Nul-

3127 2622 3239 2678 lum
3271 2623 3414 2678 aliud
3441 2638 3727 2692 superesse
3758 2626 4085 2690 remedium,
4151 2643 4313 2695 quam
4376 2638 4436 2681 nt
4478 2629 4698 2698 ipsemet

3126 2718 3180 2771 in
3216 2714 3430 2787 Syriam
3470 2716 3768 2771 advolaret.
3797 2717 4047 2773 Territus
4079 2720 4183 2773 hoc
4212 2721 4403 2775 nuntio
4443 2722 4699 2778 Soleinia-

3129 2825 3246 2868 nes.
3281 2809 3462 2862 subito
3487 2809 3785 2877 Chalepnm
3821 2825 3944 2863 cum
3970 2812 4213 2865 exercitu
4252 2824 4531 2882 properat,
4551 2832 4697 2885 quasi

3125 2902 3342 2956 Parthis
3368 2902 3570 2957 bellum
3603 2901 3845 2956 facturus
3878 2911 4043 2956 esset.
4076 2903 4391 2959 Arcessitur
4418 2922 4515 2975 per
4564 2909 4699 2961 litte-

3125 3006 3213 3045 ras
3239 2991 3402 3056 lilius,
3431 2991 3507 3044 ttti
3547 2990 3845 3060 Chalepuin
3893 2991 3956 3045 ad
4008 3003 4218 3061 patrem
4269 2995 4389 3048 sine
4445 3012 4599 3049 mora
4649 3015 4701 3050 se

3123 3082 3418 3137 conferret.
3482 3082 3797 3151 Mustaphas
3831 3122 3846 3147 ,
3902 3084 4028 3137 licet
4083 3084 4150 3139 de
4204 3088 4447 3155 paternis
4494 3089 4701 3145 insidiis

3128 3175 3452 3239 inaudisset,
3492 3175 3839 3244 monitusque
3868 3185 4087 3230 secreto
4121 3176 4315 3232 fuisset
4344 3179 4414 3233 ah
4445 3180 4702 3238 Achatae

3128 3265 3311 3328 bassa,
3343 3264 3536 3319 salutis
3569 3274 3626 3317 ut
3658 3280 3768 3319 sna:
3794 3266 4060 3321 rationem
4086 3266 4312 3323 haberet
4345 3287 4359 3321 :
4393 3271 4701 3326 innocentia

3135 3366 3319 3409 tamen
3354 3371 3450 3409 sua
3483 3357 3675 3421 fretus,
3699 3359 3867 3426 patris
3921 3358 4151 3429 imperio
4210 3372 4385 3430 paret.
4434 3364 4493 3416 In
4526 3376 4698 3419 castra

3123 3462 3245 3501 cum
3275 3447 3531 3511 venisset,
3563 3451 3628 3501 ad
3660 3450 3959 3502 tentorium
3994 3461 4275 3518 paternum
4306 3463 4455 3507 recta
4486 3457 4699 3525 pergit:

3125 3538 3214 3593 ubi
3242 3546 3395 3608 patre
3423 3538 3590 3593 mutis
3621 3539 3833 3609 aliquot
3857 3541 4119 3609 robustis,
4153 3558 4292 3613 quos
4350 3548 4559 3603 sultani
4609 3546 4704 3603 0s-

3124 3629 3371 3700 manigae,
3404 3628 3568 3683 veluti
3594 3628 3682 3685 hic
3716 3630 3882 3685 etiam
3941 3630 4181 3689 Mnrates
4236 3633 4327 3701 Ill,
4386 3637 4443 3691 in
4497 3641 4706 3696 deliciis

3124 3719 3325 3775 habere
3366 3720 3564 3784 solent,
3625 3722 3915 3778 minaciter
3978 3724 4267 3791 innuente,
4304 3733 4702 3797 prosternitur,

3123 3808 3432 3879 injectoque
3456 3825 3625 3865 nervo
3681 3812 4074 3882 strangulatur.
4127 3814 4254 3871 lude
4306 3817 4560 3891 Ziangir,
4615 3830 4702 3891 qui

3122 3901 3382 3971 gibbosus
3409 3912 3546 3968 erat,
3572 3904 3940 3978 minimusque
3967 3918 4094 3963 natu
4140 3909 4471 3971 Soleinianis
4537 3918 4703 3982 titius,

3122 4008 3152 4046 a
3182 4002 3335 4063 patre
3366 3995 3523 4063 quasi
3568 4011 3665 4065 per
3696 3997 3885 4053 ludum
3906 4014 3969 4054 ac
3991 4000 4203 4070 jocum,
4247 4002 4557 4075 Mustapha
4596 4010 4703 4064 frao

3124 4086 3213 4149 tri,
3244 4101 3406 4155 quem
3431 4101 3681 4142 necatum
3719 4088 4026 4160 ignorabat,
4057 4092 4272 4148 obviam
4295 4099 4524 4165 prodire
4553 4103 4703 4166 jnlw-

3124 4186 3235 4234 tur.
3280 4178 3330 4234 ls
3371 4180 3460 4235 ubi
3496 4181 3720 4251 propius
3760 4183 3826 4236 ad
3859 4182 4161 4239 fraternum
4207 4190 4446 4246 cadaver
4518 4209 4706 4249 acres-

3122 4272 3304 4335 siSsct,
3328 4275 3579 4343 quamvis
3605 4285 3956 4330 consternato
3995 4294 4119 4333 mox
4155 4281 4469 4355 interempti
4513 4288 4703 4341 fratris

3120 4368 3267 4434 equi,
3299 4366 3587 4435 mancipia,
3610 4371 3862 4431 tentoria,
3890 4371 4152 4435 thesauri,
4185 4387 4519 4432 ornamenta
4543 4392 4705 4437 cate-

3120 4473 3200 4523 ra,
3229 4472 3348 4510 cum
3384 4457 3678 4513 Atnasiana
3713 4462 4009 4529 provincia.
4040 4465 4296 4519 mandato
4319 4470 4501 4536 patris
4536 4471 4701 4527 oder-

3120 4559 3328 4615 rentur,
3363 4558 3543 4604 tamen
3586 4552 3669 4606 liis
3702 4554 3961 4608 omnibus
3983 4556 4203 4624 spretis,
4259 4567 4317 4611 et
4363 4562 4701 4630 exprobrato

1441 4664 1556 4716 ges,
1614 4660 1764 4700 anno
1803 4655 1926 4715 post
1956 4654 2111 4701 sexto
2141 4644 2419 4699 coivisset.
2466 4642 2675 4712 Quippe
2696 4658 2801 4697 non
2843 4644 3016 4699 multo
3048 4656 3094 4713 ι)
3122 4641 3258 4710 patri
3292 4641 3475 4696 verbis
3508 4642 3883 4699 acerbissimis
3907 4655 4014 4699 tam
4066 4649 4235 4715 impio
4278 4651 4518 4720 diroque
4573 4658 4703 4708 faci-

1441 4752 1560 4810 post
1590 4734 1890 4790 confectam
1922 4736 2061 4788 hanc
2112 4748 2322 4803 pacem,
2382 4732 2671 4788 infeliciter
2732 4740 3004 4792 exstincto

1442 4828 2052 4901 patre,l“ranciseusll,
2087 4826 2303 4882 llenrici
2336 4827 2380 4881 ll
2436 4827 2495 4881 F.
2552 4844 2615 4884 ex
2676 4830 2831 4900 pacis
2882 4845 3003 4885 eam

1440 4926 1649 4989 legibus
1699 4920 2010 4990 reipublicae
2035 4918 2303 4973 Genuensi
2340 4918 2594 4975 reddidit.

1514 5016 1639 5068 Erat
1666 5014 1883 5067 sultano
1940 5009 2234 5064 Soleintani
2287 5011 2431 5064 filius
2482 5010 2821 5081 Mustaplias,
2872 5027 3003 5069 natu

1440 5107 1731 5168 maximus,
1772 5120 1838 5158 ex
1885 5102 2205 5157 muliercula
2243 5103 2516 5169 Circassa,
2570 5105 2781 5159 servilis
2820 5107 3005 5161 condi-

1440 5202 1602 5254 tionis
1630 5219 1643 5253 ;
1666 5198 1748 5252 etii
1772 5209 1924 5264 pater
1952 5196 2107 5248 initio
2130 5193 2483 5263 Magnesiam,
2511 5196 2635 5251 inde
2655 5198 3000 5253 Amasiannm

1438 5292 1769 5363 provinciam
1792 5290 2037 5352 dederat,
2072 5287 2162 5340 ubi
2186 5302 2307 5340 cum
2344 5298 2519 5341 matre
2553 5288 2776 5357 degeret
2811 5305 2825 5341 :
2854 5288 3015 5349 deni-5

1435 5401 1539 5454 que
1573 5383 1985 5439 Carahentidam
2015 5378 2434 5447 Mesopotamiae,
2477 5379 2722 5433 Persicos
2763 5379 2830 5432 ad
2867 5379 3000 5432 lines

1436 5482 1617 5541 sitam,
1653 5475 1981 5544 assignaret.
2013 5472 2180 5525 Erant
2201 5471 2373 5525 eidem
2404 5483 2458 5524 et
2492 5470 2582 5524 alii
2628 5470 2809 5533 liberi,
2862 5486 3001 5539 quos

1435 5583 1502 5621 ex
1538 5566 1740 5619 femina
1770 5564 1959 5616 formae
1993 5562 2179 5632 (veluti
2216 5562 2433 5630 quidem
2469 5560 2805 5630 perhibetur)
2861 5562 2999 5615 libe-

1431 5660 1585 5723 ralis,
1624 5658 1840 5709 natione
1877 5652 2068 5715 ﬂossa,
2094 5656 2207 5708 sive
2239 5654 2537 5714 Roxolana,
2561 5656 2855 5709 sustulerat
2888 5672 3000 5710 tna-

1433 5766 1521 5805 res
1551 5760 1806 5817 quatuor,
1862 5745 2251 5811 Mucltemetes,
2306 5744 2556 5813 Se'limes,
2607 5746 2892 5813 Bajazites,
2947 5758 3000 5802 et

1431 5844 1648 5911 Ziangir
1678 5860 1691 5895 :
1723 5841 1882 5895 unica
1906 5839 2121 5893 femella
2151 5839 2463 5901 Chameria,
2493 5856 2655 5908 quam
2681 5840 2771 5893 alii
2800 5841 2997 5894 Came-

1432 5950 1555 5987 naui
1589 5944 1804 5998 \OCunl,
1852 5934 2129 5989 ltustemis
2160 5933 2353 5987 veziris
2411 5950 2567 5988 uxor.
2619 5931 2743 5987 lbet:
2800 5932 2994 5999 liossa,

3116 4751 3267 4799 uere.
3293 4744 3474 4792 statim
3500 4740 3618 4794 suis
3647 4740 3905 4796 manibus
3928 4742 3981 4795 in
4012 4742 4222 4797 viscera
4262 4746 4567 4814 pugionem
4589 4748 4699 4799 adi.

3113 4827 3211 4896 git,
3238 4837 3294 4882 et
3315 4829 3566 4883 cadaveri
3601 4829 3790 4886 fratris
3858 4830 4203 4898 incumbens,
4256 4838 4528 4906 exspirat.
4596 4839 4700 4891 .Vee

3115 4922 3288 4974 multo
3324 4932 3466 4990 post,
3493 4922 3741 4991 ejusdem
3795 4921 3983 4977 Rossae
4037 4925 4194 4979 malis
4254 4927 4474 4983 artibus
4535 4932 4697 4985 etiam

3114 5013 3275 5067 unico
3298 5013 3592 5079 Mustaplia:
3614 5014 3730 5068 ﬁlio
3762 5013 3979 5081 Murali,
4012 5020 4103 5085 qui
4131 5016 4313 5070 Prusae
4369 5022 4523 5086 apud
4590 5040 4699 5074 mr-

3112 5116 3246 5158 trem
3278 5105 3636 5170 educabatur,
3663 5120 3828 5174 opera
3873 5105 4164 5161 lbraliiuiis
4220 5112 4465 5164 eunuchi
4528 5115 4705 5168 lasu:

3111 5195 3311 5262 injecto
3340 5209 3506 5249 nervo
3525 5205 3711 5264 guttur
3743 5195 3979 5257 eliditur,
4002 5197 4174 5265 ipsius
4210 5198 4299 5252 ari
4330 5197 4539 5262 jussu:
4574 5217 4703 5255 eum

3108 5288 3156 5339 ei
3186 5286 3513 5358 periculum,
3544 5288 3703 5357 353
3738 5288 3879 5356 quod
3912 5304 3941 5341 a
4006 5298 4201 5356 nepote
4260 5300 4450 5357 posset
4514 5294 4693 5346 innui-

3110 5393 3257 5441 nere,
3283 5377 3437 5445 cujus
3468 5388 3676 5448 patrem
3716 5380 3956 5449 genizari
4008 5389 4290 5448 tantopere
4361 5382 4699 5443 coluissent.

3110 5483 3386 5536 nunquam
3421 5468 3511 5523 illa
3564 5468 3706 5523 furia
3758 5468 4035 5524 desineret
4097 5472 4168 5523 ob
4231 5472 4423 5526 υιειιιως
4469 5490 4703 5543 ponere.

3106 5560 3462 5630 Contigerunt
3491 5561 3605 5615 1ηεο
3642 5577 3785 5616 anno
3814 5561 3917 5616 959
3953 5560 4108 5631 (Chr.
4145 5563 4327 5631 1555).

3178 5649 3308 5707 Post
3337 5652 3570 5707 solutam
3602 5667 3746 5706 anno
3771 5655 4075 5723 superiore.
4109 5671 4308 5725 magno
4338 5672 4473 5711 cum
4511 5662 4665 5714 detri
4686 5694 4703 5702 -

3106 5756 3291 5801 mento
3322 5755 3376 5800 et
3401 5746 3700 5815 ignominia
3738 5745 4065 5814 ancorum,
4105 5750 4455 5806 obsidionem
4485 5754 4702 5827 Δεῖ-ὴν,

3106 5854 3252 5893 nunc
3280 5841 3496 5893 tandem
3532 5837 4067 5908 Constantinopolim
4098 5857 4126 5894 a
4158 5839 4520 5899 Ferdinando
4568 5863 4705 5917 rege

3104 5930 3268 6004 legati
3327 5932 3638 5996 mittuntur,
3698 5932 3971 5989 Antonius
4043 5930 4355 6001 Verantins,
4396 5928 4707 6007 episcopus
