4866 6594
194 440 292 505 653

197 574 496 643 Agriensis,
548 584 602 630 et
660 573 989 629 Frauciscus
1066 572 1103 625 Ζ
1147 572 1215 637 is,
1267 570 1598 624 Cassoviem

196 669 425 735 Ungaria
480 668 760 738 superiore
824 666 1271 736 praefectus:qui
1312 666 1374 718 de
1436 678 1571 732 pace
1640 674 1765 715 cum

194 762 412 816 Sullano
470 760 859 815 constituenda
919 760 1047 813 dum
1092 758 1367 818 laborant.
1421 765 1593 809 totum
1626 752 1757 807 Con-

190 854 552 923 stantinopoli
586 853 867 907 biennium
896 853 1131 905 luerent.

263 965 339 1021 De
369 966 559 1021 Gallia!
590 967 759 1035 regis,
790 975 845 1020 et
879 964 1210 1020 Soleimanis
1250 962 1456 1017 laedere
1511 962 1776 1025 diximus,

195 1060 279 1113 tui
317 1062 573 1116 sultanus
605 1068 662 1112 ut
726 1058 1101 1115 satisfaceret.
1146 1058 1356 1125 aliquot
1415 1056 1575 1107 annis
1632 1055 1780 1108 hisce

195 1154 425 1205 classem
450 1149 721 1219 ablegavit
770 1149 835 1202 ad
890 1148 1258 1202 infestaudnm
1306 1161 1455 1198 mare
1512 1143 1775 1197 Tuscum.

193 1242 268 1295 Ea
313 1243 485 1311 prius,
518 1257 683 1311 quam
747 1240 967 1307 longius
1032 1256 1176 1292 nunc
1223 1237 1684 1306 progrederetur,
1727 1251 1780 1291 et

188 1347 316 1385 eum
341 1332 622 1386 Gallorum
655 1346 714 1384 se
766 1331 942 1384 classe
992 1330 1391 1398 conjungcrcl:
1436 1326 1779 1380 Mariuianus

195 1424 466 1487 Marchio,
525 1422 779 1477 Karulini
846 1421 1136 1492 pra-fectus
1194 1420 1493 1483 exercitus,
1561 1429 1777 1488 portmn

193 1514 467 1579 Herculis,
494 1530 654 1582 quem
688 1512 826 1568 Galli
863 1510 1143 1573 tenebant,
1178 1511 1406 1573 invadit,
1464 1523 1779 1578 arcemque,

193 1609 554 1679 prtesidiariis
578 1609 941 1670 obtruncatis,
982 1618 1243 1676 occupat.
1282 1606 1598 1661 Secundum
1667 1607 1781 1659 haec

191 1701 361 1754 Turci
392 1700 739 1754 Plumbinum
773 1699 1059 1754 obsidione
1097 1700 1344 1767 cingunt,
1415 1709 1466 1750 et
1499 1714 1606 1751 non
1662 1699 1781 1751 sine

190 1818 204 1846 ι
227 1798 351 1849 Iade
386 1795 596 1864 rejecti,
633 1794 821 1849 Elbam
854 1793 1116 1858 insulam,
1154 1800 1352 1845 conatu
1386 1792 1573 1847 itidem
1602 1790 1779 1855 irrito,

195 1900 430 1944 tentant.
459 1887 788 1944 Acciderunt
820 1887 936 1942 haec
965 1901 1111 1941 anno
1149 1885 1246 1941 96l
1298 1884 1451 1955 (Chr.
1522 1885 1707 1955 1555).

272 2006 476 2058 Eodem
506 2019 672 2070 anno,
700 2002 829 2057 dum
872 2002 1026 2056 missi
1066 2003 1135 2055 de
1172 2017 1303 2069 pace
1358 2001 1518 2071 legati
1556 2002 1786 2054 necdum

194 2100 521 2159 rediissem,
544 2096 703 2151 bassa
726 2094 1019 2158 Budensis,
1040 2094 1131 2161 qui
1159 2093 1395 2162 'fnigou,
1418 2093 1639 2146 nomine
1663 2106 1786 2144 cum

188 2190 416 2247 ciconia
437 2190 735 2253 comnmui,
757 2189 1091 2253 vocabatur,
1111 2188 1289 2255 Capos
1313 2184 1629 2248 Vhivarum,
1654 2200 1788 2253 prae-

190 2284 443 2337 sidiariis
464 2284 528 2335 ad
548 2282 881 2335 deditionem
923 2278 1253 2348 compulsis,
1299 2279 1464 2346 cepit.
1502 2277 1687 2332 Eidem
1733 2285 1789 2332 et

192 2378 452 2438 Baboza,
479 2377 709 2428 necdum
730 2373 935 2442 aliquid
965 2373 1035 2425 ab
1067 2372 1224 2425 hoste
1251 2385 1503 2440 perpessa
1545 2371 1786 2441 gravius,

191 2472 303 2525 ﬁde
322 2470 542 2523 militari
563 2469 797 2531 deserta,
828 2480 887 2520 se
899 2464 1124 2518 dedidit.
1143 2462 1501 2517 Consimilem
1520 2464 1582 2516 de
1600 2461 1789 2532 Zigcto

189 2568 304 2622 sibi
333 2578 652 2618 successum
682 2559 1063 2629 pollicebatur,
1096 2557 1187 2611 sed
1223 2574 1343 2608 cum
1368 2556 1579 2610 fortiter
1607 2557 1656 2608 in
1694 2556 1787 2608 ho-

192 2670 347 2713 stem
383 2653 704 2727 praesidiarii
743 2668 801 2707 se
833 2660 1107 2722 gererent,
1147 2652 1346 2719 suique
1378 2658 1684 2713 monerent,
1722 2662 1789 2702 ne

189 2759 411 2804 temere
436 2756 694 2801 tentatam
722 2744 1065 2799 obsidionem
1090 2741 1301 2795 solvere
1329 2750 1578 2801 coactus,
1613 2740 1787 2795 sulta-

189 2858 335 2897 num
391 2840 712 2896 oilenderet.
774 2836 842 2890 ab
871 2835 1120 2889 instituto
1178 2833 1447 2888 discessit.
1504 2831 1629 2886 lla-c
1696 2849 1790 2901 per

182 2950 534 2992 antumnum
590 2934 737 2988 illius
772 2932 925 2993 anni,
964 2943 1128 2991 quem
1162 2928 1426 2991 diximus,
1467 2927 1608 2997 apud
1672 2926 1789 2982 Un-

180 3046 367 3100 ειη-οε
399 3027 552 3081 fuere
580 3036 753 3096 gesta.

271 3143 536 3198 Proximo
566 3140 847 3211 sequentis
905 3138 1032 3194 anni
1062 3139 1169 3194 962
1227 3138 1383 3207 (Chr.
1430 3136 1585 3207 I556)
1640 3150 1787 3199 vere,

180 3240 550 3293 Soleimanes
585 3236 724 3290 Alim
757 3235 978 3289 bassam
1020 3250 1143 3289 cum
1169 3234 1344 3302 cepiis
1374 3232 1428 3286 in
1490 3229 1783 3300 Ungariam

175 3332 376 3395 misit,
404 3330 494 3398 qui
526 3326 771 3397 Zigetum
795 3326 1085 3381 obsidione
1120 3334 1413 3395 premeret,
1468 3338 1532 3379 ac
1590 3323 1644 3378 in
1682 3338 1783 3393 po-

171 3433 457 3479 testatem
514 3422 800 3491 redigeret.
854 3417 1000 3473 Nihil
1037 3433 1143 3471 non
1194 3418 1282 3472 ille
1335 3416 1483 3482 fecit,
1547 3423 1606 3469 ut
1671 3414 1779 3469 voti

167 3532 436 3586 Campos
502 3516 675 3577 lieret,
713 3515 779 3568 ad
839 3514 1058 3567 tertium
1124 3528 1297 3581 usque
1336 3525 1578 3564 mensem
1608 3510 1786 3564 conti-

166 3617 372 3663 nuata
409 3606 853 3677 oppugnatione:
884 3606 977 3657 sed
1009 3604 1341 3665 Christianis
1395 3617 1614 3655 omnem
1675 3600 1784 3654 vim

161 3704 488 3766 hostilem,
529 3716 722 3769 magna
764 3713 887 3753 cum
925 3706 1110 3765 strage
1137 3696 1473 3760 Turcorum,
1516 3695 1785 3764 intrepide

162 3793 630 3865 repellentibus,
683 3791 885 3845 infecta
912 3805 970 3843 re
1030 3789 1259 3842 militem
1323 3803 1449 3841 cum
1518 3788 1789 3843 machinis

158 3889 423 3947 bellicis
460 3886 724 3958 inglorius
747 3882 1188 3939 a'bduxiLTurci
1249 3883 1423 3951 prius,
1477 3895 1643 3950 quam
1696 3880 1788 3934 Zi-

154 3982 302 4053 goti
376 3978 667 4033 obsidione
725 3976 900 4030 soluta
959 3989 1017 4029 se
1074 3974 1402 4041 reciperent.
1489 3971 1785 4035 Babozam,

151 4084 460 4131 sanctqu
483 4070 797 4133 Martinum,
829 4066 1204 4136 Geresgalum.
1247 4063 1494 4126 Sallium,
1524 4062 1583 4117 S.
1642 4063 1790 4119 Lau-

150 4170 474 4231 rentium,
504 4176 557 4221 et
587 4164 1017 4223 Calamanciam,
1045 4160 1245 4231 partim
1281 4158 1519 4213 ﬂammis
1576 4159 1790 4229 injectis

148 4266 593 4331 absumpsere,
626 4259 824 4328 partim
856 4257 973 4311 solo
994 4265 1304 4325 aequarunt.

248 4373 599 4433 Secundum
635 4372 772 4436 hac,
799 4384 945 4424 anno
985 4368 1088 4424 964
1114 4369 1263 4437 (Chr.
1330 4366 1466 4420 1558
1520 4373 1571 4419 et
1606 4366 1787 4433 1559).

145 4473 449 4530 Selimes
479 4464 859 4533 Bajazitesque
890 4461 1103 4524 fratres,
1152 4458 1478 4512 Soleimanis
1535 4456 1643 4510 FF.
1703 4474 1793 4511 su-

145 4566 445 4639 perstite
478 4557 820 4629 patre,inter
858 4570 917 4610 se
945 4555 1012 4609 de
1042 4555 1271 4623 imperio
1334 4552 1793 4621 successioneque

1330 432 1684 496 SUPPLEM
1702 478 1714 493 .
1764 429 2039 490 ANNAl..
2073 426 2382 488 TURCIC.

1817 3281 1864 3339 C

3340 422 3445 489 654

1606 570 1651 620 is
1712 566 1764 618 in
1798 554 1841 611 Δ
1872 549 2030 609 rique
2059 560 2252 597 mones
2319 540 2615 610 Ihjazitem
2660 539 2805 594 hunc
2868 536 3068 592 Selitne
3103 548 3230 591 nam
3290 540 3462 609 ηεηη,

1881 653 2019 702 rem,
2050 636 2193 704 quod
2223 634 2481 703 equidem
2508 648 2613 685 non
2654 645 2800 687 recte
2853 630 2966 685 fieri
3010 641 3161 701 puto.
3219 629 3352 683 Nam
3410 633 3464 685 in

1881 730 2305 785 circumcisione
2341 728 2575 781 filiorum
2624 717 2973 785 Soleimanis.
3013 724 3264 779 videlicet
3318 724 3465 778 Mus-

1883 823 2078 890 taplim,
2114 819 2474 874 Muchemetis
2508 818 2623 887 (qui
2651 816 2836 871 multis
2871 826 2998 871 ante
3045 825 3252 886 patrem
3306 818 3469 871 anuis

1882 914 2213 967 diemsunm
2252 911 2529 975 obierunt)
2586 918 2641 964 et
2701 908 2940 973 Selimis,
3010 910 3155 964 nulla
3210 910 3469 979 Bajazitis.

1885 1008 2049 1071 hujus
2094 1006 2144 1057 iu
2181 1000 2431 1057 Turcicis
2486 1002 2692 1056 mentio
2724 1018 2735 1054 :
2767 1016 2886 1070 quae
2947 1001 3167 1072 quidem
3227 1004 3469 1055 circum-

1886 1100 2023 1153 cisio
2058 1099 2329 1152 ci-lebrata
2366 1095 2467 1149 fuit
2518 1112 2663 1149 anno
2690 1094 3076 1149 Mahumctano
3112 1095 3217 1149 958
3249 1092 3466 1166 [1552].

1888 1192 2156 1246 Przrterea
2178 1205 2301 1243 eum
2330 1188 2676 1243 Soleimanes
2710 1204 2853 1243 anno
2879 1188 2984 1243 949
3014 1187 3222 1259 [ιδιδλ
3255 1189 3469 1257 Magne-

1886 1286 2022 1349 siam
2091 1282 2443 1345 Mnchemeti,
2508 1279 2893 1335 Caramaniam
2958 1280 3145 1337 Sclimi
3207 1284 3466 1347 traderet,

1887 1364 2031 1431 nulla
2060 1392 2279 1432 rursum
2325 1376 2580 1445 Bajazitis
2614 1376 2841 1429 mentio.
2871 1374 2947 1428 Dc
2982 1390 3090 1443 quo
3118 1390 3249 1430 sane
3280 1375 3466 1445 liquet,

1886 1468 2181 1537 Bajazitem
2223 1469 2369 1523 hunc
2392 1467 2592 1521 Sclime
2626 1476 2756 1521 natu
2796 1468 3064 1522 minorem
3100 1467 3294 1522 fuisse.

1956 1564 2096 1615 Ante
2125 1577 2232 1615 non
2278 1560 2477 1613 multos
2523 1575 2696 1613 annos
2751 1559 3015 1630 Tripolim
3050 1560 3302 1630 Aphricre
3358 1560 3471 1616 Me-

1888 1656 2180 1711 litensibus
2214 1665 2455 1724 ereptam
2500 1652 2671 1708 fuisse
2695 1653 2957 1717 diximus,
2986 1664 3039 1710 ct
3074 1669 3103 1707 a
3160 1655 3474 1710 Soleimane

1886 1750 2261 1819 sangiacstum
2324 1748 2723 1819 Tripolitanum
2798 1748 3021 1817 Draguti
3096 1764 3467 1808 concessum.

1887 1844 2044 1912 cujus
2067 1858 2231 1913 opera
2276 1842 2624 1912 potissimum
2659 1843 2710 1896 in
2772 1851 3094 1911 potestatem
3139 1850 3382 1895 Venerat.
3422 1842 3472 1895 ls

1892 1936 2007 1992 suis
2039 1935 2239 1989 finibus
2270 1934 2415 1988 haud
2452 1945 2763 1997 contentus,
2803 1952 2908 1989 non
2968 1935 3132 1991 modo
3172 1935 3475 1990 Cari-came

1891 2043 2074 2099 regem
2110 2028 2384 2091 Maurum,
2418 2025 2575 2095 cujus
2605 2043 2770 2096 supra
2838 2031 3213 2093 meminimus,
3264 2029 3472 2099 majore

1891 2120 2231 2190 principatus
2251 2119 2335 2173 sui
2372 2128 2527 2188 parte
2551 2120 2804 2189 spoliavit
2837 2138 2853 2177 :
2888 2136 3074 2175 verum
3113 2122 3280 2175 etiam
3349 2136 3476 2192 pro-

1890 2227 2114 2282 gressus
2141 2212 2391 2274 ulterius,
2419 2212 2693 2283 corruptis
2738 2212 3055 2267 Maurorum
3098 2213 3320 2278 animis,
3377 2214 3470 2282 qui

1891 2305 2226 2361 Gerbcnsem
2293 2306 2531 2360 insulam
2604 2306 2934 2370 incolebant,
2989 2306 3119 2361 olim
3159 2308 3241 2378 (ut
3289 2308 3474 2375 opinio

1893 2398 2186 2451 multorum
2220 2402 2325 2467 est)
2376 2414 2405 2452 a
2467 2398 2804 2468 Lotophagis
2847 2408 3128 2470 tantopere
3185 2401 3416 2455 celebrat
3446 2416 3475 2456 s

1894 2492 2360 2556 inhabitatam,co
2387 2508 2498 2547 rem
2530 2502 2651 2546 astu
2688 2506 2878 2559 gerere
2907 2494 3103 2562 potuit,
3138 2502 3197 2546 ut
3243 2494 3472 2547 sccchrs

1891 2590 2006 2642 sive
2069 2589 2289 2656 regulus
2380 2588 2571 2641 in5ula‘
2647 2593 2719 2640 So
2743 2603 3008 2651 etmanes,
3067 2590 3168 2641 sub
3218 2587 3473 2641 amicitia:

1891 2692 2156 2751 praetextu
2189 2680 2456 2750 Tripolim
2482 2682 2845 2736 deduceretur
2872 2698 2886 2735 :
2946 2682 3034 2735 ubi
3064 2682 3192 2735 dum
3242 2682 3473 2735 haereret

1892 2775 2233 2844 imprudens,
2262 2774 2659 2829 interveniente
2707 2774 3013 2842 proditione
3077 2774 3342 2845 Dragules
3382 2775 3471 2829 in-

1892 2870 2065 2922 sulam
2104 2866 2410 2937 oecupavit.
2447 2866 2633 2937 Neque
2670 2866 2854 2923 multis
2918 2869 3118 2938 elapsis
3144 2870 3338 2925 diebus
3367 2869 3471 2925 So-

1894 2962 2182 3015 leimanem
2245 2960 2497 3015 sccchem
2560 2961 2860 3030 suspendio
2921 2963 3156 3027 necavit,
3206 2972 3259 3017 et
3314 2963 3471 3017 alteri

1892 3054 2065 3115 scchi,
2100 3069 2192 3107 sex
2223 3071 2517 3109 aureorum
2569 3054 2738 3108 millia
2797 3053 2989 3108 tributi
3037 3056 3206 3108 annui
3251 3057 3473 3111 nomine

1891 3145 1978 3213 pol
2006 3145 2153 3209 icito,
2243 3159 2338 3214 per
2384 3144 2733 3199 traditionem
2788 3144 2969 3198 vexilli
3020 3145 3229 3209 viridis,
3278 3146 3474 3200 insulae

1894 3236 2205 3290 dominium
2236 3238 2510 3306 permisit.
2541 3236 2769 3291 Erat-iu
2802 3252 3020 3291 onmem
3071 3237 3319 3292 intentus
3382 3254 3473 3291 oc-

1895 3332 2171 3385 Casionem
2201 3347 2430 3401 magnus
2458 3331 2719 3401 magister
2747 3332 3043 3386 .llchtensis
3069 3371 3084 3393 ,
3138 3342 3195 3385 ut
3238 3330 3475 3400 Tripolis

1895 3421 2215 3488 aliquandiu
2246 3434 2684 3491 recuperaretur.
2714 3423 2900 3492 itaque
2966 3424 3108 3477 facta
3160 3426 3301 3478 inter
3348 3425 3471 3478 llis-

1897 3530 2097 3582 panum
2121 3514 2446 3584 Gallumque
2469 3530 2622 3583 pace.
2646 3518 2793 3585 quod
2835 3514 3056 3584 Hispani
3095 3517 3239 3585 regis
3269 3519 3416 3571 anxil
3445 3536 3475 3569 (ι

1893 3610 2005 3661 voti
2042 3623 2101 3661 se
2147 3618 2453 3676 compotem
2501 3608 2618 3662 fore
2649 3617 2913 3678 speraret,
2960 3610 3117 3677 cujus
3179 3610 3473 3678 plurimum

1896 3701 2208 3764 interesset,
2257 3711 2468 3754 mature
2511 3700 2667 3756 nidos
2722 3700 2845 3755 illos
2907 3705 3231 3770 piratarum.
3285 3704 3477 3756 'l‘urcis

1894 3793 2106 3860 ejectis.
2149 3793 2200 3845 in
2241 3802 2563 3861 potestatem
2597 3793 2809 3863 redigi:
2846 3794 3035 3849 multis
3089 3793 3211 3848 duci
3251 3794 3476 3848 Medium

1894 3886 2009 3940 (λυιί
2039 3888 2342 3940 rationibus
2374 3887 2637 3952 ostendit,
2668 3903 2827 3957 posse
2854 3903 2962 3943 nm
3002 3904 3198 3955 magno
3253 3890 3475 3957 negotio

1896 3979 2159 4046 Tripolim
2196 3981 2520 4046 expugnari,
2561 3980 2874 4047 przesidium
2933 3979 2986 4033 iu
3040 3995 3105 4034 eo
3140 3980 3474 4049 quingento—

1898 4087 2017 4124 rum
2055 4073 2322 4126 duntaxat
2342 4071 2645 4125 Turcorum
2672 4087 2791 4125 esse
2821 4087 2835 4123 :
2901 4070 3201 4126 Carvennze
3256 4087 3479 4140 quoque

1896 4182 2100 4235 regem,
2136 4166 2358 4234 Draguti
2392 4183 2454 4221 ac
2488 4163 2687 4219 Turcis
2724 4164 3172 4225 infestissimum,
3226 4164 3292 4218 ad
3331 4166 3475 4233 jun-

1896 4258 2432 4327 gcndamarmorum
2482 4259 2799 4313 societatem
2850 4257 2991 4311 haud
3040 4256 3332 4312 diﬂiculter
3389 4274 3455 4311 ac

1896 4366 2182 4402 tessurutn
2209 4368 2224 4411 ;
2255 4351 2412 4416 cujus
2437 4364 2601 4418 opera
2646 4358 2796 4402 lauto
2848 4347 3015 4419 35h
3050 4349 3230 4403 futura
3290 4350 3361 4403 sit
3394 4352 3475 4403 eis

1898 4444 2084 4495 utilior
2114 4452 2282 4511 atque
2303 4442 2544 4505 fidelior,
2578 4451 2785 4510 quanto
2815 4446 3036 4509 gravius
3068 4442 3156 4495 ille
3186 4459 3341 4496 suam
3369 4444 3471 4498 situ

1899 4536 2173 4603 regionem
2200 4546 2441 4602 ereptam
2466 4534 2668 4600 doleat,
2704 4543 2757 4587 et
2806 4534 3010 4587 certius
3070 4535 3174 4588 sibi
3231 4537 3475 4605 polliceri

134 4660 564 4719 dimicarunt,
601 4655 886 4721 victusque
910 4649 1179 4716 Bajazites
1218 4663 1247 4700 e
1296 4646 1621 4699 Caramania
1666 4661 1787 4699 cum
1825 4651 1870 4709 υ
1902 4629 2056 4697 Ιιοδδίλ

1552 4646 1621 4698 ,εει
1666 4661 1787 4699 cum
1825 4651 1870 4709 υ
1902 4629 2093 4697 possit,
2124 4629 2393 4690 futurum,
2427 4638 2485 4680 ut
2534 4628 2741 4696 Tripoli
2771 4627 2966 4682 Turcis
3027 4637 3259 4692 extorta,
3322 4646 3474 4683 suam

134 4749 418 4819 20,000
451 4760 813 4810 armatorum,
846 4752 901 4797 et
931 4750 1170 4812 quatuor
1222 4742 1367 4803 ﬁliis,
1424 4742 1489 4793 ad
1524 4740 1783 4793 scachum

130 4847 497 4905 Persicum
558 4839 913 4893 'l‘cchmasem
983 4834 1244 4905 profugit.
1309 4833 1525 4888 Veritus
1611 4843 1791 4885 autem

133 4950 356 5012 pater
417 4931 784 4993 Soleimanes,
825 4932 916 4999 qui
957 4929 1177 4982 Selimis
1227 4937 1410 4997 partes
1443 4924 1673 4986 foverat,
1730 4940 1794 4977 nc

129 5026 537 5091 'l‘cchmasis
567 5022 772 5076 auxilio
808 5023 888 5075 vel
918 5021 1081 5086 filius,
1115 5020 1195 5074 vel
1227 5020 1500 5073 exstincto
1534 5018 1643 5071 lilio
1701 5034 1794 5069 ne-

126 5141 381 5203 potes.
430 5134 520 5173 res
554 5132 725 5173 novas
774 5116 1134 5169 molirentur:
1199 5114 1411 5179 magnis
1447 5112 1790 5177 pollicitatio-

127 5223 362 5279 nibus
415 5209 728 5278 impetravit
780 5221 809 5260 a
864 5205 1192 5265 Techmase,
1237 5204 1429 5257 mortis
1494 5214 1551 5255 ut
1603 5216 1797 5268 genere

122 5307 336 5385 genti
382 5298 821 5356 Osmauidarum
854 5296 1111 5350 familiari
1145 5295 1209 5348 de
1242 5294 1422 5347 medio
1451 5292 1795 5347 tollerentur.

123 5408 231 5464 Ne
276 5411 436 5470 qua
480 5402 658 5448 tamen
691 5394 843 5447 fraus
874 5390 1254 5450 interveniret,
1315 5388 1518 5441 missus
1572 5386 1673 5439 fuit
1732 5386 1797 5439 ad

123 5493 543 5554 “Heg—iorem
600 5484 783 5538 Persa:
844 5482 1047 5549 regiam
1086 5480 1406 5535 Casminum
1472 5476 1799 5532 Soleimanis

120 5580 559 5649 Zesclmiger
584 5577 686 5645 (sic
716 5582 1160 5646 praegustatorem
1200 5570 1364 5625 Turci
1406 5570 1648 5638 vocant),
1711 5570 1797 5623 cui

118 5677 495 5751 Bajaziles
523 5684 649 5722 cum
687 5668 813 5722 liliis
858 5676 1019 5720 notus
1052 5673 1189 5718 erat.
1248 5663 1362 5718 Hoc
1398 5670 1662 5732 praesente
1708 5677 1802 5731 pa-

123 5794 237 5836 ιει-
268 5780 454 5826 cmn
484 5761 633 5823 ﬁliis,
665 5759 909 5813 adhibito
953 5774 1140 5821 nervo,
1177 5756 1477 5810 sutl‘ocatus
1511 5755 1633 5818 fuit,
1658 5757 1802 5809 etab

114 5868 396 5928 eodem
454 5860 775 5906 necatorum
805 5849 1064 5903 Cadavcra
1123 5846 1429 5899 Sebastiani
1492 5842 1799 5912 deportata,

118 5968 417 6040 proque
467 5962 617 6001 more
642 5942 1013 6001 monumentis
1037 5942 1208 5997 illata.
1250 5940 1482 5995 Faciunt
1511 5953 1632 5993 vero
1693 5939 1799 6002 ple~

1898 4734 1948 4776 et
1984 4724 2097 4791 ipse
2128 4722 2392 4776 ditionem
2447 4722 2691 4792 recipiat.
2754 4720 3028 4791 Hispanus
3071 4724 3219 4777 hisce
3280 4740 3474 4793 prope-

1902 4820 2123 4873 modum
2201 4828 2364 4871 cerlz
2430 4815 2671 4870 victoriae
2755 4828 3033 4884 permotus
3100 4816 3479 4883 argumentis,

1900 4913 2130 4964 classem
2158 4910 2378 4970 instrui,
2417 4907 2698 4977 militeque
2721 4906 2987 4974 compleri
3016 4906 3193 4972 jubet,
3227 4924 3288 4959 ac
3327 4923 3481 4959 sum—

1899 5019 2000 5056 mrc
2041 5018 2221 5056 rerum
2249 5016 2371 5054 cum
2411 5000 2641 5069 imperio
2670 4998 3041 5053 Medincusem
3082 4997 3325 5067 pralicit.
3383 4997 3481 5051 Fc-

1905 5097 2077 5149 liciter
2124 5108 2456 5147 successura
2518 5093 2845 5147 videbantur
2882 5091 3092 5153 omnia,
3154 5091 3199 5144 si
3267 5100 3485 5145 maluae

1904 5190 2165 5260 Tripolim
2199 5205 2323 5243 cum
2358 5188 2530 5241 milite
2557 5186 2752 5240 classis
2802 5185 3122 5254 appulisset.
3188 5184 3290 5237 Sed
3353 5199 3483 5251 pro-

1903 5285 2134 5339 fectione
2163 5284 2341 5335 varias
2362 5281 2432 5334 ob
2476 5296 2693 5341 causas,
2753 5290 2805 5333 ct
2847 5277 3145 5345 praesertim
3197 5278 3373 5332 ventis
3421 5295 3483 5330 ac

1904 5375 2323 5446 tempestatibus
2412 5373 2693 5434 adversis,
2772 5371 3079 5439 impedita,
3173 5368 3481 5438 Dragutes,

1906 5472 2179 5524 intellecto
2247 5466 2687 5521 Christianorum
2792 5464 3087 5527 instituto,
3163 5462 3482 5530 pt‘:csidiunt

1906 5562 2305 5633 Tripolitanum
2370 5560 2589 5613 duobus
2658 5556 2810 5610 auxit
2861 5554 3166 5609 Turcorum
3218 5554 3482 5608 millibus.

1906 5654 2094 5722 Itaque
2118 5651 2417 5708 Christiani
2450 5664 2567 5718 spe,
2606 5647 2659 5700 in
2695 5650 2801 5700 hoc
2824 5646 3043 5714 quidem
3069 5654 3337 5714 tempore,
3364 5643 3484 5696 Tri-

1908 5748 2047 5819 polis
2069 5743 2443 5815 cxpugnandae
2481 5742 2697 5809 dejecti,
2761 5738 3102 5794 Gerbensem
3130 5776 3146 5800 ,
3183 5752 3344 5805 quam
3405 5737 3485 5790 di-

1910 5844 2109 5904 ximus,
2137 5838 2371 5893 insulam
2409 5850 2553 5890 recta
2602 5843 2811 5903 petunt,
2876 5849 2975 5886 nec
3030 5845 3225 5897 magno
3270 5834 3486 5897 negotio

1909 5937 2161 5992 sccchem
2200 5933 2519 5988 Maurorum
2581 5929 2825 5992 adigunt,
2885 5934 2943 5979 ut
2997 5924 3197 5979 tradito
3235 5924 3479 5979 castello.
