4866 6594
1296 524 1464 629 Δδίιδ

2583 549 2901 613 JUANNIS
2946 538 3399 607 LEUNCLAVII

4514 522 4619 585 656

1367 680 1629 742 deinceps
1662 674 1902 743 llispano
1939 687 1997 724 se
2032 670 2141 740 regi
2175 670 2503 739 paritnrnm,
2559 678 2610 717 et
2655 662 2949 733 quotannis
2983 670 3021 721 Α
3057 658 3276 725 utrique
3312 654 3448 724 parti
3507 662 3669 723 gratzc
3700 650 3989 707 durarunt‘
4031 643 4273 715 quaudiu
4313 642 4615 696 l~'erdinan-

1365 777 1447 822 tot
1503 782 1796 821 aurem-um
1867 762 2033 816 millia
2101 760 2295 815 trihuti
2345 761 2565 812 rnnnine
2607 756 2934 818 soluturum,

1366 872 1499 933 quot
1529 862 1725 917 Turcis
1762 857 1999 929 pendere
2036 854 2431 916 consuevissct,
2469 851 2610 905 datis
2655 848 2941 916 subsigna-

1370 956 1550 1025 tisque
1597 950 1947 1025 syngraphis,
2025 948 2399 1017 stipularetur.
2452 942 2570 997 Mox
2626 940 2832 994 inutilis
2888 949 2939 992 et

1368 1045 1580 1102 ruinosi
1633 1044 1842 1101 castelli
1898 1042 2017 1096 loco
2058 1055 2157 1094 arx
2222 1052 2430 1108 magna:
2491 1031 2808 1103 capacitatis
2852 1046 2943 1084 ca-

1371 1147 1600 1202 structa,
1646 1149 1699 1190 et
1734 1134 1993 1204 opinione
2045 1129 2342 1184 multorum
2397 1121 2856 1193 inexpugnabilis,
2897 1120 2942 1174 si

1371 1231 1529 1301 plene
1558 1227 1767 1299 perlici,
1798 1225 2073 1291 rebusque
2117 1217 2444 1275 necessariis
2474 1231 2539 1270 ex
2585 1230 2685 1270 usu
2745 1210 2943 1266 muniri

1374 1323 1663 1390 potuisset.
1690 1316 1816 1373 Arci
1855 1329 2050 1370 nomen
2098 1310 2351 1369 inditutn,
2385 1317 2445 1361 ut
2495 1304 2945 1375 Philippalcazer,

1376 1418 1431 1471 in
1462 1420 1728 1468 honorem
1769 1409 2205 1474 memoriamque
2258 1403 2401 1474 regis
2455 1398 2702 1469 llispani,
2737 1398 2949 1452 dicere-

1377 1518 1488 1562 tur.
1518 1506 1761 1561 Monitus
1799 1502 2069 1558 interima
2112 1498 2347 1566 Dragute
2391 1494 2458 1549 de
2508 1491 2946 1548 Christianorum

1375 1607 1621 1661 conatu,
1680 1610 1743 1649 ac
1787 1590 2210 1664 progressibus,
2266 1587 2515 1659 sultanus
2583 1582 2945 1644 Soleimanes,

1379 1707 1593 1747 summa
1620 1689 1895 1744 celeritate
1930 1686 2165 1740 classem
2230 1681 2429 1752 parari,
2480 1677 2771 1746 multisque
2830 1673 2950 1729 mil-

1376 1785 1522 1837 libus
1575 1779 1978 1853 gcnizarorum,
2041 1776 2408 1845 spachiorutn,
2455 1771 2793 1839 aliorumque
2846 1767 2950 1821 mi-

1380 1876 1536 1928 litum
1590 1870 1848 1940 compleri
1873 1877 1927 1923 et
1996 1864 2238 1935 expediri
2296 1860 2536 1917 mandat.
2583 1858 2678 1911 Rei
2729 1870 2954 1910 summa:

1382 1966 1573 2020 Pialim
1626 1963 1841 2019 bassam
1934 1973 2057 2012 cum
2121 1963 2391 2025 potestate
2446 1950 2730 2022 prmficit,’
2763 1950 2954 2002 classis

1383 2054 1645 2109 ducenda:
1695 2066 1883 2106 curam
1952 2048 2272 2117 Mustaphaa,
2341 2059 2503 2115 quem
2558 2042 2795 2102 Caram,
2846 2043 2959 2095 sive

1386 2131 1611 2219 Nigrum
1668 2144 2041 2216 appellabant,
2100 2138 2416 2197 committit.
2453 2138 2583 2207 Ejus
2639 2136 2713 2191 rei
2770 2136 2958 2189 nuntio

1386 2241 1624 2298 diversis
1655 2255 1719 2294 ex
1748 2237 1883 2292 locis
1913 2244 2161 2305 accepto,
2192 2247 2316 2286 mox
2348 2229 2506 2286 Joan.
2556 2228 2804 2282 Andreas
2858 2224 2960 2280 Do-

1386 2337 1491 2397 ria,
1524 2347 1733 2403 magna:
1763 2332 1843 2384 vir
1866 2328 1937 2384 ob
1969 2327 2302 2396 singularem
2339 2324 2416 2378 rei
2452 2322 2704 2377 militaris
2754 2336 2815 2375 ac
2868 2334 2964 2373 ua-

1390 2434 1528 2487 valis
1556 2445 1714 2486 usum
1747 2424 2117 2488 auctoritatis,
2143 2437 2268 2477 cum
2323 2419 2444 2474 aliis
2482 2416 2810 2489 quibusdam
2849 2432 2964 2471 mo-

1392 2539 1542 2586 nere,
1578 2520 1810 2583 hortari,
1843 2531 2039 2589 urgere
2064 2514 2467 2577 Medinensem,
2504 2521 2561 2566 ut
2598 2512 2794 2565 idoneo
2813 2524 2965 2563 nova:

1392 2618 1505 2671 arei
1539 2613 1793 2685 praesidio
1849 2608 2131 2680 imposito,
2194 2620 2318 2661 cum
2381 2604 2579 2668 classe,
2632 2601 2966 2670 reliquisque

1392 2710 1589 2779 copiis,
1624 2706 1776 2775 prius
1805 2701 1935 2757 inde
1958 2698 2364 2760 discederetur,
2393 2710 2557 2764 quam
2582 2693 2768 2756 Turci,
2803 2692 2967 2746 rebus

1380 2800 1463 2861 ah
1492 2796 1748 2852 omnibus
1804 2790 2080 2854 instructi,
2118 2787 2471 2843 multitudine
2515 2785 2847 2855 superiores,
2906 2796 2968 2836 ac

1395 2897 1647 2943 recentes
1678 2883 2030 2938 advenissent
2056 2895 2076 2945 ;
2102 2879 2361 2949 ipsosque
2394 2891 2494 2931 nec
2516 2889 2743 2929 numero
2788 2886 2967 2942 pares,

1394 2978 1677 3035 etviribus
1706 2964 2021 3035 exhaustos,
2062 2968 2148 3025 vel
2210 2968 2412 3022 invitos
2473 2966 2538 3019 ad
2594 2962 2968 3019 dimicandum

1395 3077 1676 3139 cogerent,
1725 3066 1809 3120 vel
1859 3076 2098 3135 pugnam
2158 3060 2525 3115 detrectantes
2573 3056 2639 3110 ad
2696 3064 2971 3110 extremas

1400 3175 1585 3217 rerum
1626 3154 1976 3213 difﬁcultates
2004 3152 2311 3223 adigerent.
2340 3149 2446 3205 Sed
2479 3148 2611 3202 nihil
2648 3147 2789 3217 apud
2854 3160 2974 3215 per-

1399 3255 1661 3313 tinacem,
1689 3259 1740 3304 et
1773 3249 1841 3303 ab
1862 3246 1987 3302 aliis
2015 3252 2343 3315 praeceptum
2372 3240 2702 3295 Medinensis
2731 3239 2971 3292 animum

1402 3353 1549 3400 recte
1574 3343 1796 3398 valuere
1822 3338 2076 3395 consilia.
2114 3335 2385 3391 Nimirum
2415 3333 2766 3402 amplissimae
2810 3332 2971 3386 classi

1404 3436 1582 3491 fatalis
1616 3436 1835 3506 quidam
1870 3429 2188 3485 imminebat
2221 3429 2495 3483 interitus.
2555 3425 2608 3478 ld
2644 3425 2726 3477 vel
2786 3440 2848 3477 ex
2908 3439 2974 3478 eo

1403 3530 1601 3584 licebat
1658 3525 1955 3594 conjicere,
2016 3521 2161 3591 quod
2220 3518 2583 3588 expeditionis
2646 3516 2822 3575 initio.
2888 3515 2974 3566 vix

1408 3635 1602 3690 magna
1639 3633 1763 3671 cum
1786 3615 2098 3671 difﬁcultate
2123 3613 2285 3668 trium
2329 3621 2379 3665 et
2413 3609 2573 3665 medii
2612 3608 2809 3662 mensis
2854 3622 2979 3676 spa-

1407 3714 1485 3769 tio
1517 3711 1752 3767 vicinam
1783 3707 1949 3761 Italia:
1977 3706 2289 3774 Siciliaeque
2317 3701 2635 3756 Barbariem
2664 3700 2766 3771 (sic
2789 3698 2980 3766 Aphri-

1408 3820 1530 3861 cam
1569 3801 1897 3856 maritimam
1933 3796 2138 3861 vocari,
2176 3809 2343 3865 supra
2372 3788 2685 3859 docuimus)
2718 3789 2981 3857 attingere

1412 3895 1582 3949 nostri
1630 3899 1970 3959 potuerunt:
2030 3902 2155 3941 cum
2197 3884 2430 3939 Turcica
2484 3880 2676 3937 classis
2715 3879 2849 3932 adeo
2894 3892 2980 3931 se-

1414 3985 1613 4042 cundis
1641 3999 1737 4037 usa
1790 3984 1864 4036 sit
1916 3979 2115 4043 ventis,
2150 3986 2210 4032 ut
2261 3985 2445 4046 postea
2474 3988 2637 4042 quam
2675 3970 2983 4027 Constanti-

1421 4077 1602 4148 nopoli
1643 4076 1917 4135 solvisset,
1947 4073 2086 4125 intra
2124 4070 2273 4124 diem
2320 4067 2638 4123 vicesimum
2689 4062 2754 4117 ad
2796 4062 2984 4117 Chris-

1420 4175 1620 4226 tianam
1651 4167 1892 4238 profecta
1933 4163 2118 4217 fuerit.
2158 4162 2337 4231 thue
2366 4157 2529 4211 Turci
2565 4164 2715 4210 tanto
2771 4152 2983 4207 felicius

1420 4266 1617 4319 animis
1649 4260 1916 4330 destinata
1947 4257 2291 4327 perlicerent,
2333 4251 2445 4308 sub
2500 4248 2728 4303 mediam
2769 4252 2981 4300 noctem

1419 4366 1611 4409 ventus
1643 4349 1969 4407 Christianis
1997 4347 2256 4401 adversus
2282 4359 2405 4400 esse
2429 4342 2614 4411 cuapit,
2640 4338 2834 4393 Turcis
2861 4352 2985 4406 pro-

1418 4446 1581 4517 pitius
1606 4462 1619 4499 :
1657 4460 1764 4511 quo
1808 4444 2065 4495 nimirum
2100 4437 2273 4507 prima
2296 4432 2640 4490 Christianos
2664 4446 2861 4484 aurora
2888 4443 2988 4483 nec

1414 4539 1698 4607 cpiuantes
1730 4534 2120 4604 Oppritnerent.
2160 4529 2297 4583 llinc
2328 4524 2657 4581 miserabilis
2691 4524 2779 4578 illa
2807 4522 2988 4576 clades

1418 4639 1629 4692 secuta,
1665 4643 1771 4696 qua
1808 4626 1889 4680 vel
1922 4625 1992 4678 ab
2023 4623 2274 4678 hostibus
2330 4618 2522 4683 oet-isi,
2563 4617 2645 4670 vel
2694 4615 2851 4684 aquis
2898 4613 2990 4667 ab-

1420 4720 1611 4790 sorpti,
1642 4718 1722 4773 vel
1758 4719 1812 4772 in
1847 4717 2165 4772 servitutem
2196 4713 2413 4766 abducti
2451 4710 2624 4771 fuere,
2654 4708 2735 4761 vel
2787 4704 2988 4772 alioqui
3026 4715 3067 4771 ί)

1420 4814 1583 4865 variis
1614 4811 1824 4881 periere
1865 4807 2085 4862 casibus
2122 4804 2301 4859 decies
2329 4814 2382 4856 et
2416 4801 2587 4854 octies
2620 4799 2764 4852 mille
2794 4796 2985 4850 C..ris-

1423 4905 1577 4958 liani.
1615 4903 1892 4956 Triremes
1918 4899 2136 4953 amissaa
2178 4905 2306 4951 sunt
2362 4893 2453 4954 27.
2514 4906 2675 4945 naves
2730 4888 2992 4942 oneraria:

1427 4997 1509 5048 14.
1572 4992 1688 5045 Dux
1740 4987 2093 5052 bledinensis,
2154 4992 2369 5052 arrepta
2437 4980 2611 5048 luga,
2656 4992 2780 5029 cum
2832 4972 2990 5027 Joau.

1427 5086 1643 5138 Andrea
1678 5082 1835 5136 Doria
1881 5078 2095 5133 Meliten
2146 5074 2338 5130 evasit.
2404 5071 2613 5133 Gasto,
2665 5065 2993 5120 Medinens?s

1432 5177 1596 5239 liltus,
1645 5174 1698 5226 iu
1741 5178 2066 5241 potestatem
2099 5165 2341 5221 hostium
2374 5159 2680 5229 venit:qui
2728 5171 2855 5210 arce
2905 5170 2995 5208 oc-

1428 5276 1644 5336 cupata,
1670 5273 1892 5333 tamque
1914 5258 2200 5330 splendida
2229 5256 2384 5326 p0titi
2428 5250 2675 5316 victoria,
2737 5248 2840 5303 sub
2878 5262 2992 5299 mc-

1432 5358 1581 5409 dium
1611 5368 1850 5408 mensem
1882 5351 2188 5420 Augustum
2241 5347 2570 5407 discessere,
2604 5355 2767 5394 cursu
2807 5351 2997 5390 versus

1433 5445 1961 5502 AulonemAlbaniae
1987 5442 2220 5496 directo.
2275 5437 2634 5505 Contigerant
2694 5430 2806 5485 lucc
2854 5441 2997 5480 antro

1434 5541 1813 5594 .‘vlaliunietano
1842 5536 1946 5591 966
1976 5536 2134 5602 (Chr.
2168 5531 2353 5600 1560).

1503 5633 1705 5687 Eodem
1742 5644 1886 5683 anno
1928 5627 2092 5681 Turci
2145 5624 2387 5678 Filceum
2447 5622 2499 5673 in
2557 5615 2791 5686 Ungaria
2838 5625 2996 5680 supc-

1430 5728 1596 5789 riorc,
1637 5723 1814 5775 locum
1849 5720 1984 5774 satis
2038 5718 2327 5779 munitum,
2383 5721 2660 5780 ceperunt.
2716 5706 2792 5760 lbi
2860 5707 3000 5756 San-

1430 5820 1646 5890 giacum
1674 5814 2015 5869 Soleimanes
2046 5808 2357 5867 constituit,
2393 5805 2483 5873 qui
2542 5798 2773 5854 Budcnsi
2820 5795 2999 5849 Bassx‘e

1437 5909 1718 5979 subjectus
1752 5917 1916 5960 esset.
1952 5903 2138 5973 Neque
2181 5902 2353 5955 multo
2382 5906 2505 5968 post
2560 5891 2810 5949 inducias
2867 5887 2997 5941 Fer-

1436 6001 1709 6059 diuandns
1736 6000 2015 6067 Augustus
2044 6006 2095 6050 et
2149 5993 2486 6049 Soleimanes
2541 5985 2813 6049 pepigere,
2876 5996 2995 6051 quae

3042 750 3141 804 dus
3160 756 3437 814 superstes
3460 744 3581 798 fuit.

3118 888 3271 941 Anno
3296 884 3396 938 967
3441 882 3592 950 (Chr.
3633 876 3788 945 1361)
3844 875 4084 929 Jacobus
4129 871 4351 941 quidam
4393 868 4616 923 natione

3043 981 3289 1040 Graecus,
3321 975 3412 1045 qni
3444 983 3497 1027 et
3555 968 3882 1029 Heraclidis,
3945 976 4000 1019 et
4055 963 4273 1018 Basilici
4304 974 4615 1030 cognomen

3046 1085 3345 1139 usurpans,
3426 1066 3494 1120 ab
3541 1062 3783 1131 antiquis
3855 1057 4128 1111 Valachim
4178 1054 4381 1118 regulis
4444 1066 4621 1122 genus

3047 1179 3203 1218 suum
3233 1157 3532 1229 repetebat,
3560 1168 3728 1224 seque
3764 1153 4066 1207 insularum
4103 1149 4155 1203 in
4204 1146 4414 1214 IEgzco,
4466 1140 4622 1198 Sami

3047 1258 3352 1326 despotam,
3384 1250 3503 1304 Pari
3536 1245 3916 1302 marchettinm
3942 1242 4058 1298 sive
4097 1237 4471 1294 marchionem
4523 1247 4625 1286 vo-

3049 1352 3231 1413 cabat,
3268 1345 3412 1417 apud
3464 1341 3730 1413 quosdam
3772 1337 4009 1393 Poloniae
4061 1345 4317 1403 proceres
4346 1371 4363 1395 ,
4420 1326 4628 1397 quibus

3050 1449 3384 1505 innotuerat,
3431 1447 3642 1492 tantum
3702 1433 3911 1487 ellicere
3957 1429 4176 1499 potuit:
4237 1423 4318 1479 uti
4375 1418 4625 1487 complu-

3051 1539 3191 1591 rium
3218 1531 3516 1601 corrogatis
3545 1523 3949 1589 auxiliis,inter
3980 1534 4120 1589 quos
4149 1516 4422 1587 principes
4442 1517 4627 1572 erant,

3054 1633 3307 1685 Alhertus
3332 1625 3560 1688 Lascus,
3585 1617 3993 1689 Philippovius,
4026 1612 4342 1667 Lassocius.
4388 1608 4444 1659 in
4486 1602 4625 1656 Mol-

3053 1726 3270 1779 davianr
3311 1726 3517 1773 armata
3544 1729 3706 1769 manu
3747 1708 4130 1766 deduceretur.
4171 1700 4300 1756 Erat
4333 1708 4449 1752 tum
4505 1696 4630 1764 ejus

3057 1812 3298 1883 regionis
3329 1810 3604 1879 princeps,
3637 1816 3763 1855 cum
3799 1797 3956 1853 titulo
3987 1796 4246 1856 despotze,
4292 1787 4628 1847 Alexander,

3057 1909 3126 1961 oh
3163 1901 3462 1957 inauditam
3520 1893 3812 1966 quamdam
3868 1885 4258 1942 immanitatem
4310 1893 4440 1947 erga
4501 1889 4636 1931 suos

2993 2026 3027 2081 η
3062 1997 3305 2052 infamis.
3364 1990 3520 2045 Hunc
3602 1996 3899 2040 numeroso
3953 1980 4280 2034 instructum
4345 1968 4634 2029 exercitu,

3596 2080 3621 2081 Ὺ
3693 2078 3703 2081 ³
3946 2071 3969 2081 ⁸
4060 2069 4116 2081 ⁸⁸-
4208 2065 4231 2081 ⁸
4310 2074 4352 2081 γρ
4434 2062 4475 2081 ll
4520 2061 4605 2081 IJA

3062 2092 3268 2146 Lascus
3300 2088 3459 2152 longe
3482 2080 3659 2151 copiis
3692 2078 3890 2145 impar,
3944 2069 4142 2131 fundit,
4207 2065 4378 2135 fugat,
4432 2061 4637 2114 Mulda-

3063 2185 3164 2239 vice
3186 2194 3358 2252 regno
3395 2175 3567 2247 pellit,
3626 2180 3905 2238 totamque
3955 2165 4244 2219 ditionem,
4300 2156 4471 2212 armis
4536 2154 4637 2207 do-

3066 2245 3274 2337 mitam,
3301 2245 3504 2326 Iacobo
3529 2260 3911 2336 possidendam
3950 2256 4135 2311 tradit.
4198 2252 4391 2306 Victus
4444 2245 4643 2317 pra'lio

3067 2371 3164 2424 fuit
3199 2376 3464 2436 tyrannus
3488 2356 3794 2413 Alexander
3832 2352 3920 2406 die
3952 2348 4019 2402 l8
4068 2341 4417 2399 Novembris.
4479 2338 4615 2391 Jaco

3068 2466 3168 2518 hus
3199 2432 3476 2514 hlollaviaz
3511 2453 3733 2520 despma
3794 2448 3989 2504 lactus,
4023 2438 4263 2510 profusis
4311 2432 4454 2500 apud
4511 2444 4646 2500 por-

3070 2568 3176 2610 tam
3208 2548 3588 2621 largitionihus
3619 2556 3648 2596 a
3689 2540 3907 2595 sultano
3947 2534 4252 2590 Soleimane
4303 2525 4648 2594 impetravit,

3071 2658 3128 2701 ut
3157 2648 3210 2699 in
3232 2618 3498 2709 occupato
3520 2636 3827 2706 principatu
3862 2644 3959 2697 pro
3992 2638 4143 2681 more
4200 2618 4649 2674 conﬁrmaretur.

3142 2706 3819 2793 Anno9tiQtClir.1565)
3875 2718 4111 2773 Iacobus
4161 2712 4388 2781 despota
4450 2706 4568 2762 suis
4621 2719 4651 2757 a

3075 2825 3351 2889 Valacltis,
3390 2818 3704 2875 hominibus
3734 2813 4017 2884 improbis,
4051 2810 4244 2865 fraude
4291 2809 4653 2863 circumven-

3074 2929 3185 2982 tus,
3213 2925 3269 2971 nt
3293 2916 3431 2968 elabi
3465 2926 3568 2965 non
3594 2916 3799 2979 posset,
3830 2906 3918 2959 die
3945 2904 3979 2959 5
4002 2901 4325 2957 Novemhris
4350 2896 4652 2952 occiditur.

3084 3012 3191 3066 Hoc
3221 3004 3596 3067 memorabile,
3636 2999 3780 3068 quod
3852 2994 4193 3050 moriendum
4262 2990 4368 3045 sibi
4426 2988 4651 3045 videns.

3076 3103 3281 3158 milium
3325 3095 3519 3166 abjecti
3567 3092 3731 3146 animi
3772 3089 3986 3158 signum
4033 3084 4223 3139 dedit:
4281 3081 4376 3136 sed
4423 3080 4658 3133 indutu:

3077 3200 3278 3254 amictu
3343 3194 3511 3264 regio,
3575 3190 3727 3243 vultu
3790 3185 4082 3253 intrepido,
4137 3181 4391 3236 oratione
4452 3176 4658 3237 libera,

3079 3292 3237 3351 bene,
3270 3296 3527 3354 recteque
3551 3290 3760 3352 gestam
3791 3278 3857 3331 ab
3885 3292 3943 3330 se
3998 3272 4412 3343 rempublicam,
4455 3270 4663 3323 multa-

3004 3367 3045 3423 ο
3078 3398 3185 3454 que
3203 3377 3503 3450 singularia
3537 3373 3797 3431 beneficia
3824 3368 4079 3423 Valachis
4116 3367 4233 3420 suis
4278 3362 4665 3432 exprobravit,

3082 3452 3251 3531 [leum
3283 3477 3537 3542 precatus
3573 3465 3868 3527 vindicem,
3895 3462 3969 3514 uti
3994 3457 4275 3529 perfidiam
4327 3463 4385 3509 et
4426 3452 4657 3523 ingrati.

3083 3569 3325 3625 tudinem
3361 3564 3603 3617 barbara:
3624 3556 3799 3627 gentis
3830 3552 4203 3608 ulcisceretur.
4233 3547 4505 3617 Equidem
4535 3546 4669 3598 ado-

3082 3667 3290 3718 lescens
3339 3654 3614 3712 hominem
3670 3648 3780 3704 vidi
3834 3656 3889 3699 et
3935 3644 4055 3698 novi
4124 3642 4312 3711 prius,
4364 3655 4535 3709 quam
4614 3640 4674 3691 iu

3084 3752 3362 3809 Poloniam
3422 3743 3582 3816 355
3639 3737 4098 3811 proficisceretur.
4162 3731 4322 3785 \‘ultu
4395 3728 4679 3800 praeditus

3082 3857 3199 3903 erat
3232 3841 3466 3903 liberali,
3492 3845 3696 3894 statura
3760 3848 3866 3887 non
3922 3841 4141 3898 magna,
4168 3824 4395 3878 robusto
4451 3830 4679 3881 tamen,

3086 3948 3428 4004 nervosaque
3468 3942 3721 3999 corpore,
3752 3923 3948 3995 capillo
3979 3920 4156 3990 nigro,
4205 3916 4391 3984 lingua
4434 3912 4683 3967 diserta.

3089 4032 3267 4085 Rebus
3294 4028 3346 4081 in
3380 4023 3634 4078 omnibus
3671 4017 3963 4089 quamdam
4006 4026 4116 4082 pra:
4136 4025 4195 4063 se
4222 4006 4435 4060 ferebat
4483 4004 4691 4075 digni-

3080 4120 3275 4178 tatem.
3301 4119 3470 4172 Norat
3503 4126 3636 4170 sane
3666 4124 3828 4181 quam
3855 4108 4128 4177 eleganter
4182 4101 4395 4162 Graece.
4439 4097 4687 4160 Latine,

3090 4216 3292 4279 ltalice,
3318 4210 3545 4265 Gallice.
3610 4198 4039 4260 Commemorari
4069 4207 4124 4252 et
4153 4194 4256 4248 alia
4287 4192 4356 4247 de
4399 4190 4507 4245 hoc
4544 4205 4698 4260 pos-

3090 4315 3233 4371 sent,
3264 4301 3463 4374 quibus
3492 4291 3984 4366 superscdeudum,
4014 4285 4159 4356 quod
4200 4284 4369 4351 hujus
4395 4295 4509 4336 non
4541 4289 4700 4335 sunt

3091 4397 3214 4453 loci.
3239 4371 3395 4461 Quod
3427 4401 3606 4444 autem
3652 4385 3707 4438 in
3739 4380 3927 4451 primis
3966 4379 4073 4430 huc
4121 4375 4381 4444 pertinet,
4443 4371 4708 4440 quando

3092 4488 3227 4544 nulli
3260 4494 3387 4540 sunt
3427 4485 3479 4535 in
3515 4480 3647 4534 orbe
3704 4472 3923 4530 barbari
3957 4466 4211 4522 Valachis
4269 4466 4712 4519 inconstantio—

3095 4598 3180 4636 rcs
3222 4592 3346 4646 erga
3368 4573 3624 4627 dominos
3656 4582 3808 4629 suos,
3839 4577 3975 4633 quos
4004 4560 4326 4628 frequenter
4370 4564 4427 4609 et
4465 4564 4717 4608 temere

3094 4679 3345 4727 mutant:
3381 4667 3512 4722 hbet
3542 4664 3629 4718 hic
3682 4658 3981 4729 subjicere,
4014 4668 4180 4726 quam
4220 4649 4429 4704 multos
4478 4648 4713 4718 paucis

3093 4763 3254 4821 annis
3278 4758 3517 4814 Jacobus
3546 4755 3634 4808 hic
3693 4752 3919 4820 despota
3977 4755 4331 4802 successores
4386 4738 4722 4794 habuerit.

3094 4858 3306 4925 Quippe
3337 4850 3520 4907 statim
3575 4846 3644 4901 ab
3709 4844 3832 4910 ejus
3894 4839 4142 4901 interitu,
4179 4842 4408 4889 vocatus
4440 4847 4475 4886 a
4524 4831 4724 4885 Vala-

3095 4954 3212 5007 chis
3239 4948 3352 5000 Dux
3387 4941 3696 4997 Demetrius
3735 4932 4105 4996 Visnovecius,
4160 4925 4472 4984 Soleimani
4543 4926 4729 4981 Con-

3096 5038 3504 5110 stantinopolim
3540 5035 3759 5089 vinetus
3787 5030 3852 5082 ad
3891 5033 4095 5081 certam
4143 5011 4347 5075 necem
4407 5019 4728 5075 mittitur.

3098 5137 3225 5205 Ejus
3258 5133 3377 5187 loco
3402 5127 3639 5189 Thomsa
3668 5122 3923 5193 princeps
3989 5132 4019 5171 a
4074 5113 4321 5169 factiosis
4371 5114 4733 5167 salutatur.

3099 5230 3147 5285 ls
3178 5242 3303 5283 cum
3344 5221 3639 5294 perexiguo
3687 5225 3932 5282 tempore
3989 5224 4102 5265 rem
4136 5205 4433 5261 Valacham
4515 5208 4737 5261 adrui-

3099 5325 3405 5383 nistrasset,
3439 5316 3506 5369 a‘o
3564 5310 3869 5364 Alexandro
3916 5305 4029 5372 jam
4084 5312 4304 5354 reverso
4354 5300 4740 5367 expellitur,

3099 5426 3153 5470 et
3181 5415 3232 5468 in
3264 5410 3511 5465 Βοειιὶξιτιι
3555 5402 3840 5471 profugus,
3907 5392 4241 5465 Sigismnndi
4271 5392 4545 5458 Augusti
4624 5394 4738 5449 Po.

3102 5509 3259 5562 lonia:
3293 5501 3432 5571 regis
3467 5498 3647 5569 jussu,
3681 5492 3745 5545 ad
3784 5486 4021 5542 Podulize
4051 5483 4441 5553 LeoutOpolim
4528 5488 4745 5556 capue

3104 5602 3376 5669 plectitur.
3403 5587 3712 5645 Alexandro
3743 5583 3953 5646 reduci,
4009 5591 4298 5651 postquam
4361 5576 4583 5633 ru-bus
4641 5582 4747 5632 ιιυ-

3105 5690 3281 5745 manis
3307 5694 3595 5751 exemptus
3626 5678 3838 5739 fuisset,
3863 5672 4121 5727 successit
4166 5669 4310 5721 filius
4344 5665 4748 5736 Βιιειὶειιηιεε

3106 5781 3360 5851 Bogdauo
3391 5775 3598 5835 lvonia,
3631 5770 3722 5839 qui
3783 5784 3841 5822 se
3887 5763 4146 5833 Stephani
4198 5761 4515 5825 quondalu
4611 5763 4748 5816 \‘ai.

3108 5850 3257 5927 \‘tltlLB
3334 5869 3501 5922 filium
3564 5879 3627 5917 ex
3683 5856 3989 5915 concubina
4061 5850 4413 5923 perhibebat.
4539 5856 4749 5911 ιτοιιςι

3110 5971 3210 6033 (sic
3239 5965 3501 6020 Joannem
3535 5958 3636 6027 ipsi
3702 5953 3916 6015 vocant)
3957 5966 4077 6003 cum
4134 5947 4322 6011 iniqua
4373 5954 4756 6009 petentibus
