4866 6594
179 354 268 416 657
1267 356 1637 416 SUPl’LEM.
1685 356 1959 419 ANNAL
1994 360 2094 419 ΤΟ

1511 358 1637 416 ΕΜ.
1685 356 1959 419 ΑΝΝΛΙ..
1994 360 2302 422 TUliClC.
3326 363 3432 425 658

185 473 363 529 Turcis
414 473 762 543 denegasset,
825 472 1194 541 adjunctoqne
1250 475 1353 527 sibi
1416 489 1524 527 non
1566 488 1763 541 magno
1798 476 1837 529 Α
1868 475 2117 531 Gabriele
2156 477 2404 542 Pereuio,
2446 489 2743 546 contraque
2810 479 2979 549 legem
3032 480 3322 535 deditionis
3382 482 3435 535 id

183 566 497 619 Polonorum
529 564 775 630 equitnm
808 564 1154 629 militumque
1187 578 1440 626 numero,
1476 580 1571 616 uec
1610 580 1741 615 cou-
1864 566 1979 621 fieri
2021 571 2378 625 causantibus
2418 587 2431 622 :
2467 572 2690 626 Sueudii
2742 584 2918 627 tamen
2953 575 3299 639 auctoritate,
3345 582 3434 643 qui

181 657 474 710 lentnendis
506 671 731 710 suorum
758 657 965 710 coactis
996 657 1192 725 copiis,
1221 656 1385 710 nimis
1406 674 1466 723 gr
1507 672 1566 710 ve
1618 658 1740 709 bar-
1855 658 1939 710 vel
1974 674 2098 711 cum
2138 660 2316 729 aliqua
2343 661 2558 730 jactura
2589 662 2747 715 fidem
2784 664 2963 717 datam
3014 617 3299 731 religiose,
3320 617 3409 716 srir

179 748 638 849 bf'iorumni‘lgum
671 759 925 849 excuti-re
959 761 1273 812 conaretur,
1318 765 1348 803 a
1411 749 1743 803 fidelissimis
1858 752 2090 802 vaudam
2118 752 2347 819 diceret,
2380 755 2675 822 quominus
2700 753 2768 808 iis
2804 756 3155 826 spoliaretur.
3183 756 3440 810 obtinuit,

180 838 531 941 sibi-creditis
560 839 825 907 proditus,
851 842 941 906 qui
973 840 1125 897 missi
1151 841 1389 901 fuerant,
1420 852 1478 894 ttt
1504 856 1530 891 a
1557 852 1740 895 trans-
1859 844 1987 897 lude
2036 844 2357 897 Zcrcnzinm
2398 808 2474 899 lin
2514 808 2849 913 potestatein
2901 850 3067 911 venit,
3130 808 3445 915 birdeliiqno

176 932 408 1034 jectione
439 931 669 986 Danubii
732 932 940 987 Turcos
970 942 1243 995 arcerent,
1282 932 1557 1001 indignam
1622 948 1737 985 ma-
1858 935 2118 1003 begusde
2154 937 2394 990 Zatmari
2426 938 2748 993 defensione
2780 941 3104 1007 dcslierans,
3161 941 3442 993 incensam

179 1023 653 1123 gnanit'ui-tal‘esua
678 1034 905 1123 mortem
930 1026 1179 1093 oppetiit.
1236 1024 1300 1078 Εἰ
1333 1023 1549 1089 Petrus,
1610 1025 1744 1077 alte-
1861 1031 2219 1084 munitionem
2250 1032 2393 1084 hosti
2426 1031 2643 1101 reliquit
2672 1033 2875 1085 invitus
2909 1051 2920 1086 :
2951 1048 3113 1100 quam
3143 1033 3442 1093 Sueutlins.

180 1128 284 1167 rtus
319 1111 590 1167 Valacluac
622 1116 886 1184 principis
936 1116 1126 1180 frater,
1186 1115 1497 1171 faventibus
1550 1115 1747 1170 Turcis
1860 1123 1929 1175 ob
1965 1122 2268 1176 naturalem
2328 1124 2466 1175 situs
2493 1125 2961 1184 commoditatem,
2999 1139 3121 1176 mox
3173 1124 3440 1177 ἰιιδιιιιιιςι-

180 1205 431 1261 suffectus
471 1207 594 1261 fuit.
626 1207 730 1263 Sed
756 1210 901 1262 enim
929 1208 1125 1274 dehis,
1161 1208 1263 1263 hoc
1284 1209 1503 1278 quidem
1529 1209 1747 1273 inloco,
1863 1216 1957 1268 vit.
1997 1214 2135 1269 llinc
2194 1216 2517 1269 transmisso
2558 1217 2806 1282 Tibiscu,
2877 1216 3148 1280 Erdcuda,
3211 1216 3451 1275 (Σιινιιι-ει,

181 1300 306 1354 satis
359 1317 373 1354 :
434 1300 658 1370 quando
702 1304 768 1355 ad
827 1302 1177 1371 insequentes
1224 1318 1398 1358 annos
1457 1302 1749 1371 pertinent.
1866 1307 2050 1370 Bator,
2097 1305 2345 1368 Vibania.
2416 1306 2745 1361 Senderevia
2806 1307 2989 1375 (quod
3046 1321 3075 1358 a
3121 1306 3179 1357 S.
3235 1306 3448 1357 Αιιιιγσ-ιι

182 1392 330 1448 Νιιηο
363 1394 426 1446 ad
462 1394 754 1446 Annalium
784 1396 977 1448 seriem
1015 1399 1321 1450 redeamus.
1867 1400 2159 1455 deductum
2192 1418 2390 1455 nomen
2418 1401 2547 1467 est),
2576 1415 2838 1470 prospero
2867 1398 3107 1451 victorite
3130 1395 3454 1448 Sueudauia:

245 1488 535 1590 Anno—ilio
580 1488 750 1590 (Chr.-
775 1488 959 1590 ιριξιι),
999 1504 1184 1544 mense
1238 1490 1567 1590 Septembri,
1618 1490 1757 1545 duce
1866 1511 2055 1559 cursu,
2097 1495 2453 1549 Maxituiliaui
2491 1495 2726 1550 Caesaris
2775 1494 3067 1561 imperium
3101 1499 3450 1559 acceperunt.

179 1580 365 1633 Carzia
399 1579 665 1635 Toletano
726 1580 962 1634 feliciter
984 1592 1249 1651 occupata
1301 1583 1400 1636 fuit
1431 1599 1526 1637 arx
1562 1584 1612 1635 in
1662 1598 1757 1636 ora
1869 1590 2001 1643 Tam
2033 1589 2097 1642 de

1562 1584 1612 1635 in
1662 1598 1757 1636 ora
1869 1590 2001 1643 Tam
2033 1589 2267 1659 denique
2318 1589 2502 1642 felices
2535 1589 2584 1642 hi
2620 1602 2910 1641 successus
2950 1597 3126 1646 erant,
3188 1594 3246 1636 ut
3297 1599 3451 1651 opem

185 1674 468 1726 maritimae
490 1672 743 1742 Aphrica‘.
772 1674 889 1729 sive
916 1672 1191 1727 Barbarize
1217 1675 1342 1737 sita,
1371 1691 1535 1743 quam
1564 1684 1762 1728 vocant
1872 1684 2105 1753 impiam

1530 1694 1535 1727 I
1564 1684 1762 1728 vocant
1872 1684 2205 1753 implorante
2246 1684 2383 1751 lwgo
2417 1683 2641 1746 Erdt-lii,
2675 1681 2927 1735 sultanus
2970 1678 3312 1733 Soleituaues
3347 1690 3452 1728 nou

184 1766 480 1836 Piguoucrn
513 1767 629 1821 sive
664 1783 852 1835 rupem
918 1765 1123 1829 Velrzi,
1147 1766 1291 1836 quod
1325 1768 1509 1836 oppidi
1561 1783 1759 1822 nomen
1803 1824 1841 1872 Β
1873 1794 2106 1833 ευρεηιτ.

1561 1783 1759 1822 nomen
1803 1824 1841 1872 Β
1873 1794 2194 1833 succurrere
2220 1779 2489 1831 duntaxat
2518 1776 2565 1828 ei
2603 1775 2729 1829 totis
2768 1775 2998 1838 viribus,
3061 1787 3249 1828 verum
3287 1770 3458 1839 ipsius

180 1870 283 1920 est.
318 1860 371 1913 in
410 1861 724 1915 continente
750 1860 861 1923 siti,
887 1875 917 1916 a
945 1877 1048 1929 qua
1084 1876 1248 1929 rupes
1279 1862 1421 1915 arcis
1466 1861 1759 1927 disiuncta,
1803 1860 1841 1878 ν
1875 1871 2038 1925 sua“,
2077 1871 2102 1923 ιι

1539 1861 1759 1927 dum”.
1803 1860 1841 1878 ν
1875 1871 2038 1925 etiam
2077 1870 2202 1923 huic
2243 1870 2294 1923 in
2332 1867 2625 1939 Ungariam
2689 1865 3024 1937 expeditioni
3079 1878 3313 1933 prmesse
3370 1864 3461 1912 de—

182 1954 416 2021 undique
446 1952 602 2020 aquis
632 1953 1145 2022 cingitur.Turcicis
1165 1969 1225 2007 ea
1242 1954 1444 2021 piratis,
1469 1951 1765 2022 Hispanum
1874 1963 2104 2019 creverit

1538 1968 1765 2022 sPanum
1874 1963 2125 2019 creverit.
2163 1962 2267 2016 Sed
2304 1961 2728 2017 existimabatur
2757 1960 2825 2013 ab
2882 1958 2984 2013 hoc
3027 1957 3275 2013 instituto
3331 1970 3459 2009 suo-

182 2048 404 2115 pelagus
437 2046 844 2113 iufestantibus,
881 2062 1136 2102 securum
1187 2047 1454 2101 hactenus
1488 2056 1765 2118 receptum
1876 2074 1992 2110 τιιιι.
2031 2056 2280 2111 consutis
2340 2054 2570 2112 τευ-ειη,
2633 2053 2725 2121 qui
2763 2051 3090 2113 suadebam,
3146 2058 3203 2101 ,η
3258 2048 3459 2117 ίηερηι,

182 2141 518 2208 praebuerat:
553 2140 695 2211 quod
715 2150 857 2196 esset
887 2141 938 2194 in
972 2142 1261 2211 praeruptis
1301 2141 1470 2210 posita
1504 2142 1766 2209 scopulis,
1876 2149 2104 2219 expedit;

1540 2142 1766 2209 COPUHS.
1876 2149 2124 2219 expedita
2165 2148 2338 2203 classe
2412 2146 2627 2201 Meliten
2664 2144 2968 2207 invaderet,
3006 2152 3062 2198 et
3094 2142 3283 2197 fractis
3308 2141 3462 2210 equi-

182 2245 234 2290 et
266 2236 509 2304 undique
540 2235 661 2306 (ceu
690 2234 921 2305 dictum)
974 2235 1110 2289 mari
1155 2235 1479 2290 circumﬂuo
1509 2238 1735 2289 munita.
1878 2252 1992 2295 turn
2027 2241 2104 2294 Me

1537 2238 1735 2289 ﬂunila-
1878 2252 1992 2295 tutu
2027 2241 2388 2295 Melitensinm
2420 2240 2633 2295 viribus
2686 2238 2923 2292 insulam
2953 2243 3271 2305 occuparet.
3306 2233 3459 2299 Quod

258 2328 373 2381 SUb
400 2328 606 2382 θιίυηη
638 2327 883 2397 θὶυδάθιη
932 2327 1084 2391 anili.
1139 2338 1354 2383 mortuo
1385 2328 1538 2397 prius
1587 2327 1769 2382 Ferdi-
1878 2333 2096 2403 quidem
2164 2341 2224 2385 ut
2287 2333 2513 2393 faceret,
2576 2331 2630 2383 in
2666 2328 2857 2397 primis
2885 2326 3166 2381 lihasanes
3224 2325 3465 2380 Cesairis

186 2422 371 2476 Itautlo
394 2420 663 2488 Augusto,
717 2419 802 2474 die
825 2418 895 2473 ΞΒ
938 2417 1089 2484 Julii,
1123 2420 1341 2488 lilioque
1395 2418 1771 2473 Maxhuiliauo
1881 2429 2108 2498 prosolt;

1547 2420 1771 2473 milliillo
1881 2429 2258 2498 prosultanus,
2288 2424 2637 2479 Chairadinis
2668 2422 3017 2476 Barbarossae
3044 2420 3207 2482 lilius,
3241 2426 3295 2471 et
3329 2417 3464 2469 Dra-

186 2516 278 2619 vis
341 2514 627 2619 imperium
690 2512 1013 2619 aluspicaIO.
1068 2510 1307 2565 Joannes
1379 2511 1771 2581 Sigisnmndus
1882 2531 2037 2591 gntes
2097 2520 2399 2589 Saugiacus
2460 2516 2859 2586 Tripolitanus,
2923 2513 3212 2584 urgebant.
3278 2511 3468 2578 Itaque

189 2608 449 2677 princeps
493 2604 941 2666 Transsilvauire,
980 2604 1062 2659 vel
1092 2605 1174 2675 (ut
1211 2604 1373 2656 'l‘urci
1415 2611 1627 2671 vocant)
1680 2603 1776 2656 Er-
1885 2617 2027 2668 hanc
2058 2616 2111 2676 in

1552 2611 1627 2671 "ll
1680 2603 1776 2656 El"
1885 2617 2027 2668 hanc
2058 2616 2111 2676 in
2144 2612 2470 2665 sententiam
2504 2610 2686 2662 animo
2730 2606 3095 2678 propendens,
3154 2612 3212 2657 ut
3246 2601 3468 2655 interim

190 2700 323 2755 delii
357 2699 547 2768 begns.
584 2697 769 2752 infelix
802 2697 1005 2751 sultani
1031 2696 1362 2751 Soleintanis
1421 2695 1775 2749 successione
1884 2707 2036 2760 ωτι-ο
2067 2712 2379 2760 common“)
2413 2701 2577 2772 356
2608 2697 3036 2753 Maximiliauum
3090 2697 3289 2764 partim
3321 2692 3469 2761 gravi

191 2802 421 2860 paterna
446 2791 638 2851 cliens.
698 2788 869 2844 fretus
905 2789 1114 2844 viribus
1141 2787 1354 2854 patroni
1406 2797 1512 2840 tam
1541 2785 1777 2855 potentis
1886 2808 2102 2867 5“um

1549 2785 1777 2894 Pow‘lllis
1886 2808 2102 2867 sumptu
2142 2797 2264 2851 belli
2299 2795 2635 2854 exhauriret,
2688 2790 2951 2844 instinctu
3018 2787 3313 2847 Erdeliaui,
3349 2801 3471 2853 par-

192 2885 287 2953 rlui
324 2892 710 2947 ί³¹¹¹⁸¹¹⁵¹¹ι¹¹¹¹ο
736 2898 841 2936 "0"
874 2880 1092 2951 clientis
1118 2881 1464 2933 οοιηιηοάυηι
1500 2877 1773 2946 “Nam”:
1888 2892 1981 2945 tim
2018 2890 2311 2950 inhiberet,
2361 2885 2661 2954 quominus
2709 2882 2940 2936 ulterius
2998 2877 3421 2949 progrederetur
3457 2892 3470 2926 :

192 2990 252 3031 et
278 2976 637 3047 perduellium
670 2974 1029 3045 quorumdam
1087 2989 1401 3042 procerum,
1457 2973 1620 3039 inque
1674 2974 1779 3038 pri-
1889 2993 2114 3053 προειπιε

1554 2986 1620 3025 ¹¹⁰
1674 2974 1779 3038 bri-
1889 2993 2191 3053 apostatam
2226 2980 2574 3033 Cibiuenscm
2616 2976 2855 3045 ablegat,
2891 2973 2984 3041 qui
3024 2987 3148 3025 eum
3186 2970 3252 3023 ad
3286 2981 3472 3038 pacem

199 3073 309 3126 mis
398 3070 618 3140 Georgii
689 3069 878 3124 Bebeci
975 3068 1154 3121 noxiis
1250 3064 1562 3133 reipublicae
1624 3061 1780 3117 Clui-
1890 3092 2010 3129 cum
2073 3075 2121 3127 El

1556 3082 1562 3112 ε
1624 3061 1780 3117 δίηί·
1890 3092 2010 3129 cum
2073 3072 2364 3127 Erdeliauo
2421 3070 2705 3123 colendam
2770 3066 3179 3119 exhortaretur.
3241 3060 3397 3114 Venit
3425 3071 3478 3114 ct

206 3166 411 3219 stianae
447 3163 693 3217 consiliis
734 3162 1015 3225 incitatus,
1046 3159 1382 3221 Zatniarum,
1442 3173 1545 3209 non
1601 3155 1781 3222 exigui
1813 3172 1858 3230 ο
1898 3168 2123 3222 Vienna,

1601 3155 1781 3222 εκίὶζηῖ
1813 3172 1858 3230 C
1898 3168 2159 3222 Viennam
2192 3180 2315 3217 cum
2367 3161 2639 3215 Erdeliaui
2685 3157 2956 3211 mandatis
2990 3156 3178 3210 eodem
3231 3164 3476 3223 tempore

201 3256 471 3312 momenti
533 3255 915 3316 munitionem,
970 3252 1146 3320 ejecto
1204 3249 1498 3303 Melchiore
1544 3248 1784 3310 Balassa,

201 3349 467 3419 praefecto
490 3347 742 3413 Caesaris,
776 3361 838 3400 ac
878 3345 1152 3399 thesauris
1186 3343 1322 3413 ejus.
1347 3342 1599 3411 conjuge,
1657 3340 1788 3393 libe-

206 3443 399 3509 risque
425 3439 620 3509 captis,
651 3453 806 3491 suam
835 3438 887 3490 in
916 3445 1236 3505 potestatem
1282 3434 1506 3502 redegit.
1542 3431 1672 3497 Quae
1707 3446 1791 3485 res

203 3549 340 3586 cum
372 3531 737 3584 Maximiliano
768 3530 1012 3597 Augusto
1042 3542 1384 3597 nequaquam
1410 3528 1461 3579 iu
1490 3526 1608 3592 ipso
1640 3524 1788 3589 regni

208 3625 448 3679 exordio
482 3624 705 3677 ferenda
731 3622 1028 3686 videretur,
1059 3637 1178 3676 cum
1225 3621 1360 3675 alios
1389 3618 1528 3671 bello
1558 3616 1796 3686 gerendo

209 3725 392 3775 duces
446 3718 667 3773 idoneos
717 3717 1040 3779 arcessivit,
1093 3725 1206 3768 tum
1278 3713 1483 3766 Lazaro
1534 3712 1794 3772 Sneudio,

212 3811 426 3868 Baroui
473 3812 605 3864 Alta:
646 3810 1045 3877 Landispcrgm,
1098 3808 1257 3861 rebus
1308 3805 1521 3869 tuaguis
1572 3804 1800 3856 solerter

212 3914 279 3960 et
322 3902 584 3972 praeclare
623 3900 788 3971 gestis
831 3901 893 3953 ad
918 3913 1134 3953 onmem
1172 3895 1502 3964 posteritazis
1539 3895 1801 3947 memori-

216 4013 314 4050 atu
345 3994 541 4049 illustri
569 3994 708 4054 viro,
740 4006 1010 4047 summam
1045 3990 1167 4044 belli
1202 3986 1645 4045 administrandi.
1681 4001 1801 4038 atu-

218 4088 477 4157 plissima
499 4102 622 4140 cum
647 4092 937 4155 potestate,
964 4082 1264 4137 commisit.
1332 4079 1445 4133 Sub
1476 4094 1561 4142 eo,
1614 4087 1804 4147 prmtcr

222 4183 502 4249 Ungaros,
532 4179 760 4233 feliciter
793 4178 896 4231 hoc
940 4176 1079 4230 bello
1107 4175 1362 4229 Germani
1397 4172 1606 4241 aliquot
1650 4170 1806 4224 uobi-

220 4272 433 4329 lissimi
488 4272 692 4325 tribuni
755 4270 1058 4322 militarunt
1123 4282 1138 4318 :
1206 4266 1501 4333 equitum,
1570 4262 1810 4317 Joannes

221 4368 490 4421 Huberus
541 4381 570 4418 a
606 4361 958 4424 Pixendmfo,
1017 4358 1255 4413 Joannes
1298 4358 1365 4410 ab
1422 4354 1808 4421 Ascemburgo,

216 4460 477 4516 Iacobus
508 4472 537 4510 a
588 4453 1040 4520 Schulentburgo,
1079 4449 1345 4504 Henricus
1379 4464 1408 4501 a
1457 4446 1810 4507 Gleizeutala;

225 4551 482 4621 peditum
517 4562 667 4611 vero,
692 4544 931 4600 Joannes
966 4542 1300 4596 Weruherns
1331 4555 1359 4593 a
1394 4538 1675 4599 liaitenau,
1708 4538 1816 4589 ltu-

222 4641 427 4698 tlolfus
458 4656 485 4693 a
523 4638 685 4701 Salis,
721 4638 920 4706 aliique
951 4637 1283 4705 complures.
1314 4632 1579 4687 Suendius
1615 4631 1820 4697 absque

232 4750 400 4791 mora
437 4747 541 4785 non
578 4730 803 4797 exiguas
840 4728 1083 4797 equitum
1117 4726 1471 4794 peditumque
1524 4722 1822 4777 Germano-

230 4845 367 4885 rum
403 4826 592 4895 copias
620 4826 673 4880 in
697 4839 885 4894 agrum
915 4821 1002 4888 qui
1031 4836 1059 4871 a
1087 4818 1330 4887 Gepidis,
1351 4817 1575 4883 antiqua
1603 4815 1825 4865 natitme

228 4920 569 4981 Germanica
597 4957 615 4983 ,
642 4913 969 4983 Cepisieusis
1014 4911 1282 4978 hodieque
1343 4909 1546 4963 dicitur
1575 4949 1586 4967 ,
1613 4906 1821 4959 eduxit.

322 5015 467 5070 Auni
488 5009 767 5081 sequentis
803 5009 955 5077 (Chr.
987 5006 1142 5060 1565ι
1197 5004 1375 5064 initio,
1411 5004 1583 5054 media
1614 5002 1827 5061 lnuntn,

232 5108 514 5163 'l'ocaium
551 5102 823 5156 Sueudius
856 5099 1136 5152 celeritate
1161 5093 1468 5147 admirabili
1500 5103 1774 5159 expugnat
1812 5108 1823 5143 :

218 5214 364 5269 quo
381 5206 542 5265 capto
558 5210 733 5263 neque
754 5194 926 5247 multo
946 5204 1064 5261 post
1087 5189 1197 5241 icttt
1221 5185 1443 5254 scIOpeti
1463 5185 1645 5237 occiso
1664 5182 1833 5235 Frau-

210 5295 404 5349 εἴης)
447 5290 732 5343 Nemethio
766 5284 1043 5356 praelecto,
1085 5299 1177 5336 arx
1217 5282 1378 5333 etiam
1410 5294 1439 5331 a
1481 5274 1829 5346 praesidiariis

202 5386 443 5445 dedita
476 5382 598 5436 fuit.
655 5380 693 5433 li
728 5380 843 5435 suis
884 5392 1008 5430 cum
1056 5372 1246 5444 gladiis
1278 5375 1539 5424 duntaxat
1576 5383 1640 5421 ex
1674 5374 1833 5434 pacto

208 5475 507 5539 dimissi,
546 5474 753 5527 exteris
811 5470 979 5523 armis
1014 5483 1077 5521 ae
1120 5466 1283 5518 rebus
1315 5463 1366 5515 in
1422 5475 1549 5514 arce
1606 5457 1832 5511 relictis.

198 5569 456 5624 Vidua:
504 5563 771 5618 Netuetbii
821 5560 1060 5615 mundus
1118 5553 1497 5611 tantummodo
1555 5548 1839 5605 muliebris

186 5673 588 5721 (telmessus.
624 5654 754 5720 Quae
792 5654 913 5707 licet
949 5651 1146 5707 deinde
1205 5646 1384 5700 mariti
1442 5657 1679 5711 suosque
1733 5656 1838 5693 non

170 5752 454 5820 exigui
522 5750 680 5819 pretii
740 5749 1028 5801 thesauris
1086 5742 1360 5801 aveheret,
1422 5735 1839 5790 reclamantibus

194 5843 535 5915 ‘Tngaris,
612 5842 821 5895 Audrea
892 5837 1141 5898 Batorio,
1222 5830 1508 5885 Mclcltiore
1590 5826 1839 5886 Balarsa,

1892 3261 2159 3326 Georgius
2198 3258 2472 3316 Batorius,
2504 3265 2557 3307 et
2598 3251 2935 3322 Sigismuudi
2961 3250 3212 3318 Augusti,
3245 3247 3480 3301 Polouize

1898 3357 2062 3427 regis,
2094 3354 2183 3422 qui
2224 3349 2494 3404 lirdeliaui
2555 3347 2859 3401 avunculus
2894 3354 3032 3409 erat,
3066 3342 3299 3412 legatus.
3329 3352 3386 3395 ut
3416 3346 3481 3394 de

1897 3445 2274 3516 componendo
2308 3444 2448 3497 bello
2498 3456 2621 3495 cum
2687 3437 3066 3493 Maximiliano
3108 3442 3350 3503 agerent.
3386 3432 3485 3486 Vc-

1900 3556 2017 3593 rum
2054 3540 2189 3601 haec,
2222 3537 2305 3591 uti
2343 3534 2602 3595 diximus,
2638 3541 2817 3585 astute
2848 3529 3179 3599 gert-bantur
3210 3542 3239 3580 a
3264 3525 3481 3583 Turcis.

1902 3644 1955 3686 ιιι
1984 3648 2010 3684 a
2052 3646 2214 3684 cursu
2244 3628 2485 3682 victoria:
2511 3626 2715 3686 Ca‘sar,
2755 3624 2841 3677 cui
2879 3624 3044 3677 rebus
3068 3620 3322 3674 omnibus
3354 3618 3485 3671 infr-

1906 3728 2015 3780 rior
2044 3734 2164 3779 erat
2217 3721 2565 3780 Erdelianns,
2623 3723 2970 3781 avocaretur,
3034 3724 3087 3767 et
3146 3712 3487 3766 Soleimaucs

1906 3818 2121 3873 interim
2155 3817 2295 3869 vires
2332 3826 2461 3866 suas
2497 3810 2549 3863 in
2583 3807 2893 3863 Meliteuscs
2926 3814 3112 3874 posset
3140 3814 3485 3858 convertere.

1980 3908 2231 3963 Rhodum
2272 3908 2354 3960 his
2416 3903 2650 3957 insulam
2708 3900 2808 3954 sub
2872 3897 3087 3951 initium
3142 3895 3315 3964 regni,
3362 3910 3484 3947 cuiu

1909 4001 2170 4057 omnibus
2229 3999 2279 4052 in
2346 3995 2551 4065 Egaro,
2576 4002 2629 4047 et
2688 3989 3187 4057 Asia,Gr-.eciaque
3230 3985 3489 4046 castellis,

1910 4094 2126 4149 art-ibus
2151 4105 2215 4144 ac
2265 4086 2591 4150 territoriis;
2628 4097 2727 4138 uec
2755 4081 2943 4135 multis
2968 4089 3093 4134 ante
3128 4081 3230 4133 hoc
3278 4086 3493 4145 tempus

1912 4186 2094 4249 anuis,
2131 4182 2395 4253 Tripolim
2437 4177 2706 4247 Aphricm,
2739 4174 2897 4229 sicuti
2940 4182 3223 4226 narratum
3251 4186 3279 4223 a
3327 4169 3484 4222 uobis

1913 4292 2013 4342 est,
2051 4278 2347 4331 ademerat.
2409 4270 2620 4337 Quibus
2676 4267 2895 4336 injuriis
2936 4281 3032 4318 eos
3087 4262 3337 4317 affecisse
3385 4275 3491 4311 non

1916 4379 2253 4430 Contentus,
2317 4366 2482 4418 etiam
2550 4374 2780 4431 prorsus
2843 4357 3172 4425 exstirpatos
3239 4353 3495 4406 volebat:

1919 4463 2062 4533 quod
2091 4470 2143 4514 et
2169 4456 2519 4512 mercimonio
2571 4467 2792 4507 suorum
2824 4448 3177 4517 impedirent,
3217 4456 3272 4499 et
3314 4445 3500 4513 gravia

1925 4569 2066 4623 sa'pe
2087 4552 2416 4605 detrimenta
2450 4545 2680 4598 navibus
2713 4539 2963 4597 Turcicis
3006 4536 3292 4592 inferrent.
3337 4536 3502 4589 Art-c-

1925 4644 2275 4701 debataltius
2306 4639 2470 4693 animi
2519 4637 2736 4698 vulnus,
2786 4630 2931 4699 quod
2984 4631 3252 4683 hartenus
3295 4626 3505 4679 alleli—

1929 4737 2064 4793 lensi
2108 4733 2550 4789 Christianorum
2606 4723 3017 4795 propugnaculo
3052 4720 3328 4789 quoddam
3388 4719 3509 4770 libi-

1929 4832 2042 4883 dini
2087 4844 2199 4882 suze
2247 4823 2558 4892 repagulum
2616 4820 2779 4888 objici
2834 4816 3064 4876 doleret,
3108 4812 3404 4880 quominus
3454 4812 3504 4861 iu

1934 4922 2321 4990 Hispaniarum
2362 4925 2414 4967 et
2448 4915 2614 4967 Italize
2675 4912 2885 4980 viscera
2916 4890 3237 4977 jamdudum
3291 4920 3511 4971 grassa-

1936 5026 2106 5069 retur.
2141 5012 2248 5065 llus
2293 5009 2456 5077 igitur
2520 5003 2764 5057 utibello
2826 5006 3246 5069 persequeretur
3304 5004 3356 5047 et
3412 5010 3513 5060 op-

1936 5106 2223 5176 pritueret,
2296 5102 2528 5153 classem
2616 5094 2909 5157 instruxit,
2971 5106 3093 5160 qua:
3179 5087 3511 5143 triremibus,

1937 5196 2227 5260 onerat-iis,
2264 5194 2493 5260 aliisque
2527 5188 2759 5242 diversis
2817 5183 3047 5250 navigiis
3072 5180 3179 5234 Ξῖὶο
3209 5179 3511 5233 coustalun.

1940 5288 2287 5342 Vrbehaulur
2314 5286 2414 5338 hac
2445 5284 2619 5335 classe
2647 5279 2787 5331 bello
2826 5276 3146 5328 idoneorum
3172 5269 3403 5322 utilitqu
3452 5267 3517 5317 ad

1941 5380 2007 5433 Ill)
2068 5377 2257 5431 millia.
2325 5370 2697 5426 T-‘rt'estribus
2752 5364 2923 5432 copiis
2986 5359 3347 5424 Mnstaphas,
3413 5352 3507 5419 qui

1942 5472 2197 5539 deinceps
2220 5468 2360 5521 bello
2393 5464 2593 5532 Cyprio
2626 5476 2689 5513 ex
2729 5455 2953 5510 immani
2989 5450 3310 5507 crudelitate
3348 5444 3521 5509 magis

1945 5564 2215 5626 inclaruit,
2241 5561 2397 5615 classi
2434 5558 2488 5608 l‘i
2512 5556 2594 5608 dis
2621 5554 2781 5606 bassa
2809 5564 2932 5603 cum
2981 5543 3212 5615 imperio
3236 5546 3470 5610 prmcrat
3500 5554 3511 5587 :

1949 5658 2149 5725 quibus
2177 5653 2516 5704 SOll'lTllilllPS
2547 5646 2836 5711 Dragutctu
2878 5637 3257 5707 prosultanum
3279 5628 3521 5697 Tripolis

1951 5751 2134 5803 adesse
2183 5747 2368 5807 voluit,
2408 5740 2682 5793 hominem
2740 5735 2897 5785 rebus
2958 5739 3097 5783 terra
3146 5730 3392 5794 marique
3433 5737 3521 5791 ge-

1961 5840 2140 5895 rendis
2177 5837 2567 5890 excellentem.
2600 5826 2687 5887 qui
2721 5824 2988 5876 lethaliter
3022 5820 3125 5873 hoc
3159 5819 3297 5877 belio
3338 5813 3522 5865 vulna-
