4866 6594
1380 496 1484 559 659

1379 624 1696 678 ratus.cum
1746 619 1960 686 jactura
2014 637 2236 677 suorum
2305 634 2358 678 ct
2417 627 2702 680 commodo
2757 631 3020 689 nostroA

1380 707 1590 763 interiit
1625 726 1639 763 :
1673 710 1880 782 fuitque
1935 713 2198 772 suﬂectus
2223 733 2250 771 a
2287 718 2569 788 Mustapba
2600 719 2651 773 in
2710 722 2831 789 ejus
2867 723 2947 774 Io-

1376 815 1522 863 cum,
1555 811 1614 856 ut
1642 802 1846 873 Tripoli
1885 820 2157 875 praeesset.
2199 811 2312 864 Alis
2366 812 2453 865 ille
2490 812 2741 877 Calaber,
2775 831 2940 882 quem

1375 895 1534 947 etiam
1572 912 1714 950 nunc
1743 898 2104 966 ignominioso
2154 901 2344 956 Turris
2377 905 2598 958 nomine
2652 909 2818 958 nostri
2858 923 2948 957 vo-

1377 996 1522 1045 cant,
1559 985 1844 1054 Vlttzalint,
1880 993 1980 1044 hoc
2004 1002 2106 1058 est,
2164 993 2304 1045 Alim
2361 1004 2701 1062 apostatatn:
2747 1011 2867 1046 cum
2915 1011 2941 1045 a

1378 1076 1573 1132 Turcis
1597 1081 1751 1134 bassa
1775 1083 2092 1151 capitaneus
2123 1085 2380 1154 appellari
2414 1086 2602 1150 soleat,
2639 1086 2799 1139 veluti
2832 1101 2946 1138 ma-

1380 1171 1457 1225 ris
1501 1171 1810 1238 praefectus,
1860 1184 1912 1227 et
1955 1175 2103 1229 solus
2158 1185 2279 1244 post
2315 1175 2694 1231 Chairadiuem
2745 1175 2946 1229 Barba-

1379 1279 1612 1326 rossam,
1644 1266 1713 1320 ob
1749 1282 1833 1320 res
1872 1279 2060 1322 contra
2095 1269 2430 1324 Christianos
2478 1272 2723 1338 gnaviter
2765 1281 2946 1337 gestas

1378 1360 1760 1422 promeruerit,
1803 1368 1858 1410 ut
1883 1374 2006 1412 cum
2046 1361 2211 1414 maris
2246 1361 2565 1429 praefectura
2603 1364 2798 1416 veziris
2826 1364 2946 1432 dig—

1377 1447 1601 1501 nitatem
1636 1450 2012 1518 conjungerct.
2048 1453 2268 1519 Appulit
2317 1453 2504 1515 etiam,
2543 1455 2772 1509 durante
2802 1457 2947 1509 obsi-

1377 1539 1564 1606 dione,
1601 1556 1723 1595 cum
1756 1541 1824 1594 27
1862 1545 2197 1607 triremibus,
2243 1545 2524 1600 Chasanes
2561 1548 2798 1602 (Iesniris
2829 1566 2948 1617 pro-

1375 1631 1644 1690 snltanus.
1690 1632 2032 1687 Cbairadinis
2063 1633 2147 1696 F.,
2186 1635 2343 1702 cujus
2369 1646 2424 1688 ut
2477 1638 2635 1704 paulo
2685 1648 2832 1702 ante,
2865 1644 2943 1694 sic

1376 1733 1424 1771 et
1460 1723 1587 1776 alibi
1644 1725 1844 1792 smpius
1878 1725 1931 1778 in
1967 1726 2271 1781 Annalibus
2307 1730 2457 1782 hisce
2514 1730 2758 1786 'l‘urcicis
2803 1734 2942 1784 faeta

1379 1814 1476 1866 fuit
1517 1817 1742 1870 mentio.
1777 1817 1910 1869 Cum
1957 1819 2116 1889 igitur
2149 1821 2198 1872 hi
2238 1820 2407 1874 hassae.
2456 1820 2614 1873 Junio
2645 1839 2828 1876 mense
2863 1826 2947 1876 lit-

1379 1919 1493 1963 tora
1532 1911 1738 1966 Melites
1773 1913 2099 1981 attigissent,
2138 1932 2200 1967 ac
2232 1915 2346 1968 dies
2371 1915 2574 1982 aliquot
2609 1920 2942 1986 exponendis

1377 2002 1430 2054 in
1470 2001 1704 2056 insulam
1762 2003 2024 2058 militibus
2055 2013 2107 2057 et
2160 2007 2411 2065 annonis,
2453 2008 2806 2076 locorumque
2839 2011 2944 2062 situ
2983 1999 3020 2053 Β

1376 2090 1707 2158 explorando
1772 2094 2262 2162 consumpsissem,
2325 2111 2637 2164 oppugnare
2681 2099 2946 2153 machinis

1379 2185 1592 2240 bellicis
1629 2187 1686 2239 S.
1751 2185 1961 2241 Elmum
2022 2190 2126 2258 (sic
2175 2189 2476 2243 Iiel'tnetent
2529 2191 2689 2260 vulgo
2727 2195 2944 2260 vocant)

1376 2281 1657 2334 castellum
1684 2283 1734 2334 in
1770 2282 1886 2350 ipso
1916 2293 2099 2348 portus
2128 2285 2271 2336 ostio
2305 2284 2470 2337 situm
2524 2300 2756 2354 erepere.
2791 2285 2943 2350 Quod

1376 2391 1499 2427 cum
1539 2375 1790 2442 pluribus
1831 2377 2022 2430 diebus
2077 2374 2388 2430 facerenon
2449 2378 2778 2442 desinerent,
2807 2381 2944 2449 jam-

1379 2487 1483 2537 que
1535 2485 1724 2539 magna
1804 2475 2063 2525 mmnium
2121 2487 2244 2540 pars
2308 2482 2698 2526 tormentorum
2771 2474 2944 2540 globis

1377 2562 1582 2630 dejecta
1639 2563 1718 2618 sic
1787 2566 2102 2628 corruisset,
2173 2577 2231 2619 ut
2293 2564 2346 2618 in
2372 2581 2550 2620 arcem
2603 2565 2744 2621 latus
2799 2566 2940 2620 hosti

1378 2665 1586 2725 pateret
1651 2657 1871 2711 aditus:
1905 2659 2115 2727 equites
2150 2657 2480 2722 Melitenses,
2521 2673 2779 2728 perquam
2806 2669 2943 2713 stre-

1381 2766 1484 2806 nne
1509 2767 1566 2805 se
1599 2752 1838 2818 gerendo
1864 2752 1934 2805 55
1983 2752 2175 2805 diebus
2233 2752 2714 2820 Oppugnationem,
2749 2767 2939 2819 magna

1377 2861 1500 2901 cum
1559 2847 1800 2900 hostium
1849 2844 2020 2906 clade,
2080 2846 2482 2908 sustinuerunt,
2539 2845 2702 2913 idque
2751 2857 2942 2914 prattcr

1377 2940 1688 3008 opinionem
1748 2936 2062 2998 multorum,
2126 2936 2217 3003 qui
2267 2936 2548 2989 castellum
2609 2944 2797 2989 contra
2835 2936 2938 2988 vim

1381 3029 1631 3082 hostilem
1697 3041 2036 3094 nequaquam
2080 3040 2240 3093 posse
2295 3024 2627 3092 propugnari
2666 3034 2937 3092 putarent.

1379 3120 1618 3174 Tandem
1654 3134 1778 3174 cum
1806 3119 2014 3186 equites
2049 3132 2148 3171 nec
2180 3118 2414 3169 hostium
2445 3117 2665 3184 impetui
2695 3115 2940 3178 ferendo,

1384 3231 1484 3267 nec
1529 3227 1759 3266 nurnero
1791 3227 1846 3264 se
1878 3225 2031 3278 pares
2057 3207 2321 3269 viderent,
2350 3218 2401 3259 et
2437 3223 2532 3260 arx
2559 3206 2796 3274 undique
2831 3217 2936 3260 tam

1380 3317 1546 3368 terra,
1578 3318 1739 3372 quant
1770 3300 1953 3353 maria
1986 3297 2237 3350 Barbaris
2264 3297 2440 3350 cincta
2471 3295 2675 3349 nullunt
2708 3295 2939 3366 amplius

1378 3400 1628 3452 alicunde
1693 3391 1996 3448 subsidium
2069 3398 2383 3457 exspectare
2447 3396 2690 3455 posset:
2752 3388 2936 3441 occiso

1375 3488 1835 3548 Clu-istianomm,
1897 3483 1988 3551 qui
2047 3487 2384 3549 supererant,
2451 3479 2631 3547 aliquo
2692 3495 2939 3543 numero,

1378 3582 1679 3635 Turcorum
1724 3579 1776 3632 in
1825 3583 2143 3646 potestatem
2197 3574 2364 3627 venit.
2415 3571 2530 3637 Qua
2584 3573 2765 3626 hostes
2814 3571 2938 3625 elati

1376 3676 1632 3737 victoria,
1658 3671 1910 3735 deinceps
1946 3667 2224 3720 tormentis
2248 3676 2472 3734 quatere
2501 3665 2681 3718 Sancti
2705 3663 2940 3717 Michae-

1376 3770 1445 3822 lis
1470 3765 1815 3818 mnnitiommt
1857 3762 2102 3815 insanqu
2137 3760 2188 3810 in
2228 3757 2445 3811 modum
2476 3771 2708 3826 erepere.
2756 3756 2943 3824 globos

1381 3864 1586 3913 ferri-os
1611 3867 1659 3910 et
1715 3854 1957 3924 lapideos
2006 3851 2245 3919 quinque
2311 3857 2586 3916 septemve
2641 3847 2938 3913 palmorum

1378 3948 1725 4018 cjacolando.
1756 3945 1858 3999 Sed
1889 3943 2027 4012 quod
2065 3949 2206 3995 totos
2238 3950 2471 4003 quatuor
2507 3939 2607 3990 hoc
2631 3937 2768 3991 bello
2796 3953 2942 3989 men-

1383 4060 1469 4098 ses
1500 4039 1945 4107 absumpsissent,
1975 4046 2028 4088 et
2060 4033 2236 4087 hiems
2260 4033 2371 4099 jam
2402 4040 2697 4099 appeteret,
2731 4030 2798 4082 de
2830 4031 2942 4083 dis-

1383 4150 1538 4190 cessu
1567 4133 1810 4198 rogitare
1846 4134 2152 4196 coeperunt,
2176 4134 2228 4177 ct
2259 4140 2324 4177 eo
2354 4123 2570 4192 quidem
2617 4121 2807 4187 majori
2869 4123 2942 4174 fe-

1385 4227 1694 4289 slittalioue,
1760 4223 1902 4290 quod
1965 4220 2077 4289 jam
2143 4217 2366 4272 Garzias
2414 4215 2710 4269 Toletanus
2747 4214 2944 4269 Sicilia:

1386 4335 1604 4390 prorex.
1662 4314 1945 4371 iuStructis
1976 4312 2290 4366 triremibus
2351 4307 2659 4377 Hispanicis
2687 4348 2701 4372 ,
2745 4308 2944 4372 quibus

1385 4408 1583 4471 £0,000
1607 4407 1846 4476 peditqu
1872 4401 2224 4462 vehebantur,
2253 4414 2375 4454 cum
2401 4397 2583 4451 multis
2611 4397 2732 4452 aliis
2763 4397 2949 4451 Chris-

1385 4503 1568 4564 tianis,
1605 4501 1669 4552 ad
1699 4496 2098 4563 suscipiendam
2129 4494 2268 4547 hanc
2301 4491 2698 4560 expeditionem
2732 4492 2947 4562 religioo

1383 4610 1456 4647 διε
1491 4592 1707 4660 pietatis
1733 4590 1848 4642 melo
1900 4587 2206 4648 commotis,
2237 4584 2529 4637 auxiliares
2563 4584 2728 4638 hasce
2758 4586 2946 4652 copias

1386 4685 1438 4735 in
1493 4681 1724 4736 insulam
1785 4676 2146 4744 exposuisset.
2215 4673 2332 4738 Quo
2374 4673 2596 4735 factum,
2661 4683 2719 4726 ut
2781 4672 2944 4727 Turci
2985 4706 3026 4758 θ

1387 4775 1606 4834 fmdam,
1640 4787 1747 4840 pra;
1783 4769 2094 4830 formidine,
2137 4765 2314 4837 fugam
2349 4765 2690 4834 arriperent:
2727 4773 2778 4818 ct
2810 4765 2950 4816 tnui.

1390 4867 1456 4916 tis
1499 4878 1716 4916 suorum
1769 4859 2004 4913 millibus
2066 4857 2406 4920 desid-ratis,
2449 4855 2812 4923 ignominioso
2858 4855 2951 4907 do-

1391 4971 1537 5008 mum
1585 4953 1837 5008 redirent.
1873 4950 2093 5020 Pigebat
2122 4965 2184 5003 ac
2216 4965 2280 5017 pn
2309 4951 2446 5001 lebat
2497 4948 2804 5016 suscrpisse
2836 4963 2947 5001 rem

1390 5061 1497 5100 tam
1540 5047 1790 5107 arduam,
1849 5046 1901 5097 in
1964 5043 2120 5112 cujus
2177 5041 2513 5109 ιτυιοῦείοιηιεε
2559 5049 2756 5094 conatu
2810 5056 2950 5094 vano

1387 5138 1585 5201 23,000
1643 5152 1863 5189 suorum
1899 5135 2229 5186 amisissem.
2291 5131 2363 5183 Ex
2425 5131 2792 5185 Meliteusibus
2843 5132 2951 5185 250

1388 5232 1621 5296 rquites,
1661 5229 1890 5280 militum
1927 5224 2112 5288 5,000,
2136 5225 2278 5278 bello
2320 5224 2524 5276 inutilis
2556 5225 2726 5277 turba:
2774 5225 2947 5291 capita

1389 5322 1524 5375 l700
1549 5335 1709 5374 caesa.
1747 5319 1947 5370 Bellum
1974 5327 2182 5385 gestum
2216 5317 2313 5369 luit
2368 5331 2511 5368 anno
2572 5314 2952 5367 Mahumetano

1387 5415 1480 5466 971
1525 5414 1674 5481 (em.
1721 5410 1900 5478 1565).

1461 5505 1803 5571 lnauspicato
1844 5513 2047 5557 tentata
2074 5502 2279 5556 Melites
2307 5500 2659 5569 expugnatio,
2680 5499 2951 5567 quotidia-

1389 5600 1553 5666 niqne
1584 5595 1931 5650 Maximiliani
1955 5593 2187 5648 Czcsaris
2213 5591 2503 5647 Erdeliano
2530 5591 2670 5645 bello
2705 5607 2953 5660 progres-

1388 5704 1504 5752 sus,
1553 5704 1690 5757 pene
1743 5687 1940 5739 sultani
1998 5685 2327 5739 Soleimanis
2360 5684 2601 5736 animum
2648 5683 2714 5735 ad
2747 5684 2950 5736 rabiem

1388 5781 1711 5850 adegerunt.
1745 5777 1991 5847 Cumque
2017 5791 2120 5829 non
2155 5785 2396 5830 cessaret
2426 5775 2493 5837 is,
2518 5788 2679 5843 quem
2718 5773 2955 5826 diximus

1392 5871 1591 5925 Erdelii
1630 5872 1814 5941 begus,
1856 5885 1977 5923 eum
2013 5868 2304 5937 perpetuis,
2340 5867 2402 5917 ad
2437 5865 2792 5919 invadendam
2847 5864 2958 5917 ἴη-

1393 5963 1620 6034 gariatn,
1653 5963 1882 6019 stimuli:
1909 5963 2146 6016 excitare
2183 5975 2194 6012 :
2234 5959 2468 6014 decrevit
2493 5957 2725 6029 denique
2755 5955 2951 6011 bellum

2969 3353 3011 3410 C

2589 509 2914 570 JOANNIS
2964 511 3422 576 LEUNCLAVII

4529 527 4626 588 000

3055 637 3154 686 hoc
3197 650 3299 688 aon
3335 651 3428 703 per
3458 637 3660 705 legatos
3716 636 4113 699 tantummodo,
4164 637 4258 690 sed
4293 639 4458 691 etiam
4508 656 4625 705 pru-

3066 727 3197 794 priis
3230 727 3488 796 auspiciis
3517 743 3723 797 gerere.
3766 729 3984 783 Interim
4015 743 4166 792 vero,
4199 730 4328 782 dum
4365 733 4624 798 majorem

3065 820 3296 886 ipsemet
3329 821 3629 875 adduceret
3654 822 3976 884 exercitum,
4012 823 4184 876 bassa:
4213 821 4446 876 Budensi
4474 839 4626 875 man-

3059 913 3153 964 dat
3199 921 3258 966 ut
3304 913 3679 981 amplissimis,
3732 929 3869 982 quas
3925 923 4128 982 posset,
4177 917 4385 969 coactis
4428 919 4622 984 cupiis,

3064 1005 3202 1058 bello
3231 1005 3559 1073 principium
3581 1007 3753 1060 daret.
3778 1004 4224 1062 Tcmesvarcnsis
4252 1010 4415 1062 etiam
4445 1010 4624 1068 bassa.

3059 1095 3124 1147 de
3158 1095 3437 1149 voluntate
3469 1095 3818 1160 Soleimanis.
3856 1098 4116 1165 paulatim
4151 1101 4215 1151 ad
4243 1101 4621 1168 occupandum

3058 1185 3272 1241 Giulam
3305 1188 3512 1241 aditum
3553 1188 3654 1241 sibi
3709 1190 4088 1258 patefaciebat,
4153 1202 4462 1260 expugnato
4493 1192 4625 1244 Pan-

3055 1286 3176 1330 eota
3207 1279 3450 1332 castello.
3493 1278 3602 1335 Nec
3638 1281 3762 1346 sibi,
3811 1281 4036 1349 sitisque
4076 1283 4232 1335 rebus
4279 1284 4466 1335 deerat
4529 1283 4624 1335 l-Ir-

3056 1371 3318 1434 tlelianes,
3353 1371 3594 1435 Zadane,
3656 1373 3934 1442 Genoque,
4000 1376 4131 1429 locis
4185 1377 4356 1428 Giulle
4412 1378 4623 1436 \‘it'ittis,

3055 1477 3152 1528 per
3178 1477 3309 1514 suos
3339 1471 3462 1517 octo
3486 1463 3788 1519 Turcorurn
3837 1467 4080 1521 millibus
4114 1467 4401 1532 adauctus,
4465 1485 4624 1520 neeu-

3056 1556 3216 1621 patis.
3271 1556 3415 1608 Idem
3464 1567 3587 1611 astu
3643 1559 3893 1621 barbaro,
3954 1561 4247 1628 perniciem
4305 1577 4369 1616 ac
4431 1562 4620 1615 furiam

3054 1647 3262 1714 patrite,
3301 1659 3504 1716 patrem
3558 1650 3826 1714 imitatus,
3872 1651 3964 1718 qui
4023 1652 4189 1705 simili
4240 1663 4624 1721 strategemate

3053 1736 3234 1791 fuerat
3264 1756 3416 1799 usus,
3462 1741 3529 1794 ad
3563 1741 3918 1796 obsidendam
3975 1741 4236 1797 Viennam
4297 1746 4622 1798 adventante

3051 1844 3182 1884 tunc
3208 1831 3536 1896 Soleimane,
3599 1835 3809 1887 litteras
3858 1851 3952 1902 per
3985 1833 4272 1902 Ungariam
4303 1838 4461 1891 initio
4497 1839 4623 1890 anni

3051 1920 3347 1973 Christiani
3415 1923 3669 1988 proximi,
3739 1940 3928 1978 mense
3990 1927 4248 1980 nimirum
4319 1927 4622 1981 Februario

3049 2011 3209 2081 357
3242 2013 3544 2081 publicatas
3591 2015 3789 2083 sparsit
3819 2031 3833 2066 :
3865 2016 4062 2083 quibus
4116 2018 4167 2070 in
4199 2018 4394 2073 litteris
4437 2021 4621 2088 linga-

3052 2105 3145 2158 ria:
3172 2119 3229 2157 se
3263 2120 3440 2175 regem
3474 2107 3704 2160 electum
3733 2123 3955 2170 vocans,
3987 2110 4164 2163 aiebat
4195 2111 4399 2166 sultani
4446 2112 4618 2167 Solei-

3051 2197 3244 2262 manis,
3276 2197 3689 2254 clementissimi
3741 2201 3950 2268 patroni
3989 2203 4097 2267 sui,
4129 2203 4267 2258 hanc
4295 2221 4419 2261 esse
4474 2222 4624 2260 men-

3048 2301 3179 2356 tem,
3211 2302 3268 2346 ut
3299 2307 3492 2347 omnes
3529 2296 3676 2361 regni
3741 2295 3963 2352 ordines
4022 2298 4194 2366 ipsius
4243 2299 4520 2356 Erdcliani
4566 2318 4622 2356 se

3046 2383 3384 2452 snhjicerent
3417 2384 3668 2453 imperio,
3704 2385 3748 2440 si
3783 2386 3916 2440 salvi
3946 2403 4068 2442 esse
4123 2389 4338 2444 vellent.
4373 2389 4504 2445 Eam
4553 2393 4621 2449 ob

3045 2489 3159 2527 rem
3210 2475 3476 2530 indixisse
3527 2492 3586 2530 se
3616 2487 3945 2533 conventum
3979 2479 4046 2533 ad
4081 2479 4357 2535 Thordam
4418 2482 4622 2538 Erdelii

3049 2566 3536 2638 (Torrcnburgum
3620 2569 3876 2624 Germani
3932 2571 4474 2630 Transsilvauienses
4530 2592 4622 2628 vo-

3048 2658 3211 2726 cant)
3265 2659 3657 2713 celebrandum
3725 2662 3974 2728 proximo
4038 2664 4241 2719 mensis
4296 2664 4476 2718 Martii
4533 2669 4624 2721 die

3047 2751 3257 2806 decimo
3287 2770 3298 2803 :
3334 2767 3454 2819 qua:
3486 2752 3701 2818 quidem
3729 2753 3793 2807 ad
3824 2754 4046 2807 comitia
4075 2766 4300 2810 cunctos
4334 2756 4619 2818 invitabat,

3047 2843 3123 2895 uti
3185 2841 3252 2895 de
3282 2847 3653 2897 consorvanda
3722 2847 3894 2912 patria
3956 2848 4338 2902 communibus
4374 2850 4519 2902 votis
4569 2851 4622 2902 in

3046 2935 3278 2987 medium
3323 2937 3694 2990 consulerent.
3749 2936 3838 2990 ll;e
3887 2937 4098 3000 litteras,
4170 2955 4235 2993 ne
4280 2938 4460 2993 fucata
4497 2941 4619 2993 boni

3045 3025 3246 3093 publici
3279 3028 3482 3094 specie,
3518 3028 3699 3080 minus
3733 3028 4250 3097 circumspectornm
4281 3031 4473 3085 oculos
4505 3049 4624 3094 per-

3045 3117 3375 3183 stringerent
3404 3132 3418 3167 :
3453 3132 3480 3168 a
3514 3117 3753 3170 Sueudio
3786 3127 3998 3172 mature
4048 3119 4346 3188 solideque,
4416 3122 4620 3188 scripto

3046 3205 3323 3258 contrario
3360 3205 3426 3258 ad
3474 3207 3690 3260 eosdem
3727 3208 3971 3272 ordines,
4025 3210 4111 3263 die
4163 3209 4341 3263 Martii
4403 3222 4620 3279 quarto,

3047 3297 3189 3364 apud
3229 3293 3549 3363 Unguarum
3585 3297 3877 3366 publicato,
3915 3300 4164 3352 refutatu:
4198 3301 4420 3354 fuerunt
4451 3318 4466 3354 :
4515 3317 4622 3370 quo

3051 3386 3254 3452 scripto
3279 3386 3594 3441 manifestas
3628 3388 3895 3442 Erdeliani
3934 3389 4150 3446 fraudes
4175 3393 4472 3459 retegebat.
4503 3396 4623 3462 qui-

3050 3478 3154 3532 bus
3180 3478 3366 3533 fideles
3396 3479 3746 3534 Maximiliani
3768 3485 3994 3550 Augusti
4019 3484 4263 3539 subditos
4291 3489 4624 3553 perturbare

3049 3581 3364 3637 conaretur,
3395 3572 3552 3640 quasi
3577 3573 3784 3627 scilicet
3808 3573 4144 3631 Soleimanes
4167 3577 4231 3630 de
4256 3578 4434 3632 salute
4474 3595 4620 3649 regni

3051 3662 3302 3733 Ungarhe
3322 3663 3586 3718 sollicitus
3616 3673 3758 3719 esset
3793 3681 3807 3719 :
3840 3681 3964 3720 cum
4019 3668 4135 3722 suis
4167 3669 4258 3724 ille
4293 3685 4421 3724 cum
4451 3671 4623 3740 majo-

3052 3753 3201 3808 ribus
3235 3769 3263 3806 a
3287 3754 3538 3808 ducentis
3563 3756 3726 3811 annis
3763 3758 3866 3812 hoc
3900 3773 4067 3811 unum
4100 3759 4380 3826 spectarit,
4421 3770 4485 3814 ut
4527 3776 4623 3813 no.

3051 3844 3175 3898 bilis
3203 3845 3353 3914 regni
3383 3845 3755 3910 fundamenta,
3785 3848 3866 3902 vel
3891 3848 3941 3902 vi
3971 3859 4026 3904 et
4046 3850 4234 3912 armis,
4262 3851 4346 3904 vel
4369 3851 4623 3906 discidiis

3051 3935 3325 3999 civilibus,
3347 3946 3396 3990 et
3422 3938 3919 3993 machinationibus
3950 3939 4228 3994 insidiosis
4253 3943 4623 3998 subverteret.

3051 4026 3315 4080 Cavcrent
3367 4027 3470 4080 sibi
3496 4027 3565 4081 ab
3620 4027 3890 4096 ejusmodi
3944 4040 4050 4083 tam
4111 4029 4408 4096 Erdeliaui,
4461 4051 4625 4104 quam

3054 4118 3382 4172 Soleimanis
3421 4119 3761 4190 imposturis,
3824 4137 3924 4175 nec
3973 4137 4097 4177 cum
4150 4121 4448 4180 Erdeliano
4480 4142 4629 4182 com-

3053 4225 3217 4265 mune
3267 4212 3561 4281 quidquam
3623 4213 3903 4274 haberent.
3970 4229 4070 4270 nec
4135 4215 4202 4270 ad
4253 4214 4632 4281 fraudulenta.

3055 4304 3350 4370 patriaeque
3406 4304 3649 4358 nocitura
3703 4305 3923 4359 comitia
3957 4321 4288 4377 quemquam
4332 4311 4442 4364 sub
4475 4327 4634 4381 parua

3055 4395 3447 4463 perduellionis
3470 4396 3804 4465 ablegarent.

3125 4486 3324 4540 Eodem
3363 4503 3525 4551 anno,
3576 4503 3704 4543 vere
3751 4489 3993 4554 ineunte,
4046 4490 4210 4546 Pialis
4244 4491 4405 4548 bassa
4461 4498 4635 4564 prius,

3055 4595 3214 4649 quam
3271 4581 3822 4649 Constantinopolim,
3875 4584 4038 4637 rebus
4086 4587 4152 4637 ad
4191 4583 4414 4638 Meliten
4453 4587 4641 4639 infeli-

3056 4676 3189 4726 citer
3229 4673 3420 4739 gestis,
3472 4687 3596 4725 cum
3647 4673 3823 4727 classe
3875 4674 4110 4738 rediret;
4167 4691 4233 4728 ne
4265 4677 4403 4728 nihil
4454 4681 4642 4746 egisse

3057 4764 3158 4818 hac
3187 4765 3527 4832 expeditione
3575 4764 3868 4829 videretur,
3903 4764 4098 4819 Chium
4131 4766 4302 4837 ΙΕεωί
4341 4770 4519 4823 maris
4555 4773 4643 4822 in-

3055 4857 3254 4917 sulam,
3289 4873 3317 4908 ει
3351 4856 3678 4911 Christianis
3725 4857 3920 4925 partim
3983 4857 4151 4923 Italis,
4190 4861 4389 4926 partim
4430 4860 4647 4914 Graecis

3056 4949 3433 5009 inhabitatam,
3476 4950 3578 5001 sub
3630 4950 3818 5017 jugum
3872 4949 4088 5002 mittere
4137 4952 4354 5004 statuit.
4410 4952 4486 5004 Ea
4537 4951 4644 5007 Ge-

3057 5041 3339 5095 nnensimu
3391 5042 3442 5095 in
3479 5052 3744 5109 potestate
3792 5041 3902 5108 jam
3933 5044 4072 5096 ultra
4109 5045 4218 5096 duo
4272 5045 4479 5098 szecula
4513 5045 4642 5097 fue-

3056 5141 3159 5189 rat,
3206 5133 3332 5185 indc
3384 5149 3555 5201 usque
3603 5148 3631 5185 a
3676 5132 3990 5186 Graecorum
4054 5134 4451 5202 imperatorum
4504 5147 4648 5189 tem-

3055 5224 3281 5292 poribus
3342 5223 3536 5276 libera.
3602 5222 3706 5277 Sed
3762 5226 4039 5277 crescente
4103 5224 4318 5278 tandem
4387 5228 4651 5293 potentia

3057 5314 3303 5376 Turcica.
3337 5332 3403 5369 ne
3456 5331 3681 5384 prorsus
3747 5317 3799 5369 in
3855 5317 4172 5370 servitutem
4225 5316 4655 5386 redigerentur,

3057 5416 3248 5475 sponte
3281 5424 3378 5464 sua
3410 5409 3675 5461 tributum
3718 5409 4052 5464 obtulerant.
4107 5407 4235 5477 Ejus
4290 5410 4486 5462 tributi
4535 5426 4656 5463 no-

3059 5500 3204 5553 tnine
3237 5503 3534 5569 quntannis
3587 5499 3759 5554 10000
3803 5516 4085 5554 nummum
4135 5515 4458 5566 aureorum,
4499 5517 4659 5570 quos

3061 5594 3288 5644 ducatos
3319 5601 3536 5654 vocant,
3573 5592 3960 5656 solvebantur;
4019 5607 4082 5645 ac
4131 5603 4394 5661 praeterea
4449 5594 4652 5646 dis-tri.

3059 5680 3362 5735 buebantur
3408 5683 3459 5735 in
3501 5683 3692 5737 bassas
3747 5683 3954 5739 vezircs
3979 5684 4043 5738 ad
4075 5684 4184 5736 duo
4220 5684 4412 5738 millia.
4448 5687 4662 5739 Causa-

3059 5782 3278 5842 prOpter
3305 5789 3438 5842 quas
3478 5790 3596 5829 eam
3639 5774 3824 5834 Pialis,
3860 5777 4059 5830 abolita
4093 5777 4340 5831 libertate
4378 5779 4664 5844 pristina,

3059 5867 3452 5934 subjugandam
3492 5867 3745 5928 ducebat,
3793 5870 3873 5921 hie
3918 5869 4378 5936 przrtexebantur.
4435 5868 4665 5934 Prima,

3059 5958 3202 6027 quod
3268 5958 3564 6028 exploratis
3595 5955 3896 6014 Tut'corum
3947 5960 4217 6016 consiliis.
4275 5976 4422 6013 anno
4480 5977 4668 6020 supe-
