  <div class='ocr_page' id='page_1' title='image "/cluster/home/n/w/nwhite01/storage/ocr_20150623/159/nnc1.0046980628/340.png"; bbox 0 0 4866 6594; ppageno 0'>
   <div class='ocr_carea' id='block_1_1' title="bbox 198 295 293 358">
    <p class='ocr_par' dir='ltr' id='par_1_1' title="bbox 198 295 293 358">
     <span class='ocr_line' id='line_1_1' title="bbox 198 295 293 358; baseline 0 0"><span class='ocrx_word' id='word_1_1' title='bbox 198 295 293 358; x_wconf 81' lang='lat'><strong>661</strong></span> 
     </span>
    </p>
   </div>
   <div class='ocr_carea' id='block_1_2' title="bbox 1284 290 2336 354">
    <p class='ocr_par' dir='ltr' id='par_1_2' title="bbox 1284 290 2336 354">
     <span class='ocr_line' id='line_1_2' title="bbox 1284 290 2336 354; baseline 0.001 -2"><span class='ocrx_word' id='word_1_2' title='bbox 1284 291 1661 353; x_wconf 74' lang='lat' dir='ltr'><strong>SUPPLEM.</strong></span> <span class='ocrx_word' id='word_1_3' title='bbox 1707 290 1983 354; x_wconf 73' lang='lat' dir='ltr'><strong>ANNAL.</strong></span> <span class='ocrx_word' id='word_1_4' title='bbox 2026 291 2336 353; x_wconf 81' lang='lat' dir='ltr'><strong>TURClC.</strong></span> 
     </span>
    </p>
   </div>
   <div class='ocr_carea' id='block_1_3' title="bbox 3327 286 3434 346">
    <p class='ocr_par' dir='ltr' id='par_1_3' title="bbox 3327 286 3434 346">
     <span class='ocr_line' id='line_1_3' title="bbox 3327 286 3434 346; baseline 0.009 -1"><span class='ocrx_word' id='word_1_5' title='bbox 3327 286 3434 346; x_wconf 77' lang='lat'><strong>662</strong></span> 
     </span>
    </p>
   </div>
   <div class='ocr_carea' id='block_1_4' title="bbox 195 401 3433 474">
    <p class='ocr_par' dir='ltr' id='par_1_4' title="bbox 195 401 3433 474">
     <span class='ocr_line' id='line_1_4' title="bbox 195 401 3433 474; baseline -0.003 -8"><span class='ocrx_word' id='word_1_6' title='bbox 195 417 331 466; x_wconf 80' lang='lat' dir='ltr'><strong>riore</strong></span> <span class='ocrx_word' id='word_1_7' title='bbox 364 410 739 466; x_wconf 75' lang='lat' dir='ltr'><strong>Melitensibus</strong></span> <span class='ocrx_word' id='word_1_8' title='bbox 791 408 1161 471; x_wconf 81' lang='lat' dir='ltr'><strong>nuntiassent,</strong></span> <span class='ocrx_word' id='word_1_9' title='bbox 1209 422 1328 474; x_wconf 67' lang='lat' dir='ltr'><strong>qua:</strong></span> <span class='ocrx_word' id='word_1_10' title='bbox 1376 406 1428 459; x_wconf 92' lang='lat' dir='ltr'><strong>in</strong></span> <span class='ocrx_word' id='word_1_11' title='bbox 1463 420 1559 460; x_wconf 87' lang='lat' dir='ltr'><strong>eos</strong></span> <span class='ocrx_word' id='word_1_12' title='bbox 1582 403 1744 458; x_wconf 90' lang='lat' dir='ltr'><strong>Turci</strong></span> <span class='ocrx_word' id='word_1_13' title='bbox 1783 406 1828 464; x_wconf 78' lang='grc' dir='ltr'><strong>Α</strong></span> <span class='ocrx_word' id='word_1_14' title='bbox 1856 420 1975 470; x_wconf 68' lang='lat' dir='ltr'><strong>quae</strong></span> <span class='ocrx_word' id='word_1_15' title='bbox 2007 403 2226 471; x_wconf 87' lang='lat' dir='ltr'><strong>quidem</strong></span> <span class='ocrx_word' id='word_1_16' title='bbox 2254 402 2433 472; x_wconf 69' lang='lat' dir='ltr'><strong>prreda</strong></span> <span class='ocrx_word' id='word_1_17' title='bbox 2467 418 2588 458; x_wconf 85' lang='lat' dir='ltr'><strong>mox</strong></span> <span class='ocrx_word' id='word_1_18' title='bbox 2623 401 2974 457; x_wconf 86' lang='lat' dir='ltr'><strong>obsessorum</strong></span> <span class='ocrx_word' id='word_1_19' title='bbox 3000 404 3288 457; x_wconf 91' lang='lat' dir='ltr'><strong>commodo</strong></span> <span class='ocrx_word' id='word_1_20' title='bbox 3310 418 3433 456; x_wconf 85' lang='lat' dir='ltr'><strong>ces-</strong></span> 
     </span>
    </p>
   </div>
   <div class='ocr_carea' id='block_1_5' title="bbox 195 488 1761 569">
    <p class='ocr_par' dir='ltr' id='par_1_5' title="bbox 195 488 1761 569">
     <span class='ocr_line' id='line_1_5' title="bbox 195 488 1761 569; baseline -0.004 -14"><span class='ocrx_word' id='word_1_21' title='bbox 195 505 525 558; x_wconf 90' lang='lat' dir='ltr'><strong>molirentttr.</strong></span> <span class='ocrx_word' id='word_1_22' title='bbox 563 502 790 565; x_wconf 88' lang='lat' dir='ltr'><strong>Deinde,</strong></span> <span class='ocrx_word' id='word_1_23' title='bbox 829 499 974 569; x_wconf 89' lang='lat' dir='ltr'><strong>quod</strong></span> <span class='ocrx_word' id='word_1_24' title='bbox 1010 488 1216 555; x_wconf 79' lang='lat' dir='ltr'><strong>biennii</strong></span> <span class='ocrx_word' id='word_1_25' title='bbox 1249 498 1511 552; x_wconf 89' lang='lat' dir='ltr'><strong>tributum</strong></span> <span class='ocrx_word' id='word_1_26' title='bbox 1546 494 1761 549; x_wconf 89' lang='lat' dir='ltr'><strong>sultano</strong></span> 
     </span>
    </p>
   </div>
   <div class='ocr_carea' id='block_1_6' title="bbox 194 586 1763 657">
    <p class='ocr_par' dir='ltr' id='par_1_6' title="bbox 194 586 1763 657">
     <span class='ocr_line' id='line_1_6' title="bbox 194 586 1763 657; baseline -0.006 -9"><span class='ocrx_word' id='word_1_27' title='bbox 194 594 483 648; x_wconf 75' lang='lat' dir='ltr'><strong>Solcimani</strong></span> <span class='ocrx_word' id='word_1_28' title='bbox 513 592 795 648; x_wconf 87' lang='lat' dir='ltr'><strong>deberent.</strong></span> <span class='ocrx_word' id='word_1_29' title='bbox 846 590 900 644; x_wconf 81' lang='lat' dir='ltr'><strong>ld</strong></span> <span class='ocrx_word' id='word_1_30' title='bbox 961 591 1194 645; x_wconf 84' lang='lat' dir='ltr'><strong>avaritia</strong></span> <span class='ocrx_word' id='word_1_31' title='bbox 1229 590 1415 657; x_wconf 82' lang='lat' dir='ltr'><strong>legati,</strong></span> <span class='ocrx_word' id='word_1_32' title='bbox 1447 586 1763 641; x_wconf 81' lang='lat' dir='ltr'><strong>Constanti-</strong></span> 
     </span>
    </p>
   </div>
   <div class='ocr_carea' id='block_1_7' title="bbox 192 679 1764 753">
    <p class='ocr_par' dir='ltr' id='par_1_7' title="bbox 192 679 1764 753">
     <span class='ocr_line' id='line_1_7' title="bbox 192 679 1764 753; baseline -0.004 -14"><span class='ocrx_word' id='word_1_33' title='bbox 192 685 372 752; x_wconf 75' lang='lat' dir='ltr'><strong>nopoli</strong></span> <span class='ocrx_word' id='word_1_34' title='bbox 410 699 497 739; x_wconf 81' lang='lat' dir='ltr'><strong>res</strong></span> <span class='ocrx_word' id='word_1_35' title='bbox 526 684 767 753; x_wconf 88' lang='lat' dir='ltr'><strong>ipsorum</strong></span> <span class='ocrx_word' id='word_1_36' title='bbox 800 682 943 752; x_wconf 90' lang='lat' dir='ltr'><strong>apud</strong></span> <span class='ocrx_word' id='word_1_37' title='bbox 996 682 1216 735; x_wconf 84' lang='lat' dir='ltr'><strong>Portam</strong></span> <span class='ocrx_word' id='word_1_38' title='bbox 1266 682 1506 751; x_wconf 75' lang='lat' dir='ltr'><strong>gerentis</strong></span> <span class='ocrx_word' id='word_1_39' title='bbox 1546 679 1764 732; x_wconf 88' lang='lat' dir='ltr'><strong>accide-</strong></span> 
     </span>
    </p>
   </div>
   <div class='ocr_carea' id='block_1_8' title="bbox 196 770 1765 845">
    <p class='ocr_par' dir='ltr' id='par_1_8' title="bbox 196 770 1765 845">
     <span class='ocr_line' id='line_1_8' title="bbox 196 770 1765 845; baseline -0.003 -19"><span class='ocrx_word' id='word_1_40' title='bbox 196 786 303 839; x_wconf 88' lang='lat' dir='ltr'><strong>rat;</strong></span> <span class='ocrx_word' id='word_1_41' title='bbox 347 775 437 845; x_wconf 89' lang='lat' dir='ltr'><strong>qui</strong></span> <span class='ocrx_word' id='word_1_42' title='bbox 472 775 634 830; x_wconf 86' lang='lat' dir='ltr'><strong>etiam</strong></span> <span class='ocrx_word' id='word_1_43' title='bbox 660 774 910 827; x_wconf 89' lang='lat' dir='ltr'><strong>donanda</strong></span> <span class='ocrx_word' id='word_1_44' title='bbox 955 772 1273 826; x_wconf 78' lang='lat' dir='ltr'><strong>Mechemeti</strong></span> <span class='ocrx_word' id='word_1_45' title='bbox 1314 773 1489 826; x_wconf 74' lang='lat' dir='ltr'><strong>bassa:</strong></span> <span class='ocrx_word' id='word_1_46' title='bbox 1518 770 1685 823; x_wconf 80' lang='lat' dir='ltr'><strong>veziri</strong></span> <span class='ocrx_word' id='word_1_47' title='bbox 1713 779 1765 822; x_wconf 90' lang='lat' dir='ltr'><strong>et</strong></span> 
     </span>
    </p>
   </div>
   <div class='ocr_carea' id='block_1_9' title="bbox 192 860 1765 929">
    <p class='ocr_par' dir='ltr' id='par_1_9' title="bbox 192 860 1765 929">
     <span class='ocr_line' id='line_1_9' title="bbox 192 860 1765 929; baseline -0.004 -9"><span class='ocrx_word' id='word_1_48' title='bbox 192 866 310 920; x_wconf 88' lang='lat' dir='ltr'><strong>aliis</strong></span> <span class='ocrx_word' id='word_1_49' title='bbox 342 882 591 929; x_wconf 85' lang='lat' dir='ltr'><strong>munera,</strong></span> <span class='ocrx_word' id='word_1_50' title='bbox 621 881 754 922; x_wconf 90' lang='lat' dir='ltr'><strong>suos</strong></span> <span class='ocrx_word' id='word_1_51' title='bbox 780 866 835 919; x_wconf 91' lang='lat' dir='ltr'><strong>in</strong></span> <span class='ocrx_word' id='word_1_52' title='bbox 865 880 998 920; x_wconf 89' lang='lat' dir='ltr'><strong>usus</strong></span> <span class='ocrx_word' id='word_1_53' title='bbox 1037 872 1288 919; x_wconf 91' lang='lat' dir='ltr'><strong>verterat.</strong></span> <span class='ocrx_word' id='word_1_54' title='bbox 1327 860 1594 917; x_wconf 71' lang='lat' dir='ltr'><strong>Praeterea</strong></span> <span class='ocrx_word' id='word_1_55' title='bbox 1627 878 1765 916; x_wconf 87' lang='lat' dir='ltr'><strong>con-</strong></span> 
     </span>
    </p>
   </div>
   <div class='ocr_carea' id='block_1_10' title="bbox 192 955 1763 1027">
    <p class='ocr_par' dir='ltr' id='par_1_10' title="bbox 192 955 1763 1027">
     <span class='ocr_line' id='line_1_10' title="bbox 192 955 1763 1027; baseline -0.003 -15"><span class='ocrx_word' id='word_1_56' title='bbox 192 956 464 1012; x_wconf 85' lang='lat' dir='ltr'><strong>ferebatur</strong></span> <span class='ocrx_word' id='word_1_57' title='bbox 510 959 563 1013; x_wconf 92' lang='lat' dir='ltr'><strong>in</strong></span> <span class='ocrx_word' id='word_1_58' title='bbox 618 972 712 1013; x_wconf 92' lang='lat' dir='ltr'><strong>eos</strong></span> <span class='ocrx_word' id='word_1_59' title='bbox 742 958 902 1027; x_wconf 88' lang='lat' dir='ltr'><strong>culpa</strong></span> <span class='ocrx_word' id='word_1_60' title='bbox 942 967 1277 1027; x_wconf 89' lang='lat' dir='ltr'><strong>receptorum</strong></span> <span class='ocrx_word' id='word_1_61' title='bbox 1322 955 1763 1011; x_wconf 87' lang='lat' dir='ltr'><strong>Christianorum</strong></span> 
     </span>
    </p>
   </div>
   <div class='ocr_carea' id='block_1_11' title="bbox 193 1047 1763 1120">
    <p class='ocr_par' dir='ltr' id='par_1_11' title="bbox 193 1047 1763 1120">
     <span class='ocr_line' id='line_1_11' title="bbox 193 1047 1763 1120; baseline -0.003 -17"><span class='ocrx_word' id='word_1_62' title='bbox 193 1049 622 1119; x_wconf 88' lang='lat' dir='ltr'><strong>mancipiorum,</strong></span> <span class='ocrx_word' id='word_1_63' title='bbox 672 1066 793 1120; x_wconf 64' lang='lat' dir='ltr'><strong>quae</strong></span> <span class='ocrx_word' id='word_1_64' title='bbox 852 1049 1098 1120; x_wconf 86' lang='lat' dir='ltr'><strong>quotidie</strong></span> <span class='ocrx_word' id='word_1_65' title='bbox 1156 1048 1637 1115; x_wconf 82' lang='lat' dir='ltr'><strong>Constantinopoli</strong></span> <span class='ocrx_word' id='word_1_66' title='bbox 1699 1047 1763 1099; x_wconf 84' lang='lat' dir='ltr'><strong>ad</strong></span> 
     </span>
    </p>
   </div>
   <div class='ocr_carea' id='block_1_12' title="bbox 194 1139 1767 1213">
    <p class='ocr_par' dir='ltr' id='par_1_12' title="bbox 194 1139 1767 1213">
     <span class='ocr_line' id='line_1_12' title="bbox 194 1139 1767 1213; baseline -0.002 -17"><span class='ocrx_word' id='word_1_67' title='bbox 194 1144 338 1210; x_wconf 79' lang='lat' dir='ltr'><strong>ipsos</strong></span> <span class='ocrx_word' id='word_1_68' title='bbox 377 1141 747 1213; x_wconf 87' lang='lat' dir='ltr'><strong>profugerent,</strong></span> <span class='ocrx_word' id='word_1_69' title='bbox 796 1156 937 1210; x_wconf 89' lang='lat' dir='ltr'><strong>eque</strong></span> <span class='ocrx_word' id='word_1_70' title='bbox 976 1139 1115 1197; x_wconf 90' lang='lat' dir='ltr'><strong>Chio</strong></span> <span class='ocrx_word' id='word_1_71' title='bbox 1147 1140 1367 1195; x_wconf 87' lang='lat' dir='ltr'><strong>domum</strong></span> <span class='ocrx_word' id='word_1_72' title='bbox 1412 1140 1475 1194; x_wconf 88' lang='lat' dir='ltr'><strong>ad</strong></span> <span class='ocrx_word' id='word_1_73' title='bbox 1508 1155 1639 1194; x_wconf 85' lang='lat' dir='ltr'><strong>suos</strong></span> <span class='ocrx_word' id='word_1_74' title='bbox 1678 1155 1767 1193; x_wconf 86' lang='lat' dir='ltr'><strong>rc-</strong></span> 
     </span>
    </p>
   </div>
   <div class='ocr_carea' id='block_1_13' title="bbox 192 1231 1767 1302">
    <p class='ocr_par' dir='ltr' id='par_1_13' title="bbox 192 1231 1767 1302">
     <span class='ocr_line' id='line_1_13' title="bbox 192 1231 1767 1302; baseline 0.001 -16"><span class='ocrx_word' id='word_1_75' title='bbox 192 1236 555 1288; x_wconf 88' lang='lat' dir='ltr'><strong>tuitterentur.</strong></span> <span class='ocrx_word' id='word_1_76' title='bbox 590 1232 655 1286; x_wconf 85' lang='lat' dir='ltr'><strong>Et</strong></span> <span class='ocrx_word' id='word_1_77' title='bbox 715 1232 878 1302; x_wconf 86' lang='lat' dir='ltr'><strong>paulo</strong></span> <span class='ocrx_word' id='word_1_78' title='bbox 940 1243 1068 1286; x_wconf 87' lang='lat' dir='ltr'><strong>ante</strong></span> <span class='ocrx_word' id='word_1_79' title='bbox 1132 1232 1409 1287; x_wconf 84' lang='lat' dir='ltr'><strong>ferebatur</strong></span> <span class='ocrx_word' id='word_1_80' title='bbox 1465 1231 1767 1289; x_wconf 82' lang='lat' dir='ltr'><strong>Mecheme-</strong></span> 
     </span>
    </p>
   </div>
   <div class='ocr_carea' id='block_1_14' title="bbox 192 1322 1763 1392">
    <p class='ocr_par' dir='ltr' id='par_1_14' title="bbox 192 1322 1763 1392">
     <span class='ocr_line' id='line_1_14' title="bbox 192 1322 1763 1392; baseline 0 -15"><span class='ocrx_word' id='word_1_81' title='bbox 192 1326 258 1377; x_wconf 87' lang='lat' dir='ltr'><strong>tis</strong></span> <span class='ocrx_word' id='word_1_82' title='bbox 342 1324 517 1377; x_wconf 78' lang='lat' dir='ltr'><strong>bass:e</strong></span> <span class='ocrx_word' id='word_1_83' title='bbox 601 1324 799 1377; x_wconf 82' lang='lat' dir='ltr'><strong>veziris</strong></span> <span class='ocrx_word' id='word_1_84' title='bbox 852 1322 1047 1376; x_wconf 80' lang='lat' dir='ltr'><strong>&#39;nohile</strong></span> <span class='ocrx_word' id='word_1_85' title='bbox 1095 1323 1369 1391; x_wconf 79' lang='lat' dir='ltr'><strong>quoddam</strong></span> <span class='ocrx_word' id='word_1_86' title='bbox 1434 1323 1763 1392; x_wconf 87' lang='lat' dir='ltr'><strong>mancipium</strong></span> 
     </span>
    </p>
   </div>
   <div class='ocr_carea' id='block_1_15' title="bbox 193 1396 1766 1483">
    <p class='ocr_par' dir='ltr' id='par_1_15' title="bbox 193 1396 1766 1483">
     <span class='ocr_line' id='line_1_15' title="bbox 193 1396 1766 1483; baseline 0.002 -16"><span class='ocrx_word' id='word_1_87' title='bbox 193 1430 256 1467; x_wconf 90' lang='lat' dir='ltr'><strong>eo</strong></span> <span class='ocrx_word' id='word_1_88' title='bbox 288 1430 349 1469; x_wconf 91' lang='lat' dir='ltr'><strong>se</strong></span> <span class='ocrx_word' id='word_1_89' title='bbox 382 1414 697 1477; x_wconf 87' lang='lat' dir='ltr'><strong>contulisse,</strong></span> <span class='ocrx_word' id='word_1_90' title='bbox 746 1396 903 1479; x_wconf 83' lang='lat' dir='ltr'><strong>cujus</strong></span> <span class='ocrx_word' id='word_1_91' title='bbox 944 1414 1058 1483; x_wconf 90' lang='lat' dir='ltr'><strong>ipse</strong></span> <span class='ocrx_word' id='word_1_92' title='bbox 1090 1414 1173 1466; x_wconf 83' lang='lat' dir='ltr'><strong>vel</strong></span> <span class='ocrx_word' id='word_1_93' title='bbox 1215 1415 1647 1469; x_wconf 67' lang='lat' dir='ltr'><strong>restitutionem.</strong></span> <span class='ocrx_word' id='word_1_94' title='bbox 1687 1418 1766 1470; x_wconf 84' lang='lat' dir='ltr'><strong>vel</strong></span> 
     </span>
    </p>
   </div>
   <div class='ocr_carea' id='block_1_16' title="bbox 193 1503 1767 1575">
    <p class='ocr_par' dir='ltr' id='par_1_16' title="bbox 193 1503 1767 1575">
     <span class='ocr_line' id='line_1_16' title="bbox 193 1503 1767 1575; baseline 0.004 -18"><span class='ocrx_word' id='word_1_95' title='bbox 193 1505 428 1571; x_wconf 75' lang='lat' dir='ltr'><strong>pretium</strong></span> <span class='ocrx_word' id='word_1_96' title='bbox 488 1506 556 1559; x_wconf 87' lang='lat' dir='ltr'><strong>ab</strong></span> <span class='ocrx_word' id='word_1_97' title='bbox 615 1506 695 1561; x_wconf 91' lang='lat' dir='ltr'><strong>eis</strong></span> <span class='ocrx_word' id='word_1_98' title='bbox 764 1508 1043 1575; x_wconf 84' lang='lat' dir='ltr'><strong>poscebat.</strong></span> <span class='ocrx_word' id='word_1_99' title='bbox 1099 1503 1206 1558; x_wconf 86' lang='lat' dir='ltr'><strong>llas</strong></span> <span class='ocrx_word' id='word_1_100' title='bbox 1266 1506 1431 1572; x_wconf 77' lang='lat' dir='ltr'><strong>igitur</strong></span> <span class='ocrx_word' id='word_1_101' title='bbox 1470 1507 1540 1561; x_wconf 93' lang='lat' dir='ltr'><strong>ob</strong></span> <span class='ocrx_word' id='word_1_102' title='bbox 1574 1524 1767 1563; x_wconf 80' lang='lat' dir='ltr'><strong>causas</strong></span> 
     </span>
    </p>
   </div>
   <div class='ocr_carea' id='block_1_17' title="bbox 195 1594 1765 1663">
    <p class='ocr_par' dir='ltr' id='par_1_17' title="bbox 195 1594 1765 1663">
     <span class='ocr_line' id='line_1_17' title="bbox 195 1594 1765 1663; baseline 0.003 -18"><span class='ocrx_word' id='word_1_103' title='bbox 195 1596 359 1650; x_wconf 79' lang='lat' dir='ltr'><strong>l‘ialis</strong></span> <span class='ocrx_word' id='word_1_104' title='bbox 390 1612 484 1649; x_wconf 92' lang='lat' dir='ltr'><strong>eos</strong></span> <span class='ocrx_word' id='word_1_105' title='bbox 530 1596 918 1663; x_wconf 86' lang='lat' dir='ltr'><strong>castigatttrus,</strong></span> <span class='ocrx_word' id='word_1_106' title='bbox 952 1594 1019 1649; x_wconf 90' lang='lat' dir='ltr'><strong>ad</strong></span> <span class='ocrx_word' id='word_1_107' title='bbox 1052 1596 1290 1649; x_wconf 79' lang='lat' dir='ltr'><strong>insulam</strong></span> <span class='ocrx_word' id='word_1_108' title='bbox 1329 1598 1587 1651; x_wconf 70' lang='lat' dir='ltr'><strong>universa</strong></span> <span class='ocrx_word' id='word_1_109' title='bbox 1642 1612 1765 1650; x_wconf 89' lang='lat' dir='ltr'><strong>eum</strong></span> 
     </span>
    </p>
   </div>
   <div class='ocr_carea' id='block_1_18' title="bbox 188 1686 1769 1757">
    <p class='ocr_par' dir='ltr' id='par_1_18' title="bbox 188 1686 1769 1757">
     <span class='ocr_line' id='line_1_18' title="bbox 188 1686 1769 1757; baseline 0 -18"><span class='ocrx_word' id='word_1_110' title='bbox 188 1690 369 1743; x_wconf 83' lang='lat' dir='ltr'><strong>classe</strong></span> <span class='ocrx_word' id='word_1_111' title='bbox 393 1686 542 1743; x_wconf 82' lang='lat' dir='ltr'><strong>feriis</strong></span> <span class='ocrx_word' id='word_1_112' title='bbox 570 1687 940 1757; x_wconf 85' lang='lat' dir='ltr'><strong>paschalibus,</strong></span> <span class='ocrx_word' id='word_1_113' title='bbox 974 1702 1113 1757; x_wconf 89' lang='lat' dir='ltr'><strong>quas</strong></span> <span class='ocrx_word' id='word_1_114' title='bbox 1142 1687 1583 1740; x_wconf 83' lang='lat' dir='ltr'><strong>Christianorum</strong></span> <span class='ocrx_word' id='word_1_115' title='bbox 1620 1703 1769 1747; x_wconf 81' lang='lat' dir='ltr'><strong>more</strong></span> 
     </span>
    </p>
   </div>
   <div class='ocr_carea' id='block_1_19' title="bbox 188 1769 1833 1847">
    <p class='ocr_par' dir='ltr' id='par_1_19' title="bbox 188 1769 1833 1847">
     <span class='ocr_line' id='line_1_19' title="bbox 188 1769 1833 1847; baseline -0.001 -13"><span class='ocrx_word' id='word_1_116' title='bbox 188 1784 453 1836; x_wconf 71' lang='lat' dir='ltr'><strong>(thienses</strong></span> <span class='ocrx_word' id='word_1_117' title='bbox 490 1791 600 1835; x_wconf 93' lang='lat' dir='ltr'><strong>tum</strong></span> <span class='ocrx_word' id='word_1_118' title='bbox 653 1779 1021 1842; x_wconf 84' lang='lat' dir='ltr'><strong>celebrabant,</strong></span> <span class='ocrx_word' id='word_1_119' title='bbox 1075 1777 1325 1847; x_wconf 85' lang='lat' dir='ltr'><strong>appellit;</strong></span> <span class='ocrx_word' id='word_1_120' title='bbox 1360 1778 1760 1846; x_wconf 78' lang='lat' dir='ltr'><strong>confestimque</strong></span> <span class='ocrx_word' id='word_1_121' title='bbox 1794 1769 1833 1823; x_wconf 81' lang='grc' dir='ltr'>Β</span> 
     </span>
    </p>
   </div>
   <div class='ocr_carea' id='block_1_20' title="bbox 180 1872 1761 1942">
    <p class='ocr_par' dir='ltr' id='par_1_20' title="bbox 180 1872 1761 1942">
     <span class='ocr_line' id='line_1_20' title="bbox 180 1872 1761 1942; baseline 0.001 -18"><span class='ocrx_word' id='word_1_122' title='bbox 180 1875 341 1940; x_wconf 80' lang='lat' dir='ltr'><strong>jubet</strong></span> <span class='ocrx_word' id='word_1_123' title='bbox 388 1877 454 1928; x_wconf 91' lang='lat' dir='ltr'><strong>ad</strong></span> <span class='ocrx_word' id='word_1_124' title='bbox 510 1890 566 1928; x_wconf 91' lang='lat' dir='ltr'><strong>se</strong></span> <span class='ocrx_word' id='word_1_125' title='bbox 600 1873 908 1942; x_wconf 65' lang='lat' dir='ltr'><strong>praetoriam</strong></span> <span class='ocrx_word' id='word_1_126' title='bbox 955 1874 1008 1927; x_wconf 87' lang='lat' dir='ltr'><strong>itt</strong></span> <span class='ocrx_word' id='word_1_127' title='bbox 1061 1874 1336 1927; x_wconf 71' lang='lat' dir='ltr'><strong>triremem</strong></span> <span class='ocrx_word' id='word_1_128' title='bbox 1397 1872 1580 1925; x_wconf 87' lang='lat' dir='ltr'><strong>venire</strong></span> <span class='ocrx_word' id='word_1_129' title='bbox 1624 1886 1761 1939; x_wconf 70' lang='lat' dir='ltr'><strong>prte-</strong></span> 
     </span>
    </p>
   </div>
   <div class='ocr_carea' id='block_1_21' title="bbox 187 1963 1759 2032">
    <p class='ocr_par' dir='ltr' id='par_1_21' title="bbox 187 1963 1759 2032">
     <span class='ocr_line' id='line_1_21' title="bbox 187 1963 1759 2032; baseline -0.006 -11"><span class='ocrx_word' id='word_1_130' title='bbox 187 1970 391 2023; x_wconf 72' lang='lat' dir='ltr'><strong>fectum</strong></span> <span class='ocrx_word' id='word_1_131' title='bbox 444 1969 633 2023; x_wconf 67' lang='lat' dir='ltr'><strong>insulae</strong></span> <span class='ocrx_word' id='word_1_132' title='bbox 697 1983 822 2022; x_wconf 90' lang='lat' dir='ltr'><strong>cum</strong></span> <span class='ocrx_word' id='word_1_133' title='bbox 879 1965 1163 2019; x_wconf 77' lang='lat' dir='ltr'><strong>duodecim</strong></span> <span class='ocrx_word' id='word_1_134' title='bbox 1206 1965 1335 2019; x_wconf 73' lang='lat' dir='ltr'><strong>viris</strong></span> <span class='ocrx_word' id='word_1_135' title='bbox 1371 1963 1759 2032; x_wconf 74' lang='lat' dir='ltr'><strong>rempublicam</strong></span> 
     </span>
    </p>
   </div>
   <div class='ocr_carea' id='block_1_22' title="bbox 186 2056 1760 2125">
    <p class='ocr_par' dir='ltr' id='par_1_22' title="bbox 186 2056 1760 2125">
     <span class='ocr_line' id='line_1_22' title="bbox 186 2056 1760 2125; baseline -0.004 -10"><span class='ocrx_word' id='word_1_136' title='bbox 186 2062 729 2115; x_wconf 83' lang='lat' dir='ltr'><strong>administrantibus.</strong></span> <span class='ocrx_word' id='word_1_137' title='bbox 764 2059 995 2121; x_wconf 77' lang='lat' dir='ltr'><strong>Interea,</strong></span> <span class='ocrx_word' id='word_1_138' title='bbox 1030 2060 1155 2111; x_wconf 89' lang='lat' dir='ltr'><strong>dum</strong></span> <span class='ocrx_word' id='word_1_139' title='bbox 1191 2059 1242 2111; x_wconf 90' lang='lat' dir='ltr'><strong>hi</strong></span> <span class='ocrx_word' id='word_1_140' title='bbox 1279 2060 1346 2110; x_wconf 86' lang='lat' dir='ltr'><strong>ab</strong></span> <span class='ocrx_word' id='word_1_141' title='bbox 1383 2057 1501 2125; x_wconf 84' lang='lat' dir='ltr'><strong>ipso</strong></span> <span class='ocrx_word' id='word_1_142' title='bbox 1534 2056 1585 2108; x_wconf 91' lang='lat' dir='ltr'><strong>in</strong></span> <span class='ocrx_word' id='word_1_143' title='bbox 1629 2071 1760 2124; x_wconf 75' lang='lat' dir='ltr'><strong>pne-</strong></span> 
     </span>
    </p>
   </div>
   <div class='ocr_carea' id='block_1_23' title="bbox 188 2151 1761 2222">
    <p class='ocr_par' dir='ltr' id='par_1_23' title="bbox 188 2151 1761 2222">
     <span class='ocr_line' id='line_1_23' title="bbox 188 2151 1761 2222; baseline -0.003 -16"><span class='ocrx_word' id='word_1_144' title='bbox 188 2156 328 2208; x_wconf 90' lang='lat' dir='ltr'><strong>toria</strong></span> <span class='ocrx_word' id='word_1_145' title='bbox 363 2154 696 2215; x_wconf 83' lang='lat' dir='ltr'><strong>detinentur,</strong></span> <span class='ocrx_word' id='word_1_146' title='bbox 726 2152 986 2222; x_wconf 81' lang='lat' dir='ltr'><strong>palatium</strong></span> <span class='ocrx_word' id='word_1_147' title='bbox 1019 2153 1273 2212; x_wconf 75' lang='lat' dir='ltr'><strong>civitatis,</strong></span> <span class='ocrx_word' id='word_1_148' title='bbox 1310 2151 1361 2204; x_wconf 95' lang='lat' dir='ltr'><strong>iu</strong></span> <span class='ocrx_word' id='word_1_149' title='bbox 1393 2166 1503 2220; x_wconf 89' lang='lat' dir='ltr'><strong>quo</strong></span> <span class='ocrx_word' id='word_1_150' title='bbox 1539 2161 1761 2204; x_wconf 66' lang='lat' dir='ltr'><strong>senatus</strong></span> 
     </span>
    </p>
   </div>
   <div class='ocr_carea' id='block_1_24' title="bbox 182 2244 1762 2314">
    <p class='ocr_par' dir='ltr' id='par_1_24' title="bbox 182 2244 1762 2314">
     <span class='ocr_line' id='line_1_24' title="bbox 182 2244 1762 2314; baseline -0.003 -12"><span class='ocrx_word' id='word_1_151' title='bbox 182 2248 383 2303; x_wconf 90' lang='lat' dir='ltr'><strong>haberi</strong></span> <span class='ocrx_word' id='word_1_152' title='bbox 413 2248 642 2311; x_wconf 74' lang='lat' dir='ltr'><strong>solebat,</strong></span> <span class='ocrx_word' id='word_1_153' title='bbox 702 2248 753 2299; x_wconf 91' lang='lat' dir='ltr'><strong>in</strong></span> <span class='ocrx_word' id='word_1_154' title='bbox 808 2256 1124 2314; x_wconf 84' lang='lat' dir='ltr'><strong>potestatem</strong></span> <span class='ocrx_word' id='word_1_155' title='bbox 1170 2262 1199 2299; x_wconf 88' lang='lat' dir='ltr'><strong>a</strong></span> <span class='ocrx_word' id='word_1_156' title='bbox 1232 2244 1425 2299; x_wconf 79' lang='lat' dir='ltr'><strong>Ttncis</strong></span> <span class='ocrx_word' id='word_1_157' title='bbox 1486 2260 1607 2298; x_wconf 91' lang='lat' dir='ltr'><strong>cum</strong></span> <span class='ocrx_word' id='word_1_158' title='bbox 1637 2259 1762 2298; x_wconf 87' lang='lat' dir='ltr'><strong>arce</strong></span> 
     </span>
    </p>
   </div>
   <div class='ocr_carea' id='block_1_25' title="bbox 182 2338 1760 2409">
    <p class='ocr_par' dir='ltr' id='par_1_25' title="bbox 182 2338 1760 2409">
     <span class='ocr_line' id='line_1_25' title="bbox 182 2338 1760 2409; baseline -0.003 -15"><span class='ocrx_word' id='word_1_159' title='bbox 182 2342 475 2409; x_wconf 77' lang='lat' dir='ltr'><strong>redigitur,</strong></span> <span class='ocrx_word' id='word_1_160' title='bbox 511 2339 856 2406; x_wconf 75' lang='lat' dir='ltr'><strong>magistratus</strong></span> <span class='ocrx_word' id='word_1_161' title='bbox 885 2340 965 2393; x_wconf 87' lang='lat' dir='ltr'><strong>eis</strong></span> <span class='ocrx_word' id='word_1_162' title='bbox 1015 2339 1279 2392; x_wconf 81' lang='lat' dir='ltr'><strong>Turcicns</strong></span> <span class='ocrx_word' id='word_1_163' title='bbox 1336 2339 1515 2403; x_wconf 86' lang='lat' dir='ltr'><strong>datur,</strong></span> <span class='ocrx_word' id='word_1_164' title='bbox 1565 2338 1760 2406; x_wconf 85' lang='lat' dir='ltr'><strong>templa</strong></span> 
     </span>
    </p>
   </div>
   <div class='ocr_carea' id='block_1_26' title="bbox 179 2429 1762 2499">
    <p class='ocr_par' dir='ltr' id='par_1_26' title="bbox 179 2429 1762 2499">
     <span class='ocr_line' id='line_1_26' title="bbox 179 2429 1762 2499; baseline -0.004 -12"><span class='ocrx_word' id='word_1_165' title='bbox 179 2434 500 2488; x_wconf 81' lang='lat' dir='ltr'><strong>Christiana</strong></span> <span class='ocrx_word' id='word_1_166' title='bbox 542 2433 658 2487; x_wconf 85' lang='lat' dir='ltr'><strong>solo</strong></span> <span class='ocrx_word' id='word_1_167' title='bbox 699 2440 1005 2499; x_wconf 58' lang='lat' dir='ltr'><strong>aquantur.</strong></span> <span class='ocrx_word' id='word_1_168' title='bbox 1074 2430 1307 2485; x_wconf 86' lang='lat' dir='ltr'><strong>Unicum</strong></span> <span class='ocrx_word' id='word_1_169' title='bbox 1371 2431 1545 2484; x_wconf 84' lang='lat' dir='ltr'><strong>sancti</strong></span> <span class='ocrx_word' id='word_1_170' title='bbox 1582 2429 1762 2482; x_wconf 89' lang='lat' dir='ltr'><strong>Domi-</strong></span> 
     </span>
    </p>
   </div>
   <div class='ocr_carea' id='block_1_27' title="bbox 178 2523 1762 2589">
    <p class='ocr_par' dir='ltr' id='par_1_27' title="bbox 178 2523 1762 2589">
     <span class='ocr_line' id='line_1_27' title="bbox 178 2523 1762 2589; baseline -0.002 -10"><span class='ocrx_word' id='word_1_171' title='bbox 178 2526 296 2580; x_wconf 90' lang='lat' dir='ltr'><strong>niei</strong></span> <span class='ocrx_word' id='word_1_172' title='bbox 326 2527 602 2589; x_wconf 84' lang='lat' dir='ltr'><strong>relictum,</strong></span> <span class='ocrx_word' id='word_1_173' title='bbox 644 2526 843 2581; x_wconf 85' lang='lat' dir='ltr'><strong>ritibus</strong></span> <span class='ocrx_word' id='word_1_174' title='bbox 889 2525 1193 2579; x_wconf 86' lang='lat' dir='ltr'><strong>Turcorum</strong></span> <span class='ocrx_word' id='word_1_175' title='bbox 1235 2523 1503 2584; x_wconf 89' lang='lat' dir='ltr'><strong>iuitiatur,</strong></span> <span class='ocrx_word' id='word_1_176' title='bbox 1531 2531 1580 2575; x_wconf 93' lang='lat' dir='ltr'><strong>ut</strong></span> <span class='ocrx_word' id='word_1_177' title='bbox 1619 2538 1762 2576; x_wconf 88' lang='lat' dir='ltr'><strong>mes-</strong></span> 
     </span>
    </p>
   </div>
   <div class='ocr_carea' id='block_1_28' title="bbox 177 2615 1763 2685">
    <p class='ocr_par' dir='ltr' id='par_1_28' title="bbox 177 2615 1763 2685">
     <span class='ocr_line' id='line_1_28' title="bbox 177 2615 1763 2685; baseline -0.004 -13"><span class='ocrx_word' id='word_1_178' title='bbox 177 2620 304 2672; x_wconf 75' lang='lat' dir='ltr'><strong>sitze</strong></span> <span class='ocrx_word' id='word_1_179' title='bbox 359 2618 480 2673; x_wconf 83' lang='lat' dir='ltr'><strong>loco</strong></span> <span class='ocrx_word' id='word_1_180' title='bbox 516 2616 708 2671; x_wconf 87' lang='lat' dir='ltr'><strong>Turcis</strong></span> <span class='ocrx_word' id='word_1_181' title='bbox 766 2625 930 2671; x_wconf 87' lang='lat' dir='ltr'><strong>esset.</strong></span> <span class='ocrx_word' id='word_1_182' title='bbox 966 2615 1143 2685; x_wconf 83' lang='lat' dir='ltr'><strong>ipsius</strong></span> <span class='ocrx_word' id='word_1_183' title='bbox 1207 2615 1468 2683; x_wconf 82' lang='lat' dir='ltr'><strong>pra-lecti,</strong></span> <span class='ocrx_word' id='word_1_184' title='bbox 1518 2630 1581 2669; x_wconf 85' lang='lat' dir='ltr'><strong>ac</strong></span> <span class='ocrx_word' id='word_1_185' title='bbox 1624 2615 1763 2668; x_wconf 83' lang='lat' dir='ltr'><strong>duo-</strong></span> 
     </span>
    </p>
   </div>
   <div class='ocr_carea' id='block_1_29' title="bbox 176 2707 1764 2776">
    <p class='ocr_par' dir='ltr' id='par_1_29' title="bbox 176 2707 1764 2776">
     <span class='ocr_line' id='line_1_29' title="bbox 176 2707 1764 2776; baseline -0.004 -10"><span class='ocrx_word' id='word_1_186' title='bbox 176 2711 553 2766; x_wconf 77' lang='lat' dir='ltr'><strong>decimvirum</strong></span> <span class='ocrx_word' id='word_1_187' title='bbox 616 2709 858 2772; x_wconf 68' lang='lat' dir='ltr'><strong>familiae,</strong></span> <span class='ocrx_word' id='word_1_188' title='bbox 925 2724 1050 2762; x_wconf 92' lang='lat' dir='ltr'><strong>cum</strong></span> <span class='ocrx_word' id='word_1_189' title='bbox 1106 2708 1227 2763; x_wconf 89' lang='lat' dir='ltr'><strong>aliis</strong></span> <span class='ocrx_word' id='word_1_190' title='bbox 1278 2707 1580 2776; x_wconf 88' lang='lat' dir='ltr'><strong>primariis,</strong></span> <span class='ocrx_word' id='word_1_191' title='bbox 1620 2708 1764 2761; x_wconf 86' lang='lat' dir='ltr'><strong>Con-</strong></span> 
     </span>
    </p>
   </div>
   <div class='ocr_carea' id='block_1_30' title="bbox 178 2799 1762 2871">
    <p class='ocr_par' dir='ltr' id='par_1_30' title="bbox 178 2799 1762 2871">
     <span class='ocr_line' id='line_1_30' title="bbox 178 2799 1762 2871; baseline -0.004 -13"><span class='ocrx_word' id='word_1_192' title='bbox 178 2804 601 2871; x_wconf 75' lang='grc' dir='ltr'>εωιιιῖιιονοὶίιιι</span> <span class='ocrx_word' id='word_1_193' title='bbox 656 2802 974 2861; x_wconf 89' lang='lat' dir='ltr'><strong>mittuntur,</strong></span> <span class='ocrx_word' id='word_1_194' title='bbox 1037 2810 1092 2855; x_wconf 88' lang='lat' dir='ltr'><strong>et</strong></span> <span class='ocrx_word' id='word_1_195' title='bbox 1145 2799 1270 2853; x_wconf 85' lang='lat' dir='ltr'><strong>hinc</strong></span> <span class='ocrx_word' id='word_1_196' title='bbox 1330 2801 1455 2853; x_wconf 91' lang='lat' dir='ltr'><strong>inde</strong></span> <span class='ocrx_word' id='word_1_197' title='bbox 1487 2799 1673 2853; x_wconf 83' lang='lat' dir='ltr'><strong>varias</strong></span> <span class='ocrx_word' id='word_1_198' title='bbox 1710 2800 1762 2851; x_wconf 91' lang='lat' dir='ltr'><strong>iu</strong></span> 
     </span>
    </p>
   </div>
   <div class='ocr_carea' id='block_1_31' title="bbox 180 2890 1763 2966">
    <p class='ocr_par' dir='ltr' id='par_1_31' title="bbox 180 2890 1763 2966">
     <span class='ocr_line' id='line_1_31' title="bbox 180 2890 1763 2966; baseline -0.003 -18"><span class='ocrx_word' id='word_1_199' title='bbox 180 2900 444 2966; x_wconf 78' lang='lat' dir='ltr'><strong>regiones</strong></span> <span class='ocrx_word' id='word_1_200' title='bbox 476 2895 859 2963; x_wconf 85' lang='lat' dir='ltr'><strong>deportantur;</strong></span> <span class='ocrx_word' id='word_1_201' title='bbox 911 2891 1087 2947; x_wconf 74' lang='lat' dir='ltr'><strong>d.-nec</strong></span> <span class='ocrx_word' id='word_1_202' title='bbox 1122 2892 1341 2945; x_wconf 81' lang='lat' dir='ltr'><strong>tandem</strong></span> <span class='ocrx_word' id='word_1_203' title='bbox 1374 2890 1763 2959; x_wconf 83' lang='lat' dir='ltr'><strong>subsequenti-</strong></span> 
     </span>
    </p>
   </div>
   <div class='ocr_carea' id='block_1_32' title="bbox 176 2984 1764 3053">
    <p class='ocr_par' dir='ltr' id='par_1_32' title="bbox 176 2984 1764 3053">
     <span class='ocr_line' id='line_1_32' title="bbox 176 2984 1764 3053; baseline -0.006 -8"><span class='ocrx_word' id='word_1_204' title='bbox 176 2993 287 3045; x_wconf 84' lang='lat' dir='ltr'><strong>bus</strong></span> <span class='ocrx_word' id='word_1_205' title='bbox 318 2989 505 3053; x_wconf 84' lang='lat' dir='ltr'><strong>annis,</strong></span> <span class='ocrx_word' id='word_1_206' title='bbox 546 2986 916 3041; x_wconf 84' lang='lat' dir='ltr'><strong>intercedente</strong></span> <span class='ocrx_word' id='word_1_207' title='bbox 946 3002 1071 3053; x_wconf 80' lang='lat' dir='ltr'><strong>rege</strong></span> <span class='ocrx_word' id='word_1_208' title='bbox 1108 2984 1283 3045; x_wconf 84' lang='lat' dir='ltr'><strong>Gallo.</strong></span> <span class='ocrx_word' id='word_1_209' title='bbox 1321 2984 1517 3038; x_wconf 78' lang='lat' dir='ltr'><strong>Turcis</strong></span> <span class='ocrx_word' id='word_1_210' title='bbox 1554 2985 1764 3039; x_wconf 67' lang='lat' dir='ltr'><strong>confrr-</strong></span> 
     </span>
    </p>
   </div>
   <div class='ocr_carea' id='block_1_33' title="bbox 1866 492 3433 561">
    <p class='ocr_par' dir='ltr' id='par_1_33' title="bbox 1866 492 3433 561">
     <span class='ocr_line' id='line_1_33' title="bbox 1866 492 3433 561; baseline -0.001 -12"><span class='ocrx_word' id='word_1_211' title='bbox 1866 496 1955 549; x_wconf 90' lang='lat' dir='ltr'><strong>sit.</strong></span> <span class='ocrx_word' id='word_1_212' title='bbox 1993 493 2179 547; x_wconf 84' lang='lat' dir='ltr'><strong>Soluta</strong></span> <span class='ocrx_word' id='word_1_213' title='bbox 2209 505 2402 561; x_wconf 71' lang='lat' dir='ltr'><strong>praeter</strong></span> <span class='ocrx_word' id='word_1_214' title='bbox 2432 509 2579 561; x_wconf 76' lang='lat' dir='ltr'><strong>Spem</strong></span> <span class='ocrx_word' id='word_1_215' title='bbox 2610 494 2663 548; x_wconf 92' lang='lat' dir='ltr'><strong>in</strong></span> <span class='ocrx_word' id='word_1_216' title='bbox 2700 493 2847 550; x_wconf 91' lang='lat' dir='ltr'><strong>hunc</strong></span> <span class='ocrx_word' id='word_1_217' title='bbox 2872 492 3095 547; x_wconf 90' lang='lat' dir='ltr'><strong>modum</strong></span> <span class='ocrx_word' id='word_1_218' title='bbox 3130 493 3433 558; x_wconf 78' lang='lat' dir='ltr'><strong>obsidione,</strong></span> 
     </span>
    </p>
   </div>
   <div class='ocr_carea' id='block_1_34' title="bbox 1865 585 3433 653">
    <p class='ocr_par' dir='ltr' id='par_1_34' title="bbox 1865 585 3433 653">
     <span class='ocr_line' id='line_1_34' title="bbox 1865 585 3433 653; baseline 0.003 -16"><span class='ocrx_word' id='word_1_219' title='bbox 1865 585 2175 653; x_wconf 62' lang='lat' dir='ltr'><strong>prasidium</strong></span> <span class='ocrx_word' id='word_1_220' title='bbox 2208 585 2352 639; x_wconf 84' lang='lat' dir='ltr'><strong>arcis</strong></span> <span class='ocrx_word' id='word_1_221' title='bbox 2398 596 2618 640; x_wconf 87' lang='lat' dir='ltr'><strong>auctum</strong></span> <span class='ocrx_word' id='word_1_222' title='bbox 2668 585 2790 649; x_wconf 85' lang='lat' dir='ltr'><strong>fuit,</strong></span> <span class='ocrx_word' id='word_1_223' title='bbox 2840 592 2892 640; x_wconf 91' lang='lat' dir='ltr'><strong>et</strong></span> <span class='ocrx_word' id='word_1_224' title='bbox 2942 585 3232 640; x_wconf 86' lang='lat' dir='ltr'><strong>instaurati</strong></span> <span class='ocrx_word' id='word_1_225' title='bbox 3268 587 3433 642; x_wconf 81' lang='lat' dir='ltr'><strong>tuuri.</strong></span> 
     </span>
    </p>
   </div>
   <div class='ocr_carea' id='block_1_35' title="bbox 1865 678 2343 732">
    <p class='ocr_par' dir='ltr' id='par_1_35' title="bbox 1865 678 2343 732">
     <span class='ocr_line' id='line_1_35' title="bbox 1865 678 2343 732; baseline 0.004 -3"><span class='ocrx_word' id='word_1_226' title='bbox 1865 679 1932 729; x_wconf 86' lang='lat' dir='ltr'><strong>ah</strong></span> <span class='ocrx_word' id='word_1_227' title='bbox 1967 678 2123 732; x_wconf 91' lang='lat' dir='ltr'><strong>hoste</strong></span> <span class='ocrx_word' id='word_1_228' title='bbox 2155 678 2343 731; x_wconf 89' lang='lat' dir='ltr'><strong>diruti.</strong></span> 
     </span>
    </p>
   </div>
   <div class='ocr_carea' id='block_1_36' title="bbox 1940 770 3439 835">
    <p class='ocr_par' dir='ltr' id='par_1_36' title="bbox 1940 770 3439 835">
     <span class='ocr_line' id='line_1_36' title="bbox 1940 770 3439 835; baseline -0.001 -12"><span class='ocrx_word' id='word_1_229' title='bbox 1940 770 2187 824; x_wconf 82' lang='lat' dir='ltr'><strong>Liberata</strong></span> <span class='ocrx_word' id='word_1_230' title='bbox 2219 771 2503 825; x_wconf 85' lang='lat' dir='ltr'><strong>obsidione</strong></span> <span class='ocrx_word' id='word_1_231' title='bbox 2542 770 2750 835; x_wconf 89' lang='lat' dir='ltr'><strong>Palota,</strong></span> <span class='ocrx_word' id='word_1_232' title='bbox 2781 786 2905 825; x_wconf 84' lang='lat' dir='ltr'><strong>mox</strong></span> <span class='ocrx_word' id='word_1_233' title='bbox 2954 774 3083 825; x_wconf 86' lang='lat' dir='ltr'><strong>itum</strong></span> <span class='ocrx_word' id='word_1_234' title='bbox 3114 771 3179 824; x_wconf 85' lang='lat' dir='ltr'><strong>ad</strong></span> <span class='ocrx_word' id='word_1_235' title='bbox 3207 772 3439 835; x_wconf 53' lang='lat' dir='ltr'><strong>eripiet»</strong></span> 
     </span>
    </p>
   </div>
   <div class='ocr_carea' id='block_1_37' title="bbox 1866 860 3434 934">
    <p class='ocr_par' dir='ltr' id='par_1_37' title="bbox 1866 860 3434 934">
     <span class='ocr_line' id='line_1_37' title="bbox 1866 860 3434 934; baseline -0.001 -19"><span class='ocrx_word' id='word_1_236' title='bbox 1866 860 1989 915; x_wconf 86' lang='lat' dir='ltr'><strong>dant</strong></span> <span class='ocrx_word' id='word_1_237' title='bbox 2046 863 2187 915; x_wconf 86' lang='lat' dir='ltr'><strong>hosti</strong></span> <span class='ocrx_word' id='word_1_238' title='bbox 2230 865 2506 917; x_wconf 84' lang='lat' dir='ltr'><strong>civitatem</strong></span> <span class='ocrx_word' id='word_1_239' title='bbox 2560 862 3045 931; x_wconf 82' lang='lat' dir='ltr'><strong>Vespriuiensem;</strong></span> <span class='ocrx_word' id='word_1_240' title='bbox 3096 864 3261 934; x_wconf 74' lang='lat'><strong>358</strong></span> <span class='ocrx_word' id='word_1_241' title='bbox 3292 863 3434 931; x_wconf 86' lang='lat' dir='ltr'><strong>quod</strong></span> 
     </span>
    </p>
   </div>
   <div class='ocr_carea' id='block_1_38' title="bbox 1868 955 3434 1025">
    <p class='ocr_par' dir='ltr' id='par_1_38' title="bbox 1868 955 3434 1025">
     <span class='ocr_line' id='line_1_38' title="bbox 1868 955 3434 1025; baseline -0.001 -19"><span class='ocrx_word' id='word_1_242' title='bbox 1868 955 2041 1022; x_wconf 80' lang='lat' dir='ltr'><strong>captis</strong></span> <span class='ocrx_word' id='word_1_243' title='bbox 2075 955 2380 1009; x_wconf 88' lang='lat' dir='ltr'><strong>Turcorttm</strong></span> <span class='ocrx_word' id='word_1_244' title='bbox 2416 956 2879 1025; x_wconf 84' lang='lat' dir='ltr'><strong>exploratoribus.</strong></span> <span class='ocrx_word' id='word_1_245' title='bbox 2908 957 3241 1010; x_wconf 78' lang='lat' dir='ltr'><strong>intellectum</strong></span> <span class='ocrx_word' id='word_1_246' title='bbox 3272 966 3434 1017; x_wconf 69' lang='lat' dir='ltr'><strong>esset,</strong></span> 
     </span>
    </p>
   </div>
   <div class='ocr_carea' id='block_1_39' title="bbox 1870 1048 3439 1115">
    <p class='ocr_par' dir='ltr' id='par_1_39' title="bbox 1870 1048 3439 1115">
     <span class='ocr_line' id='line_1_39' title="bbox 1870 1048 3439 1115; baseline 0 -14"><span class='ocrx_word' id='word_1_247' title='bbox 1870 1049 2031 1115; x_wconf 88' lang='lat' dir='ltr'><strong>hujus</strong></span> <span class='ocrx_word' id='word_1_248' title='bbox 2082 1048 2183 1101; x_wconf 88' lang='lat' dir='ltr'><strong>loci</strong></span> <span class='ocrx_word' id='word_1_249' title='bbox 2259 1048 2475 1115; x_wconf 89' lang='lat' dir='ltr'><strong>hegum,</strong></span> <span class='ocrx_word' id='word_1_250' title='bbox 2554 1048 2740 1103; x_wconf 88' lang='lat' dir='ltr'><strong>studio</strong></span> <span class='ocrx_word' id='word_1_251' title='bbox 2812 1051 3041 1103; x_wconf 90' lang='lat' dir='ltr'><strong>nocendi</strong></span> <span class='ocrx_word' id='word_1_252' title='bbox 3109 1049 3439 1102; x_wconf 75' lang='lat' dir='ltr'><strong>Christianis</strong></span> 
     </span>
    </p>
   </div>
   <div class='ocr_carea' id='block_1_40' title="bbox 1866 1140 3440 1209">
    <p class='ocr_par' dir='ltr' id='par_1_40' title="bbox 1866 1140 3440 1209">
     <span class='ocr_line' id='line_1_40' title="bbox 1866 1140 3440 1209; baseline -0.002 -16"><span class='ocrx_word' id='word_1_253' title='bbox 1866 1153 2169 1209; x_wconf 66' lang='lat' dir='ltr'><strong>egressum,</strong></span> <span class='ocrx_word' id='word_1_254' title='bbox 2204 1140 2429 1194; x_wconf 88' lang='lat' dir='ltr'><strong>meliore</strong></span> <span class='ocrx_word' id='word_1_255' title='bbox 2471 1141 2708 1209; x_wconf 68' lang='lat' dir='ltr'><strong>prmsidii</strong></span> <span class='ocrx_word' id='word_1_256' title='bbox 2754 1151 2904 1206; x_wconf 82' lang='lat' dir='ltr'><strong>parte</strong></span> <span class='ocrx_word' id='word_1_257' title='bbox 2960 1140 3299 1208; x_wconf 81' lang='lat' dir='ltr'><strong>Vespriuium</strong></span> <span class='ocrx_word' id='word_1_258' title='bbox 3339 1156 3440 1191; x_wconf 88' lang='lat' dir='ltr'><strong>nu-</strong></span> 
     </span>
    </p>
   </div>
   <div class='ocr_carea' id='block_1_41' title="bbox 1867 1232 3442 1301">
    <p class='ocr_par' dir='ltr' id='par_1_41' title="bbox 1867 1232 3442 1301">
     <span class='ocr_line' id='line_1_41' title="bbox 1867 1232 3442 1301; baseline -0.003 -17"><span class='ocrx_word' id='word_1_259' title='bbox 1867 1233 2048 1287; x_wconf 81' lang='lat' dir='ltr'><strong>dasse.</strong></span> <span class='ocrx_word' id='word_1_260' title='bbox 2075 1232 2416 1301; x_wconf 89' lang='lat' dir='ltr'><strong>Quapropter</strong></span> <span class='ocrx_word' id='word_1_261' title='bbox 2442 1233 2624 1301; x_wconf 86' lang='lat' dir='ltr'><strong>Egone</strong></span> <span class='ocrx_word' id='word_1_262' title='bbox 2650 1233 2917 1287; x_wconf 86' lang='lat' dir='ltr'><strong>Salmeusi</strong></span> <span class='ocrx_word' id='word_1_263' title='bbox 2953 1233 3153 1286; x_wconf 90' lang='lat' dir='ltr'><strong>comite</strong></span> <span class='ocrx_word' id='word_1_264' title='bbox 3188 1232 3442 1285; x_wconf 81' lang='lat' dir='ltr'><strong>illusttis-</strong></span> 
     </span>
    </p>
   </div>
   <div class='ocr_carea' id='block_1_42' title="bbox 1868 1324 3440 1381">
    <p class='ocr_par' dir='ltr' id='par_1_42' title="bbox 1868 1324 3440 1381">
     <span class='ocr_line' id='line_1_42' title="bbox 1868 1324 3440 1381; baseline -0.003 -2"><span class='ocrx_word' id='word_1_265' title='bbox 1868 1327 2007 1379; x_wconf 89' lang='lat' dir='ltr'><strong>simo</strong></span> <span class='ocrx_word' id='word_1_266' title='bbox 2047 1342 2174 1380; x_wconf 86' lang='lat' dir='ltr'><strong>snas</strong></span> <span class='ocrx_word' id='word_1_267' title='bbox 2208 1344 2329 1381; x_wconf 87' lang='lat' dir='ltr'><strong>cum</strong></span> <span class='ocrx_word' id='word_1_268' title='bbox 2365 1324 2703 1380; x_wconf 86' lang='lat' dir='ltr'><strong>Helfestaino</strong></span> <span class='ocrx_word' id='word_1_269' title='bbox 2759 1336 2811 1381; x_wconf 89' lang='lat' dir='ltr'><strong>et</strong></span> <span class='ocrx_word' id='word_1_270' title='bbox 2861 1325 3086 1380; x_wconf 85' lang='lat' dir='ltr'><strong>Nienlao</strong></span> <span class='ocrx_word' id='word_1_271' title='bbox 3124 1325 3440 1379; x_wconf 89' lang='lat' dir='ltr'><strong>llatestadio</strong></span> 
     </span>
    </p>
   </div>
   <div class='ocr_carea' id='block_1_43' title="bbox 1866 1418 3437 1488">
    <p class='ocr_par' dir='ltr' id='par_1_43' title="bbox 1866 1418 3437 1488">
     <span class='ocr_line' id='line_1_43' title="bbox 1866 1418 3437 1488; baseline -0.004 -14"><span class='ocrx_word' id='word_1_272' title='bbox 1866 1420 2231 1488; x_wconf 77' lang='lat' dir='ltr'><strong>conjungeute</strong></span> <span class='ocrx_word' id='word_1_273' title='bbox 2288 1420 2497 1487; x_wconf 89' lang='lat' dir='ltr'><strong>copias,</strong></span> <span class='ocrx_word' id='word_1_274' title='bbox 2524 1419 2826 1487; x_wconf 89' lang='lat' dir='ltr'><strong>penultimo</strong></span> <span class='ocrx_word' id='word_1_275' title='bbox 2866 1418 3017 1472; x_wconf 69' lang='lat' dir='ltr'><strong>Junii</strong></span> <span class='ocrx_word' id='word_1_276' title='bbox 3070 1418 3157 1471; x_wconf 89' lang='lat' dir='ltr'><strong>die</strong></span> <span class='ocrx_word' id='word_1_277' title='bbox 3200 1427 3437 1485; x_wconf 72' lang='lat' dir='ltr'><strong>emptum</strong></span> 
     </span>
    </p>
   </div>
   <div class='ocr_carea' id='block_1_44' title="bbox 1867 1510 3440 1579">
    <p class='ocr_par' dir='ltr' id='par_1_44' title="bbox 1867 1510 3440 1579">
     <span class='ocr_line' id='line_1_44' title="bbox 1867 1510 3440 1579; baseline -0.003 -14"><span class='ocrx_word' id='word_1_278' title='bbox 1867 1510 2110 1566; x_wconf 87' lang='lat' dir='ltr'><strong>obsideri</strong></span> <span class='ocrx_word' id='word_1_279' title='bbox 2148 1510 2517 1578; x_wconf 79' lang='lat' dir='ltr'><strong>Vesprinium,</strong></span> <span class='ocrx_word' id='word_1_280' title='bbox 2564 1511 2828 1579; x_wconf 88' lang='lat' dir='ltr'><strong>postridie</strong></span> <span class='ocrx_word' id='word_1_281' title='bbox 2873 1510 3215 1563; x_wconf 89' lang='lat' dir='ltr'><strong>memorabili</strong></span> <span class='ocrx_word' id='word_1_282' title='bbox 3244 1511 3440 1563; x_wconf 67' lang='lat' dir='ltr'><strong>celeri-</strong></span> 
     </span>
    </p>
   </div>
   <div class='ocr_carea' id='block_1_45' title="bbox 1870 1603 3441 1671">
    <p class='ocr_par' dir='ltr' id='par_1_45' title="bbox 1870 1603 3441 1671">
     <span class='ocr_line' id='line_1_45' title="bbox 1870 1603 3441 1671; baseline -0.001 -14"><span class='ocrx_word' id='word_1_283' title='bbox 1870 1613 1980 1658; x_wconf 88' lang='lat' dir='ltr'><strong>tate</strong></span> <span class='ocrx_word' id='word_1_284' title='bbox 2060 1604 2161 1656; x_wconf 87' lang='lat' dir='ltr'><strong>fuit</strong></span> <span class='ocrx_word' id='word_1_285' title='bbox 2229 1612 2623 1671; x_wconf 76' lang='lat' dir='ltr'><strong>expugnatum,</strong></span> <span class='ocrx_word' id='word_1_286' title='bbox 2688 1618 2831 1656; x_wconf 90' lang='lat' dir='ltr'><strong>anno</strong></span> <span class='ocrx_word' id='word_1_287' title='bbox 2886 1603 3274 1656; x_wconf 84' lang='lat' dir='ltr'><strong>Mahumetauo</strong></span> <span class='ocrx_word' id='word_1_288' title='bbox 3336 1604 3441 1655; x_wconf 76' lang='lat' dir='ltr'><strong>S73</strong></span> 
     </span>
    </p>
   </div>
   <div class='ocr_carea' id='block_1_46' title="bbox 1871 1694 3437 1762">
    <p class='ocr_par' dir='ltr' id='par_1_46' title="bbox 1871 1694 3437 1762">
     <span class='ocr_line' id='line_1_46' title="bbox 1871 1694 3437 1762; baseline -0.003 -12"><span class='ocrx_word' id='word_1_289' title='bbox 1871 1695 2023 1762; x_wconf 92' lang='lat' dir='ltr'><strong>(Chr.</strong></span> <span class='ocrx_word' id='word_1_290' title='bbox 2062 1694 2243 1760; x_wconf 78' lang='lat' dir='ltr'><strong>l566).</strong></span> <span class='ocrx_word' id='word_1_291' title='bbox 2276 1694 2527 1762; x_wconf 85' lang='lat' dir='ltr'><strong>Quinque</strong></span> <span class='ocrx_word' id='word_1_292' title='bbox 2554 1694 2820 1748; x_wconf 80' lang='lat' dir='ltr'><strong>duntaxat</strong></span> <span class='ocrx_word' id='word_1_293' title='bbox 2865 1695 3133 1759; x_wconf 89' lang='lat' dir='ltr'><strong>exceptis,</strong></span> <span class='ocrx_word' id='word_1_294' title='bbox 3164 1694 3343 1748; x_wconf 68' lang='lat' dir='ltr'><strong>caeteri</strong></span> <span class='ocrx_word' id='word_1_295' title='bbox 3374 1695 3437 1745; x_wconf 88' lang='lat' dir='ltr'><strong>ad</strong></span> 
     </span>
    </p>
   </div>
   <div class='ocr_carea' id='block_1_47' title="bbox 1865 1786 3439 1854">
    <p class='ocr_par' dir='ltr' id='par_1_47' title="bbox 1865 1786 3439 1854">
     <span class='ocr_line' id='line_1_47' title="bbox 1865 1786 3439 1854; baseline -0.003 -14"><span class='ocrx_word' id='word_1_296' title='bbox 1865 1802 2031 1840; x_wconf 91' lang='lat' dir='ltr'><strong>unum</strong></span> <span class='ocrx_word' id='word_1_297' title='bbox 2063 1786 2318 1840; x_wconf 86' lang='lat' dir='ltr'><strong>trucidati</strong></span> <span class='ocrx_word' id='word_1_298' title='bbox 2373 1787 2523 1839; x_wconf 87' lang='lat' dir='ltr'><strong>fuere</strong></span> <span class='ocrx_word' id='word_1_299' title='bbox 2574 1786 2824 1850; x_wconf 85' lang='lat' dir='ltr'><strong>llarbari,</strong></span> <span class='ocrx_word' id='word_1_300' title='bbox 2883 1786 3026 1853; x_wconf 87' lang='lat' dir='ltr'><strong>quod</strong></span> <span class='ocrx_word' id='word_1_301' title='bbox 3080 1802 3186 1839; x_wconf 92' lang='lat' dir='ltr'><strong>non</strong></span> <span class='ocrx_word' id='word_1_302' title='bbox 3225 1786 3295 1839; x_wconf 91' lang='lat' dir='ltr'><strong>ita</strong></span> <span class='ocrx_word' id='word_1_303' title='bbox 3332 1788 3439 1854; x_wconf 79' lang='lat' dir='ltr'><strong>pri—</strong></span> 
     </span>
    </p>
   </div>
   <div class='ocr_carea' id='block_1_48' title="bbox 1863 1877 3442 1947">
    <p class='ocr_par' dir='ltr' id='par_1_48' title="bbox 1863 1877 3442 1947">
     <span class='ocr_line' id='line_1_48' title="bbox 1863 1877 3442 1947; baseline -0.001 -14"><span class='ocrx_word' id='word_1_304' title='bbox 1863 1880 1983 1933; x_wconf 86' lang='lat' dir='ltr'><strong>dem</strong></span> <span class='ocrx_word' id='word_1_305' title='bbox 2008 1880 2252 1947; x_wconf 84' lang='lat' dir='ltr'><strong>captivos</strong></span> <span class='ocrx_word' id='word_1_306' title='bbox 2277 1895 2471 1947; x_wconf 81' lang='lat' dir='ltr'><strong>magno</strong></span> <span class='ocrx_word' id='word_1_307' title='bbox 2499 1893 2728 1933; x_wconf 90' lang='lat' dir='ltr'><strong>numero</strong></span> <span class='ocrx_word' id='word_1_308' title='bbox 2750 1878 3095 1933; x_wconf 86' lang='lat' dir='ltr'><strong>Christianos</strong></span> <span class='ocrx_word' id='word_1_309' title='bbox 3129 1877 3442 1931; x_wconf 83' lang='lat' dir='ltr'><strong>immaniter</strong></span> 
     </span>
    </p>
   </div>
   <div class='ocr_carea' id='block_1_49' title="bbox 1864 1975 2209 2029">
    <p class='ocr_par' dir='ltr' id='par_1_49' title="bbox 1864 1975 2209 2029">
     <span class='ocr_line' id='line_1_49' title="bbox 1864 1975 2209 2029; baseline -0.006 0"><span class='ocrx_word' id='word_1_310' title='bbox 1864 1975 2209 2029; x_wconf 89' lang='lat' dir='ltr'><strong>occidissent.</strong></span> 
     </span>
    </p>
   </div>
   <div class='ocr_carea' id='block_1_50' title="bbox 1933 2061 3444 2134">
    <p class='ocr_par' dir='ltr' id='par_1_50' title="bbox 1933 2061 3444 2134">
     <span class='ocr_line' id='line_1_50' title="bbox 1933 2061 3444 2134; baseline -0.003 -15"><span class='ocrx_word' id='word_1_311' title='bbox 1933 2066 2015 2120; x_wconf 83' lang='lat' dir='ltr'><strong>Ab</strong></span> <span class='ocrx_word' id='word_1_312' title='bbox 2044 2065 2232 2119; x_wconf 90' lang='lat' dir='ltr'><strong>eodem</strong></span> <span class='ocrx_word' id='word_1_313' title='bbox 2273 2064 2453 2134; x_wconf 87' lang='lat' dir='ltr'><strong>Egone</strong></span> <span class='ocrx_word' id='word_1_314' title='bbox 2504 2065 2703 2121; x_wconf 91' lang='lat' dir='ltr'><strong>comite</strong></span> <span class='ocrx_word' id='word_1_315' title='bbox 2752 2065 3019 2120; x_wconf 88' lang='lat' dir='ltr'><strong>Salmensi</strong></span> <span class='ocrx_word' id='word_1_316' title='bbox 3066 2071 3224 2132; x_wconf 85' lang='lat' dir='ltr'><strong>capta</strong></span> <span class='ocrx_word' id='word_1_317' title='bbox 3259 2061 3361 2116; x_wconf 88' lang='lat' dir='ltr'><strong>fuit</strong></span> <span class='ocrx_word' id='word_1_318' title='bbox 3388 2070 3444 2115; x_wconf 90' lang='lat' dir='ltr'><strong>et</strong></span> 
     </span>
    </p>
   </div>
   <div class='ocr_carea' id='block_1_51' title="bbox 1863 2157 3442 2229">
    <p class='ocr_par' dir='ltr' id='par_1_51' title="bbox 1863 2157 3442 2229">
     <span class='ocr_line' id='line_1_51' title="bbox 1863 2157 3442 2229; baseline -0.004 -14"><span class='ocrx_word' id='word_1_319' title='bbox 1863 2161 2021 2226; x_wconf 88' lang='lat' dir='ltr'><strong>Tata,</strong></span> <span class='ocrx_word' id='word_1_320' title='bbox 2085 2176 2270 2215; x_wconf 89' lang='lat' dir='ltr'><strong>mense</strong></span> <span class='ocrx_word' id='word_1_321' title='bbox 2320 2161 2484 2222; x_wconf 83' lang='lat' dir='ltr'><strong>Julio.</strong></span> <span class='ocrx_word' id='word_1_322' title='bbox 2533 2160 2690 2215; x_wconf 71' lang='lat' dir='ltr'><strong>cmsis</strong></span> <span class='ocrx_word' id='word_1_323' title='bbox 2739 2158 3130 2229; x_wconf 62' lang='lat' dir='ltr'><strong>praesidiariis;</strong></span> <span class='ocrx_word' id='word_1_324' title='bbox 3199 2157 3442 2224; x_wconf 87' lang='lat' dir='ltr'><strong>itemque</strong></span> 
     </span>
    </p>
   </div>
   <div class='ocr_carea' id='block_1_52' title="bbox 1863 2249 3439 2317">
    <p class='ocr_par' dir='ltr' id='par_1_52' title="bbox 1863 2249 3439 2317">
     <span class='ocr_line' id='line_1_52' title="bbox 1863 2249 3439 2317; baseline -0.006 -8"><span class='ocrx_word' id='word_1_325' title='bbox 1863 2254 2052 2309; x_wconf 90' lang='lat' dir='ltr'><strong>Gester</strong></span> <span class='ocrx_word' id='word_1_326' title='bbox 2086 2254 2402 2317; x_wconf 87' lang='lat' dir='ltr'><strong>castellum,</strong></span> <span class='ocrx_word' id='word_1_327' title='bbox 2441 2254 2507 2307; x_wconf 87' lang='lat' dir='ltr'><strong>ah</strong></span> <span class='ocrx_word' id='word_1_328' title='bbox 2551 2252 2747 2307; x_wconf 89' lang='lat' dir='ltr'><strong>incolis</strong></span> <span class='ocrx_word' id='word_1_329' title='bbox 2778 2250 2975 2305; x_wconf 80' lang='lat' dir='ltr'><strong>Turcis</strong></span> <span class='ocrx_word' id='word_1_330' title='bbox 3032 2258 3181 2303; x_wconf 92' lang='lat' dir='ltr'><strong>metu</strong></span> <span class='ocrx_word' id='word_1_331' title='bbox 3234 2249 3439 2301; x_wconf 85' lang='lat' dir='ltr'><strong>adven-</strong></span> 
     </span>
    </p>
   </div>
   <div class='ocr_carea' id='block_1_53' title="bbox 1864 2339 3443 2411">
    <p class='ocr_par' dir='ltr' id='par_1_53' title="bbox 1864 2339 3443 2411">
     <span class='ocr_line' id='line_1_53' title="bbox 1864 2339 3443 2411; baseline -0.005 -13"><span class='ocrx_word' id='word_1_332' title='bbox 1864 2345 2031 2400; x_wconf 85' lang='lat' dir='ltr'><strong>tantis</strong></span> <span class='ocrx_word' id='word_1_333' title='bbox 2059 2346 2276 2399; x_wconf 91' lang='lat' dir='ltr'><strong>comitis</strong></span> <span class='ocrx_word' id='word_1_334' title='bbox 2319 2345 2627 2407; x_wconf 87' lang='lat' dir='ltr'><strong>desertum;</strong></span> <span class='ocrx_word' id='word_1_335' title='bbox 2662 2359 2802 2411; x_wconf 86' lang='lat' dir='ltr'><strong>quos</strong></span> <span class='ocrx_word' id='word_1_336' title='bbox 2851 2341 3045 2396; x_wconf 91' lang='lat' dir='ltr'><strong>imitati</strong></span> <span class='ocrx_word' id='word_1_337' title='bbox 3097 2339 3443 2394; x_wconf 83' lang='lat' dir='ltr'><strong>Vethaimen-</strong></span> 
     </span>
    </p>
   </div>
   <div class='ocr_carea' id='block_1_54' title="bbox 1865 2429 3442 2501">
    <p class='ocr_par' dir='ltr' id='par_1_54' title="bbox 1865 2429 3442 2501">
     <span class='ocr_line' id='line_1_54' title="bbox 1865 2429 3442 2501; baseline -0.006 -10"><span class='ocrx_word' id='word_1_338' title='bbox 1865 2451 1975 2501; x_wconf 91' lang='lat' dir='ltr'><strong>ses,</strong></span> <span class='ocrx_word' id='word_1_339' title='bbox 2030 2434 2338 2490; x_wconf 83' lang='lat' dir='ltr'><strong>lscochiani</strong></span> <span class='ocrx_word' id='word_1_340' title='bbox 2396 2443 2453 2488; x_wconf 93' lang='lat' dir='ltr'><strong>et</strong></span> <span class='ocrx_word' id='word_1_341' title='bbox 2518 2433 2769 2487; x_wconf 90' lang='lat' dir='ltr'><strong>aliorum</strong></span> <span class='ocrx_word' id='word_1_342' title='bbox 2819 2432 3169 2487; x_wconf 91' lang='lat' dir='ltr'><strong>castellorum</strong></span> <span class='ocrx_word' id='word_1_343' title='bbox 3227 2429 3442 2493; x_wconf 69' lang='lat' dir='ltr'><strong>inculte,</strong></span> 
     </span>
    </p>
   </div>
   <div class='ocr_carea' id='block_1_55' title="bbox 1865 2525 3443 2595">
    <p class='ocr_par' dir='ltr' id='par_1_55' title="bbox 1865 2525 3443 2595">
     <span class='ocr_line' id='line_1_55' title="bbox 1865 2525 3443 2595; baseline -0.006 -11"><span class='ocrx_word' id='word_1_344' title='bbox 1865 2530 2079 2585; x_wconf 82' lang='lat' dir='ltr'><strong>ﬂamma</strong></span> <span class='ocrx_word' id='word_1_345' title='bbox 2104 2529 2349 2585; x_wconf 85' lang='lat' dir='ltr'><strong>castellis</strong></span> <span class='ocrx_word' id='word_1_346' title='bbox 2385 2531 2504 2583; x_wconf 84' lang='lat' dir='ltr'><strong>suis</strong></span> <span class='ocrx_word' id='word_1_347' title='bbox 2539 2527 2764 2595; x_wconf 85' lang='lat' dir='ltr'><strong>injecta,</strong></span> <span class='ocrx_word' id='word_1_348' title='bbox 2813 2525 3157 2595; x_wconf 91' lang='lat' dir='ltr'><strong>Strigonium</strong></span> <span class='ocrx_word' id='word_1_349' title='bbox 3204 2539 3261 2577; x_wconf 86' lang='lat' dir='ltr'><strong>se</strong></span> <span class='ocrx_word' id='word_1_350' title='bbox 3292 2538 3443 2577; x_wconf 90' lang='lat' dir='ltr'><strong>rece-</strong></span> 
     </span>
    </p>
   </div>
   <div class='ocr_carea' id='block_1_56' title="bbox 1865 2615 3444 2693">
    <p class='ocr_par' dir='ltr' id='par_1_56' title="bbox 1865 2615 3444 2693">
     <span class='ocr_line' id='line_1_56' title="bbox 1865 2615 3444 2693; baseline -0.007 -16"><span class='ocrx_word' id='word_1_351' title='bbox 1865 2631 2091 2693; x_wconf 87' lang='lat' dir='ltr'><strong>perunt;</strong></span> <span class='ocrx_word' id='word_1_352' title='bbox 2151 2624 2297 2691; x_wconf 89' lang='lat' dir='ltr'><strong>quod</strong></span> <span class='ocrx_word' id='word_1_353' title='bbox 2342 2623 2701 2683; x_wconf 89' lang='lat' dir='ltr'><strong>obsessurus,</strong></span> <span class='ocrx_word' id='word_1_354' title='bbox 2767 2620 3011 2673; x_wconf 67' lang='lat' dir='ltr'><strong>victoriae</strong></span> <span class='ocrx_word' id='word_1_355' title='bbox 3050 2615 3444 2687; x_wconf 70' lang='lat' dir='ltr'><strong>prosequendm</strong></span> 
     </span>
    </p>
   </div>
   <div class='ocr_carea' id='block_1_57' title="bbox 1866 2708 3447 2778">
    <p class='ocr_par' dir='ltr' id='par_1_57' title="bbox 1866 2708 3447 2778">
     <span class='ocr_line' id='line_1_57' title="bbox 1866 2708 3447 2778; baseline -0.006 -9"><span class='ocrx_word' id='word_1_356' title='bbox 1866 2729 2051 2777; x_wconf 89' lang='lat' dir='ltr'><strong>causa,</strong></span> <span class='ocrx_word' id='word_1_357' title='bbox 2086 2730 2213 2769; x_wconf 85' lang='lat' dir='ltr'><strong>mox</strong></span> <span class='ocrx_word' id='word_1_358' title='bbox 2244 2723 2363 2769; x_wconf 87' lang='lat' dir='ltr'><strong>erat</strong></span> <span class='ocrx_word' id='word_1_359' title='bbox 2401 2712 2710 2767; x_wconf 87' lang='lat' dir='ltr'><strong>Salmensis</strong></span> <span class='ocrx_word' id='word_1_360' title='bbox 2749 2725 2957 2772; x_wconf 89' lang='lat' dir='ltr'><strong>comes.</strong></span> <span class='ocrx_word' id='word_1_361' title='bbox 2990 2709 3190 2764; x_wconf 38' lang='lat' dir='ltr'><strong>nisi‘de</strong></span> <span class='ocrx_word' id='word_1_362' title='bbox 3220 2708 3447 2778; x_wconf 88' lang='lat' dir='ltr'><strong>quibus-</strong></span> 
     </span>
    </p>
   </div>
   <div class='ocr_carea' id='block_1_58' title="bbox 1866 2801 3441 2874">
    <p class='ocr_par' dir='ltr' id='par_1_58' title="bbox 1866 2801 3441 2874">
     <span class='ocr_line' id='line_1_58' title="bbox 1866 2801 3441 2874; baseline -0.003 -16"><span class='ocrx_word' id='word_1_363' title='bbox 1866 2806 1989 2859; x_wconf 87' lang='lat' dir='ltr'><strong>dam</strong></span> <span class='ocrx_word' id='word_1_364' title='bbox 2044 2806 2227 2861; x_wconf 83' lang='lat' dir='ltr'><strong>causis</strong></span> <span class='ocrx_word' id='word_1_365' title='bbox 2268 2805 2414 2859; x_wconf 84' lang='lat' dir='ltr'><strong>aliud</strong></span> <span class='ocrx_word' id='word_1_366' title='bbox 2470 2803 2788 2874; x_wconf 90' lang='lat' dir='ltr'><strong>imperatori</strong></span> <span class='ocrx_word' id='word_1_367' title='bbox 2842 2802 3213 2857; x_wconf 74' lang='lat' dir='ltr'><strong>Maximilieno</strong></span> <span class='ocrx_word' id='word_1_368' title='bbox 3266 2801 3441 2853; x_wconf 86' lang='lat' dir='ltr'><strong>visum</strong></span> 
     </span>
    </p>
   </div>
   <div class='ocr_carea' id='block_1_59' title="bbox 1867 2899 2083 2953">
    <p class='ocr_par' dir='ltr' id='par_1_59' title="bbox 1867 2899 2083 2953">
     <span class='ocr_line' id='line_1_59' title="bbox 1867 2899 2083 2953; baseline 0 -1"><span class='ocrx_word' id='word_1_369' title='bbox 1867 2899 2083 2953; x_wconf 80' lang='lat' dir='ltr'><strong>fuisset.</strong></span> 
     </span>
    </p>
   </div>
   <div class='ocr_carea' id='block_1_60' title="bbox 1938 2990 3440 3063">
    <p class='ocr_par' dir='ltr' id='par_1_60' title="bbox 1938 2990 3440 3063">
     <span class='ocr_line' id='line_1_60' title="bbox 1938 2990 3440 3063; baseline -0.003 -17"><span class='ocrx_word' id='word_1_370' title='bbox 1938 2994 2181 3063; x_wconf 84' lang='lat' dir='ltr'><strong>Augusto</strong></span> <span class='ocrx_word' id='word_1_371' title='bbox 2219 3010 2402 3049; x_wconf 80' lang='lat' dir='ltr'><strong>meuse</strong></span> <span class='ocrx_word' id='word_1_372' title='bbox 2444 2994 2739 3055; x_wconf 84' lang='lat' dir='ltr'><strong>Suendius.</strong></span> <span class='ocrx_word' id='word_1_373' title='bbox 2772 2994 2863 3063; x_wconf 86' lang='lat' dir='ltr'><strong>qui</strong></span> <span class='ocrx_word' id='word_1_374' title='bbox 2898 3002 3049 3046; x_wconf 87' lang='lat' dir='ltr'><strong>certo</strong></span> <span class='ocrx_word' id='word_1_375' title='bbox 3080 2990 3313 3045; x_wconf 77' lang='lat' dir='ltr'><strong>consilio</strong></span> <span class='ocrx_word' id='word_1_376' title='bbox 3346 3005 3440 3043; x_wconf 86' lang='lat' dir='ltr'><strong>su—</strong></span> 
     </span>
    </p>
   </div>
   <div class='ocr_carea' id='block_1_61' title="bbox 172 3076 3441 3175">
    <p class='ocr_par' dir='ltr' id='par_1_61' title="bbox 172 3076 3441 3175">
     <span class='ocr_line' id='line_1_61' title="bbox 172 3076 3441 3175; baseline -0.001 -38"><span class='ocrx_word' id='word_1_377' title='bbox 172 3086 401 3143; x_wconf 82' lang='lat' dir='ltr'><strong>derato,</strong></span> <span class='ocrx_word' id='word_1_378' title='bbox 442 3081 627 3150; x_wconf 69' lang='lat' dir='ltr'><strong>patriar</strong></span> <span class='ocrx_word' id='word_1_379' title='bbox 654 3078 889 3134; x_wconf 87' lang='lat' dir='ltr'><strong>restituti</strong></span> <span class='ocrx_word' id='word_1_380' title='bbox 924 3076 1165 3139; x_wconf 86' lang='lat' dir='ltr'><strong>fuerunt,</strong></span> <span class='ocrx_word' id='word_1_381' title='bbox 1192 3087 1246 3133; x_wconf 89' lang='lat' dir='ltr'><strong>et</strong></span> <span class='ocrx_word' id='word_1_382' title='bbox 1284 3080 1476 3132; x_wconf 90' lang='lat' dir='ltr'><strong>umbra</strong></span> <span class='ocrx_word' id='word_1_383' title='bbox 1510 3081 1758 3146; x_wconf 63' lang='lat' dir='ltr'><strong>quaedam</strong></span> <span class='ocrx_word' id='word_1_384' title='bbox 1786 3112 1831 3175; x_wconf 65' lang='grc' dir='ltr'>Ο</span> <span class='ocrx_word' id='word_1_385' title='bbox 1867 3089 2080 3157; x_wconf 73' lang='lat' dir='ltr'><strong>periure</strong></span> <span class='ocrx_word' id='word_1_386' title='bbox 2115 3085 2168 3139; x_wconf 90' lang='lat' dir='ltr'><strong>in</strong></span> <span class='ocrx_word' id='word_1_387' title='bbox 2209 3085 2467 3156; x_wconf 83' lang='lat' dir='ltr'><strong>Ungaria,</strong></span> <span class='ocrx_word' id='word_1_388' title='bbox 2510 3095 2563 3141; x_wconf 95' lang='lat' dir='ltr'><strong>et</strong></span> <span class='ocrx_word' id='word_1_389' title='bbox 2620 3100 2751 3155; x_wconf 90' lang='lat' dir='ltr'><strong>agro</strong></span> <span class='ocrx_word' id='word_1_390' title='bbox 2783 3084 3109 3151; x_wconf 84' lang='lat' dir='ltr'><strong>Cepisiensi,</strong></span> <span class='ocrx_word' id='word_1_391' title='bbox 3148 3083 3277 3135; x_wconf 90' lang='lat' dir='ltr'><strong>dum</strong></span> <span class='ocrx_word' id='word_1_392' title='bbox 3328 3080 3441 3134; x_wconf 82' lang='lat' dir='ltr'><strong>Ma-</strong></span> 
     </span>
    </p>
   </div>
   <div class='ocr_carea' id='block_1_62' title="bbox 167 3171 1761 3239">
    <p class='ocr_par' dir='ltr' id='par_1_62' title="bbox 167 3171 1761 3239">
     <span class='ocr_line' id='line_1_62' title="bbox 167 3171 1761 3239; baseline -0.003 -11"><span class='ocrx_word' id='word_1_393' title='bbox 167 3171 688 3229; x_wconf 84' lang='lat' dir='ltr'><strong>administrationis</strong></span> <span class='ocrx_word' id='word_1_394' title='bbox 740 3171 1185 3239; x_wconf 70' lang='lat' dir='ltr'><strong>iudiciorumque</strong></span> <span class='ocrx_word' id='word_1_395' title='bbox 1250 3172 1607 3239; x_wconf 92' lang='lat' dir='ltr'><strong>pristinorum</strong></span> <span class='ocrx_word' id='word_1_396' title='bbox 1662 3172 1761 3224; x_wconf 84' lang='lat' dir='ltr'><strong>mi-</strong></span> 
     </span>
    </p>
   </div>
   <div class='ocr_carea' id='block_1_63' title="bbox 165 3264 1761 3331">
    <p class='ocr_par' dir='ltr' id='par_1_63' title="bbox 165 3264 1761 3331">
     <span class='ocr_line' id='line_1_63' title="bbox 165 3264 1761 3331; baseline -0.003 -10"><span class='ocrx_word' id='word_1_397' title='bbox 165 3270 326 3321; x_wconf 81' lang='lat' dir='ltr'><strong>seris</strong></span> <span class='ocrx_word' id='word_1_398' title='bbox 364 3265 692 3319; x_wconf 77' lang='lat' dir='ltr'><strong>Chiensibus</strong></span> <span class='ocrx_word' id='word_1_399' title='bbox 722 3278 1007 3327; x_wconf 89' lang='lat' dir='ltr'><strong>concessa,</strong></span> <span class='ocrx_word' id='word_1_400' title='bbox 1066 3264 1451 3331; x_wconf 76' lang='lat' dir='ltr'><strong>provocatione</strong></span> <span class='ocrx_word' id='word_1_401' title='bbox 1499 3264 1761 3317; x_wconf 82' lang='lat' dir='ltr'><strong>duntaxat</strong></span> 
     </span>
    </p>
   </div>
   <div class='ocr_carea' id='block_1_64' title="bbox 163 3354 1761 3426">
    <p class='ocr_par' dir='ltr' id='par_1_64' title="bbox 163 3354 1761 3426">
     <span class='ocr_line' id='line_1_64' title="bbox 163 3354 1761 3426; baseline -0.003 -14"><span class='ocrx_word' id='word_1_402' title='bbox 163 3362 248 3412; x_wconf 79' lang='lat' dir='ltr'><strong>ad</strong></span> <span class='ocrx_word' id='word_1_403' title='bbox 312 3358 557 3426; x_wconf 74' lang='lat' dir='ltr'><strong>judicem</strong></span> <span class='ocrx_word' id='word_1_404' title='bbox 615 3354 911 3409; x_wconf 88' lang='lat' dir='ltr'><strong>Turcicum</strong></span> <span class='ocrx_word' id='word_1_405' title='bbox 968 3356 1229 3419; x_wconf 87' lang='lat' dir='ltr'><strong>remissa;</strong></span> <span class='ocrx_word' id='word_1_406' title='bbox 1292 3357 1433 3425; x_wconf 87' lang='lat' dir='ltr'><strong>quod</strong></span> <span class='ocrx_word' id='word_1_407' title='bbox 1493 3373 1557 3409; x_wconf 86' lang='lat' dir='ltr'><strong>eo</strong></span> <span class='ocrx_word' id='word_1_408' title='bbox 1622 3356 1761 3410; x_wconf 54' lang='lat' dir='ltr'><strong>faci-</strong></span> 
     </span>
    </p>
   </div>
   <div class='ocr_carea' id='block_1_65' title="bbox 159 3447 1763 3517">
    <p class='ocr_par' dir='ltr' id='par_1_65' title="bbox 159 3447 1763 3517">
     <span class='ocr_line' id='line_1_65' title="bbox 159 3447 1763 3517; baseline -0.002 -11"><span class='ocrx_word' id='word_1_409' title='bbox 159 3455 287 3506; x_wconf 86' lang='lat' dir='ltr'><strong>lius</strong></span> <span class='ocrx_word' id='word_1_410' title='bbox 358 3451 742 3517; x_wconf 86' lang='lat' dir='ltr'><strong>impetratum,</strong></span> <span class='ocrx_word' id='word_1_411' title='bbox 825 3464 893 3503; x_wconf 91' lang='lat' dir='ltr'><strong>ne</strong></span> <span class='ocrx_word' id='word_1_412' title='bbox 975 3447 1307 3502; x_wconf 81' lang='lat' dir='ltr'><strong>Christianis</strong></span> <span class='ocrx_word' id='word_1_413' title='bbox 1376 3449 1567 3503; x_wconf 72' lang='lat' dir='ltr'><strong>incol‘s</strong></span> <span class='ocrx_word' id='word_1_414' title='bbox 1656 3450 1763 3503; x_wconf 90' lang='lat' dir='ltr'><strong>alio</strong></span> 
     </span>
    </p>
   </div>
   <div class='ocr_carea' id='block_1_66' title="bbox 160 3538 1765 3611">
    <p class='ocr_par' dir='ltr' id='par_1_66' title="bbox 160 3538 1765 3611">
     <span class='ocr_line' id='line_1_66' title="bbox 160 3538 1765 3611; baseline 0 -16"><span class='ocrx_word' id='word_1_415' title='bbox 160 3540 699 3611; x_wconf 76' lang='lat' dir='ltr'><strong>cornmigrantibus,</strong></span> <span class='ocrx_word' id='word_1_416' title='bbox 739 3539 917 3593; x_wconf 90' lang='lat' dir='ltr'><strong>insula</strong></span> <span class='ocrx_word' id='word_1_417' title='bbox 967 3538 1181 3593; x_wconf 70' lang='lat' dir='ltr'><strong>deserta</strong></span> <span class='ocrx_word' id='word_1_418' title='bbox 1224 3540 1356 3592; x_wconf 91' lang='lat' dir='ltr'><strong>nulli</strong></span> <span class='ocrx_word' id='word_1_419' title='bbox 1392 3539 1587 3594; x_wconf 86' lang='lat' dir='ltr'><strong>Turcis</strong></span> <span class='ocrx_word' id='word_1_420' title='bbox 1620 3552 1765 3595; x_wconf 87' lang='lat' dir='ltr'><strong>esset</strong></span> 
     </span>
    </p>
   </div>
   <div class='ocr_carea' id='block_1_67' title="bbox 156 3635 333 3689">
    <p class='ocr_par' dir='ltr' id='par_1_67' title="bbox 156 3635 333 3689">
     <span class='ocr_line' id='line_1_67' title="bbox 156 3635 333 3689; baseline -0.011 0"><span class='ocrx_word' id='word_1_421' title='bbox 156 3635 333 3689; x_wconf 87' lang='lat' dir='ltr'><strong>usui.</strong></span> 
     </span>
    </p>
   </div>
   <div class='ocr_carea' id='block_1_68' title="bbox 250 3724 1761 3796">
    <p class='ocr_par' dir='ltr' id='par_1_68' title="bbox 250 3724 1761 3796">
     <span class='ocr_line' id='line_1_68' title="bbox 250 3724 1761 3796; baseline 0 -17"><span class='ocrx_word' id='word_1_422' title='bbox 250 3727 337 3779; x_wconf 80' lang='lat' dir='ltr'><strong>Ad</strong></span> <span class='ocrx_word' id='word_1_423' title='bbox 389 3742 474 3781; x_wconf 90' lang='lat' dir='ltr'><strong>res</strong></span> <span class='ocrx_word' id='word_1_424' title='bbox 526 3727 579 3779; x_wconf 92' lang='lat' dir='ltr'><strong>in</strong></span> <span class='ocrx_word' id='word_1_425' title='bbox 632 3724 866 3795; x_wconf 88' lang='lat' dir='ltr'><strong>Ungaria</strong></span> <span class='ocrx_word' id='word_1_426' title='bbox 913 3738 1089 3796; x_wconf 82' lang='lat' dir='ltr'><strong>gestas</strong></span> <span class='ocrx_word' id='word_1_427' title='bbox 1139 3738 1196 3781; x_wconf 91' lang='lat' dir='ltr'><strong>ut</strong></span> <span class='ocrx_word' id='word_1_428' title='bbox 1242 3729 1547 3793; x_wconf 88' lang='lat' dir='ltr'><strong>redeamus,</strong></span> <span class='ocrx_word' id='word_1_429' title='bbox 1607 3729 1761 3782; x_wconf 78' lang='lat' dir='ltr'><strong>bassa</strong></span> 
     </span>
    </p>
   </div>
   <div class='ocr_carea' id='block_1_69' title="bbox 151 3815 1761 3887">
    <p class='ocr_par' dir='ltr' id='par_1_69' title="bbox 151 3815 1761 3887">
     <span class='ocr_line' id='line_1_69' title="bbox 151 3815 1761 3887; baseline 0.001 -18"><span class='ocrx_word' id='word_1_430' title='bbox 151 3818 477 3879; x_wconf 83' lang='lat' dir='ltr'><strong>Budensis,</strong></span> <span class='ocrx_word' id='word_1_431' title='bbox 521 3826 580 3870; x_wconf 91' lang='lat' dir='ltr'><strong>ut</strong></span> <span class='ocrx_word' id='word_1_432' title='bbox 611 3815 842 3884; x_wconf 90' lang='lat' dir='ltr'><strong>imperio</strong></span> <span class='ocrx_word' id='word_1_433' title='bbox 890 3819 1095 3871; x_wconf 88' lang='lat' dir='ltr'><strong>sttltaui</strong></span> <span class='ocrx_word' id='word_1_434' title='bbox 1153 3820 1484 3873; x_wconf 81' lang='lat' dir='ltr'><strong>Soleimauis</strong></span> <span class='ocrx_word' id='word_1_435' title='bbox 1527 3828 1761 3887; x_wconf 86' lang='lat' dir='ltr'><strong>pareret.</strong></span> 
     </span>
    </p>
   </div>
   <div class='ocr_carea' id='block_1_70' title="bbox 150 3906 1765 3963">
    <p class='ocr_par' dir='ltr' id='par_1_70' title="bbox 150 3906 1765 3963">
     <span class='ocr_line' id='line_1_70' title="bbox 150 3906 1765 3963; baseline 0.002 -4"><span class='ocrx_word' id='word_1_436' title='bbox 150 3909 346 3961; x_wconf 80' lang='lat' dir='ltr'><strong>initio</strong></span> <span class='ocrx_word' id='word_1_437' title='bbox 380 3909 586 3961; x_wconf 87' lang='lat' dir='ltr'><strong>tnensis</strong></span> <span class='ocrx_word' id='word_1_438' title='bbox 616 3906 763 3963; x_wconf 85' lang='lat' dir='ltr'><strong>Junii</strong></span> <span class='ocrx_word' id='word_1_439' title='bbox 824 3910 1069 3963; x_wconf 89' lang='lat' dir='ltr'><strong>Palotam</strong></span> <span class='ocrx_word' id='word_1_440' title='bbox 1129 3909 1365 3962; x_wconf 87' lang='lat' dir='ltr'><strong>militum</strong></span> <span class='ocrx_word' id='word_1_441' title='bbox 1402 3924 1603 3962; x_wconf 81' lang='lat' dir='ltr'><strong>t-orona</strong></span> <span class='ocrx_word' id='word_1_442' title='bbox 1659 3908 1765 3962; x_wconf 90' lang='lat' dir='ltr'><strong>cir-</strong></span> 
     </span>
    </p>
   </div>
   <div class='ocr_carea' id='block_1_71' title="bbox 138 3999 1767 4069">
    <p class='ocr_par' dir='ltr' id='par_1_71' title="bbox 138 3999 1767 4069">
     <span class='ocr_line' id='line_1_71' title="bbox 138 3999 1767 4069; baseline 0.002 -19"><span class='ocrx_word' id='word_1_443' title='bbox 138 4000 449 4055; x_wconf 82' lang='lat' dir='ltr'><strong>cumdare</strong></span> <span class='ocrx_word' id='word_1_444' title='bbox 479 4001 662 4065; x_wconf 74' lang='lat' dir='ltr'><strong>C(Bpil.</strong></span> <span class='ocrx_word' id='word_1_445' title='bbox 690 3999 821 4053; x_wconf 86' lang='lat' dir='ltr'><strong>Eam</strong></span> <span class='ocrx_word' id='word_1_446' title='bbox 845 4010 1069 4055; x_wconf 88' lang='lat' dir='ltr'><strong>strenue</strong></span> <span class='ocrx_word' id='word_1_447' title='bbox 1100 4016 1220 4053; x_wconf 87' lang='lat' dir='ltr'><strong>cum</strong></span> <span class='ocrx_word' id='word_1_448' title='bbox 1250 4000 1363 4053; x_wconf 89' lang='lat' dir='ltr'><strong>suis</strong></span> <span class='ocrx_word' id='word_1_449' title='bbox 1391 4000 1767 4069; x_wconf 84' lang='lat' dir='ltr'><strong>propugnabat</strong></span> 
     </span>
    </p>
   </div>
   <div class='ocr_carea' id='block_1_72' title="bbox 139 4091 1767 4164">
    <p class='ocr_par' dir='ltr' id='par_1_72' title="bbox 139 4091 1767 4164">
     <span class='ocr_line' id='line_1_72' title="bbox 139 4091 1767 4164; baseline -0.001 -17"><span class='ocrx_word' id='word_1_450' title='bbox 139 4092 461 4161; x_wconf 67' lang='lat' dir='ltr'><strong>Georgius</strong></span> <span class='ocrx_word' id='word_1_451' title='bbox 522 4091 723 4146; x_wconf 84' lang='lat' dir='ltr'><strong>&#39;l&#39;huris</strong></span> <span class='ocrx_word' id='word_1_452' title='bbox 783 4091 1051 4164; x_wconf 63' lang='lat' dir='ltr'><strong>Urgarus.</strong></span> <span class='ocrx_word' id='word_1_453' title='bbox 1135 4094 1215 4144; x_wconf 76' lang='lat' dir='ltr'><strong>vir</strong></span> <span class='ocrx_word' id='word_1_454' title='bbox 1282 4092 1663 4158; x_wconf 69' lang='lat' dir='ltr'><strong>magnanimus</strong></span> <span class='ocrx_word' id='word_1_455' title='bbox 1713 4103 1767 4145; x_wconf 92' lang='lat' dir='ltr'><strong>ct</strong></span> 
     </span>
    </p>
   </div>
   <div class='ocr_carea' id='block_1_73' title="bbox 138 4184 1762 4254">
    <p class='ocr_par' dir='ltr' id='par_1_73' title="bbox 138 4184 1762 4254">
     <span class='ocr_line' id='line_1_73' title="bbox 138 4184 1762 4254; baseline -0.001 -15"><span class='ocrx_word' id='word_1_456' title='bbox 138 4185 378 4239; x_wconf 73' lang='lat' dir='ltr'><strong>IIHIllis</strong></span> <span class='ocrx_word' id='word_1_457' title='bbox 411 4186 576 4238; x_wconf 89' lang='lat' dir='ltr'><strong>rebus</strong></span> <span class='ocrx_word' id='word_1_458' title='bbox 610 4184 822 4239; x_wconf 79' lang='lat' dir='ltr'><strong>fortiter</strong></span> <span class='ocrx_word' id='word_1_459' title='bbox 853 4186 1027 4254; x_wconf 82' lang='lat' dir='ltr'><strong>gestis</strong></span> <span class='ocrx_word' id='word_1_460' title='bbox 1073 4184 1278 4239; x_wconf 77' lang='lat' dir='ltr'><strong>clarus.</strong></span> <span class='ocrx_word' id='word_1_461' title='bbox 1312 4184 1451 4239; x_wconf 91' lang='lat' dir='ltr'><strong>Toto</strong></span> <span class='ocrx_word' id='word_1_462' title='bbox 1475 4185 1588 4253; x_wconf 86' lang='lat' dir='ltr'><strong>jam</strong></span> <span class='ocrx_word' id='word_1_463' title='bbox 1622 4184 1762 4237; x_wconf 88' lang='lat' dir='ltr'><strong>octi-</strong></span> 
     </span>
    </p>
   </div>
   <div class='ocr_carea' id='block_1_74' title="bbox 132 4275 1766 4331">
    <p class='ocr_par' dir='ltr' id='par_1_74' title="bbox 132 4275 1766 4331">
     <span class='ocr_line' id='line_1_74' title="bbox 132 4275 1766 4331; baseline -0.001 -1"><span class='ocrx_word' id='word_1_464' title='bbox 132 4282 297 4330; x_wconf 76' lang='grc' dir='ltr'>ιιιιι)</span> <span class='ocrx_word' id='word_1_465' title='bbox 322 4291 512 4329; x_wconf 79' lang='lat' dir='ltr'><strong>muros</strong></span> <span class='ocrx_word' id='word_1_466' title='bbox 570 4277 729 4330; x_wconf 87' lang='lat' dir='ltr'><strong>bassa</strong></span> <span class='ocrx_word' id='word_1_467' title='bbox 788 4286 1187 4331; x_wconf 88' lang='lat' dir='ltr'><strong>tormentorum</strong></span> <span class='ocrx_word' id='word_1_468' title='bbox 1237 4276 1518 4331; x_wconf 79' lang='lat' dir='ltr'><strong>continuis</strong></span> <span class='ocrx_word' id='word_1_469' title='bbox 1568 4275 1766 4329; x_wconf 87' lang='lat' dir='ltr'><strong>ictibus</strong></span> 
     </span>
    </p>
   </div>
   <div class='ocr_carea' id='block_1_75' title="bbox 131 4356 1765 4437">
    <p class='ocr_par' dir='ltr' id='par_1_75' title="bbox 131 4356 1765 4437">
     <span class='ocr_line' id='line_1_75' title="bbox 131 4356 1765 4437; baseline -0.002 -12"><span class='ocrx_word' id='word_1_470' title='bbox 131 4377 241 4425; x_wconf 82' lang='lat' dir='ltr'><strong>ita</strong></span> <span class='ocrx_word' id='word_1_471' title='bbox 282 4368 665 4432; x_wconf 85' lang='lat' dir='ltr'><strong>labelactarat,</strong></span> <span class='ocrx_word' id='word_1_472' title='bbox 699 4356 987 4423; x_wconf 20' lang='lat' dir='ltr'><strong>aditerram</strong></span> <span class='ocrx_word' id='word_1_473' title='bbox 1026 4380 1085 4423; x_wconf 87' lang='lat' dir='ltr'><strong>ut</strong></span> <span class='ocrx_word' id='word_1_474' title='bbox 1136 4369 1392 4437; x_wconf 88' lang='lat' dir='ltr'><strong>prostrati</strong></span> <span class='ocrx_word' id='word_1_475' title='bbox 1422 4368 1765 4423; x_wconf 86' lang='lat' dir='ltr'><strong>collaberen-</strong></span> 
     </span>
    </p>
   </div>
   <div class='ocr_carea' id='block_1_76' title="bbox 1864 3176 3438 3247">
    <p class='ocr_par' dir='ltr' id='par_1_76' title="bbox 1864 3176 3438 3247">
     <span class='ocr_line' id='line_1_76' title="bbox 1864 3176 3438 3247; baseline -0.005 -14"><span class='ocrx_word' id='word_1_476' title='bbox 1864 3180 2182 3233; x_wconf 77' lang='lat' dir='ltr'><strong>ximilianus</strong></span> <span class='ocrx_word' id='word_1_477' title='bbox 2237 3181 2519 3245; x_wconf 80' lang='lat' dir='ltr'><strong>Augustus</strong></span> <span class='ocrx_word' id='word_1_478' title='bbox 2572 3180 2771 3247; x_wconf 79' lang='lat' dir='ltr'><strong>insigni</strong></span> <span class='ocrx_word' id='word_1_479' title='bbox 2809 3188 2863 3233; x_wconf 90' lang='lat' dir='ltr'><strong>et</strong></span> <span class='ocrx_word' id='word_1_480' title='bbox 2902 3176 3288 3245; x_wconf 89' lang='lat' dir='ltr'><strong>copiosissimo</strong></span> <span class='ocrx_word' id='word_1_481' title='bbox 3316 3188 3438 3227; x_wconf 90' lang='lat' dir='ltr'><strong>cum</strong></span> 
     </span>
    </p>
   </div>
   <div class='ocr_carea' id='block_1_77' title="bbox 1864 3264 3442 3339">
    <p class='ocr_par' dir='ltr' id='par_1_77' title="bbox 1864 3264 3442 3339">
     <span class='ocr_line' id='line_1_77' title="bbox 1864 3264 3442 3339; baseline -0.006 -14"><span class='ocrx_word' id='word_1_482' title='bbox 1864 3271 2109 3325; x_wconf 87' lang='lat' dir='ltr'><strong>exercitu</strong></span> <span class='ocrx_word' id='word_1_483' title='bbox 2142 3273 2340 3325; x_wconf 88' lang='lat' dir='ltr'><strong>castris</strong></span> <span class='ocrx_word' id='word_1_484' title='bbox 2377 3270 2442 3324; x_wconf 92' lang='lat' dir='ltr'><strong>ad</strong></span> <span class='ocrx_word' id='word_1_485' title='bbox 2493 3269 2777 3324; x_wconf 84' lang='lat' dir='ltr'><strong>Jauriuum</strong></span> <span class='ocrx_word' id='word_1_486' title='bbox 2837 3270 3053 3339; x_wconf 87' lang='lat' dir='ltr'><strong>positis,</strong></span> <span class='ocrx_word' id='word_1_487' title='bbox 3097 3282 3291 3320; x_wconf 88' lang='lat' dir='ltr'><strong>omnes</strong></span> <span class='ocrx_word' id='word_1_488' title='bbox 3338 3264 3442 3318; x_wconf 84' lang='lat' dir='ltr'><strong>So-</strong></span> 
     </span>
    </p>
   </div>
   <div class='ocr_carea' id='block_1_78' title="bbox 1866 3359 3443 3432">
    <p class='ocr_par' dir='ltr' id='par_1_78' title="bbox 1866 3359 3443 3432">
     <span class='ocr_line' id='line_1_78' title="bbox 1866 3359 3443 3432; baseline -0.004 -15"><span class='ocrx_word' id='word_1_489' title='bbox 1866 3364 2115 3418; x_wconf 90' lang='lat' dir='ltr'><strong>leimanis</strong></span> <span class='ocrx_word' id='word_1_490' title='bbox 2176 3375 2359 3418; x_wconf 82' lang='lat' dir='ltr'><strong>mctus</strong></span> <span class='ocrx_word' id='word_1_491' title='bbox 2410 3375 2464 3418; x_wconf 88' lang='lat' dir='ltr'><strong>et</strong></span> <span class='ocrx_word' id='word_1_492' title='bbox 2514 3378 2831 3432; x_wconf 82' lang='lat' dir='ltr'><strong>progressus</strong></span> <span class='ocrx_word' id='word_1_493' title='bbox 2888 3362 3228 3421; x_wconf 84' lang='lat' dir='ltr'><strong>observaret,</strong></span> <span class='ocrx_word' id='word_1_494' title='bbox 3263 3359 3443 3413; x_wconf 90' lang='lat' dir='ltr'><strong>subsi-</strong></span> 
     </span>
    </p>
   </div>
   <div class='ocr_carea' id='block_1_79' title="bbox 1864 3452 3439 3525">
    <p class='ocr_par' dir='ltr' id='par_1_79' title="bbox 1864 3452 3439 3525">
     <span class='ocr_line' id='line_1_79' title="bbox 1864 3452 3439 3525; baseline -0.003 -16"><span class='ocrx_word' id='word_1_495' title='bbox 1864 3464 2009 3509; x_wconf 87' lang='lat' dir='ltr'><strong>stere</strong></span> <span class='ocrx_word' id='word_1_496' title='bbox 2041 3470 2142 3509; x_wconf 91' lang='lat' dir='ltr'><strong>suo</strong></span> <span class='ocrx_word' id='word_1_497' title='bbox 2189 3471 2313 3509; x_wconf 88' lang='lat' dir='ltr'><strong>cum</strong></span> <span class='ocrx_word' id='word_1_498' title='bbox 2357 3456 2527 3508; x_wconf 85' lang='lat' dir='ltr'><strong>utilite</strong></span> <span class='ocrx_word' id='word_1_499' title='bbox 2566 3456 2754 3525; x_wconf 76' lang='lat' dir='ltr'><strong>jussus</strong></span> <span class='ocrx_word' id='word_1_500' title='bbox 2804 3454 3002 3517; x_wconf 86' lang='lat' dir='ltr'><strong>fuerat,</strong></span> <span class='ocrx_word' id='word_1_501' title='bbox 3029 3469 3151 3506; x_wconf 91' lang='lat' dir='ltr'><strong>cum</strong></span> <span class='ocrx_word' id='word_1_502' title='bbox 3186 3452 3381 3506; x_wconf 82' lang='lat' dir='ltr'><strong>excitis</strong></span> <span class='ocrx_word' id='word_1_503' title='bbox 3413 3468 3439 3504; x_wconf 91' lang='lat' dir='ltr'><strong>a</strong></span> 
     </span>
    </p>
   </div>
   <div class='ocr_carea' id='block_1_80' title="bbox 1866 3546 3439 3612">
    <p class='ocr_par' dir='ltr' id='par_1_80' title="bbox 1866 3546 3439 3612">
     <span class='ocr_line' id='line_1_80' title="bbox 1866 3546 3439 3612; baseline -0.004 -13"><span class='ocrx_word' id='word_1_504' title='bbox 1866 3546 2195 3611; x_wconf 80' lang='lat' dir='ltr'><strong>Soleimaue,</strong></span> <span class='ocrx_word' id='word_1_505' title='bbox 2256 3554 2447 3611; x_wconf 78' lang='lat' dir='ltr'><strong>rogatu</strong></span> <span class='ocrx_word' id='word_1_506' title='bbox 2496 3546 2793 3611; x_wconf 83' lang='lat' dir='ltr'><strong>Erdeliani,</strong></span> <span class='ocrx_word' id='word_1_507' title='bbox 2853 3546 3067 3600; x_wconf 87' lang='lat' dir='ltr'><strong>Tataris</strong></span> <span class='ocrx_word' id='word_1_508' title='bbox 3107 3559 3213 3597; x_wconf 90' lang='lat' dir='ltr'><strong>non</strong></span> <span class='ocrx_word' id='word_1_509' title='bbox 3248 3558 3439 3612; x_wconf 88' lang='lat' dir='ltr'><strong>parum</strong></span> 
     </span>
    </p>
   </div>
   <div class='ocr_carea' id='block_1_81' title="bbox 1864 3633 3441 3705">
    <p class='ocr_par' dir='ltr' id='par_1_81' title="bbox 1864 3633 3441 3705">
     <span class='ocr_line' id='line_1_81' title="bbox 1864 3633 3441 3705; baseline -0.002 -17"><span class='ocrx_word' id='word_1_510' title='bbox 1864 3636 2006 3703; x_wconf 77' lang='lat' dir='ltr'><strong>quod</strong></span> <span class='ocrx_word' id='word_1_511' title='bbox 2047 3646 2231 3705; x_wconf 78' lang='lat' dir='ltr'><strong>ageret</strong></span> <span class='ocrx_word' id='word_1_512' title='bbox 2276 3636 2487 3689; x_wconf 88' lang='lat' dir='ltr'><strong>habuit.</strong></span> <span class='ocrx_word' id='word_1_513' title='bbox 2526 3636 2739 3704; x_wconf 84' lang='lat' dir='ltr'><strong>Quippe</strong></span> <span class='ocrx_word' id='word_1_514' title='bbox 2775 3650 2898 3689; x_wconf 90' lang='lat' dir='ltr'><strong>cum</strong></span> <span class='ocrx_word' id='word_1_515' title='bbox 2931 3651 3024 3705; x_wconf 76' lang='lat' dir='ltr'><strong>per</strong></span> <span class='ocrx_word' id='word_1_516' title='bbox 3052 3633 3310 3701; x_wconf 72' lang='lat' dir='ltr'><strong>Ungarim</strong></span> <span class='ocrx_word' id='word_1_517' title='bbox 3345 3649 3441 3685; x_wconf 89' lang='lat' dir='ltr'><strong>su-</strong></span> 
     </span>
    </p>
   </div>
   <div class='ocr_carea' id='block_1_82' title="bbox 1866 3728 3444 3796">
    <p class='ocr_par' dir='ltr' id='par_1_82' title="bbox 1866 3728 3444 3796">
     <span class='ocr_line' id='line_1_82' title="bbox 1866 3728 3444 3796; baseline -0.001 -16"><span class='ocrx_word' id='word_1_518' title='bbox 1866 3729 2099 3796; x_wconf 88' lang='lat' dir='ltr'><strong>perioris</strong></span> <span class='ocrx_word' id='word_1_519' title='bbox 2125 3743 2286 3793; x_wconf 78' lang='lat' dir='ltr'><strong>agros</strong></span> <span class='ocrx_word' id='word_1_520' title='bbox 2328 3730 2408 3783; x_wconf 86' lang='lat' dir='ltr'><strong>cis</strong></span> <span class='ocrx_word' id='word_1_521' title='bbox 2450 3738 2503 3783; x_wconf 88' lang='lat' dir='ltr'><strong>et</strong></span> <span class='ocrx_word' id='word_1_522' title='bbox 2537 3733 2676 3782; x_wconf 88' lang='lat' dir='ltr'><strong>ultra</strong></span> <span class='ocrx_word' id='word_1_523' title='bbox 2710 3728 2989 3781; x_wconf 83' lang='lat' dir='ltr'><strong>Tihiscum</strong></span> <span class='ocrx_word' id='word_1_524' title='bbox 3038 3729 3142 3781; x_wconf 89' lang='lat' dir='ltr'><strong>late</strong></span> <span class='ocrx_word' id='word_1_525' title='bbox 3172 3728 3444 3780; x_wconf 88' lang='lat' dir='ltr'><strong>discurre-</strong></span> 
     </span>
    </p>
   </div>
   <div class='ocr_carea' id='block_1_83' title="bbox 1867 3818 3443 3888">
    <p class='ocr_par' dir='ltr' id='par_1_83' title="bbox 1867 3818 3443 3888">
     <span class='ocr_line' id='line_1_83' title="bbox 1867 3818 3443 3888; baseline -0.003 -16"><span class='ocrx_word' id='word_1_526' title='bbox 1867 3830 2006 3883; x_wconf 90' lang='lat' dir='ltr'><strong>rent,</strong></span> <span class='ocrx_word' id='word_1_527' title='bbox 2042 3828 2250 3888; x_wconf 62' lang='lat' dir='ltr'><strong>praedas</strong></span> <span class='ocrx_word' id='word_1_528' title='bbox 2286 3820 2591 3887; x_wconf 85' lang='lat' dir='ltr'><strong>ahigerent,</strong></span> <span class='ocrx_word' id='word_1_529' title='bbox 2658 3821 2843 3875; x_wconf 92' lang='lat' dir='ltr'><strong>omnia</strong></span> <span class='ocrx_word' id='word_1_530' title='bbox 2900 3820 3131 3872; x_wconf 85' lang='lat' dir='ltr'><strong>ﬂammis</strong></span> <span class='ocrx_word' id='word_1_531' title='bbox 3189 3828 3243 3871; x_wconf 90' lang='lat' dir='ltr'><strong>et</strong></span> <span class='ocrx_word' id='word_1_532' title='bbox 3295 3818 3443 3872; x_wconf 87' lang='lat' dir='ltr'><strong>ferro</strong></span> 
     </span>
    </p>
   </div>
   <div class='ocr_carea' id='block_1_84' title="bbox 1865 3910 3439 3980">
    <p class='ocr_par' dir='ltr' id='par_1_84' title="bbox 1865 3910 3439 3980">
     <span class='ocr_line' id='line_1_84' title="bbox 1865 3910 3439 3980; baseline -0.002 -15"><span class='ocrx_word' id='word_1_533' title='bbox 1865 3921 2160 3973; x_wconf 83' lang='lat' dir='ltr'><strong>vastarent,</strong></span> <span class='ocrx_word' id='word_1_534' title='bbox 2190 3910 2432 3980; x_wconf 82' lang='lat' dir='ltr'><strong>cujusvis</strong></span> <span class='ocrx_word' id='word_1_535' title='bbox 2455 3911 2633 3966; x_wconf 50' lang='lat' dir='ltr'><strong>aetatis</strong></span> <span class='ocrx_word' id='word_1_536' title='bbox 2671 3921 2725 3967; x_wconf 90' lang='lat' dir='ltr'><strong>et</strong></span> <span class='ocrx_word' id='word_1_537' title='bbox 2758 3926 2919 3966; x_wconf 81' lang='lat' dir='ltr'><strong>sexus</strong></span> <span class='ocrx_word' id='word_1_538' title='bbox 2958 3911 3210 3964; x_wconf 74' lang='lat' dir='ltr'><strong>homines</strong></span> <span class='ocrx_word' id='word_1_539' title='bbox 3241 3910 3439 3977; x_wconf 71' lang='lat' dir='ltr'><strong>partim</strong></span> 
     </span>
    </p>
   </div>
   <div class='ocr_carea' id='block_1_85' title="bbox 1866 4002 3443 4070">
    <p class='ocr_par' dir='ltr' id='par_1_85' title="bbox 1866 4002 3443 4070">
     <span class='ocr_line' id='line_1_85' title="bbox 1866 4002 3443 4070; baseline 0 -16"><span class='ocrx_word' id='word_1_540' title='bbox 1866 4002 2225 4066; x_wconf 84' lang='lat' dir='ltr'><strong>trucidarent,</strong></span> <span class='ocrx_word' id='word_1_541' title='bbox 2258 4003 2457 4070; x_wconf 89' lang='lat' dir='ltr'><strong>partim</strong></span> <span class='ocrx_word' id='word_1_542' title='bbox 2491 4004 2543 4057; x_wconf 91' lang='lat' dir='ltr'><strong>in</strong></span> <span class='ocrx_word' id='word_1_543' title='bbox 2579 4003 2895 4057; x_wconf 81' lang='lat' dir='ltr'><strong>servitutem</strong></span> <span class='ocrx_word' id='word_1_544' title='bbox 2940 4013 3224 4069; x_wconf 88' lang='lat' dir='ltr'><strong>raperent;</strong></span> <span class='ocrx_word' id='word_1_545' title='bbox 3272 4002 3443 4055; x_wconf 75' lang='lat' dir='ltr'><strong>dilato</strong></span> 
     </span>
    </p>
   </div>
   <div class='ocr_carea' id='block_1_86' title="bbox 1868 4092 3446 4159">
    <p class='ocr_par' dir='ltr' id='par_1_86' title="bbox 1868 4092 3446 4159">
     <span class='ocr_line' id='line_1_86' title="bbox 1868 4092 3446 4159; baseline 0.003 -16"><span class='ocrx_word' id='word_1_546' title='bbox 1868 4092 2141 4147; x_wconf 85' lang='lat' dir='ltr'><strong>Suendius</strong></span> <span class='ocrx_word' id='word_1_547' title='bbox 2184 4094 2236 4147; x_wconf 91' lang='lat' dir='ltr'><strong>iu</strong></span> <span class='ocrx_word' id='word_1_548' title='bbox 2268 4109 2385 4156; x_wconf 90' lang='lat' dir='ltr'><strong>eos,</strong></span> <span class='ocrx_word' id='word_1_549' title='bbox 2440 4093 2791 4148; x_wconf 86' lang='lat' dir='ltr'><strong>multitudine</strong></span> <span class='ocrx_word' id='word_1_550' title='bbox 2837 4093 3170 4159; x_wconf 86' lang='lat' dir='ltr'><strong>superiores,</strong></span> <span class='ocrx_word' id='word_1_551' title='bbox 3217 4094 3282 4146; x_wconf 90' lang='lat' dir='ltr'><strong>ad</strong></span> <span class='ocrx_word' id='word_1_552' title='bbox 3343 4094 3446 4147; x_wconf 89' lang='lat' dir='ltr'><strong>hoc</strong></span> 
     </span>
    </p>
   </div>
   <div class='ocr_carea' id='block_1_87' title="bbox 1868 4184 3441 4255">
    <p class='ocr_par' dir='ltr' id='par_1_87' title="bbox 1868 4184 3441 4255">
     <span class='ocr_line' id='line_1_87' title="bbox 1868 4184 3441 4255; baseline 0.002 -21"><span class='ocrx_word' id='word_1_553' title='bbox 1868 4200 2039 4254; x_wconf 87' lang='lat' dir='ltr'><strong>usque</strong></span> <span class='ocrx_word' id='word_1_554' title='bbox 2075 4194 2291 4255; x_wconf 89' lang='lat' dir='ltr'><strong>tempus</strong></span> <span class='ocrx_word' id='word_1_555' title='bbox 2323 4185 2528 4253; x_wconf 73' lang='lat' dir='ltr'><strong>praelio,</strong></span> <span class='ocrx_word' id='word_1_556' title='bbox 2556 4202 2666 4255; x_wconf 92' lang='lat' dir='ltr'><strong>quo</strong></span> <span class='ocrx_word' id='word_1_557' title='bbox 2698 4186 3022 4255; x_wconf 60' lang='lat' dir='ltr'><strong>pracocium</strong></span> <span class='ocrx_word' id='word_1_558' title='bbox 3058 4185 3134 4237; x_wconf 93' lang='lat' dir='ltr'><strong>illi</strong></span> <span class='ocrx_word' id='word_1_559' title='bbox 3164 4184 3441 4238; x_wconf 84' lang='lat' dir='ltr'><strong>fructuum</strong></span> 
     </span>
    </p>
   </div>
   <div class='ocr_carea' id='block_1_88' title="bbox 1863 4276 3441 4347">
    <p class='ocr_par' dir='ltr' id='par_1_88' title="bbox 1863 4276 3441 4347">
     <span class='ocr_line' id='line_1_88' title="bbox 1863 4276 3441 4347; baseline -0.002 -15"><span class='ocrx_word' id='word_1_560' title='bbox 1863 4290 1916 4333; x_wconf 91' lang='lat' dir='ltr'><strong>et</strong></span> <span class='ocrx_word' id='word_1_561' title='bbox 1977 4294 2203 4331; x_wconf 91' lang='lat' dir='ltr'><strong>uvarum</strong></span> <span class='ocrx_word' id='word_1_562' title='bbox 2265 4278 2520 4347; x_wconf 84' lang='lat' dir='ltr'><strong>ingluvie,</strong></span> <span class='ocrx_word' id='word_1_563' title='bbox 2586 4278 2913 4345; x_wconf 83' lang='lat' dir='ltr'><strong>semetipsos</strong></span> <span class='ocrx_word' id='word_1_564' title='bbox 2968 4276 3245 4346; x_wconf 88' lang='lat' dir='ltr'><strong>perditum</strong></span> <span class='ocrx_word' id='word_1_565' title='bbox 3308 4278 3441 4332; x_wconf 88' lang='lat' dir='ltr'><strong>ituri</strong></span> 
     </span>
    </p>
   </div>
   <div class='ocr_carea' id='block_1_89' title="bbox 1870 4369 3442 4437">
    <p class='ocr_par' dir='ltr' id='par_1_89' title="bbox 1870 4369 3442 4437">
     <span class='ocr_line' id='line_1_89' title="bbox 1870 4369 3442 4437; baseline -0.004 -10"><span class='ocrx_word' id='word_1_566' title='bbox 1870 4381 2026 4427; x_wconf 89' lang='lat' dir='ltr'><strong>erant</strong></span> <span class='ocrx_word' id='word_1_567' title='bbox 2064 4371 2279 4424; x_wconf 89' lang='lat' dir='ltr'><strong>tandem</strong></span> <span class='ocrx_word' id='word_1_568' title='bbox 2308 4386 2376 4425; x_wconf 89' lang='lat' dir='ltr'><strong>ex</strong></span> <span class='ocrx_word' id='word_1_569' title='bbox 2417 4370 2624 4424; x_wconf 83' lang='lat' dir='ltr'><strong>morbis</strong></span> <span class='ocrx_word' id='word_1_570' title='bbox 2656 4369 2946 4437; x_wconf 78' lang='lat' dir='ltr'><strong>languidos</strong></span> <span class='ocrx_word' id='word_1_571' title='bbox 2980 4376 3035 4423; x_wconf 92' lang='lat' dir='ltr'><strong>et</strong></span> <span class='ocrx_word' id='word_1_572' title='bbox 3077 4383 3306 4423; x_wconf 88' lang='lat' dir='ltr'><strong>numero</strong></span> <span class='ocrx_word' id='word_1_573' title='bbox 3338 4385 3442 4422; x_wconf 91' lang='lat' dir='ltr'><strong>non</strong></span> 
     </span>
    </p>
   </div>
   <div class='ocr_carea' id='block_1_90' title="bbox 128 4460 3445 4532">
    <p class='ocr_par' dir='ltr' id='par_1_90' title="bbox 128 4460 3445 4532">
     <span class='ocr_line' id='line_1_90' title="bbox 128 4460 3445 4532; baseline -0.002 -16"><span class='ocrx_word' id='word_1_574' title='bbox 128 4479 271 4517; x_wconf 78' lang='lat' dir='ltr'><strong>tur</strong></span> <span class='ocrx_word' id='word_1_575' title='bbox 311 4472 361 4515; x_wconf 89' lang='lat' dir='ltr'><strong>et</strong></span> <span class='ocrx_word' id='word_1_576' title='bbox 401 4470 837 4529; x_wconf 84' lang='lat' dir='ltr'><strong>propugnatores</strong></span> <span class='ocrx_word' id='word_1_577' title='bbox 873 4462 926 4513; x_wconf 89' lang='lat' dir='ltr'><strong>in</strong></span> <span class='ocrx_word' id='word_1_578' title='bbox 951 4472 1199 4514; x_wconf 69' lang='lat' dir='ltr'><strong>extremo</strong></span> <span class='ocrx_word' id='word_1_579' title='bbox 1227 4461 1547 4514; x_wconf 91' lang='lat' dir='ltr'><strong>discrimine</strong></span> <span class='ocrx_word' id='word_1_580' title='bbox 1579 4475 1764 4514; x_wconf 83' lang='lat' dir='ltr'><strong>versa-</strong></span> <span class='ocrx_word' id='word_1_581' title='bbox 1797 4464 1839 4520; x_wconf 89' lang='lat' dir='ltr'><strong>D</strong></span> <span class='ocrx_word' id='word_1_582' title='bbox 1872 4477 2063 4532; x_wconf 84' lang='lat' dir='ltr'><strong>parum</strong></span> <span class='ocrx_word' id='word_1_583' title='bbox 2092 4462 2406 4517; x_wconf 87' lang='lat' dir='ltr'><strong>detuinutos</strong></span> <span class='ocrx_word' id='word_1_584' title='bbox 2450 4476 2767 4531; x_wconf 85' lang='lat' dir='ltr'><strong>aggressus,</strong></span> <span class='ocrx_word' id='word_1_585' title='bbox 2825 4460 2975 4514; x_wconf 94' lang='lat' dir='ltr'><strong>nullo</strong></span> <span class='ocrx_word' id='word_1_586' title='bbox 3036 4475 3202 4528; x_wconf 89' lang='lat' dir='ltr'><strong>prope</strong></span> <span class='ocrx_word' id='word_1_587' title='bbox 3231 4461 3445 4529; x_wconf 74' lang='lat' dir='ltr'><strong>negotio</strong></span> 
     </span>
    </p>
   </div>
   <div class='ocr_carea' id='block_1_91' title="bbox 120 4550 1764 4617">
    <p class='ocr_par' dir='ltr' id='par_1_91' title="bbox 120 4550 1764 4617">
     <span class='ocr_line' id='line_1_91' title="bbox 120 4550 1764 4617; baseline -0.004 -8"><span class='ocrx_word' id='word_1_588' title='bbox 120 4563 406 4614; x_wconf 87' lang='lat' dir='ltr'><strong>rentur,</strong></span> <span class='ocrx_word' id='word_1_589' title='bbox 440 4567 565 4605; x_wconf 89' lang='lat' dir='ltr'><strong>cum</strong></span> <span class='ocrx_word' id='word_1_590' title='bbox 613 4567 762 4614; x_wconf 90' lang='lat' dir='ltr'><strong>ecce,</strong></span> <span class='ocrx_word' id='word_1_591' title='bbox 817 4567 915 4603; x_wconf 87' lang='lat' dir='ltr'><strong>nec</strong></span> <span class='ocrx_word' id='word_1_592' title='bbox 959 4552 1243 4617; x_wconf 85' lang='lat' dir='ltr'><strong>opinatum</strong></span> <span class='ocrx_word' id='word_1_593' title='bbox 1286 4551 1593 4605; x_wconf 87' lang='lat' dir='ltr'><strong>subsidium</strong></span> <span class='ocrx_word' id='word_1_594' title='bbox 1627 4550 1764 4605; x_wconf 83' lang='lat' dir='ltr'><strong>divi-</strong></span> 
     </span>
    </p>
   </div>
   <div class='ocr_carea' id='block_1_92' title="bbox 118 4640 1764 4714">
    <p class='ocr_par' dir='ltr' id='par_1_92' title="bbox 118 4640 1764 4714">
     <span class='ocr_line' id='line_1_92' title="bbox 118 4640 1764 4714; baseline -0.001 -14"><span class='ocrx_word' id='word_1_595' title='bbox 118 4651 339 4703; x_wconf 71' lang='lat' dir='ltr'><strong>nitus</strong></span> <span class='ocrx_word' id='word_1_596' title='bbox 369 4646 451 4698; x_wconf 81' lang='lat' dir='ltr'><strong>eis</strong></span> <span class='ocrx_word' id='word_1_597' title='bbox 489 4643 729 4697; x_wconf 76' lang='lat' dir='ltr'><strong>oﬂertur.</strong></span> <span class='ocrx_word' id='word_1_598' title='bbox 771 4642 1005 4697; x_wconf 78' lang='lat' dir='ltr'><strong>Venerat</strong></span> <span class='ocrx_word' id='word_1_599' title='bbox 1048 4640 1334 4696; x_wconf 79' lang='lat' dir='ltr'><strong>Jauriuum</strong></span> <span class='ocrx_word' id='word_1_600' title='bbox 1386 4643 1650 4714; x_wconf 82' lang='lat' dir='ltr'><strong>Georgius</strong></span> <span class='ocrx_word' id='word_1_601' title='bbox 1675 4659 1764 4697; x_wconf 88' lang='lat' dir='ltr'><strong>co-</strong></span> 
     </span>
    </p>
   </div>
   <div class='ocr_carea' id='block_1_93' title="bbox 112 4734 1762 4803">
    <p class='ocr_par' dir='ltr' id='par_1_93' title="bbox 112 4734 1762 4803">
     <span class='ocr_line' id='line_1_93' title="bbox 112 4734 1762 4803; baseline -0.004 -9"><span class='ocrx_word' id='word_1_602' title='bbox 112 4753 304 4794; x_wconf 83' lang='lat' dir='ltr'><strong>mes</strong></span> <span class='ocrx_word' id='word_1_603' title='bbox 333 4734 723 4797; x_wconf 83' lang='lat' dir='ltr'><strong>Hellestainus,</strong></span> <span class='ocrx_word' id='word_1_604' title='bbox 766 4735 1015 4788; x_wconf 90' lang='lat' dir='ltr'><strong>adductis</strong></span> <span class='ocrx_word' id='word_1_605' title='bbox 1059 4750 1243 4788; x_wconf 88' lang='lat' dir='ltr'><strong>secum</strong></span> <span class='ocrx_word' id='word_1_606' title='bbox 1277 4735 1445 4803; x_wconf 83' lang='lat' dir='ltr'><strong>signis</strong></span> <span class='ocrx_word' id='word_1_607' title='bbox 1478 4734 1762 4789; x_wconf 90' lang='lat' dir='ltr'><strong>duodecim</strong></span> 
     </span>
    </p>
   </div>
   <div class='ocr_carea' id='block_1_94' title="bbox 110 4826 1768 4899">
    <p class='ocr_par' dir='ltr' id='par_1_94' title="bbox 110 4826 1768 4899">
     <span class='ocr_line' id='line_1_94' title="bbox 110 4826 1768 4899; baseline -0.003 -14"><span class='ocrx_word' id='word_1_608' title='bbox 110 4843 402 4899; x_wconf 69' lang='lat' dir='ltr'><strong>nanguaa</strong></span> <span class='ocrx_word' id='word_1_609' title='bbox 441 4828 656 4882; x_wconf 87' lang='lat' dir='ltr'><strong>virtutis</strong></span> <span class='ocrx_word' id='word_1_610' title='bbox 688 4830 950 4895; x_wconf 89' lang='lat' dir='ltr'><strong>peditum.</strong></span> <span class='ocrx_word' id='word_1_611' title='bbox 986 4828 1037 4881; x_wconf 91' lang='lat' dir='ltr'><strong>ls</strong></span> <span class='ocrx_word' id='word_1_612' title='bbox 1068 4828 1155 4880; x_wconf 92' lang='lat' dir='ltr'><strong>die</strong></span> <span class='ocrx_word' id='word_1_613' title='bbox 1191 4828 1404 4881; x_wconf 89' lang='lat' dir='ltr'><strong>decimo</strong></span> <span class='ocrx_word' id='word_1_614' title='bbox 1446 4839 1640 4897; x_wconf 87' lang='lat' dir='ltr'><strong>quarto</strong></span> <span class='ocrx_word' id='word_1_615' title='bbox 1670 4826 1768 4883; x_wconf 75' lang='lat' dir='ltr'><strong>Ju-</strong></span> 
     </span>
    </p>
   </div>
   <div class='ocr_carea' id='block_1_95' title="bbox 102 4919 1767 4991">
    <p class='ocr_par' dir='ltr' id='par_1_95' title="bbox 102 4919 1767 4991">
     <span class='ocr_line' id='line_1_95' title="bbox 102 4919 1767 4991; baseline -0.006 -8"><span class='ocrx_word' id='word_1_616' title='bbox 102 4926 228 4983; x_wconf 81' lang='lat' dir='ltr'><strong>uii</strong></span> <span class='ocrx_word' id='word_1_617' title='bbox 282 4922 539 4991; x_wconf 85' lang='lat' dir='ltr'><strong>plaustra</strong></span> <span class='ocrx_word' id='word_1_618' title='bbox 588 4920 883 4990; x_wconf 87' lang='lat' dir='ltr'><strong>nonaginta</strong></span> <span class='ocrx_word' id='word_1_619' title='bbox 928 4919 1245 4989; x_wconf 85' lang='lat' dir='ltr'><strong>pabulatum</strong></span> <span class='ocrx_word' id='word_1_620' title='bbox 1276 4919 1479 4980; x_wconf 89' lang='lat' dir='ltr'><strong>emisit.</strong></span> <span class='ocrx_word' id='word_1_621' title='bbox 1516 4935 1640 4973; x_wconf 88' lang='lat' dir='ltr'><strong>cum</strong></span> <span class='ocrx_word' id='word_1_622' title='bbox 1678 4935 1767 4987; x_wconf 89' lang='lat' dir='ltr'><strong>pe-</strong></span> 
     </span>
    </p>
   </div>
   <div class='ocr_carea' id='block_1_96' title="bbox 94 5009 1767 5078">
    <p class='ocr_par' dir='ltr' id='par_1_96' title="bbox 94 5009 1767 5078">
     <span class='ocr_line' id='line_1_96' title="bbox 94 5009 1767 5078; baseline -0.007 -6"><span class='ocrx_word' id='word_1_623' title='bbox 94 5018 357 5072; x_wconf 71' lang='lat' dir='ltr'><strong>ditum</strong></span> <span class='ocrx_word' id='word_1_624' title='bbox 430 5020 830 5078; x_wconf 78' lang='lat' dir='ltr'><strong>nongentarum</strong></span> <span class='ocrx_word' id='word_1_625' title='bbox 885 5009 1140 5078; x_wconf 74' lang='lat' dir='ltr'><strong>przesidio</strong></span> <span class='ocrx_word' id='word_1_626' title='bbox 1196 5027 1209 5062; x_wconf 87' lang='lat'><strong>:</strong></span> <span class='ocrx_word' id='word_1_627' title='bbox 1273 5023 1411 5074; x_wconf 90' lang='lat' dir='ltr'><strong>quos</strong></span> <span class='ocrx_word' id='word_1_628' title='bbox 1466 5009 1767 5077; x_wconf 85' lang='lat' dir='ltr'><strong>conspicati</strong></span> 
     </span>
    </p>
   </div>
   <div class='ocr_carea' id='block_1_97' title="bbox 98 5099 1769 5170">
    <p class='ocr_par' dir='ltr' id='par_1_97' title="bbox 98 5099 1769 5170">
     <span class='ocr_line' id='line_1_97' title="bbox 98 5099 1769 5170; baseline -0.006 -8"><span class='ocrx_word' id='word_1_629' title='bbox 98 5109 229 5165; x_wconf 80' lang='lat' dir='ltr'><strong>Tu</strong></span> <span class='ocrx_word' id='word_1_630' title='bbox 245 5103 376 5166; x_wconf 80' lang='lat' dir='ltr'><strong>rei,</strong></span> <span class='ocrx_word' id='word_1_631' title='bbox 408 5101 503 5170; x_wconf 92' lang='lat' dir='ltr'><strong>qui</strong></span> <span class='ocrx_word' id='word_1_632' title='bbox 540 5099 781 5155; x_wconf 83' lang='lat' dir='ltr'><strong>Paletam</strong></span> <span class='ocrx_word' id='word_1_633' title='bbox 819 5101 1164 5163; x_wconf 87' lang='lat' dir='ltr'><strong>obsidebant,</strong></span> <span class='ocrx_word' id='word_1_634' title='bbox 1209 5102 1553 5169; x_wconf 71' lang='lat' dir='ltr'><strong>maioresque</strong></span> <span class='ocrx_word' id='word_1_635' title='bbox 1584 5099 1769 5167; x_wconf 86' lang='lat' dir='ltr'><strong>copias</strong></span> 
     </span>
    </p>
   </div>
   <div class='ocr_carea' id='block_1_98' title="bbox 90 5193 1770 5263">
    <p class='ocr_par' dir='ltr' id='par_1_98' title="bbox 90 5193 1770 5263">
     <span class='ocr_line' id='line_1_98' title="bbox 90 5193 1770 5263; baseline -0.005 -9"><span class='ocrx_word' id='word_1_636' title='bbox 90 5201 383 5257; x_wconf 67' lang='lat' dir='ltr'><strong>adesse</strong></span> <span class='ocrx_word' id='word_1_637' title='bbox 414 5195 542 5257; x_wconf 86' lang='lat' dir='ltr'><strong>rati,</strong></span> <span class='ocrx_word' id='word_1_638' title='bbox 573 5210 737 5261; x_wconf 90' lang='lat' dir='ltr'><strong>quam</strong></span> <span class='ocrx_word' id='word_1_639' title='bbox 777 5209 969 5263; x_wconf 81' lang='lat' dir='ltr'><strong>reapse</strong></span> <span class='ocrx_word' id='word_1_640' title='bbox 1021 5194 1231 5258; x_wconf 83' lang='lat' dir='ltr'><strong>forent;</strong></span> <span class='ocrx_word' id='word_1_641' title='bbox 1276 5194 1477 5247; x_wconf 91' lang='lat' dir='ltr'><strong>missos</strong></span> <span class='ocrx_word' id='word_1_642' title='bbox 1525 5193 1770 5261; x_wconf 82' lang='lat' dir='ltr'><strong>suspica-</strong></span> 
     </span>
    </p>
   </div>
   <div class='ocr_carea' id='block_1_99' title="bbox 88 5285 1769 5353">
    <p class='ocr_par' dir='ltr' id='par_1_99' title="bbox 88 5285 1769 5353">
     <span class='ocr_line' id='line_1_99' title="bbox 88 5285 1769 5353; baseline -0.009 0"><span class='ocrx_word' id='word_1_643' title='bbox 88 5299 415 5353; x_wconf 73' lang='lat' dir='ltr'><strong>bantur,</strong></span> <span class='ocrx_word' id='word_1_644' title='bbox 455 5295 513 5340; x_wconf 91' lang='lat' dir='ltr'><strong>ut</strong></span> <span class='ocrx_word' id='word_1_645' title='bbox 554 5286 893 5340; x_wconf 86' lang='lat' dir='ltr'><strong>obsidionem</strong></span> <span class='ocrx_word' id='word_1_646' title='bbox 932 5285 1248 5339; x_wconf 85' lang='lat' dir='ltr'><strong>Palotanam</strong></span> <span class='ocrx_word' id='word_1_647' title='bbox 1290 5287 1588 5339; x_wconf 82' lang='lat' dir='ltr'><strong>solverent.</strong></span> <span class='ocrx_word' id='word_1_648' title='bbox 1626 5285 1769 5339; x_wconf 88' lang='lat' dir='ltr'><strong>Con-</strong></span> 
     </span>
    </p>
   </div>
   <div class='ocr_carea' id='block_1_100' title="bbox 84 5377 1769 5446">
    <p class='ocr_par' dir='ltr' id='par_1_100' title="bbox 84 5377 1769 5446">
     <span class='ocr_line' id='line_1_100' title="bbox 84 5377 1769 5446; baseline -0.001 -14"><span class='ocrx_word' id='word_1_649' title='bbox 84 5382 370 5444; x_wconf 55' lang='grc' dir='ltr'>εδειίιιι</span> <span class='ocrx_word' id='word_1_650' title='bbox 397 5380 563 5431; x_wconf 83' lang='lat' dir='ltr'><strong>bassa</strong></span> <span class='ocrx_word' id='word_1_651' title='bbox 590 5377 832 5446; x_wconf 89' lang='lat' dir='ltr'><strong>trepidus</strong></span> <span class='ocrx_word' id='word_1_652' title='bbox 865 5378 919 5430; x_wconf 92' lang='lat' dir='ltr'><strong>in</strong></span> <span class='ocrx_word' id='word_1_653' title='bbox 954 5377 1135 5445; x_wconf 80' lang='lat' dir='ltr'><strong>fugam</strong></span> <span class='ocrx_word' id='word_1_654' title='bbox 1178 5393 1297 5429; x_wconf 80' lang='lat' dir='ltr'><strong>cum</strong></span> <span class='ocrx_word' id='word_1_655' title='bbox 1328 5378 1442 5431; x_wconf 90' lang='lat' dir='ltr'><strong>suis</strong></span> <span class='ocrx_word' id='word_1_656' title='bbox 1480 5392 1601 5430; x_wconf 92' lang='lat' dir='ltr'><strong>sese</strong></span> <span class='ocrx_word' id='word_1_657' title='bbox 1636 5392 1769 5431; x_wconf 90' lang='lat' dir='ltr'><strong>con-</strong></span> 
     </span>
    </p>
   </div>
   <div class='ocr_carea' id='block_1_101' title="bbox 66 5468 1772 5554">
    <p class='ocr_par' dir='ltr' id='par_1_101' title="bbox 66 5468 1772 5554">
     <span class='ocr_line' id='line_1_101' title="bbox 66 5468 1772 5554; baseline -0.004 -28"><span class='ocrx_word' id='word_1_658' title='bbox 66 5485 378 5554; x_wconf 32' lang='grc' dir='ltr'><strong>ἐλεεῖ-ο,</strong></span> <span class='ocrx_word' id='word_1_659' title='bbox 420 5483 642 5537; x_wconf 68' lang='lat' dir='ltr'><strong>praeque</strong></span> <span class='ocrx_word' id='word_1_660' title='bbox 690 5468 856 5522; x_wconf 88' lang='lat' dir='ltr'><strong>nimia</strong></span> <span class='ocrx_word' id='word_1_661' title='bbox 896 5468 1244 5521; x_wconf 86' lang='lat' dir='ltr'><strong>festinatione</strong></span> <span class='ocrx_word' id='word_1_662' title='bbox 1278 5468 1538 5534; x_wconf 75' lang='lat' dir='ltr'><strong>tentoria,</strong></span> <span class='ocrx_word' id='word_1_663' title='bbox 1568 5468 1772 5521; x_wconf 86' lang='lat' dir='ltr'><strong>machi-</strong></span> 
     </span>
    </p>
   </div>
   <div class='ocr_carea' id='block_1_102' title="bbox 75 5562 1775 5631">
    <p class='ocr_par' dir='ltr' id='par_1_102' title="bbox 75 5562 1775 5631">
     <span class='ocr_line' id='line_1_102' title="bbox 75 5562 1775 5631; baseline -0.009 0"><span class='ocrx_word' id='word_1_664' title='bbox 75 5585 251 5631; x_wconf 79' lang='lat' dir='ltr'><strong>nas</strong></span> <span class='ocrx_word' id='word_1_665' title='bbox 316 5562 578 5624; x_wconf 82' lang='lat' dir='ltr'><strong>bellicas,</strong></span> <span class='ocrx_word' id='word_1_666' title='bbox 620 5577 874 5630; x_wconf 88' lang='lat' dir='ltr'><strong>magnum</strong></span> <span class='ocrx_word' id='word_1_667' title='bbox 926 5576 1177 5614; x_wconf 66' lang='lat' dir='ltr'><strong>raserunt</strong></span> <span class='ocrx_word' id='word_1_668' title='bbox 1222 5578 1531 5623; x_wconf 88' lang='lat' dir='ltr'><strong>numerum,</strong></span> <span class='ocrx_word' id='word_1_669' title='bbox 1569 5562 1775 5629; x_wconf 89' lang='lat' dir='ltr'><strong>quibus</strong></span> 
     </span>
    </p>
   </div>
   <div class='ocr_carea' id='block_1_103' title="bbox 68 5652 1771 5721">
    <p class='ocr_par' dir='ltr' id='par_1_103' title="bbox 68 5652 1771 5721">
     <span class='ocr_line' id='line_1_103' title="bbox 68 5652 1771 5721; baseline -0.011 1"><span class='ocrx_word' id='word_1_670' title='bbox 68 5664 212 5721; x_wconf 59' lang='grc' dir='ltr'><strong>κει</strong></span> <span class='ocrx_word' id='word_1_671' title='bbox 280 5655 506 5716; x_wconf 66' lang='lat' dir='ltr'><strong>tiarina,</strong></span> <span class='ocrx_word' id='word_1_672' title='bbox 561 5653 637 5705; x_wconf 82' lang='lat' dir='ltr'><strong>\el</strong></span> <span class='ocrx_word' id='word_1_673' title='bbox 697 5653 1089 5705; x_wconf 86' lang='lat' dir='ltr'><strong>tormentarius</strong></span> <span class='ocrx_word' id='word_1_674' title='bbox 1145 5652 1322 5719; x_wconf 64' lang='lat' dir='ltr'><strong>pultis</strong></span> <span class='ocrx_word' id='word_1_675' title='bbox 1375 5652 1771 5715; x_wconf 84' lang='lat' dir='ltr'><strong>contineretur,</strong></span> 
     </span>
    </p>
   </div>
   <div class='ocr_carea' id='block_1_104' title="bbox 62 5745 1770 5820">
    <p class='ocr_par' dir='ltr' id='par_1_104' title="bbox 62 5745 1770 5820">
     <span class='ocr_line' id='line_1_104' title="bbox 62 5745 1770 5820; baseline 0 -19"><span class='ocrx_word' id='word_1_676' title='bbox 62 5771 285 5820; x_wconf 62' lang='lat' dir='ltr'><strong>cum</strong></span> <span class='ocrx_word' id='word_1_677' title='bbox 341 5747 470 5801; x_wconf 86' lang='lat' dir='ltr'><strong>aliis</strong></span> <span class='ocrx_word' id='word_1_678' title='bbox 498 5755 808 5800; x_wconf 85' lang='lat' dir='ltr'><strong>castrorum</strong></span> <span class='ocrx_word' id='word_1_679' title='bbox 842 5746 1405 5809; x_wconf 81' lang='lat' dir='ltr'><strong>impedimentishosti</strong></span> <span class='ocrx_word' id='word_1_680' title='bbox 1441 5745 1770 5815; x_wconf 68' lang='lat' dir='ltr'><strong>relinquere,</strong></span> 
     </span>
    </p>
   </div>
   <div class='ocr_carea' id='block_1_105' title="bbox 1868 4550 3446 4621">
    <p class='ocr_par' dir='ltr' id='par_1_105' title="bbox 1868 4550 3446 4621">
     <span class='ocr_line' id='line_1_105' title="bbox 1868 4550 3446 4621; baseline -0.001 -16"><span class='ocrx_word' id='word_1_681' title='bbox 1868 4554 2053 4607; x_wconf 86' lang='lat' dir='ltr'><strong>decem</strong></span> <span class='ocrx_word' id='word_1_682' title='bbox 2082 4552 2443 4607; x_wconf 68' lang='lat' dir='ltr'><strong>Barltarorum</strong></span> <span class='ocrx_word' id='word_1_683' title='bbox 2476 4552 2642 4605; x_wconf 89' lang='lat' dir='ltr'><strong>millia</strong></span> <span class='ocrx_word' id='word_1_684' title='bbox 2672 4551 2970 4621; x_wconf 87' lang='lat' dir='ltr'><strong>superavit,</strong></span> <span class='ocrx_word' id='word_1_685' title='bbox 2999 4551 3215 4614; x_wconf 88' lang='lat' dir='ltr'><strong>cecidit,</strong></span> <span class='ocrx_word' id='word_1_686' title='bbox 3246 4550 3446 4603; x_wconf 82' lang='lat' dir='ltr'><strong>ﬁnibus</strong></span> 
     </span>
    </p>
   </div>
   <div class='ocr_carea' id='block_1_106' title="bbox 1869 4643 3447 4713">
    <p class='ocr_par' dir='ltr' id='par_1_106' title="bbox 1869 4643 3447 4713">
     <span class='ocr_line' id='line_1_106' title="bbox 1869 4643 3447 4713; baseline -0.001 -16"><span class='ocrx_word' id='word_1_687' title='bbox 1869 4644 2055 4713; x_wconf 86' lang='lat' dir='ltr'><strong>ejecit;</strong></span> <span class='ocrx_word' id='word_1_688' title='bbox 2091 4644 2351 4712; x_wconf 78' lang='lat' dir='ltr'><strong>hegorum</strong></span> <span class='ocrx_word' id='word_1_689' title='bbox 2390 4644 2773 4707; x_wconf 85' lang='lat' dir='ltr'><strong>Tureicorum,</strong></span> <span class='ocrx_word' id='word_1_690' title='bbox 2815 4644 3017 4712; x_wconf 85' lang='lat' dir='ltr'><strong>quibus</strong></span> <span class='ocrx_word' id='word_1_691' title='bbox 3077 4644 3159 4697; x_wconf 91' lang='lat' dir='ltr'><strong>usi</strong></span> <span class='ocrx_word' id='word_1_692' title='bbox 3208 4643 3447 4698; x_wconf 84' lang='lat' dir='ltr'><strong>ducibus</strong></span> 
     </span>
    </p>
   </div>
   <div class='ocr_carea' id='block_1_107' title="bbox 1873 4735 3447 4803">
    <p class='ocr_par' dir='ltr' id='par_1_107' title="bbox 1873 4735 3447 4803">
     <span class='ocr_line' id='line_1_107' title="bbox 1873 4735 3447 4803; baseline -0.001 -14"><span class='ocrx_word' id='word_1_693' title='bbox 1873 4736 2114 4796; x_wconf 83' lang='lat' dir='ltr'><strong>fuerant.</strong></span> <span class='ocrx_word' id='word_1_694' title='bbox 2156 4736 2328 4790; x_wconf 82' lang='lat' dir='ltr'><strong>altero</strong></span> <span class='ocrx_word' id='word_1_695' title='bbox 2378 4738 2726 4803; x_wconf 85' lang='lat' dir='ltr'><strong>interempto,</strong></span> <span class='ocrx_word' id='word_1_696' title='bbox 2780 4737 2953 4791; x_wconf 87' lang='lat' dir='ltr'><strong>altero</strong></span> <span class='ocrx_word' id='word_1_697' title='bbox 3013 4735 3289 4789; x_wconf 85' lang='lat' dir='ltr'><strong>lethaliter</strong></span> <span class='ocrx_word' id='word_1_698' title='bbox 3323 4750 3447 4789; x_wconf 87' lang='lat' dir='ltr'><strong>sau-</strong></span> 
     </span>
    </p>
   </div>
   <div class='ocr_carea' id='block_1_108' title="bbox 1871 4827 3447 4897">
    <p class='ocr_par' dir='ltr' id='par_1_108' title="bbox 1871 4827 3447 4897">
     <span class='ocr_line' id='line_1_108' title="bbox 1871 4827 3447 4897; baseline -0.003 -16"><span class='ocrx_word' id='word_1_699' title='bbox 1871 4830 2035 4881; x_wconf 86' lang='lat' dir='ltr'><strong>eiato.</strong></span> <span class='ocrx_word' id='word_1_700' title='bbox 2095 4828 2292 4881; x_wconf 92' lang='lat' dir='ltr'><strong>Deinde</strong></span> <span class='ocrx_word' id='word_1_701' title='bbox 2328 4828 2544 4897; x_wconf 81' lang='lat' dir='ltr'><strong>Georgii</strong></span> <span class='ocrx_word' id='word_1_702' title='bbox 2599 4827 2793 4882; x_wconf 78' lang='lat' dir='ltr'><strong>Bebeci</strong></span> <span class='ocrx_word' id='word_1_703' title='bbox 2853 4828 3171 4896; x_wconf 83' lang='lat' dir='ltr'><strong>perduellis,</strong></span> <span class='ocrx_word' id='word_1_704' title='bbox 3202 4828 3292 4895; x_wconf 90' lang='lat' dir='ltr'><strong>qui</strong></span> <span class='ocrx_word' id='word_1_705' title='bbox 3324 4843 3447 4878; x_wconf 86' lang='lat' dir='ltr'><strong>cttut</strong></span> 
     </span>
    </p>
   </div>
   <div class='ocr_carea' id='block_1_109' title="bbox 1876 4914 3451 4985">
    <p class='ocr_par' dir='ltr' id='par_1_109' title="bbox 1876 4914 3451 4985">
     <span class='ocr_line' id='line_1_109' title="bbox 1876 4914 3451 4985; baseline -0.003 -15"><span class='ocrx_word' id='word_1_706' title='bbox 1876 4916 2173 4970; x_wconf 86' lang='lat' dir='ltr'><strong>Erdeliano</strong></span> <span class='ocrx_word' id='word_1_707' title='bbox 2204 4925 2259 4969; x_wconf 92' lang='lat' dir='ltr'><strong>et</strong></span> <span class='ocrx_word' id='word_1_708' title='bbox 2290 4914 2484 4970; x_wconf 88' lang='lat' dir='ltr'><strong>&#39;l&#39;urcis</strong></span> <span class='ocrx_word' id='word_1_709' title='bbox 2524 4932 2583 4970; x_wconf 84' lang='lat' dir='ltr'><strong>se</strong></span> <span class='ocrx_word' id='word_1_710' title='bbox 2631 4917 3016 4985; x_wconf 80' lang='lat' dir='ltr'><strong>coujunxerat,</strong></span> <span class='ocrx_word' id='word_1_711' title='bbox 3050 4930 3206 4970; x_wconf 84' lang='lat' dir='ltr'><strong>arces</strong></span> <span class='ocrx_word' id='word_1_712' title='bbox 3240 4917 3451 4982; x_wconf 88' lang='lat' dir='ltr'><strong>aliquot</strong></span> 
     </span>
    </p>
   </div>
   <div class='ocr_carea' id='block_1_110' title="bbox 1876 5005 3450 5073">
    <p class='ocr_par' dir='ltr' id='par_1_110' title="bbox 1876 5005 3450 5073">
     <span class='ocr_line' id='line_1_110' title="bbox 1876 5005 3450 5073; baseline -0.003 -13"><span class='ocrx_word' id='word_1_713' title='bbox 1876 5008 2210 5071; x_wconf 81' lang='lat' dir='ltr'><strong>Zabaticam,</strong></span> <span class='ocrx_word' id='word_1_714' title='bbox 2244 5005 2578 5069; x_wconf 81' lang='lat' dir='ltr'><strong>Pelsozium,</strong></span> <span class='ocrx_word' id='word_1_715' title='bbox 2626 5006 3086 5073; x_wconf 80' lang='lat' dir='ltr'><strong>Gombazzecum,</strong></span> <span class='ocrx_word' id='word_1_716' title='bbox 3112 5006 3450 5061; x_wconf 82' lang='lat' dir='ltr'><strong>Crasnalutr-</strong></span> 
     </span>
    </p>
   </div>
   <div class='ocr_carea' id='block_1_111' title="bbox 1876 5099 3449 5169">
    <p class='ocr_par' dir='ltr' id='par_1_111' title="bbox 1876 5099 3449 5169">
     <span class='ocr_line' id='line_1_111' title="bbox 1876 5099 3449 5169; baseline -0.004 -16"><span class='ocrx_word' id='word_1_717' title='bbox 1876 5117 2015 5163; x_wconf 88' lang='lat' dir='ltr'><strong>cam,</strong></span> <span class='ocrx_word' id='word_1_718' title='bbox 2052 5099 2314 5167; x_wconf 86' lang='lat' dir='ltr'><strong>Gadigen,</strong></span> <span class='ocrx_word' id='word_1_719' title='bbox 2355 5101 2573 5169; x_wconf 87' lang='lat' dir='ltr'><strong>aliaque</strong></span> <span class='ocrx_word' id='word_1_720' title='bbox 2597 5100 2681 5153; x_wconf 91' lang='lat' dir='ltr'><strong>his</strong></span> <span class='ocrx_word' id='word_1_721' title='bbox 2706 5099 2881 5153; x_wconf 87' lang='lat' dir='ltr'><strong>vicina</strong></span> <span class='ocrx_word' id='word_1_722' title='bbox 2916 5112 3027 5153; x_wconf 90' lang='lat' dir='ltr'><strong>tum</strong></span> <span class='ocrx_word' id='word_1_723' title='bbox 3059 5100 3298 5161; x_wconf 88' lang='lat' dir='ltr'><strong>castella,</strong></span> <span class='ocrx_word' id='word_1_724' title='bbox 3340 5110 3449 5151; x_wconf 86' lang='lat' dir='ltr'><strong>tum</strong></span> 
     </span>
    </p>
   </div>
   <div class='ocr_carea' id='block_1_112' title="bbox 1878 5192 2602 5261">
    <p class='ocr_par' dir='ltr' id='par_1_112' title="bbox 1878 5192 2602 5261">
     <span class='ocr_line' id='line_1_112' title="bbox 1878 5192 2602 5261; baseline -0.004 -15"><span class='ocrx_word' id='word_1_725' title='bbox 1878 5193 2207 5246; x_wconf 88' lang='lat' dir='ltr'><strong>munitiones</strong></span> <span class='ocrx_word' id='word_1_726' title='bbox 2249 5192 2602 5261; x_wconf 82' lang='lat' dir='ltr'><strong>expugnavit.</strong></span> 
     </span>
    </p>
   </div>
   <div class='ocr_carea' id='block_1_113' title="bbox 1951 5282 3450 5352">
    <p class='ocr_par' dir='ltr' id='par_1_113' title="bbox 1951 5282 3450 5352">
     <span class='ocr_line' id='line_1_113' title="bbox 1951 5282 3450 5352; baseline -0.003 -18"><span class='ocrx_word' id='word_1_727' title='bbox 1951 5282 2068 5336; x_wconf 87' lang='lat' dir='ltr'><strong>Duo</strong></span> <span class='ocrx_word' id='word_1_728' title='bbox 2099 5284 2359 5352; x_wconf 82' lang='lat' dir='ltr'><strong>deinceps</strong></span> <span class='ocrx_word' id='word_1_729' title='bbox 2392 5284 2599 5336; x_wconf 85' lang='lat' dir='ltr'><strong>munita</strong></span> <span class='ocrx_word' id='word_1_730' title='bbox 2635 5294 2952 5338; x_wconf 89' lang='lat' dir='ltr'><strong>nostrorum</strong></span> <span class='ocrx_word' id='word_1_731' title='bbox 2998 5284 3113 5335; x_wconf 91' lang='lat' dir='ltr'><strong>loca</strong></span> <span class='ocrx_word' id='word_1_732' title='bbox 3147 5282 3450 5335; x_wconf 80' lang='lat' dir='ltr'><strong>&#39;l‘urcoruut</strong></span> 
     </span>
    </p>
   </div>
   <div class='ocr_carea' id='block_1_114' title="bbox 1878 5373 3453 5443">
    <p class='ocr_par' dir='ltr' id='par_1_114' title="bbox 1878 5373 3453 5443">
     <span class='ocr_line' id='line_1_114' title="bbox 1878 5373 3453 5443; baseline -0.002 -15"><span class='ocrx_word' id='word_1_733' title='bbox 1878 5376 1930 5429; x_wconf 92' lang='lat' dir='ltr'><strong>in</strong></span> <span class='ocrx_word' id='word_1_734' title='bbox 1964 5391 2159 5430; x_wconf 88' lang='lat' dir='ltr'><strong>manus</strong></span> <span class='ocrx_word' id='word_1_735' title='bbox 2196 5392 2409 5441; x_wconf 79' lang='lat' dir='ltr'><strong>Venere,</strong></span> <span class='ocrx_word' id='word_1_736' title='bbox 2443 5376 2601 5430; x_wconf 89' lang='lat' dir='ltr'><strong>Giula</strong></span> <span class='ocrx_word' id='word_1_737' title='bbox 2655 5388 2707 5429; x_wconf 90' lang='lat' dir='ltr'><strong>et</strong></span> <span class='ocrx_word' id='word_1_738' title='bbox 2764 5374 3041 5443; x_wconf 78' lang='lat' dir='ltr'><strong>Zigetum;</strong></span> <span class='ocrx_word' id='word_1_739' title='bbox 3100 5373 3276 5434; x_wconf 87' lang='lat' dir='ltr'><strong>Giula,</strong></span> <span class='ocrx_word' id='word_1_740' title='bbox 3332 5388 3453 5440; x_wconf 68' lang='lat' dir='ltr'><strong>quae</strong></span> 
     </span>
    </p>
   </div>
   <div class='ocr_carea' id='block_1_115' title="bbox 1880 5468 3454 5532">
    <p class='ocr_par' dir='ltr' id='par_1_115' title="bbox 1880 5468 3454 5532">
     <span class='ocr_line' id='line_1_115' title="bbox 1880 5468 3454 5532; baseline -0.005 -8"><span class='ocrx_word' id='word_1_741' title='bbox 1880 5471 2123 5524; x_wconf 84' lang='lat' dir='ltr'><strong>secundo</strong></span> <span class='ocrx_word' id='word_1_742' title='bbox 2145 5470 2272 5524; x_wconf 79' lang='lat' dir='ltr'><strong>Julii</strong></span> <span class='ocrx_word' id='word_1_743' title='bbox 2306 5472 2510 5522; x_wconf 85' lang='lat' dir='ltr'><strong>mensis</strong></span> <span class='ocrx_word' id='word_1_744' title='bbox 2546 5486 2572 5521; x_wconf 89' lang='lat' dir='ltr'><strong>a</strong></span> <span class='ocrx_word' id='word_1_745' title='bbox 2610 5470 2837 5523; x_wconf 78' lang='lat' dir='ltr'><strong>l’ertavo</strong></span> <span class='ocrx_word' id='word_1_746' title='bbox 2883 5471 3061 5522; x_wconf 75' lang='lat' dir='ltr'><strong>vczire</strong></span> <span class='ocrx_word' id='word_1_747' title='bbox 3110 5468 3292 5525; x_wconf 74' lang='lat' dir='ltr'><strong>bassa.</strong></span> <span class='ocrx_word' id='word_1_748' title='bbox 3332 5468 3454 5532; x_wconf 78' lang='lat' dir='ltr'><strong>jun-</strong></span> 
     </span>
    </p>
   </div>
   <div class='ocr_carea' id='block_1_116' title="bbox 1880 5557 3456 5614">
    <p class='ocr_par' dir='ltr' id='par_1_116' title="bbox 1880 5557 3456 5614">
     <span class='ocr_line' id='line_1_116' title="bbox 1880 5557 3456 5614; baseline -0.004 0"><span class='ocrx_word' id='word_1_749' title='bbox 1880 5562 1982 5614; x_wconf 81' lang='lat' dir='ltr'><strong>ctis</strong></span> <span class='ocrx_word' id='word_1_750' title='bbox 2013 5571 2065 5614; x_wconf 86' lang='lat' dir='ltr'><strong>ct</strong></span> <span class='ocrx_word' id='word_1_751' title='bbox 2100 5562 2271 5613; x_wconf 74' lang='lat' dir='ltr'><strong>l-assre</strong></span> <span class='ocrx_word' id='word_1_752' title='bbox 2302 5558 2748 5613; x_wconf 78' lang='lat' dir='ltr'><strong>Temesvarensis</strong></span> <span class='ocrx_word' id='word_1_753' title='bbox 2800 5570 2848 5612; x_wconf 89' lang='lat' dir='ltr'><strong>et</strong></span> <span class='ocrx_word' id='word_1_754' title='bbox 2900 5557 3173 5611; x_wconf 88' lang='lat' dir='ltr'><strong>Erdeliani</strong></span> <span class='ocrx_word' id='word_1_755' title='bbox 3223 5558 3456 5608; x_wconf 75' lang='lat' dir='ltr'><strong>&#39;l&#39;ataro-</strong></span> 
     </span>
    </p>
   </div>
   <div class='ocr_carea' id='block_1_117' title="bbox 1884 5650 3455 5721">
    <p class='ocr_par' dir='ltr' id='par_1_117' title="bbox 1884 5650 3455 5721">
     <span class='ocr_line' id='line_1_117' title="bbox 1884 5650 3455 5721; baseline -0.004 -17"><span class='ocrx_word' id='word_1_756' title='bbox 1884 5667 2109 5720; x_wconf 85' lang='lat' dir='ltr'><strong>rumque</strong></span> <span class='ocrx_word' id='word_1_757' title='bbox 2163 5651 2570 5721; x_wconf 70' lang='lat' dir='ltr'><strong>eopiis,cmpta</strong></span> <span class='ocrx_word' id='word_1_758' title='bbox 2632 5653 2811 5705; x_wconf 82' lang='lat' dir='ltr'><strong>fuerat</strong></span> <span class='ocrx_word' id='word_1_759' title='bbox 2860 5650 3134 5712; x_wconf 85' lang='lat' dir='ltr'><strong>obsideri;</strong></span> <span class='ocrx_word' id='word_1_760' title='bbox 3193 5650 3455 5701; x_wconf 85' lang='lat' dir='ltr'><strong>scelerata</strong></span> 
     </span>
    </p>
   </div>
   <div class='ocr_carea' id='block_1_118' title="bbox 1884 5738 3455 5812">
    <p class='ocr_par' dir='ltr' id='par_1_118' title="bbox 1884 5738 3455 5812">
     <span class='ocr_line' id='line_1_118' title="bbox 1884 5738 3455 5812; baseline -0.006 -13"><span class='ocrx_word' id='word_1_761' title='bbox 1884 5745 2114 5800; x_wconf 68' lang='lat' dir='ltr'><strong>Litdlalal</strong></span> <span class='ocrx_word' id='word_1_762' title='bbox 2181 5743 2449 5800; x_wconf 80' lang='lat' dir='ltr'><strong>Kct&#39;csiuii</strong></span> <span class='ocrx_word' id='word_1_763' title='bbox 2526 5742 2763 5812; x_wconf 59' lang='lat' dir='ltr'><strong>prtefecti</strong></span> <span class='ocrx_word' id='word_1_764' title='bbox 2842 5742 3173 5811; x_wconf 87' lang='lat' dir='ltr'><strong>proditione,</strong></span> <span class='ocrx_word' id='word_1_765' title='bbox 3234 5738 3455 5805; x_wconf 72' lang='lat' dir='ltr'><strong>Georgii</strong></span> 
     </span>
    </p>
   </div>
  </div>
