4866 6594
1336 536 1441 601 663
2601 534 2928 595 JOANNIS
2965 534 3428 597 LEUNCLAVII
4497 533 4593 595 664

1347 653 1544 707 Βοιιωὶ
1581 650 1877 720 perduellis
1904 662 1962 707 et
1993 652 2170 708 afﬁnis
2212 650 2295 707 sui
2343 649 2622 719 colloquio
2650 650 2921 717 corrupti,
2958 653 3001 714 Λ
3026 650 3115 705 die
3144 660 3346 720 quarto
3384 653 3589 708 mensis
3645 649 4003 719 Septembris.
4046 645 4275 718 Agebat,
4305 661 4432 701 cum
4484 660 4593 698 mo-

1339 745 1465 799 licet
1489 744 1733 799 futurum
1784 747 2093 801 nuntiasset
2141 743 2445 808 Suendius,
2486 752 2546 796 ut
2581 742 2755 796 hostis
2785 743 2926 796 intra

1342 837 1575 893 biduum
1605 838 1953 893 obsidionem
1994 840 2257 901 solveret,
2314 835 2514 891 Turcis
2560 834 2743 889 dedita
2803 833 2926 887 fuit.

1343 931 1475 984 Eam
1509 929 1702 993 Turci,
1730 938 1928 999 praeter
1972 930 2245 984 Erdcliani
2307 943 2479 997 spem,
2546 927 2650 981 sibi
2692 927 2929 981 retinue-

1342 1032 1499 1089 runt;
1534 1023 1888 1093 hiantemque
1925 1038 2177 1082 corvum.
2203 1031 2265 1077 ut
2300 1031 2383 1076 est
2420 1021 2475 1075 in
2509 1020 2736 1083 fabulis,
2773 1034 2927 1073 more

1340 1132 1446 1169 suo
1478 1115 1750 1171 delusere.
1789 1114 1996 1171 Violata
2022 1114 2252 1169 dedititii
2287 1113 2391 1168 fide
2419 1111 2716 1168 crudeliter
2753 1112 2927 1166 inter-

1343 1206 1539 1274 etttpli,
1577 1208 1767 1275 paucis
1832 1207 2099 1261 bcnelieio
2145 1208 2324 1262 nor-tis
2367 1217 2421 1262 et
2468 1203 2925 1260 arnndinctorum

1353 1299 1853 1368 elapsis.charius
1888 1300 2134 1369 proditor
2161 1315 2266 1354 non
2303 1300 2475 1353 multo
2506 1307 2625 1368 post
2658 1300 2709 1352 itt
2743 1298 2929 1352 vincu-

1346 1387 1436 1448 lis,
1467 1388 1611 1456 apud
1642 1388 1921 1442 sultanum
1959 1389 2242 1454 Selitnem,
2282 1386 2617 1444 Soleimanis
2642 1403 2929 1443 successo-

1346 1492 1482 1533 rem.
1512 1477 1584 1531 ob
1612 1478 1909 1532 exercitam
1956 1480 2106 1549 prius
2161 1480 2214 1534 itt
2263 1482 2511 1549 captivos
2561 1479 2929 1533 Musulmunos

1345 1567 1605 1621 ueritiem
1650 1578 1967 1632 accusatus,
2015 1571 2080 1623 de
2134 1571 2410 1625 sententia
2464 1568 2686 1625 Selimis
2728 1572 2931 1624 actori-

1347 1660 1470 1723 bus,
1507 1669 1565 1714 ut
1597 1677 1662 1714 ex
1710 1675 1900 1714 corum
1949 1660 2183 1716 arbitrio
2236 1676 2427 1731 poenas
2459 1662 2653 1725 lueret,
2699 1661 2931 1715 traditus

1349 1754 1449 1806 fuit
1475 1770 1489 1818 ;
1519 1754 1609 1819 qui
1643 1754 1923 1809 hominem
1959 1757 2069 1809 vasi
2117 1754 2291 1809 clavis
2332 1755 2613 1823 perforato
2644 1754 2722 1810 sic
2758 1756 2929 1808 intln-

1349 1854 1561 1906 serunt,
1621 1854 1680 1900 ut
1730 1846 1878 1900 dolio
1935 1847 2003 1901 de
2055 1856 2240 1900 monte
2280 1862 2377 1916 per
2410 1848 2643 1901 declivia
2679 1847 2929 1916 praecipi-

1352 1946 1487 2000 tato,
1520 1938 1699 1994 clavis
1740 1938 1996 2009 oblongis
2028 1947 2082 1993 et
2117 1940 2296 1994 acutis
2332 1938 2578 1994 confixus
2604 1937 2928 2003 exspiraret.

1351 2028 1477 2083 Fuit
1511 2039 1567 2084 et
1616 2031 1762 2086 filius
1794 2039 2035 2101 paterna:
2076 2030 2350 2101 particeps
2384 2031 2803 2091 exsecrationis.
2834 2030 2926 2097 qui

1350 2121 1571 2187 misere,
1598 2122 1767 2179 nullis
1792 2123 2002 2178 relictis
2030 2122 2364 2187 litercdibus,
2401 2122 2544 2176 diem
2575 2137 2732 2175 suum
2772 2121 2929 2183 obiit,

1351 2212 1611 2277 castellis,
1647 2214 1799 2283 pagis
1831 2224 1885 2269 et
1914 2215 2039 2271 aliis
2075 2215 2428 2270 facultatibus
2458 2214 2833 2284 amplissimis,
2862 2214 2929 2269 ad

1353 2306 1563 2360 alienos
1591 2307 1884 2361 devolutis.

1419 2397 1632 2454 Interea
1670 2398 1800 2453 dum
1857 2402 1971 2455 lucc
2024 2400 2254 2457 diversis
2309 2417 2403 2471 per
2456 2400 2752 2474 Ungariam
2795 2403 2931 2458 locis

1352 2500 1698 2559 gererentur,
1728 2492 1981 2548 sultanus
2036 2494 2150 2563 ipse
2183 2494 2527 2549 Soleimanes
2560 2496 2800 2550 transito
2827 2495 2934 2565 pri-

1358 2598 1506 2635 tnum
1550 2580 1721 2647 Savo,
1760 2583 1952 2638 deinde
1995 2584 2190 2648 Dravo,
2228 2601 2393 2655 quem
2424 2598 2587 2656 ponte
2613 2588 2797 2657 operis
2838 2589 2937 2642 ad-

1357 2677 1591 2730 mirandi
1639 2686 2041 2744 constraverat,
2102 2695 2223 2734 cum
2284 2680 2524 2736 exercitu
2576 2681 2934 2737 ducentorum

1358 2766 1614 2832 millium,
1649 2768 1716 2822 ad
1750 2768 2127 2838 suhjugandas
2157 2770 2448 2838 llnngarize
2484 2771 2741 2839 reliquias
2765 2773 2935 2826 venit.

1360 2857 1618 2913 Occurrit
1647 2860 1965 2916 adventanti
1991 2876 2117 2915 cum
2155 2862 2313 2917 donis
2344 2863 2562 2917 eximiis
2591 2862 2936 2926 Erdelianus.

1362 2948 1567 3005 frustra
1621 2965 1844 3020 regnum
1894 2951 2181 3013 ambiens,
2240 2952 2389 3021 quod
2438 2952 2666 3006 avaritie
2710 2952 2940 3006 barbara

1362 3043 1706 3105 Soleimancs
1735 3044 1854 3115 ipse
1875 3045 1989 3115 jam
2026 3061 2143 3116 spe,
2195 3047 2323 3101 licet
2362 3046 2538 3111 irrita,
2574 3055 2746 3101 totum
2781 3045 2945 3100 devo-

1364 3145 1537 3201 verat,
1567 3153 1630 3192 ac
1658 3137 1871 3192 libidini
1914 3141 2148 3208 propria:
2174 3140 2496 3194 destinarat.

1437 3227 1535 3281 Die
1569 3229 1772 3285 mensis
1796 3228 2026 3298 Augusti
2060 3240 2221 3285 sexto
2270 3228 2514 3301 Zigetum
2548 3230 2805 3286 obsidere
2834 3230 2944 3285 sul-

2915 2030 2926 2053 :
2966 1998 3006 2053 Β

3035 754 3267 805 rerctur,
3288 742 3464 797 rtalis
3489 759 3691 797 annum
3722 740 4189 812 septuagesimum
4221 747 4458 793 sextum.
4501 736 4597 789 lm-

3032 836 3185 906 perio
3204 834 3416 902 praefuit
3438 834 3597 889 annis
3613 833 3976 903 quadraginta
3996 846 4090 887 sex
4112 839 4269 885 etses
4292 829 4593 883 uictu-ilius.

3102 926 3381 996 Occupalo
3431 924 3642 995 Zigeto,
3694 926 3961 980 Babosam
4018 924 4389 995 oppugnaturi
4437 906 4596 978 Turci

3033 1019 3299 1089 quosdam
3335 1034 3365 1075 e
3397 1018 3514 1075 suis
3537 1018 3784 1082 mittunt,
3813 1018 3907 1086 qui
3934 1032 4118 1072 arcem
4157 1017 4283 1071 dedi
4323 1016 4595 1087 juberent.

3030 1114 3084 1169 ld
3116 1128 3247 1168 vero
3272 1113 3401 1167 licet
3426 1111 3668 1168 facturos
3691 1127 3751 1166 se
3778 1110 3949 1166 nostri
4006 1118 4296 1178 negarent,
4352 1109 4499 1176 quod
4527 1117 4599 1160 ta-

3030 1221 3154 1261 men
3181 1220 3301 1259 eam
3337 1205 3553 1260 defendi
3581 1220 3688 1259 non
3709 1219 3872 1274 posse
3905 1213 4095 1259 contra
4124 1204 4233 1257 vim
4259 1212 4467 1257 tantam
4503 1201 4596 1254 sci-

3029 1308 3173 1362 rent,
3209 1298 3768 1352 inccnsamdescrunt
3811 1314 3825 1351 :
3880 1312 4115 1366 quorum
4177 1292 4600 1364 esemplumSa-

3029 1388 3192 1445 chani
3223 1396 3276 1441 ct
3309 1385 3617 1458 Zorgenses
3669 1394 3797 1442 sunt
3818 1385 4037 1440 imitati.

3105 1479 3308 1535 Eodem
3338 1495 3507 1544 anno,
3548 1480 3637 1533 die
3690 1479 3905 1534 mensis
3950 1477 4196 1547 ejusdem
4228 1475 4605 1529 viresimnter-

3033 1573 3127 1637 tio,
3152 1572 3403 1628 sultanus
3428 1571 3662 1629 Selimes
3692 1572 3988 1637 secundus,
4016 1571 4196 1626 aetatis
4230 1586 4434 1624 annum
4469 1586 4571 1636 qnn
4590 1596 4603 1604 -

3031 1664 3396 1733 dragesimu-n
3433 1663 3733 1719 secundum
3757 1678 3948 1733 agens,
3982 1663 4036 1717 in
4076 1662 4308 1730 imperio
4345 1658 4606 1714 Soleima-

3032 1757 3086 1811 ni
3124 1758 3260 1825 patri
3291 1758 3573 1812 successit.
3609 1752 3979 1826 Quippe'cum
4015 1756 4080 1808 ad
4132 1746 4481 1825 Magnesiam
4525 1752 4603 1802 in~

3036 1849 3250 1903 tellecta
3291 1858 3468 1904 morte
3498 1849 3694 1917 patris,
3753 1864 3816 1903 ex
3869 1849 3995 1902 Asia
4057 1863 4269 1901 summa
4327 1846 4610 1899 celerita'c

3033 1942 3365 2001 lscodaram.
3395 1956 3425 1995 e
3462 1944 3680 2010 regione
3701 1939 4208 2010 Constantinopolis
4270 1938 4452 2000 sitam,
4506 1938 4609 1989 hoc

3032 2033 3120 2086 die
3144 2033 3517 2102 pervenisset:
3548 2048 3671 2087 mox
3706 2048 3736 2087 a
3772 2033 4043 2101 Bostange
4082 2031 4269 2090 bassa.
4294 2030 4610 2084 llorlttlatto-

3034 2142 3154 2181 rnm
3187 2128 3463 2195 praaleeto,
3504 2140 3605 2195 pro
3632 2140 3783 2180 more
3818 2125 4030 2179 triremi
4076 2134 4358 2193 exceptus,
4390 2133 4445 2176 et
4467 2120 4612 2174 (3mi-

3035 2220 3446 2288 stantinOpolim
3478 2228 3628 2273 trans
3647 2219 3988 2288 Bosphorum
4019 2227 4209 2271 vectus
4240 2214 4359 2268 fuit.
4392 2214 4459 2267 Et
4483 2214 4611 2282 quit

3036 2313 3265 2367 Selimes
3298 2329 3555 2382 generum
3578 2328 3761 2377 suum,
3786 2310 4167 2366 Ischenderem
4190 2308 4423 2373 bassani,
4448 2323 4613 2376 quem

3038 2406 3416 2474 prosultanum
3454 2400 3934 2469 Constantinopoli
3968 2399 4260 2455 discedens
4319 2397 4617 2465 reliquerat

3040 2498 3403 2562 Soleimanes,
3433 2500 3501 2554 de
3533 2496 3772 2551 adventu
3817 2511 3916 2549 suo
3947 2495 4243 2550 certiorem
4277 2490 4617 2550 reddiderat,

3039 2606 3163 2645 cum
3198 2588 3490 2654 mandatis,
3526 2597 3585 2641 ut
3605 2588 3727 2658 ejus
3764 2600 3930 2655 opera
3994 2583 4287 2651 studioque
4317 2595 4399 2633 res
4433 2581 4500 2634 ad
4541 2580 4621 2633 in-

3040 2698 3288 2752 gressum
3319 2682 3370 2734 in
3402 2681 3618 2745 urbem,
3638 2692 4001 2748 pompamque
4033 2676 4237 2746 regiam
4284 2676 4623 2743 pertinentes

3042 2776 3162 2829 sine
3196 2789 3345 2827 mora
3384 2782 3714 2841 pararentur
3749 2788 3763 2825 :
3799 2786 3919 2825 mox
3943 2769 4038 2823 illo
4068 2768 4188 2835 ipso
4233 2765 4319 2820 die
4347 2766 4621 2818 deductus

3045 2870 3097 2923 in
3134 2868 3404 2937 sarajum,
3442 2864 3579 2920 solio
3608 2864 3862 2920 censedit
3894 2862 4255 2933 imperatorio
4313 2860 4464 2912 illius
4528 2874 4623 2909 cu-

3044 2961 3232 3026 biculi,
3260 2958 3405 3030 quod
3436 2958 3568 3013 solis
3597 2966 3681 3012 est
3711 2956 3946 3010 sultanis
4003 2951 4432 3008 Osmanidarum
4464 2960 4626 3018 gente

3053 3053 3328 3124 prognatis
3355 3065 3626 3121 occupare
3670 3049 4023 3119 permissum.
4090 3045 4214 3101 lnde
4270 3061 4359 3114 per
4430 3046 4625 3096 urbem

3052 3145 3505 3217 proclamationes
3540 3158 3694 3197 more
3726 3141 3996 3211 majorum
4027 3138 4204 3203 factae,
4249 3138 4456 3208 quibus
4504 3143 4627 3187 vota

3050 3239 3287 3306 primum
3314 3236 3783 3305 concipiebnntur,
3824 3243 3884 3289 ut
3920 3232 4124 3304 anima
4177 3227 4509 3284 Soleimanis
4578 3226 4627 3277 in

1365 3332 1529 3375 tantis
1554 3320 1742 3389 coepit,
1786 3320 1935 3390 quod
1962 3322 2092 3378 licet
2141 3322 2404 3377 acerrime
2434 3330 2874 3390 propugnaretur
2910 3335 2939 3374 a
2968 3341 3010 3396 ο
3045 3329 3287 3400 paradisc

2689 3330 2874 3377 πϐιιη·
2910 3335 2939 3374 ει
2968 3341 3010 3396 c
3045 3329 3301 3400 paradiso
3327 3326 3454 3381 felix
3475 3342 3649 3381 aevum
3683 3334 3885 3394 ageret,
3929 3338 3991 3377 ac
4023 3323 4077 3374 in
4103 3329 4357 3388 perpetua
4434 3318 4611 3387 gloria

1370 3408 1598 3467 Nicolao
1644 3411 1846 3466 comite
1901 3410 2141 3479 Zerinio,
2198 3413 2499 3469 fortissimo
2535 3425 2589 3469 et
2619 3414 2944 3469 immortalis

1367 3503 1556 3572 gloriae
1626 3503 1764 3569 viro,
1836 3505 2073 3574 praesidii
2126 3506 2411 3575 prmlecto;
2482 3506 2696 3560 tandem
2762 3515 2942 3560 tsunen

1372 3601 1459 3654 die
1499 3601 1733 3668 septimo
1765 3600 1971 3656 mensis
2030 3600 2367 3670 Septembris
2416 3610 2783 3671 expugnatum
2817 3599 2942 3663 fuit,

1375 3705 1493 3758 ipso
1532 3691 1735 3745 comite
1802 3690 2045 3759 Zeriuio,
2104 3705 2228 3747 cum
2291 3692 2491 3762 insigni
2524 3692 2788 3746 nobilium
2830 3689 2946 3746 Un-

1372 3784 1649 3852 garorium
1676 3795 2135 3854 strenuorumquc
2199 3785 2431 3839 militum
2471 3799 2701 3840 numero
2726 3825 2742 3852 ,
2778 3785 2857 3841 sic
2916 3799 2945 3837 a

1375 3877 1627 3931 Barbaris
1679 3877 2027 3947 interempto,
2081 3890 2190 3931 non
2246 3877 2451 3933 inultus
2502 3893 2626 3930 cum
2700 3878 2819 3933 suis
2888 3885 2950 3929 ut

1376 3970 1704 4025 occubuisse
1725 3970 1834 4024 dici
1865 3971 2058 4040 possit.
2100 3968 2313 4040 Quippe
2357 3986 2464 4025 non
2507 3970 2731 4042 triginta
2780 3969 2948 4025 millia

1377 4076 1606 4117 suorqu
1626 4062 1895 4117 duntaxat
1921 4062 2105 4118 hostes
2134 4062 2541 4127 desiderarunt,
2574 4077 2761 4116 verum
2785 4062 2947 4115 etiam

1377 4153 1560 4206 triduo
1588 4161 1716 4206 ante
1747 4166 2059 4222 supremam
2112 4162 2426 4206 nostrorum
2460 4151 2668 4206 cladem
2696 4152 2950 4207 sultanus

1378 4241 1739 4308 Snleimanes,
1771 4242 1998 4297 necdum
2034 4241 2265 4297 victoria
2302 4242 2369 4296 de
2418 4241 2695 4310 Zigetanis
2721 4241 2927 4310 potitus

1378 4334 1620 4388 fremens
1659 4343 1715 4388 et
1738 4333 2020 4391 'frendens
2072 4334 2347 4390 infelicem
2380 4334 2657 4389 exhalavit
2685 4335 2952 4388 animam

1378 4426 1512 4494 Ejus
1552 4427 1736 4481 obitus
1789 4429 2053 4496 tantisper
2105 4428 2414 4483 occultatus
2470 4428 2571 4482 fuit
2620 4437 2739 4481 astu
2779 4426 2952 4479 vafer-

1380 4519 1503 4573 rimi
1536 4519 1733 4574 veziris
1769 4522 1945 4575 bassaa
1980 4517 2355 4583 Mechemetis,
2392 4527 2553 4573 noctu
2585 4518 2750 4572 etiam
2781 4516 2955 4571 501(ιί-

1382 4598 1559 4664 manis
1587 4610 1861 4666 archiatro
1891 4610 2032 4665 clam
2077 4622 2293 4673 necato,
2345 4625 2413 4663 ne
2463 4624 2558 4677 per
2597 4624 2722 4663 eum
2751 4606 2950 4662 snltani

3044 3427 3353 3498 quiesceret
3382 3441 3394 3477 :
3424 3424 3646 3485 deinde,
3676 3418 3875 3475 multos
3914 3428 3973 3472 ut
4000 3430 4175 3470 annos
4224 3415 4433 3469 viveret
4464 3413 4626 3466 sulta-

3047 3533 3152 3573 nns
3184 3515 3414 3572 Selimes
3450 3515 3625 3572 Chan.
3669 3509 4028 3582 prosperique
4056 3516 4233 3564 status
4286 3506 4631 3561 incremento

3047 3609 3306 3663 continuo
3345 3605 3633 3661 frueretur.

3121 3700 3415 3763 Postridie,
3451 3701 3541 3769 qui
3575 3700 3688 3753 dies
3716 3708 3837 3751 erat
3881 3696 4178 3751 vicesimus
4235 3702 4469 3763 quartus
4500 3694 4610 3757 Sep

3050 3789 3301 3852 tetnbris,
3344 3802 3376 3844 e
3415 3790 3598 3856 sarajo
3623 3787 3848 3859 prodiit,
3880 3802 4050 3857 seque
4084 3801 4180 3856 per
4206 3784 4398 3838 urbem
4430 3785 4636 3853 populo

3050 3881 3408 3953 spectandum
3443 3880 3711 3934 exhibuit.
3736 3880 3958 3949 Peregit
3983 3889 4036 3934 et
4064 3887 4320 3948 paternas
4337 3875 4634 3942 exsequias

3050 3990 3114 4031 ac
3150 3988 3345 4045 magno
3374 3973 3694 4028 animalium
3733 3987 3964 4027 numero
4002 3985 4165 4035 caeso,
4235 3968 4484 4038 cibisque
4539 3981 4639 4020 co-

3051 4064 3700 4133 ctisitideminnumeris,
3747 4065 3968 4134 epulum
4023 4054 4262 4118 funebre
4320 4060 4640 4131 quibusvis,

3051 4177 3177 4217 cum
3220 4159 3455 4230 ingentis
3480 4173 3706 4213 summa:
3752 4171 4039 4226 asprorum
4094 4155 4437 4224 erogatione,
4494 4168 4644 4223 pne.

3053 4254 3191 4307 buit.
3220 4252 3349 4306 Inde
3382 4248 3615 4305 solemni
3644 4263 3865 4319 pompa,
3901 4246 4253 4314 maximoque
4283 4258 4513 4299 suorum
4546 4257 4647 4311 ap-

3054 4347 3270 4416 plausu,
3297 4343 3351 4397 in
3396 4341 3637 4411 sarajnm
3667 4342 3854 4396 rediit.

3126 4438 3431 4502 Antequam
3465 4433 3580 4487 haec
3608 4432 3819 4497 fierent,
3847 4446 3940 4500 per
3978 4427 4360 4485 Ischenderem
4416 4427 4649 4481 bassam

3055 4527 3430 4596 prosultanum
3482 4523 3698 4580 evocari
3737 4538 3800 4577 ex
3841 4521 4095 4577 omnibus
4139 4521 4273 4575 locis
4328 4519 4655 4589 geniuros.

3057 4623 3297 4680 paterna:
3323 4611 3514 4665 mortis
3545 4610 3725 4664 adhuc
3747 4616 3987 4678 ignaros,
4010 4608 4065 4661 in
4092 4605 4354 4676 oppidum
4378 4620 4487 4658 non
4518 4620 4659 4674 pro-

1381 4719 1534 4759 mors
1566 4714 1869 4767 ematur-rt,
1907 4704 2037 4757 dum
2070 4716 2229 4757 socer
2264 4701 2385 4771 ejus
2410 4700 2660 4763 Selimes,
2689 4698 2947 4753 Soleima-
2988 4683 3030 4739 Ῐ)
3060 4704 3145 4759 eul
3168 4720 3196 4756 a
3220 4700 3693 4771 Constantinopoli
3728 4701 3920 4763 situm,
3958 4699 4061 4754 sub
4100 4706 4358 4768 prmtextu
4389 4695 4656 4751 mittendi

1383 4797 1469 4851 nis
1516 4795 1681 4860 lilius,
1742 4804 2015 4864 occupato
2059 4795 2198 4848 citra
2258 4790 2549 4846 tumultum
2607 4790 2856 4861 imperio,
2889 4790 2955 4842 ad

1381 4889 1684 4944 exercitum
1709 4888 1759 4941 in
1788 4896 1969 4942 castra
1999 4886 2258 4942 venisset.
2289 4884 2425 4938 Nam
2458 4886 2500 4940 si
2542 4894 2648 4937 tam
2697 4884 2957 4953 genizari,

1385 4996 1547 5050 quam
1578 4980 1775 5051 reliqui
1813 4980 2037 5040 milites,
2090 4979 2160 5033 de
2214 4990 2392 5032 morte
2437 4978 2638 5032 snltani
2667 4978 2752 5032 sui
2784 4986 2960 5031 matu-

1387 5074 1504 5130 rius
1532 5077 1800 5129 ccrtiores
1846 5073 1974 5129 facti
2006 5073 2274 5139 fuissent,
2315 5087 2512 5140 magno
2548 5072 2602 5126 in
2634 5070 2831 5127 castris
2870 5085 2963 5123 ex-

1386 5169 1556 5223 citato
1588 5167 1849 5233 tumultu,
1888 5165 2126 5220 tentoria
2172 5162 2571 5232 thesaurosque
2603 5161 2802 5230 regios,
2838 5176 2960 5214 tum

1385 5260 1828 5315 Christianorum
1861 5266 1917 5313 et
1946 5256 2302 5312 Hebraeorum
2351 5256 2537 5319 rebus,
2588 5269 2686 5324 pro
2713 5266 2865 5308 more
2899 5251 2961 5305 li-

1389 5355 1683 5423 hidineque
1719 5367 1819 5410 sua
1856 5353 2249 5421 diripuissent,
2286 5364 2352 5406 ac
2378 5350 2570 5420 spoliis
2605 5349 2757 5403 hisce
2782 5347 2959 5411 ditati,

1390 5447 1628 5502 neminis
1655 5446 1989 5500 auctoritate
2016 5445 2287 5499 contineri
2338 5458 2396 5499 se
2435 5442 2671 5511 amplius
2694 5442 2747 5496 itt
2784 5440 2962 5496 ofﬁcio

1390 5541 1536 5609 passi
1569 5540 1822 5595 fuissent.
1853 5537 1985 5605 Quae
2033 5552 2166 5593 sane
2215 5551 2396 5591 rerum
2428 5536 2573 5604 apud
2607 5536 2791 5590 hostes
2831 5549 2961 5588 con-

1392 5638 1538 5693 fusio
1571 5635 1939 5703 militarisque
1999 5630 2248 5693 licentia,
2310 5630 2687 5685 Maximiliano
2730 5628 2959 5689 Caesari,

1393 5726 1704 5783 numerosis
1734 5723 1899 5795 359
1946 5732 2001 5778 et
2054 5721 2342 5792 exquisitis
2400 5729 2512 5773 toto
2556 5734 2618 5772 ex
2648 5719 2780 5774 orbe
2809 5717 2963 5771 Chri-

1394 5825 1578 5875 stiano
1609 5819 1786 5888 copiis
1819 5816 2111 5878 instructo,
2152 5818 2392 5883 praebere
2428 5821 2768 5882 pernptataut
2806 5825 2963 5863 occa-

1393 5917 1605 5969 sionem
1649 5914 1724 5967 rei
1776 5911 2004 5965 feliciter
2037 5910 2283 5975 gerendaa
2328 5906 2612 5977 potuisset.
2646 5902 2962 5957 Exstinctus

1393 6010 1495 6064 fuit
1523 6005 1862 6063 Soleimanes
1893 6017 2038 6059 anno
2059 6002 2437 6057 Mahmnctano
2460 6000 2565 6055 975
2592 5997 2746 6065 (Chr.
2787 5995 2961 6063 1566),

3062 4796 3127 4850 ad
3160 4796 3501 4850 obsidionem
3560 4791 3878 4861 ligetanam
3936 4789 4194 4844 militaris
4251 4786 4661 4857 supplementi,

3057 4890 3316 4959 iusserat.
3349 4886 3426 4940 Ad
3451 4901 3545 4939 eos
3580 4884 3875 4938 lscltender
3940 4884 4127 4945 bassa,
4192 4879 4536 4949 Selimejam
4564 4893 4663 4947 pa-

3065 4990 3278 5035 ternum
3306 4978 3359 5032 in
3400 4976 3598 5033 solium
3629 4975 3918 5039 collocato,
3973 4974 4042 5028 de
4091 4972 4313 5028 Selimis
4366 4970 4665 5025 voluntate

3066 5071 3385 5144 profectus,
3448 5069 3659 5123 obitum
3720 5065 4066 5125 Soleimanis.
4114 5071 4167 5119 et
4230 5062 4665 5118 successionem

3066 5165 3288 5220 Selituis
3316 5164 3557 5232 exponit.
3599 5160 3730 5215 inde
3763 5174 3864 5229 pro
3893 5156 4301 5226 direptionibus
4356 5170 4466 5209 usu
4501 5170 4673 5209 rece-

3067 5257 3173 5327 ptis
3200 5256 3251 5309 in
3296 5254 3444 5308 obitu
3472 5252 3731 5321 principis
3785 5248 4120 5313 Osmanidaa,
4193 5255 4415 5301 centum
4475 5246 4669 5300 millia

3066 5344 3468 5400 sultaninorum
3504 5343 3583 5396 eis
3643 5340 3822 5394 offert.
3881 5337 3999 5392 Non
4050 5338 4261 5405 ingrata
4314 5333 4423 5389 fuit.
4465 5338 4673 5390 oratio

3066 5436 3243 5490 bassa:
3272 5431 3564 5504 genizaris,
3601 5445 3664 5485 ea
3698 5430 3812 5499 lege
3845 5438 4027 5482 tamen
4084 5423 4555 5487 assentientibus,
4610 5435 4673 5479 ut

3068 5525 3331 5595 largiores
3354 5537 3587 5578 annona:
3610 5520 3930 5575 militaturis
3955 5521 4241 5573 darentur.

3139 5617 3368 5674 Selimes
3419 5632 3547 5686 ergo
3569 5615 3840 5683 genizaris
3872 5611 4300 5676 inauetoritatis,
4327 5611 4419 5665 die
4443 5614 4677 5667 mensis

3068 5709 3400 5781 Septembris
3425 5708 3681 5761 ViCCSllﬂO
3712 5706 3943 5773 septimo
3965 5704 4441 5773 Constantinopoli
4474 5704 4680 5760 discec

3068 5805 3166 5865 tlit,
3195 5814 3248 5857 et
3283 5802 3493 5871 magnis
3527 5801 3813 5855 itineribus
3844 5798 4034 5851 Albam
4061 5795 4301 5850 Graecam
4334 5798 4673 5850 contendit.

3069 5897 3204 5949 Cum
3237 5896 3376 5949 istnc
3411 5893 3632 5945 allatum
3697 5900 3882 5959 postea
3937 5885 4261 5942 Snleimanis
4307 5886 4571 5940 cadaver
4629 5892 4679 5943 in

3078 5988 3267 6041 urbem
3300 5985 3681 6049 deduceretur,
3725 5981 3887 6050 pedes
3943 5990 4070 6034 ante
4132 5987 4419 6047 paternum
4485 5980 4679 6033 furius

4794 176 4797 265 γ

4795 896 4797 1023 l

4795 1090 4797 1195 ψ

4791 6188 4798 6491 J
