4866 6594
216 344 313 407 665

1292 351 1679 412 SUPI'LEM.
1723 352 2005 415 ANNAL.
2036 354 2335 414 TUllCIC.

3349 356 3453 418 666

217 452 489 507 incedebat
522 451 705 505 habitu
740 452 950 521 lugubri
1014 453 1263 511 sullauus
1316 456 1568 524 Selimes,
1599 460 1769 512 cetui-
1804 464 1847 519 Α
1883 468 2129 527 peratore
2156 459 2521 513 Masiutiliauo
2579 461 2823 515 subsidia
2861 462 3062 531 majora
3117 467 3373 534 postulat.
3404 468 3453 522 Is

215 546 449 598 tantibus
490 545 684 607 bassis,
727 544 1062 603 Cadilescbct
1082 549 1145 614 is,
1204 550 1545 619 cmterisque.
1600 552 1773 620 begis.

213 637 336 691 inde
358 636 555 693 Cadios
588 639 819 707 populis,
843 649 1162 694 consuetum
1188 641 1497 695 donativum
1519 644 1784 711 genizaris

212 731 377 785 dedit.
410 730 617 793 Ouibus
648 732 903 799 peractis,
963 732 1497 801 Constantinopolim
1550 736 1783 790 cadaver

210 835 491 893 paternum
518 826 673 878 avehi
702 825 886 891 jussit,
922 834 975 878 et
1014 826 1065 878 in
1105 823 1276 888 Zona,
1325 841 1486 895 quam
1528 828 1641 894 ipse
1673 828 1776 882 sibi

208 915 362 972 rivus
389 926 753 979 exstruxerat,
775 914 1162 971 condi.Curata
1198 918 1299 970 fuit
1324 934 1385 970 ea
1421 934 1507 971 res
1534 921 1601 973 ab
1628 922 1767 973 Ach-

208 1016 347 1059 mete
379 1007 562 1069 bassa,
587 1006 925 1074 Ferbateque
955 1007 1405 1076 Capizilariorum
1445 1011 1579 1078 Aga,
1605 1013 1775 1065 dedu-

205 1096 454 1151 centibus
506 1098 655 1167 begis
692 1109 747 1152 et
795 1099 1081 1167 genizaris,
1134 1115 1256 1153 cum
1323 1100 1516 1154 vexillo
1571 1105 1716 1171 regio
1758 1121 1771 1156 :

207 1188 531 1257 tandemque
560 1190 647 1242 die
670 1188 930 1243 vicesimo
968 1192 1209 1245 secundo
1264 1190 1588 1247 Novembris
1644 1210 1768 1263 per-

206 1297 424 1335 ventum
455 1280 1005 1350 Constantinopolim.
1036 1283 1112 1336 lbi
1143 1283 1306 1338 funus
1338 1294 1623 1351 exceptum
1672 1287 1771 1340 fuit

202 1373 647 1439 frequentissimo
671 1380 943 1429 concur'su
972 1376 1305 1437 mortalium,
1348 1389 1622 1444 praeeunte
1654 1379 1765 1432 ilu-

200 1464 340 1530 phti,
358 1465 451 1533 qui
475 1463 616 1533 apud
640 1465 1009 1520 Musulmanos
1044 1476 1097 1525 et
1115 1467 1254 1533 juris
1271 1478 1322 1520 et
1345 1469 1619 1537 religionis
1646 1487 1765 1523 om-

198 1555 454 1620 uinmque
476 1568 754 1607 sacrorum
783 1569 873 1608 rex
893 1564 976 1609 est
1000 1573 1015 1610 :
1039 1555 1498 1624 subsequentibus
1544 1558 1764 1611 lschrn-

193 1646 324 1697 dere
341 1645 497 1700 bassa
517 1647 854 1715 prosultano,
879 1647 1277 1714 Dcphtetdaris,
1296 1650 1386 1716 qui
1412 1649 1653 1704 Camers:
1678 1652 1757 1705 vel

191 1738 371 1790 mrarii
398 1737 633 1804 prmiecti
661 1748 805 1801 sunt,
830 1738 1057 1807 aliisque
1080 1738 1228 1809 begis
1249 1742 1499 1794 omnibus
1525 1743 1759 1810 pullatis,

1892 550 2181 605 llenricum
2218 551 2581 619 Stanpicium,
2613 568 2734 605 cum
2767 553 2914 607 mille
2936 555 3222 610 Germanis
3259 561 3450 626 equiti-

1886 645 2007 700 bus.
2038 657 2129 695 sex
2162 642 2396 710 peditum
2426 642 2659 704 vexillis,
2684 644 2991 713 stipendiis,
3024 655 3075 701 et
3108 662 3323 700 annona
3352 664 3450 701 nc-

1883 731 2142 793 ccssaria,
2180 732 2359 784 mittit.
2390 732 2494 786 Sed
2531 732 2682 800 prius
2714 750 2875 800 quam
2903 736 3196 790 auxiliares
3255 738 3335 790 by.
3356 754 3450 791 co-

1884 823 1983 887 piae
2008 820 2267 874 Tocaiunt
2298 822 2696 889 pervenissent,
2765 837 2949 889 sparsa
3008 823 3193 878 fuitin
3253 829 3449 881 castris

1880 894 2151 965 Erdeliani
2179 912 2342 976 fama,
2370 912 2553 966 decem
2594 913 2759 966 millia
2790 912 3137 981 Tatarorum,
3171 933 3198 969 a
3223 918 3445 982 Selime,

1878 1002 2199 1056 defendendi
2239 1004 2561 1072 cjuscausa,
2592 1020 2713 1058 cum
2749 1004 2942 1058 Turcis
2970 1016 3023 1059 et
3078 1006 3327 1062 Valacbis
3364 1026 3447 1062 re-

1877 1093 2151 1155 lictorum,
2191 1111 2284 1163 per
2311 1095 2639 1153 seditionem
2676 1106 2844 1150 totum
2872 1098 3117 1165 pepulari
3143 1098 3445 1165 Erdelium,

1874 1203 1937 1240 ac
1974 1188 2213 1241 inaudita
2253 1189 2581 1242 crudelitate
2614 1191 2814 1256 passim
2840 1190 2892 1243 in
2941 1190 3194 1245 fortunas
3227 1202 3278 1246 et
3318 1210 3443 1247 cor-

1872 1295 2006 1346 pora
2039 1280 2384 1340 miscrorum,
2419 1280 2661 1346 cujusvis
2683 1281 2857 1335 mtatis
2888 1290 2943 1339 et
2970 1296 3136 1335 sexus
3172 1287 3440 1349 grassari.

1870 1375 2208 1440 Quapropter
2260 1373 2602 1426 obsidionem
2656 1373 2864 1427 solvere
2912 1384 3139 1427 coactus
3203 1376 3321 1439 fuit,
3379 1392 3443 1429 no

1869 1462 1995 1512 dum
2026 1459 2149 1513 istic
2172 1460 2286 1528 ipse
2316 1462 2649 1529 pertinacius
2678 1464 2929 1525 lmrerct,
2953 1480 3081 1518 suos
3116 1464 3178 1517 ad
3209 1466 3444 1520 interne-

1866 1554 2076 1609 cionem
2118 1554 2284 1608 deleri
2316 1554 2535 1610 sineret.
2604 1556 2858 1611 Liberato
2917 1560 2984 1611 ab
3032 1559 3213 1614 hostili
3270 1570 3440 1630 Oppu-

1865 1650 2118 1716 gnatione
2142 1648 2359 1714 Tocaio,
2415 1648 2777 1720 Rumingerus
2798 1654 2848 1705 in
2879 1655 3231 1710 abscedentes
3254 1674 3441 1710 crum-

1867 1758 2021 1809 pens,
2044 1742 2289 1810 pluribus
2317 1743 2493 1800 caesis.
2531 1744 2770 1812 reliquos
2820 1746 3063 1815 palantes
3092 1756 3143 1799 et
3199 1749 3438 1816 trepidos

190 1801 427 1894 quorum
460 1841 605 1897 terga
640 1829 812 1899 plebis
846 1830 1053 1884 infinita
1103 1831 1396 1885 multitudo
1453 1832 1758 1887 claudebat.
1794 1801 1835 1855 Β
1866 1831 2090 1898 fugavit.
2124 1832 2232 1888 Nec
2264 1849 2452 1901 parum
2476 1833 2764 1887 Erdeliano
2798 1801 2920 1889 c'um
2960 1838 3112 1892 hisce
3145 1838 3434 1905 Tataricis,

187 1918 513 1989 Exemptam
543 1938 573 1976 e
612 1938 773 1977 curru
799 1924 1133 1992 sandapilam
1170 1925 1250 1977 vel
1310 1940 1490 1979 arcam
1527 1925 1758 1992 ligneam

188 2012 448 2081 praecipui
476 2013 593 2083 begi
632 2027 723 2081 per
748 2014 917 2079 vices,
944 2024 1250 2069 erectarum
1280 2016 1331 2068 in
1372 2017 1608 2070 sublime
1640 2031 1759 2068 ma-

187 2119 362 2157 nuum
382 2105 576 2172 palmis
600 2105 931 2169 sustinuere,
982 2107 1173 2175 sicque
1213 2122 1309 2176 per
1334 2107 1523 2161 urbem
1585 2115 1760 2175 gesta—

184 2205 317 2248 rnnt
354 2214 367 2248 :
400 2196 962 2265 ejulantibusinterim
986 2197 1333 2259 Talismanis,
1371 2196 1508 2251 etad
1540 2196 1755 2253 Zunam

182 2303 367 2354 usque
401 2289 601 2340 lessum
644 2288 958 2356 quemdam,
990 2288 1374 2341 Mallumetano
1402 2288 1528 2350 ritu,
1554 2289 1756 2343 lamen-

183 2377 343 2429 tabili
382 2391 506 2429 voce
541 2376 974 2431 concinentibus.
1007 2375 1141 2430 llinc
1173 2377 1475 2443 depositum
1520 2378 1569 2431 in
1605 2378 1753 2432 Zuna

181 2473 443 2535 eadawr,
474 2473 735 2526 instratus
764 2471 1055 2539 sandapila:
1081 2487 1288 2538 pannus
1320 2471 1588 2541 cymatilis
1618 2487 1754 2540 pra?-

176 2564 580 2627 stantissinms,
614 2572 667 2617 et
698 2579 863 2631 supra
886 2564 1031 2617 hunc
1053 2564 1195 2617 alius
1215 2577 1352 2616 auro
1385 2564 1746 2627 intertextus;

1863 1921 2571 1993 Turcicis,Valacbicisquc
2635 1927 2807 1993 copiis
2878 1929 3075 1997 negotii
3137 1931 3254 1995 fuit,
3306 1948 3429 1985 cum

1860 2016 2063 2084 aliquot
2081 2032 2269 2070 eorum
2302 2017 2470 2071 millia
2510 2019 2827 2084 trucidaret,
2867 2036 2931 2075 ac
2960 2019 3219 2077 Varadini
3260 2025 3431 2080 vicis-

1860 2108 1961 2161 sim
1998 2110 2064 2160 ab
2091 2109 2170 2163 eis
2196 2109 2569 2164 obsideretur.
2606 2108 2760 2163 Unde
2792 2113 2915 2180 fuga
2936 2113 3204 2184 dilapsus,
3225 2118 3427 2171 recenti

1858 2212 2042 2255 coacta
2071 2218 2292 2257 suorum
2325 2220 2512 2267 manu,
2557 2220 2749 2259 rursus
2809 2208 2949 2260 haud
2977 2209 3227 2277 exiguam
3289 2211 3431 2277 ipso-

1860 2312 1977 2348 rum
2009 2303 2243 2365 stragem
2267 2296 2439 2351 edidit
2478 2314 2491 2349 :
2547 2313 2652 2367 qua
2693 2299 2911 2353 demum
2946 2301 3145 2368 territi,
3181 2316 3351 2359 semet
3375 2308 3425 2358 in

1856 2383 2132 2438 Podoliam
2164 2396 2218 2440 et
2269 2382 2514 2441 Rossiam
2584 2386 2914 2450 elTuderunt,
2968 2388 3058 2442 ubi
3122 2391 3424 2444 crudelium

1857 2477 2153 2531 belluarum
2175 2478 2442 2534 immanes
2464 2479 2704 2545 reliquiae
2736 2477 2951 2533 fortiter
2973 2496 3002 2534 a
3020 2480 3263 2537 Palatino
3293 2482 3428 2537 llus—

1857 2582 1917 2620 so
1940 2583 2039 2620 ‘tun
2072 2567 2373 2634 debellata,
2413 2570 2716 2636 perierunt.

1926 2659 2048 2711 Post
2088 2660 2387 2713 discessum
2424 2660 2832 2714 barbaricarum
2870 2672 2922 2718 et
2950 2661 3215 2717 Erdeliaui
3239 2667 3423 2734 copia-

1855 2766 1995 2813 rum,
2027 2750 2302 2804 Sucndins
2332 2752 2446 2805 suis
2467 2753 2642 2805 media
2669 2754 2860 2807 bruma
2893 2755 3197 2820 productis,
3226 2760 3289 2809 ad
3330 2761 3424 2813 ob-

1851 2842 2134 2896 sidendum
2167 2842 2462 2896 Zatuarum
2497 2844 2774 2912 profectus
2846 2858 2952 2907 est,
3005 2862 3242 2902 castrum
3310 2869 3425 2902 mo-

175 2656 250 2708 ad
293 2656 438 2709 latus
464 2655 661 2709 acina:
695 2655 925 2724 positus,
955 2654 1120 2710 index
1148 2656 1386 2724 profusa:
1420 2655 1562 2709 bello
1589 2655 1712 2708 vitae
1737 2673 1751 2721 ;

172 2755 246 2803 ad
291 2759 456 2818 caput
506 2752 826 2805 collocatum
856 2767 885 2805 e
911 2753 1020 2806 lino
1048 2752 1427 2815 subtilissime,
1462 2750 1625 2820 spiris
1661 2766 1754 2819 ap-

171 2858 355 2899 tatum
390 2845 793 2899 candidissimis
830 2844 1176 2911 tulipantum,
1203 2861 1308 2909 quo
1334 2845 1486 2897 vivus
1514 2847 1585 2897 uti
1624 2860 1753 2897 con-

168 2946 391 2997 suerat.
435 2951 555 2989 cum
596 2936 765 3003 nigris
796 2935 1083 2988 ardearum
1121 2937 1312 3003 pennis
1348 2936 1747 2999 Selectissimis;
1852 2936 2013 2987 menti
2036 2951 2139 2987 non
2168 2935 2319 2998 levis,
2341 2936 2394 2988 in
2420 2936 2613 2989 Erdelii
2640 2939 2839 2991 tinilms
2881 2940 3068 3004 situm,
3096 2942 3237 3004 quod
3264 2944 3430 2993 Geor.

167 3046 324 3098 pone
357 3040 540 3099 caput,
574 3029 626 3082 in
671 3029 985 3096 pavimento
1018 3029 1176 3095 positi
1231 3043 1354 3080 cum
1404 3028 1749 3082 eamlelabris
1851 3026 1918 3094 gii
1947 3025 2136 3080 Bcbcci
2166 3026 2389 3080 ditionis
2415 3036 2550 3091 erat,
2589 3029 2827 3083 hominis
2884 3030 3105 3097 nefarii,
3172 3036 3263 3099 qui
3312 3037 3426 3100 pri-

164 3125 455 3190 ingentes.
491 3120 811 3190 pyramidali
854 3119 1048 3184 forma,
1110 3120 1329 3173 rotundi
1385 3120 1744 3173 nihilominus
1778 3144 1819 3198 ε
1854 3131 1973 3168 mus
2010 3124 2201 3169 auctor
2244 3116 2403 3184 hujus
2452 3117 2589 3170 inter
2618 3117 2886 3171 Caesarem
2952 3119 3416 3191 Erdeliauumque

160 3214 351 3276 «τη-εἰ,
370 3213 461 3280 qui
488 3222 665 3264 tamen
700 3226 978 3279 nunquam
998 3210 1218 3263 accendi
1244 3210 1439 3264 solent.
1470 3210 1584 3263 Mox
1604 3212 1752 3264 adbi-
1861 3207 1978 3260 belli
2004 3208 2304 3261 exstiterat.
2340 3207 2583 3262 Bebecus
2609 3208 2722 3276 jam
2762 3219 2887 3263 ante
2914 3222 3195 3279 perspecta
3216 3212 3424 3266 vicu'ici

156 3305 271 3357 luti
303 3302 598 3357 Talismani
625 3311 677 3358 et
700 3300 917 3371 Hoggite
940 3305 1301 3373 (sacerdotum
1330 3305 1441 3356 lnec
1464 3301 1756 3355 Musnlzna-
1859 3299 2012 3352 toties
2042 3300 2240 3352 virtute
2266 3299 2595 3367 fortunaque
2631 3300 2883 3361 Suendii,
2911 3304 3054 3370 quod
3098 3319 3423 3373 magnopere

153 3396 259 3449 nis
300 3395 694 3463 suntnomina)
727 3395 818 3460 qui
853 3408 1002 3446 more
1033 3394 1217 3463 gentis
1257 3393 1403 3446 humi
1445 3394 1753 3447 divaricat's
1857 3399 2138 3451 nntuprrt,
2174 3405 2237 3442 ne
2270 3400 2452 3443 castro
2481 3401 2815 3458 expugnato,
2844 3392 2895 3444 in
2920 3392 3273 3446 Maximiliani
3314 3412 3426 3447 ma-

149 3487 436 3539 sedentes
480 3486 753 3547 cruribus,
804 3495 1066 3551 perpetuo
1119 3500 1309 3553 preces
1357 3485 1619 3553 quasdam
1693 3486 1744 3537 in
1856 3498 1975 3542 nus,
2013 3498 2131 3532 rum
2180 3483 2576 3549 ριιριέεθιιῑίνὶιςε
2629 3483 2892 3551 periculo,
2948 3486 3205 3539 veniret:
3257 3502 3425 3540 uxore

141 3578 291 3647 ejus
324 3575 473 3628 Zona
508 3578 893 3630 murmurando
925 3576 1338 3629 deblaterarent.
1385 3576 1507 3629 lla-sc
1542 3576 1747 3641 omnia,
1857 3570 2166 3638 lat-liliaque
2198 3571 2415 3623 Zatuari
2440 3586 2563 3622 cum
2604 3572 2858 3639 presidio
2899 3574 3118 3635 relicta,
3157 3574 3294 3642 fuga:
3329 3576 3419 3627 be-

141 3686 302 3723 cum
341 3668 523 3721 multis
561 3678 682 3737 post
735 3670 892 3723 annis
927 3669 1397 3737 Constantinopoli
1473 3684 1742 3728 essemus,
1854 3664 2045 3716 urlicio
2084 3664 2248 3717 saluti
2301 3680 2413 3717 sum
2465 3674 2674 3716 malum
2729 3664 3030 3719 οοιιδυιιιὶι.
3088 3667 3419 3734 Λὶὶιμιθιὶιιίυ

140 3775 366 3813 coram
393 3761 749 3828 inspeximus.
787 3759 1006 3814 Circum
1063 3760 1396 3827 satulapilarn
1465 3758 1658 3825 ipsius,
1695 3768 1747 3809 rt
1850 3756 2201 3825 perstiterunt
2252 3757 2304 3808 in
2392 3756 2673 3810 obsidione
2741 3758 3019 3810 toleranda
3077 3758 3419 3826 pra'sidiarii,

134 3855 293 3904 alia:
330 3861 456 3905 sunt
488 3851 806 3920 sandapila,
847 3860 953 3904 tam
987 3851 1214 3903 sullatue
1245 3850 1331 3917 (de
1354 3867 1458 3919 qua.
1483 3851 1744 3917 diximus)
1848 3848 1992 3919 quod
2023 3849 2284 3902 machina:
2312 3848 2516 3901 bellica:
2542 3849 2677 3901 nihil
2733 3866 2831 3901 nec
2883 3850 3041 3918 ipsis,
3093 3867 3193 3904 nec
3236 3865 3419 3905 castro

133 3946 390 4004 Russze,
437 3959 598 4011 quam
670 3943 962 3996 liberorum
1013 3945 1359 3997 Soleimanis.
1408 3944 1737 3996 Acciderunt
1847 3942 2028 3996 dsmni
2055 3942 2183 3994 dare
2211 3951 2455 4009 possent.
2492 3940 2591 3993 Cui
2629 3940 2774 3993 Sucn
2800 3942 2909 3995 lius
2956 3944 3300 3996 incommodo
3330 3961 3415 3996 re-

126 4042 289 4092 lucc
330 4052 471 4089 anno
494 4034 873 4090 Mallumetano
902 4037 1005 4090 975
1048 4036 1196 4106 (Chr.
1238 4036 1415 4101 156(5).
1850 4033 2081 4085 medium
2109 4035 2461 4101 quaesiturus,
2494 4035 2622 4085 dum
2662 4033 2896 4101 ipsemet
2960 4034 3143 4085 omnia
3200 4034 3415 4093 circum

228 4131 459 4183 Interea
492 4130 741 4195 Sclimcs,
776 4131 844 4184 ob
876 4131 1072 4184 hiemis
1100 4131 1429 4185 imminentis
1475 4130 1742 4197 asperita-
1845 4140 2023 4177 arcem
2056 4126 2172 4177 loca
2206 4126 2498 4192 perlustrat
2521 4133 2575 4178 et
2599 4125 2869 4193 explorat,
2897 4127 3112 4194 agnitus
3139 4125 3207 4177 ab
3243 4126 3419 4180 hosti.

117 4238 303 4285 tvm.
338 4220 625 4286 ngariaut
659 4222 877 4289 reliquit
912 4238 924 4273 :
961 4234 1008 4273 et
1042 4222 1325 4274 Pcrtavtlttt
1366 4221 1608 4282 bassam,
1654 4238 1739 4275 sa-
1847 4218 1944 4270 bus
1977 4235 2041 4271 ex
2067 4218 2259 4288 insigni
2282 4221 2600 4285 proceritate
2631 4220 2894 4287 corporis,
2920 4235 3025 4287 qua
3055 4220 3214 4288 longe
3248 4235 3413 4289 supra

116 4318 211 4366 lis
295 4312 512 4373 magnis
585 4328 704 4363 cum
762 4311 1083 4374 Tttrcoruut,
1148 4312 1308 4381 360
1358 4311 1736 4373 Valet-horum,
1844 4318 2067 4365 caeteros
2099 4311 2391 4369 eniiucbat,
2415 4312 2589 4379 deque
2618 4312 2913 4364 comitatus
2943 4311 3279 4379 frequentia,
3315 4329 3415 4381 pa-

110 4410 612 4471 ‘l‘atarornmqne
638 4403 831 4470 copiis,
870 4404 1157 4456 lirdeliano
1206 4404 1356 4469 bogo,
1386 4404 1477 4469 qui
1542 4403 1736 4454 bellum
1769 4469 1805 4471 ῃ
1845 4417 1963 4453 rum
1999 4403 2222 4455 omnino
2263 4400 2455 4465 abfuit,
2508 4402 2635 4469 quin
2690 4403 2985 4455 discrimen
3032 4403 3155 4455 vite
3213 4404 3411 4456 adiret.

104 4507 365 4547 vosatra
409 4469 831 4547 Maximilianum
891 4495 1341 4563 prosequebatur,
1408 4469 2215 4559 adt-ssejus-Dl‘etitusenitn
2269 4494 2444 4561 globis
2504 4492 2714 4560 aliquot
2772 4494 3143 4546 tortncntariis
3195 4494 3317 4556 fuit,
3388 4512 3417 4549 e

96 4598 227 4645 sit.
285 4587 526 4640 Dolebat
560 4586 872 4651 Erdeliano,
906 4586 1205 4639 Suendinm
1262 4600 1406 4638 alllIO
1457 4586 1740 4653 superiore
1846 4585 2110 4639 machinis
2151 4598 2257 4637 non
2295 4584 2548 4649 modicis,
2579 4600 2812 4652 quorum
2847 4585 3300 4638 unuslmmerum
3336 4585 3410 4638 ita

93 4681 689 4753 «'opisse'fnraium,
724 4680 905 4747 inquo
935 4679 1151 4746 triginta
1190 4680 1396 4744 majora
1420 4679 1741 4745 uulneraque
1844 4676 2080 4736 Strinxit,
2116 4685 2173 4728 ut
2212 4678 2374 4729 etiam
2403 4676 2564 4728 vestis
2599 4675 2719 4742 ejus
2767 4674 2890 4741 igne
2950 4684 3236 4741 concepto,
3270 4678 3411 4739 qttol

92 4779 451 4830 tonncnta
484 4770 695 4834 .-dica,
731 4780 923 4839 praeter
952 4770 1224 4839 ingentem
1251 4785 1427 4821 rerum
1479 4767 1621 4821 bello
1656 4785 1744 4819 ue-
1843 4780 1985 4827 esset

1493 4767 1621 4821 tiello
1656 4785 1744 4819 ue-
1843 4780 1985 4827 esset
2014 4772 2077 4825 ad
2110 4772 2411 4841 pellendum
2452 4771 2624 4840 frigus
2654 4771 2945 4824 hibernum
2976 4770 3195 4824 suffulta
3262 4769 3415 4838 pelli-

87 4878 313 4921 ccssa
330 4862 561 4922 riarnm,
598 4876 936 4928 annonzrque
973 4860 1185 4928 copiam
1218 4860 1531 4925 reperisset.
1595 4859 1737 4923 Qua-
1843 4862 1962 4925 bus,
1999 4861 2233 4914 arderet.
2268 4858 2638 4913 Nihilominus
2668 4859 3169 4919 commodiorepm
3196 4859 3408 4911 machi-

87 4968 397 5031 [ποριεῖ
432 4968 552 5005 eam
577 4969 755 5006 arcem
784 4968 1111 5020 recuperare
1141 4954 1356 5015 statuit,
1378 4953 1556 5023 ntagni
1590 4953 1740 5005 scili-
1844 4954 1926 5007 nis
1960 4962 2175 5020 reperto
2201 4952 2341 5015 loco,
2368 4960 2421 5003 et
2454 4952 2521 5005 iis
2553 4967 2678 5003 mox
2707 4952 2759 5003 in
2795 4950 2970 5010 illum,
3033 4967 3227 5017 magno
3284 4967 3407 5002 rum

79 5062 198 5106 ret
254 5044 499 5101 suasad
525 5059 611 5097 res
643 5047 917 5108 tutandas,
952 5045 1031 5098 vel
1052 5045 1400 5113 prolatandas
1440 5046 1738 5101 momenti:
1843 5046 2077 5099 militum
2113 5044 2316 5108 labore,
2344 5058 2480 5111 quos
2515 5043 2566 5095 in
2600 5042 2797 5106 officio,
2833 5044 2877 5095 si
2918 5044 3210 5111 quisquam
3244 5044 3407 5105 alios,

74 5142 283 5217 φινιά
335 5136 569 5189 essetin
609 5135 855 5204 Ungaria:
882 5136 985 5189 sita
1043 5136 1331 5198 limitibus,
1382 5147 1435 5190 et
1489 5136 1690 5190 Eidelii
1721 5155 1736 5202 ;
1844 5138 1931 5192 hic
1950 5152 2082 5191 sane
2108 5137 2214 5189 dus
2250 5137 2531 5189 continere
2564 5136 2755 5204 potuit,
2784 5136 3101 5197 translatis;
3138 5136 3201 5187 ad
3230 5146 3412 5188 extre-

73 5225 663 5291 duobusanmibus
710 5225 1067 5290 circumdata,
1123 5227 1341 5280 Tibisco
1374 5238 1426 5281 et
1466 5226 1735 5298 Bodrogo.
1846 5242 1985 5280 mam
2054 5226 2255 5278 redacti
2300 5226 2736 5295 desperationem
2788 5226 3137 5293 praesidiarii,
3187 5224 3408 5293 conjugi

70 5330 395 5387 Malitcm
430 5332 581 5383 ergo,
603 5334 724 5370 cum
758 5319 1057 5386 majoribus
1076 5320 1261 5372 decem
1287 5320 1552 5373 machinis
1577 5322 1738 5374 adhi-
1845 5316 2133 5385 perduellis
2166 5331 2225 5367 ac
2261 5314 2475 5367 familia:
2515 5315 2729 5383 sibique
2757 5315 2988 5367 salutem
3017 5323 3069 5366 et
3122 5314 3413 5366 incolumi-

70 5426 227 5480 ινυι,
284 5408 580 5475 ouiuiquc
616 5407 663 5458 vi
691 5417 741 5460 ct
766 5408 963 5476 impetu
1007 5423 1321 5476 oppugnare
1380 5409 1738 5462 munitionem
1845 5416 2007 5460 tatem
2044 5407 2383 5474 pepigerunt,
2422 5416 2583 5474 atque
2616 5404 2689 5457 ita
2730 5416 2971 5458 castrum
2996 5404 3409 5457 Suendiodedi-

72 5505 385 5576 ληςίνὶι.
418 5498 490 5551 Es
526 5498 691 5550 altera
724 5508 876 5566 parte
909 5499 1181 5552 Suendlns
1220 5515 1336 5552 eam
1393 5500 1617 5553 minime
1648 5500 1741 5554 de-
1843 5498 2059 5551 derunt.
2087 5496 2134 5550 ls
2167 5515 2290 5549 vero
2324 5512 2423 5548 non
2453 5505 2657 5549 tantum
2679 5508 2826 5565 pacta
2854 5506 3119 5549 eonventa
3150 5496 3412 5549 dedititiis

63 5597 459 5661 gerundum
494 5598 660 5644 ratus.
698 5604 820 5642 cum
848 5590 949 5643 alia
988 5589 1288 5641 defensioni
1335 5600 1489 5657 parat
1522 5592 1737 5653 idonea,
1847 5590 1983 5642 bona
2016 5588 2115 5641 fide
2152 5589 2520 5649 scrvavit,scd
2557 5588 2717 5639 etiam
2750 5587 2938 5639 lic'occi
2962 5588 3245 5655 coujugem
3284 5601 3408 5639 cum

58 5697 349 5772 quibus
382 5680 595 5736 Jacobi,
637 5682 979 5752 namingcm,
1008 5682 1164 5751 cujus
1193 5684 1304 5750 ipse
1337 5684 1455 5735 ﬁdei
1478 5682 1737 5738 Tocuium
1846 5682 2044 5731 mundo
2074 5695 2171 5731 suo
2194 5678 2440 5731 tuulicbri
2461 5689 2510 5731 et
2533 5678 2652 5731 auis
2680 5678 2839 5732 rebus
2875 5695 3007 5746 quas
3028 5680 3222 5732 cbaras
3244 5681 3407 5733 babe-

56 5770 547 5850 c—ommiserat,
593 5772 644 5826 in
672 5784 913 5842 tempore
946 5784 1290 5828 succurreret
1322 5792 1330 5823 :
1400 5783 1509 5825 tum
1546 5775 1611 5825 ab
1642 5776 1739 5825 im-
1848 5774 1932 5824 l-at
1970 5772 2115 5824 abire
2147 5772 2293 5826 ontui
2319 5772 2520 5843 absque
2561 5770 2757 5841 injuria
2819 5788 3009 5840 passus
3030 5782 3128 5829 cst.
3188 5773 3401 5825 l‘otitus
