  <div class='ocr_page' id='page_1' title='image "/cluster/home/n/w/nwhite01/storage/ocr_20150623/159/nnc1.0046980628/343.png"; bbox 0 0 4866 6594; ppageno 0'>
   <div class='ocr_carea' id='block_1_1' title="bbox 1387 498 1489 560">
    <p class='ocr_par' dir='ltr' id='par_1_1' title="bbox 1387 498 1489 560">
     <span class='ocr_line' id='line_1_1' title="bbox 1387 498 1489 560; baseline 0.01 -1"><span class='ocrx_word' id='word_1_1' title='bbox 1387 498 1489 560; x_wconf 71' lang='grc'><strong>667</strong></span> 
     </span>
    </p>
   </div>
   <div class='ocr_carea' id='block_1_2' title="bbox 2578 496 3391 558">
    <p class='ocr_par' dir='ltr' id='par_1_2' title="bbox 2578 496 3391 558">
     <span class='ocr_line' id='line_1_2' title="bbox 2578 496 3391 558; baseline -0.001 -2"><span class='ocrx_word' id='word_1_2' title='bbox 2578 496 2903 556; x_wconf 68' lang='grc' dir='ltr'><strong>,ΙΟΑΝΝΙΞ</strong></span> <span class='ocrx_word' id='word_1_3' title='bbox 2937 498 3391 558; x_wconf 72' lang='lat' dir='ltr'><strong>LEUNCLAVII</strong></span> 
     </span>
    </p>
   </div>
   <div class='ocr_carea' id='block_1_3' title="bbox 4521 482 4618 543">
    <p class='ocr_par' dir='ltr' id='par_1_3' title="bbox 4521 482 4618 543">
     <span class='ocr_line' id='line_1_3' title="bbox 4521 482 4618 543; baseline 0 0"><span class='ocrx_word' id='word_1_4' title='bbox 4521 482 4618 543; x_wconf 81' lang='lat'><strong>668</strong></span> 
     </span>
    </p>
   </div>
   <div class='ocr_carea' id='block_1_4' title="bbox 1387 597 3309 672">
    <p class='ocr_par' dir='ltr' id='par_1_4' title="bbox 1387 601 3309 670">
     <span class='ocr_line' id='line_1_4' title="bbox 1387 601 3309 670; baseline -0.002 -15"><span class='ocrx_word' id='word_1_5' title='bbox 1387 602 1486 660; x_wconf 67' lang='lat' dir='ltr'><strong>fuit</strong></span> <span class='ocrx_word' id='word_1_6' title='bbox 1526 605 1758 658; x_wconf 82' lang='lat' dir='ltr'><strong>Zatuaro</strong></span> <span class='ocrx_word' id='word_1_7' title='bbox 1786 603 2056 659; x_wconf 88' lang='lat' dir='ltr'><strong>Suendius</strong></span> <span class='ocrx_word' id='word_1_8' title='bbox 2093 604 2194 656; x_wconf 60' lang='lat' dir='ltr'><strong>sub</strong></span> <span class='ocrx_word' id='word_1_9' title='bbox 2223 601 2460 656; x_wconf 85' lang='lat' dir='ltr'><strong>medium</strong></span> <span class='ocrx_word' id='word_1_10' title='bbox 2489 617 2728 658; x_wconf 88' lang='lat' dir='ltr'><strong>mensem</strong></span> <span class='ocrx_word' id='word_1_11' title='bbox 2759 601 2956 657; x_wconf 82' lang='lat' dir='ltr'><strong>Janua-</strong></span> <span class='ocrx_word' id='word_1_12' title='bbox 2984 604 3030 662; x_wconf 81' lang='grc' dir='ltr'>Α</span> <span class='ocrx_word' id='word_1_13' title='bbox 3059 620 3160 670; x_wconf 86' lang='lat' dir='ltr'><strong>qua</strong></span> <span class='ocrx_word' id='word_1_14' title='bbox 3194 607 3309 660; x_wconf 66' lang='lat' dir='ltr'><strong>Ertlt</strong></span> 
     </span>
    </p>
   </div>
   <div class='ocr_carea' id='block_1_5' title="bbox 2694 597 4616 672">
    <p class='ocr_par' dir='ltr' id='par_1_5' title="bbox 2695 597 4616 672">
     <span class='ocr_line' id='line_1_5' title="bbox 2695 597 4616 672; baseline -0.009 -8"><span class='ocrx_word' id='word_1_15' title='bbox 2695 619 2728 656; x_wconf 83' lang='grc' dir='ltr'><strong>ιι</strong></span> <span class='ocrx_word' id='word_1_16' title='bbox 2759 601 2956 657; x_wconf 72' lang='lat' dir='ltr'><strong>Jaltua-</strong></span> <span class='ocrx_word' id='word_1_17' title='bbox 2984 604 3030 662; x_wconf 82' lang='grc' dir='ltr'><strong>Δ</strong></span> <span class='ocrx_word' id='word_1_18' title='bbox 3059 620 3160 670; x_wconf 85' lang='lat' dir='ltr'><strong>qua</strong></span> <span class='ocrx_word' id='word_1_19' title='bbox 3194 607 3513 661; x_wconf 73' lang='lat' dir='ltr'><strong>Ertlelianus</strong></span> <span class='ocrx_word' id='word_1_20' title='bbox 3541 605 3703 660; x_wconf 86' lang='lat' dir='ltr'><strong>etiam</strong></span> <span class='ocrx_word' id='word_1_21' title='bbox 3731 600 4308 672; x_wconf 86' lang='lat' dir='ltr'><strong>comprehendebatur.</strong></span> <span class='ocrx_word' id='word_1_22' title='bbox 4347 597 4472 665; x_wconf 83' lang='lat' dir='ltr'><strong>Ejus</strong></span> <span class='ocrx_word' id='word_1_23' title='bbox 4499 611 4616 649; x_wconf 88' lang='lat' dir='ltr'><strong>cum</strong></span> 
     </span>
    </p>
   </div>
   <div class='ocr_carea' id='block_1_6' title="bbox 1386 694 2646 764">
    <p class='ocr_par' dir='ltr' id='par_1_6' title="bbox 1386 694 2646 764">
     <span class='ocr_line' id='line_1_6' title="bbox 1386 694 2646 764; baseline -0.001 -13"><span class='ocrx_word' id='word_1_24' title='bbox 1386 700 1528 751; x_wconf 87' lang='lat' dir='ltr'><strong>rium</strong></span> <span class='ocrx_word' id='word_1_25' title='bbox 1561 713 1706 752; x_wconf 77' lang='lat' dir='ltr'><strong>anno</strong></span> <span class='ocrx_word' id='word_1_26' title='bbox 1739 695 2120 750; x_wconf 79' lang='lat' dir='ltr'><strong>Mahuntetano</strong></span> <span class='ocrx_word' id='word_1_27' title='bbox 2150 694 2254 748; x_wconf 66' lang='lat'><strong>974</strong></span> <span class='ocrx_word' id='word_1_28' title='bbox 2286 695 2436 764; x_wconf 90' lang='lat' dir='ltr'><strong>(Chr.</strong></span> <span class='ocrx_word' id='word_1_29' title='bbox 2463 695 2646 763; x_wconf 72' lang='lat'><strong>1567).</strong></span> 
     </span>
    </p>
   </div>
   <div class='ocr_carea' id='block_1_7' title="bbox 1459 785 2958 856">
    <p class='ocr_par' dir='ltr' id='par_1_7' title="bbox 1459 785 2958 856">
     <span class='ocr_line' id='line_1_7' title="bbox 1459 785 2958 856; baseline -0.004 -14"><span class='ocrx_word' id='word_1_30' title='bbox 1459 787 1578 842; x_wconf 72' lang='lat' dir='ltr'><strong>Non</strong></span> <span class='ocrx_word' id='word_1_31' title='bbox 1604 802 1796 856; x_wconf 77' lang='lat' dir='ltr'><strong>magno</strong></span> <span class='ocrx_word' id='word_1_32' title='bbox 1812 795 1932 855; x_wconf 90' lang='lat' dir='ltr'><strong>post</strong></span> <span class='ocrx_word' id='word_1_33' title='bbox 1959 797 2172 854; x_wconf 91' lang='lat' dir='ltr'><strong>captum</strong></span> <span class='ocrx_word' id='word_1_34' title='bbox 2194 787 2483 840; x_wconf 85' lang='lat' dir='ltr'><strong>Zatuarum</strong></span> <span class='ocrx_word' id='word_1_35' title='bbox 2511 785 2771 855; x_wconf 89' lang='lat' dir='ltr'><strong>temporis</strong></span> <span class='ocrx_word' id='word_1_36' title='bbox 2792 786 2958 838; x_wconf 86' lang='lat' dir='ltr'><strong>inter-</strong></span> 
     </span>
    </p>
   </div>
   <div class='ocr_carea' id='block_1_8' title="bbox 1388 876 2959 951">
    <p class='ocr_par' dir='ltr' id='par_1_8' title="bbox 1388 876 2959 951">
     <span class='ocr_line' id='line_1_8' title="bbox 1388 876 2959 951; baseline -0.007 -15"><span class='ocrx_word' id='word_1_37' title='bbox 1388 884 1536 951; x_wconf 75' lang='lat' dir='ltr'><strong>jrcto</strong></span> <span class='ocrx_word' id='word_1_38' title='bbox 1556 883 1733 950; x_wconf 82' lang='lat' dir='ltr'><strong>spatio</strong></span> <span class='ocrx_word' id='word_1_39' title='bbox 1775 878 2050 935; x_wconf 87' lang='lat' dir='ltr'><strong>Sueudins</strong></span> <span class='ocrx_word' id='word_1_40' title='bbox 2083 880 2174 947; x_wconf 90' lang='lat' dir='ltr'><strong>qui</strong></span> <span class='ocrx_word' id='word_1_41' title='bbox 2230 880 2426 933; x_wconf 89' lang='lat' dir='ltr'><strong>bellum</strong></span> <span class='ocrx_word' id='word_1_42' title='bbox 2472 879 2524 930; x_wconf 92' lang='lat' dir='ltr'><strong>iu</strong></span> <span class='ocrx_word' id='word_1_43' title='bbox 2606 877 2802 932; x_wconf 71' lang='lat' dir='ltr'><strong>Erde3ii</strong></span> <span class='ocrx_word' id='word_1_44' title='bbox 2838 876 2959 929; x_wconf 87' lang='lat' dir='ltr'><strong>titti-</strong></span> 
     </span>
    </p>
   </div>
   <div class='ocr_carea' id='block_1_9' title="bbox 1393 955 2958 1041">
    <p class='ocr_par' dir='ltr' id='par_1_9' title="bbox 1393 955 2958 1041">
     <span class='ocr_line' id='line_1_9' title="bbox 1393 955 2958 1041; baseline -0.007 -14"><span class='ocrx_word' id='word_1_45' title='bbox 1393 975 1497 1028; x_wconf 87' lang='lat' dir='ltr'><strong>btts</strong></span> <span class='ocrx_word' id='word_1_46' title='bbox 1525 989 1712 1041; x_wconf 78' lang='lat' dir='ltr'><strong>gerere</strong></span> <span class='ocrx_word' id='word_1_47' title='bbox 1742 989 1849 1027; x_wconf 91' lang='lat' dir='ltr'><strong>non</strong></span> <span class='ocrx_word' id='word_1_48' title='bbox 1880 973 2183 1034; x_wconf 89' lang='lat' dir='ltr'><strong>desinebat,</strong></span> <span class='ocrx_word' id='word_1_49' title='bbox 2209 972 2352 1025; x_wconf 85' lang='lat' dir='ltr'><strong>nulla</strong></span> <span class='ocrx_word' id='word_1_50' title='bbox 2378 969 2596 1040; x_wconf 73' lang='lat' dir='ltr'><strong>frigoris</strong></span> <span class='ocrx_word' id='word_1_51' title='bbox 2634 955 2846 1023; x_wconf 76' lang='lat' dir='ltr'><strong>hiberni</strong></span> <span class='ocrx_word' id='word_1_52' title='bbox 2871 985 2958 1024; x_wconf 75' lang='lat' dir='ltr'><strong>ra-</strong></span> 
     </span>
    </p>
   </div>
   <div class='ocr_carea' id='block_1_10' title="bbox 1394 1062 2957 1128">
    <p class='ocr_par' dir='ltr' id='par_1_10' title="bbox 1394 1062 2957 1128">
     <span class='ocr_line' id='line_1_10' title="bbox 1394 1062 2957 1128; baseline -0.003 -9"><span class='ocrx_word' id='word_1_53' title='bbox 1394 1067 1540 1120; x_wconf 90' lang='lat' dir='ltr'><strong>tione</strong></span> <span class='ocrx_word' id='word_1_54' title='bbox 1573 1066 1780 1128; x_wconf 85' lang='lat' dir='ltr'><strong>habita,</strong></span> <span class='ocrx_word' id='word_1_55' title='bbox 1813 1065 2151 1119; x_wconf 80' lang='lat' dir='ltr'><strong>Muncazium</strong></span> <span class='ocrx_word' id='word_1_56' title='bbox 2182 1079 2305 1117; x_wconf 92' lang='lat' dir='ltr'><strong>cum</strong></span> <span class='ocrx_word' id='word_1_57' title='bbox 2333 1065 2448 1117; x_wconf 87' lang='lat' dir='ltr'><strong>suis</strong></span> <span class='ocrx_word' id='word_1_58' title='bbox 2483 1063 2721 1126; x_wconf 79' lang='lat' dir='ltr'><strong>obsedit,</strong></span> <span class='ocrx_word' id='word_1_59' title='bbox 2779 1062 2957 1114; x_wconf 87' lang='lat' dir='ltr'><strong>locum</strong></span> 
     </span>
    </p>
   </div>
   <div class='ocr_carea' id='block_1_11' title="bbox 1399 1154 2958 1221">
    <p class='ocr_par' dir='ltr' id='par_1_11' title="bbox 1399 1154 2958 1221">
     <span class='ocr_line' id='line_1_11' title="bbox 1399 1154 2958 1221; baseline -0.001 -13"><span class='ocrx_word' id='word_1_60' title='bbox 1399 1159 1826 1211; x_wconf 80' lang='lat' dir='ltr'><strong>munitissimum</strong></span> <span class='ocrx_word' id='word_1_61' title='bbox 1860 1165 1913 1209; x_wconf 88' lang='lat' dir='ltr'><strong>et</strong></span> <span class='ocrx_word' id='word_1_62' title='bbox 1946 1157 2069 1209; x_wconf 82' lang='lat' dir='ltr'><strong>huic</strong></span> <span class='ocrx_word' id='word_1_63' title='bbox 2094 1155 2233 1208; x_wconf 85' lang='lat' dir='ltr'><strong>bello</strong></span> <span class='ocrx_word' id='word_1_64' title='bbox 2256 1154 2598 1209; x_wconf 83' lang='lat' dir='ltr'><strong>conlieiuudo</strong></span> <span class='ocrx_word' id='word_1_65' title='bbox 2616 1169 2738 1207; x_wconf 91' lang='lat' dir='ltr'><strong>cum</strong></span> <span class='ocrx_word' id='word_1_66' title='bbox 2767 1154 2958 1221; x_wconf 85' lang='lat' dir='ltr'><strong>primis</strong></span> 
     </span>
    </p>
   </div>
   <div class='ocr_carea' id='block_1_12' title="bbox 1399 1245 2960 1315">
    <p class='ocr_par' dir='ltr' id='par_1_12' title="bbox 1399 1245 2960 1315">
     <span class='ocr_line' id='line_1_12' title="bbox 1399 1245 2960 1315; baseline 0 -17"><span class='ocrx_word' id='word_1_67' title='bbox 1399 1249 1690 1300; x_wconf 87' lang='lat' dir='ltr'><strong>idoneum:</strong></span> <span class='ocrx_word' id='word_1_68' title='bbox 1744 1250 1900 1315; x_wconf 82' lang='lat' dir='ltr'><strong>cujus</strong></span> <span class='ocrx_word' id='word_1_69' title='bbox 1955 1247 2273 1315; x_wconf 74' lang='lat' dir='ltr'><strong>praesidiarii</strong></span> <span class='ocrx_word' id='word_1_70' title='bbox 2337 1247 2495 1299; x_wconf 87' lang='lat' dir='ltr'><strong>vitam</strong></span> <span class='ocrx_word' id='word_1_71' title='bbox 2563 1245 2960 1313; x_wconf 71' lang='lat' dir='ltr'><strong>facultatesilue</strong></span> 
     </span>
    </p>
   </div>
   <div class='ocr_carea' id='block_1_13' title="bbox 1398 1335 2958 1409">
    <p class='ocr_par' dir='ltr' id='par_1_13' title="bbox 1398 1335 2958 1409">
     <span class='ocr_line' id='line_1_13' title="bbox 1398 1335 2958 1409; baseline -0.003 -18"><span class='ocrx_word' id='word_1_72' title='bbox 1398 1341 1574 1392; x_wconf 70' lang='lat' dir='ltr'><strong>salvas</strong></span> <span class='ocrx_word' id='word_1_73' title='bbox 1607 1339 1749 1409; x_wconf 79' lang='lat' dir='ltr'><strong>pacti</strong></span> <span class='ocrx_word' id='word_1_74' title='bbox 1782 1339 2110 1392; x_wconf 91' lang='lat' dir='ltr'><strong>deditionem</strong></span> <span class='ocrx_word' id='word_1_75' title='bbox 2167 1337 2433 1393; x_wconf 75' lang='lat' dir='ltr'><strong>fecerunt.</strong></span> <span class='ocrx_word' id='word_1_76' title='bbox 2474 1335 2546 1389; x_wconf 78' lang='lat' dir='ltr'><strong>Ea</strong></span> <span class='ocrx_word' id='word_1_77' title='bbox 2583 1351 2666 1390; x_wconf 87' lang='lat' dir='ltr'><strong>res</strong></span> <span class='ocrx_word' id='word_1_78' title='bbox 2714 1338 2958 1390; x_wconf 87' lang='lat' dir='ltr'><strong>animum</strong></span> 
     </span>
    </p>
   </div>
   <div class='ocr_carea' id='block_1_14' title="bbox 1400 1430 2961 1499">
    <p class='ocr_par' dir='ltr' id='par_1_14' title="bbox 1400 1430 2961 1499">
     <span class='ocr_line' id='line_1_14' title="bbox 1400 1430 2961 1499; baseline 0 -17"><span class='ocrx_word' id='word_1_79' title='bbox 1400 1431 1670 1484; x_wconf 78' lang='lat' dir='ltr'><strong>Erdeliani</strong></span> <span class='ocrx_word' id='word_1_80' title='bbox 1705 1431 1930 1483; x_wconf 89' lang='lat' dir='ltr'><strong>mirilice</strong></span> <span class='ocrx_word' id='word_1_81' title='bbox 1958 1430 2319 1496; x_wconf 83' lang='lat' dir='ltr'><strong>perturbavit,</strong></span> <span class='ocrx_word' id='word_1_82' title='bbox 2353 1445 2450 1499; x_wconf 85' lang='lat' dir='ltr'><strong>nec</strong></span> <span class='ocrx_word' id='word_1_83' title='bbox 2499 1431 2682 1483; x_wconf 89' lang='lat' dir='ltr'><strong>minus</strong></span> <span class='ocrx_word' id='word_1_84' title='bbox 2713 1430 2961 1484; x_wconf 88' lang='lat' dir='ltr'><strong>accendit</strong></span> 
     </span>
    </p>
   </div>
   <div class='ocr_carea' id='block_1_15' title="bbox 1402 1524 2961 1591">
    <p class='ocr_par' dir='ltr' id='par_1_15' title="bbox 1402 1524 2961 1591">
     <span class='ocr_line' id='line_1_15' title="bbox 1402 1524 2961 1591; baseline -0.002 -15"><span class='ocrx_word' id='word_1_85' title='bbox 1402 1537 1459 1577; x_wconf 78' lang='grc' dir='ltr'><strong>ιιι</strong></span> <span class='ocrx_word' id='word_1_86' title='bbox 1487 1526 1615 1579; x_wconf 86' lang='lat' dir='ltr'><strong>totis</strong></span> <span class='ocrx_word' id='word_1_87' title='bbox 1646 1525 1852 1577; x_wconf 78' lang='lat' dir='ltr'><strong>viribus</strong></span> <span class='ocrx_word' id='word_1_88' title='bbox 1906 1525 2164 1578; x_wconf 83' lang='lat' dir='ltr'><strong>amissam</strong></span> <span class='ocrx_word' id='word_1_89' title='bbox 2224 1524 2581 1578; x_wconf 78' lang='lat' dir='ltr'><strong>munitionem</strong></span> <span class='ocrx_word' id='word_1_90' title='bbox 2635 1538 2961 1591; x_wconf 83' lang='lat' dir='ltr'><strong>recuperan-</strong></span> 
     </span>
    </p>
   </div>
   <div class='ocr_carea' id='block_1_16' title="bbox 1399 1614 2960 1685">
    <p class='ocr_par' dir='ltr' id='par_1_16' title="bbox 1399 1614 2960 1685">
     <span class='ocr_line' id='line_1_16' title="bbox 1399 1614 2960 1685; baseline 0 -17"><span class='ocrx_word' id='word_1_91' title='bbox 1399 1619 1521 1669; x_wconf 86' lang='lat' dir='ltr'><strong>dam</strong></span> <span class='ocrx_word' id='word_1_92' title='bbox 1567 1627 1843 1671; x_wconf 78' lang='lat' dir='ltr'><strong>statueret.</strong></span> <span class='ocrx_word' id='word_1_93' title='bbox 1882 1614 1997 1668; x_wconf 82' lang='lat' dir='ltr'><strong>Non</strong></span> <span class='ocrx_word' id='word_1_94' title='bbox 2037 1620 2178 1668; x_wconf 92' lang='lat' dir='ltr'><strong>cnim</strong></span> <span class='ocrx_word' id='word_1_95' title='bbox 2234 1615 2420 1685; x_wconf 74' lang='lat' dir='ltr'><strong>ignora</strong></span> <span class='ocrx_word' id='word_1_96' title='bbox 2463 1615 2572 1678; x_wconf 89' lang='lat' dir='ltr'><strong>bat,</strong></span> <span class='ocrx_word' id='word_1_97' title='bbox 2627 1615 2725 1668; x_wconf 92' lang='lat' dir='ltr'><strong>hac</strong></span> <span class='ocrx_word' id='word_1_98' title='bbox 2777 1624 2960 1684; x_wconf 79' lang='lat' dir='ltr'><strong>patere</strong></span> 
     </span>
    </p>
   </div>
   <div class='ocr_carea' id='block_1_17' title="bbox 1399 1704 2958 1776">
    <p class='ocr_par' dir='ltr' id='par_1_17' title="bbox 1399 1704 2958 1776">
     <span class='ocr_line' id='line_1_17' title="bbox 1399 1704 2958 1776; baseline -0.001 -17"><span class='ocrx_word' id='word_1_99' title='bbox 1399 1707 1686 1760; x_wconf 78' lang='lat' dir='ltr'><strong>transitum</strong></span> <span class='ocrx_word' id='word_1_100' title='bbox 1720 1705 1772 1758; x_wconf 90' lang='lat' dir='ltr'><strong>itt</strong></span> <span class='ocrx_word' id='word_1_101' title='bbox 1797 1705 2074 1760; x_wconf 81' lang='lat' dir='ltr'><strong>Poloniam</strong></span> <span class='ocrx_word' id='word_1_102' title='bbox 2102 1717 2154 1760; x_wconf 89' lang='lat' dir='ltr'><strong>et</strong></span> <span class='ocrx_word' id='word_1_103' title='bbox 2178 1704 2423 1761; x_wconf 74' lang='lat' dir='ltr'><strong>ltossiam</strong></span> <span class='ocrx_word' id='word_1_104' title='bbox 2449 1721 2645 1774; x_wconf 88' lang='lat' dir='ltr'><strong>:seque</strong></span> <span class='ocrx_word' id='word_1_105' title='bbox 2673 1704 2958 1776; x_wconf 68' lang='lat' dir='ltr'><strong>praepediri</strong></span> 
     </span>
    </p>
   </div>
   <div class='ocr_carea' id='block_1_18' title="bbox 1398 1797 2960 1867">
    <p class='ocr_par' dir='ltr' id='par_1_18' title="bbox 1398 1797 2960 1867">
     <span class='ocr_line' id='line_1_18' title="bbox 1398 1797 2960 1867; baseline 0.003 -20"><span class='ocrx_word' id='word_1_106' title='bbox 1398 1809 1666 1864; x_wconf 74' lang='lat' dir='ltr'><strong>occupato</strong></span> <span class='ocrx_word' id='word_1_107' title='bbox 1692 1797 1993 1862; x_wconf 83' lang='lat' dir='ltr'><strong>Muueazio,</strong></span> <span class='ocrx_word' id='word_1_108' title='bbox 2033 1814 2141 1866; x_wconf 90' lang='lat' dir='ltr'><strong>quo</strong></span> <span class='ocrx_word' id='word_1_109' title='bbox 2172 1799 2352 1852; x_wconf 90' lang='lat' dir='ltr'><strong>minus</strong></span> <span class='ocrx_word' id='word_1_110' title='bbox 2381 1799 2432 1851; x_wconf 90' lang='lat' dir='ltr'><strong>in</strong></span> <span class='ocrx_word' id='word_1_111' title='bbox 2468 1807 2743 1867; x_wconf 85' lang='lat' dir='ltr'><strong>posterum</strong></span> <span class='ocrx_word' id='word_1_112' title='bbox 2781 1797 2960 1852; x_wconf 81' lang='lat' dir='ltr'><strong>subsi-</strong></span> 
     </span>
    </p>
   </div>
   <div class='ocr_carea' id='block_1_19' title="bbox 1397 1890 2957 1960">
    <p class='ocr_par' dir='ltr' id='par_1_19' title="bbox 1397 1890 2957 1960">
     <span class='ocr_line' id='line_1_19' title="bbox 1397 1890 2957 1960; baseline 0.001 -15"><span class='ocrx_word' id='word_1_113' title='bbox 1397 1892 1605 1945; x_wconf 83' lang='lat' dir='ltr'><strong>diarias</strong></span> <span class='ocrx_word' id='word_1_114' title='bbox 1635 1907 1665 1944; x_wconf 92' lang='lat' dir='ltr'><strong>e</strong></span> <span class='ocrx_word' id='word_1_115' title='bbox 1697 1905 1866 1959; x_wconf 73' lang='lat' dir='ltr'><strong>regno</strong></span> <span class='ocrx_word' id='word_1_116' title='bbox 1895 1890 2132 1946; x_wconf 70' lang='lat' dir='ltr'><strong>Polonite</strong></span> <span class='ocrx_word' id='word_1_117' title='bbox 2158 1892 2346 1958; x_wconf 83' lang='lat' dir='ltr'><strong>e0pias</strong></span> <span class='ocrx_word' id='word_1_118' title='bbox 2370 1891 2569 1945; x_wconf 86' lang='lat' dir='ltr'><strong>habere</strong></span> <span class='ocrx_word' id='word_1_119' title='bbox 2592 1899 2773 1960; x_wconf 90' lang='lat' dir='ltr'><strong>posset</strong></span> <span class='ocrx_word' id='word_1_120' title='bbox 2804 1909 2819 1947; x_wconf 90' lang='lat'><strong>:</strong></span> <span class='ocrx_word' id='word_1_121' title='bbox 2853 1892 2957 1946; x_wconf 86' lang='lat' dir='ltr'><strong>nisi</strong></span> 
     </span>
    </p>
   </div>
   <div class='ocr_carea' id='block_1_20' title="bbox 1401 1983 2963 2054">
    <p class='ocr_par' dir='ltr' id='par_1_20' title="bbox 1401 1983 2963 2054">
     <span class='ocr_line' id='line_1_20' title="bbox 1401 1983 2963 2054; baseline 0.003 -18"><span class='ocrx_word' id='word_1_122' title='bbox 1401 2000 1496 2037; x_wconf 84' lang='lat' dir='ltr'><strong>cas</strong></span> <span class='ocrx_word' id='word_1_123' title='bbox 1530 1999 1623 2052; x_wconf 87' lang='lat' dir='ltr'><strong>per</strong></span> <span class='ocrx_word' id='word_1_124' title='bbox 1645 1983 1964 2037; x_wconf 79' lang='lat' dir='ltr'><strong>Moltlaviam</strong></span> <span class='ocrx_word' id='word_1_125' title='bbox 1999 1986 2163 2040; x_wconf 87' lang='lat' dir='ltr'><strong>vatiis</strong></span> <span class='ocrx_word' id='word_1_126' title='bbox 2198 1985 2516 2054; x_wconf 74' lang='lat' dir='ltr'><strong>ambagibus</strong></span> <span class='ocrx_word' id='word_1_127' title='bbox 2538 1995 2588 2040; x_wconf 84' lang='lat' dir='ltr'><strong>et</strong></span> <span class='ocrx_word' id='word_1_128' title='bbox 2607 1985 2800 2040; x_wconf 88' lang='lat' dir='ltr'><strong>itinere</strong></span> <span class='ocrx_word' id='word_1_129' title='bbox 2826 1986 2963 2040; x_wconf 81' lang='lat' dir='ltr'><strong>diﬂi-</strong></span> 
     </span>
    </p>
   </div>
   <div class='ocr_carea' id='block_1_21' title="bbox 1400 2078 2965 2146">
    <p class='ocr_par' dir='ltr' id='par_1_21' title="bbox 1400 2078 2965 2146">
     <span class='ocr_line' id='line_1_21' title="bbox 1400 2078 2965 2146; baseline 0.002 -18"><span class='ocrx_word' id='word_1_130' title='bbox 1400 2078 1489 2131; x_wconf 77' lang='grc' dir='ltr'><strong>«ιίΙί</strong></span> <span class='ocrx_word' id='word_1_131' title='bbox 1547 2080 1731 2132; x_wconf 87' lang='lat' dir='ltr'><strong>venire</strong></span> <span class='ocrx_word' id='word_1_132' title='bbox 1759 2079 1934 2131; x_wconf 76' lang='lat' dir='ltr'><strong>vellet.</strong></span> <span class='ocrx_word' id='word_1_133' title='bbox 1996 2083 2060 2130; x_wconf 72' lang='lat' dir='ltr'><strong>At</strong></span> <span class='ocrx_word' id='word_1_134' title='bbox 2114 2094 2218 2132; x_wconf 89' lang='lat' dir='ltr'><strong>non</strong></span> <span class='ocrx_word' id='word_1_135' title='bbox 2261 2086 2553 2133; x_wconf 86' lang='lat' dir='ltr'><strong>contentus</strong></span> <span class='ocrx_word' id='word_1_136' title='bbox 2607 2078 2965 2146; x_wconf 63' lang='lat' dir='ltr'><strong>occupatione</strong></span> 
     </span>
    </p>
   </div>
   <div class='ocr_carea' id='block_1_22' title="bbox 1406 2169 2964 2232">
    <p class='ocr_par' dir='ltr' id='par_1_22' title="bbox 1406 2169 2964 2232">
     <span class='ocr_line' id='line_1_22' title="bbox 1406 2169 2964 2232; baseline 0.001 -10"><span class='ocrx_word' id='word_1_137' title='bbox 1406 2170 1670 2224; x_wconf 78' lang='lat' dir='ltr'><strong>Muncazii</strong></span> <span class='ocrx_word' id='word_1_138' title='bbox 1705 2171 1998 2232; x_wconf 86' lang='lat' dir='ltr'><strong>Stteuditts,</strong></span> <span class='ocrx_word' id='word_1_139' title='bbox 2034 2186 2157 2224; x_wconf 77' lang='lat' dir='ltr'><strong>mox</strong></span> <span class='ocrx_word' id='word_1_140' title='bbox 2185 2170 2343 2224; x_wconf 86' lang='lat' dir='ltr'><strong>etiam</strong></span> <span class='ocrx_word' id='word_1_141' title='bbox 2368 2185 2570 2224; x_wconf 82' lang='lat' dir='ltr'><strong>corona</strong></span> <span class='ocrx_word' id='word_1_142' title='bbox 2599 2169 2820 2223; x_wconf 86' lang='lat' dir='ltr'><strong>militari</strong></span> <span class='ocrx_word' id='word_1_143' title='bbox 2848 2187 2964 2223; x_wconf 88' lang='lat' dir='ltr'><strong>ntu-</strong></span> 
     </span>
    </p>
   </div>
   <div class='ocr_carea' id='block_1_23' title="bbox 1401 2261 2963 2334">
    <p class='ocr_par' dir='ltr' id='par_1_23' title="bbox 1401 2261 2963 2334">
     <span class='ocr_line' id='line_1_23' title="bbox 1401 2261 2963 2334; baseline 0.002 -22"><span class='ocrx_word' id='word_1_144' title='bbox 1401 2261 1661 2313; x_wconf 76' lang='lat' dir='ltr'><strong>nitionrm</strong></span> <span class='ocrx_word' id='word_1_145' title='bbox 1692 2261 2009 2316; x_wconf 87' lang='lat' dir='ltr'><strong>llustianatn</strong></span> <span class='ocrx_word' id='word_1_146' title='bbox 2030 2264 2244 2332; x_wconf 77' lang='lat' dir='ltr'><strong>cingere</strong></span> <span class='ocrx_word' id='word_1_147' title='bbox 2275 2263 2532 2332; x_wconf 75' lang='lat' dir='ltr'><strong>perrexit.</strong></span> <span class='ocrx_word' id='word_1_148' title='bbox 2561 2262 2714 2329; x_wconf 85' lang='lat' dir='ltr'><strong>Quod</strong></span> <span class='ocrx_word' id='word_1_149' title='bbox 2746 2263 2963 2334; x_wconf 84' lang='lat' dir='ltr'><strong>quidem</strong></span> 
     </span>
    </p>
   </div>
   <div class='ocr_carea' id='block_1_24' title="bbox 1403 2350 2961 2424">
    <p class='ocr_par' dir='ltr' id='par_1_24' title="bbox 1403 2350 2961 2424">
     <span class='ocr_line' id='line_1_24' title="bbox 1403 2350 2961 2424; baseline 0.001 -20"><span class='ocrx_word' id='word_1_150' title='bbox 1403 2368 1507 2406; x_wconf 89' lang='lat' dir='ltr'><strong>non</strong></span> <span class='ocrx_word' id='word_1_151' title='bbox 1540 2350 1860 2406; x_wconf 84' lang='lat' dir='ltr'><strong>Erdclianus</strong></span> <span class='ocrx_word' id='word_1_152' title='bbox 1893 2364 2100 2408; x_wconf 88' lang='lat' dir='ltr'><strong>tantum</strong></span> <span class='ocrx_word' id='word_1_153' title='bbox 2153 2355 2388 2424; x_wconf 80' lang='lat' dir='ltr'><strong>graviter</strong></span> <span class='ocrx_word' id='word_1_154' title='bbox 2414 2370 2474 2408; x_wconf 84' lang='lat' dir='ltr'><strong>ac</strong></span> <span class='ocrx_word' id='word_1_155' title='bbox 2530 2356 2753 2411; x_wconf 65' lang='lat' dir='ltr'><strong>moleste</strong></span> <span class='ocrx_word' id='word_1_156' title='bbox 2799 2356 2961 2420; x_wconf 86' lang='lat' dir='ltr'><strong>tulit,</strong></span> 
     </span>
    </p>
   </div>
   <div class='ocr_carea' id='block_1_25' title="bbox 1403 2446 2964 2516">
    <p class='ocr_par' dir='ltr' id='par_1_25' title="bbox 1403 2446 2964 2516">
     <span class='ocr_line' id='line_1_25' title="bbox 1403 2446 2964 2516; baseline 0.003 -19"><span class='ocrx_word' id='word_1_157' title='bbox 1403 2463 1592 2500; x_wconf 80' lang='lat' dir='ltr'><strong>verum</strong></span> <span class='ocrx_word' id='word_1_158' title='bbox 1626 2448 1786 2499; x_wconf 80' lang='lat' dir='ltr'><strong>etiarn</strong></span> <span class='ocrx_word' id='word_1_159' title='bbox 1821 2446 2088 2500; x_wconf 87' lang='lat' dir='ltr'><strong>Bttdensis</strong></span> <span class='ocrx_word' id='word_1_160' title='bbox 2112 2449 2268 2500; x_wconf 88' lang='lat' dir='ltr'><strong>bassa</strong></span> <span class='ocrx_word' id='word_1_161' title='bbox 2296 2465 2308 2500; x_wconf 91' lang='lat'><strong>:</strong></span> <span class='ocrx_word' id='word_1_162' title='bbox 2346 2453 2438 2515; x_wconf 86' lang='lat' dir='ltr'><strong>qui</strong></span> <span class='ocrx_word' id='word_1_163' title='bbox 2470 2447 2612 2501; x_wconf 88' lang='lat' dir='ltr'><strong>datis</strong></span> <span class='ocrx_word' id='word_1_164' title='bbox 2631 2447 2696 2500; x_wconf 89' lang='lat' dir='ltr'><strong>ad</strong></span> <span class='ocrx_word' id='word_1_165' title='bbox 2724 2447 2964 2516; x_wconf 82' lang='lat' dir='ltr'><strong>impera-</strong></span> 
     </span>
    </p>
   </div>
   <div class='ocr_carea' id='block_1_26' title="bbox 1405 2537 2963 2606">
    <p class='ocr_par' dir='ltr' id='par_1_26' title="bbox 1405 2537 2963 2606">
     <span class='ocr_line' id='line_1_26' title="bbox 1405 2537 2963 2606; baseline -0.001 -14"><span class='ocrx_word' id='word_1_166' title='bbox 1405 2551 1574 2592; x_wconf 91' lang='lat' dir='ltr'><strong>torem</strong></span> <span class='ocrx_word' id='word_1_167' title='bbox 1615 2538 2040 2592; x_wconf 77' lang='lat' dir='ltr'><strong>Maximiliauum</strong></span> <span class='ocrx_word' id='word_1_168' title='bbox 2070 2538 2447 2606; x_wconf 75' lang='lat' dir='ltr'><strong>frequentibus</strong></span> <span class='ocrx_word' id='word_1_169' title='bbox 2503 2538 2702 2592; x_wconf 66' lang='lat' dir='ltr'><strong>littrris</strong></span> <span class='ocrx_word' id='word_1_170' title='bbox 2758 2537 2963 2592; x_wconf 87' lang='lat' dir='ltr'><strong>hortari</strong></span> 
     </span>
    </p>
   </div>
   <div class='ocr_carea' id='block_1_27' title="bbox 1404 2629 2967 2699">
    <p class='ocr_par' dir='ltr' id='par_1_27' title="bbox 1404 2629 2967 2699">
     <span class='ocr_line' id='line_1_27' title="bbox 1404 2629 2967 2699; baseline -0.001 -14"><span class='ocrx_word' id='word_1_171' title='bbox 1404 2649 1512 2685; x_wconf 83' lang='lat' dir='ltr'><strong>nen</strong></span> <span class='ocrx_word' id='word_1_172' title='bbox 1541 2630 1793 2685; x_wconf 77' lang='lat' dir='ltr'><strong>cessabat</strong></span> <span class='ocrx_word' id='word_1_173' title='bbox 1816 2643 1917 2684; x_wconf 87' lang='lat' dir='ltr'><strong>uta</strong></span> <span class='ocrx_word' id='word_1_174' title='bbox 1944 2639 2119 2699; x_wconf 69' lang='lat' dir='ltr'><strong>erepta</strong></span> <span class='ocrx_word' id='word_1_175' title='bbox 2148 2630 2433 2684; x_wconf 86' lang='lat' dir='ltr'><strong>obsidione</strong></span> <span class='ocrx_word' id='word_1_176' title='bbox 2463 2629 2763 2684; x_wconf 87' lang='lat' dir='ltr'><strong>Sucndiutn</strong></span> <span class='ocrx_word' id='word_1_177' title='bbox 2793 2629 2967 2683; x_wconf 88' lang='lat' dir='ltr'><strong>disce-</strong></span> 
     </span>
    </p>
   </div>
   <div class='ocr_carea' id='block_1_28' title="bbox 1403 2722 2967 2794">
    <p class='ocr_par' dir='ltr' id='par_1_28' title="bbox 1403 2722 2967 2794">
     <span class='ocr_line' id='line_1_28' title="bbox 1403 2722 2967 2794; baseline -0.003 -18"><span class='ocrx_word' id='word_1_178' title='bbox 1403 2731 1530 2779; x_wconf 86' lang='lat' dir='ltr'><strong>dere</strong></span> <span class='ocrx_word' id='word_1_179' title='bbox 1551 2726 1769 2794; x_wconf 77' lang='lat' dir='ltr'><strong>jubet-et</strong></span> <span class='ocrx_word' id='word_1_180' title='bbox 1797 2741 1860 2777; x_wconf 88' lang='lat' dir='ltr'><strong>ne</strong></span> <span class='ocrx_word' id='word_1_181' title='bbox 1888 2725 2203 2777; x_wconf 84' lang='lat' dir='ltr'><strong>inchoatqu</strong></span> <span class='ocrx_word' id='word_1_182' title='bbox 2227 2724 2375 2792; x_wconf 81' lang='lat' dir='ltr'><strong>pacis</strong></span> <span class='ocrx_word' id='word_1_183' title='bbox 2393 2722 2782 2790; x_wconf 74' lang='lat' dir='ltr'><strong>componenda:</strong></span> <span class='ocrx_word' id='word_1_184' title='bbox 2809 2736 2967 2789; x_wconf 61' lang='lat' dir='ltr'><strong>uego-</strong></span> 
     </span>
    </p>
   </div>
   <div class='ocr_carea' id='block_1_29' title="bbox 1406 2813 2965 2886">
    <p class='ocr_par' dir='ltr' id='par_1_29' title="bbox 1406 2813 2965 2886">
     <span class='ocr_line' id='line_1_29' title="bbox 1406 2813 2965 2886; baseline -0.004 -15"><span class='ocrx_word' id='word_1_185' title='bbox 1406 2821 1542 2871; x_wconf 88' lang='lat' dir='ltr'><strong>titttu</strong></span> <span class='ocrx_word' id='word_1_186' title='bbox 1579 2818 1949 2886; x_wconf 77' lang='lat' dir='ltr'><strong>impediretur.</strong></span> <span class='ocrx_word' id='word_1_187' title='bbox 1973 2813 2145 2868; x_wconf 89' lang='lat' dir='ltr'><strong>Simul</strong></span> <span class='ocrx_word' id='word_1_188' title='bbox 2189 2814 2351 2868; x_wconf 90' lang='lat' dir='ltr'><strong>etiam</strong></span> <span class='ocrx_word' id='word_1_189' title='bbox 2404 2814 2520 2869; x_wconf 86' lang='lat' dir='ltr'><strong>suis</strong></span> <span class='ocrx_word' id='word_1_190' title='bbox 2560 2814 2612 2867; x_wconf 90' lang='lat' dir='ltr'><strong>itt</strong></span> <span class='ocrx_word' id='word_1_191' title='bbox 2673 2814 2965 2868; x_wconf 82' lang='lat' dir='ltr'><strong>consilium</strong></span> 
     </span>
    </p>
   </div>
   <div class='ocr_carea' id='block_1_30' title="bbox 1408 2904 2966 2974">
    <p class='ocr_par' dir='ltr' id='par_1_30' title="bbox 1408 2904 2966 2974">
     <span class='ocr_line' id='line_1_30' title="bbox 1408 2904 2966 2974; baseline -0.004 -10"><span class='ocrx_word' id='word_1_192' title='bbox 1408 2913 1667 2966; x_wconf 80' lang='lat' dir='ltr'><strong>adhibitis</strong></span> <span class='ocrx_word' id='word_1_193' title='bbox 1695 2908 2035 2964; x_wconf 82' lang='lat' dir='ltr'><strong>deliberabat</strong></span> <span class='ocrx_word' id='word_1_194' title='bbox 2061 2923 2077 2970; x_wconf 88' lang='lat'><strong>;</strong></span> <span class='ocrx_word' id='word_1_195' title='bbox 2108 2919 2345 2974; x_wconf 89' lang='lat' dir='ltr'><strong>quanam</strong></span> <span class='ocrx_word' id='word_1_196' title='bbox 2369 2907 2452 2959; x_wconf 86' lang='lat' dir='ltr'><strong>via</strong></span> <span class='ocrx_word' id='word_1_197' title='bbox 2480 2915 2666 2973; x_wconf 86' lang='lat' dir='ltr'><strong>posset</strong></span> <span class='ocrx_word' id='word_1_198' title='bbox 2727 2904 2966 2958; x_wconf 81' lang='lat' dir='ltr'><strong>obsessis</strong></span> 
     </span>
    </p>
   </div>
   <div class='ocr_carea' id='block_1_31' title="bbox 1407 2996 2968 3073">
    <p class='ocr_par' dir='ltr' id='par_1_31' title="bbox 1407 2996 2968 3073">
     <span class='ocr_line' id='line_1_31' title="bbox 1407 2996 2968 3073; baseline -0.005 -15"><span class='ocrx_word' id='word_1_199' title='bbox 1407 3021 1563 3073; x_wconf 90' lang='lat' dir='ltr'><strong>opem</strong></span> <span class='ocrx_word' id='word_1_200' title='bbox 1604 3003 1766 3056; x_wconf 77' lang='lat' dir='ltr'><strong>ferre.</strong></span> <span class='ocrx_word' id='word_1_201' title='bbox 1803 3002 2044 3070; x_wconf 88' lang='lat' dir='ltr'><strong>Cumque</strong></span> <span class='ocrx_word' id='word_1_202' title='bbox 2074 3000 2181 3067; x_wconf 85' lang='lat' dir='ltr'><strong>iam</strong></span> <span class='ocrx_word' id='word_1_203' title='bbox 2235 2999 2441 3068; x_wconf 86' lang='lat' dir='ltr'><strong>pridem</strong></span> <span class='ocrx_word' id='word_1_204' title='bbox 2476 2997 2543 3049; x_wconf 89' lang='lat' dir='ltr'><strong>de</strong></span> <span class='ocrx_word' id='word_1_205' title='bbox 2607 2996 2756 3049; x_wconf 86' lang='lat' dir='ltr'><strong>hisce</strong></span> <span class='ocrx_word' id='word_1_206' title='bbox 2806 2996 2968 3050; x_wconf 83' lang='lat' dir='ltr'><strong>rebus</strong></span> 
     </span>
    </p>
   </div>
   <div class='ocr_carea' id='block_1_32' title="bbox 1407 3089 2970 3159">
    <p class='ocr_par' dir='ltr' id='par_1_32' title="bbox 1407 3089 2970 3159">
     <span class='ocr_line' id='line_1_32' title="bbox 1407 3089 2970 3159; baseline -0.002 -13"><span class='ocrx_word' id='word_1_207' title='bbox 1407 3098 1662 3150; x_wconf 79' lang='lat' dir='ltr'><strong>omnibus</strong></span> <span class='ocrx_word' id='word_1_208' title='bbox 1693 3097 1760 3150; x_wconf 86' lang='lat' dir='ltr'><strong>ad</strong></span> <span class='ocrx_word' id='word_1_209' title='bbox 1803 3095 2076 3150; x_wconf 86' lang='lat' dir='ltr'><strong>sultanuut</strong></span> <span class='ocrx_word' id='word_1_210' title='bbox 2136 3092 2387 3147; x_wconf 89' lang='lat' dir='ltr'><strong>Selimeut</strong></span> <span class='ocrx_word' id='word_1_211' title='bbox 2416 3089 2687 3154; x_wconf 83' lang='lat' dir='ltr'><strong>retulisel,</strong></span> <span class='ocrx_word' id='word_1_212' title='bbox 2722 3090 2970 3159; x_wconf 73' lang='lat' dir='ltr'><strong>indigna-</strong></span> 
     </span>
    </p>
   </div>
   <div class='ocr_carea' id='block_1_33' title="bbox 1408 3185 2963 3243">
    <p class='ocr_par' dir='ltr' id='par_1_33' title="bbox 1408 3185 2963 3243">
     <span class='ocr_line' id='line_1_33' title="bbox 1408 3185 2963 3243; baseline -0.005 -1"><span class='ocrx_word' id='word_1_213' title='bbox 1408 3201 1501 3243; x_wconf 89' lang='lat' dir='ltr'><strong>tus</strong></span> <span class='ocrx_word' id='word_1_214' title='bbox 1534 3189 1622 3242; x_wconf 90' lang='lat' dir='ltr'><strong>ille</strong></span> <span class='ocrx_word' id='word_1_215' title='bbox 1647 3187 1940 3243; x_wconf 83' lang='lat' dir='ltr'><strong>Pertavum</strong></span> <span class='ocrx_word' id='word_1_216' title='bbox 1984 3188 2201 3240; x_wconf 88' lang='lat' dir='ltr'><strong>bassam</strong></span> <span class='ocrx_word' id='word_1_217' title='bbox 2267 3185 2570 3238; x_wconf 77' lang='lat' dir='ltr'><strong>exercitum</strong></span> <span class='ocrx_word' id='word_1_218' title='bbox 2624 3199 2783 3237; x_wconf 90' lang='lat' dir='ltr'><strong>suum</strong></span> <span class='ocrx_word' id='word_1_219' title='bbox 2839 3198 2963 3236; x_wconf 91' lang='lat' dir='ltr'><strong>cum</strong></span> 
     </span>
    </p>
   </div>
   <div class='ocr_carea' id='block_1_34' title="bbox 2997 1936 3040 1994">
    <p class='ocr_par' dir='ltr' id='par_1_34' title="bbox 2997 1936 3040 1994">
     <span class='ocr_line' id='line_1_34' title="bbox 2997 1936 3040 1994; baseline 0 0"><span class='ocrx_word' id='word_1_220' title='bbox 2997 1936 3040 1994; x_wconf 83' lang='grc' dir='ltr'><strong>Β</strong></span> 
     </span>
    </p>
   </div>
   <div class='ocr_carea' id='block_1_35' title="bbox 1411 3271 3039 3346">
    <p class='ocr_par' dir='ltr' id='par_1_35' title="bbox 1411 3271 3039 3346">
     <span class='ocr_line' id='line_1_35' title="bbox 1411 3271 3039 3346; baseline -0.002 -14"><span class='ocrx_word' id='word_1_221' title='bbox 1411 3280 1688 3332; x_wconf 66' lang='lat' dir='ltr'><strong>Romanis:</strong></span> <span class='ocrx_word' id='word_1_222' title='bbox 1721 3278 2020 3346; x_wconf 74' lang='lat' dir='ltr'><strong>beglrrlwgi</strong></span> <span class='ocrx_word' id='word_1_223' title='bbox 2085 3275 2256 3342; x_wconf 85' lang='lat' dir='ltr'><strong>copiis</strong></span> <span class='ocrx_word' id='word_1_224' title='bbox 2280 3274 2632 3341; x_wconf 87' lang='lat' dir='ltr'><strong>conjunctum</strong></span> <span class='ocrx_word' id='word_1_225' title='bbox 2687 3273 2739 3326; x_wconf 89' lang='lat' dir='ltr'><strong>itt</strong></span> <span class='ocrx_word' id='word_1_226' title='bbox 2789 3273 2966 3342; x_wconf 74' lang='lat' dir='ltr'><strong>nga-</strong></span> <span class='ocrx_word' id='word_1_227' title='bbox 2992 3271 3039 3334; x_wconf 88' lang='lat' dir='ltr'><strong>C</strong></span> 
     </span>
    </p>
   </div>
   <div class='ocr_carea' id='block_1_36' title="bbox 1412 3363 2966 3440">
    <p class='ocr_par' dir='ltr' id='par_1_36' title="bbox 1412 3363 2966 3440">
     <span class='ocr_line' id='line_1_36' title="bbox 1412 3363 2966 3440; baseline -0.005 -16"><span class='ocrx_word' id='word_1_228' title='bbox 1412 3375 1544 3425; x_wconf 89' lang='lat' dir='ltr'><strong>riam</strong></span> <span class='ocrx_word' id='word_1_229' title='bbox 1576 3371 1734 3440; x_wconf 77' lang='lat'><strong>361</strong></span> <span class='ocrx_word' id='word_1_230' title='bbox 1767 3371 1964 3423; x_wconf 69' lang='lat' dir='ltr'><strong>duci-re</strong></span> <span class='ocrx_word' id='word_1_231' title='bbox 2021 3367 2208 3436; x_wconf 84' lang='lat' dir='ltr'><strong>jussit.</strong></span> <span class='ocrx_word' id='word_1_232' title='bbox 2239 3365 2541 3433; x_wconf 86' lang='lat' dir='ltr'><strong>Utrumque</strong></span> <span class='ocrx_word' id='word_1_233' title='bbox 2577 3375 2754 3417; x_wconf 84' lang='lat' dir='ltr'><strong>tamen</strong></span> <span class='ocrx_word' id='word_1_234' title='bbox 2785 3365 2852 3417; x_wconf 91' lang='lat' dir='ltr'><strong>ab</strong></span> <span class='ocrx_word' id='word_1_235' title='bbox 2884 3363 2966 3418; x_wconf 91' lang='lat' dir='ltr'><strong>in-</strong></span> 
     </span>
    </p>
   </div>
   <div class='ocr_carea' id='block_1_37' title="bbox 1413 3458 2970 3525">
    <p class='ocr_par' dir='ltr' id='par_1_37' title="bbox 1413 3458 2970 3525">
     <span class='ocr_line' id='line_1_37' title="bbox 1413 3458 2970 3525; baseline -0.006 -7"><span class='ocrx_word' id='word_1_236' title='bbox 1413 3464 1600 3518; x_wconf 84' lang='lat' dir='ltr'><strong>stituta</strong></span> <span class='ocrx_word' id='word_1_237' title='bbox 1635 3463 1865 3516; x_wconf 76' lang='lat' dir='ltr'><strong>Selitnrs</strong></span> <span class='ocrx_word' id='word_1_238' title='bbox 1889 3459 2231 3525; x_wconf 80' lang='lat' dir='ltr'><strong>expeditione</strong></span> <span class='ocrx_word' id='word_1_239' title='bbox 2265 3474 2387 3510; x_wconf 71' lang='lat' dir='ltr'><strong>mox</strong></span> <span class='ocrx_word' id='word_1_240' title='bbox 2416 3459 2708 3520; x_wconf 86' lang='lat' dir='ltr'><strong>revocavit,</strong></span> <span class='ocrx_word' id='word_1_241' title='bbox 2738 3474 2864 3512; x_wconf 87' lang='lat' dir='ltr'><strong>cum</strong></span> <span class='ocrx_word' id='word_1_242' title='bbox 2888 3458 2970 3510; x_wconf 89' lang='lat' dir='ltr'><strong>iu-</strong></span> 
     </span>
    </p>
   </div>
   <div class='ocr_carea' id='block_1_38' title="bbox 1411 3550 2972 3618">
    <p class='ocr_par' dir='ltr' id='par_1_38' title="bbox 1411 3550 2972 3618">
     <span class='ocr_line' id='line_1_38' title="bbox 1411 3550 2972 3618; baseline -0.004 -9"><span class='ocrx_word' id='word_1_243' title='bbox 1411 3555 1725 3614; x_wconf 72' lang='lat' dir='ltr'><strong>tt-Ilexisset,</strong></span> <span class='ocrx_word' id='word_1_244' title='bbox 1787 3551 2099 3606; x_wconf 76' lang='lat' dir='ltr'><strong>\‘eraatium</strong></span> <span class='ocrx_word' id='word_1_245' title='bbox 2173 3550 2488 3617; x_wconf 77' lang='lat' dir='ltr'><strong>Agrieusem</strong></span> <span class='ocrx_word' id='word_1_246' title='bbox 2550 3550 2858 3618; x_wconf 71' lang='lat' dir='ltr'><strong>praesulem,</strong></span> <span class='ocrx_word' id='word_1_247' title='bbox 2916 3557 2972 3602; x_wconf 89' lang='lat' dir='ltr'><strong>ct</strong></span> 
     </span>
    </p>
   </div>
   <div class='ocr_carea' id='block_1_39' title="bbox 1409 3637 2972 3710">
    <p class='ocr_par' dir='ltr' id='par_1_39' title="bbox 1409 3637 2972 3710">
     <span class='ocr_line' id='line_1_39' title="bbox 1409 3637 2972 3710; baseline -0.002 -13"><span class='ocrx_word' id='word_1_248' title='bbox 1409 3647 1570 3700; x_wconf 70' lang='lat' dir='ltr'><strong>Ctzrs</strong></span> <span class='ocrx_word' id='word_1_249' title='bbox 1599 3645 1863 3710; x_wconf 79' lang='lat' dir='ltr'><strong>Opltorum</strong></span> <span class='ocrx_word' id='word_1_250' title='bbox 1883 3641 2594 3705; x_wconf 69' lang='lat' dir='ltr'><strong>1‘ib-mbacbumbaronem,</strong></span> <span class='ocrx_word' id='word_1_251' title='bbox 2608 3637 2815 3693; x_wconf 90' lang='lat' dir='ltr'><strong>Vienna</strong></span> <span class='ocrx_word' id='word_1_252' title='bbox 2832 3639 2972 3694; x_wconf 48' lang='lat' dir='ltr'><strong>Con‘</strong></span> 
     </span>
    </p>
   </div>
   <div class='ocr_carea' id='block_1_40' title="bbox 1409 3730 2969 3801">
    <p class='ocr_par' dir='ltr' id='par_1_40' title="bbox 1409 3730 2969 3801">
     <span class='ocr_line' id='line_1_40' title="bbox 1409 3730 2969 3801; baseline -0.006 -9"><span class='ocrx_word' id='word_1_253' title='bbox 1409 3734 1819 3800; x_wconf 80' lang='lat' dir='ltr'><strong>staminOpolim</strong></span> <span class='ocrx_word' id='word_1_254' title='bbox 1850 3734 2146 3801; x_wconf 80' lang='lat' dir='ltr'><strong>ablegatos,</strong></span> <span class='ocrx_word' id='word_1_255' title='bbox 2200 3731 2265 3784; x_wconf 89' lang='lat' dir='ltr'><strong>ad</strong></span> <span class='ocrx_word' id='word_1_256' title='bbox 2293 3746 2353 3785; x_wconf 89' lang='lat' dir='ltr'><strong>se</strong></span> <span class='ocrx_word' id='word_1_257' title='bbox 2379 3731 2727 3787; x_wconf 84' lang='lat' dir='ltr'><strong>canteudere.</strong></span> <span class='ocrx_word' id='word_1_258' title='bbox 2765 3730 2969 3797; x_wconf 85' lang='lat' dir='ltr'><strong>Quam-</strong></span> 
     </span>
    </p>
   </div>
   <div class='ocr_carea' id='block_1_41' title="bbox 1414 3822 2971 3891">
    <p class='ocr_par' dir='ltr' id='par_1_41' title="bbox 1414 3822 2971 3891">
     <span class='ocr_line' id='line_1_41' title="bbox 1414 3822 2971 3891; baseline -0.003 -11"><span class='ocrx_word' id='word_1_259' title='bbox 1414 3831 1601 3881; x_wconf 70' lang='lat' dir='ltr'><strong>obrem</strong></span> <span class='ocrx_word' id='word_1_260' title='bbox 1641 3837 1696 3879; x_wconf 88' lang='lat' dir='ltr'><strong>et</strong></span> <span class='ocrx_word' id='word_1_261' title='bbox 1727 3825 1993 3880; x_wconf 82' lang='lat' dir='ltr'><strong>Budensis</strong></span> <span class='ocrx_word' id='word_1_262' title='bbox 2032 3825 2210 3886; x_wconf 86' lang='lat' dir='ltr'><strong>bassa,</strong></span> <span class='ocrx_word' id='word_1_263' title='bbox 2245 3824 2427 3878; x_wconf 90' lang='lat' dir='ltr'><strong>missis</strong></span> <span class='ocrx_word' id='word_1_264' title='bbox 2474 3822 2540 3876; x_wconf 88' lang='lat' dir='ltr'><strong>ad</strong></span> <span class='ocrx_word' id='word_1_265' title='bbox 2592 3823 2971 3891; x_wconf 87' lang='lat' dir='ltr'><strong>imperatorem</strong></span> 
     </span>
    </p>
   </div>
   <div class='ocr_carea' id='block_1_42' title="bbox 1416 3913 2972 3983">
    <p class='ocr_par' dir='ltr' id='par_1_42' title="bbox 1416 3913 2972 3983">
     <span class='ocr_line' id='line_1_42' title="bbox 1416 3913 2972 3983; baseline -0.004 -10"><span class='ocrx_word' id='word_1_266' title='bbox 1416 3916 2188 3974; x_wconf 72' lang='lat' dir='ltr'><strong>Maximilianummuneribus</strong></span> <span class='ocrx_word' id='word_1_267' title='bbox 2213 3914 2585 3983; x_wconf 86' lang='lat' dir='ltr'><strong>amplissimis,</strong></span> <span class='ocrx_word' id='word_1_268' title='bbox 2648 3913 2847 3980; x_wconf 86' lang='lat' dir='ltr'><strong>petiit,</strong></span> <span class='ocrx_word' id='word_1_269' title='bbox 2905 3927 2972 3967; x_wconf 91' lang='lat' dir='ltr'><strong>ne</strong></span> 
     </span>
    </p>
   </div>
   <div class='ocr_carea' id='block_1_43' title="bbox 1415 4004 2971 4079">
    <p class='ocr_par' dir='ltr' id='par_1_43' title="bbox 1415 4004 2971 4079">
     <span class='ocr_line' id='line_1_43' title="bbox 1415 4004 2971 4079; baseline -0.006 -12"><span class='ocrx_word' id='word_1_270' title='bbox 1415 4011 1624 4067; x_wconf 89' lang='lat' dir='ltr'><strong>turbari</strong></span> <span class='ocrx_word' id='word_1_271' title='bbox 1656 4010 1803 4079; x_wconf 86' lang='lat' dir='ltr'><strong>pacis</strong></span> <span class='ocrx_word' id='word_1_272' title='bbox 1836 4007 2211 4062; x_wconf 82' lang='lat' dir='ltr'><strong>tractatiOucm</strong></span> <span class='ocrx_word' id='word_1_273' title='bbox 2269 4014 2563 4074; x_wconf 89' lang='lat' dir='ltr'><strong>pateretur.</strong></span> <span class='ocrx_word' id='word_1_274' title='bbox 2601 4004 2710 4058; x_wconf 89' lang='lat' dir='ltr'><strong>Sua</strong></span> <span class='ocrx_word' id='word_1_275' title='bbox 2751 4004 2971 4074; x_wconf 87' lang='lat' dir='ltr'><strong>quidem</strong></span> 
     </span>
    </p>
   </div>
   <div class='ocr_carea' id='block_1_44' title="bbox 1413 4095 2974 4171">
    <p class='ocr_par' dir='ltr' id='par_1_44' title="bbox 1413 4095 2974 4171">
     <span class='ocr_line' id='line_1_44' title="bbox 1413 4095 2974 4171; baseline -0.006 -13"><span class='ocrx_word' id='word_1_276' title='bbox 1413 4123 1477 4158; x_wconf 78' lang='lat' dir='ltr'><strong>ex</strong></span> <span class='ocrx_word' id='word_1_277' title='bbox 1507 4111 1655 4171; x_wconf 87' lang='lat' dir='ltr'><strong>parte</strong></span> <span class='ocrx_word' id='word_1_278' title='bbox 1681 4103 1922 4156; x_wconf 84' lang='lat' dir='ltr'><strong>futurum</strong></span> <span class='ocrx_word' id='word_1_279' title='bbox 1954 4101 2167 4168; x_wconf 80' lang='lat' dir='ltr'><strong>agebat,</strong></span> <span class='ocrx_word' id='word_1_280' title='bbox 2224 4112 2278 4151; x_wconf 91' lang='lat' dir='ltr'><strong>ut</strong></span> <span class='ocrx_word' id='word_1_281' title='bbox 2327 4098 2464 4166; x_wconf 90' lang='lat' dir='ltr'><strong>palis</strong></span> <span class='ocrx_word' id='word_1_282' title='bbox 2520 4095 2974 4166; x_wconf 75' lang='lat' dir='ltr'><strong>transﬁgerentur</strong></span> 
     </span>
    </p>
   </div>
   <div class='ocr_carea' id='block_1_45' title="bbox 1413 4188 2973 4264">
    <p class='ocr_par' dir='ltr' id='par_1_45' title="bbox 1413 4188 2973 4264">
     <span class='ocr_line' id='line_1_45' title="bbox 1413 4188 2973 4264; baseline -0.006 -15"><span class='ocrx_word' id='word_1_283' title='bbox 1413 4210 1626 4254; x_wconf 80' lang='lat' dir='ltr'><strong>omnes.</strong></span> <span class='ocrx_word' id='word_1_284' title='bbox 1651 4195 1742 4264; x_wconf 88' lang='lat' dir='ltr'><strong>qui</strong></span> <span class='ocrx_word' id='word_1_285' title='bbox 1767 4207 1863 4262; x_wconf 88' lang='lat' dir='ltr'><strong>per</strong></span> <span class='ocrx_word' id='word_1_286' title='bbox 1880 4191 2109 4247; x_wconf 74' lang='lat' dir='ltr'><strong>Czesaris</strong></span> <span class='ocrx_word' id='word_1_287' title='bbox 2137 4190 2274 4244; x_wconf 80' lang='lat' dir='ltr'><strong>lines</strong></span> <span class='ocrx_word' id='word_1_288' title='bbox 2327 4188 2667 4243; x_wconf 80' lang='lat' dir='ltr'><strong>excurrendo</strong></span> <span class='ocrx_word' id='word_1_289' title='bbox 2715 4188 2973 4241; x_wconf 84' lang='lat' dir='ltr'><strong>damnum</strong></span> 
     </span>
    </p>
   </div>
   <div class='ocr_carea' id='block_1_46' title="bbox 1413 4279 2976 4348">
    <p class='ocr_par' dir='ltr' id='par_1_46' title="bbox 1413 4279 2976 4348">
     <span class='ocr_line' id='line_1_46' title="bbox 1413 4279 2976 4348; baseline -0.003 -11"><span class='ocrx_word' id='word_1_290' title='bbox 1413 4286 1709 4338; x_wconf 81' lang='lat' dir='ltr'><strong>dedissent.</strong></span> <span class='ocrx_word' id='word_1_291' title='bbox 1747 4281 1888 4336; x_wconf 70' lang='grc' dir='ltr'><strong>ἸΙωο</strong></span> <span class='ocrx_word' id='word_1_292' title='bbox 1937 4281 2024 4335; x_wconf 89' lang='lat' dir='ltr'><strong>ille</strong></span> <span class='ocrx_word' id='word_1_293' title='bbox 2076 4280 2348 4334; x_wconf 89' lang='lat' dir='ltr'><strong>multoties</strong></span> <span class='ocrx_word' id='word_1_294' title='bbox 2394 4279 2768 4348; x_wconf 85' lang='lat' dir='ltr'><strong>pollicebatur,</strong></span> <span class='ocrx_word' id='word_1_295' title='bbox 2823 4279 2976 4332; x_wconf 85' lang='lat' dir='ltr'><strong>sede</strong></span> 
     </span>
    </p>
   </div>
   <div class='ocr_carea' id='block_1_47' title="bbox 1413 4370 2976 4435">
    <p class='ocr_par' dir='ltr' id='par_1_47' title="bbox 1413 4370 2976 4435">
     <span class='ocr_line' id='line_1_47' title="bbox 1413 4370 2976 4435; baseline -0.005 -3"><span class='ocrx_word' id='word_1_296' title='bbox 1413 4383 1630 4432; x_wconf 67' lang='lat' dir='ltr'><strong>divi-rso</strong></span> <span class='ocrx_word' id='word_1_297' title='bbox 1662 4378 1832 4430; x_wconf 82' lang='lat' dir='ltr'><strong>duces</strong></span> <span class='ocrx_word' id='word_1_298' title='bbox 1861 4371 2156 4435; x_wconf 80' lang='lat' dir='ltr'><strong>Erdeliaui,</strong></span> <span class='ocrx_word' id='word_1_299' title='bbox 2214 4386 2338 4426; x_wconf 90' lang='lat' dir='ltr'><strong>cum</strong></span> <span class='ocrx_word' id='word_1_300' title='bbox 2390 4371 2688 4425; x_wconf 71' lang='lat' dir='ltr'><strong>buendium</strong></span> <span class='ocrx_word' id='word_1_301' title='bbox 2728 4370 2976 4424; x_wconf 84' lang='lat' dir='ltr'><strong>viderent</strong></span> 
     </span>
    </p>
   </div>
   <div class='ocr_carea' id='block_1_48' title="bbox 1413 4463 2972 4533">
    <p class='ocr_par' dir='ltr' id='par_1_48' title="bbox 1413 4463 2972 4533">
     <span class='ocr_line' id='line_1_48' title="bbox 1413 4463 2972 4533; baseline -0.006 -7"><span class='ocrx_word' id='word_1_302' title='bbox 1413 4474 1612 4526; x_wconf 76' lang='lat' dir='ltr'><strong>abiisse</strong></span> <span class='ocrx_word' id='word_1_303' title='bbox 1659 4468 2000 4524; x_wconf 82' lang='lat' dir='ltr'><strong>Cassoviam.</strong></span> <span class='ocrx_word' id='word_1_304' title='bbox 2033 4481 2099 4520; x_wconf 91' lang='lat' dir='ltr'><strong>ne</strong></span> <span class='ocrx_word' id='word_1_305' title='bbox 2138 4479 2287 4533; x_wconf 88' lang='lat' dir='ltr'><strong>spem</strong></span> <span class='ocrx_word' id='word_1_306' title='bbox 2347 4463 2495 4532; x_wconf 84' lang='lat' dir='ltr'><strong>pacis</strong></span> <span class='ocrx_word' id='word_1_307' title='bbox 2546 4463 2972 4517; x_wconf 89' lang='lat' dir='ltr'><strong>iuterturbaret:</strong></span> 
     </span>
    </p>
   </div>
   <div class='ocr_carea' id='block_1_49' title="bbox 1415 4551 2972 4624">
    <p class='ocr_par' dir='ltr' id='par_1_49' title="bbox 1415 4551 2972 4624">
     <span class='ocr_line' id='line_1_49' title="bbox 1415 4551 2972 4624; baseline -0.006 -9"><span class='ocrx_word' id='word_1_308' title='bbox 1415 4561 1655 4615; x_wconf 78' lang='lat' dir='ltr'><strong>collectis</strong></span> <span class='ocrx_word' id='word_1_309' title='bbox 1678 4574 1780 4612; x_wconf 91' lang='lat' dir='ltr'><strong>non</strong></span> <span class='ocrx_word' id='word_1_310' title='bbox 1803 4555 2012 4624; x_wconf 78' lang='lat' dir='ltr'><strong>magnis</strong></span> <span class='ocrx_word' id='word_1_311' title='bbox 2032 4555 2226 4622; x_wconf 85' lang='lat' dir='ltr'><strong>copiis.</strong></span> <span class='ocrx_word' id='word_1_312' title='bbox 2252 4551 2607 4623; x_wconf 86' lang='lat' dir='ltr'><strong>impressione</strong></span> <span class='ocrx_word' id='word_1_313' title='bbox 2628 4566 2724 4604; x_wconf 91' lang='lat' dir='ltr'><strong>nec</strong></span> <span class='ocrx_word' id='word_1_314' title='bbox 2755 4555 2972 4620; x_wconf 75' lang='lat' dir='ltr'><strong>Opinata</strong></span> 
     </span>
    </p>
   </div>
   <div class='ocr_carea' id='block_1_50' title="bbox 1417 4645 2974 4717">
    <p class='ocr_par' dir='ltr' id='par_1_50' title="bbox 1417 4645 2974 4717">
     <span class='ocr_line' id='line_1_50' title="bbox 1417 4645 2974 4717; baseline -0.005 -9"><span class='ocrx_word' id='word_1_315' title='bbox 1417 4656 1710 4708; x_wconf 75' lang='lat' dir='ltr'><strong>itisuarum</strong></span> <span class='ocrx_word' id='word_1_316' title='bbox 1750 4650 1927 4706; x_wconf 84' lang='lat' dir='ltr'><strong>adorti</strong></span> <span class='ocrx_word' id='word_1_317' title='bbox 1959 4657 2236 4717; x_wconf 87' lang='lat' dir='ltr'><strong>ceperunt,</strong></span> <span class='ocrx_word' id='word_1_318' title='bbox 2259 4645 2533 4714; x_wconf 87' lang='lat' dir='ltr'><strong>occupatis</strong></span> <span class='ocrx_word' id='word_1_319' title='bbox 2559 4645 2718 4698; x_wconf 90' lang='lat' dir='ltr'><strong>etiam</strong></span> <span class='ocrx_word' id='word_1_320' title='bbox 2749 4647 2974 4700; x_wconf 79' lang='lat' dir='ltr'><strong>thermis</strong></span> 
     </span>
    </p>
   </div>
   <div class='ocr_carea' id='block_1_51' title="bbox 1414 4735 2977 4817">
    <p class='ocr_par' dir='ltr' id='par_1_51' title="bbox 1414 4735 2977 4817">
     <span class='ocr_line' id='line_1_51' title="bbox 1414 4735 2977 4817; baseline -0.005 -19"><span class='ocrx_word' id='word_1_321' title='bbox 1414 4763 1551 4817; x_wconf 89' lang='lat' dir='ltr'><strong>quas</strong></span> <span class='ocrx_word' id='word_1_322' title='bbox 1580 4745 1802 4798; x_wconf 78' lang='lat' dir='ltr'><strong>Rivulos</strong></span> <span class='ocrx_word' id='word_1_323' title='bbox 1823 4742 2174 4796; x_wconf 87' lang='lat' dir='ltr'><strong>Dominorum</strong></span> <span class='ocrx_word' id='word_1_324' title='bbox 2198 4739 2487 4808; x_wconf 89' lang='lat' dir='ltr'><strong>appellant.</strong></span> <span class='ocrx_word' id='word_1_325' title='bbox 2509 4737 2614 4790; x_wconf 85' lang='lat' dir='ltr'><strong>Has</strong></span> <span class='ocrx_word' id='word_1_326' title='bbox 2642 4737 2787 4790; x_wconf 91' lang='lat' dir='ltr'><strong>enim</strong></span> <span class='ocrx_word' id='word_1_327' title='bbox 2807 4735 2977 4790; x_wconf 85' lang='lat' dir='ltr'><strong>Sucn-</strong></span> 
     </span>
    </p>
   </div>
   <div class='ocr_carea' id='block_1_52' title="bbox 1418 4828 2975 4891">
    <p class='ocr_par' dir='ltr' id='par_1_52' title="bbox 1418 4828 2975 4891">
     <span class='ocr_line' id='line_1_52' title="bbox 1418 4828 2975 4891; baseline -0.006 -2"><span class='ocrx_word' id='word_1_328' title='bbox 1418 4841 1541 4891; x_wconf 88' lang='lat' dir='ltr'><strong>dius</strong></span> <span class='ocrx_word' id='word_1_329' title='bbox 1589 4846 1715 4890; x_wconf 87' lang='lat' dir='ltr'><strong>ante</strong></span> <span class='ocrx_word' id='word_1_330' title='bbox 1753 4832 2033 4888; x_wconf 89' lang='lat' dir='ltr'><strong>biennium</strong></span> <span class='ocrx_word' id='word_1_331' title='bbox 2063 4832 2143 4886; x_wconf 89' lang='lat' dir='ltr'><strong>eis</strong></span> <span class='ocrx_word' id='word_1_332' title='bbox 2166 4831 2460 4885; x_wconf 87' lang='lat' dir='ltr'><strong>ademerat.</strong></span> <span class='ocrx_word' id='word_1_333' title='bbox 2519 4829 2574 4882; x_wconf 88' lang='lat' dir='ltr'><strong>Id</strong></span> <span class='ocrx_word' id='word_1_334' title='bbox 2629 4829 2718 4881; x_wconf 91' lang='lat' dir='ltr'><strong>ubi</strong></span> <span class='ocrx_word' id='word_1_335' title='bbox 2774 4828 2975 4881; x_wconf 81' lang='lat' dir='ltr'><strong>factum</strong></span> 
     </span>
    </p>
   </div>
   <div class='ocr_carea' id='block_1_53' title="bbox 1422 4917 2978 4994">
    <p class='ocr_par' dir='ltr' id='par_1_53' title="bbox 1422 4917 2978 4994">
     <span class='ocr_line' id='line_1_53' title="bbox 1422 4917 2978 4994; baseline -0.005 -16"><span class='ocrx_word' id='word_1_336' title='bbox 1422 4929 1668 4979; x_wconf 74' lang='lat' dir='ltr'><strong>ltubcrus</strong></span> <span class='ocrx_word' id='word_1_337' title='bbox 1699 4924 1926 4994; x_wconf 85' lang='lat' dir='ltr'><strong>accepit,</strong></span> <span class='ocrx_word' id='word_1_338' title='bbox 1949 4923 2157 4992; x_wconf 83' lang='lat' dir='ltr'><strong>legatus</strong></span> <span class='ocrx_word' id='word_1_339' title='bbox 2184 4920 2431 4982; x_wconf 88' lang='lat' dir='ltr'><strong>Suendii.</strong></span> <span class='ocrx_word' id='word_1_340' title='bbox 2461 4935 2685 4988; x_wconf 63' lang='lat' dir='ltr'><strong>,magnze</strong></span> <span class='ocrx_word' id='word_1_341' title='bbox 2717 4919 2798 4972; x_wconf 88' lang='lat' dir='ltr'><strong>vir</strong></span> <span class='ocrx_word' id='word_1_342' title='bbox 2827 4917 2978 4972; x_wconf 90' lang='lat' dir='ltr'><strong>belli-</strong></span> 
     </span>
    </p>
   </div>
   <div class='ocr_carea' id='block_1_54' title="bbox 1415 5011 2979 5080">
    <p class='ocr_par' dir='ltr' id='par_1_54' title="bbox 1415 5011 2979 5080">
     <span class='ocr_line' id='line_1_54' title="bbox 1415 5011 2979 5080; baseline -0.008 -6"><span class='ocrx_word' id='word_1_343' title='bbox 1415 5022 1496 5074; x_wconf 86' lang='lat' dir='ltr'><strong>cis</strong></span> <span class='ocrx_word' id='word_1_344' title='bbox 1526 5020 1578 5072; x_wconf 93' lang='lat' dir='ltr'><strong>in</strong></span> <span class='ocrx_word' id='word_1_345' title='bbox 1611 5019 1774 5072; x_wconf 87' lang='lat' dir='ltr'><strong>rebus</strong></span> <span class='ocrx_word' id='word_1_346' title='bbox 1798 5016 2097 5078; x_wconf 64' lang='lat' dir='ltr'><strong>industria,</strong></span> <span class='ocrx_word' id='word_1_347' title='bbox 2127 5028 2250 5068; x_wconf 81' lang='lat' dir='ltr'><strong>mox</strong></span> <span class='ocrx_word' id='word_1_348' title='bbox 2281 5028 2403 5067; x_wconf 89' lang='lat' dir='ltr'><strong>cum</strong></span> <span class='ocrx_word' id='word_1_349' title='bbox 2431 5011 2593 5079; x_wconf 87' lang='lat' dir='ltr'><strong>justis</strong></span> <span class='ocrx_word' id='word_1_350' title='bbox 2615 5011 2856 5080; x_wconf 90' lang='lat' dir='ltr'><strong>equitum</strong></span> <span class='ocrx_word' id='word_1_351' title='bbox 2889 5025 2979 5079; x_wconf 88' lang='lat' dir='ltr'><strong>pe-</strong></span> 
     </span>
    </p>
   </div>
   <div class='ocr_carea' id='block_1_55' title="bbox 1416 5101 2976 5177">
    <p class='ocr_par' dir='ltr' id='par_1_55' title="bbox 1416 5101 2976 5177">
     <span class='ocr_line' id='line_1_55' title="bbox 1416 5101 2976 5177; baseline -0.006 -12"><span class='ocrx_word' id='word_1_352' title='bbox 1416 5114 1699 5177; x_wconf 80' lang='lat' dir='ltr'><strong>ditumque</strong></span> <span class='ocrx_word' id='word_1_353' title='bbox 1725 5108 1901 5176; x_wconf 89' lang='lat' dir='ltr'><strong>copiis</strong></span> <span class='ocrx_word' id='word_1_354' title='bbox 1925 5107 2183 5171; x_wconf 86' lang='lat' dir='ltr'><strong>accurrit,</strong></span> <span class='ocrx_word' id='word_1_355' title='bbox 2209 5115 2262 5159; x_wconf 90' lang='lat' dir='ltr'><strong>et</strong></span> <span class='ocrx_word' id='word_1_356' title='bbox 2292 5105 2541 5158; x_wconf 85' lang='lat' dir='ltr'><strong>hostibus</strong></span> <span class='ocrx_word' id='word_1_357' title='bbox 2598 5101 2976 5172; x_wconf 76' lang='lat' dir='ltr'><strong>inexspectato</strong></span> 
     </span>
    </p>
   </div>
   <div class='ocr_carea' id='block_1_56' title="bbox 1419 5195 2979 5261">
    <p class='ocr_par' dir='ltr' id='par_1_56' title="bbox 1419 5195 2979 5261">
     <span class='ocr_line' id='line_1_56' title="bbox 1419 5195 2979 5261; baseline -0.006 -5"><span class='ocrx_word' id='word_1_358' title='bbox 1419 5217 1521 5257; x_wconf 82' lang='lat' dir='ltr'><strong>suo</strong></span> <span class='ocrx_word' id='word_1_359' title='bbox 1549 5200 1753 5254; x_wconf 83' lang='lat' dir='ltr'><strong>territis</strong></span> <span class='ocrx_word' id='word_1_360' title='bbox 1770 5203 2027 5257; x_wconf 87' lang='lat' dir='ltr'><strong>adventu.</strong></span> <span class='ocrx_word' id='word_1_361' title='bbox 2052 5197 2370 5261; x_wconf 78' lang='lat' dir='ltr'><strong>Risuarum,</strong></span> <span class='ocrx_word' id='word_1_362' title='bbox 2395 5195 2639 5249; x_wconf 79' lang='lat' dir='ltr'><strong>adhibita</strong></span> <span class='ocrx_word' id='word_1_363' title='bbox 2671 5196 2720 5248; x_wconf 92' lang='lat' dir='ltr'><strong>vi</strong></span> <span class='ocrx_word' id='word_1_364' title='bbox 2742 5195 2979 5248; x_wconf 77' lang='lat' dir='ltr'><strong>maxima</strong></span> 
     </span>
    </p>
   </div>
   <div class='ocr_carea' id='block_1_57' title="bbox 1421 5286 2980 5364">
    <p class='ocr_par' dir='ltr' id='par_1_57' title="bbox 1421 5286 2980 5364">
     <span class='ocr_line' id='line_1_57' title="bbox 1421 5286 2980 5364; baseline -0.004 -15"><span class='ocrx_word' id='word_1_365' title='bbox 1421 5301 1728 5364; x_wconf 82' lang='lat' dir='ltr'><strong>recuperat,</strong></span> <span class='ocrx_word' id='word_1_366' title='bbox 1762 5291 2131 5360; x_wconf 65' lang='lat' dir='ltr'><strong>prmsidiarios</strong></span> <span class='ocrx_word' id='word_1_367' title='bbox 2160 5287 2439 5351; x_wconf 81' lang='lat' dir='ltr'><strong>interﬁcit,</strong></span> <span class='ocrx_word' id='word_1_368' title='bbox 2470 5301 2703 5356; x_wconf 77' lang='lat' dir='ltr'><strong>moxque</strong></span> <span class='ocrx_word' id='word_1_369' title='bbox 2756 5286 2980 5342; x_wconf 78' lang='lat' dir='ltr'><strong>RiVulos</strong></span> 
     </span>
    </p>
   </div>
   <div class='ocr_carea' id='block_1_58' title="bbox 1419 5380 2982 5455">
    <p class='ocr_par' dir='ltr' id='par_1_58' title="bbox 1419 5380 2982 5455">
     <span class='ocr_line' id='line_1_58' title="bbox 1419 5380 2982 5455; baseline -0.008 -10"><span class='ocrx_word' id='word_1_370' title='bbox 1419 5392 1582 5445; x_wconf 91' lang='lat' dir='ltr'><strong>etiam</strong></span> <span class='ocrx_word' id='word_1_371' title='bbox 1601 5387 1750 5444; x_wconf 91' lang='lat' dir='ltr'><strong>nullo</strong></span> <span class='ocrx_word' id='word_1_372' title='bbox 1775 5387 1988 5455; x_wconf 79' lang='lat' dir='ltr'><strong>negotio</strong></span> <span class='ocrx_word' id='word_1_373' title='bbox 2006 5384 2212 5452; x_wconf 86' lang='lat' dir='ltr'><strong>recipit.</strong></span> <span class='ocrx_word' id='word_1_374' title='bbox 2235 5382 2445 5450; x_wconf 88' lang='lat' dir='ltr'><strong>Quippe</strong></span> <span class='ocrx_word' id='word_1_375' title='bbox 2468 5395 2593 5434; x_wconf 87' lang='lat' dir='ltr'><strong>casu</strong></span> <span class='ocrx_word' id='word_1_376' title='bbox 2625 5380 2858 5448; x_wconf 85' lang='lat' dir='ltr'><strong>quodam</strong></span> <span class='ocrx_word' id='word_1_377' title='bbox 2890 5395 2982 5433; x_wconf 79' lang='lat' dir='ltr'><strong>ac-</strong></span> 
     </span>
    </p>
   </div>
   <div class='ocr_carea' id='block_1_59' title="bbox 1421 5468 2978 5548">
    <p class='ocr_par' dir='ltr' id='par_1_59' title="bbox 1421 5468 2978 5548">
     <span class='ocr_line' id='line_1_59' title="bbox 1421 5468 2978 5548; baseline -0.01 -14"><span class='ocrx_word' id='word_1_378' title='bbox 1421 5493 1587 5534; x_wconf 87' lang='lat' dir='ltr'><strong>ceuso</strong></span> <span class='ocrx_word' id='word_1_379' title='bbox 1616 5478 1836 5548; x_wconf 77' lang='lat' dir='ltr'><strong>pulvere</strong></span> <span class='ocrx_word' id='word_1_380' title='bbox 1858 5472 2241 5534; x_wconf 88' lang='lat' dir='ltr'><strong>tormentario,</strong></span> <span class='ocrx_word' id='word_1_381' title='bbox 2274 5480 2515 5526; x_wconf 89' lang='lat' dir='ltr'><strong>castrum</strong></span> <span class='ocrx_word' id='word_1_382' title='bbox 2541 5468 2734 5522; x_wconf 83' lang='lat' dir='ltr'><strong>ardere</strong></span> <span class='ocrx_word' id='word_1_383' title='bbox 2780 5469 2978 5538; x_wconf 64' lang='lat' dir='ltr'><strong>coepit;</strong></span> 
     </span>
    </p>
   </div>
   <div class='ocr_carea' id='block_1_60' title="bbox 1424 5559 2982 5640">
    <p class='ocr_par' dir='ltr' id='par_1_60' title="bbox 1424 5559 2982 5640">
     <span class='ocr_line' id='line_1_60' title="bbox 1424 5559 2982 5640; baseline -0.006 -18"><span class='ocrx_word' id='word_1_384' title='bbox 1424 5575 1654 5640; x_wconf 79' lang='lat' dir='ltr'><strong>ideoque</strong></span> <span class='ocrx_word' id='word_1_385' title='bbox 1685 5566 1874 5637; x_wconf 80' lang='lat' dir='ltr'><strong>majori</strong></span> <span class='ocrx_word' id='word_1_386' title='bbox 1905 5575 2059 5635; x_wconf 85' lang='lat' dir='ltr'><strong>parte</strong></span> <span class='ocrx_word' id='word_1_387' title='bbox 2089 5573 2549 5633; x_wconf 60' lang='lat' dir='ltr'><strong>propugnatorum</strong></span> <span class='ocrx_word' id='word_1_388' title='bbox 2611 5560 2902 5621; x_wconf 77' lang='lat' dir='ltr'><strong>exstincta,</strong></span> <span class='ocrx_word' id='word_1_389' title='bbox 2931 5559 2982 5612; x_wconf 87' lang='lat' dir='ltr'><strong>itt</strong></span> 
     </span>
    </p>
   </div>
   <div class='ocr_carea' id='block_1_61' title="bbox 1420 5655 2177 5731">
    <p class='ocr_par' dir='ltr' id='par_1_61' title="bbox 1420 5655 2177 5731">
     <span class='ocr_line' id='line_1_61' title="bbox 1420 5655 2177 5731; baseline -0.011 -13"><span class='ocrx_word' id='word_1_390' title='bbox 1420 5662 1626 5719; x_wconf 71' lang='lat' dir='ltr'><strong>[iuberi</strong></span> <span class='ocrx_word' id='word_1_391' title='bbox 1656 5668 1978 5731; x_wconf 88' lang='lat' dir='ltr'><strong>potestatem</strong></span> <span class='ocrx_word' id='word_1_392' title='bbox 2012 5655 2177 5710; x_wconf 88' lang='lat' dir='ltr'><strong>venit.</strong></span> 
     </span>
    </p>
   </div>
   <div class='ocr_carea' id='block_1_62' title="bbox 1495 5743 2984 5818">
    <p class='ocr_par' dir='ltr' id='par_1_62' title="bbox 1495 5743 2984 5818">
     <span class='ocr_line' id='line_1_62' title="bbox 1495 5743 2984 5818; baseline -0.009 -8"><span class='ocrx_word' id='word_1_393' title='bbox 1495 5759 1652 5810; x_wconf 81' lang='lat' dir='ltr'><strong>Almo</strong></span> <span class='ocrx_word' id='word_1_394' title='bbox 1706 5748 1944 5818; x_wconf 61' lang='lat' dir='ltr'><strong>denique</strong></span> <span class='ocrx_word' id='word_1_395' title='bbox 2008 5747 2386 5801; x_wconf 77' lang='lat' dir='ltr'><strong>Maltumet-tno</strong></span> <span class='ocrx_word' id='word_1_396' title='bbox 2445 5745 2550 5800; x_wconf 83' lang='lat'><strong>975</strong></span> <span class='ocrx_word' id='word_1_397' title='bbox 2621 5745 2770 5804; x_wconf 86' lang='lat' dir='ltr'><strong>(Chr.</strong></span> <span class='ocrx_word' id='word_1_398' title='bbox 2828 5743 2984 5809; x_wconf 70' lang='lat'><strong>1568)</strong></span> 
     </span>
    </p>
   </div>
   <div class='ocr_carea' id='block_1_63' title="bbox 1427 5836 2986 5918">
    <p class='ocr_par' dir='ltr' id='par_1_63' title="bbox 1427 5836 2986 5918">
     <span class='ocr_line' id='line_1_63' title="bbox 1427 5836 2986 5918; baseline -0.01 -18"><span class='ocrx_word' id='word_1_399' title='bbox 1427 5866 1526 5918; x_wconf 75' lang='lat' dir='ltr'><strong>pax</strong></span> <span class='ocrx_word' id='word_1_400' title='bbox 1561 5859 1757 5899; x_wconf 86' lang='lat' dir='ltr'><strong>octavo</strong></span> <span class='ocrx_word' id='word_1_401' title='bbox 1789 5858 2007 5913; x_wconf 87' lang='lat' dir='ltr'><strong>quoque</strong></span> <span class='ocrx_word' id='word_1_402' title='bbox 2040 5857 2183 5894; x_wconf 88' lang='lat' dir='ltr'><strong>anno</strong></span> <span class='ocrx_word' id='word_1_403' title='bbox 2209 5842 2520 5894; x_wconf 84' lang='lat' dir='ltr'><strong>renovanda</strong></span> <span class='ocrx_word' id='word_1_404' title='bbox 2550 5840 2687 5890; x_wconf 88' lang='lat' dir='ltr'><strong>inter</strong></span> <span class='ocrx_word' id='word_1_405' title='bbox 2749 5836 2986 5888; x_wconf 71' lang='lat' dir='ltr'><strong>.“il\illli-</strong></span> 
     </span>
    </p>
   </div>
   <div class='ocr_carea' id='block_1_64' title="bbox 1428 5928 2983 6007">
    <p class='ocr_par' dir='ltr' id='par_1_64' title="bbox 1428 5928 2983 6007">
     <span class='ocr_line' id='line_1_64' title="bbox 1428 5928 2983 6007; baseline -0.01 -13"><span class='ocrx_word' id='word_1_406' title='bbox 1428 5943 1632 5996; x_wconf 57' lang='lat' dir='ltr'><strong>lianutu</strong></span> <span class='ocrx_word' id='word_1_407' title='bbox 1678 5941 2004 6007; x_wconf 76' lang='lat' dir='ltr'><strong>Angustum,</strong></span> <span class='ocrx_word' id='word_1_408' title='bbox 2081 5936 2461 6002; x_wconf 82' lang='lat' dir='ltr'><strong>sultmumque</strong></span> <span class='ocrx_word' id='word_1_409' title='bbox 2523 5930 2776 5988; x_wconf 70' lang='lat' dir='ltr'><strong>belimetn</strong></span> <span class='ocrx_word' id='word_1_410' title='bbox 2838 5928 2983 5984; x_wconf 84' lang='lat' dir='ltr'><strong>colit.</strong></span> 
     </span>
    </p>
   </div>
   <div class='ocr_carea' id='block_1_65' title="bbox 3060 687 4618 760">
    <p class='ocr_par' dir='ltr' id='par_1_65' title="bbox 3060 687 4618 760">
     <span class='ocr_line' id='line_1_65' title="bbox 3060 687 4618 760; baseline -0.006 -13"><span class='ocrx_word' id='word_1_411' title='bbox 3060 699 3179 749; x_wconf 75' lang='lat' dir='ltr'><strong>alite</strong></span> <span class='ocrx_word' id='word_1_412' title='bbox 3211 697 3352 760; x_wconf 69' lang='lat' dir='ltr'><strong>leges</strong></span> <span class='ocrx_word' id='word_1_413' title='bbox 3383 707 3438 751; x_wconf 88' lang='lat' dir='ltr'><strong>et</strong></span> <span class='ocrx_word' id='word_1_414' title='bbox 3462 697 3801 751; x_wconf 88' lang='lat' dir='ltr'><strong>conditiones</strong></span> <span class='ocrx_word' id='word_1_415' title='bbox 3823 703 3999 756; x_wconf 79' lang='lat' dir='ltr'><strong>erant,</strong></span> <span class='ocrx_word' id='word_1_416' title='bbox 4020 705 4132 749; x_wconf 89' lang='lat' dir='ltr'><strong>tum</strong></span> <span class='ocrx_word' id='word_1_417' title='bbox 4165 691 4240 746; x_wconf 90' lang='lat' dir='ltr'><strong>uti</strong></span> <span class='ocrx_word' id='word_1_418' title='bbox 4264 691 4496 759; x_wconf 85' lang='lat' dir='ltr'><strong>quisque</strong></span> <span class='ocrx_word' id='word_1_419' title='bbox 4524 687 4618 739; x_wconf 88' lang='lat' dir='ltr'><strong>sibi</strong></span> 
     </span>
    </p>
   </div>
   <div class='ocr_carea' id='block_1_66' title="bbox 3063 781 4620 858">
    <p class='ocr_par' dir='ltr' id='par_1_66' title="bbox 3063 781 4620 858">
     <span class='ocr_line' id='line_1_66' title="bbox 3063 781 4620 858; baseline -0.007 -17"><span class='ocrx_word' id='word_1_420' title='bbox 3063 789 3318 842; x_wconf 77' lang='lat' dir='ltr'><strong>retineret</strong></span> <span class='ocrx_word' id='word_1_421' title='bbox 3348 789 3613 858; x_wconf 86' lang='lat' dir='ltr'><strong>quidquid</strong></span> <span class='ocrx_word' id='word_1_422' title='bbox 3653 804 3718 843; x_wconf 89' lang='lat' dir='ltr'><strong>eo</strong></span> <span class='ocrx_word' id='word_1_423' title='bbox 3753 788 3893 842; x_wconf 89' lang='lat' dir='ltr'><strong>bello</strong></span> <span class='ocrx_word' id='word_1_424' title='bbox 3923 787 4180 856; x_wconf 85' lang='lat' dir='ltr'><strong>cepisset.</strong></span> <span class='ocrx_word' id='word_1_425' title='bbox 4210 784 4268 838; x_wconf 85' lang='lat' dir='ltr'><strong>id</strong></span> <span class='ocrx_word' id='word_1_426' title='bbox 4327 796 4457 837; x_wconf 89' lang='lat' dir='ltr'><strong>vero</strong></span> <span class='ocrx_word' id='word_1_427' title='bbox 4508 781 4620 848; x_wconf 59' lang='lat' dir='ltr'><strong>plu-</strong></span> 
     </span>
    </p>
   </div>
   <div class='ocr_carea' id='block_1_67' title="bbox 3061 876 4620 950">
    <p class='ocr_par' dir='ltr' id='par_1_67' title="bbox 3061 876 4620 950">
     <span class='ocr_line' id='line_1_67' title="bbox 3061 876 4620 950; baseline -0.008 -16"><span class='ocrx_word' id='word_1_428' title='bbox 3061 883 3257 934; x_wconf 92' lang='lat' dir='ltr'><strong>rimum</strong></span> <span class='ocrx_word' id='word_1_429' title='bbox 3298 882 3652 936; x_wconf 76' lang='lat' dir='ltr'><strong>Maximiliani</strong></span> <span class='ocrx_word' id='word_1_430' title='bbox 3696 881 3858 935; x_wconf 88' lang='lat' dir='ltr'><strong>rebus</strong></span> <span class='ocrx_word' id='word_1_431' title='bbox 3885 879 4108 950; x_wconf 81' lang='lat' dir='ltr'><strong>profuit.</strong></span> <span class='ocrx_word' id='word_1_432' title='bbox 4152 876 4284 930; x_wconf 83' lang='lat' dir='ltr'><strong>Nam</strong></span> <span class='ocrx_word' id='word_1_433' title='bbox 4313 877 4448 928; x_wconf 87' lang='lat' dir='ltr'><strong>lines</strong></span> <span class='ocrx_word' id='word_1_434' title='bbox 4495 887 4620 925; x_wconf 82' lang='lat' dir='ltr'><strong>suos</strong></span> 
     </span>
    </p>
   </div>
   <div class='ocr_carea' id='block_1_68' title="bbox 3061 964 4618 1044">
    <p class='ocr_par' dir='ltr' id='par_1_68' title="bbox 3061 964 4618 1044">
     <span class='ocr_line' id='line_1_68' title="bbox 3061 964 4618 1044; baseline -0.009 -17"><span class='ocrx_word' id='word_1_435' title='bbox 3061 989 3222 1042; x_wconf 79' lang='lat' dir='ltr'><strong>Opera</strong></span> <span class='ocrx_word' id='word_1_436' title='bbox 3252 976 3476 1030; x_wconf 84' lang='lat' dir='ltr'><strong>Sneudii</strong></span> <span class='ocrx_word' id='word_1_437' title='bbox 3528 976 3607 1030; x_wconf 80' lang='lat' dir='ltr'><strong>sic</strong></span> <span class='ocrx_word' id='word_1_438' title='bbox 3671 973 3982 1044; x_wconf 80' lang='lat' dir='ltr'><strong>ampliarat,</strong></span> <span class='ocrx_word' id='word_1_439' title='bbox 4039 982 4095 1024; x_wconf 90' lang='grc' dir='ltr'><strong>ιιι</strong></span> <span class='ocrx_word' id='word_1_440' title='bbox 4159 970 4224 1024; x_wconf 90' lang='lat' dir='ltr'><strong>ad</strong></span> <span class='ocrx_word' id='word_1_441' title='bbox 4269 964 4618 1039; x_wconf 76' lang='lat' dir='ltr'><strong>quadraginta</strong></span> 
     </span>
    </p>
   </div>
   <div class='ocr_carea' id='block_1_69' title="bbox 3064 1057 4615 1121">
    <p class='ocr_par' dir='ltr' id='par_1_69' title="bbox 3064 1057 4615 1121">
     <span class='ocr_line' id='line_1_69' title="bbox 3064 1057 4615 1121; baseline -0.008 -2"><span class='ocrx_word' id='word_1_442' title='bbox 3064 1066 3313 1119; x_wconf 87' lang='lat' dir='ltr'><strong>milliaria</strong></span> <span class='ocrx_word' id='word_1_443' title='bbox 3337 1066 3659 1121; x_wconf 77' lang='lat' dir='ltr'><strong>Germanica</strong></span> <span class='ocrx_word' id='word_1_444' title='bbox 3694 1067 3773 1120; x_wconf 89' lang='lat' dir='ltr'><strong>cis</strong></span> <span class='ocrx_word' id='word_1_445' title='bbox 3804 1077 3859 1118; x_wconf 90' lang='lat' dir='ltr'><strong>et</strong></span> <span class='ocrx_word' id='word_1_446' title='bbox 3891 1065 4032 1117; x_wconf 86' lang='lat' dir='ltr'><strong>ultra</strong></span> <span class='ocrx_word' id='word_1_447' title='bbox 4079 1061 4358 1116; x_wconf 81' lang='lat' dir='ltr'><strong>Tibiscum</strong></span> <span class='ocrx_word' id='word_1_448' title='bbox 4396 1060 4504 1112; x_wconf 90' lang='lat' dir='ltr'><strong>late</strong></span> <span class='ocrx_word' id='word_1_449' title='bbox 4531 1057 4615 1108; x_wconf 79' lang='lat' dir='ltr'><strong>tio-</strong></span> 
     </span>
    </p>
   </div>
   <div class='ocr_carea' id='block_1_70' title="bbox 3065 1152 4622 1228">
    <p class='ocr_par' dir='ltr' id='par_1_70' title="bbox 3065 1152 4622 1228">
     <span class='ocr_line' id='line_1_70' title="bbox 3065 1152 4622 1228; baseline -0.008 -16"><span class='ocrx_word' id='word_1_450' title='bbox 3065 1160 3539 1228; x_wconf 77' lang='lat' dir='ltr'><strong>miuarcturtqua</strong></span> <span class='ocrx_word' id='word_1_451' title='bbox 3596 1159 3814 1226; x_wconf 86' lang='lat' dir='ltr'><strong>quidem</strong></span> <span class='ocrx_word' id='word_1_452' title='bbox 3868 1159 3920 1209; x_wconf 92' lang='lat' dir='ltr'><strong>iu</strong></span> <span class='ocrx_word' id='word_1_453' title='bbox 3983 1158 4204 1224; x_wconf 77' lang='lat' dir='ltr'><strong>regione</strong></span> <span class='ocrx_word' id='word_1_454' title='bbox 4261 1152 4446 1205; x_wconf 75' lang='lat' dir='ltr'><strong>multa:</strong></span> <span class='ocrx_word' id='word_1_455' title='bbox 4503 1157 4622 1200; x_wconf 87' lang='lat' dir='ltr'><strong>sunt</strong></span> 
     </span>
    </p>
   </div>
   <div class='ocr_carea' id='block_1_71' title="bbox 3066 1242 4622 1316">
    <p class='ocr_par' dir='ltr' id='par_1_71' title="bbox 3066 1242 4622 1316">
     <span class='ocr_line' id='line_1_71' title="bbox 3066 1242 4622 1316; baseline -0.01 -12"><span class='ocrx_word' id='word_1_456' title='bbox 3066 1267 3238 1314; x_wconf 84' lang='lat' dir='ltr'><strong>arces,</strong></span> <span class='ocrx_word' id='word_1_457' title='bbox 3273 1252 3450 1303; x_wconf 66' lang='lat' dir='ltr'><strong>multae</strong></span> <span class='ocrx_word' id='word_1_458' title='bbox 3475 1249 3802 1303; x_wconf 87' lang='lat' dir='ltr'><strong>munitiones</strong></span> <span class='ocrx_word' id='word_1_459' title='bbox 3828 1249 4091 1316; x_wconf 78' lang='lat' dir='ltr'><strong>insignes,</strong></span> <span class='ocrx_word' id='word_1_460' title='bbox 4147 1247 4338 1313; x_wconf 79' lang='lat' dir='ltr'><strong>partim</strong></span> <span class='ocrx_word' id='word_1_461' title='bbox 4382 1245 4451 1296; x_wconf 89' lang='lat' dir='ltr'><strong>ab</strong></span> <span class='ocrx_word' id='word_1_462' title='bbox 4466 1242 4622 1295; x_wconf 70' lang='lat' dir='ltr'><strong>hoste</strong></span> 
     </span>
    </p>
   </div>
   <div class='ocr_carea' id='block_1_72' title="bbox 3065 1335 4620 1411">
    <p class='ocr_par' dir='ltr' id='par_1_72' title="bbox 3065 1335 4620 1411">
     <span class='ocr_line' id='line_1_72' title="bbox 3065 1335 4620 1411; baseline -0.011 -13"><span class='ocrx_word' id='word_1_463' title='bbox 3065 1355 3255 1411; x_wconf 71' lang='lat' dir='ltr'><strong>capue,</strong></span> <span class='ocrx_word' id='word_1_464' title='bbox 3308 1344 3505 1411; x_wconf 90' lang='lat' dir='ltr'><strong>partim</strong></span> <span class='ocrx_word' id='word_1_465' title='bbox 3563 1343 3716 1396; x_wconf 75' lang='lat' dir='ltr'><strong>factze</strong></span> <span class='ocrx_word' id='word_1_466' title='bbox 3785 1339 4064 1410; x_wconf 73' lang='lat' dir='ltr'><strong>diligentia</strong></span> <span class='ocrx_word' id='word_1_467' title='bbox 4130 1336 4382 1397; x_wconf 90' lang='lat' dir='ltr'><strong>Suendii,</strong></span> <span class='ocrx_word' id='word_1_468' title='bbox 4435 1335 4620 1404; x_wconf 81' lang='lat' dir='ltr'><strong>partim</strong></span> 
     </span>
    </p>
   </div>
   <div class='ocr_carea' id='block_1_73' title="bbox 3066 1427 4623 1494">
    <p class='ocr_par' dir='ltr' id='par_1_73' title="bbox 3066 1427 4623 1494">
     <span class='ocr_line' id='line_1_73' title="bbox 3066 1427 4623 1494; baseline -0.008 -4"><span class='ocrx_word' id='word_1_469' title='bbox 3066 1435 3528 1491; x_wconf 53' lang='lat' dir='ltr'><strong>inchoataltletn</strong></span> <span class='ocrx_word' id='word_1_470' title='bbox 3589 1445 3644 1490; x_wconf 80' lang='lat' dir='ltr'><strong>et</strong></span> <span class='ocrx_word' id='word_1_471' title='bbox 3677 1433 3858 1489; x_wconf 72' lang='lat' dir='ltr'><strong>aerarii</strong></span> <span class='ocrx_word' id='word_1_472' title='bbox 3916 1431 4037 1485; x_wconf 80' lang='lat' dir='ltr'><strong>novi</strong></span> <span class='ocrx_word' id='word_1_473' title='bbox 4094 1430 4403 1494; x_wconf 87' lang='lat' dir='ltr'><strong>(Cameram</strong></span> <span class='ocrx_word' id='word_1_474' title='bbox 4474 1427 4623 1493; x_wconf 67' lang='lat' dir='ltr'><strong>\ttigo</strong></span> 
     </span>
    </p>
   </div>
   <div class='ocr_carea' id='block_1_74' title="bbox 3067 1520 4622 1594">
    <p class='ocr_par' dir='ltr' id='par_1_74' title="bbox 3067 1520 4622 1594">
     <span class='ocr_line' id='line_1_74' title="bbox 3067 1520 4622 1594; baseline -0.008 -15"><span class='ocrx_word' id='word_1_475' title='bbox 3067 1535 3286 1594; x_wconf 75' lang='lat' dir='ltr'><strong>vocant)</strong></span> <span class='ocrx_word' id='word_1_476' title='bbox 3319 1529 3371 1581; x_wconf 90' lang='lat' dir='ltr'><strong>itt</strong></span> <span class='ocrx_word' id='word_1_477' title='bbox 3408 1529 3474 1582; x_wconf 88' lang='lat' dir='ltr'><strong>iis</strong></span> <span class='ocrx_word' id='word_1_478' title='bbox 3505 1529 3638 1582; x_wconf 88' lang='lat' dir='ltr'><strong>locis</strong></span> <span class='ocrx_word' id='word_1_479' title='bbox 3675 1536 3867 1580; x_wconf 87' lang='lat' dir='ltr'><strong>auctor</strong></span> <span class='ocrx_word' id='word_1_480' title='bbox 3889 1525 4123 1586; x_wconf 74' lang='lat' dir='ltr'><strong>exstitit,</strong></span> <span class='ocrx_word' id='word_1_481' title='bbox 4152 1525 4218 1577; x_wconf 90' lang='lat' dir='ltr'><strong>tle</strong></span> <span class='ocrx_word' id='word_1_482' title='bbox 4244 1538 4352 1588; x_wconf 89' lang='lat' dir='ltr'><strong>quo</strong></span> <span class='ocrx_word' id='word_1_483' title='bbox 4380 1520 4487 1573; x_wconf 80' lang='lat' dir='ltr'><strong>non</strong></span> <span class='ocrx_word' id='word_1_484' title='bbox 4517 1521 4622 1572; x_wconf 71' lang='lat' dir='ltr'><strong>leue</strong></span> 
     </span>
    </p>
   </div>
   <div class='ocr_carea' id='block_1_75' title="bbox 3066 1612 4623 1690">
    <p class='ocr_par' dir='ltr' id='par_1_75' title="bbox 3066 1612 4623 1690">
     <span class='ocr_line' id='line_1_75' title="bbox 3066 1612 4623 1690; baseline -0.013 -12"><span class='ocrx_word' id='word_1_485' title='bbox 3066 1623 3369 1678; x_wconf 81' lang='lat' dir='ltr'><strong>subsidium</strong></span> <span class='ocrx_word' id='word_1_486' title='bbox 3399 1621 3627 1690; x_wconf 90' lang='lat' dir='ltr'><strong>publicis</strong></span> <span class='ocrx_word' id='word_1_487' title='bbox 3658 1618 3822 1673; x_wconf 89' lang='lat' dir='ltr'><strong>rebus</strong></span> <span class='ocrx_word' id='word_1_488' title='bbox 3846 1620 4100 1678; x_wconf 90' lang='lat' dir='ltr'><strong>accessit,</strong></span> <span class='ocrx_word' id='word_1_489' title='bbox 4159 1614 4377 1674; x_wconf 82' lang='lat' dir='ltr'><strong>castris.</strong></span> <span class='ocrx_word' id='word_1_490' title='bbox 4403 1612 4623 1677; x_wconf 75' lang='lat' dir='ltr'><strong>aliisque</strong></span> 
     </span>
    </p>
   </div>
   <div class='ocr_carea' id='block_1_76' title="bbox 3070 1705 4625 1779">
    <p class='ocr_par' dir='ltr' id='par_1_76' title="bbox 3070 1705 4625 1779">
     <span class='ocr_line' id='line_1_76' title="bbox 3070 1705 4625 1779; baseline -0.009 -11"><span class='ocrx_word' id='word_1_491' title='bbox 3070 1713 3468 1777; x_wconf 86' lang='lat' dir='ltr'><strong>munitislocis,</strong></span> <span class='ocrx_word' id='word_1_492' title='bbox 3502 1728 3624 1766; x_wconf 90' lang='lat' dir='ltr'><strong>cum</strong></span> <span class='ocrx_word' id='word_1_493' title='bbox 3697 1710 3926 1779; x_wconf 83' lang='lat' dir='ltr'><strong>imperio</strong></span> <span class='ocrx_word' id='word_1_494' title='bbox 3982 1709 4304 1768; x_wconf 81' lang='lat' dir='ltr'><strong>Germanos,</strong></span> <span class='ocrx_word' id='word_1_495' title='bbox 4363 1705 4523 1770; x_wconf 79' lang='lat' dir='ltr'><strong>justis</strong></span> <span class='ocrx_word' id='word_1_496' title='bbox 4576 1711 4625 1754; x_wconf 81' lang='lat' dir='ltr'><strong>rt</strong></span> 
     </span>
    </p>
   </div>
   <div class='ocr_carea' id='block_1_77' title="bbox 3069 1797 4622 1874">
    <p class='ocr_par' dir='ltr' id='par_1_77' title="bbox 3069 1797 4622 1874">
     <span class='ocr_line' id='line_1_77' title="bbox 3069 1797 4622 1874; baseline -0.009 -16"><span class='ocrx_word' id='word_1_497' title='bbox 3069 1805 3323 1874; x_wconf 71' lang='lat' dir='ltr'><strong>gravibus</strong></span> <span class='ocrx_word' id='word_1_498' title='bbox 3361 1803 3428 1858; x_wconf 90' lang='lat' dir='ltr'><strong>de</strong></span> <span class='ocrx_word' id='word_1_499' title='bbox 3458 1802 3659 1865; x_wconf 84' lang='lat' dir='ltr'><strong>causis,</strong></span> <span class='ocrx_word' id='word_1_500' title='bbox 3697 1801 3938 1872; x_wconf 63' lang='lat' dir='ltr'><strong>praeit-cit</strong></span> <span class='ocrx_word' id='word_1_501' title='bbox 3962 1818 3976 1833; x_wconf 79' lang='grc' dir='ltr'><strong><em>ο</em></strong></span> <span class='ocrx_word' id='word_1_502' title='bbox 4038 1808 4204 1854; x_wconf 90' lang='lat' dir='ltr'><strong>totam</strong></span> <span class='ocrx_word' id='word_1_503' title='bbox 4239 1797 4470 1863; x_wconf 88' lang='lat' dir='ltr'><strong>denique</strong></span> <span class='ocrx_word' id='word_1_504' title='bbox 4517 1809 4622 1847; x_wconf 84' lang='lat' dir='ltr'><strong>rem</strong></span> 
     </span>
    </p>
   </div>
   <div class='ocr_carea' id='block_1_78' title="bbox 3075 1885 4622 1962">
    <p class='ocr_par' dir='ltr' id='par_1_78' title="bbox 3075 1885 4622 1962">
     <span class='ocr_line' id='line_1_78' title="bbox 3075 1885 4622 1962; baseline -0.01 -10"><span class='ocrx_word' id='word_1_505' title='bbox 3075 1899 3406 1953; x_wconf 87' lang='lat' dir='ltr'><strong>limitaneam</strong></span> <span class='ocrx_word' id='word_1_506' title='bbox 3447 1908 3660 1951; x_wconf 89' lang='lat' dir='ltr'><strong>matura</strong></span> <span class='ocrx_word' id='word_1_507' title='bbox 3702 1892 4060 1962; x_wconf 82' lang='lat' dir='ltr'><strong>providentia,</strong></span> <span class='ocrx_word' id='word_1_508' title='bbox 4115 1890 4308 1945; x_wconf 89' lang='lat' dir='ltr'><strong>tamin</strong></span> <span class='ocrx_word' id='word_1_509' title='bbox 4355 1885 4622 1957; x_wconf 71' lang='lat' dir='ltr'><strong>Ungariae,</strong></span> 
     </span>
    </p>
   </div>
   <div class='ocr_carea' id='block_1_79' title="bbox 3069 1978 4619 2058">
    <p class='ocr_par' dir='ltr' id='par_1_79' title="bbox 3069 1978 4619 2058">
     <span class='ocr_line' id='line_1_79' title="bbox 3069 1978 4619 2058; baseline -0.007 -15"><span class='ocrx_word' id='word_1_510' title='bbox 3069 2005 3229 2058; x_wconf 89' lang='lat' dir='ltr'><strong>quam</strong></span> <span class='ocrx_word' id='word_1_511' title='bbox 3263 1989 3451 2043; x_wconf 57' lang='lat' dir='ltr'><strong>vicinae</strong></span> <span class='ocrx_word' id='word_1_512' title='bbox 3483 1987 3679 2057; x_wconf 81' lang='lat' dir='ltr'><strong>Styriac</strong></span> <span class='ocrx_word' id='word_1_513' title='bbox 3706 1985 3903 2040; x_wconf 81' lang='lat' dir='ltr'><strong>liuibus</strong></span> <span class='ocrx_word' id='word_1_514' title='bbox 3930 1983 4214 2040; x_wconf 90' lang='lat' dir='ltr'><strong>constituit</strong></span> <span class='ocrx_word' id='word_1_515' title='bbox 4243 1999 4257 2036; x_wconf 88' lang='lat'><strong>:</strong></span> <span class='ocrx_word' id='word_1_516' title='bbox 4290 1995 4436 2034; x_wconf 89' lang='lat' dir='ltr'><strong>anno</strong></span> <span class='ocrx_word' id='word_1_517' title='bbox 4501 1978 4619 2040; x_wconf 80' lang='lat'><strong>975,</strong></span> 
     </span>
    </p>
   </div>
   <div class='ocr_carea' id='block_1_80' title="bbox 3066 2076 3907 2150">
    <p class='ocr_par' dir='ltr' id='par_1_80' title="bbox 3066 2076 3907 2150">
     <span class='ocr_line' id='line_1_80' title="bbox 3066 2076 3907 2150; baseline -0.006 -14"><span class='ocrx_word' id='word_1_518' title='bbox 3066 2091 3119 2136; x_wconf 88' lang='lat' dir='ltr'><strong>ct</strong></span> <span class='ocrx_word' id='word_1_519' title='bbox 3138 2081 3242 2136; x_wconf 89' lang='lat'><strong>976</strong></span> <span class='ocrx_word' id='word_1_520' title='bbox 3272 2079 3425 2150; x_wconf 75' lang='lat' dir='ltr'><strong>(om.</strong></span> <span class='ocrx_word' id='word_1_521' title='bbox 3467 2079 3604 2133; x_wconf 74' lang='lat' dir='ltr'><strong>isse</strong></span> <span class='ocrx_word' id='word_1_522' title='bbox 3638 2087 3686 2132; x_wconf 92' lang='lat' dir='ltr'><strong>el</strong></span> <span class='ocrx_word' id='word_1_523' title='bbox 3724 2076 3907 2146; x_wconf 80' lang='lat' dir='ltr'><strong>l569).</strong></span> 
     </span>
    </p>
   </div>
   <div class='ocr_carea' id='block_1_81' title="bbox 3139 2187 4624 2257">
    <p class='ocr_par' dir='ltr' id='par_1_81' title="bbox 3139 2187 4624 2257">
     <span class='ocr_line' id='line_1_81' title="bbox 3139 2187 4624 2257; baseline -0.008 -11"><span class='ocrx_word' id='word_1_524' title='bbox 3139 2192 3249 2248; x_wconf 84' lang='lat' dir='ltr'><strong>lloc</strong></span> <span class='ocrx_word' id='word_1_525' title='bbox 3280 2209 3424 2248; x_wconf 89' lang='lat' dir='ltr'><strong>anno</strong></span> <span class='ocrx_word' id='word_1_526' title='bbox 3462 2191 3565 2248; x_wconf 83' lang='lat'><strong>976</strong></span> <span class='ocrx_word' id='word_1_527' title='bbox 3619 2192 3770 2256; x_wconf 84' lang='lat' dir='ltr'><strong>(Chr.</strong></span> <span class='ocrx_word' id='word_1_528' title='bbox 3804 2190 3962 2250; x_wconf 66' lang='lat'><strong>1569)</strong></span> <span class='ocrx_word' id='word_1_529' title='bbox 4027 2187 4520 2257; x_wconf 87' lang='lat' dir='ltr'><strong>splendidissimum</strong></span> <span class='ocrx_word' id='word_1_530' title='bbox 4575 2194 4624 2235; x_wconf 87' lang='lat' dir='ltr'><strong>ct</strong></span> 
     </span>
    </p>
   </div>
   <div class='ocr_carea' id='block_1_82' title="bbox 3068 2279 4621 2342">
    <p class='ocr_par' dir='ltr' id='par_1_82' title="bbox 3068 2279 4621 2342">
     <span class='ocr_line' id='line_1_82' title="bbox 3068 2279 4621 2342; baseline -0.01 -2"><span class='ocrx_word' id='word_1_531' title='bbox 3068 2286 3548 2341; x_wconf 86' lang='lat' dir='ltr'><strong>instructissimum</strong></span> <span class='ocrx_word' id='word_1_532' title='bbox 3579 2283 3820 2337; x_wconf 81' lang='lat' dir='ltr'><strong>Venetiis</strong></span> <span class='ocrx_word' id='word_1_533' title='bbox 3842 2282 4052 2342; x_wconf 86' lang='lat' dir='ltr'><strong>navale.</strong></span> <span class='ocrx_word' id='word_1_534' title='bbox 4084 2280 4186 2335; x_wconf 90' lang='lat' dir='ltr'><strong>sub</strong></span> <span class='ocrx_word' id='word_1_535' title='bbox 4206 2279 4441 2333; x_wconf 86' lang='lat' dir='ltr'><strong>medium</strong></span> <span class='ocrx_word' id='word_1_536' title='bbox 4479 2291 4621 2328; x_wconf 83' lang='lat' dir='ltr'><strong>meu-</strong></span> 
     </span>
    </p>
   </div>
   <div class='ocr_carea' id='block_1_83' title="bbox 3067 2367 4623 2446">
    <p class='ocr_par' dir='ltr' id='par_1_83' title="bbox 3067 2367 4623 2446">
     <span class='ocr_line' id='line_1_83' title="bbox 3067 2367 4623 2446; baseline -0.013 -11"><span class='ocrx_word' id='word_1_537' title='bbox 3067 2395 3182 2435; x_wconf 91' lang='lat' dir='ltr'><strong>sem</strong></span> <span class='ocrx_word' id='word_1_538' title='bbox 3233 2379 3632 2446; x_wconf 85' lang='lat' dir='ltr'><strong>Septembrem,</strong></span> <span class='ocrx_word' id='word_1_539' title='bbox 3690 2389 3923 2430; x_wconf 89' lang='lat' dir='ltr'><strong>accenso</strong></span> <span class='ocrx_word' id='word_1_540' title='bbox 3973 2370 4329 2426; x_wconf 86' lang='lat' dir='ltr'><strong>tormentario</strong></span> <span class='ocrx_word' id='word_1_541' title='bbox 4388 2367 4623 2437; x_wconf 78' lang='lat' dir='ltr'><strong>pulvere,</strong></span> 
     </span>
    </p>
   </div>
   <div class='ocr_carea' id='block_1_84' title="bbox 3069 2458 4622 2534">
    <p class='ocr_par' dir='ltr' id='par_1_84' title="bbox 3069 2458 4622 2534">
     <span class='ocr_line' id='line_1_84' title="bbox 3069 2458 4622 2534; baseline -0.008 -12"><span class='ocrx_word' id='word_1_542' title='bbox 3069 2470 3308 2523; x_wconf 79' lang='lat' dir='ltr'><strong>maximo</strong></span> <span class='ocrx_word' id='word_1_543' title='bbox 3337 2484 3458 2523; x_wconf 91' lang='lat' dir='ltr'><strong>cum</strong></span> <span class='ocrx_word' id='word_1_544' title='bbox 3509 2467 3817 2534; x_wconf 70' lang='lat' dir='ltr'><strong>reipublicae</strong></span> <span class='ocrx_word' id='word_1_545' title='bbox 3874 2465 4202 2520; x_wconf 87' lang='lat' dir='ltr'><strong>detrimento</strong></span> <span class='ocrx_word' id='word_1_546' title='bbox 4253 2458 4622 2528; x_wconf 81' lang='lat' dir='ltr'><strong>conﬂagravit.</strong></span> 
     </span>
    </p>
   </div>
   <div class='ocr_carea' id='block_1_85' title="bbox 3069 2548 4624 2626">
    <p class='ocr_par' dir='ltr' id='par_1_85' title="bbox 3069 2548 4624 2626">
     <span class='ocr_line' id='line_1_85' title="bbox 3069 2548 4624 2626; baseline -0.01 -14"><span class='ocrx_word' id='word_1_547' title='bbox 3069 2557 3268 2613; x_wconf 91' lang='lat' dir='ltr'><strong>Ibidem</strong></span> <span class='ocrx_word' id='word_1_548' title='bbox 3301 2568 3408 2612; x_wconf 91' lang='lat' dir='ltr'><strong>tam</strong></span> <span class='ocrx_word' id='word_1_549' title='bbox 3438 2559 3489 2611; x_wconf 92' lang='lat' dir='ltr'><strong>in</strong></span> <span class='ocrx_word' id='word_1_550' title='bbox 3525 2559 3682 2619; x_wconf 89' lang='lat' dir='ltr'><strong>urbe,</strong></span> <span class='ocrx_word' id='word_1_551' title='bbox 3719 2572 3883 2626; x_wconf 91' lang='lat' dir='ltr'><strong>quant</strong></span> <span class='ocrx_word' id='word_1_552' title='bbox 3917 2563 4062 2609; x_wconf 88' lang='lat' dir='ltr'><strong>terra</strong></span> <span class='ocrx_word' id='word_1_553' title='bbox 4123 2553 4460 2609; x_wconf 87' lang='lat' dir='ltr'><strong>coutittente.</strong></span> <span class='ocrx_word' id='word_1_554' title='bbox 4514 2548 4624 2601; x_wconf 83' lang='lat' dir='ltr'><strong>ditt-</strong></span> 
     </span>
    </p>
   </div>
   <div class='ocr_carea' id='block_1_86' title="bbox 3069 2640 4624 2716">
    <p class='ocr_par' dir='ltr' id='par_1_86' title="bbox 3069 2640 4624 2716">
     <span class='ocr_line' id='line_1_86' title="bbox 3069 2640 4624 2716; baseline -0.01 -12"><span class='ocrx_word' id='word_1_555' title='bbox 3069 2659 3230 2704; x_wconf 85' lang='lat' dir='ltr'><strong>turoa</strong></span> <span class='ocrx_word' id='word_1_556' title='bbox 3255 2661 3307 2704; x_wconf 89' lang='lat' dir='ltr'><strong>et</strong></span> <span class='ocrx_word' id='word_1_557' title='bbox 3347 2650 3608 2704; x_wconf 81' lang='lat' dir='ltr'><strong>inusitata</strong></span> <span class='ocrx_word' id='word_1_558' title='bbox 3643 2649 3888 2716; x_wconf 62' lang='lat' dir='ltr'><strong>quaedam</strong></span> <span class='ocrx_word' id='word_1_559' title='bbox 3945 2653 4065 2700; x_wconf 87' lang='lat' dir='ltr'><strong>erat</strong></span> <span class='ocrx_word' id='word_1_560' title='bbox 4096 2659 4326 2697; x_wconf 74' lang='lat' dir='ltr'><strong>annona:</strong></span> <span class='ocrx_word' id='word_1_561' title='bbox 4371 2640 4624 2694; x_wconf 88' lang='lat' dir='ltr'><strong>cbaritas.</strong></span> 
     </span>
    </p>
   </div>
   <div class='ocr_carea' id='block_1_87' title="bbox 3067 2730 4624 2806">
    <p class='ocr_par' dir='ltr' id='par_1_87' title="bbox 3067 2730 4624 2806">
     <span class='ocr_line' id='line_1_87' title="bbox 3067 2730 4624 2806; baseline -0.009 -11"><span class='ocrx_word' id='word_1_562' title='bbox 3067 2739 3429 2806; x_wconf 70' lang='lat' dir='ltr'><strong>Quamobrem</strong></span> <span class='ocrx_word' id='word_1_563' title='bbox 3476 2739 3726 2792; x_wconf 88' lang='lat' dir='ltr'><strong>sultanus</strong></span> <span class='ocrx_word' id='word_1_564' title='bbox 3781 2735 4032 2798; x_wconf 82' lang='lat' dir='ltr'><strong>Selimes,</strong></span> <span class='ocrx_word' id='word_1_565' title='bbox 4091 2734 4216 2788; x_wconf 88' lang='lat' dir='ltr'><strong>licet</strong></span> <span class='ocrx_word' id='word_1_566' title='bbox 4281 2731 4436 2785; x_wconf 90' lang='lat' dir='ltr'><strong>initio</strong></span> <span class='ocrx_word' id='word_1_567' title='bbox 4485 2730 4624 2794; x_wconf 71' lang='grc' dir='ltr'><strong>τρπηί</strong></span> 
     </span>
    </p>
   </div>
   <div class='ocr_carea' id='block_1_88' title="bbox 3071 2825 4628 2900">
    <p class='ocr_par' dir='ltr' id='par_1_88' title="bbox 3071 2825 4628 2900">
     <span class='ocr_line' id='line_1_88' title="bbox 3071 2825 4628 2900; baseline -0.006 -17"><span class='ocrx_word' id='word_1_568' title='bbox 3071 2848 3281 2900; x_wconf 83' lang='lat' dir='ltr'><strong>pacem.</strong></span> <span class='ocrx_word' id='word_1_569' title='bbox 3310 2846 3338 2884; x_wconf 90' lang='lat' dir='ltr'><strong>a</strong></span> <span class='ocrx_word' id='word_1_570' title='bbox 3367 2832 3675 2885; x_wconf 81' lang='lat' dir='ltr'><strong>Soleituaue</strong></span> <span class='ocrx_word' id='word_1_571' title='bbox 3695 2837 3848 2899; x_wconf 83' lang='lat' dir='ltr'><strong>patre</strong></span> <span class='ocrx_word' id='word_1_572' title='bbox 3873 2843 3996 2882; x_wconf 90' lang='lat' dir='ltr'><strong>cum</strong></span> <span class='ocrx_word' id='word_1_573' title='bbox 4020 2825 4242 2880; x_wconf 83' lang='lat' dir='ltr'><strong>Venetis</strong></span> <span class='ocrx_word' id='word_1_574' title='bbox 4278 2825 4487 2884; x_wconf 89' lang='lat' dir='ltr'><strong>initam,</strong></span> <span class='ocrx_word' id='word_1_575' title='bbox 4509 2840 4628 2876; x_wconf 78' lang='lat' dir='ltr'><strong>cou-</strong></span> 
     </span>
    </p>
   </div>
   <div class='ocr_carea' id='block_1_89' title="bbox 3071 2917 4626 2990">
    <p class='ocr_par' dir='ltr' id='par_1_89' title="bbox 3071 2917 4626 2990">
     <span class='ocr_line' id='line_1_89' title="bbox 3071 2917 4626 2990; baseline -0.009 -10"><span class='ocrx_word' id='word_1_576' title='bbox 3071 2926 3338 2986; x_wconf 82' lang='lat' dir='ltr'><strong>lirmasse,</strong></span> <span class='ocrx_word' id='word_1_577' title='bbox 3373 2935 3552 2978; x_wconf 82' lang='lat' dir='ltr'><strong>tamen</strong></span> <span class='ocrx_word' id='word_1_578' title='bbox 3587 2923 3669 2977; x_wconf 89' lang='lat' dir='ltr'><strong>vel</strong></span> <span class='ocrx_word' id='word_1_579' title='bbox 3701 2923 4002 2977; x_wconf 86' lang='lat' dir='ltr'><strong>ambitione</strong></span> <span class='ocrx_word' id='word_1_580' title='bbox 4025 2918 4266 2990; x_wconf 88' lang='lat' dir='ltr'><strong>propria,</strong></span> <span class='ocrx_word' id='word_1_581' title='bbox 4298 2917 4378 2972; x_wconf 89' lang='lat' dir='ltr'><strong>vel</strong></span> <span class='ocrx_word' id='word_1_582' title='bbox 4409 2932 4626 2970; x_wconf 85' lang='lat' dir='ltr'><strong>suorum</strong></span> 
     </span>
    </p>
   </div>
   <div class='ocr_carea' id='block_1_90' title="bbox 3071 3014 4626 3086">
    <p class='ocr_par' dir='ltr' id='par_1_90' title="bbox 3071 3014 4626 3086">
     <span class='ocr_line' id='line_1_90' title="bbox 3071 3014 4626 3086; baseline -0.009 -14"><span class='ocrx_word' id='word_1_583' title='bbox 3071 3019 3330 3086; x_wconf 90' lang='lat' dir='ltr'><strong>impulsu,</strong></span> <span class='ocrx_word' id='word_1_584' title='bbox 3354 3017 3436 3071; x_wconf 93' lang='lat' dir='ltr'><strong>vel</strong></span> <span class='ocrx_word' id='word_1_585' title='bbox 3458 3018 3560 3070; x_wconf 88' lang='lat' dir='ltr'><strong>Itoc</strong></span> <span class='ocrx_word' id='word_1_586' title='bbox 3583 3014 3907 3070; x_wconf 87' lang='lat' dir='ltr'><strong>Venetorum</strong></span> <span class='ocrx_word' id='word_1_587' title='bbox 3933 3014 4159 3066; x_wconf 85' lang='lat' dir='ltr'><strong>adverso</strong></span> <span class='ocrx_word' id='word_1_588' title='bbox 4180 3025 4308 3062; x_wconf 83' lang='lat' dir='ltr'><strong>casu</strong></span> <span class='ocrx_word' id='word_1_589' title='bbox 4333 3019 4626 3074; x_wconf 76' lang='lat' dir='ltr'><strong>permotus.</strong></span> 
     </span>
    </p>
   </div>
   <div class='ocr_carea' id='block_1_91' title="bbox 3069 3094 4622 3169">
    <p class='ocr_par' dir='ltr' id='par_1_91' title="bbox 3069 3094 4622 3169">
     <span class='ocr_line' id='line_1_91' title="bbox 3069 3094 4622 3169; baseline -0.014 -5"><span class='ocrx_word' id='word_1_590' title='bbox 3069 3110 3270 3164; x_wconf 90' lang='lat' dir='ltr'><strong>bellum</strong></span> <span class='ocrx_word' id='word_1_591' title='bbox 3305 3110 3383 3162; x_wconf 89' lang='lat' dir='ltr'><strong>eis</strong></span> <span class='ocrx_word' id='word_1_592' title='bbox 3416 3107 3619 3162; x_wconf 82' lang='lat' dir='ltr'><strong>inferre</strong></span> <span class='ocrx_word' id='word_1_593' title='bbox 3650 3105 3862 3167; x_wconf 82' lang='lat' dir='ltr'><strong>statuit,</strong></span> <span class='ocrx_word' id='word_1_594' title='bbox 3888 3099 4118 3169; x_wconf 66' lang='lat' dir='ltr'><strong>quaesito</strong></span> <span class='ocrx_word' id='word_1_595' title='bbox 4151 3107 4439 3168; x_wconf 68' lang='lat' dir='ltr'><strong>praetextu,</strong></span> <span class='ocrx_word' id='word_1_596' title='bbox 4475 3094 4622 3164; x_wconf 84' lang='lat' dir='ltr'><strong>quasi</strong></span> 
     </span>
    </p>
   </div>
   <div class='ocr_carea' id='block_1_92' title="bbox 3071 3187 4631 3272">
    <p class='ocr_par' dir='ltr' id='par_1_92' title="bbox 3071 3187 4631 3272">
     <span class='ocr_line' id='line_1_92' title="bbox 3071 3187 4631 3272; baseline -0.011 -16"><span class='ocrx_word' id='word_1_597' title='bbox 3071 3202 3308 3272; x_wconf 83' lang='lat' dir='ltr'><strong>Cyprum</strong></span> <span class='ocrx_word' id='word_1_598' title='bbox 3342 3200 3491 3254; x_wconf 92' lang='lat' dir='ltr'><strong>nullo</strong></span> <span class='ocrx_word' id='word_1_599' title='bbox 3518 3199 3640 3268; x_wconf 88' lang='lat' dir='ltr'><strong>jure</strong></span> <span class='ocrx_word' id='word_1_600' title='bbox 3670 3196 4036 3266; x_wconf 79' lang='lat' dir='ltr'><strong>possiderent.</strong></span> <span class='ocrx_word' id='word_1_601' title='bbox 4073 3207 4194 3262; x_wconf 74' lang='lat' dir='ltr'><strong>qua:</strong></span> <span class='ocrx_word' id='word_1_602' title='bbox 4224 3190 4296 3245; x_wconf 93' lang='lat' dir='ltr'><strong>ob</strong></span> <span class='ocrx_word' id='word_1_603' title='bbox 4326 3187 4631 3244; x_wconf 52' lang='lat' dir='ltr'><strong>successio-</strong></span> 
     </span>
    </p>
   </div>
   <div class='ocr_carea' id='block_1_93' title="bbox 3075 3283 4628 3361">
    <p class='ocr_par' dir='ltr' id='par_1_93' title="bbox 3075 3283 4628 3361">
     <span class='ocr_line' id='line_1_93' title="bbox 3075 3283 4628 3361; baseline -0.012 -13"><span class='ocrx_word' id='word_1_604' title='bbox 3075 3309 3199 3348; x_wconf 89' lang='lat' dir='ltr'><strong>nem</strong></span> <span class='ocrx_word' id='word_1_605' title='bbox 3259 3293 3434 3361; x_wconf 78' lang='lat' dir='ltr'><strong>gentis</strong></span> <span class='ocrx_word' id='word_1_606' title='bbox 3490 3288 3912 3346; x_wconf 84' lang='lat' dir='ltr'><strong>Osntanidarum</strong></span> <span class='ocrx_word' id='word_1_607' title='bbox 3971 3286 4026 3340; x_wconf 87' lang='lat' dir='ltr'><strong>in</strong></span> <span class='ocrx_word' id='word_1_608' title='bbox 4088 3283 4212 3353; x_wconf 86' lang='lat' dir='ltr'><strong>jura</strong></span> <span class='ocrx_word' id='word_1_609' title='bbox 4288 3283 4628 3335; x_wconf 85' lang='lat' dir='ltr'><strong>sultauoru-u</strong></span> 
     </span>
    </p>
   </div>
   <div class='ocr_carea' id='block_1_94' title="bbox 3073 3368 4633 3453">
    <p class='ocr_par' dir='ltr' id='par_1_94' title="bbox 3073 3368 4633 3453">
     <span class='ocr_line' id='line_1_94' title="bbox 3073 3368 4633 3453; baseline -0.013 -14"><span class='ocrx_word' id='word_1_610' title='bbox 3073 3381 3313 3453; x_wconf 65' lang='lat' dir='ltr'><strong>Egypti,</strong></span> <span class='ocrx_word' id='word_1_611' title='bbox 3349 3381 3414 3436; x_wconf 87' lang='lat' dir='ltr'><strong>ad</strong></span> <span class='ocrx_word' id='word_1_612' title='bbox 3443 3396 3499 3436; x_wconf 91' lang='lat' dir='ltr'><strong>se</strong></span> <span class='ocrx_word' id='word_1_613' title='bbox 3524 3381 3733 3435; x_wconf 89' lang='lat' dir='ltr'><strong>directo</strong></span> <span class='ocrx_word' id='word_1_614' title='bbox 3779 3377 4095 3446; x_wconf 88' lang='lat' dir='ltr'><strong>pertineret.</strong></span> <span class='ocrx_word' id='word_1_615' title='bbox 4126 3373 4280 3427; x_wconf 81' lang='lat' dir='ltr'><strong>Licet</strong></span> <span class='ocrx_word' id='word_1_616' title='bbox 4335 3371 4478 3424; x_wconf 86' lang='lat' dir='ltr'><strong>enim</strong></span> <span class='ocrx_word' id='word_1_617' title='bbox 4505 3368 4633 3421; x_wconf 83' lang='lat' dir='ltr'><strong>Seli-</strong></span> 
     </span>
    </p>
   </div>
   <div class='ocr_carea' id='block_1_95' title="bbox 3073 3459 4630 3536">
    <p class='ocr_par' dir='ltr' id='par_1_95' title="bbox 3073 3459 4630 3536">
     <span class='ocr_line' id='line_1_95' title="bbox 3073 3459 4630 3536; baseline -0.01 -8"><span class='ocrx_word' id='word_1_618' title='bbox 3073 3489 3190 3529; x_wconf 89' lang='lat' dir='ltr'><strong>tnes</strong></span> <span class='ocrx_word' id='word_1_619' title='bbox 3220 3489 3354 3528; x_wconf 88' lang='lat' dir='ltr'><strong>avus</strong></span> <span class='ocrx_word' id='word_1_620' title='bbox 3381 3482 3434 3529; x_wconf 90' lang='lat' dir='ltr'><strong>et</strong></span> <span class='ocrx_word' id='word_1_621' title='bbox 3473 3471 3814 3528; x_wconf 85' lang='lat' dir='ltr'><strong>Soleimanes</strong></span> <span class='ocrx_word' id='word_1_622' title='bbox 3842 3477 4017 3536; x_wconf 87' lang='lat' dir='ltr'><strong>pater,</strong></span> <span class='ocrx_word' id='word_1_623' title='bbox 4050 3465 4216 3520; x_wconf 87' lang='lat' dir='ltr'><strong>annui</strong></span> <span class='ocrx_word' id='word_1_624' title='bbox 4258 3464 4466 3518; x_wconf 85' lang='lat' dir='ltr'><strong>tributi.</strong></span> <span class='ocrx_word' id='word_1_625' title='bbox 4493 3459 4630 3528; x_wconf 87' lang='lat' dir='ltr'><strong>quod</strong></span> 
     </span>
    </p>
   </div>
   <div class='ocr_carea' id='block_1_96' title="bbox 3073 3554 4636 3631">
    <p class='ocr_par' dir='ltr' id='par_1_96' title="bbox 3073 3554 4636 3631">
     <span class='ocr_line' id='line_1_96' title="bbox 3073 3554 4636 3631; baseline -0.007 -12"><span class='ocrx_word' id='word_1_626' title='bbox 3073 3580 3103 3619; x_wconf 87' lang='lat' dir='ltr'><strong>a</strong></span> <span class='ocrx_word' id='word_1_627' title='bbox 3138 3563 3361 3619; x_wconf 78' lang='lat' dir='ltr'><strong>Venetis</strong></span> <span class='ocrx_word' id='word_1_628' title='bbox 3388 3563 3505 3631; x_wconf 83' lang='lat' dir='ltr'><strong>ejus</strong></span> <span class='ocrx_word' id='word_1_629' title='bbox 3537 3559 3927 3631; x_wconf 72' lang='lat' dir='ltr'><strong>reguittumine</strong></span> <span class='ocrx_word' id='word_1_630' title='bbox 3967 3556 4329 3624; x_wconf 87' lang='lat' dir='ltr'><strong>pendebatur,</strong></span> <span class='ocrx_word' id='word_1_631' title='bbox 4367 3554 4636 3608; x_wconf 81' lang='lat' dir='ltr'><strong>solutione</strong></span> 
     </span>
    </p>
   </div>
   <div class='ocr_carea' id='block_1_97' title="bbox 3073 3647 4636 3724">
    <p class='ocr_par' dir='ltr' id='par_1_97' title="bbox 3073 3647 4636 3724">
     <span class='ocr_line' id='line_1_97' title="bbox 3073 3647 4636 3724; baseline -0.006 -13"><span class='ocrx_word' id='word_1_632' title='bbox 3073 3655 3336 3718; x_wconf 86' lang='lat' dir='ltr'><strong>contenti,</strong></span> <span class='ocrx_word' id='word_1_633' title='bbox 3369 3653 3777 3724; x_wconf 71' lang='lat' dir='ltr'><strong>possessionem</strong></span> <span class='ocrx_word' id='word_1_634' title='bbox 3825 3651 4018 3706; x_wconf 75' lang='lat' dir='ltr'><strong>ittsula‘.</strong></span> <span class='ocrx_word' id='word_1_635' title='bbox 4084 3648 4309 3702; x_wconf 88' lang='lat' dir='ltr'><strong>Venetis</strong></span> <span class='ocrx_word' id='word_1_636' title='bbox 4372 3647 4636 3701; x_wconf 88' lang='lat' dir='ltr'><strong>hactenus</strong></span> 
     </span>
    </p>
   </div>
   <div class='ocr_carea' id='block_1_98' title="bbox 3075 3745 4634 3817">
    <p class='ocr_par' dir='ltr' id='par_1_98' title="bbox 3075 3745 4634 3817">
     <span class='ocr_line' id='line_1_98' title="bbox 3075 3745 4634 3817; baseline -0.005 -11"><span class='ocrx_word' id='word_1_637' title='bbox 3075 3751 3424 3817; x_wconf 83' lang='lat' dir='ltr'><strong>reliquissent</strong></span> <span class='ocrx_word' id='word_1_638' title='bbox 3452 3767 3467 3804; x_wconf 89' lang='lat'><strong>:</strong></span> <span class='ocrx_word' id='word_1_639' title='bbox 3494 3749 3703 3803; x_wconf 87' lang='lat' dir='ltr'><strong>nullunt</strong></span> <span class='ocrx_word' id='word_1_640' title='bbox 3736 3757 3914 3802; x_wconf 87' lang='lat' dir='ltr'><strong>tamen</strong></span> <span class='ocrx_word' id='word_1_641' title='bbox 3951 3747 4054 3800; x_wconf 88' lang='lat' dir='ltr'><strong>hoc</strong></span> <span class='ocrx_word' id='word_1_642' title='bbox 4097 3746 4202 3801; x_wconf 90' lang='lat' dir='ltr'><strong>sibi</strong></span> <span class='ocrx_word' id='word_1_643' title='bbox 4244 3745 4470 3814; x_wconf 75' lang='lat' dir='ltr'><strong>gignere</strong></span> <span class='ocrx_word' id='word_1_644' title='bbox 4501 3760 4634 3813; x_wconf 67' lang='lat' dir='ltr'><strong>pra!-</strong></span> 
     </span>
    </p>
   </div>
   <div class='ocr_carea' id='block_1_99' title="bbox 3070 3835 4634 3913">
    <p class='ocr_par' dir='ltr' id='par_1_99' title="bbox 3070 3835 4634 3913">
     <span class='ocr_line' id='line_1_99' title="bbox 3070 3835 4634 3913; baseline -0.005 -17"><span class='ocrx_word' id='word_1_645' title='bbox 3070 3842 3335 3913; x_wconf 89' lang='lat' dir='ltr'><strong>judicium</strong></span> <span class='ocrx_word' id='word_1_646' title='bbox 3375 3854 3532 3909; x_wconf 88' lang='lat' dir='ltr'><strong>posse</strong></span> <span class='ocrx_word' id='word_1_647' title='bbox 3553 3839 3791 3898; x_wconf 88' lang='lat' dir='ltr'><strong>dicebat,</strong></span> <span class='ocrx_word' id='word_1_648' title='bbox 3822 3837 4116 3907; x_wconf 88' lang='lat' dir='ltr'><strong>quominus</strong></span> <span class='ocrx_word' id='word_1_649' title='bbox 4153 3837 4265 3908; x_wconf 87' lang='lat' dir='ltr'><strong>jam</strong></span> <span class='ocrx_word' id='word_1_650' title='bbox 4299 3835 4507 3889; x_wconf 89' lang='lat' dir='ltr'><strong>tributo</strong></span> <span class='ocrx_word' id='word_1_651' title='bbox 4561 3848 4634 3888; x_wconf 87' lang='lat' dir='ltr'><strong>re-</strong></span> 
     </span>
    </p>
   </div>
   <div class='ocr_carea' id='block_1_100' title="bbox 3078 3919 4635 4002">
    <p class='ocr_par' dir='ltr' id='par_1_100' title="bbox 3078 3919 4635 4002">
     <span class='ocr_line' id='line_1_100' title="bbox 3078 3919 4635 4002; baseline -0.006 -16"><span class='ocrx_word' id='word_1_652' title='bbox 3078 3919 3578 4002; x_wconf 24' lang='lat' dir='ltr'><strong>pudiato,\regnum</strong></span> <span class='ocrx_word' id='word_1_653' title='bbox 3607 3930 3692 3985; x_wconf 87' lang='lat' dir='ltr'><strong>sui</strong></span> <span class='ocrx_word' id='word_1_654' title='bbox 3723 3929 3861 3999; x_wconf 90' lang='lat' dir='ltr'><strong>juris</strong></span> <span class='ocrx_word' id='word_1_655' title='bbox 3908 3936 4220 3999; x_wconf 87' lang='lat' dir='ltr'><strong>occuparet,</strong></span> <span class='ocrx_word' id='word_1_656' title='bbox 4262 3941 4324 3981; x_wconf 93' lang='lat' dir='ltr'><strong>ac</strong></span> <span class='ocrx_word' id='word_1_657' title='bbox 4355 3927 4461 3982; x_wconf 83' lang='lat' dir='ltr'><strong>sibi</strong></span> <span class='ocrx_word' id='word_1_658' title='bbox 4513 3927 4635 3981; x_wconf 83' lang='lat' dir='ltr'><strong>reti-</strong></span> 
     </span>
    </p>
   </div>
   <div class='ocr_carea' id='block_1_101' title="bbox 3077 4033 3248 4080">
    <p class='ocr_par' dir='ltr' id='par_1_101' title="bbox 3077 4033 3248 4080">
     <span class='ocr_line' id='line_1_101' title="bbox 3077 4033 3248 4080; baseline -0.012 -1"><span class='ocrx_word' id='word_1_659' title='bbox 3077 4033 3248 4080; x_wconf 79' lang='lat' dir='ltr'><strong>tteret.</strong></span> 
     </span>
    </p>
   </div>
   <div class='ocr_carea' id='block_1_102' title="bbox 3148 4135 4638 4207">
    <p class='ocr_par' dir='ltr' id='par_1_102' title="bbox 3148 4135 4638 4207">
     <span class='ocr_line' id='line_1_102' title="bbox 3148 4135 4638 4207; baseline -0.004 -14"><span class='ocrx_word' id='word_1_660' title='bbox 3148 4140 3338 4207; x_wconf 90' lang='lat' dir='ltr'><strong>Itaque</strong></span> <span class='ocrx_word' id='word_1_661' title='bbox 3365 4153 3548 4193; x_wconf 88' lang='lat' dir='ltr'><strong>mense</strong></span> <span class='ocrx_word' id='word_1_662' title='bbox 3601 4136 3900 4192; x_wconf 82' lang='lat' dir='ltr'><strong>Februario</strong></span> <span class='ocrx_word' id='word_1_663' title='bbox 3935 4136 4212 4204; x_wconf 85' lang='lat' dir='ltr'><strong>sequentis</strong></span> <span class='ocrx_word' id='word_1_664' title='bbox 4263 4137 4421 4198; x_wconf 80' lang='lat' dir='ltr'><strong>anui,</strong></span> <span class='ocrx_word' id='word_1_665' title='bbox 4472 4135 4638 4188; x_wconf 86' lang='lat' dir='ltr'><strong>Cuba-</strong></span> 
     </span>
    </p>
   </div>
   <div class='ocr_carea' id='block_1_103' title="bbox 3080 4225 4637 4296">
    <p class='ocr_par' dir='ltr' id='par_1_103' title="bbox 3080 4225 4637 4296">
     <span class='ocr_line' id='line_1_103' title="bbox 3080 4225 4637 4296; baseline -0.004 -11"><span class='ocrx_word' id='word_1_666' title='bbox 3080 4241 3184 4286; x_wconf 88' lang='lat' dir='ltr'><strong>tetn</strong></span> <span class='ocrx_word' id='word_1_667' title='bbox 3218 4231 3478 4285; x_wconf 85' lang='lat' dir='ltr'><strong>Zausium</strong></span> <span class='ocrx_word' id='word_1_668' title='bbox 3524 4228 3992 4296; x_wconf 83' lang='lat' dir='ltr'><strong>Constantinopoli</strong></span> <span class='ocrx_word' id='word_1_669' title='bbox 4041 4225 4297 4280; x_wconf 87' lang='lat' dir='ltr'><strong>Venetias</strong></span> <span class='ocrx_word' id='word_1_670' title='bbox 4356 4227 4637 4295; x_wconf 76' lang='lat' dir='ltr'><strong>ablegavit.</strong></span> 
     </span>
    </p>
   </div>
   <div class='ocr_carea' id='block_1_104' title="bbox 3078 4319 4643 4394">
    <p class='ocr_par' dir='ltr' id='par_1_104' title="bbox 3078 4319 4643 4394">
     <span class='ocr_line' id='line_1_104' title="bbox 3078 4319 4643 4394; baseline -0.004 -16"><span class='ocrx_word' id='word_1_671' title='bbox 3078 4326 3235 4394; x_wconf 90' lang='lat' dir='ltr'><strong>quia</strong></span> <span class='ocrx_word' id='word_1_672' title='bbox 3268 4335 3458 4378; x_wconf 85' lang='lat' dir='ltr'><strong>senatu</strong></span> <span class='ocrx_word' id='word_1_673' title='bbox 3521 4322 3762 4394; x_wconf 88' lang='lat' dir='ltr'><strong>Cyprum</strong></span> <span class='ocrx_word' id='word_1_674' title='bbox 3817 4328 4129 4389; x_wconf 85' lang='lat' dir='ltr'><strong>repeteret,</strong></span> <span class='ocrx_word' id='word_1_675' title='bbox 4193 4332 4257 4372; x_wconf 91' lang='lat' dir='ltr'><strong>ac</strong></span> <span class='ocrx_word' id='word_1_676' title='bbox 4313 4319 4643 4372; x_wconf 82' lang='lat' dir='ltr'><strong>recusaturis</strong></span> 
     </span>
    </p>
   </div>
   <div class='ocr_carea' id='block_1_105' title="bbox 3081 4411 4642 4482">
    <p class='ocr_par' dir='ltr' id='par_1_105' title="bbox 3081 4411 4642 4482">
     <span class='ocr_line' id='line_1_105' title="bbox 3081 4411 4642 4482; baseline -0.006 -10"><span class='ocrx_word' id='word_1_677' title='bbox 3081 4419 3283 4473; x_wconf 82' lang='lat' dir='ltr'><strong>bellum</strong></span> <span class='ocrx_word' id='word_1_678' title='bbox 3309 4417 3676 4471; x_wconf 79' lang='lat' dir='ltr'><strong>denuntiaret.</strong></span> <span class='ocrx_word' id='word_1_679' title='bbox 3708 4414 3928 4482; x_wconf 80' lang='lat' dir='ltr'><strong>Appulit</strong></span> <span class='ocrx_word' id='word_1_680' title='bbox 3955 4413 4002 4466; x_wconf 90' lang='lat' dir='ltr'><strong>is</strong></span> <span class='ocrx_word' id='word_1_681' title='bbox 4024 4411 4276 4465; x_wconf 82' lang='lat' dir='ltr'><strong>Venetias</strong></span> <span class='ocrx_word' id='word_1_682' title='bbox 4303 4411 4407 4465; x_wconf 90' lang='lat' dir='ltr'><strong>sub</strong></span> <span class='ocrx_word' id='word_1_683' title='bbox 4439 4411 4642 4464; x_wconf 88' lang='lat' dir='ltr'><strong>initium</strong></span> 
     </span>
    </p>
   </div>
   <div class='ocr_carea' id='block_1_106' title="bbox 3079 4502 4648 4574">
    <p class='ocr_par' dir='ltr' id='par_1_106' title="bbox 3079 4502 4648 4574">
     <span class='ocr_line' id='line_1_106' title="bbox 3079 4502 4648 4574; baseline -0.007 -10"><span class='ocrx_word' id='word_1_684' title='bbox 3079 4510 3285 4564; x_wconf 87' lang='lat' dir='ltr'><strong>mensis</strong></span> <span class='ocrx_word' id='word_1_685' title='bbox 3313 4508 3537 4574; x_wconf 84' lang='lat' dir='ltr'><strong>Aprilis,</strong></span> <span class='ocrx_word' id='word_1_686' title='bbox 3572 4521 3716 4559; x_wconf 86' lang='lat' dir='ltr'><strong>anno</strong></span> <span class='ocrx_word' id='word_1_687' title='bbox 3747 4505 3850 4560; x_wconf 84' lang='lat'><strong>977</strong></span> <span class='ocrx_word' id='word_1_688' title='bbox 3878 4505 4034 4571; x_wconf 81' lang='lat' dir='ltr'><strong>(Chr.</strong></span> <span class='ocrx_word' id='word_1_689' title='bbox 4081 4502 4261 4572; x_wconf 80' lang='lat' dir='ltr'><strong>l570),</strong></span> <span class='ocrx_word' id='word_1_690' title='bbox 4318 4513 4371 4557; x_wconf 88' lang='lat' dir='ltr'><strong>et</strong></span> <span class='ocrx_word' id='word_1_691' title='bbox 4398 4503 4648 4556; x_wconf 84' lang='lat' dir='ltr'><strong>mandato</strong></span> 
     </span>
    </p>
   </div>
   <div class='ocr_carea' id='block_1_107' title="bbox 3006 4596 4056 4670">
    <p class='ocr_par' dir='ltr' id='par_1_107' title="bbox 3006 4596 4056 4670">
     <span class='ocr_line' id='line_1_107' title="bbox 3006 4596 4056 4670; baseline -0.008 -14"><span class='ocrx_word' id='word_1_692' title='bbox 3006 4609 3054 4668; x_wconf 82' lang='grc' dir='ltr'>ι)</span> <span class='ocrx_word' id='word_1_693' title='bbox 3081 4601 3299 4656; x_wconf 86' lang='lat' dir='ltr'><strong>Selimis</strong></span> <span class='ocrx_word' id='word_1_694' title='bbox 3325 4599 3593 4670; x_wconf 78' lang='lat' dir='ltr'><strong>exposito,</strong></span> <span class='ocrx_word' id='word_1_695' title='bbox 3615 4598 3882 4667; x_wconf 77' lang='lat' dir='ltr'><strong>repulsam</strong></span> <span class='ocrx_word' id='word_1_696' title='bbox 3914 4596 4056 4649; x_wconf 90' lang='lat' dir='ltr'><strong>tulit.</strong></span> 
     </span>
    </p>
   </div>
   <div class='ocr_carea' id='block_1_108' title="bbox 3151 4705 4652 4780">
    <p class='ocr_par' dir='ltr' id='par_1_108' title="bbox 3151 4705 4652 4780">
     <span class='ocr_line' id='line_1_108' title="bbox 3151 4705 4652 4780; baseline -0.004 -16"><span class='ocrx_word' id='word_1_697' title='bbox 3151 4711 3488 4780; x_wconf 81' lang='lat' dir='ltr'><strong>Quapropter</strong></span> <span class='ocrx_word' id='word_1_698' title='bbox 3517 4725 3698 4762; x_wconf 82' lang='lat' dir='ltr'><strong>mense</strong></span> <span class='ocrx_word' id='word_1_699' title='bbox 3731 4705 3870 4759; x_wconf 84' lang='lat' dir='ltr'><strong>Maio</strong></span> <span class='ocrx_word' id='word_1_700' title='bbox 3901 4706 4050 4760; x_wconf 89' lang='lat' dir='ltr'><strong>missi</strong></span> <span class='ocrx_word' id='word_1_701' title='bbox 4092 4719 4213 4757; x_wconf 90' lang='lat' dir='ltr'><strong>cum</strong></span> <span class='ocrx_word' id='word_1_702' title='bbox 4252 4705 4432 4758; x_wconf 85' lang='lat' dir='ltr'><strong>classe</strong></span> <span class='ocrx_word' id='word_1_703' title='bbox 4465 4706 4652 4758; x_wconf 52' lang='lat' dir='ltr'><strong>milztc-</strong></span> 
     </span>
    </p>
   </div>
   <div class='ocr_carea' id='block_1_109' title="bbox 3084 4793 4655 4871">
    <p class='ocr_par' dir='ltr' id='par_1_109' title="bbox 3084 4793 4655 4871">
     <span class='ocr_line' id='line_1_109' title="bbox 3084 4793 4655 4871; baseline -0.004 -19"><span class='ocrx_word' id='word_1_704' title='bbox 3084 4818 3189 4871; x_wconf 88' lang='lat' dir='ltr'><strong>que</strong></span> <span class='ocrx_word' id='word_1_705' title='bbox 3221 4802 3458 4865; x_wconf 76' lang='lat' dir='ltr'><strong>fuerunt,</strong></span> <span class='ocrx_word' id='word_1_706' title='bbox 3485 4800 3575 4868; x_wconf 85' lang='lat' dir='ltr'><strong>qui</strong></span> <span class='ocrx_word' id='word_1_707' title='bbox 3619 4798 3818 4851; x_wconf 86' lang='lat' dir='ltr'><strong>bellum</strong></span> <span class='ocrx_word' id='word_1_708' title='bbox 3844 4795 4102 4864; x_wconf 80' lang='lat' dir='ltr'><strong>Cyprium</strong></span> <span class='ocrx_word' id='word_1_709' title='bbox 4127 4805 4403 4864; x_wconf 77' lang='lat' dir='ltr'><strong>gert-rent,</strong></span> <span class='ocrx_word' id='word_1_710' title='bbox 4457 4793 4655 4847; x_wconf 74' lang='lat' dir='ltr'><strong>Musio-</strong></span> 
     </span>
    </p>
   </div>
   <div class='ocr_carea' id='block_1_110' title="bbox 3087 4886 4658 4964">
    <p class='ocr_par' dir='ltr' id='par_1_110' title="bbox 3087 4886 4658 4964">
     <span class='ocr_line' id='line_1_110' title="bbox 3087 4886 4658 4964; baseline -0.006 -17"><span class='ocrx_word' id='word_1_711' title='bbox 3087 4895 3222 4964; x_wconf 91' lang='lat' dir='ltr'><strong>pbas</strong></span> <span class='ocrx_word' id='word_1_712' title='bbox 3260 4893 3440 4955; x_wconf 89' lang='lat' dir='ltr'><strong>bassa,</strong></span> <span class='ocrx_word' id='word_1_713' title='bbox 3481 4890 3760 4957; x_wconf 87' lang='lat' dir='ltr'><strong>copiarum</strong></span> <span class='ocrx_word' id='word_1_714' title='bbox 3791 4886 4158 4948; x_wconf 85' lang='lat' dir='ltr'><strong>terrestrium,</strong></span> <span class='ocrx_word' id='word_1_715' title='bbox 4188 4895 4242 4937; x_wconf 85' lang='lat' dir='ltr'><strong>et</strong></span> <span class='ocrx_word' id='word_1_716' title='bbox 4299 4929 4314 4937; x_wconf 88' lang='lat'><strong>-</strong></span> <span class='ocrx_word' id='word_1_717' title='bbox 4341 4886 4471 4938; x_wconf 88' lang='lat' dir='ltr'><strong>.alis</strong></span> <span class='ocrx_word' id='word_1_718' title='bbox 4512 4887 4658 4938; x_wconf 82' lang='lat' dir='ltr'><strong>Alis-</strong></span> 
     </span>
    </p>
   </div>
   <div class='ocr_carea' id='block_1_111' title="bbox 3086 4976 4658 5055">
    <p class='ocr_par' dir='ltr' id='par_1_111' title="bbox 3086 4976 4658 5055">
     <span class='ocr_line' id='line_1_111' title="bbox 3086 4976 4658 5055; baseline -0.006 -16"><span class='ocrx_word' id='word_1_719' title='bbox 3086 4999 3192 5055; x_wconf 85' lang='lat' dir='ltr'><strong>qtte</strong></span> <span class='ocrx_word' id='word_1_720' title='bbox 3216 4984 3411 5049; x_wconf 61' lang='lat' dir='ltr'><strong>bassa,</strong></span> <span class='ocrx_word' id='word_1_721' title='bbox 3444 4982 3847 5037; x_wconf 84' lang='lat' dir='ltr'><strong>classiariorum</strong></span> <span class='ocrx_word' id='word_1_722' title='bbox 3882 4977 4141 5049; x_wconf 64' lang='lat' dir='ltr'><strong>praefecti.</strong></span> <span class='ocrx_word' id='word_1_723' title='bbox 4167 4976 4333 5030; x_wconf 84' lang='lat' dir='ltr'><strong>Pialis</strong></span> <span class='ocrx_word' id='word_1_724' title='bbox 4356 4989 4658 5042; x_wconf 78' lang='lat' dir='ltr'><strong>provectus</strong></span> 
     </span>
    </p>
   </div>
   <div class='ocr_carea' id='block_1_112' title="bbox 3087 5065 4666 5136">
    <p class='ocr_par' dir='ltr' id='par_1_112' title="bbox 3087 5065 4666 5136">
     <span class='ocr_line' id='line_1_112' title="bbox 3087 5065 4666 5136; baseline -0.009 -9"><span class='ocrx_word' id='word_1_725' title='bbox 3087 5091 3210 5128; x_wconf 85' lang='lat' dir='ltr'><strong>rum</strong></span> <span class='ocrx_word' id='word_1_726' title='bbox 3243 5076 3357 5128; x_wconf 89' lang='lat' dir='ltr'><strong>suis</strong></span> <span class='ocrx_word' id='word_1_727' title='bbox 3387 5073 3453 5126; x_wconf 89' lang='lat' dir='ltr'><strong>ad</strong></span> <span class='ocrx_word' id='word_1_728' title='bbox 3489 5071 3724 5133; x_wconf 89' lang='lat' dir='ltr'><strong>Tenum,</strong></span> <span class='ocrx_word' id='word_1_729' title='bbox 3762 5067 4349 5136; x_wconf 76' lang='lat' dir='ltr'><strong>insulamVenetorum</strong></span> <span class='ocrx_word' id='word_1_730' title='bbox 4377 5067 4433 5118; x_wconf 91' lang='lat' dir='ltr'><strong>in</strong></span> <span class='ocrx_word' id='word_1_731' title='bbox 4458 5065 4666 5133; x_wconf 61' lang='lat' dir='ltr'><strong>Egzco,</strong></span> 
     </span>
    </p>
   </div>
   <div class='ocr_carea' id='block_1_113' title="bbox 3090 5161 4669 5230">
    <p class='ocr_par' dir='ltr' id='par_1_113' title="bbox 3090 5161 4669 5230">
     <span class='ocr_line' id='line_1_113' title="bbox 3090 5161 4669 5230; baseline -0.009 -10"><span class='ocrx_word' id='word_1_732' title='bbox 3090 5167 3233 5221; x_wconf 77' lang='lat' dir='ltr'><strong>ferro</strong></span> <span class='ocrx_word' id='word_1_733' title='bbox 3255 5182 3316 5220; x_wconf 90' lang='lat' dir='ltr'><strong>ac</strong></span> <span class='ocrx_word' id='word_1_734' title='bbox 3343 5165 3574 5219; x_wconf 82' lang='lat' dir='ltr'><strong>ﬂammis</strong></span> <span class='ocrx_word' id='word_1_735' title='bbox 3598 5180 3738 5222; x_wconf 87' lang='lat' dir='ltr'><strong>eam.</strong></span> <span class='ocrx_word' id='word_1_736' title='bbox 3765 5179 3870 5216; x_wconf 90' lang='lat' dir='ltr'><strong>non</strong></span> <span class='ocrx_word' id='word_1_737' title='bbox 3899 5162 4017 5216; x_wconf 89' lang='lat' dir='ltr'><strong>sine</strong></span> <span class='ocrx_word' id='word_1_738' title='bbox 4046 5161 4194 5230; x_wconf 79' lang='lat' dir='ltr'><strong>gravi</strong></span> <span class='ocrx_word' id='word_1_739' title='bbox 4229 5169 4408 5212; x_wconf 88' lang='lat' dir='ltr'><strong>tamen</strong></span> <span class='ocrx_word' id='word_1_740' title='bbox 4443 5175 4669 5212; x_wconf 84' lang='lat' dir='ltr'><strong>suorum</strong></span> 
     </span>
    </p>
   </div>
   <div class='ocr_carea' id='block_1_114' title="bbox 3084 5254 3943 5328">
    <p class='ocr_par' dir='ltr' id='par_1_114' title="bbox 3084 5254 3943 5328">
     <span class='ocr_line' id='line_1_114' title="bbox 3084 5254 3943 5328; baseline 0.001 -21"><span class='ocrx_word' id='word_1_741' title='bbox 3084 5259 3321 5327; x_wconf 75' lang='lat' dir='ltr'><strong>jactura,</strong></span> <span class='ocrx_word' id='word_1_742' title='bbox 3359 5258 3624 5328; x_wconf 89' lang='lat' dir='ltr'><strong>direptam</strong></span> <span class='ocrx_word' id='word_1_743' title='bbox 3688 5254 3943 5309; x_wconf 78' lang='lat' dir='ltr'><strong>vastavit.</strong></span> 
     </span>
    </p>
   </div>
   <div class='ocr_carea' id='block_1_115' title="bbox 3165 5361 4676 5429">
    <p class='ocr_par' dir='ltr' id='par_1_115' title="bbox 3165 5361 4676 5429">
     <span class='ocr_line' id='line_1_115' title="bbox 3165 5361 4676 5429; baseline -0.009 -5"><span class='ocrx_word' id='word_1_744' title='bbox 3165 5371 3345 5426; x_wconf 75' lang='lat' dir='ltr'><strong>Mense</strong></span> <span class='ocrx_word' id='word_1_745' title='bbox 3371 5370 3534 5424; x_wconf 80' lang='lat' dir='ltr'><strong>Jttnio</strong></span> <span class='ocrx_word' id='word_1_746' title='bbox 3554 5369 3914 5424; x_wconf 87' lang='lat' dir='ltr'><strong>Sebastianus</strong></span> <span class='ocrx_word' id='word_1_747' title='bbox 3949 5367 4234 5429; x_wconf 82' lang='lat' dir='ltr'><strong>Venerius,</strong></span> <span class='ocrx_word' id='word_1_748' title='bbox 4289 5363 4485 5416; x_wconf 61' lang='lat' dir='ltr'><strong>iusulge</strong></span> <span class='ocrx_word' id='word_1_749' title='bbox 4543 5361 4676 5415; x_wconf 84' lang='lat' dir='ltr'><strong>Cur-</strong></span> 
     </span>
    </p>
   </div>
   <div class='ocr_carea' id='block_1_116' title="bbox 3095 5454 4679 5536">
    <p class='ocr_par' dir='ltr' id='par_1_116' title="bbox 3095 5454 4679 5536">
     <span class='ocr_line' id='line_1_116' title="bbox 3095 5454 4679 5536; baseline -0.008 -23"><span class='ocrx_word' id='word_1_750' title='bbox 3095 5481 3234 5536; x_wconf 67' lang='lat' dir='ltr'><strong>.yrae</strong></span> <span class='ocrx_word' id='word_1_751' title='bbox 3260 5463 3492 5517; x_wconf 73' lang='lat' dir='ltr'><strong>maxima</strong></span> <span class='ocrx_word' id='word_1_752' title='bbox 3527 5477 3647 5515; x_wconf 71' lang='lat' dir='ltr'><strong>cusu</strong></span> <span class='ocrx_word' id='word_1_753' title='bbox 3714 5467 3980 5528; x_wconf 85' lang='lat' dir='ltr'><strong>potestate</strong></span> <span class='ocrx_word' id='word_1_754' title='bbox 4038 5471 4264 5526; x_wconf 67' lang='lat' dir='ltr'><strong>praeses,</strong></span> <span class='ocrx_word' id='word_1_755' title='bbox 4319 5454 4679 5522; x_wconf 80' lang='lat' dir='ltr'><strong>Soppotoum</strong></span> 
     </span>
    </p>
   </div>
   <div class='ocr_carea' id='block_1_117' title="bbox 3093 5546 4681 5618">
    <p class='ocr_par' dir='ltr' id='par_1_117' title="bbox 3093 5546 4681 5618">
     <span class='ocr_line' id='line_1_117' title="bbox 3093 5546 4681 5618; baseline -0.014 -7"><span class='ocrx_word' id='word_1_756' title='bbox 3093 5567 3330 5612; x_wconf 83' lang='lat' dir='ltr'><strong>castrum</strong></span> <span class='ocrx_word' id='word_1_757' title='bbox 3368 5553 3632 5614; x_wconf 64' lang='lat' dir='ltr'><strong>Albania,</strong></span> <span class='ocrx_word' id='word_1_758' title='bbox 3680 5567 3786 5604; x_wconf 93' lang='lat' dir='ltr'><strong>non</strong></span> <span class='ocrx_word' id='word_1_759' title='bbox 3856 5549 4044 5618; x_wconf 87' lang='lat' dir='ltr'><strong>procul</strong></span> <span class='ocrx_word' id='word_1_760' title='bbox 4098 5564 4125 5599; x_wconf 67' lang='grc' dir='ltr'>ει</span> <span class='ocrx_word' id='word_1_761' title='bbox 4169 5546 4414 5614; x_wconf 83' lang='lat' dir='ltr'><strong>Corcyra</strong></span> <span class='ocrx_word' id='word_1_762' title='bbox 4474 5546 4681 5597; x_wconf 85' lang='lat' dir='ltr'><strong>situm,</strong></span> 
     </span>
    </p>
   </div>
   <div class='ocr_carea' id='block_1_118' title="bbox 3094 5637 4684 5717">
    <p class='ocr_par' dir='ltr' id='par_1_118' title="bbox 3094 5637 4684 5717">
     <span class='ocr_line' id='line_1_118' title="bbox 3094 5637 4684 5717; baseline -0.011 -14"><span class='ocrx_word' id='word_1_763' title='bbox 3094 5648 3440 5717; x_wconf 74' lang='lat' dir='ltr'><strong>expugnavit,</strong></span> <span class='ocrx_word' id='word_1_764' title='bbox 3468 5645 3627 5712; x_wconf 73' lang='lat' dir='ltr'><strong>eique</strong></span> <span class='ocrx_word' id='word_1_765' title='bbox 3652 5641 3905 5711; x_wconf 56' lang='lat' dir='ltr'><strong>prtesidio</strong></span> <span class='ocrx_word' id='word_1_766' title='bbox 3933 5639 4211 5707; x_wconf 88' lang='lat' dir='ltr'><strong>imposito,</strong></span> <span class='ocrx_word' id='word_1_767' title='bbox 4244 5654 4308 5690; x_wconf 89' lang='lat' dir='ltr'><strong>ae</strong></span> <span class='ocrx_word' id='word_1_768' title='bbox 4342 5637 4514 5689; x_wconf 85' lang='lat' dir='ltr'><strong>rebus</strong></span> <span class='ocrx_word' id='word_1_769' title='bbox 4594 5651 4684 5686; x_wconf 83' lang='lat' dir='ltr'><strong>ue-</strong></span> 
     </span>
    </p>
   </div>
   <div class='ocr_carea' id='block_1_119' title="bbox 3097 5729 4683 5801">
    <p class='ocr_par' dir='ltr' id='par_1_119' title="bbox 3097 5729 4683 5801">
     <span class='ocr_line' id='line_1_119' title="bbox 3097 5729 4683 5801; baseline -0.016 -4"><span class='ocrx_word' id='word_1_770' title='bbox 3097 5743 3354 5800; x_wconf 79' lang='lat' dir='ltr'><strong>cessariis</strong></span> <span class='ocrx_word' id='word_1_771' title='bbox 3377 5739 3607 5801; x_wconf 90' lang='lat' dir='ltr'><strong>munito,</strong></span> <span class='ocrx_word' id='word_1_772' title='bbox 3636 5733 3934 5788; x_wconf 79' lang='lat' dir='ltr'><strong>Mattueletn</strong></span> <span class='ocrx_word' id='word_1_773' title='bbox 3971 5729 4328 5784; x_wconf 79' lang='lat' dir='ltr'><strong>Mttrntttriunt</strong></span> <span class='ocrx_word' id='word_1_774' title='bbox 4358 5730 4683 5780; x_wconf 78' lang='lat' dir='ltr'><strong>oriundum</strong></span> 
     </span>
    </p>
   </div>
   <div class='ocr_carea' id='block_1_120' title="bbox 3098 5820 4687 5899">
    <p class='ocr_par' dir='ltr' id='par_1_120' title="bbox 3098 5820 4687 5899">
     <span class='ocr_line' id='line_1_120' title="bbox 3098 5820 4687 5899; baseline -0.013 -12"><span class='ocrx_word' id='word_1_775' title='bbox 3098 5854 3124 5887; x_wconf 90' lang='lat' dir='ltr'><strong>e</strong></span> <span class='ocrx_word' id='word_1_776' title='bbox 3167 5831 3389 5899; x_wconf 75' lang='lat' dir='ltr'><strong>Napolio</strong></span> <span class='ocrx_word' id='word_1_777' title='bbox 3422 5827 3698 5881; x_wconf 73' lang='lat' dir='ltr'><strong>limuaube</strong></span> <span class='ocrx_word' id='word_1_778' title='bbox 3734 5822 4042 5892; x_wconf 69' lang='lat' dir='ltr'><strong>(Naupliam</strong></span> <span class='ocrx_word' id='word_1_779' title='bbox 4075 5820 4248 5885; x_wconf 66' lang='lat' dir='ltr'><strong>Argise</strong></span> <span class='ocrx_word' id='word_1_780' title='bbox 4300 5828 4525 5872; x_wconf 76' lang='lat' dir='ltr'><strong>veteres</strong></span> <span class='ocrx_word' id='word_1_781' title='bbox 4593 5830 4687 5884; x_wconf 75' lang='lat' dir='ltr'><strong>ap-</strong></span> 
     </span>
    </p>
   </div>
   <div class='ocr_carea' id='block_1_121' title="bbox 3103 5918 3698 5994">
    <p class='ocr_par' dir='ltr' id='par_1_121' title="bbox 3103 5918 3698 5994">
     <span class='ocr_line' id='line_1_121' title="bbox 3103 5918 3698 5994; baseline -0.015 -17"><span class='ocrx_word' id='word_1_782' title='bbox 3103 5925 3387 5994; x_wconf 69' lang='lat' dir='ltr'><strong>pellauere)</strong></span> <span class='ocrx_word' id='word_1_783' title='bbox 3445 5918 3698 5989; x_wconf 64' lang='lat' dir='ltr'><strong>przclccit.</strong></span> 
     </span>
    </p>
   </div>
  </div>
