4866 6594
220 305 319 367 669

1313 320 1691 385 SUPPI.EM.
1735 326 2011 388 ANNAL.
2037 330 2340 393 TURCIC.

3343 346 3449 409 070

285 412 395 513 Sub
426 413 666 514 ejusdem
727 418 925 471 mensis
980 422 1185 475 exitum
1228 423 1442 479 Marcus
1494 426 1776 492 Quirinus,
1810 457 1851 514 Α
1887 439 2088 493 Christi
2123 441 2280 505 H70,
2311 440 2401 510 qui
2442 439 2854 500 Mahumetanus
2900 455 3016 502 erat
3044 448 3168 505 874.
3233 450 3451 508 Exstin-

220 502 409 555 classis
441 503 492 556 'ru
526 503 841 560 Hadriatico
867 511 1179 578 praefectus.
1208 529 1393 570 areum
1425 520 1579 573 sinus
1642 521 1775 573 Mai-

217 596 397 648 uensis
422 594 674 664 (Mainam
709 611 835 655 sunt
865 603 959 671 qui
990 602 1218 660 Leuctra
1244 609 1525 665 veteribus
1586 614 1773 680 appelo

217 685 375 737 latam
419 698 630 753 putant,
664 692 839 758 ipsum
877 710 1007 751 vero
1036 698 1219 753 sinum
1260 701 1778 767 Mainensem,Mes-

216 775 543 847 seniacum),
582 782 649 835 ad
709 794 949 852 portum,
1004 803 1166 857 quem
1216 792 1381 860 vulgo
1435 793 1773 858 Qualliarum

214 866 327 919 sive
356 868 696 923 coturnicum
723 886 941 942 vocant,
979 881 1211 947 positam
1239 881 1473 937 feliciter
1498 901 1778 955 expugna-

214 955 309 1018 vit,
359 961 604 1027 actisque
630 963 733 1017 sub
784 981 847 1019 ea
899 970 1187 1032 cuniculis.
1239 982 1292 1027 et
1344 978 1628 1043 supposito
1691 979 1776 1029 iu-

212 1062 489 1118 rensoque
518 1053 739 1119 pulvere
792 1064 1172 1128 tormentario,
1232 1065 1480 1120 funditus
1528 1083 1775 1122 eversam

213 1138 428 1206 diruit,
469 1158 537 1197 ne
565 1144 812 1203 barbaris
859 1153 1098 1219 amplius
1140 1167 1421 1223 receptum
1487 1160 1774 1227 praeberet.

281 1227 522 1299 Nicosia,
548 1234 708 1305 Cypri
733 1243 1071 1311 metropolis,
1098 1246 1201 1300 sub
1228 1251 1431 1301 exitqu
1459 1249 1584 1303 Julii
1620 1268 1776 1307 men-

212 1318 286 1369 sis
326 1335 355 1371 a
389 1321 672 1392 Mustapha
701 1328 1127 1389 bassaobsideri
1152 1348 1351 1403 empta,
1403 1351 1455 1393 et
1508 1343 1775 1397 acerrime

222 1418 331 1461 tam
359 1426 696 1483 oppugnata,
725 1437 888 1489 quam
920 1423 1169 1489 defensa,
1206 1430 1420 1485 tandem
1444 1430 1531 1485 die
1562 1433 1777 1489 decimo

212 1500 548 1567 Septembris
581 1510 633 1562 in
669 1509 905 1566 hostium
936 1527 1257 1584 potestatem
1320 1525 1487 1583 venit,
1552 1526 1777 1581 misere-

208 1609 315 1658 que
340 1596 548 1667 direpta
581 1600 683 1654 fuit
711 1621 723 1666 ;
752 1607 907 1659 caesis
936 1610 1315 1677 praesidiariis,
1347 1617 1619 1671 exstincta
1682 1635 1778 1671 uo-

209 1684 445 1752 bilitale,
471 1695 780 1761 perexiguis
831 1700 1079 1768 reliquiis
1113 1706 1363 1760 servituti
1424 1711 1771 1779 mancipatis.

1882 540 1969 585 cto
1998 547 2141 599 rege,
2176 536 2524 601 posthumum
2554 536 2734 603 regina
2793 552 3002 592 marem
3027 542 3188 618 parit,
3221 545 3311 612 qui
3368 556 3449 599 ta-

1884 638 2004 675 men
2042 639 2147 677 non
2179 626 2270 678 diu
2297 637 2573 695 superstes
2607 626 2727 681 fuit.
2758 628 2895 683 'l'um
2931 647 3057 687 vero
3119 630 3311 687 Veneti
3362 636 3446 689 vi-

1882 716 2002 770 dua:
2066 719 2417 783 persuadeant,
2448 729 2507 773 ut
2548 735 2715 789 regno
2734 722 2969 787 cederet,
2998 725 3084 778 cui
3106 725 3448 780 defendendo

1883 819 1979 872 par
2011 805 2125 872 ipsa
2158 820 2263 860 non
2298 817 2457 869 esset.
2502 826 2792 879 anuuoque
2824 814 2998 866 reditu
3059 826 3298 885 quatuor
3353 829 3447 870 aut

1881 898 2123 966 quinque
2159 900 2384 953 millium
2434 900 2831 956 Zeccbiuorum
2865 912 3144 966 contenta.
3212 909 3442 975 patriam

1882 985 2173 1043 immortali
2215 989 2478 1045 beneficio
2507 993 2608 1047 sibi
2641 993 2963 1046 devincirct.
3003 993 3113 1046 lIoc
3141 997 3301 1047 modo
3359 1014 3447 1049 re-

1880 1078 2034 1131 dacta
2073 1081 2124 1133 iu
2180 1092 2499 1147 potestatem
2574 1084 2771 1148 insula,
2829 1085 3189 1139 nihilominus
3254 1086 3443 1142 Veneti

1882 1170 2096 1222 Sullano
2124 1171 2398 1242 Egy‘ptio,
2422 1175 2605 1228 tributi
2631 1177 2751 1242 ejus
2773 1176 3013 1242 nomine,
3037 1178 3179 1245 quod
3209 1178 3444 1233 Jacobus

1882 1276 1971 1313 rex
2005 1262 2074 1313 illi
2110 1264 2385 1329 pollicitus
2412 1264 2605 1329 fuerat,
2634 1282 2841 1321 merces
2873 1268 2925 1321 in
2958 1270 3129 1337 paetis
3156 1272 3443 1323 conventis

1880 1368 2165 1416 expressas
2198 1357 2493 1422 quotannis
2526 1358 2808 1412 mittebant
2842 1376 2855 1411 :
2911 1359 3088 1414 donec
3118 1376 3261 1414 anno
3283 1360 3447 1413 Chri-

1886 1445 1951 1496 sti
2002 1444 2155 1507 1517,
2186 1448 2276 1515 qui
2304 1447 2715 1504 Malmmetanus
2735 1460 2851 1503 erat
2878 1452 3002 1512 923.
3037 1452 3251 1505 sultano
3280 1453 3447 1505 Tom-

1881 1537 2119 1589 mambui
2162 1547 2216 1591 et
2275 1538 2641 1593 Mantelucisa
2701 1540 2918 1595 sultauo
2969 1542 3171 1597 Selime
3226 1543 3444 1607 deletis,

1877 1638 1932 1682 et
1968 1627 2199 1697 Egypto
2226 1628 2491 1699 Syriaque
2515 1632 2817 1701 subjugatis
2838 1649 3159 1689 conversum
3186 1652 3213 1688 a
3241 1637 3439 1691 Selime

1879 1719 2109 1779 victore,
2194 1719 2731 1789 Manu-lucorumqne
2786 1739 3127 1783 successore.
3177 1727 3440 1779 tributum

210 1778 339 1885 lirat
364 1782 491 1836 olim
523 1783 684 1856 Cypri
718 1790 890 1859 regia,
922 1810 1043 1859 quae
1062 1807 1283 1851 centum
1311 1808 1365 1851 et
1386 1802 1617 1870 amplius
1648 1814 1773 1860 ante
1805 1784 1846 1839 δ
1880 1810 1979 1861 hoc
2011 1808 2109 1861 fuit
2138 1808 2188 1861 in
2225 1820 2430 1863 certum
2468 1813 2700 1873 pretium
2721 1863 2734 1885 ,
2776 1814 3024 1866 videlicet
3059 1814 3197 1868 8000
3253 1814 3439 1868 Zechi-

208 1872 311 1923 hoc
340 1881 553 1942 tempus
608 1879 770 1933 anuis
821 1883 1035 1938 redacta
1087 1886 1263 1941 fuerat
1317 1890 1420 1945 sub
1481 1893 1770 1962 imperium

204 1966 408 2021 sultani
452 1971 747 2041 Cairensis,
769 1979 929 2047 sique
954 1981 1057 2037 hoc
1089 1986 1246 2040 modo
1283 1985 1421 2043 facta
1456 1990 1768 2044 tributaria.

204 2057 368 2113 Anno
390 2052 706 2122 Christiano
744 2070 878 2125 I423
910 2073 1112 2128 bellum
1146 2088 1260 2131 erat
1295 2077 1431 2133 Jano
1464 2079 1607 2134 Petri
1639 2081 1769 2146 lilio,

204 2153 315 2215 regi
339 2151 561 2225 Cyprio,
596 2161 688 2228 qui
742 2165 1077 2230 penultimus
1128 2168 1236 2222 fuit
1293 2171 1436 2229 inter
1498 2172 1770 2239 legitimos

199 2245 364 2315 362
401 2265 555 2317 reges
586 2267 652 2317 ex
683 2251 987 2324 Lusignaua
1039 2260 1266 2325 familia,
1339 2280 1461 2317 cum
1516 2264 1768 2335 Egyptio

196 2338 320 2391 sive
348 2338 595 2397 Cairensi
630 2347 851 2401 sultano
896 2347 1209 2408 Melecbella
1243 2371 1257 2408 :
1286 2356 1553 2424 quohello
1581 2368 1768 2422 captus

195 2430 269 2483 ab
321 2431 478 2486 hoste
542 2435 794 2506 Cyprius,
841 2443 1130 2510 persolutis
1185 2458 1402 2501 centum
1453 2451 1764 2518 quindecim

196 2522 441 2578 millibus
468 2525 922 2597 Serapbiuorum,
957 2534 1008 2588 in
1050 2552 1272 2605 regnum
1309 2556 1431 2593 cum
1457 2552 1611 2610 pacto
1666 2545 1764 2597 tri-

192 2615 315 2669 buti
348 2619 512 2671 annui
546 2621 871 2678 restituitur.
903 2624 953 2679 Is
983 2629 1222 2683 moriens
1258 2631 1427 2685 lilium
1490 2633 1759 2689 Joannem

192 2705 419 2775 reliquit
444 2706 805 2776 impuberem.
837 2712 922 2767 cui
972 2716 1147 2783 primo
1176 2720 1550 2781 matrimonio.
1621 2733 1766 2791 post-

188 2815 365 2866 quam
393 2802 740 2867 adolevisset.
778 2806 887 2861 lllia
922 2807 1255 2865 Marcbionis
1298 2814 1415 2866 Itali
1454 2814 1765 2871 \Iontisfer-

189 2892 435 2946 ratensis
464 2896 652 2961 nupsit
682 2914 696 2962 ;
731 2913 836 2965 qua
877 2912 1111 2969 mortua,
1155 2904 1411 2960 Ileleuam
1446 2906 1765 2978 Palaeologi-

184 2996 321 3035 nam
354 2983 629 3040 duxit.Ex
657 3001 718 3040 ea
766 2998 891 3043 nata
947 2991 1048 3045 fuit
1104 2995 1261 3049 unica
1325 2996 1433 3052 tilia
1484 2998 1760 3066 Karulota,

182 3090 317 3136 qum
348 3075 538 3131 Joanni
569 3077 832 3134 Lusitano
860 3084 1095 3151 primum
1124 3089 1326 3154 nupsit,
1359 3090 1445 3142 cui
1472 3091 1757 3158 prazbitum

182 3182 471 3221 venenum
502 3180 730 3225 mortem
763 3176 969 3229 attulit.
997 3175 1126 3231 Erat
1151 3177 1423 3235 Karulota:
1448 3180 1568 3239 Jac.
1646 3183 1760 3237 fra-

182 3270 301 3323 ter,
333 3259 615 3330 illegitimo
647 3273 766 3317 toro
790 3275 971 3329 natus,
1010 3270 1096 3321 cui
1158 3273 1329 3326 sacris
1358 3272 1507 3327 initia
1537 3288 1569 3328 ο
1613 3284 1763 3342 pater

177 3351 730 3421 archiepiscopatum
782 3353 1490 3432 Nicosianumassignarat.
1554 3365 1602 3418 Is
1663 3367 1762 3420 im-

176 3446 422 3513 perandi
478 3446 702 3501 libidine
781 3450 1002 3516 ductus,
1068 3455 1442 3512 ecclesiastica
1500 3457 1762 3527 dignitate

175 3545 399 3602 spreta,
433 3552 656 3606 regnum
694 3540 901 3595 invadit
937 3558 1003 3605 ;a
1052 3560 1161 3613 quo
1202 3555 1443 3614 tempore
1501 3548 1677 3603 dictus
1733 3566 1759 3601 a

171 3629 398 3683 Graecis
435 3631 644 3700 Cypriis
687 3632 789 3685 {ult
820 3632 895 3687 Re
918 3634 1089 3707 Zages
1124 3639 1228 3705 (sic
1250 3640 1396 3691 enim
1434 3640 1485 3693 in
1523 3645 1756 3709 quodam

170 3724 567 3791 tnzinuscripto
599 3725 778 3779 libello
802 3742 923 3780 meo
953 3727 1143 3784 Graeco
1174 3731 1411 3799 legitur),
1438 3734 1757 3802 appellatio-

168 3830 256 3869 ne
298 3818 494 3880 partim
526 3816 730 3882 Italica,
765 3820 959 3887 partim
984 3820 1209 3877 Gallica.
1267 3824 1401 3876 Nam
1435 3825 1601 3882 Gallis
1666 3826 1762 3882 Roi

165 3906 412 3974 laques,
444 3923 534 3960 rex
571 3906 809 3964 Jacolms
835 3921 936 3965 est.
1005 3911 1265 3967 Karulota
1299 3918 1567 3971 secundas
1625 3936 1759 3985 lmp-

164 4000 297 4052 tias
322 4013 442 4052 cum
485 4000 760 4056 Ludovico
798 4002 1033 4058 Sabaudi
1097 4009 1255 4062 ducis
1306 4009 1418 4061 tilio
1465 4012 1758 4066 contrahit.

164 4091 226 4142 Is
266 4089 504 4144 classem
543 4091 816 4157 intruens,
850 4095 900 4146 in
933 4095 1166 4165 Cyprum
1192 4114 1313 4152 cum
1334 4099 1595 4156 Karulota
1631 4118 1761 4157 con-

152 4183 319 4252 juge
368 4183 751 4250 proﬁciscitur.
800 4184 1082 4241 Iledeunte
1129 4191 1366 4259 legitima
1413 4195 1557 4261 regis
1628 4195 1756 4262 lilia,

152 4278 443 4343 justaque
477 4278 626 4345 regni
662 4278 893 4340 haerede.
926 4279 1160 4336 Jacobus
1195 4284 1396 4337 nothus
1428 4300 1595 4352 regno
1647 4291 1759 4356 pel-

150 4368 342 4421 )itur.
370 4366 587 4431 Ejectus
616 4367 680 4422 ad
714 4369 992 4424 sultanum
1022 4371 1235 4442 Egypti
1294 4374 1576 4446 Syrixque
1629 4395 1756 4433 con-

1878 1914 2068 1951 norum
2115 1916 2298 1969 :quos
2324 1902 2478 1971 Cypri
2530 1904 2749 1957 nomine
2776 1906 3009 1960 sultanis
3076 1905 3324 1962 Turcicis
3373 1923 3437 1959 ex

1875 2007 1939 2043 ro
1968 2001 2206 2060 tempore
2234 1994 2417 2047 Veneti
2475 1998 2871 2060 persolverunt,
2934 1999 3107 2051 donec
3154 2014 3183 2053 a
3238 1997 3441 2052 Selime

1875 2084 2136 2143 secundo.
2163 2084 2398 2156 Cyprum
2432 2088 2534 2141 sibi
2573 2105 2668 2141 ceu
2693 2089 2919 2143 domino
2978 2093 3208 2153 directo,
3282 2107 3441 2159 repe-

1875 2184 2019 2228 tente
2054 2178 2252 2230 bellum
2279 2180 2343 2230 de
2372 2195 2479 2248 quo
2523 2196 2665 2235 nunc
2699 2182 2930 2250 agimus,
2965 2183 3222 2237 indictum
3266 2182 3444 2236 Vene-

1871 2272 2093 2325 lisfuit.
2156 2272 2323 2341 Capta
2374 2274 2613 2338 Nicosia,
2674 2274 3057 2348 Famagustam
3125 2276 3441 2345 Mustaphas

1872 2363 2028 2418 bassa
2061 2366 2274 2419 tandem
2306 2368 2553 2421 obsidere
2584 2371 2745 2437 caepit
2783 2384 2930 2423 anno
2987 2369 3277 2423 Mahumet.
3330 2369 3435 2423 578

1871 2455 2020 2528 (Chr.
2050 2458 2226 2525 l57l),
2257 2459 2359 2513 sub
2385 2459 2620 2513 medium
2654 2476 2891 2515 mensem
2918 2462 3162 2531 Augusti.

1940 2596 2097 2649 Auno
2131 2597 2234 2651 979
2271 2596 2420 2664 (Chr.
2458 2597 2639 2666 l572),
2670 2596 2798 2651 dum
2831 2596 3197 2661 obsideretur,
3234 2605 3284 2649 et
3315 2610 3440 2664 gra-

1868 2685 2090 2741 vissime
2114 2702 2144 2740 a
2180 2688 2371 2741 Turcis
2400 2698 2807 2758 Oppugnaretur
2854 2685 3202 2756 Famagusta.
3242 2687 3438 2741 classis

1868 2776 2096 2834 Turcica
2146 2780 2403 2834 damnum
2462 2782 2681 2835 illatura
2731 2779 3067 2835 Venetorum
3122 2781 3321 2835 insulis
3381 2779 3435 2832 in

1867 2870 2073 2939 Egeo,
2106 2873 2185 2925 Ali
2215 2874 2374 2928 bassa
2406 2874 2543 2928 duce
2594 2875 2809 2929 Cretam
2845 2874 3128 2943 (Candiam
3164 2888 3307 2928 nuuc
3339 2886 3436 2925 vo-

1867 2962 2014 3031 cant)
2047 2964 2220 3031 petiit,
2260 2965 2351 3018 ubi
2380 2967 2626 3034 exposito
2652 2966 2707 3020 in
2742 2977 2938 3021 terram
2976 2965 3169 3031 milite,
3189 2967 3434 3021 san-itum

1868 3056 1920 3109 in
1946 3056 2135 3110 obvios
2174 3057 2502 3111 immaniter.
2546 3058 2766 3113 Munitis
2807 3059 3188 3114 eivitatibuset
3220 3059 3436 3128 oppidis

1790 3148 1829 3203 C
1865 3151 1938 3202 ita
1962 3160 2306 3218 prospectum
2345 3160 2556 3204 mature
2591 3150 2813 3205 fuerata
2850 3152 3312 3219 gubernatoribus
3348 3151 3433 3202 iu-

1865 3242 2017 3305 sulae,
2045 3242 2254 3294 nullum
2289 3250 2346 3294 ut
2382 3242 2450 3295 ab
2484 3242 2639 3296 hoste
2697 3243 3083 3297 detrimentum
3106 3244 3434 3311 acciperent.

1864 3333 2055 3387 Solum
2121 3332 2444 3404 Rhetymum
2491 3335 2716 3390 adortus
2787 3334 3047 3399 Vluzalis,
3117 3336 3436 3402 Apbricanae

1864 3426 2137 3481 Barbarie
2195 3428 2567 3494 pr05ultanus,
2608 3427 2768 3496 cujus
2833 3438 2961 3481 ante
3020 3429 3162 3482 facta
3209 3428 3435 3489 mentio.

1862 3524 2005 3586 quod
2038 3518 2106 3571 ab
2126 3518 2317 3572 incolis
2346 3519 2619 3572 desertum
2644 3519 2859 3583 fuisset,
2891 3519 3106 3574 nemine
3137 3519 3428 3573 resistente

1864 3625 2049 3663 mense
2073 3608 2234 3663 Junio
2267 3612 2516 3664 vastavit.
2570 3611 2687 3665 Alis
2722 3612 2878 3666 bassa
2908 3611 3122 3665 tandem
3156 3610 3434 3664 recensitis

1862 3703 2036 3771 copiis
2068 3704 2203 3769 suis,
2233 3703 2376 3772 quod
2407 3705 2549 3773 apud
2585 3705 2734 3772 ipsos
2771 3720 2865 3773 per
2893 3703 3047 3756 fabas
3099 3702 3187 3755 vel
3245 3717 3433 3771 aspros

1863 3800 1976 3853 ﬁeri
2000 3802 2305 3866 consuevit,
2344 3816 2467 3854 cum
2506 3800 2645 3854 5700
2696 3799 2950 3853 amisisse
2979 3813 3037 3851 se
3066 3797 3289 3856 videret.
3350 3810 3429 3848 re-

1861 3890 1989 3944 licta
2023 3891 2184 3944 Creta
2218 3890 2471 3959 Cerigum
2525 3887 2718 3943 Veneti
2762 3889 2905 3957 juris
2934 3904 2965 3942 e
3024 3887 3246 3955 regione
3305 3900 3429 3952 pro-

1863 3980 2121 4034 Iuontorii
2160 3978 2340 4033 Malea:
2371 3979 2530 4033 sitam
2593 3978 2851 4036 insulam,
2883 3975 3179 4043 (Citberam
3245 3976 3430 4028 dixere

1862 4072 2090 4140 rrteres)
2122 4071 2187 4123 ad
2222 4070 2407 4123 Sancti
2458 4068 2664 4123 Nicolai
2722 4079 2932 4137 portum
2972 4066 3191 4124 invasit.
3228 4074 3280 4118 et
3317 4080 3427 4116 ma-

1857 4167 1963 4235 juri
1996 4183 2060 4221 ex
2100 4180 2250 4235 parte
2270 4166 2521 4233 diripuit.
2555 4164 2681 4218 Inde
2702 4162 2966 4233 Zacynthi
2991 4172 3045 4215 et
3066 4158 3429 4230 Cephallenia

1862 4259 2140 4313 sulmrbiis
2175 4274 2237 4313 ac
2266 4259 2397 4312 vicis
2422 4257 2633 4311 excidio
2664 4256 2805 4309 datis
2836 4258 3017 4321 (arces
3075 4253 3218 4305 enim
3246 4250 3425 4319 prazsi-

1860 4352 1964 4403 diis
1989 4357 2043 4403 et
2073 4364 2237 4417 opere
2277 4349 2358 4401 sic
2383 4350 2693 4401 munierant
2724 4346 2929 4409 Veneti,
2993 4353 3050 4396 ut
3106 4358 3197 4395 eas
3250 4342 3425 4395 hostis

152 4458 353 4527 fugit,
381 4459 825 4529 Alesscrapltum,
854 4471 907 4516 et
929 4478 1082 4531 opem
1099 4434 1216 4531 eius
1234 4466 1300 4519 ad
1322 4434 1754 4536 recuperandum
1793 4487 1833 4538 ι)
1861 4442 2074 4509 aggredi

1497 4434 1754 4525 leuandum
1793 4487 1833 4538 D
1861 4442 2075 4509 aggredi
2108 4456 2212 4494 non
2231 4439 2500 4508 auderet),
2529 4437 2866 4538 Soppotoum
2910 4436 3084 4538 pergit
3107 4434 3215 4538 Alis
3242 4434 3419 4497 bassa,

148 4566 419 4621 regnum
453 4551 725 4620 implorat.
757 4554 1028 4611 Assensus
1074 4559 1358 4625 postulatis
1404 4561 1592 4615 Jacobi
1647 4566 1759 4618 sul-

144 4659 371 4708 lamis,
398 4659 521 4698 eum
548 4647 704 4714 pulso
737 4648 973 4702 vicissim
1013 4663 1135 4703 cum
1163 4650 1426 4706 Karulota
1478 4655 1753 4724 Subando,

142 4739 211 4791 in
249 4751 493 4804 regnum
525 4737 752 4800 reducit,
800 4749 855 4791 et
912 4740 1131 4793 nomine
1180 4743 1537 4796 restitutionis
1596 4747 1757 4815 hujus

136 4844 218 4879 ac
260 4825 528 4879 beneﬁcii
554 4826 819 4879 tributum
849 4844 957 4881 non
994 4831 1162 4883 invito
1195 4832 1445 4899 imperat.
1496 4834 1549 4887 Id
1584 4836 1755 4889 tribu-

135 4931 282 4973 ιυιιι
316 4934 384 4971 ex
416 4919 687 4973 mercibus
714 4922 1006 4988 quotannis
1033 4924 1253 4977 sultauo
1287 4927 1559 4979 solvendis
1613 4944 1750 4981 cou-

131 5016 382 5071 stabal,
422 5019 571 5062 certo
607 5012 868 5064 mercium
895 5028 1117 5081 genere,
1179 5018 1598 5085 Specierumque
1657 5034 1756 5070 nu-

130 5116 332 5157 mero
360 5115 643 5167 expresso.
674 5101 910 5156 Necdum
947 5105 998 5156 id
1055 5107 1316 5174 temporis
1341 5124 1563 5162 uxorem
1598 5108 1754 5165 Jaco-

123 5197 259 5248 bus
297 5191 560 5243 duxerat.
590 5190 779 5259 Itaque
813 5191 1067 5247 Venetias
1107 5196 1407 5263 profectus,
1474 5198 1746 5254 IEcateri-

120 5298 287 5338 nam
330 5280 661 5343 Cornaram,
687 5284 838 5350 prius
867 5300 895 5337 ει
926 5295 1116 5339 senatu
1151 5286 1333 5341 Sancti
1374 5288 1535 5343 Marci
1572 5291 1737 5345 ﬁliam

114 5376 514 5441 adoptatum,
547 5375 843 5428 constituta
881 5375 950 5428 de
1008 5378 1225 5445 publico
1259 5380 1407 5444 d0te,
1468 5383 1752 5435 matrimo-

114 5466 236 5519 nio
281 5460 409 5515 sibi
442 5463 698 5529 copulat;
739 5476 796 5517 ut
837 5467 937 5521 huc
987 5469 1283 5522 adﬁnitatis
1319 5469 1536 5526 Venetae
1565 5473 1751 5527 vincu-

111 5563 205 5619 ιο,
250 5554 675 5622 potentissima:
708 5558 840 5610 mari
896 5560 1210 5627 reipublicae
1274 5563 1526 5629 prwsidio
1581 5581 1749 5633 seque

107 5659 515 5717 regnumque
545 5662 704 5698 suum
741 5649 1025 5702 stabiliret.
1063 5652 1170 5705 Nec
1228 5655 1397 5706 multo
1430 5666 1569 5725 post,
1624 5657 1747 5711 reli-

105 5754 218 5798 cta
256 5736 516 5802 coniuge
549 5752 878 5806 p‘:Pgtta!tlt‘,
923 5743 1171 5797 mori'ur.
1202 5746 1439 5816 Contigit
1472 5749 1569 5803 hoc
1596 5763 1739 5804 anno

1863 4548 2199 4601 numeroque
2237 4533 2469 4585 militum
2519 4530 2793 4597 superior,
2828 4527 2985 4580 caesis
3024 4526 3261 4593 captisve
3291 4541 3426 4592 pyre-

1862 4623 2129 4689 sidi'triis,
2180 4638 2361 4677 arcem
2406 4621 2642 4688 recipit:
2704 4618 2861 4685 cujus
2920 4617 3082 4670 etiam
3135 4616 3421 4683 pra-lectus

1858 4716 2073 4770 Manuel
2108 4715 2461 4776 Murmurius,
2500 4715 2579 4764 vir
2626 4711 2762 4765 bello
2808 4721 3089 4773 strenuus,
3158 4709 3210 4761 in
3248 4710 3420 4761 hostis

1858 4821 2179 4880 potestatem
2214 4810 2379 4863 venit.

1926 4943 2066 4996 Hinc
2091 4942 2374 4997 obsessum
2403 4949 2543 4994 terra
2604 4940 2851 5005 marique
2895 4929 3221 4997 Dnlciuium,
3251 4936 3414 4988 sitmn

1858 5036 1910 5089 iu
1947 5036 2186 5089 Albania:
2220 5035 2601 5101 Dalmatizeque
2647 5032 2844 5084 liuibus
2874 5018 3155 5097 Oppidum,
3230 5044 3415 5081 mense

1854 5125 1998 5180 Julio
2024 5126 2216 5182 Turcis
2250 5143 2306 5181 se
2338 5125 2583 5180 dedidit:
2620 5122 2831 5177 civibus
2896 5120 3204 5173 libertatem
3232 5136 3409 5182 Sllalll,

1855 5221 2122 5274 militibus
2141 5220 2259 5273 vitae
2288 5220 2457 5288 pactis
2493 5213 2940 5269 incolumitatem.
2972 5209 3076 5263 Sed
3113 5212 3238 5262 dmn
3284 5227 3412 5263 cou-

1855 5313 2255 5366 tcnduntiuter
2309 5325 2367 5363 se
2420 5309 2609 5366 IJJSSLP,
2668 5318 2902 5373 quorum
2954 5302 3089 5355 alter
3148 5304 3408 5369 oppidum

1854 5403 2206 5457 terrestribus
2237 5400 2429 5469 copiis.
2459 5397 2591 5449 alter
2653 5394 2787 5448 mari
2854 5394 3167 5455 obsederat,
3230 5397 3408 5449 utrius

1850 5511 1968 5548 esse
1999 5496 2251 5546 deberet:
2289 5492 2523 5560 plerique
2548 5502 2734 5540 omnes
2756 5502 2806 5537 tu
2834 5489 3149 5537 servilmem
3185 5486 3405 5539 abdut'ti

1852 5585 2091 5643 fuerunt,
2120 5582 2357 5651 exceptis
2395 5580 2554 5633 Sarra
2607 5577 2958 5642 illartiuengn,
3004 5573 3279 5625 Dalmatia:
3309 5589 3405 5627 su-

1852 5690 2032 5743 premo
2091 5692 2211 5725 cum
2269 5674 2492 5739 imperio
2551 5673 2928 5739 gubernatore,
2959 5681 3019 5717 ac
3075 5662 3252 5719 Marco
3304 5665 3404 5722 Ve-

1852 5764 2019 5821 nctiu.
2058 5764 2283 5819 Dulciuii
2314 5764 2583 5819 omnium).
