4866 6594
1341 482 1438 544 671

2564 486 2887 546 JOANNIS
2918 487 3369 546 LEUNCLAVII

4479 483 4570 546 672

1415 593 1568 647 Tunc
1588 594 1752 650 etiam
1778 595 1940 651 Turci
1995 596 2149 666 ptititi
2213 595 2437 652 fuerunt
2485 597 2762 662 Antibari,
2817 614 2910 666 per
2943 611 2982 666 Α
3015 602 3137 666 viri,
3173 601 3570 670 magimsregui
3599 598 4572 658 Castilia:Couttttendator,Asranius

1348 702 1613 740 summam
1641 688 1911 757 ignaviam
1935 689 2258 743 deditionem
2316 690 2550 743 faciente
2603 688 2914 744 Alexandro

1355 775 1560 830 Donato
1617 781 1908 847 praefecto:
1975 781 2214 849 itemque
2268 781 2466 845 Butua,
2521 796 2644 850 qua:
2697 782 2910 835 defendi

1350 882 1456 920 non
1492 869 1686 937 potuit,
1720 869 1870 940 quod
1904 881 2051 926 esset
2086 888 2275 928 versus
2342 888 2494 927 mare
2535 887 2726 942 parum
2789 889 2911 927 mu-

1355 958 1487 1011 trita.

1429 1050 1665 1106 Vluzalis
1728 1062 1779 1108 et
1802 1053 2071 1123 Caragnsa
2130 1053 2346 1117 Railns,
2388 1070 2511 1107 cum
2565 1055 2628 1106 ad
2680 1055 2914 1108 insulam

1357 1142 1639 1196 Lieseuain
1694 1147 2032 1213 appulissent
2089 1145 2312 1214 (Fat-um
2375 1146 2633 1201 Dalmatae
2697 1160 2913 1212 vol-ant,

1360 1233 1448 1285 ubi
1481 1234 1738 1290 Farcnsis
1769 1247 1850 1290 cst
1886 1237 2286 1306 episcopatus),
2313 1239 2575 1291 suburhia
2609 1241 2915 1306 depopulati

1358 1336 1502 1390 sunt,
1557 1342 1765 1390 arcem,
1789 1346 1951 1397 quam
1984 1332 2193 1398 egregie
2224 1333 2483 1383 munitam
2515 1333 2768 1394 vidimus,
2803 1342 2920 1386 ten-

1361 1426 1472 1469 tare
1503 1433 1608 1470 non
1635 1419 1780 1474 ausi.
1814 1419 2037 1474 Liesena
2075 1421 2284 1484 relicta,
2321 1421 2608 1475 Cnrzolam
2653 1425 2920 1488 petierunt

1358 1522 1518 1570 quam
1551 1507 1842 1579 Corcyram
1870 1509 2084 1578 Nigrum
2116 1522 2331 1573 vocant,
2369 1511 2507 1564 haud
2543 1513 2730 1576 procul
2797 1513 2920 1565 itide

1358 1598 1605 1654 dissitam
1641 1617 1655 1654 :
1687 1602 1774 1658 cui
1799 1601 2016 1671 quidem
2043 1603 2233 1656 insulae
2264 1604 2396 1656 nihil
2641 1604 2784 1658 aliud
2832 1608 2920 1658 dc-

1360 1693 1490 1746 dere
1523 1692 1727 1759 damni,
1755 1709 1917 1762 qnam
1973 1695 2117 1762 quod
2178 1693 2373 1747 Ulatim
2433 1709 2627 1763 pagum
2690 1694 2922 1748 ﬂammis

1364 1783 1576 1851 injectis
1615 1796 1962 1842 exusserunt.
2013 1784 2146 1837 Nam
2209 1802 2332 1838 cum
2397 1788 2656 1855 oppidum
2708 1787 2920 1852 insulae,

1361 1875 1504 1945 quod
1530 1876 1710 1944 ipsum
1735 1893 1950 1947 quoque
1981 1875 2228 1930 Curzolae
2278 1892 2474 1930 nomen
2510 1877 2694 1941 habet,
2728 1893 2757 1931 a
2792 1879 2924 1932 viris

3015 692 3343 756 Cornianus,
3366 692 3604 746 Joannes
3653 694 3896 747 Andreas
3937 691 4094 744 Doria
4148 691 4403 758 priuet-ps
4459 686 4578 739 Μει-

3017 788 3294 855 phitanus,
3314 787 3650 854 Augustinus
3679 784 4026 851 Barbarigus,
4055 783 4268 836 Marcus
4300 780 4573 844 Quirinus,

3017 880 3288 931 Antonius
3319 878 3559 940 (Ianalis,
3595 876 3783 930 Veneti
3821 895 3834 930 :
3869 874 4172 928 Alexander
4209 876 4336 925 item
4389 870 4575 924 Farne-

3017 972 3154 1033 sius,
3203 968 3409 1023 Octavi:
3463 969 3618 1023 ducis
3669 968 3832 1030 filius,
3900 965 4153 1034 princeps
4210 961 4571 1022 Parmensis;

3021 1060 3343 1115 Franciscus
3368 1061 3556 1124 Maria,
3588 1058 3857 1114 Guidonis
3883 1058 4070 1113 Ubaldi
4093 1058 4254 1117 tilius,
4290 1054 4575 1110 Bovereus.

3021 1153 3210 1207 Urbini
3247 1154 3523 1222 princeps,
3579 1152 3784 1208 Paulus
3834 1151 4110 1206 Jordanus
4175 1147 4428 1208 Ursinus,
4478 1147 4574 1198 dm

3023 1246 3434 1300 Ilraccianensis
3475 1261 3488 1310 ;
3529 1245 3761 1299 Alvarns
3808 1243 4056 1298 tnarchio
4099 1241 4312 1294 Sancta:
4373 1235 4577 1292 Crucis.

3017 1348 3073 1390 et
3110 1338 3196 1391 alii
3223 1338 3425 1406 plures.
3453 1337 3577 1391 Haec
3611 1337 3809 1391 classis
3855 1352 3977 1390 cum
4035 1349 4220 1388 mense
4285 1330 4578 1402 St'plcutbtt

3026 1430 3270 1484 Messana
3297 1428 3493 1484 Sicilia:
3515 1428 3788 1489 solvisset,
3813 1427 4145 1494 hostilesque
4163 1424 4382 1478 navales
4406 1421 4584 1490 copias

3023 1523 3086 1575 ad
3116 1521 3445 1576 lnebeclitim
3474 1520 3775 1575 subsistere
3800 1520 3901 1588 (sic.
3937 1517 4097 1571 Τυιοί
4125 1515 4410 1571 nominant
4460 1511 4581 1566 civi-

3026 1626 3212 1676 tatem,
3239 1627 3398 1680 quam
3449 1612 3618 1665 nostri
3675 1610 3978 1678 Lepantum
4035 1608 4335 1676 appellant,
4386 1612 4587 1657 veteres

3026 1707 3212 1758 dixere
3250 1701 3615 1771 Naupactum)
3663 1702 3974 1756 nuntiatunt
4029 1710 4172 1755 esset
4203 1717 4219 1753 :
4249 1697 4468 1751 tandem
4527 1697 4585 1746 ad

3031 1807 3249 1865 portum
3275 1796 3468 1850 insula:
3505 1795 3893 1864 Cephallenia},
3940 1809 4103 1862 quem
4169 1793 4324 1846 vallis
4365 1792 4592 1844 Alexan-

3025 1887 3194 1940 drina:
3237 1895 3452 1949 vocant,
3485 1886 3714 1955 appulit.
3737 1885 3928 1940 Stabat
3963 1884 4107 1938 haud
4130 1885 4316 1952 procul
4344 1898 4372 1935 a
4406 1883 4596 1936 nostris

1370 1971 1674 2032 desertum.
1765 1970 2210 2040 aggrederentur.
2270 1986 2299 2024 2
2386 1971 2623 2035 Ῐυιηὶιιὶδ,
2681 1972 2926 2026 animose
2961 2010 2998 2064 Β
3031 1977 3083 2030 ἰιι
3121 1978 3475 2032 lnchechtino
3502 1978 3651 2039 sinu,
3681 1976 3776 2045 qui
3804 1975 4122 2030 Corinthius
4153 1975 4286 2028 olim
4328 1989 4597 2041 nuncupa-

1366 2063 1595 2130 patriam
1623 2050 2067 2125 defendentibus.
2099 2064 2449 2116 memorabili
2516 2078 2639 2118 eum
2692 2066 2923 2117 marium

1363 2155 1812 2225 Cumrlanorutn,
1842 2167 1897 2210 et
1947 2157 2188 2226 ipsorum
2215 2157 2452 2212 hostium
2476 2155 2724 2219 infamia,
2775 2157 2930 2211 femi-

1369 2251 1564 2317 neiqoe
1617 2265 1787 2306 sexus
1845 2251 2140 2306 immortali
2191 2250 2371 2314 laude,
2433 2250 2619 2318 rejecti
2687 2250 2926 2306 fuerunt.

1438 2341 1821 2410 Famagustani
1845 2359 1938 2411 per
1996 2344 2266 2412 integrum
2297 2357 2499 2397 annum
2535 2343 2763 2408 obsessi,
2811 2358 2930 2397 cum

1369 2434 1591 2488 fortiter
1626 2435 1888 2491 hactenus
1913 2451 2129 2490 omnem
2171 2436 2278 2490 vim
2339 2436 2588 2490 hosulem
2639 2436 2932 2492 sustinuis-

1369 2537 1492 2582 sent
1525 2544 1540 2582 :
1573 2527 1787 2583 tandem
1823 2529 1875 2582 in
1899 2538 2138 2584 extrema
2163 2545 2344 2583 rerum
2402 2531 2643 2583 onmimn
2710 2533 2933 2600 pcmtria

1369 2621 1696 2676 deditionem
1725 2621 1990 2685 fecerunt,
2024 2622 2107 2675 his
2139 2621 2350 2692 legibus
2385 2641 2398 2676 :
2426 2633 2482 2677 ut
2532 2621 2750 2677 Venetis
2810 2626 2934 2678 vita-

1369 2714 1760 2767 eoncederetur
1792 2714 2158 2776 incolumitas,
2189 2723 2242 2768 et
2274 2715 2353 2769 uti
2382 2730 2506 2769 cum
2539 2717 2706 2770 armis
2736 2715 2849 2769 suis
2874 2731 2936 2770 ac

1371 2805 1724 2861 facultatibus
1763 2805 1817 2860 in
1842 2806 2058 2862 Cretam
2085 2807 2482 2862 deducerentur
2511 2826 2525 2874 ;
2550 2807 2720 2862 ϐιωςὶ
2746 2807 2938 2864 domos

1373 2915 1497 2951 suas
1551 2898 1872 2963 incolerent,
1931 2901 2369 2968 possessionibus
2434 2901 2547 2955 suis
2601 2902 2934 2968 fruerentur,

1376 2996 1479 3041 ritu
1506 2989 1821 3046 Christiano
1875 2993 2139 3048 viverent.
2186 2994 2395 3058 Quibus
2451 2995 2856 3050 conditionibus
2908 3011 2938 3050 a

1373 3082 1649 3151 Mustapha
1687 3085 1864 3143 bassa.
1906 3087 2062 3140 initio
2093 3089 2296 3141 mensis
2355 3090 2601 3157 Augusti,
2645 3106 2788 3144 anno
2837 3090 2940 3145 979

1373 3175 1522 3240 (Chr.
1558 3176 1737 3246 1572),
1779 3178 2012 3233 laudatis
2032 3191 2084 3234 et
2106 3181 2437 3249 approbatis.
2467 3182 2745 3251 ipsiusque
2778 3199 2938 3236 manu

1376 3272 1706 3338 subsignatis
1734 3286 1748 3324 :
1783 3271 1868 3324 die
1901 3279 2093 3340 qulnto
2123 3272 2254 3325 dicti
2276 3273 2478 3325 mensis
2500 3274 2725 3340 Augusti
2747 3275 2942 3342 prodiit

3033 2070 3212 2134 batur,
3252 2062 3444 2122 classis
3467 2069 3700 2121 hostium
3736 2085 3747 2120 :
3785 2067 3872 2120 cui
3913 2081 4036 2120 cum
4081 2066 4310 2134 imperio
4334 2076 4592 2132 prmcrant

3037 2158 3299 2213 Pertavus
3322 2159 3478 2213 bassa
3505 2160 3788 2228 copiarum
3824 2158 4190 2220 terrestrium,
4221 2167 4275 2210 et
4311 2156 4426 2210 Alis
4447 2158 4597 2208 basszt

3034 2249 3306 2302 sociorum
3333 2249 3607 2303 navalium
3629 2251 3738 2302 dux
3784 2264 4094 2318 supremus.
4143 2248 4287 2301 [nter
4350 2248 4473 2309 hos.
4518 2263 4603 2300 co-

3035 2341 3182 2408 gnito
3210 2340 3530 2396 Christiana:
3559 2341 3752 2396 classis
3787 2341 4047 2404 adventu,
4081 2341 4474 2394 sententiarum
4521 2341 4600 2391 di-

3038 2434 3262 2489 versitas
3296 2436 3527 2492 exstitit.
3557 2437 3819 2490 Pertavus
3852 2435 4236 2488 abstinendum
4275 2434 4548 2501 judicabat
4572 2450 4601 2487 a

3039 2527 3245 2596 prmlio,
3287 2529 3429 2596 quod
3462 2529 3752 2594 conjuncta
3778 2528 3885 2596 jam
3905 2526 4341 2582 Christianorum
4397 2525 4602 2588 classis,

3040 2622 3199 2674 unius
3229 2621 3458 2690 imperio
3489 2623 3641 2677 ducis
3669 2632 3946 2691 regeretur
3977 2639 3990 2676 :
4029 2620 4457 2690 exspectandum
4488 2635 4606 2673 esse

3039 2714 3389 2782 perexiguum
3421 2715 3485 2766 ad
3507 2725 3738 2782 tempus,
3762 2732 3872 2784 quo
3895 2716 4132 2769 futurum
4153 2720 4243 2779 sit,
4267 2724 4345 2786 ut,
4370 2717 4461 2769 illo
4477 2733 4610 2784 pra»

3039 2807 3224 2859 scrtim
3251 2807 3377 2860 anni
3407 2818 3667 2876 tempore,
3706 2809 3964 2862 solvatur.
3998 2810 4108 2860 Alis
4138 2811 4454 2862 crontrario
4487 2824 4610 2862 scn-

3043 2898 3233 2964 tiebat,
3260 2899 3484 2952 omnino
3523 2899 3917 2953 dimicandum.
3947 2902 3986 2953 A
4029 2901 4256 2954 I‘ertavo
4281 2901 4500 2955 stabant
4531 2905 4603 2955 rei

3043 2991 3248 3044 navalis
3267 2992 3579 3058 peritissimi
3613 2992 3966 3061 veteranique
3997 2994 4187 3055 duces,
4223 2993 4447 3047 Sirocus
4487 2997 4611 3048 Ale-

3045 3084 3284 3136 xandria:
3315 3086 3625 3154 sangiacus,
3651 3085 3959 3140 Carabuees
3988 3087 4276 3154 sangiacus
4310 3085 4614 3140 Sourisaris

3046 3175 3097 3228 in
3132 3177 3454 3232 Caramania
3506 3180 3620 3233 sive
3677 3180 3861 3233 Cilicia
3921 3180 4190 3232 maritima
4260 3180 4615 3234 Mechentctes

3048 3271 3236 3338 “est”.
3268 3270 3408 3323 Solae
3444 3271 3589 3325 liaisi
3633 3271 3794 3333 lilius,
3819 3272 4106 3338 sangiacus
4140 3270 4356 3324 Eubcea:
4381 3272 4496 3326 sive
4515 3273 4619 3324 Νι·-

1375 3380 1437 3415 οι
1473 3363 1604 3416 urbe
1627 3362 1840 3416 Marcus
1876 3363 2147 3418 Antonius
2180 3363 2535 3432 Bragadinus,
2561 3367 2664 3419 sub
2699 3383 2808 3434 quo
2849 3367 2942 3421 de-
2967 3362 3011 3420 ϐ
3049 3363 3297 3432 groponti
3326 3379 3339 3416 :
3375 3379 3496 3416 rum
3526 3364 3607 3416 Ali
3630 3378 3756 3417 vero
3775 3363 4102 3427 sentiebant,
4123 3363 4405 3418 Chasanes
4427 3363 4616 3434 begins.

1377 3458 1526 3508 f'ensa
1557 3457 1730 3509 fuerat
1760 3457 2042 3514 hactenus.
2074 3467 2126 3510 et
2160 3473 2283 3510 cum
2316 3459 2506 3510 illustri
2546 3458 2811 3512 nobilium
2866 3460 2943 3511 vi-

1379 3563 1560 3601 rorum
1584 3550 1839 3602 Comitatu
1867 3551 1918 3602 iu
1948 3549 2244 3618 Mustapha'.
2269 3562 2442 3603 castra
2473 3551 2634 3614 venit,
2659 3553 2814 3620 eique
2832 3553 2943 3605 ela-

1379 3655 1469 3693 ves
1498 3639 1751 3698 civitatis.
1792 3640 2006 3707 quodin
2029 3639 2392 3694 deditionibus
2422 3641 2533 3694 fieri
2552 3642 2709 3706 solet,
2729 3642 2944 3695 obtulit.

1382 3733 1649 3797 Exceptus
1679 3732 1832 3784 initio
1865 3732 2092 3784 comiter
2129 3746 2159 3785 a
2191 3730 2470 3799 Mustapha
2502 3732 2681 3794 bassa,
2713 3747 2835 3786 mox
2881 3734 2946 3787 ab

1381 3826 1465 3876 illa
1501 3825 1703 3878 crudi-li
1728 3825 1926 3884 be-llna,
1959 3839 2048 3892 per
2086 3839 2360 3878 summum
2399 3825 2578 3878 scelus
2601 3824 2800 3879 violata
2821 3824 2944 3886 fide,

1378 3933 1503 3969 cum
1538 3917 1656 3968 aliis
1682 3933 1773 3984 per
1798 3916 2092 3969 ludibrium
2123 3915 2348 3969 afficitur
2374 3916 2660 3983 exquisitis
2712 3916 2946 3986 injuriis,

1383 4017 1494 4060 tum
1525 4009 1589 4059 ad
1626 4018 1930 4060 extremum
1989 4007 2144 4060 vivus
2202 4005 2533 4060 excoriatur.
2595 4004 2946 4059 Laurentium

1381 4097 1705 4163 Τυιιιιοιιιιιι,
1742 4097 1907 4164 Paphi
1946 4098 2280 4165 praefectum,
2304 4095 2395 4165 qui
2428 4104 2481 4149 et
2512 4095 2627 4163 ipse
2655 4109 2778 4150 cum
2829 4095 2950 4148 aliis

1384 4187 1764 4257 Famagnstam
1788 4188 2050 4258 singulari
2082 4191 2280 4241 virtute
2305 4195 2692 4256 propugnarat,
2725 4201 2951 4252 suSpen-

1383 4280 1474 4330 dio
1507 4278 1820 4349 Mnstaphas
1850 4282 2054 4345 necari,
2100 4290 2327 4335 caeteros
2383 4279 2661 4334 dedititios
2703 4280 2954 4332 immani-

1388 4380 1470 4425 ter
1496 4372 1861 4425 cnntrucidari
1889 4373 2076 4440 jussit.
2130 4372 2457 4435 aneorum,
2507 4373 2599 4441 qui
2649 4371 2950 4426 obsidionis

1388 4462 1653 4531 principio
1682 4465 1731 4517 in
1755 4467 2063 4518 universum
2099 4465 2163 4518 ad
2194 4466 2428 4518 ducenta
2463 4465 2627 4517 millia
2655 4465 2949 4519 censeban-

1388 4568 1496 4619 tur,
1531 4554 1588 4608 in
1615 4557 1812 4622 quibus
1846 4566 2003 4610 erant
2027 4561 2323 4623 Azapormn
2354 4556 2552 4618 80,000
2575 4559 2950 4624 genizarorutn

1395 4646 1899 4711 lt,000,Volonum
1964 4650 2252 4714 (Acanzios
2310 4649 2407 4716 ipsi
2455 4651 2670 4714 vocant)
2730 4647 2948 4710 00,000,

1392 4741 1618 4808 periisse
1647 4751 1855 4791 constat
1890 4738 2176 4792 obsidione
2202 4740 2456 4802 durante,
2511 4756 2674 4806 supra
2730 4739 2948 4803 80,000.

1461 4833 1588 4886 Erat
1611 4833 1765 4886 initio
1791 4833 1912 4885 belli
1934 4833 2135 4900 Cyprii,
2155 4833 2505 4888 tlefi'ttdeuahe
2526 4845 2711 4888 contra
2739 4835 2944 4887 Turco-

1391 4943 1510 4979 rum
1549 4929 1678 4985 vim,
1708 4923 2014 4990 reipublicae
2044 4924 2363 4977 Christianae
2399 4942 2579 4987 Causa,
2640 4941 2952 4992 percussum

1393 5022 1464 5073 fa:
1485 5021 1568 5071 lus
1601 5022 1739 5069 inter
1771 5017 1922 5068 Pium
1952 5016 2212 5080 Quintum
2266 5019 2572 5084 pontificem
2634 5019 2954 5077 maximum,

1393 5113 1697 5177 Philippum
1733 5122 1909 5174 regem
1939 5108 2339 5175 Hispaniarum,
2374 5119 2427 5161 et
2468 5118 2715 5162 senatum
2783 5107 2956 5161 Vens:-

1395 5215 1532 5255 tnm.
1569 5203 1697 5269 Ejus
1725 5198 1947 5254 hederis
1990 5199 2267 5267 cupiarum
2331 5203 2578 5253 omnium
2646 5201 2958 5268 designatus

1395 5297 1498 5348 fuit
1532 5297 1829 5358 imperator
1873 5289 2112 5344 Joannes
2162 5290 2440 5356 Austrins,
2498 5291 2682 5344 Karuli
2730 5291 2957 5356 Augusti

1394 5386 1559 5447 ﬁlius,
1582 5383 1801 5450 Hispani
1843 5383 2027 5436 frater.
2057 5382 2299 5436 Pontifex
2325 5386 2437 5437 suis
2469 5384 2780 5437 triremibus
2816 5383 2958 5435 Mar-

1396 5493 1518 5528 cum
1551 5475 1844 5527 Antonium
1878 5475 2218 5538 Columnam,
2250 5477 2444 5531 ducem
2466 5475 2957 5529 Talliaeoccianum

1397 5568 1698 5624 nobilitatis
1741 5566 1997 5619 Rontanze
2063 5568 2398 5637 principem,
2453 5569 2692 5638 prmfecit
2726 5585 2739 5620 :
2774 5567 2959 5620 Veneti

1401 5659 1776 5728 amplissima},
1803 5658 2376 5726 quatninstruxerant,
2418 5662 2612 5715 classis
2668 5661 2959 5729 imperium

1401 5750 1725 5804 Sebastiano
1764 5749 2016 5813 Venerio,
2059 5765 2216 5818 quem
2257 5763 2439 5819 postea
2495 5754 2687 5805 durem
2743 5769 2965 5823 quoque

1410 5860 1569 5897 suum
1597 5852 1876 5904 errarunt,
1940 5845 2276 5898 commisere.
2353 5849 2548 5900 Ριοςιειρι·
2615 5847 2715 5899 lens
2767 5853 2820 5898 et
2872 5845 2960 5897 alii

1408 5941 1508 5989 hac
1571 5943 1726 5988 erant
1800 5936 1852 5988 in
1903 5935 2245 5997 expeditione
2301 5937 2566 6000 principes
2630 5947 2683 5991 et
2717 5938 2951 5992 illustres

3046 3453 3395 3507 Chairadittis
3424 3455 3768 3508 Barbarossze
3798 3454 3964 3518 ﬁlius,
3997 3454 4234 3509 Uluzalis
4269 3457 4624 3524 prosultanus

3047 3544 3398 3609 Cesairensis,
3431 3558 3482 3597 i-t
3504 3545 3661 3599 Caias
3693 3546 3860 3612 begus
3887 3546 4238 3615 Stnyrnensis
4295 3549 4622 3616 sangiacus:

3048 3649 3281 3703 quorum
3323 3636 3595 3689 sententia
3626 3637 3841 3690 tandem
3874 3638 4024 3702 vicit,
4062 3636 4271 3692 Uluzali
4311 3639 4540 3707 jubente
4573 3643 4625 3694 in

3049 3725 3286 3778 medium
3326 3726 3549 3793 proferri
3579 3736 3630 3779 et
3663 3728 3876 3780 recitari
3910 3729 4222 3781 mandatum
4257 3731 4463 3783 sultatti
4497 3732 4628 3783 Seli-

3051 3820 3173 3882 mis,
3191 3835 3297 3886 quo
3318 3819 3594 3872 victoriam
3612 3820 3687 3872 nti
3709 3834 4182 3889 prosequerentur,
4201 3820 4280 3873 eis
4308 3820 4628 3889 injungeba-

3051 3918 3156 3963 tur.
3178 3910 3431 3963 Omnium
3449 3927 3577 3978 ergo
3593 3911 3877 3977 sententiis
3893 3911 4195 3975 decretum,
4215 3911 4468 3978 prazlium
4485 3913 4630 3982 quod

3056 4017 3160 4054 non
3185 4001 3380 4055 minori
3421 4003 3726 4056 animorum
3753 4002 4034 4057 alacritate
4063 4003 4267 4057 nostris
4282 4006 4450 4057 etiam
4471 4021 4632 4074 expe-

3055 4095 3317 4158 tentilms,
3339 4094 3692 4148 commissum
3713 4093 3812 4147 fuit
3830 4094 3895 4148 ad
3919 4105 4026 4148 tres
4043 4095 4269 4163 exiguas
4288 4095 4526 4158 insulas,
4555 4099 4631 4150 vel

3056 4190 3294 4239 marinos
3328 4189 3506 4255 potius
3528 4186 3807 4254 scopulos,
3843 4203 3979 4254 quos
4011 4187 4314 4242 Cuzolatos
4342 4189 4505 4241 hodie
4527 4198 4632 4240 tam

3054 4278 3247 4342 Graeci,
3281 4295 3441 4347 quam
3473 4280 3644 4332 nostri
3669 4289 3881 4333 vocant.
3905 4282 4138 4334 Victoria
4166 4281 4322 4348 potiti
4345 4291 4475 4334 sunt
4496 4284 4631 4331 ιιιιιτ-

3059 4372 3124 4425 tis
3150 4390 3175 4423 a
3215 4372 3681 4426 smeulisinaudita
3716 4374 4030 4426 Christiani.
4068 4373 4235 4426 Periit
4262 4377 4488 4428 occisus
4525 4375 4637 4425 Alis

3058 4465 3239 4518 hassa.
3285 4465 3546 4519 Pet-tarus
3582 4467 3960 4520 animadverso
4003 4469 4253 4534 priesvnti
4289 4484 4520 4520 suorum
4561 4471 4640 4518 iu-

3059 4556 3242 4616 teritu,
3272 4572 3375 4608 non
3414 4571 3608 4623 magno
3637 4557 3851 4623 navigio
3885 4556 4095 4620 fugiens
4123 4556 4187 4607 ad
4213 4565 4416 4609 terrain
4443 4558 4639 4609 evasit.

3059 4645 3296 4698 Uluzalis
3333 4646 3463 4696 tnari
3485 4647 3717 4713 profugit
3750 4663 3875 4697 cum
3919 4646 4134 4713 triginta
4211 4649 4330 4713 plus
4384 4650 4642 4700 minusu-

3060 4741 3392 4793 ιτιηιιιίὶιυδ.
3428 4742 3576 4793 (Lassa
3614 4741 3830 4792 fuerunt
3866 4741 4097 4791 hostimn
4131 4741 4194 4791 ad
4229 4740 4428 4800 25000,
4485 4755 4646 4806 capta

3056 4833 3216 4886 4000.
3254 4833 3457 4885 Classis
3492 4831 3704 4884 hostilis
3732 4832 4006 4891 universa,
4038 4845 4161 4881 cum
4193 4831 4647 4895 spoliisimmeno

3058 4923 3155 4983 sis,
3180 4923 3609 4976 Christianorum
3650 4920 3701 4972 itt
3735 4931 4057 4987 petestatem
4092 4919 4238 4972 venit
4269 4935 4284 4982 ;
4323 4921 4389 4971 iis
4427 4921 4649 4971 dunta-

3060 5015 3416 5080 xatesceptis
3450 5013 3763 5066 triremibus
3820 5026 3883 5063 ac
3925 5011 4177 5081 navigiis,
4242 5026 4365 5062 cum
4443 5013 4652 5078 clulius

3063 5107 3325 5160 Uluzalim
3348 5108 3589 5161 evasisse
3617 5106 3873 5159 tltxituus.
3892 5103 4137 5157 Liberata
4157 5105 4472 5157 Christiana
4495 5122 4656 5156 uian-

3059 5200 3197 5266 ripia
3229 5213 3391 5266 supra
3432 5197 3620 5252 14000.
3656 5195 3961 5265 Pugnatum
3995 5196 4082 5248 die.
4127 5195 4363 5262 Septimo
4441 5200 4656 5247 mensis

3059 5290 3328 5346 Octobris.
3357 5304 3499 5340 anno
3534 5287 3913 5340 Maltuntetano
3946 5286 4047 5339 979
4086 5285 4235 5354 (Chr.
4306 5284 4496 5350 I572).

3133 5383 3242 5436 Hac
3273 5379 3469 5434 Turris
3501 5382 3648 5432 illata
3681 5379 3856 5443 clade,
3905 5376 4093 5431 Veneti
4117 5377 4566 5444 Margaritinnm,
4605 5381 4656 5426 in

3058 5477 3266 5526 ‘iltlltml
3285 5477 3514 5527 iotarnnt
3552 5473 3789 5541 regione,
3809 5487 3928 5539 quie
3954 5471 4194 5522 Albani-.e
4217 5485 4346 5538 pars
4376 5481 4464 5521 est
4493 5472 4612 5537 (sic
4633 5487 4659 5519 a

3061 5565 3134 5619 Ce
3167 5567 3556 5617 auniisdit-tam
3587 5563 3858 5614 tnontilzus
3877 5560 4042 5628 aliqui
4079 5563 4314 5627 putant),
4343 5560 4491 5611 haud
4535 5577 4662 5624 prn-

3063 5661 3148 5712 c.t|
3178 5675 3205 5712 a
3232 5660 3464 5726 Corcyra
3495 5661 3680 5717 situm,
3701 5656 3975 5707 deditione
4005 5663 4269 5718 ceperunt
4319 5653 4664 5703 duodecimo

3065 5751 3342 5822 364die
3388 5749 3724 5808 Novembris,
3788 5748 3949 5799 vitam
4006 5745 4407 5810 facultatesque
4472 5744 4668 5793 salus

3070 5845 3462 5913 paciscentihns
3493 5841 3743 5893 Barbaris
3769 5859 3780 5893 :
3811 5850 3856 5891 et
3899 5837 4075 5904 ipsum
4101 5849 4341 5888 castrum
4367 5848 4494 5882 mox
4540 5834 4667 5897 igne.

3070 5947 3470 5991 concrematttm
3503 5937 3808 5986 dituerttul.
3842 5931 4175 5998 Suppotontn
4214 5939 4433 5992 quoque
4467 5924 4579 5976 dcs
4604 5941 4667 5974 τε
