  <div class='ocr_page' id='page_1' title='image "/cluster/home/n/w/nwhite01/storage/ocr_20150623/159/nnc1.0046980628/346.png"; bbox 0 0 4866 6594; ppageno 0'>
   <div class='ocr_carea' id='block_1_1' title="bbox 193 325 299 390">
    <p class='ocr_par' dir='ltr' id='par_1_1' title="bbox 193 325 299 390">
     <span class='ocr_line' id='line_1_1' title="bbox 193 325 299 390; baseline 0.019 -2"><span class='ocrx_word' id='word_1_1' title='bbox 193 325 299 390; x_wconf 81' lang='grc'><strong>673</strong></span> 
     </span>
    </p>
   </div>
   <div class='ocr_carea' id='block_1_2' title="bbox 1300 342 2343 405">
    <p class='ocr_par' dir='ltr' id='par_1_2' title="bbox 1300 342 2343 405">
     <span class='ocr_line' id='line_1_2' title="bbox 1300 342 2343 405; baseline 0.009 -9"><span class='ocrx_word' id='word_1_2' title='bbox 1300 342 1678 402; x_wconf 66' lang='lat' dir='ltr'><strong>SUPPIJ‘IM.</strong></span> <span class='ocrx_word' id='word_1_3' title='bbox 1720 345 1997 403; x_wconf 17' lang='lat' dir='ltr'><strong>ANNAL.</strong></span> <span class='ocrx_word' id='word_1_4' title='bbox 2039 345 2343 405; x_wconf 71' lang='lat' dir='ltr'><strong>TUllCItI.</strong></span> 
     </span>
    </p>
   </div>
   <div class='ocr_carea' id='block_1_3' title="bbox 3342 361 3448 423">
    <p class='ocr_par' dir='ltr' id='par_1_3' title="bbox 3342 361 3448 423">
     <span class='ocr_line' id='line_1_3' title="bbox 3342 361 3448 423; baseline 0.009 -1"><span class='ocrx_word' id='word_1_5' title='bbox 3342 361 3448 423; x_wconf 69' lang='grc'><strong>6⁸74</strong></span> 
     </span>
    </p>
   </div>
   <div class='ocr_carea' id='block_1_4' title="bbox 190 437 3444 525">
    <p class='ocr_par' dir='ltr' id='par_1_4' title="bbox 190 437 3444 525">
     <span class='ocr_line' id='line_1_4' title="bbox 190 437 3444 525; baseline 0.011 -38"><span class='ocrx_word' id='word_1_6' title='bbox 190 448 295 488; x_wconf 87' lang='lat' dir='ltr'><strong>tum</strong></span> <span class='ocrx_word' id='word_1_7' title='bbox 323 452 350 489; x_wconf 89' lang='lat' dir='ltr'><strong>a</strong></span> <span class='ocrx_word' id='word_1_8' title='bbox 380 437 590 504; x_wconf 78' lang='lat' dir='ltr'><strong>Turcis,</strong></span> <span class='ocrx_word' id='word_1_9' title='bbox 632 442 823 497; x_wconf 81' lang='lat' dir='ltr'><strong>Albani</strong></span> <span class='ocrx_word' id='word_1_10' title='bbox 856 456 1218 512; x_wconf 82' lang='lat' dir='ltr'><strong>occuparunt,</strong></span> <span class='ocrx_word' id='word_1_11' title='bbox 1251 458 1297 499; x_wconf 86' lang='lat' dir='ltr'><strong>et</strong></span> <span class='ocrx_word' id='word_1_12' title='bbox 1330 448 1548 501; x_wconf 80' lang='lat' dir='ltr'><strong>Venetis</strong></span> <span class='ocrx_word' id='word_1_13' title='bbox 1608 451 1765 501; x_wconf 83' lang='lat' dir='ltr'><strong>resti-</strong></span> <span class='ocrx_word' id='word_1_14' title='bbox 1794 453 1929 510; x_wconf 82' lang='lat' dir='ltr'><strong>Ade</strong></span> <span class='ocrx_word' id='word_1_15' title='bbox 1961 451 2153 505; x_wconf 82' lang='lat' dir='ltr'><strong>Turcis</strong></span> <span class='ocrx_word' id='word_1_16' title='bbox 2178 454 2400 506; x_wconf 77' lang='lat' dir='ltr'><strong>victoria</strong></span> <span class='ocrx_word' id='word_1_17' title='bbox 2436 464 2543 508; x_wconf 76' lang='lat' dir='ltr'><strong>toto</strong></span> <span class='ocrx_word' id='word_1_18' title='bbox 2573 456 2685 525; x_wconf 79' lang='lat' dir='ltr'><strong>jam</strong></span> <span class='ocrx_word' id='word_1_19' title='bbox 2743 458 2875 510; x_wconf 84' lang='lat' dir='ltr'><strong>orbe</strong></span> <span class='ocrx_word' id='word_1_20' title='bbox 2911 458 3180 515; x_wconf 82' lang='lat' dir='ltr'><strong>celebrem</strong></span> <span class='ocrx_word' id='word_1_21' title='bbox 3231 468 3396 521; x_wconf 87' lang='lat' dir='ltr'><strong>tuittit</strong></span> <span class='ocrx_word' id='word_1_22' title='bbox 3433 489 3444 523; x_wconf 93' lang='lat'><strong>:</strong></span> 
     </span>
    </p>
   </div>
   <div class='ocr_carea' id='block_1_5' title="bbox 191 532 1783 603">
    <p class='ocr_par' dir='ltr' id='par_1_5' title="bbox 191 532 1783 603">
     <span class='ocr_line' id='line_1_5' title="bbox 191 532 1783 603; baseline 0.01 -27"><span class='ocrx_word' id='word_1_23' title='bbox 191 535 405 580; x_wconf 83' lang='lat' dir='ltr'><strong>luerunt</strong></span> <span class='ocrx_word' id='word_1_24' title='bbox 428 543 442 581; x_wconf 90' lang='lat'><strong>:</strong></span> <span class='ocrx_word' id='word_1_25' title='bbox 467 545 493 582; x_wconf 90' lang='lat' dir='ltr'><strong>a</strong></span> <span class='ocrx_word' id='word_1_26' title='bbox 520 532 720 599; x_wconf 80' lang='lat' dir='ltr'><strong>quibus</strong></span> <span class='ocrx_word' id='word_1_27' title='bbox 760 534 1029 587; x_wconf 88' lang='lat' dir='ltr'><strong>redditum</strong></span> <span class='ocrx_word' id='word_1_28' title='bbox 1051 538 1305 603; x_wconf 71' lang='lat' dir='ltr'><strong>deinceps</strong></span> <span class='ocrx_word' id='word_1_29' title='bbox 1338 538 1554 591; x_wconf 86' lang='lat' dir='ltr'><strong>sultano</strong></span> <span class='ocrx_word' id='word_1_30' title='bbox 1576 537 1783 591; x_wconf 63' lang='lat' dir='ltr'><strong>St-limi‘</strong></span> 
     </span>
    </p>
   </div>
   <div class='ocr_carea' id='block_1_6' title="bbox 188 615 1773 697">
    <p class='ocr_par' dir='ltr' id='par_1_6' title="bbox 188 615 1773 697">
     <span class='ocr_line' id='line_1_6' title="bbox 188 615 1773 697; baseline 0.011 -30"><span class='ocrx_word' id='word_1_31' title='bbox 188 615 305 670; x_wconf 90' lang='lat' dir='ltr'><strong>fuit.</strong></span> <span class='ocrx_word' id='word_1_32' title='bbox 345 621 503 673; x_wconf 84' lang='lat' dir='ltr'><strong>Auno</strong></span> <span class='ocrx_word' id='word_1_33' title='bbox 532 625 778 688; x_wconf 72' lang='lat' dir='ltr'><strong>sequenti</strong></span> <span class='ocrx_word' id='word_1_34' title='bbox 817 626 1070 693; x_wconf 76' lang='lat' dir='ltr'><strong>proximo</strong></span> <span class='ocrx_word' id='word_1_35' title='bbox 1108 627 1213 680; x_wconf 85' lang='lat'><strong>980</strong></span> <span class='ocrx_word' id='word_1_36' title='bbox 1246 628 1401 695; x_wconf 85' lang='lat' dir='ltr'><strong>(Chr.</strong></span> <span class='ocrx_word' id='word_1_37' title='bbox 1449 630 1633 697; x_wconf 72' lang='lat'><strong>1573),</strong></span> <span class='ocrx_word' id='word_1_38' title='bbox 1678 635 1773 683; x_wconf 85' lang='lat' dir='ltr'><strong>de-</strong></span> 
     </span>
    </p>
   </div>
   <div class='ocr_carea' id='block_1_7' title="bbox 186 711 1773 781">
    <p class='ocr_par' dir='ltr' id='par_1_7' title="bbox 186 711 1773 781">
     <span class='ocr_line' id='line_1_7' title="bbox 186 711 1773 781; baseline 0.009 -23"><span class='ocrx_word' id='word_1_39' title='bbox 186 711 324 759; x_wconf 78' lang='lat' dir='ltr'><strong>t-imo</strong></span> <span class='ocrx_word' id='word_1_40' title='bbox 353 712 549 776; x_wconf 82' lang='lat' dir='ltr'><strong>quinto</strong></span> <span class='ocrx_word' id='word_1_41' title='bbox 578 714 787 769; x_wconf 78' lang='lat' dir='ltr'><strong>mensis</strong></span> <span class='ocrx_word' id='word_1_42' title='bbox 819 712 1090 781; x_wconf 79' lang='lat' dir='ltr'><strong>Januarii,</strong></span> <span class='ocrx_word' id='word_1_43' title='bbox 1122 725 1324 770; x_wconf 79' lang='lat' dir='ltr'><strong>tentata</strong></span> <span class='ocrx_word' id='word_1_44' title='bbox 1371 718 1469 771; x_wconf 82' lang='lat' dir='ltr'><strong>fuit</strong></span> <span class='ocrx_word' id='word_1_45' title='bbox 1502 734 1530 770; x_wconf 90' lang='lat' dir='ltr'><strong>a</strong></span> <span class='ocrx_word' id='word_1_46' title='bbox 1559 719 1773 773; x_wconf 81' lang='lat' dir='ltr'><strong>Venetis</strong></span> 
     </span>
    </p>
   </div>
   <div class='ocr_carea' id='block_1_8' title="bbox 187 799 1771 876">
    <p class='ocr_par' dir='ltr' id='par_1_8' title="bbox 187 799 1771 876">
     <span class='ocr_line' id='line_1_8' title="bbox 187 799 1771 876; baseline 0.007 -25"><span class='ocrx_word' id='word_1_47' title='bbox 187 799 403 853; x_wconf 85' lang='lat' dir='ltr'><strong>obsidio</strong></span> <span class='ocrx_word' id='word_1_48' title='bbox 435 801 652 857; x_wconf 78' lang='lat' dir='ltr'><strong>Castelli</strong></span> <span class='ocrx_word' id='word_1_49' title='bbox 689 806 838 870; x_wconf 85' lang='lat' dir='ltr'><strong>novi,</strong></span> <span class='ocrx_word' id='word_1_50' title='bbox 880 807 1058 876; x_wconf 85' lang='lat' dir='ltr'><strong>captis</strong></span> <span class='ocrx_word' id='word_1_51' title='bbox 1096 808 1398 873; x_wconf 86' lang='lat' dir='ltr'><strong>suburbiis,</strong></span> <span class='ocrx_word' id='word_1_52' title='bbox 1428 810 1519 862; x_wconf 86' lang='lat' dir='ltr'><strong>sed</strong></span> <span class='ocrx_word' id='word_1_53' title='bbox 1541 824 1771 862; x_wconf 77' lang='lat' dir='ltr'><strong>succur-</strong></span> 
     </span>
    </p>
   </div>
   <div class='ocr_carea' id='block_1_9' title="bbox 186 892 1774 971">
    <p class='ocr_par' dir='ltr' id='par_1_9' title="bbox 186 892 1774 971">
     <span class='ocr_line' id='line_1_9' title="bbox 186 892 1774 971; baseline 0.01 -29"><span class='ocrx_word' id='word_1_54' title='bbox 186 892 431 947; x_wconf 73' lang='lat' dir='ltr'><strong>reutabus</strong></span> <span class='ocrx_word' id='word_1_55' title='bbox 458 894 734 958; x_wconf 69' lang='lat' dir='ltr'><strong>Bai-tiaris.</strong></span> <span class='ocrx_word' id='word_1_56' title='bbox 764 900 832 951; x_wconf 88' lang='lat' dir='ltr'><strong>ab</strong></span> <span class='ocrx_word' id='word_1_57' title='bbox 864 900 1151 953; x_wconf 88' lang='lat' dir='ltr'><strong>obsidione</strong></span> <span class='ocrx_word' id='word_1_58' title='bbox 1202 900 1532 956; x_wconf 76' lang='lat' dir='ltr'><strong>discessum.</strong></span> <span class='ocrx_word' id='word_1_59' title='bbox 1579 902 1774 971; x_wconf 84' lang='lat' dir='ltr'><strong>Cupie-</strong></span> 
     </span>
    </p>
   </div>
   <div class='ocr_carea' id='block_1_10' title="bbox 184 982 1772 1062">
    <p class='ocr_par' dir='ltr' id='par_1_10' title="bbox 184 982 1772 1062">
     <span class='ocr_line' id='line_1_10' title="bbox 184 982 1772 1062; baseline 0.008 -27"><span class='ocrx_word' id='word_1_60' title='bbox 184 982 316 1036; x_wconf 86' lang='lat' dir='ltr'><strong>bant</strong></span> <span class='ocrx_word' id='word_1_61' title='bbox 349 983 534 1039; x_wconf 86' lang='lat' dir='ltr'><strong>Veneti</strong></span> <span class='ocrx_word' id='word_1_62' title='bbox 576 988 675 1041; x_wconf 82' lang='grc' dir='ltr'>Ιιοι·</span> <span class='ocrx_word' id='word_1_63' title='bbox 705 989 904 1058; x_wconf 85' lang='lat' dir='ltr'><strong>oppido</strong></span> <span class='ocrx_word' id='word_1_64' title='bbox 933 1006 1056 1043; x_wconf 91' lang='lat' dir='ltr'><strong>cum</strong></span> <span class='ocrx_word' id='word_1_65' title='bbox 1088 1007 1213 1046; x_wconf 85' lang='lat' dir='ltr'><strong>arce</strong></span> <span class='ocrx_word' id='word_1_66' title='bbox 1281 992 1461 1062; x_wconf 82' lang='lat' dir='ltr'><strong>petiri,</strong></span> <span class='ocrx_word' id='word_1_67' title='bbox 1533 1002 1591 1047; x_wconf 90' lang='lat' dir='ltr'><strong>ut</strong></span> <span class='ocrx_word' id='word_1_68' title='bbox 1622 996 1772 1048; x_wconf 88' lang='lat' dir='ltr'><strong>omni</strong></span> 
     </span>
    </p>
   </div>
   <div class='ocr_carea' id='block_1_11' title="bbox 184 1076 1775 1153">
    <p class='ocr_par' dir='ltr' id='par_1_11' title="bbox 184 1076 1775 1153">
     <span class='ocr_line' id='line_1_11' title="bbox 184 1076 1775 1153; baseline 0.01 -29"><span class='ocrx_word' id='word_1_69' title='bbox 184 1076 429 1140; x_wconf 77' lang='lat' dir='ltr'><strong>periculo</strong></span> <span class='ocrx_word' id='word_1_70' title='bbox 451 1076 733 1145; x_wconf 85' lang='lat' dir='ltr'><strong>Catarum,</strong></span> <span class='ocrx_word' id='word_1_71' title='bbox 766 1082 1041 1135; x_wconf 74' lang='lat' dir='ltr'><strong>civitatem</strong></span> <span class='ocrx_word' id='word_1_72' title='bbox 1097 1084 1182 1138; x_wconf 91' lang='lat' dir='ltr'><strong>sui</strong></span> <span class='ocrx_word' id='word_1_73' title='bbox 1238 1086 1381 1153; x_wconf 82' lang='lat' dir='ltr'><strong>juris</strong></span> <span class='ocrx_word' id='word_1_74' title='bbox 1452 1085 1609 1153; x_wconf 77' lang='lat' dir='ltr'><strong>longe</strong></span> <span class='ocrx_word' id='word_1_75' title='bbox 1652 1100 1775 1139; x_wconf 75' lang='lat' dir='ltr'><strong>mu-</strong></span> 
     </span>
    </p>
   </div>
   <div class='ocr_carea' id='block_1_12' title="bbox 159 1166 1770 1232">
    <p class='ocr_par' dir='ltr' id='par_1_12' title="bbox 159 1166 1770 1232">
     <span class='ocr_line' id='line_1_12' title="bbox 159 1166 1770 1232; baseline 0.009 -15"><span class='ocrx_word' id='word_1_76' title='bbox 159 1166 538 1232; x_wconf 67' lang='lat' dir='ltr'><strong>nitissimam,</strong></span> <span class='ocrx_word' id='word_1_77' title='bbox 571 1171 890 1229; x_wconf 86' lang='lat' dir='ltr'><strong>liberarent.</strong></span> <span class='ocrx_word' id='word_1_78' title='bbox 925 1173 1101 1228; x_wconf 85' lang='lat' dir='ltr'><strong>Situm</strong></span> <span class='ocrx_word' id='word_1_79' title='bbox 1128 1185 1215 1229; x_wconf 85' lang='lat' dir='ltr'><strong>est</strong></span> <span class='ocrx_word' id='word_1_80' title='bbox 1247 1177 1391 1230; x_wconf 87' lang='lat' dir='ltr'><strong>enim</strong></span> <span class='ocrx_word' id='word_1_81' title='bbox 1440 1176 1695 1232; x_wconf 87' lang='lat' dir='ltr'><strong>Catarum</strong></span> <span class='ocrx_word' id='word_1_82' title='bbox 1717 1177 1770 1231; x_wconf 88' lang='lat' dir='ltr'><strong>in</strong></span> 
     </span>
    </p>
   </div>
   <div class='ocr_carea' id='block_1_13' title="bbox 181 1259 1771 1340">
    <p class='ocr_par' dir='ltr' id='par_1_13' title="bbox 181 1259 1771 1340">
     <span class='ocr_line' id='line_1_13' title="bbox 181 1259 1771 1340; baseline 0.011 -34"><span class='ocrx_word' id='word_1_83' title='bbox 181 1259 306 1309; x_wconf 86' lang='lat' dir='ltr'><strong>sinu</strong></span> <span class='ocrx_word' id='word_1_84' title='bbox 338 1261 572 1327; x_wconf 90' lang='lat' dir='ltr'><strong>quodam</strong></span> <span class='ocrx_word' id='word_1_85' title='bbox 622 1267 812 1330; x_wconf 89' lang='lat' dir='ltr'><strong>maris,</strong></span> <span class='ocrx_word' id='word_1_86' title='bbox 863 1268 965 1340; x_wconf 29' lang='lat' dir='ltr'><strong>&#39;qui</strong></span> <span class='ocrx_word' id='word_1_87' title='bbox 1005 1267 1301 1323; x_wconf 69' lang='lat' dir='ltr'><strong>Bisonieus</strong></span> <span class='ocrx_word' id='word_1_88' title='bbox 1357 1270 1486 1323; x_wconf 89' lang='lat' dir='ltr'><strong>olim</strong></span> <span class='ocrx_word' id='word_1_89' title='bbox 1548 1281 1771 1325; x_wconf 85' lang='lat' dir='ltr'><strong>vocatus</strong></span> 
     </span>
    </p>
   </div>
   <div class='ocr_carea' id='block_1_14' title="bbox 184 1349 1773 1431">
    <p class='ocr_par' dir='ltr' id='par_1_14' title="bbox 184 1349 1773 1431">
     <span class='ocr_line' id='line_1_14' title="bbox 184 1349 1773 1431; baseline 0.012 -32"><span class='ocrx_word' id='word_1_90' title='bbox 184 1349 306 1409; x_wconf 88' lang='lat' dir='ltr'><strong>fuit,</strong></span> <span class='ocrx_word' id='word_1_91' title='bbox 342 1368 485 1406; x_wconf 90' lang='lat' dir='ltr'><strong>nunc</strong></span> <span class='ocrx_word' id='word_1_92' title='bbox 507 1354 575 1406; x_wconf 86' lang='lat' dir='ltr'><strong>ah</strong></span> <span class='ocrx_word' id='word_1_93' title='bbox 604 1357 717 1424; x_wconf 86' lang='lat' dir='ltr'><strong>ipsa</strong></span> <span class='ocrx_word' id='word_1_94' title='bbox 748 1358 972 1412; x_wconf 80' lang='lat' dir='ltr'><strong>civitate</strong></span> <span class='ocrx_word' id='word_1_95' title='bbox 996 1360 1293 1415; x_wconf 84' lang='lat' dir='ltr'><strong>Catarinus</strong></span> <span class='ocrx_word' id='word_1_96' title='bbox 1342 1362 1543 1416; x_wconf 81' lang='lat' dir='ltr'><strong>dicitur</strong></span> <span class='ocrx_word' id='word_1_97' title='bbox 1579 1364 1773 1431; x_wconf 79' lang='lat' dir='ltr'><strong>:cujus</strong></span> 
     </span>
    </p>
   </div>
   <div class='ocr_carea' id='block_1_15' title="bbox 180 1444 1771 1522">
    <p class='ocr_par' dir='ltr' id='par_1_15' title="bbox 180 1444 1771 1522">
     <span class='ocr_line' id='line_1_15' title="bbox 180 1444 1771 1522; baseline 0.009 -29"><span class='ocrx_word' id='word_1_98' title='bbox 180 1444 385 1495; x_wconf 75' lang='lat' dir='ltr'><strong>Ostium</strong></span> <span class='ocrx_word' id='word_1_99' title='bbox 418 1444 580 1499; x_wconf 86' lang='lat' dir='ltr'><strong>Turci</strong></span> <span class='ocrx_word' id='word_1_100' title='bbox 616 1448 882 1503; x_wconf 83' lang='lat' dir='ltr'><strong>hactenus</strong></span> <span class='ocrx_word' id='word_1_101' title='bbox 905 1452 1123 1505; x_wconf 85' lang='lat' dir='ltr'><strong>Castelli</strong></span> <span class='ocrx_word' id='word_1_102' title='bbox 1174 1453 1296 1505; x_wconf 86' lang='lat' dir='ltr'><strong>novi</strong></span> <span class='ocrx_word' id='word_1_103' title='bbox 1365 1455 1771 1522; x_wconf 78' lang='lat' dir='ltr'><strong>prepngnaculo</strong></span> 
     </span>
    </p>
   </div>
   <div class='ocr_carea' id='block_1_16' title="bbox 178 1535 1766 1610">
    <p class='ocr_par' dir='ltr' id='par_1_16' title="bbox 178 1535 1766 1610">
     <span class='ocr_line' id='line_1_16' title="bbox 178 1535 1766 1610; baseline 0.01 -25"><span class='ocrx_word' id='word_1_104' title='bbox 178 1535 456 1600; x_wconf 76' lang='lat' dir='ltr'><strong>claudere,</strong></span> <span class='ocrx_word' id='word_1_105' title='bbox 473 1552 540 1590; x_wconf 89' lang='lat' dir='ltr'><strong>ne</strong></span> <span class='ocrx_word' id='word_1_106' title='bbox 558 1538 755 1594; x_wconf 88' lang='lat' dir='ltr'><strong>Cataro</strong></span> <span class='ocrx_word' id='word_1_107' title='bbox 777 1543 1026 1595; x_wconf 81' lang='lat' dir='ltr'><strong>succurri</strong></span> <span class='ocrx_word' id='word_1_108' title='bbox 1049 1545 1237 1610; x_wconf 84' lang='lat' dir='ltr'><strong>possit,</strong></span> <span class='ocrx_word' id='word_1_109' title='bbox 1263 1547 1461 1601; x_wconf 80' lang='lat' dir='ltr'><strong>frustra</strong></span> <span class='ocrx_word' id='word_1_110' title='bbox 1483 1556 1766 1601; x_wconf 90' lang='lat' dir='ltr'><strong>conantur.</strong></span> 
     </span>
    </p>
   </div>
   <div class='ocr_carea' id='block_1_17' title="bbox 254 1625 1767 1701">
    <p class='ocr_par' dir='ltr' id='par_1_17' title="bbox 254 1625 1767 1701">
     <span class='ocr_line' id='line_1_17' title="bbox 254 1625 1767 1701; baseline 0.009 -23"><span class='ocrx_word' id='word_1_111' title='bbox 254 1625 427 1680; x_wconf 74' lang='lat' dir='ltr'><strong>Varia:</strong></span> <span class='ocrx_word' id='word_1_112' title='bbox 456 1631 1017 1701; x_wconf 68' lang='lat' dir='ltr'><strong>contigeruntaetate</strong></span> <span class='ocrx_word' id='word_1_113' title='bbox 1062 1646 1249 1690; x_wconf 83' lang='lat' dir='ltr'><strong>nostra</strong></span> <span class='ocrx_word' id='word_1_114' title='bbox 1316 1640 1649 1694; x_wconf 77' lang='lat' dir='ltr'><strong>mutationes</strong></span> <span class='ocrx_word' id='word_1_115' title='bbox 1714 1642 1767 1692; x_wconf 84' lang='lat' dir='ltr'><strong>in</strong></span> 
     </span>
    </p>
   </div>
   <div class='ocr_carea' id='block_1_18' title="bbox 178 1720 1762 1796">
    <p class='ocr_par' dir='ltr' id='par_1_18' title="bbox 178 1720 1762 1796">
     <span class='ocr_line' id='line_1_18' title="bbox 178 1720 1762 1796; baseline 0.01 -26"><span class='ocrx_word' id='word_1_116' title='bbox 178 1735 349 1787; x_wconf 83' lang='lat' dir='ltr'><strong>regno</strong></span> <span class='ocrx_word' id='word_1_117' title='bbox 381 1720 671 1788; x_wconf 88' lang='lat' dir='ltr'><strong>&#39;I‘uuisino,</strong></span> <span class='ocrx_word' id='word_1_118' title='bbox 708 1742 818 1794; x_wconf 93' lang='lat' dir='ltr'><strong>quo</strong></span> <span class='ocrx_word' id='word_1_119' title='bbox 848 1730 1227 1796; x_wconf 78' lang='lat' dir='ltr'><strong>superioribus</strong></span> <span class='ocrx_word' id='word_1_120' title='bbox 1252 1733 1411 1786; x_wconf 88' lang='lat' dir='ltr'><strong>annis</strong></span> <span class='ocrx_word' id='word_1_121' title='bbox 1446 1748 1536 1786; x_wconf 85' lang='lat' dir='ltr'><strong>rex</strong></span> <span class='ocrx_word' id='word_1_122' title='bbox 1568 1735 1762 1796; x_wconf 83' lang='lat' dir='ltr'><strong>Assau,</strong></span> 
     </span>
    </p>
   </div>
   <div class='ocr_carea' id='block_1_19' title="bbox 177 1811 1834 1887">
    <p class='ocr_par' dir='ltr' id='par_1_19' title="bbox 177 1811 1834 1887">
     <span class='ocr_line' id='line_1_19' title="bbox 177 1811 1834 1887; baseline 0.01 -25"><span class='ocrx_word' id='word_1_123' title='bbox 177 1811 498 1868; x_wconf 78' lang='lat' dir='ltr'><strong>Machmetis</strong></span> <span class='ocrx_word' id='word_1_124' title='bbox 530 1816 672 1871; x_wconf 87' lang='lat' dir='ltr'><strong>filius</strong></span> <span class='ocrx_word' id='word_1_125' title='bbox 735 1818 1076 1887; x_wconf 79' lang='lat' dir='ltr'><strong>(Muieassem</strong></span> <span class='ocrx_word' id='word_1_126' title='bbox 1108 1824 1279 1876; x_wconf 89' lang='lat' dir='ltr'><strong>nostri</strong></span> <span class='ocrx_word' id='word_1_127' title='bbox 1306 1839 1411 1876; x_wconf 91' lang='lat' dir='ltr'><strong>non</strong></span> <span class='ocrx_word' id='word_1_128' title='bbox 1439 1836 1581 1879; x_wconf 78' lang='lat' dir='ltr'><strong>rrcte</strong></span> <span class='ocrx_word' id='word_1_129' title='bbox 1607 1840 1762 1879; x_wconf 89' lang='lat' dir='ltr'><strong>voca-</strong></span> <span class='ocrx_word' id='word_1_130' title='bbox 1797 1817 1834 1870; x_wconf 80' lang='grc' dir='ltr'><strong>Β</strong></span> 
     </span>
    </p>
   </div>
   <div class='ocr_carea' id='block_1_20' title="bbox 180 1904 1797 1985">
    <p class='ocr_par' dir='ltr' id='par_1_20' title="bbox 180 1904 1797 1985">
     <span class='ocr_line' id='line_1_20' title="bbox 180 1904 1797 1985; baseline 0.009 -31"><span class='ocrx_word' id='word_1_131' title='bbox 180 1913 330 1967; x_wconf 89' lang='lat' dir='ltr'><strong>runt,</strong></span> <span class='ocrx_word' id='word_1_132' title='bbox 364 1919 488 1958; x_wconf 88' lang='lat' dir='ltr'><strong>eum</strong></span> <span class='ocrx_word' id='word_1_133' title='bbox 517 1904 662 1961; x_wconf 85' lang='lat' dir='ltr'><strong>Mule</strong></span> <span class='ocrx_word' id='word_1_134' title='bbox 686 1923 862 1977; x_wconf 77' lang='lat' dir='ltr'><strong>regem</strong></span> <span class='ocrx_word' id='word_1_135' title='bbox 904 1912 987 1963; x_wconf 87' lang='lat' dir='ltr'><strong>vel</strong></span> <span class='ocrx_word' id='word_1_136' title='bbox 1011 1912 1290 1966; x_wconf 84' lang='lat' dir='ltr'><strong>dominum</strong></span> <span class='ocrx_word' id='word_1_137' title='bbox 1317 1914 1559 1981; x_wconf 69' lang='lat' dir='ltr'><strong>ip~orum</strong></span> <span class='ocrx_word' id='word_1_138' title='bbox 1583 1916 1764 1985; x_wconf 82' lang='lat' dir='ltr'><strong>lingua</strong></span> <span class='ocrx_word' id='word_1_139' title='bbox 1790 1924 1797 1931; x_wconf 85' lang='lat'><strong>&#39;</strong></span> 
     </span>
    </p>
   </div>
   <div class='ocr_carea' id='block_1_21' title="bbox 175 1996 1764 2073">
    <p class='ocr_par' dir='ltr' id='par_1_21' title="bbox 175 1996 1764 2073">
     <span class='ocr_line' id='line_1_21' title="bbox 175 1996 1764 2073; baseline 0.008 -25"><span class='ocrx_word' id='word_1_140' title='bbox 175 1996 489 2065; x_wconf 67' lang='lat' dir='ltr'><strong>significare</strong></span> <span class='ocrx_word' id='word_1_141' title='bbox 526 2001 792 2066; x_wconf 87' lang='lat' dir='ltr'><strong>tradatur,</strong></span> <span class='ocrx_word' id='word_1_142' title='bbox 848 2008 1026 2056; x_wconf 82' lang='lat' dir='ltr'><strong>Assan</strong></span> <span class='ocrx_word' id='word_1_143' title='bbox 1058 2020 1185 2057; x_wconf 91' lang='lat' dir='ltr'><strong>vero</strong></span> <span class='ocrx_word' id='word_1_144' title='bbox 1218 2007 1499 2073; x_wconf 89' lang='lat' dir='ltr'><strong>propriqu</strong></span> <span class='ocrx_word' id='word_1_145' title='bbox 1525 2005 1680 2061; x_wconf 86' lang='lat' dir='ltr'><strong>fuerit</strong></span> <span class='ocrx_word' id='word_1_146' title='bbox 1715 2008 1764 2063; x_wconf 82' lang='lat' dir='ltr'><strong>t-i</strong></span> 
     </span>
    </p>
   </div>
   <div class='ocr_carea' id='block_1_22' title="bbox 176 2092 1764 2165">
    <p class='ocr_par' dir='ltr' id='par_1_22' title="bbox 176 2092 1764 2165">
     <span class='ocr_line' id='line_1_22' title="bbox 176 2092 1764 2165; baseline 0.008 -23"><span class='ocrx_word' id='word_1_147' title='bbox 176 2092 425 2159; x_wconf 83' lang='lat' dir='ltr'><strong>nomen),</strong></span> <span class='ocrx_word' id='word_1_148' title='bbox 463 2093 685 2148; x_wconf 76' lang='lat' dir='ltr'><strong>excluso</strong></span> <span class='ocrx_word' id='word_1_149' title='bbox 715 2105 1009 2165; x_wconf 88' lang='lat' dir='ltr'><strong>necatoque</strong></span> <span class='ocrx_word' id='word_1_150' title='bbox 1041 2098 1277 2153; x_wconf 78' lang='lat' dir='ltr'><strong>maximo</strong></span> <span class='ocrx_word' id='word_1_151' title='bbox 1303 2110 1430 2153; x_wconf 90' lang='lat' dir='ltr'><strong>natu</strong></span> <span class='ocrx_word' id='word_1_152' title='bbox 1449 2100 1616 2154; x_wconf 78' lang='lat' dir='ltr'><strong>fratre</strong></span> <span class='ocrx_word' id='word_1_153' title='bbox 1650 2100 1764 2154; x_wconf 60' lang='lat' dir='ltr'><strong>illan</strong></span> 
     </span>
    </p>
   </div>
   <div class='ocr_carea' id='block_1_23' title="bbox 176 2185 1759 2259">
    <p class='ocr_par' dir='ltr' id='par_1_23' title="bbox 176 2185 1759 2259">
     <span class='ocr_line' id='line_1_23' title="bbox 176 2185 1759 2259; baseline 0.009 -26"><span class='ocrx_word' id='word_1_154' title='bbox 176 2198 368 2248; x_wconf 88' lang='lat' dir='ltr'><strong>ntuna,</strong></span> <span class='ocrx_word' id='word_1_155' title='bbox 394 2185 485 2254; x_wconf 85' lang='lat' dir='ltr'><strong>qui</strong></span> <span class='ocrx_word' id='word_1_156' title='bbox 523 2188 722 2242; x_wconf 87' lang='lat' dir='ltr'><strong>nostris</strong></span> <span class='ocrx_word' id='word_1_157' title='bbox 752 2199 837 2242; x_wconf 86' lang='lat' dir='ltr'><strong>est</strong></span> <span class='ocrx_word' id='word_1_158' title='bbox 869 2188 1132 2254; x_wconf 81' lang='lat' dir='ltr'><strong>Maitnou.</strong></span> <span class='ocrx_word' id='word_1_159' title='bbox 1163 2191 1368 2259; x_wconf 85' lang='lat' dir='ltr'><strong>potitus</strong></span> <span class='ocrx_word' id='word_1_160' title='bbox 1416 2191 1541 2246; x_wconf 86' lang='lat' dir='ltr'><strong>fuit.</strong></span> <span class='ocrx_word' id='word_1_161' title='bbox 1616 2194 1759 2247; x_wconf 90' lang='lat' dir='ltr'><strong>Idem</strong></span> 
     </span>
    </p>
   </div>
   <div class='ocr_carea' id='block_1_24' title="bbox 172 2281 1764 2351">
    <p class='ocr_par' dir='ltr' id='par_1_24' title="bbox 172 2281 1764 2351">
     <span class='ocr_line' id='line_1_24' title="bbox 172 2281 1764 2351; baseline 0.006 -22"><span class='ocrx_word' id='word_1_162' title='bbox 172 2286 410 2331; x_wconf 74' lang='lat' dir='ltr'><strong>czeteros</strong></span> <span class='ocrx_word' id='word_1_163' title='bbox 442 2294 655 2347; x_wconf 89' lang='lat' dir='ltr'><strong>quoque</strong></span> <span class='ocrx_word' id='word_1_164' title='bbox 680 2281 878 2337; x_wconf 80' lang='lat' dir='ltr'><strong>fratres</strong></span> <span class='ocrx_word' id='word_1_165' title='bbox 909 2298 1063 2344; x_wconf 84' lang='lat' dir='ltr'><strong>suos,</strong></span> <span class='ocrx_word' id='word_1_166' title='bbox 1094 2298 1234 2351; x_wconf 87' lang='lat' dir='ltr'><strong>quos</strong></span> <span class='ocrx_word' id='word_1_167' title='bbox 1261 2285 1502 2339; x_wconf 84' lang='lat' dir='ltr'><strong>moriens</strong></span> <span class='ocrx_word' id='word_1_168' title='bbox 1528 2288 1576 2339; x_wconf 85' lang='lat' dir='ltr'><strong>ei</strong></span> <span class='ocrx_word' id='word_1_169' title='bbox 1609 2297 1764 2351; x_wconf 76' lang='lat' dir='ltr'><strong>pater</strong></span> 
     </span>
    </p>
   </div>
   <div class='ocr_carea' id='block_1_25' title="bbox 180 2373 1762 2444">
    <p class='ocr_par' dir='ltr' id='par_1_25' title="bbox 180 2373 1762 2444">
     <span class='ocr_line' id='line_1_25' title="bbox 180 2373 1762 2444; baseline 0.007 -19"><span class='ocrx_word' id='word_1_170' title='bbox 180 2373 376 2441; x_wconf 86' lang='lat' dir='ltr'><strong>viginti</strong></span> <span class='ocrx_word' id='word_1_171' title='bbox 409 2389 574 2427; x_wconf 88' lang='lat' dir='ltr'><strong>unum</strong></span> <span class='ocrx_word' id='word_1_172' title='bbox 618 2376 939 2444; x_wconf 88' lang='lat' dir='ltr'><strong>reliquerat,</strong></span> <span class='ocrx_word' id='word_1_173' title='bbox 965 2386 1057 2429; x_wconf 92' lang='lat' dir='ltr'><strong>aut</strong></span> <span class='ocrx_word' id='word_1_174' title='bbox 1110 2377 1409 2442; x_wconf 85' lang='lat' dir='ltr'><strong>interfecit,</strong></span> <span class='ocrx_word' id='word_1_175' title='bbox 1478 2391 1567 2432; x_wconf 91' lang='lat' dir='ltr'><strong>aut</strong></span> <span class='ocrx_word' id='word_1_176' title='bbox 1616 2381 1762 2436; x_wconf 64' lang='lat' dir='ltr'><strong>fetzro</strong></span> 
     </span>
    </p>
   </div>
   <div class='ocr_carea' id='block_1_26' title="bbox 177 2465 1758 2537">
    <p class='ocr_par' dir='ltr' id='par_1_26' title="bbox 177 2465 1758 2537">
     <span class='ocr_line' id='line_1_26' title="bbox 177 2465 1758 2537; baseline 0.004 -21"><span class='ocrx_word' id='word_1_177' title='bbox 177 2465 438 2517; x_wconf 83' lang='lat' dir='ltr'><strong>candenti</strong></span> <span class='ocrx_word' id='word_1_178' title='bbox 472 2467 650 2521; x_wconf 89' lang='lat' dir='ltr'><strong>oculis</strong></span> <span class='ocrx_word' id='word_1_179' title='bbox 674 2468 915 2521; x_wconf 87' lang='lat' dir='ltr'><strong>adhibito</strong></span> <span class='ocrx_word' id='word_1_180' title='bbox 938 2468 1163 2520; x_wconf 76' lang='lat' dir='ltr'><strong>caecavit</strong></span> <span class='ocrx_word' id='word_1_181' title='bbox 1199 2479 1459 2537; x_wconf 77' lang='lat' dir='ltr'><strong>:excepto</strong></span> <span class='ocrx_word' id='word_1_182' title='bbox 1486 2470 1758 2534; x_wconf 74' lang='lat' dir='ltr'><strong>liosecttc,</strong></span> 
     </span>
    </p>
   </div>
   <div class='ocr_carea' id='block_1_27' title="bbox 174 2560 1762 2632">
    <p class='ocr_par' dir='ltr' id='par_1_27' title="bbox 174 2560 1762 2632">
     <span class='ocr_line' id='line_1_27' title="bbox 174 2560 1762 2632; baseline 0.001 -20"><span class='ocrx_word' id='word_1_183' title='bbox 174 2572 285 2632; x_wconf 74' lang='lat' dir='ltr'><strong>qur</strong></span> <span class='ocrx_word' id='word_1_184' title='bbox 305 2562 545 2616; x_wconf 78' lang='lat' dir='ltr'><strong>secundo</strong></span> <span class='ocrx_word' id='word_1_185' title='bbox 578 2562 696 2613; x_wconf 91' lang='lat' dir='ltr'><strong>loco</strong></span> <span class='ocrx_word' id='word_1_186' title='bbox 717 2563 928 2631; x_wconf 79' lang='lat' dir='ltr'><strong>genitus</strong></span> <span class='ocrx_word' id='word_1_187' title='bbox 958 2560 1156 2614; x_wconf 84' lang='lat' dir='ltr'><strong>fuerat.</strong></span> <span class='ocrx_word' id='word_1_188' title='bbox 1179 2561 1229 2615; x_wconf 83' lang='lat' dir='ltr'><strong>Is</strong></span> <span class='ocrx_word' id='word_1_189' title='bbox 1252 2561 1305 2614; x_wconf 87' lang='lat' dir='ltr'><strong>in</strong></span> <span class='ocrx_word' id='word_1_190' title='bbox 1333 2573 1527 2615; x_wconf 88' lang='lat' dir='ltr'><strong>conatu</strong></span> <span class='ocrx_word' id='word_1_191' title='bbox 1560 2564 1762 2630; x_wconf 84' lang='lat' dir='ltr'><strong>pellen-</strong></span> 
     </span>
    </p>
   </div>
   <div class='ocr_carea' id='block_1_28' title="bbox 169 2653 1757 2723">
    <p class='ocr_par' dir='ltr' id='par_1_28' title="bbox 169 2653 1757 2723">
     <span class='ocr_line' id='line_1_28' title="bbox 169 2653 1757 2723; baseline -0.002 -15"><span class='ocrx_word' id='word_1_192' title='bbox 169 2656 227 2708; x_wconf 90' lang='lat' dir='ltr'><strong>di</strong></span> <span class='ocrx_word' id='word_1_193' title='bbox 262 2658 452 2709; x_wconf 83' lang='lat' dir='ltr'><strong>fratris</strong></span> <span class='ocrx_word' id='word_1_194' title='bbox 469 2655 719 2718; x_wconf 84' lang='lat' dir='ltr'><strong>Assanis,</strong></span> <span class='ocrx_word' id='word_1_195' title='bbox 746 2668 802 2707; x_wconf 90' lang='lat' dir='ltr'><strong>re</strong></span> <span class='ocrx_word' id='word_1_196' title='bbox 825 2669 1013 2722; x_wconf 89' lang='lat' dir='ltr'><strong>parum</strong></span> <span class='ocrx_word' id='word_1_197' title='bbox 1040 2653 1270 2707; x_wconf 88' lang='lat' dir='ltr'><strong>feliciter</strong></span> <span class='ocrx_word' id='word_1_198' title='bbox 1292 2662 1467 2723; x_wconf 84' lang='lat' dir='ltr'><strong>gesta,</strong></span> <span class='ocrx_word' id='word_1_199' title='bbox 1493 2654 1667 2707; x_wconf 79' lang='lat' dir='ltr'><strong>Cesait</strong></span> <span class='ocrx_word' id='word_1_200' title='bbox 1688 2655 1757 2707; x_wconf 87' lang='lat' dir='ltr'><strong>im</strong></span> 
     </span>
    </p>
   </div>
   <div class='ocr_carea' id='block_1_29' title="bbox 168 2744 1755 2813">
    <p class='ocr_par' dir='ltr' id='par_1_29' title="bbox 168 2744 1755 2813">
     <span class='ocr_line' id='line_1_29' title="bbox 168 2744 1755 2813; baseline 0 -17"><span class='ocrx_word' id='word_1_201' title='bbox 168 2746 478 2813; x_wconf 72' lang='lat' dir='ltr'><strong>(Algetium</strong></span> <span class='ocrx_word' id='word_1_202' title='bbox 505 2745 672 2798; x_wconf 80' lang='lat' dir='ltr'><strong>nostri</strong></span> <span class='ocrx_word' id='word_1_203' title='bbox 707 2746 922 2813; x_wconf 79' lang='lat' dir='ltr'><strong>vocant)</strong></span> <span class='ocrx_word' id='word_1_204' title='bbox 954 2744 1195 2813; x_wconf 82' lang='lat' dir='ltr'><strong>profugit</strong></span> <span class='ocrx_word' id='word_1_205' title='bbox 1255 2748 1320 2797; x_wconf 91' lang='lat' dir='ltr'><strong>ad</strong></span> <span class='ocrx_word' id='word_1_206' title='bbox 1368 2745 1755 2797; x_wconf 82' lang='lat' dir='ltr'><strong>Chairadinetn</strong></span> 
     </span>
    </p>
   </div>
   <div class='ocr_carea' id='block_1_30' title="bbox 168 2837 1757 2906">
    <p class='ocr_par' dir='ltr' id='par_1_30' title="bbox 168 2837 1757 2906">
     <span class='ocr_line' id='line_1_30' title="bbox 168 2837 1757 2906; baseline 0 -15"><span class='ocrx_word' id='word_1_207' title='bbox 168 2838 568 2891; x_wconf 64' lang='lat' dir='ltr'><strong>fiat-barussatn</strong></span> <span class='ocrx_word' id='word_1_208' title='bbox 590 2855 602 2890; x_wconf 89' lang='lat'><strong>:</strong></span> <span class='ocrx_word' id='word_1_209' title='bbox 624 2839 714 2906; x_wconf 89' lang='lat' dir='ltr'><strong>qui</strong></span> <span class='ocrx_word' id='word_1_210' title='bbox 738 2839 987 2891; x_wconf 78' lang='lat' dir='ltr'><strong>lloscette</strong></span> <span class='ocrx_word' id='word_1_211' title='bbox 1024 2837 1549 2905; x_wconf 79' lang='lat' dir='ltr'><strong>Constantinopolim</strong></span> <span class='ocrx_word' id='word_1_212' title='bbox 1570 2838 1757 2903; x_wconf 82' lang='lat' dir='ltr'><strong>misso,</strong></span> 
     </span>
    </p>
   </div>
   <div class='ocr_carea' id='block_1_31' title="bbox 165 2927 1760 2998">
    <p class='ocr_par' dir='ltr' id='par_1_31' title="bbox 165 2927 1760 2998">
     <span class='ocr_line' id='line_1_31' title="bbox 165 2927 1760 2998; baseline 0.001 -17"><span class='ocrx_word' id='word_1_213' title='bbox 165 2932 276 2982; x_wconf 86' lang='lat' dir='ltr'><strong>sub</strong></span> <span class='ocrx_word' id='word_1_214' title='bbox 307 2930 429 2996; x_wconf 85' lang='lat' dir='ltr'><strong>ejus</strong></span> <span class='ocrx_word' id='word_1_215' title='bbox 460 2940 643 2983; x_wconf 89' lang='lat' dir='ltr'><strong>tamen</strong></span> <span class='ocrx_word' id='word_1_216' title='bbox 674 2930 967 2984; x_wconf 81' lang='lat' dir='ltr'><strong>reducendi</strong></span> <span class='ocrx_word' id='word_1_217' title='bbox 1005 2939 1269 2998; x_wconf 63' lang='lat' dir='ltr'><strong>prietextu</strong></span> <span class='ocrx_word' id='word_1_218' title='bbox 1305 2930 1548 2997; x_wconf 88' lang='lat' dir='ltr'><strong>deceptis</strong></span> <span class='ocrx_word' id='word_1_219' title='bbox 1585 2927 1760 2983; x_wconf 88' lang='lat' dir='ltr'><strong>Tuni—</strong></span> 
     </span>
    </p>
   </div>
   <div class='ocr_carea' id='block_1_32' title="bbox 166 3022 1758 3089">
    <p class='ocr_par' dir='ltr' id='par_1_32' title="bbox 166 3022 1758 3089">
     <span class='ocr_line' id='line_1_32' title="bbox 166 3022 1758 3089; baseline -0.001 -15"><span class='ocrx_word' id='word_1_220' title='bbox 166 3024 625 3083; x_wconf 82' lang='lat' dir='ltr'><strong>siuis,Assanetn</strong></span> <span class='ocrx_word' id='word_1_221' title='bbox 659 3022 887 3089; x_wconf 77' lang='lat' dir='ltr'><strong>expulit,</strong></span> <span class='ocrx_word' id='word_1_222' title='bbox 924 3022 1114 3073; x_wconf 83' lang='lat' dir='ltr'><strong>urbem</strong></span> <span class='ocrx_word' id='word_1_223' title='bbox 1170 3036 1294 3073; x_wconf 84' lang='lat' dir='ltr'><strong>cum</strong></span> <span class='ocrx_word' id='word_1_224' title='bbox 1354 3035 1478 3073; x_wconf 87' lang='lat' dir='ltr'><strong>arce</strong></span> <span class='ocrx_word' id='word_1_225' title='bbox 1542 3032 1758 3087; x_wconf 88' lang='lat' dir='ltr'><strong>totoque</strong></span> 
     </span>
    </p>
   </div>
   <div class='ocr_carea' id='block_1_33' title="bbox 170 3115 1825 3206">
    <p class='ocr_par' dir='ltr' id='par_1_33' title="bbox 170 3115 1825 3206">
     <span class='ocr_line' id='line_1_33' title="bbox 170 3115 1825 3206; baseline -0.003 -36"><span class='ocrx_word' id='word_1_226' title='bbox 170 3134 348 3186; x_wconf 78' lang='lat' dir='ltr'><strong>regno</strong></span> <span class='ocrx_word' id='word_1_227' title='bbox 373 3118 537 3185; x_wconf 89' lang='lat' dir='ltr'><strong>cepit,</strong></span> <span class='ocrx_word' id='word_1_228' title='bbox 570 3132 633 3168; x_wconf 89' lang='lat' dir='ltr'><strong>ac</strong></span> <span class='ocrx_word' id='word_1_229' title='bbox 669 3116 887 3169; x_wconf 89' lang='lat' dir='ltr'><strong>sultauo</strong></span> <span class='ocrx_word' id='word_1_230' title='bbox 919 3115 1239 3177; x_wconf 82' lang='lat' dir='ltr'><strong>Sulcimatti,</strong></span> <span class='ocrx_word' id='word_1_231' title='bbox 1272 3130 1328 3167; x_wconf 90' lang='lat' dir='ltr'><strong>se</strong></span> <span class='ocrx_word' id='word_1_232' title='bbox 1374 3115 1750 3183; x_wconf 86' lang='lat' dir='ltr'><strong>prosultanum</strong></span> <span class='ocrx_word' id='word_1_233' title='bbox 1783 3150 1825 3206; x_wconf 65' lang='grc' dir='ltr'>ο</span> 
     </span>
    </p>
   </div>
   <div class='ocr_carea' id='block_1_34' title="bbox 164 3204 1752 3275">
    <p class='ocr_par' dir='ltr' id='par_1_34' title="bbox 164 3204 1752 3275">
     <span class='ocr_line' id='line_1_34' title="bbox 164 3204 1752 3275; baseline 0 -18"><span class='ocrx_word' id='word_1_234' title='bbox 164 3208 492 3275; x_wconf 72' lang='lat' dir='ltr'><strong>appellans,</strong></span> <span class='ocrx_word' id='word_1_235' title='bbox 540 3206 784 3259; x_wconf 85' lang='lat' dir='ltr'><strong>subdidit</strong></span> <span class='ocrx_word' id='word_1_236' title='bbox 820 3225 833 3259; x_wconf 90' lang='lat'>:</span> <span class='ocrx_word' id='word_1_237' title='bbox 868 3205 1013 3272; x_wconf 90' lang='lat' dir='ltr'><strong>quod</strong></span> <span class='ocrx_word' id='word_1_238' title='bbox 1084 3204 1302 3273; x_wconf 84' lang='lat' dir='ltr'><strong>quidem</strong></span> <span class='ocrx_word' id='word_1_239' title='bbox 1356 3205 1556 3258; x_wconf 89' lang='lat' dir='ltr'><strong>accidit</strong></span> <span class='ocrx_word' id='word_1_240' title='bbox 1607 3219 1752 3257; x_wconf 88' lang='lat' dir='ltr'><strong>anno</strong></span> 
     </span>
    </p>
   </div>
   <div class='ocr_carea' id='block_1_35' title="bbox 164 3293 1751 3364">
    <p class='ocr_par' dir='ltr' id='par_1_35' title="bbox 164 3293 1751 3364">
     <span class='ocr_line' id='line_1_35' title="bbox 164 3293 1751 3364; baseline -0.001 -14"><span class='ocrx_word' id='word_1_241' title='bbox 164 3298 564 3352; x_wconf 80' lang='lat' dir='ltr'><strong>Mahuntetauo</strong></span> <span class='ocrx_word' id='word_1_242' title='bbox 598 3296 700 3351; x_wconf 71' lang='grc'><strong>940</strong></span> <span class='ocrx_word' id='word_1_243' title='bbox 749 3296 901 3363; x_wconf 89' lang='lat' dir='ltr'><strong>(Chr.</strong></span> <span class='ocrx_word' id='word_1_244' title='bbox 954 3296 1137 3364; x_wconf 72' lang='grc'><strong>1534).</strong></span> <span class='ocrx_word' id='word_1_245' title='bbox 1183 3296 1453 3350; x_wconf 84' lang='lat' dir='ltr'><strong>Assanetn</strong></span> <span class='ocrx_word' id='word_1_246' title='bbox 1515 3293 1751 3348; x_wconf 80' lang='lat' dir='ltr'><strong>Karulus</strong></span> 
     </span>
    </p>
   </div>
   <div class='ocr_carea' id='block_1_36' title="bbox 172 3386 1752 3459">
    <p class='ocr_par' dir='ltr' id='par_1_36' title="bbox 172 3386 1752 3459">
     <span class='ocr_line' id='line_1_36' title="bbox 172 3386 1752 3459; baseline -0.004 -16"><span class='ocrx_word' id='word_1_247' title='bbox 172 3396 470 3459; x_wconf 62' lang='lat' dir='ltr'><strong>Augustus</strong></span> <span class='ocrx_word' id='word_1_248' title='bbox 512 3390 564 3441; x_wconf 93' lang='lat' dir='ltr'><strong>in</strong></span> <span class='ocrx_word' id='word_1_249' title='bbox 594 3405 844 3457; x_wconf 88' lang='lat' dir='ltr'><strong>reguutn,</strong></span> <span class='ocrx_word' id='word_1_250' title='bbox 900 3388 1124 3457; x_wconf 79' lang='lat' dir='ltr'><strong>expulso</strong></span> <span class='ocrx_word' id='word_1_251' title='bbox 1161 3386 1506 3451; x_wconf 89' lang='lat' dir='ltr'><strong>Chairadine,</strong></span> <span class='ocrx_word' id='word_1_252' title='bbox 1539 3388 1752 3440; x_wconf 80' lang='lat' dir='ltr'><strong>reduxit</strong></span> 
     </span>
    </p>
   </div>
   <div class='ocr_carea' id='block_1_37' title="bbox 160 3478 1751 3549">
    <p class='ocr_par' dir='ltr' id='par_1_37' title="bbox 160 3478 1751 3549">
     <span class='ocr_line' id='line_1_37' title="bbox 160 3478 1751 3549; baseline -0.002 -16"><span class='ocrx_word' id='word_1_253' title='bbox 160 3496 319 3534; x_wconf 77' lang='lat' dir='ltr'><strong>anno</strong></span> <span class='ocrx_word' id='word_1_254' title='bbox 342 3480 447 3532; x_wconf 64' lang='grc'><strong>945</strong></span> <span class='ocrx_word' id='word_1_255' title='bbox 486 3478 639 3549; x_wconf 77' lang='lat' dir='ltr'><strong>(Chr.</strong></span> <span class='ocrx_word' id='word_1_256' title='bbox 672 3479 828 3547; x_wconf 79' lang='grc'>1557)</span> <span class='ocrx_word' id='word_1_257' title='bbox 856 3497 870 3544; x_wconf 89' lang='grc'><strong>;</strong></span> <span class='ocrx_word' id='word_1_258' title='bbox 903 3480 1045 3547; x_wconf 83' lang='lat' dir='ltr'><strong>quod</strong></span> <span class='ocrx_word' id='word_1_259' title='bbox 1080 3480 1170 3532; x_wconf 86' lang='lat' dir='ltr'><strong>ille</strong></span> <span class='ocrx_word' id='word_1_260' title='bbox 1192 3480 1451 3546; x_wconf 78' lang='lat' dir='ltr'><strong>deinceps</strong></span> <span class='ocrx_word' id='word_1_261' title='bbox 1490 3494 1518 3530; x_wconf 88' lang='lat' dir='ltr'><strong>a</strong></span> <span class='ocrx_word' id='word_1_262' title='bbox 1540 3492 1751 3531; x_wconf 84' lang='lat' dir='ltr'><strong>nemine</strong></span> 
     </span>
    </p>
   </div>
   <div class='ocr_carea' id='block_1_38' title="bbox 162 3569 1747 3641">
    <p class='ocr_par' dir='ltr' id='par_1_38' title="bbox 162 3569 1747 3641">
     <span class='ocr_line' id='line_1_38' title="bbox 162 3569 1747 3641; baseline -0.003 -15"><span class='ocrx_word' id='word_1_263' title='bbox 162 3583 406 3626; x_wconf 69' lang='lat' dir='ltr'><strong>vexatus</strong></span> <span class='ocrx_word' id='word_1_264' title='bbox 435 3572 671 3625; x_wconf 82' lang='lat' dir='ltr'><strong>obtinuit</strong></span> <span class='ocrx_word' id='word_1_265' title='bbox 706 3588 879 3641; x_wconf 85' lang='lat' dir='ltr'><strong>usque</strong></span> <span class='ocrx_word' id='word_1_266' title='bbox 920 3572 985 3624; x_wconf 86' lang='lat' dir='ltr'><strong>ad</strong></span> <span class='ocrx_word' id='word_1_267' title='bbox 1010 3586 1212 3624; x_wconf 89' lang='lat' dir='ltr'><strong>annum</strong></span> <span class='ocrx_word' id='word_1_268' title='bbox 1245 3569 1349 3623; x_wconf 78' lang='lat'><strong>950</strong></span> <span class='ocrx_word' id='word_1_269' title='bbox 1378 3571 1532 3639; x_wconf 92' lang='lat' dir='ltr'><strong>(Chr.</strong></span> <span class='ocrx_word' id='word_1_270' title='bbox 1566 3569 1747 3637; x_wconf 68' lang='grc'><strong>1544),</strong></span> 
     </span>
    </p>
   </div>
   <div class='ocr_carea' id='block_1_39' title="bbox 162 3662 1753 3736">
    <p class='ocr_par' dir='ltr' id='par_1_39' title="bbox 162 3662 1753 3736">
     <span class='ocr_line' id='line_1_39' title="bbox 162 3662 1753 3736; baseline -0.003 -17"><span class='ocrx_word' id='word_1_271' title='bbox 162 3682 284 3736; x_wconf 83' lang='lat' dir='ltr'><strong>quo</strong></span> <span class='ocrx_word' id='word_1_272' title='bbox 315 3666 662 3718; x_wconf 81' lang='lat' dir='ltr'><strong>adventantis</strong></span> <span class='ocrx_word' id='word_1_273' title='bbox 694 3680 816 3718; x_wconf 90' lang='lat' dir='ltr'><strong>eum</strong></span> <span class='ocrx_word' id='word_1_274' title='bbox 847 3664 1019 3718; x_wconf 82' lang='lat' dir='ltr'><strong>classe</strong></span> <span class='ocrx_word' id='word_1_275' title='bbox 1047 3664 1385 3717; x_wconf 87' lang='lat' dir='ltr'><strong>Chairadiuis</strong></span> <span class='ocrx_word' id='word_1_276' title='bbox 1406 3664 1545 3717; x_wconf 87' lang='lat' dir='ltr'><strong>fama</strong></span> <span class='ocrx_word' id='word_1_277' title='bbox 1600 3662 1753 3716; x_wconf 85' lang='lat' dir='ltr'><strong>terti-</strong></span> 
     </span>
    </p>
   </div>
   <div class='ocr_carea' id='block_1_40' title="bbox 161 3754 1752 3825">
    <p class='ocr_par' dir='ltr' id='par_1_40' title="bbox 161 3754 1752 3825">
     <span class='ocr_line' id='line_1_40' title="bbox 161 3754 1752 3825; baseline -0.001 -15"><span class='ocrx_word' id='word_1_278' title='bbox 161 3770 285 3820; x_wconf 86' lang='lat' dir='ltr'><strong>tus,</strong></span> <span class='ocrx_word' id='word_1_279' title='bbox 315 3760 370 3811; x_wconf 91' lang='lat' dir='ltr'><strong>in</strong></span> <span class='ocrx_word' id='word_1_280' title='bbox 403 3757 643 3812; x_wconf 89' lang='lat' dir='ltr'><strong>Siciliam</strong></span> <span class='ocrx_word' id='word_1_281' title='bbox 680 3754 1071 3825; x_wconf 81' lang='lat' dir='ltr'><strong>Neapolimque</strong></span> <span class='ocrx_word' id='word_1_282' title='bbox 1100 3757 1333 3824; x_wconf 81' lang='lat' dir='ltr'><strong>trajecit.</strong></span> <span class='ocrx_word' id='word_1_283' title='bbox 1370 3756 1566 3809; x_wconf 84' lang='lat' dir='ltr'><strong>Amida</strong></span> <span class='ocrx_word' id='word_1_284' title='bbox 1612 3757 1752 3808; x_wconf 84' lang='lat' dir='ltr'><strong>filius</strong></span> 
     </span>
    </p>
   </div>
   <div class='ocr_carea' id='block_1_41' title="bbox 163 3847 1755 3918">
    <p class='ocr_par' dir='ltr' id='par_1_41' title="bbox 163 3847 1755 3918">
     <span class='ocr_line' id='line_1_41' title="bbox 163 3847 1755 3918; baseline -0.003 -15"><span class='ocrx_word' id='word_1_285' title='bbox 163 3851 427 3905; x_wconf 83' lang='lat' dir='ltr'><strong>&#39;I‘unistm</strong></span> <span class='ocrx_word' id='word_1_286' title='bbox 459 3867 584 3903; x_wconf 87' lang='lat' dir='ltr'><strong>cuttt</strong></span> <span class='ocrx_word' id='word_1_287' title='bbox 614 3866 738 3905; x_wconf 85' lang='lat' dir='ltr'><strong>arce</strong></span> <span class='ocrx_word' id='word_1_288' title='bbox 759 3866 855 3918; x_wconf 39' lang='lat' dir='ltr'><strong>per.</strong></span> <span class='ocrx_word' id='word_1_289' title='bbox 882 3849 1183 3903; x_wconf 91' lang='lat' dir='ltr'><strong>absentiam</strong></span> <span class='ocrx_word' id='word_1_290' title='bbox 1202 3847 1371 3917; x_wconf 88' lang='lat' dir='ltr'><strong>patris</strong></span> <span class='ocrx_word' id='word_1_291' title='bbox 1398 3848 1625 3901; x_wconf 79' lang='lat' dir='ltr'><strong>Assanis</strong></span> <span class='ocrx_word' id='word_1_292' title='bbox 1660 3862 1755 3900; x_wconf 89' lang='lat' dir='ltr'><strong>oc-</strong></span> 
     </span>
    </p>
   </div>
   <div class='ocr_carea' id='block_1_42' title="bbox 159 3940 1754 4016">
    <p class='ocr_par' dir='ltr' id='par_1_42' title="bbox 159 3940 1754 4016">
     <span class='ocr_line' id='line_1_42' title="bbox 159 3940 1754 4016; baseline -0.006 -14"><span class='ocrx_word' id='word_1_293' title='bbox 159 3960 360 4016; x_wconf 82' lang='lat' dir='ltr'><strong>cupat,</strong></span> <span class='ocrx_word' id='word_1_294' title='bbox 397 3962 788 4016; x_wconf 76' lang='lat' dir='ltr'><strong>reversumque</strong></span> <span class='ocrx_word' id='word_1_295' title='bbox 819 3955 1028 4013; x_wconf 86' lang='lat' dir='ltr'><strong>patrem</strong></span> <span class='ocrx_word' id='word_1_296' title='bbox 1066 3942 1229 4012; x_wconf 88' lang='lat' dir='ltr'><strong>capit,</strong></span> <span class='ocrx_word' id='word_1_297' title='bbox 1255 3952 1309 3995; x_wconf 88' lang='lat' dir='ltr'><strong>et</strong></span> <span class='ocrx_word' id='word_1_298' title='bbox 1345 3940 1630 3995; x_wconf 90' lang='lat' dir='ltr'><strong>oculorum</strong></span> <span class='ocrx_word' id='word_1_299' title='bbox 1656 3956 1754 4008; x_wconf 88' lang='lat' dir='ltr'><strong>pu-</strong></span> 
     </span>
    </p>
   </div>
   <div class='ocr_carea' id='block_1_43' title="bbox 160 4031 1749 4109">
    <p class='ocr_par' dir='ltr' id='par_1_43' title="bbox 160 4031 1749 4109">
     <span class='ocr_line' id='line_1_43' title="bbox 160 4031 1749 4109; baseline -0.005 -17"><span class='ocrx_word' id='word_1_300' title='bbox 160 4040 321 4109; x_wconf 85' lang='lat' dir='ltr'><strong>pillis</strong></span> <span class='ocrx_word' id='word_1_301' title='bbox 350 4038 601 4093; x_wconf 86' lang='lat' dir='ltr'><strong>candenti</strong></span> <span class='ocrx_word' id='word_1_302' title='bbox 634 4036 1081 4106; x_wconf 77' lang='lat' dir='ltr'><strong>sealpellolaesis,</strong></span> <span class='ocrx_word' id='word_1_303' title='bbox 1112 4036 1230 4089; x_wconf 84' lang='lat' dir='ltr'><strong>visu</strong></span> <span class='ocrx_word' id='word_1_304' title='bbox 1269 4033 1491 4103; x_wconf 88' lang='lat' dir='ltr'><strong>spoliat.</strong></span> <span class='ocrx_word' id='word_1_305' title='bbox 1545 4031 1749 4085; x_wconf 87' lang='lat' dir='ltr'><strong>Eadem</strong></span> 
     </span>
    </p>
   </div>
   <div class='ocr_carea' id='block_1_44' title="bbox 158 4123 1753 4189">
    <p class='ocr_par' dir='ltr' id='par_1_44' title="bbox 158 4123 1753 4189">
     <span class='ocr_line' id='line_1_44' title="bbox 158 4123 1753 4189; baseline -0.004 -6"><span class='ocrx_word' id='word_1_306' title='bbox 158 4132 517 4184; x_wconf 85' lang='lat' dir='ltr'><strong>immanitate</strong></span> <span class='ocrx_word' id='word_1_307' title='bbox 540 4132 750 4182; x_wconf 86' lang='lat' dir='ltr'><strong>tractati</strong></span> <span class='ocrx_word' id='word_1_308' title='bbox 775 4130 842 4180; x_wconf 85' lang='lat' dir='ltr'><strong>ab</strong></span> <span class='ocrx_word' id='word_1_309' title='bbox 859 4127 1053 4180; x_wconf 79' lang='lat' dir='ltr'><strong>Amida</strong></span> <span class='ocrx_word' id='word_1_310' title='bbox 1075 4126 1295 4189; x_wconf 81' lang='lat' dir='ltr'><strong>fratres,</strong></span> <span class='ocrx_word' id='word_1_311' title='bbox 1316 4123 1557 4177; x_wconf 85' lang='lat' dir='ltr'><strong>Nahaser</strong></span> <span class='ocrx_word' id='word_1_312' title='bbox 1578 4132 1631 4176; x_wconf 89' lang='lat' dir='ltr'><strong>et</strong></span> <span class='ocrx_word' id='word_1_313' title='bbox 1646 4123 1753 4177; x_wconf 86' lang='lat' dir='ltr'><strong>Ab-</strong></span> 
     </span>
    </p>
   </div>
   <div class='ocr_carea' id='block_1_45' title="bbox 150 4218 1754 4290">
    <p class='ocr_par' dir='ltr' id='par_1_45' title="bbox 150 4218 1754 4290">
     <span class='ocr_line' id='line_1_45' title="bbox 150 4218 1754 4290; baseline -0.007 -13"><span class='ocrx_word' id='word_1_314' title='bbox 150 4226 365 4284; x_wconf 62' lang='lat' dir='ltr'><strong>da‘las,</strong></span> <span class='ocrx_word' id='word_1_315' title='bbox 403 4238 543 4290; x_wconf 88' lang='lat' dir='ltr'><strong>quos</strong></span> <span class='ocrx_word' id='word_1_316' title='bbox 567 4236 690 4274; x_wconf 89' lang='lat' dir='ltr'><strong>eum</strong></span> <span class='ocrx_word' id='word_1_317' title='bbox 724 4231 877 4290; x_wconf 86' lang='lat' dir='ltr'><strong>patre</strong></span> <span class='ocrx_word' id='word_1_318' title='bbox 905 4227 1140 4287; x_wconf 84' lang='lat' dir='ltr'><strong>ceperat.</strong></span> <span class='ocrx_word' id='word_1_319' title='bbox 1171 4218 1434 4270; x_wconf 85' lang='lat' dir='ltr'><strong>Amadatn</strong></span> <span class='ocrx_word' id='word_1_320' title='bbox 1468 4231 1637 4284; x_wconf 82' lang='lat' dir='ltr'><strong>regno</strong></span> <span class='ocrx_word' id='word_1_321' title='bbox 1662 4232 1754 4282; x_wconf 84' lang='lat' dir='ltr'><strong>pa-</strong></span> 
     </span>
    </p>
   </div>
   <div class='ocr_carea' id='block_1_46' title="bbox 152 4305 1755 4379">
    <p class='ocr_par' dir='ltr' id='par_1_46' title="bbox 152 4305 1755 4379">
     <span class='ocr_line' id='line_1_46' title="bbox 152 4305 1755 4379; baseline -0.004 -11"><span class='ocrx_word' id='word_1_322' title='bbox 152 4330 327 4369; x_wconf 83' lang='lat' dir='ltr'><strong>truus</strong></span> <span class='ocrx_word' id='word_1_323' title='bbox 351 4312 787 4367; x_wconf 81' lang='lat' dir='ltr'><strong>Abdantelechus</strong></span> <span class='ocrx_word' id='word_1_324' title='bbox 810 4310 988 4379; x_wconf 85' lang='lat' dir='ltr'><strong>ejecit.</strong></span> <span class='ocrx_word' id='word_1_325' title='bbox 1017 4308 1066 4361; x_wconf 89' lang='lat' dir='ltr'><strong>ls</strong></span> <span class='ocrx_word' id='word_1_326' title='bbox 1086 4310 1227 4360; x_wconf 89' lang='lat' dir='ltr'><strong>enim</strong></span> <span class='ocrx_word' id='word_1_327' title='bbox 1261 4306 1507 4361; x_wconf 79' lang='lat' dir='ltr'><strong>Culetam</strong></span> <span class='ocrx_word' id='word_1_328' title='bbox 1544 4305 1755 4374; x_wconf 81' lang='lat' dir='ltr'><strong>profec-</strong></span> 
     </span>
    </p>
   </div>
   <div class='ocr_carea' id='block_1_47' title="bbox 153 4398 1753 4477">
    <p class='ocr_par' dir='ltr' id='par_1_47' title="bbox 153 4398 1753 4477">
     <span class='ocr_line' id='line_1_47' title="bbox 153 4398 1753 4477; baseline -0.004 -20"><span class='ocrx_word' id='word_1_329' title='bbox 153 4417 284 4470; x_wconf 84' lang='lat' dir='ltr'><strong>tus,</strong></span> <span class='ocrx_word' id='word_1_330' title='bbox 325 4413 385 4477; x_wconf 84' lang='lat' dir='ltr'><strong>et</strong></span> <span class='ocrx_word' id='word_1_331' title='bbox 412 4404 691 4460; x_wconf 89' lang='lat' dir='ltr'><strong>Francisci</strong></span> <span class='ocrx_word' id='word_1_332' title='bbox 718 4402 946 4458; x_wconf 85' lang='lat' dir='ltr'><strong>Tovaris</strong></span> <span class='ocrx_word' id='word_1_333' title='bbox 1001 4400 1247 4470; x_wconf 86' lang='lat' dir='ltr'><strong>Ilispani,</strong></span> <span class='ocrx_word' id='word_1_334' title='bbox 1280 4400 1484 4455; x_wconf 78' lang='lat' dir='ltr'><strong>Caieta:</strong></span> <span class='ocrx_word' id='word_1_335' title='bbox 1518 4398 1753 4468; x_wconf 71' lang='lat' dir='ltr'><strong>praefecti</strong></span> 
     </span>
    </p>
   </div>
   <div class='ocr_carea' id='block_1_48' title="bbox 1874 544 3443 625">
    <p class='ocr_par' dir='ltr' id='par_1_48' title="bbox 1874 544 3443 625">
     <span class='ocr_line' id='line_1_48' title="bbox 1874 544 3443 625; baseline 0.013 -32"><span class='ocrx_word' id='word_1_336' title='bbox 1874 544 1962 610; x_wconf 91' lang='lat' dir='ltr'><strong>qui</strong></span> <span class='ocrx_word' id='word_1_337' title='bbox 1990 559 2039 611; x_wconf 78' lang='grc' dir='ltr'><strong>οι</strong></span> <span class='ocrx_word' id='word_1_338' title='bbox 2061 560 2145 596; x_wconf 88' lang='lat' dir='ltr'><strong>cm</strong></span> <span class='ocrx_word' id='word_1_339' title='bbox 2178 549 2294 615; x_wconf 84' lang='lat' dir='ltr'><strong>ejus</strong></span> <span class='ocrx_word' id='word_1_340' title='bbox 2330 548 2703 617; x_wconf 78' lang='lat' dir='ltr'><strong>auxiliumque</strong></span> <span class='ocrx_word' id='word_1_341' title='bbox 2748 559 3055 617; x_wconf 78' lang='lat' dir='ltr'><strong>poscerent,</strong></span> <span class='ocrx_word' id='word_1_342' title='bbox 3084 562 3143 606; x_wconf 92' lang='lat' dir='ltr'><strong>ut</strong></span> <span class='ocrx_word' id='word_1_343' title='bbox 3163 569 3332 625; x_wconf 75' lang='lat' dir='ltr'><strong>regno</strong></span> <span class='ocrx_word' id='word_1_344' title='bbox 3362 575 3443 613; x_wconf 90' lang='lat' dir='ltr'><strong>re-</strong></span> 
     </span>
    </p>
   </div>
   <div class='ocr_carea' id='block_1_49' title="bbox 1874 635 3447 717">
    <p class='ocr_par' dir='ltr' id='par_1_49' title="bbox 1874 635 3447 717">
     <span class='ocr_line' id='line_1_49' title="bbox 1874 635 3447 717; baseline 0.01 -30"><span class='ocrx_word' id='word_1_345' title='bbox 1874 635 2216 691; x_wconf 79' lang='lat' dir='ltr'><strong>stitueretur.</strong></span> <span class='ocrx_word' id='word_1_346' title='bbox 2247 638 2424 694; x_wconf 92' lang='lat' dir='ltr'><strong>Simul</strong></span> <span class='ocrx_word' id='word_1_347' title='bbox 2468 640 2778 694; x_wconf 89' lang='lat' dir='ltr'><strong>habiturum</strong></span> <span class='ocrx_word' id='word_1_348' title='bbox 2813 658 2871 698; x_wconf 86' lang='lat' dir='ltr'><strong>se</strong></span> <span class='ocrx_word' id='word_1_349' title='bbox 2922 644 3186 713; x_wconf 80' lang='lat' dir='ltr'><strong>promittit</strong></span> <span class='ocrx_word' id='word_1_350' title='bbox 3207 646 3447 717; x_wconf 79' lang='lat' dir='ltr'><strong>ingentes</strong></span> 
     </span>
    </p>
   </div>
   <div class='ocr_carea' id='block_1_50' title="bbox 1874 725 3443 799">
    <p class='ocr_par' dir='ltr' id='par_1_50' title="bbox 1874 725 3443 799">
     <span class='ocr_line' id='line_1_50' title="bbox 1874 725 3443 799; baseline 0.008 -21"><span class='ocrx_word' id='word_1_351' title='bbox 1874 725 1943 778; x_wconf 88' lang='lat' dir='ltr'><strong>ab</strong></span> <span class='ocrx_word' id='word_1_352' title='bbox 1970 727 2162 781; x_wconf 87' lang='lat' dir='ltr'><strong>amicis</strong></span> <span class='ocrx_word' id='word_1_353' title='bbox 2192 729 2469 798; x_wconf 87' lang='lat' dir='ltr'><strong>sociisque</strong></span> <span class='ocrx_word' id='word_1_354' title='bbox 2490 731 2697 799; x_wconf 90' lang='lat' dir='ltr'><strong>copias,</strong></span> <span class='ocrx_word' id='word_1_355' title='bbox 2728 739 2780 784; x_wconf 84' lang='lat' dir='ltr'><strong>et</strong></span> <span class='ocrx_word' id='word_1_356' title='bbox 2814 747 2930 786; x_wconf 84' lang='lat' dir='ltr'><strong>eam</strong></span> <span class='ocrx_word' id='word_1_357' title='bbox 2995 750 3226 791; x_wconf 76' lang='lat' dir='ltr'><strong>annona:</strong></span> <span class='ocrx_word' id='word_1_358' title='bbox 3273 739 3443 793; x_wconf 87' lang='lat' dir='ltr'><strong>abun-</strong></span> 
     </span>
    </p>
   </div>
   <div class='ocr_carea' id='block_1_51' title="bbox 1871 811 3444 890">
    <p class='ocr_par' dir='ltr' id='par_1_51' title="bbox 1871 811 3444 890">
     <span class='ocr_line' id='line_1_51' title="bbox 1871 811 3444 890; baseline 0.008 -19"><span class='ocrx_word' id='word_1_359' title='bbox 1871 818 2132 882; x_wconf 87' lang='lat' dir='ltr'><strong>dantiam,</strong></span> <span class='ocrx_word' id='word_1_360' title='bbox 2157 834 2276 889; x_wconf 60' lang='lat' dir='ltr'><strong>qua</strong></span> <span class='ocrx_word' id='word_1_361' title='bbox 2304 822 2472 890; x_wconf 83' lang='lat' dir='ltr'><strong>ipsius</strong></span> <span class='ocrx_word' id='word_1_362' title='bbox 2496 823 2757 877; x_wconf 81' lang='lat' dir='ltr'><strong>exercitui</strong></span> <span class='ocrx_word' id='word_1_363' title='bbox 2785 825 2864 878; x_wconf 87' lang='lat' dir='ltr'><strong>vel</strong></span> <span class='ocrx_word' id='word_1_364' title='bbox 2896 811 3131 880; x_wconf 76' lang='lat' dir='ltr'><strong>maximo</strong></span> <span class='ocrx_word' id='word_1_365' title='bbox 3154 829 3444 885; x_wconf 76' lang='lat' dir='ltr'><strong>suffectura</strong></span> 
     </span>
    </p>
   </div>
   <div class='ocr_carea' id='block_1_52' title="bbox 1872 910 3439 991">
    <p class='ocr_par' dir='ltr' id='par_1_52' title="bbox 1872 910 3439 991">
     <span class='ocr_line' id='line_1_52' title="bbox 1872 910 3439 991; baseline 0.008 -28"><span class='ocrx_word' id='word_1_366' title='bbox 1872 910 1966 964; x_wconf 87' lang='lat' dir='ltr'><strong>sit.</strong></span> <span class='ocrx_word' id='word_1_367' title='bbox 1996 911 2199 965; x_wconf 80' lang='lat' dir='ltr'><strong>Adnuit</strong></span> <span class='ocrx_word' id='word_1_368' title='bbox 2232 913 2351 982; x_wconf 89' lang='lat' dir='ltr'><strong>ejus</strong></span> <span class='ocrx_word' id='word_1_369' title='bbox 2385 916 2670 982; x_wconf 85' lang='lat' dir='ltr'><strong>postulatis</strong></span> <span class='ocrx_word' id='word_1_370' title='bbox 2694 918 2967 978; x_wconf 83' lang='lat' dir='ltr'><strong>Anstrius.</strong></span> <span class='ocrx_word' id='word_1_371' title='bbox 2995 927 3049 972; x_wconf 81' lang='lat' dir='ltr'><strong>et</strong></span> <span class='ocrx_word' id='word_1_372' title='bbox 3092 921 3288 991; x_wconf 90' lang='lat' dir='ltr'><strong>insigni</strong></span> <span class='ocrx_word' id='word_1_373' title='bbox 3316 940 3439 978; x_wconf 90' lang='lat' dir='ltr'><strong>cum</strong></span> 
     </span>
    </p>
   </div>
   <div class='ocr_carea' id='block_1_53' title="bbox 1872 1001 3444 1070">
    <p class='ocr_par' dir='ltr' id='par_1_53' title="bbox 1872 1001 3444 1070">
     <span class='ocr_line' id='line_1_53' title="bbox 1872 1001 3444 1070; baseline 0.01 -17"><span class='ocrx_word' id='word_1_374' title='bbox 1872 1001 2065 1067; x_wconf 81' lang='lat' dir='ltr'><strong>classe,</strong></span> <span class='ocrx_word' id='word_1_375' title='bbox 2101 1017 2263 1070; x_wconf 88' lang='lat' dir='ltr'><strong>quam</strong></span> <span class='ocrx_word' id='word_1_376' title='bbox 2293 1004 2413 1059; x_wconf 76' lang='lat' dir='ltr'><strong>aliis</strong></span> <span class='ocrx_word' id='word_1_377' title='bbox 2438 1007 2604 1060; x_wconf 83' lang='lat' dir='ltr'><strong>etiam</strong></span> <span class='ocrx_word' id='word_1_378' title='bbox 2640 1021 2764 1061; x_wconf 90' lang='lat' dir='ltr'><strong>cum</strong></span> <span class='ocrx_word' id='word_1_379' title='bbox 2796 1009 3109 1066; x_wconf 84' lang='lat' dir='ltr'><strong>triremibus</strong></span> <span class='ocrx_word' id='word_1_380' title='bbox 3136 1013 3241 1066; x_wconf 75' lang='lat' dir='ltr'><strong>duit</strong></span> <span class='ocrx_word' id='word_1_381' title='bbox 3285 1015 3444 1070; x_wconf 79' lang='lat' dir='ltr'><strong>Sues-</strong></span> 
     </span>
    </p>
   </div>
   <div class='ocr_carea' id='block_1_54' title="bbox 1871 1092 3450 1167">
    <p class='ocr_par' dir='ltr' id='par_1_54' title="bbox 1871 1092 3450 1167">
     <span class='ocr_line' id='line_1_54' title="bbox 1871 1092 3450 1167; baseline 0.008 -20"><span class='ocrx_word' id='word_1_382' title='bbox 1871 1107 2059 1156; x_wconf 84' lang='lat' dir='ltr'><strong>sanus,</strong></span> <span class='ocrx_word' id='word_1_383' title='bbox 2093 1100 2146 1146; x_wconf 87' lang='lat' dir='ltr'><strong>et</strong></span> <span class='ocrx_word' id='word_1_384' title='bbox 2173 1092 2537 1162; x_wconf 84' lang='lat' dir='ltr'><strong>Melphitanus</strong></span> <span class='ocrx_word' id='word_1_385' title='bbox 2567 1096 2839 1167; x_wconf 77' lang='lat' dir='ltr'><strong>princeps,</strong></span> <span class='ocrx_word' id='word_1_386' title='bbox 2898 1098 3138 1156; x_wconf 80' lang='lat' dir='ltr'><strong>Joannes</strong></span> <span class='ocrx_word' id='word_1_387' title='bbox 3201 1104 3450 1159; x_wconf 78' lang='lat' dir='ltr'><strong>Andreas</strong></span> 
     </span>
    </p>
   </div>
   <div class='ocr_carea' id='block_1_55' title="bbox 1872 1184 3444 1263">
    <p class='ocr_par' dir='ltr' id='par_1_55' title="bbox 1872 1184 3444 1263">
     <span class='ocr_line' id='line_1_55' title="bbox 1872 1184 3444 1263; baseline 0.01 -26"><span class='ocrx_word' id='word_1_388' title='bbox 1872 1184 2033 1239; x_wconf 82' lang='lat' dir='ltr'><strong>.Doria</strong></span> <span class='ocrx_word' id='word_1_389' title='bbox 2058 1186 2484 1249; x_wconf 85' lang='lat' dir='ltr'><strong>comitabantur.</strong></span> <span class='ocrx_word' id='word_1_390' title='bbox 2522 1190 2576 1243; x_wconf 91' lang='lat' dir='ltr'><strong>in</strong></span> <span class='ocrx_word' id='word_1_391' title='bbox 2602 1191 2842 1246; x_wconf 83' lang='lat' dir='ltr'><strong>Africam</strong></span> <span class='ocrx_word' id='word_1_392' title='bbox 2872 1195 3164 1263; x_wconf 86' lang='lat' dir='ltr'><strong>trausjicit,</strong></span> <span class='ocrx_word' id='word_1_393' title='bbox 3198 1198 3444 1253; x_wconf 87' lang='lat' dir='ltr'><strong>&#39;I‘uuisim</strong></span> 
     </span>
    </p>
   </div>
   <div class='ocr_carea' id='block_1_56' title="bbox 1870 1278 3447 1354">
    <p class='ocr_par' dir='ltr' id='par_1_56' title="bbox 1870 1278 3447 1354">
     <span class='ocr_line' id='line_1_56' title="bbox 1870 1278 3447 1354; baseline 0.006 -24"><span class='ocrx_word' id='word_1_394' title='bbox 1870 1285 2120 1345; x_wconf 86' lang='lat' dir='ltr'><strong>occupat,</strong></span> <span class='ocrx_word' id='word_1_395' title='bbox 2152 1291 2332 1347; x_wconf 82' lang='lat' dir='ltr'><strong>regem</strong></span> <span class='ocrx_word' id='word_1_396' title='bbox 2359 1293 2388 1331; x_wconf 89' lang='lat' dir='ltr'><strong>a</strong></span> <span class='ocrx_word' id='word_1_397' title='bbox 2418 1278 2612 1334; x_wconf 87' lang='lat' dir='ltr'><strong>Turcis</strong></span> <span class='ocrx_word' id='word_1_398' title='bbox 2641 1281 2829 1336; x_wconf 87' lang='lat' dir='ltr'><strong>datum</strong></span> <span class='ocrx_word' id='word_1_399' title='bbox 2864 1282 2917 1337; x_wconf 93' lang='lat' dir='ltr'><strong>in</strong></span> <span class='ocrx_word' id='word_1_400' title='bbox 2950 1294 3268 1354; x_wconf 87' lang='lat' dir='ltr'><strong>potestatem</strong></span> <span class='ocrx_word' id='word_1_401' title='bbox 3308 1289 3447 1340; x_wconf 86' lang='lat' dir='ltr'><strong>redi-</strong></span> 
     </span>
    </p>
   </div>
   <div class='ocr_carea' id='block_1_57' title="bbox 1870 1369 3443 1445">
    <p class='ocr_par' dir='ltr' id='par_1_57' title="bbox 1870 1369 3443 1445">
     <span class='ocr_line' id='line_1_57' title="bbox 1870 1369 3443 1445; baseline 0.011 -25"><span class='ocrx_word' id='word_1_402' title='bbox 1870 1369 1969 1437; x_wconf 77' lang='lat' dir='ltr'><strong>git,</strong></span> <span class='ocrx_word' id='word_1_403' title='bbox 2005 1370 2191 1423; x_wconf 87' lang='lat' dir='ltr'><strong>urbem</strong></span> <span class='ocrx_word' id='word_1_404' title='bbox 2226 1382 2437 1439; x_wconf 86' lang='lat' dir='ltr'><strong>captam</strong></span> <span class='ocrx_word' id='word_1_405' title='bbox 2470 1373 2624 1426; x_wconf 88' lang='lat' dir='ltr'><strong>militi</strong></span> <span class='ocrx_word' id='word_1_406' title='bbox 2653 1390 2753 1428; x_wconf 86' lang='lat' dir='ltr'><strong>suo</strong></span> <span class='ocrx_word' id='word_1_407' title='bbox 2783 1375 3146 1445; x_wconf 86' lang='lat' dir='ltr'><strong>diripiendam</strong></span> <span class='ocrx_word' id='word_1_408' title='bbox 3173 1382 3443 1437; x_wconf 85' lang='lat' dir='ltr'><strong>concedit.</strong></span> 
     </span>
    </p>
   </div>
   <div class='ocr_carea' id='block_1_58' title="bbox 1869 1461 3445 1535">
    <p class='ocr_par' dir='ltr' id='par_1_58' title="bbox 1869 1461 3445 1535">
     <span class='ocr_line' id='line_1_58' title="bbox 1869 1461 3445 1535; baseline 0.01 -24"><span class='ocrx_word' id='word_1_409' title='bbox 1869 1461 2004 1512; x_wconf 85' lang='lat' dir='ltr'><strong>Cum</strong></span> <span class='ocrx_word' id='word_1_410' title='bbox 2025 1471 2201 1514; x_wconf 81' lang='lat' dir='ltr'><strong>autem</strong></span> <span class='ocrx_word' id='word_1_411' title='bbox 2223 1465 2509 1531; x_wconf 85' lang='lat' dir='ltr'><strong>promissis</strong></span> <span class='ocrx_word' id='word_1_412' title='bbox 2530 1465 2723 1519; x_wconf 86' lang='lat' dir='ltr'><strong>Amida</strong></span> <span class='ocrx_word' id='word_1_413' title='bbox 2745 1482 2851 1521; x_wconf 85' lang='lat' dir='ltr'><strong>non</strong></span> <span class='ocrx_word' id='word_1_414' title='bbox 2877 1469 3238 1535; x_wconf 85' lang='lat' dir='ltr'><strong>satisfaceret,</strong></span> <span class='ocrx_word' id='word_1_415' title='bbox 3260 1472 3445 1527; x_wconf 64' lang='lat' dir='ltr'><strong>flume-</strong></span> 
     </span>
    </p>
   </div>
   <div class='ocr_carea' id='block_1_59' title="bbox 1869 1553 3445 1629">
    <p class='ocr_par' dir='ltr' id='par_1_59' title="bbox 1869 1553 3445 1629">
     <span class='ocr_line' id='line_1_59' title="bbox 1869 1553 3445 1629; baseline 0.008 -26"><span class='ocrx_word' id='word_1_416' title='bbox 1869 1566 1973 1617; x_wconf 87' lang='lat' dir='ltr'><strong>que</strong></span> <span class='ocrx_word' id='word_1_417' title='bbox 1992 1553 2323 1621; x_wconf 81' lang='lat' dir='ltr'><strong>cu-teroquin</strong></span> <span class='ocrx_word' id='word_1_418' title='bbox 2346 1554 2509 1607; x_wconf 86' lang='lat' dir='ltr'><strong>etiam</strong></span> <span class='ocrx_word' id='word_1_419' title='bbox 2552 1556 2673 1609; x_wconf 82' lang='lat' dir='ltr'><strong>fidei</strong></span> <span class='ocrx_word' id='word_1_420' title='bbox 2714 1558 2869 1625; x_wconf 77' lang='lat' dir='ltr'><strong>signa</strong></span> <span class='ocrx_word' id='word_1_421' title='bbox 2888 1560 3137 1622; x_wconf 73' lang='lat' dir='ltr'><strong>quardam</strong></span> <span class='ocrx_word' id='word_1_422' title='bbox 3160 1561 3445 1629; x_wconf 65' lang='lat' dir='ltr'><strong>praeberet.</strong></span> 
     </span>
    </p>
   </div>
   <div class='ocr_carea' id='block_1_60' title="bbox 1870 1643 3448 1713">
    <p class='ocr_par' dir='ltr' id='par_1_60' title="bbox 1870 1643 3448 1713">
     <span class='ocr_line' id='line_1_60' title="bbox 1870 1643 3448 1713; baseline 0.006 -17"><span class='ocrx_word' id='word_1_423' title='bbox 1870 1643 2182 1697; x_wconf 81' lang='lat' dir='ltr'><strong>sollicitatis</strong></span> <span class='ocrx_word' id='word_1_424' title='bbox 2209 1655 2423 1699; x_wconf 87' lang='lat' dir='ltr'><strong>secreto</strong></span> <span class='ocrx_word' id='word_1_425' title='bbox 2472 1646 2724 1702; x_wconf 84' lang='lat' dir='ltr'><strong>&#39;I‘urcicis</strong></span> <span class='ocrx_word' id='word_1_426' title='bbox 2768 1650 3010 1713; x_wconf 79' lang='lat' dir='ltr'><strong>auxiliis,</strong></span> <span class='ocrx_word' id='word_1_427' title='bbox 3064 1664 3188 1704; x_wconf 88' lang='lat' dir='ltr'><strong>cum</strong></span> <span class='ocrx_word' id='word_1_428' title='bbox 3233 1650 3448 1706; x_wconf 87' lang='lat' dir='ltr'><strong>duobus</strong></span> 
     </span>
    </p>
   </div>
   <div class='ocr_carea' id='block_1_61' title="bbox 1874 1735 3445 1805">
    <p class='ocr_par' dir='ltr' id='par_1_61' title="bbox 1874 1735 3445 1805">
     <span class='ocr_line' id='line_1_61' title="bbox 1874 1735 3445 1805; baseline 0.006 -16"><span class='ocrx_word' id='word_1_429' title='bbox 1874 1736 1999 1789; x_wconf 84' lang='lat' dir='ltr'><strong>filiis</strong></span> <span class='ocrx_word' id='word_1_430' title='bbox 2032 1738 2085 1788; x_wconf 92' lang='lat' dir='ltr'><strong>in</strong></span> <span class='ocrx_word' id='word_1_431' title='bbox 2116 1735 2385 1801; x_wconf 83' lang='lat' dir='ltr'><strong>Siciliam,</strong></span> <span class='ocrx_word' id='word_1_432' title='bbox 2412 1737 2569 1805; x_wconf 83' lang='lat' dir='ltr'><strong>jussu</strong></span> <span class='ocrx_word' id='word_1_433' title='bbox 2599 1740 2829 1799; x_wconf 82' lang='lat' dir='ltr'><strong>Austrii.</strong></span> <span class='ocrx_word' id='word_1_434' title='bbox 2860 1750 3203 1797; x_wconf 80' lang='lat' dir='ltr'><strong>transvectus</strong></span> <span class='ocrx_word' id='word_1_435' title='bbox 3222 1743 3343 1797; x_wconf 91' lang='lat' dir='ltr'><strong>fuit.</strong></span> <span class='ocrx_word' id='word_1_436' title='bbox 3370 1744 3445 1798; x_wconf 78' lang='grc' dir='ltr'><strong>1Ιεὶ</strong></span> 
     </span>
    </p>
   </div>
   <div class='ocr_carea' id='block_1_62' title="bbox 1868 1827 3445 1900">
    <p class='ocr_par' dir='ltr' id='par_1_62' title="bbox 1868 1827 3445 1900">
     <span class='ocr_line' id='line_1_62' title="bbox 1868 1827 3445 1900; baseline 0.003 -17"><span class='ocrx_word' id='word_1_437' title='bbox 1868 1829 1954 1883; x_wconf 88' lang='lat' dir='ltr'><strong>cui</strong></span> <span class='ocrx_word' id='word_1_438' title='bbox 2013 1827 2255 1881; x_wconf 90' lang='lat' dir='ltr'><strong>futurum</strong></span> <span class='ocrx_word' id='word_1_439' title='bbox 2279 1831 2599 1898; x_wconf 88' lang='lat' dir='ltr'><strong>accepisset,</strong></span> <span class='ocrx_word' id='word_1_440' title='bbox 2635 1841 2691 1883; x_wconf 89' lang='lat' dir='ltr'><strong>ut</strong></span> <span class='ocrx_word' id='word_1_441' title='bbox 2716 1830 2882 1885; x_wconf 87' lang='lat' dir='ltr'><strong>frater</strong></span> <span class='ocrx_word' id='word_1_442' title='bbox 2915 1834 3033 1900; x_wconf 85' lang='lat' dir='ltr'><strong>ejus</strong></span> <span class='ocrx_word' id='word_1_443' title='bbox 3094 1833 3445 1895; x_wconf 79' lang='lat' dir='ltr'><strong>lilachmetes.</strong></span> 
     </span>
    </p>
   </div>
   <div class='ocr_carea' id='block_1_63' title="bbox 1872 1921 3442 1995">
    <p class='ocr_par' dir='ltr' id='par_1_63' title="bbox 1872 1921 3442 1995">
     <span class='ocr_line' id='line_1_63' title="bbox 1872 1921 3442 1995; baseline 0.004 -21"><span class='ocrx_word' id='word_1_444' title='bbox 1872 1923 1956 1975; x_wconf 87' lang='lat' dir='ltr'><strong>t-ui</strong></span> <span class='ocrx_word' id='word_1_445' title='bbox 2003 1922 2237 1976; x_wconf 81' lang='lat' dir='ltr'><strong>maxime</strong></span> <span class='ocrx_word' id='word_1_446' title='bbox 2276 1921 2505 1976; x_wconf 89' lang='lat' dir='ltr'><strong>infestus</strong></span> <span class='ocrx_word' id='word_1_447' title='bbox 2560 1934 2699 1991; x_wconf 89' lang='lat' dir='ltr'><strong>erat,</strong></span> <span class='ocrx_word' id='word_1_448' title='bbox 2746 1940 2914 1995; x_wconf 84' lang='lat' dir='ltr'><strong>regno</strong></span> <span class='ocrx_word' id='word_1_449' title='bbox 2949 1924 3355 1993; x_wconf 63' lang='lat' dir='ltr'><strong>praeficeretur:</strong></span> <span class='ocrx_word' id='word_1_450' title='bbox 3389 1928 3442 1981; x_wconf 91' lang='lat' dir='ltr'><strong>iu</strong></span> 
     </span>
    </p>
   </div>
   <div class='ocr_carea' id='block_1_64' title="bbox 1868 2016 3445 2088">
    <p class='ocr_par' dir='ltr' id='par_1_64' title="bbox 1868 2016 3445 2088">
     <span class='ocr_line' id='line_1_64' title="bbox 1868 2016 3445 2088; baseline 0.003 -19"><span class='ocrx_word' id='word_1_451' title='bbox 1868 2031 1990 2070; x_wconf 89' lang='lat' dir='ltr'><strong>eum</strong></span> <span class='ocrx_word' id='word_1_452' title='bbox 2026 2016 2271 2071; x_wconf 87' lang='lat' dir='ltr'><strong>furorem</strong></span> <span class='ocrx_word' id='word_1_453' title='bbox 2299 2018 2526 2071; x_wconf 84' lang='lat' dir='ltr'><strong>adactus</strong></span> <span class='ocrx_word' id='word_1_454' title='bbox 2549 2030 2654 2082; x_wconf 86' lang='lat' dir='ltr'><strong>est,</strong></span> <span class='ocrx_word' id='word_1_455' title='bbox 2682 2026 2739 2071; x_wconf 92' lang='lat' dir='ltr'><strong>ut</strong></span> <span class='ocrx_word' id='word_1_456' title='bbox 2785 2019 2852 2072; x_wconf 90' lang='lat' dir='ltr'><strong>de</strong></span> <span class='ocrx_word' id='word_1_457' title='bbox 2909 2019 3116 2073; x_wconf 84' lang='lat' dir='ltr'><strong>triremi</strong></span> <span class='ocrx_word' id='word_1_458' title='bbox 3167 2034 3227 2075; x_wconf 82' lang='lat' dir='ltr'><strong>se</strong></span> <span class='ocrx_word' id='word_1_459' title='bbox 3257 2020 3445 2088; x_wconf 68' lang='lat' dir='ltr'><strong>pracci-</strong></span> 
     </span>
    </p>
   </div>
   <div class='ocr_carea' id='block_1_65' title="bbox 1868 2106 3440 2175">
    <p class='ocr_par' dir='ltr' id='par_1_65' title="bbox 1868 2106 3440 2175">
     <span class='ocr_line' id='line_1_65' title="bbox 1868 2106 3440 2175; baseline 0.001 -16"><span class='ocrx_word' id='word_1_460' title='bbox 1868 2108 2165 2175; x_wconf 86' lang='lat' dir='ltr'><strong>pitaturus,</strong></span> <span class='ocrx_word' id='word_1_461' title='bbox 2205 2117 2258 2160; x_wconf 90' lang='lat' dir='ltr'><strong>et</strong></span> <span class='ocrx_word' id='word_1_462' title='bbox 2292 2108 2446 2175; x_wconf 89' lang='lat' dir='ltr'><strong>aquis</strong></span> <span class='ocrx_word' id='word_1_463' title='bbox 2488 2106 2853 2161; x_wconf 77' lang='lat' dir='ltr'><strong>suﬂ‘ocaturus</strong></span> <span class='ocrx_word' id='word_1_464' title='bbox 2883 2116 3025 2161; x_wconf 84' lang='lat' dir='ltr'><strong>esset</strong></span> <span class='ocrx_word' id='word_1_465' title='bbox 3062 2124 3077 2172; x_wconf 91' lang='lat'><strong>;</strong></span> <span class='ocrx_word' id='word_1_466' title='bbox 3109 2106 3199 2161; x_wconf 72' lang='lat' dir='ltr'><strong>vix</strong></span> <span class='ocrx_word' id='word_1_467' title='bbox 3250 2106 3440 2160; x_wconf 81' lang='lat' dir='ltr'><strong>Amida</strong></span> 
     </span>
    </p>
   </div>
   <div class='ocr_carea' id='block_1_66' title="bbox 1867 2196 3441 2266">
    <p class='ocr_par' dir='ltr' id='par_1_66' title="bbox 1867 2196 3441 2266">
     <span class='ocr_line' id='line_1_66' title="bbox 1867 2196 3441 2266; baseline 0 -16"><span class='ocrx_word' id='word_1_468' title='bbox 1867 2198 1997 2258; x_wconf 89' lang='lat' dir='ltr'><strong>tilio,</strong></span> <span class='ocrx_word' id='word_1_469' title='bbox 2032 2198 2329 2265; x_wconf 84' lang='lat' dir='ltr'><strong>quominus</strong></span> <span class='ocrx_word' id='word_1_470' title='bbox 2384 2198 2431 2249; x_wconf 88' lang='lat' dir='ltr'><strong>id</strong></span> <span class='ocrx_word' id='word_1_471' title='bbox 2461 2197 2685 2259; x_wconf 67' lang='lat' dir='ltr'><strong>faceret,</strong></span> <span class='ocrx_word' id='word_1_472' title='bbox 2728 2197 3077 2266; x_wconf 88' lang='lat' dir='ltr'><strong>impediente.</strong></span> <span class='ocrx_word' id='word_1_473' title='bbox 3111 2196 3441 2251; x_wconf 81' lang='lat' dir='ltr'><strong>Macltmetes</strong></span> 
     </span>
    </p>
   </div>
   <div class='ocr_carea' id='block_1_67' title="bbox 1865 2288 3438 2359">
    <p class='ocr_par' dir='ltr' id='par_1_67' title="bbox 1865 2288 3438 2359">
     <span class='ocr_line' id='line_1_67' title="bbox 1865 2288 3438 2359; baseline 0.001 -17"><span class='ocrx_word' id='word_1_474' title='bbox 1865 2290 2069 2343; x_wconf 78' lang='lat' dir='ltr'><strong>Amida:</strong></span> <span class='ocrx_word' id='word_1_475' title='bbox 2092 2290 2276 2354; x_wconf 85' lang='lat' dir='ltr'><strong>frater,</strong></span> <span class='ocrx_word' id='word_1_476' title='bbox 2315 2291 2382 2343; x_wconf 87' lang='lat' dir='ltr'><strong>ab</strong></span> <span class='ocrx_word' id='word_1_477' title='bbox 2412 2288 2634 2345; x_wconf 84' lang='lat' dir='ltr'><strong>Austrio</strong></span> <span class='ocrx_word' id='word_1_478' title='bbox 2666 2304 2891 2357; x_wconf 88' lang='lat' dir='ltr'><strong>regnum</strong></span> <span class='ocrx_word' id='word_1_479' title='bbox 2929 2289 3263 2358; x_wconf 74' lang='lat' dir='ltr'><strong>impetravit,</strong></span> <span class='ocrx_word' id='word_1_480' title='bbox 3295 2304 3438 2359; x_wconf 66' lang='lat' dir='ltr'><strong>prae-</strong></span> 
     </span>
    </p>
   </div>
   <div class='ocr_carea' id='block_1_68' title="bbox 1864 2381 3440 2451">
    <p class='ocr_par' dir='ltr' id='par_1_68' title="bbox 1864 2381 3440 2451">
     <span class='ocr_line' id='line_1_68' title="bbox 1864 2381 3440 2451; baseline 0 -16"><span class='ocrx_word' id='word_1_481' title='bbox 1864 2382 1993 2436; x_wconf 79' lang='lat' dir='ltr'><strong>stito</strong></span> <span class='ocrx_word' id='word_1_482' title='bbox 2030 2382 2179 2449; x_wconf 91' lang='lat' dir='ltr'><strong>prius</strong></span> <span class='ocrx_word' id='word_1_483' title='bbox 2210 2381 2260 2434; x_wconf 91' lang='lat' dir='ltr'><strong>iu</strong></span> <span class='ocrx_word' id='word_1_484' title='bbox 2286 2382 2494 2435; x_wconf 80' lang='lat' dir='ltr'><strong>Austrii</strong></span> <span class='ocrx_word' id='word_1_485' title='bbox 2531 2383 2814 2450; x_wconf 68' lang='lat' dir='ltr'><strong>praesentia</strong></span> <span class='ocrx_word' id='word_1_486' title='bbox 2853 2389 3222 2444; x_wconf 84' lang='lat' dir='ltr'><strong>sacramento,</strong></span> <span class='ocrx_word' id='word_1_487' title='bbox 3248 2396 3357 2451; x_wconf 91' lang='lat' dir='ltr'><strong>quo</strong></span> <span class='ocrx_word' id='word_1_488' title='bbox 3380 2396 3440 2435; x_wconf 86' lang='lat' dir='ltr'><strong>se</strong></span> 
     </span>
    </p>
   </div>
   <div class='ocr_carea' id='block_1_69' title="bbox 1865 2472 3435 2543">
    <p class='ocr_par' dir='ltr' id='par_1_69' title="bbox 1865 2472 3435 2543">
     <span class='ocr_line' id='line_1_69' title="bbox 1865 2472 3435 2543; baseline -0.001 -18"><span class='ocrx_word' id='word_1_489' title='bbox 1865 2483 2121 2543; x_wconf 80' lang='lat' dir='ltr'><strong>perpetuo</strong></span> <span class='ocrx_word' id='word_1_490' title='bbox 2153 2474 2361 2527; x_wconf 88' lang='lat' dir='ltr'><strong>lideletn</strong></span> <span class='ocrx_word' id='word_1_491' title='bbox 2414 2476 2656 2542; x_wconf 85' lang='lat' dir='ltr'><strong>Hispano</strong></span> <span class='ocrx_word' id='word_1_492' title='bbox 2709 2472 2819 2540; x_wconf 77' lang='lat' dir='ltr'><strong>regi</strong></span> <span class='ocrx_word' id='word_1_493' title='bbox 2872 2472 3128 2527; x_wconf 79' lang='lat' dir='ltr'><strong>clientem</strong></span> <span class='ocrx_word' id='word_1_494' title='bbox 3193 2472 3435 2525; x_wconf 82' lang='lat' dir='ltr'><strong>futurum</strong></span> 
     </span>
    </p>
   </div>
   <div class='ocr_carea' id='block_1_70' title="bbox 1864 2565 3438 2634">
    <p class='ocr_par' dir='ltr' id='par_1_70' title="bbox 1864 2565 3438 2634">
     <span class='ocr_line' id='line_1_70' title="bbox 1864 2565 3438 2634; baseline -0.001 -15"><span class='ocrx_word' id='word_1_495' title='bbox 1864 2567 2134 2634; x_wconf 86' lang='lat' dir='ltr'><strong>promisit.</strong></span> <span class='ocrx_word' id='word_1_496' title='bbox 2176 2566 2225 2620; x_wconf 90' lang='lat' dir='ltr'><strong>Is</strong></span> <span class='ocrx_word' id='word_1_497' title='bbox 2253 2566 2500 2634; x_wconf 80' lang='lat' dir='ltr'><strong>proximo</strong></span> <span class='ocrx_word' id='word_1_498' title='bbox 2533 2565 2729 2619; x_wconf 85' lang='lat' dir='ltr'><strong>deinde</strong></span> <span class='ocrx_word' id='word_1_499' title='bbox 2756 2565 2919 2627; x_wconf 85' lang='lat' dir='ltr'><strong>bello.</strong></span> <span class='ocrx_word' id='word_1_500' title='bbox 2970 2565 3113 2634; x_wconf 88' lang='lat' dir='ltr'><strong>quod</strong></span> <span class='ocrx_word' id='word_1_501' title='bbox 3139 2565 3438 2632; x_wconf 75' lang='lat' dir='ltr'><strong>expasituri</strong></span> 
     </span>
    </p>
   </div>
   <div class='ocr_carea' id='block_1_71' title="bbox 1863 2655 3442 2725">
    <p class='ocr_par' dir='ltr' id='par_1_71' title="bbox 1863 2655 3442 2725">
     <span class='ocr_line' id='line_1_71' title="bbox 1863 2655 3442 2725; baseline -0.003 -13"><span class='ocrx_word' id='word_1_502' title='bbox 1863 2662 2045 2712; x_wconf 81' lang='lat' dir='ltr'><strong>statim</strong></span> <span class='ocrx_word' id='word_1_503' title='bbox 2074 2673 2286 2718; x_wconf 89' lang='lat' dir='ltr'><strong>sumus,</strong></span> <span class='ocrx_word' id='word_1_504' title='bbox 2318 2656 2371 2711; x_wconf 95' lang='lat' dir='ltr'><strong>in</strong></span> <span class='ocrx_word' id='word_1_505' title='bbox 2419 2655 2722 2711; x_wconf 82' lang='lat' dir='ltr'><strong>Turcorum</strong></span> <span class='ocrx_word' id='word_1_506' title='bbox 2787 2662 3107 2725; x_wconf 87' lang='lat' dir='ltr'><strong>potestatem</strong></span> <span class='ocrx_word' id='word_1_507' title='bbox 3166 2655 3334 2716; x_wconf 80' lang='lat' dir='ltr'><strong>venit,</strong></span> <span class='ocrx_word' id='word_1_508' title='bbox 3388 2663 3442 2707; x_wconf 92' lang='lat' dir='ltr'><strong>et</strong></span> 
     </span>
    </p>
   </div>
   <div class='ocr_carea' id='block_1_72' title="bbox 1860 2746 3441 2819">
    <p class='ocr_par' dir='ltr' id='par_1_72' title="bbox 1860 2746 3441 2819">
     <span class='ocr_line' id='line_1_72' title="bbox 1860 2746 3441 2819; baseline -0.005 -12"><span class='ocrx_word' id='word_1_509' title='bbox 1860 2750 2384 2819; x_wconf 84' lang='lat' dir='ltr'><strong>ConstantinOpoiim</strong></span> <span class='ocrx_word' id='word_1_510' title='bbox 2413 2761 2565 2804; x_wconf 90' lang='lat' dir='ltr'><strong>trans</strong></span> <span class='ocrx_word' id='word_1_511' title='bbox 2601 2763 2751 2802; x_wconf 82' lang='lat' dir='ltr'><strong>mare</strong></span> <span class='ocrx_word' id='word_1_512' title='bbox 2780 2757 2966 2802; x_wconf 85' lang='lat' dir='ltr'><strong>vectus</strong></span> <span class='ocrx_word' id='word_1_513' title='bbox 2995 2746 3125 2804; x_wconf 86' lang='lat' dir='ltr'><strong>fuit:</strong></span> <span class='ocrx_word' id='word_1_514' title='bbox 3148 2748 3234 2801; x_wconf 85' lang='lat' dir='ltr'><strong>ubi</strong></span> <span class='ocrx_word' id='word_1_515' title='bbox 3253 2762 3441 2816; x_wconf 65' lang='lat' dir='ltr'><strong>super&quot;</strong></span> 
     </span>
    </p>
   </div>
   <div class='ocr_carea' id='block_1_73' title="bbox 1861 2838 3437 2903">
    <p class='ocr_par' dir='ltr' id='par_1_73' title="bbox 1861 2838 3437 2903">
     <span class='ocr_line' id='line_1_73' title="bbox 1861 2838 3437 2903; baseline -0.006 -4"><span class='ocrx_word' id='word_1_516' title='bbox 1861 2856 1968 2899; x_wconf 82' lang='lat' dir='ltr'><strong>stes</strong></span> <span class='ocrx_word' id='word_1_517' title='bbox 1997 2844 2175 2897; x_wconf 89' lang='lat' dir='ltr'><strong>adhuc</strong></span> <span class='ocrx_word' id='word_1_518' title='bbox 2210 2852 2334 2895; x_wconf 85' lang='lat' dir='ltr'><strong>ante</strong></span> <span class='ocrx_word' id='word_1_519' title='bbox 2366 2839 2679 2903; x_wconf 89' lang='lat' dir='ltr'><strong>triennium,</strong></span> <span class='ocrx_word' id='word_1_520' title='bbox 2705 2856 2822 2893; x_wconf 88' lang='lat' dir='ltr'><strong>cttm</strong></span> <span class='ocrx_word' id='word_1_521' title='bbox 2874 2840 2999 2892; x_wconf 89' lang='lat' dir='ltr'><strong>istic</strong></span> <span class='ocrx_word' id='word_1_522' title='bbox 3050 2855 3315 2894; x_wconf 80' lang='lat' dir='ltr'><strong>essemus.</strong></span> <span class='ocrx_word' id='word_1_523' title='bbox 3386 2838 3437 2890; x_wconf 92' lang='lat' dir='ltr'><strong>in</strong></span> 
     </span>
    </p>
   </div>
   <div class='ocr_carea' id='block_1_74' title="bbox 1858 2930 3435 3004">
    <p class='ocr_par' dir='ltr' id='par_1_74' title="bbox 1858 2930 3435 3004">
     <span class='ocr_line' id='line_1_74' title="bbox 1858 2930 3435 3004; baseline -0.003 -15"><span class='ocrx_word' id='word_1_524' title='bbox 1858 2952 2006 2999; x_wconf 83' lang='lat' dir='ltr'><strong>arce,</strong></span> <span class='ocrx_word' id='word_1_525' title='bbox 2046 2951 2167 3004; x_wconf 66' lang='lat' dir='ltr'><strong>qttxe</strong></span> <span class='ocrx_word' id='word_1_526' title='bbox 2197 2936 2261 2987; x_wconf 78' lang='lat' dir='ltr'><strong>de</strong></span> <span class='ocrx_word' id='word_1_527' title='bbox 2285 2942 2488 3001; x_wconf 85' lang='lat' dir='ltr'><strong>septem</strong></span> <span class='ocrx_word' id='word_1_528' title='bbox 2528 2932 2771 2985; x_wconf 88' lang='lat' dir='ltr'><strong>turribus</strong></span> <span class='ocrx_word' id='word_1_529' title='bbox 2800 2946 2829 2984; x_wconf 91' lang='lat' dir='ltr'><strong>a</strong></span> <span class='ocrx_word' id='word_1_530' title='bbox 2853 2930 3057 2985; x_wconf 81' lang='lat' dir='ltr'><strong>Cra-cis</strong></span> <span class='ocrx_word' id='word_1_531' title='bbox 3082 2933 3247 3001; x_wconf 85' lang='lat' dir='ltr'><strong>llcpta</strong></span> <span class='ocrx_word' id='word_1_532' title='bbox 3268 2931 3435 2985; x_wconf 82' lang='lat' dir='ltr'><strong>Gula-</strong></span> 
     </span>
    </p>
   </div>
   <div class='ocr_carea' id='block_1_75' title="bbox 1860 3023 3440 3091">
    <p class='ocr_par' dir='ltr' id='par_1_75' title="bbox 1860 3023 3440 3091">
     <span class='ocr_line' id='line_1_75' title="bbox 1860 3023 3440 3091; baseline -0.003 -10"><span class='ocrx_word' id='word_1_533' title='bbox 1860 3030 1974 3091; x_wconf 87' lang='lat' dir='ltr'><strong>des,</strong></span> <span class='ocrx_word' id='word_1_534' title='bbox 2017 3044 2045 3081; x_wconf 89' lang='lat' dir='ltr'><strong>a</strong></span> <span class='ocrx_word' id='word_1_535' title='bbox 2074 3027 2267 3080; x_wconf 83' lang='lat' dir='ltr'><strong>Turcis</strong></span> <span class='ocrx_word' id='word_1_536' title='bbox 2288 3024 2531 3079; x_wconf 85' lang='lat' dir='ltr'><strong>.Iadicula</strong></span> <span class='ocrx_word' id='word_1_537' title='bbox 2559 3023 2779 3087; x_wconf 91' lang='lat' dir='ltr'><strong>dicitur,</strong></span> <span class='ocrx_word' id='word_1_538' title='bbox 2810 3023 2915 3078; x_wconf 88' lang='lat' dir='ltr'><strong>sub</strong></span> <span class='ocrx_word' id='word_1_539' title='bbox 2946 3025 3195 3078; x_wconf 89' lang='lat' dir='ltr'><strong>custodia</strong></span> <span class='ocrx_word' id='word_1_540' title='bbox 3233 3024 3440 3077; x_wconf 88' lang='lat' dir='ltr'><strong>detine-</strong></span> 
     </span>
    </p>
   </div>
   <div class='ocr_carea' id='block_1_76' title="bbox 1860 3111 3435 3181">
    <p class='ocr_par' dir='ltr' id='par_1_76' title="bbox 1860 3111 3435 3181">
     <span class='ocr_line' id='line_1_76' title="bbox 1860 3111 3435 3181; baseline -0.002 -13"><span class='ocrx_word' id='word_1_541' title='bbox 1860 3115 2043 3169; x_wconf 84' lang='lat' dir='ltr'><strong>batur.</strong></span> <span class='ocrx_word' id='word_1_542' title='bbox 2084 3114 2219 3168; x_wconf 91' lang='lat' dir='ltr'><strong>llinc</strong></span> <span class='ocrx_word' id='word_1_543' title='bbox 2260 3112 2515 3166; x_wconf 85' lang='lat' dir='ltr'><strong>Austritts</strong></span> <span class='ocrx_word' id='word_1_544' title='bbox 2541 3127 2765 3166; x_wconf 87' lang='lat' dir='ltr'><strong>suorum</strong></span> <span class='ocrx_word' id='word_1_545' title='bbox 2818 3111 3110 3166; x_wconf 90' lang='lat' dir='ltr'><strong>concilium</strong></span> <span class='ocrx_word' id='word_1_546' title='bbox 3174 3116 3338 3181; x_wconf 73' lang='lat' dir='ltr'><strong>cogit,</strong></span> <span class='ocrx_word' id='word_1_547' title='bbox 3382 3112 3435 3166; x_wconf 90' lang='lat' dir='ltr'><strong>in</strong></span> 
     </span>
    </p>
   </div>
   <div class='ocr_carea' id='block_1_77' title="bbox 1857 3200 3433 3277">
    <p class='ocr_par' dir='ltr' id='par_1_77' title="bbox 1857 3200 3433 3277">
     <span class='ocr_line' id='line_1_77' title="bbox 1857 3200 3433 3277; baseline -0.001 -18"><span class='ocrx_word' id='word_1_548' title='bbox 1857 3224 1965 3277; x_wconf 88' lang='lat' dir='ltr'><strong>quo</strong></span> <span class='ocrx_word' id='word_1_549' title='bbox 1999 3208 2159 3260; x_wconf 84' lang='lat' dir='ltr'><strong>variis</strong></span> <span class='ocrx_word' id='word_1_550' title='bbox 2192 3206 2352 3259; x_wconf 88' lang='lat' dir='ltr'><strong>dictis</strong></span> <span class='ocrx_word' id='word_1_551' title='bbox 2385 3205 2818 3273; x_wconf 76' lang='lat' dir='ltr'><strong>examinatisque</strong></span> <span class='ocrx_word' id='word_1_552' title='bbox 2851 3200 3162 3270; x_wconf 85' lang='lat' dir='ltr'><strong>sententiis,</strong></span> <span class='ocrx_word' id='word_1_553' title='bbox 3220 3204 3433 3257; x_wconf 87' lang='lat' dir='ltr'><strong>tandem</strong></span> 
     </span>
    </p>
   </div>
   <div class='ocr_carea' id='block_1_78' title="bbox 1853 3294 3435 3351">
    <p class='ocr_par' dir='ltr' id='par_1_78' title="bbox 1853 3294 3435 3351">
     <span class='ocr_line' id='line_1_78' title="bbox 1853 3294 3435 3351; baseline -0.003 0"><span class='ocrx_word' id='word_1_554' title='bbox 1853 3300 2169 3351; x_wconf 87' lang='lat' dir='ltr'><strong>conclusum</strong></span> <span class='ocrx_word' id='word_1_555' title='bbox 2201 3313 2214 3347; x_wconf 91' lang='lat'><strong>:</strong></span> <span class='ocrx_word' id='word_1_556' title='bbox 2245 3295 2441 3348; x_wconf 84' lang='lat' dir='ltr'><strong>debere</strong></span> <span class='ocrx_word' id='word_1_557' title='bbox 2478 3308 2668 3347; x_wconf 89' lang='lat' dir='ltr'><strong>novam</strong></span> <span class='ocrx_word' id='word_1_558' title='bbox 2706 3295 3069 3348; x_wconf 89' lang='lat' dir='ltr'><strong>munitionem</strong></span> <span class='ocrx_word' id='word_1_559' title='bbox 3104 3295 3244 3347; x_wconf 91' lang='lat' dir='ltr'><strong>inter</strong></span> <span class='ocrx_word' id='word_1_560' title='bbox 3277 3294 3435 3348; x_wconf 89' lang='lat' dir='ltr'><strong>Guie-</strong></span> 
     </span>
    </p>
   </div>
   <div class='ocr_carea' id='block_1_79' title="bbox 1854 3386 3436 3455">
    <p class='ocr_par' dir='ltr' id='par_1_79' title="bbox 1854 3386 3436 3455">
     <span class='ocr_line' id='line_1_79' title="bbox 1854 3386 3436 3455; baseline -0.001 -14"><span class='ocrx_word' id='word_1_561' title='bbox 1854 3399 1960 3441; x_wconf 83' lang='lat' dir='ltr'><strong>tam</strong></span> <span class='ocrx_word' id='word_1_562' title='bbox 1994 3397 2045 3440; x_wconf 91' lang='lat' dir='ltr'><strong>et</strong></span> <span class='ocrx_word' id='word_1_563' title='bbox 2070 3386 2342 3451; x_wconf 81' lang='lat' dir='ltr'><strong>&#39;i‘uaisim,</strong></span> <span class='ocrx_word' id='word_1_564' title='bbox 2375 3386 2440 3439; x_wconf 87' lang='lat' dir='ltr'><strong>ad</strong></span> <span class='ocrx_word' id='word_1_565' title='bbox 2470 3386 2815 3455; x_wconf 89' lang='lat' dir='ltr'><strong>interjectum</strong></span> <span class='ocrx_word' id='word_1_566' title='bbox 2850 3386 3068 3454; x_wconf 82' lang='lat' dir='ltr'><strong>utrique</strong></span> <span class='ocrx_word' id='word_1_567' title='bbox 3116 3386 3291 3439; x_wconf 88' lang='lat' dir='ltr'><strong>lacum</strong></span> <span class='ocrx_word' id='word_1_568' title='bbox 3336 3400 3436 3440; x_wconf 79' lang='lat' dir='ltr'><strong>ex-</strong></span> 
     </span>
    </p>
   </div>
   <div class='ocr_carea' id='block_1_80' title="bbox 1852 3480 3433 3550">
    <p class='ocr_par' dir='ltr' id='par_1_80' title="bbox 1852 3480 3433 3550">
     <span class='ocr_line' id='line_1_80' title="bbox 1852 3480 3433 3550; baseline -0.001 -16"><span class='ocrx_word' id='word_1_569' title='bbox 1852 3483 2008 3545; x_wconf 90' lang='lat' dir='ltr'><strong>strui,</strong></span> <span class='ocrx_word' id='word_1_570' title='bbox 2044 3497 2165 3550; x_wconf 69' lang='lat' dir='ltr'><strong>qure</strong></span> <span class='ocrx_word' id='word_1_571' title='bbox 2198 3482 2381 3535; x_wconf 89' lang='lat' dir='ltr'><strong>decem</strong></span> <span class='ocrx_word' id='word_1_572' title='bbox 2404 3480 2726 3534; x_wconf 85' lang='lat' dir='ltr'><strong>milliaribus</strong></span> <span class='ocrx_word' id='word_1_573' title='bbox 2758 3480 2957 3536; x_wconf 87' lang='lat' dir='ltr'><strong>Italicis</strong></span> <span class='ocrx_word' id='word_1_574' title='bbox 2991 3496 3019 3534; x_wconf 89' lang='lat' dir='ltr'><strong>a</strong></span> <span class='ocrx_word' id='word_1_575' title='bbox 3047 3480 3262 3543; x_wconf 89' lang='lat' dir='ltr'><strong>Guieta,</strong></span> <span class='ocrx_word' id='word_1_576' title='bbox 3305 3494 3433 3549; x_wconf 90' lang='lat' dir='ltr'><strong>pau-</strong></span> 
     </span>
    </p>
   </div>
   <div class='ocr_carea' id='block_1_81' title="bbox 1852 3568 3435 3641">
    <p class='ocr_par' dir='ltr' id='par_1_81' title="bbox 1852 3568 3435 3641">
     <span class='ocr_line' id='line_1_81' title="bbox 1852 3568 3435 3641; baseline -0.001 -16"><span class='ocrx_word' id='word_1_577' title='bbox 1852 3573 2013 3641; x_wconf 84' lang='lat' dir='ltr'><strong>loque</strong></span> <span class='ocrx_word' id='word_1_578' title='bbox 2044 3574 2221 3625; x_wconf 85' lang='lat' dir='ltr'><strong>minus</strong></span> <span class='ocrx_word' id='word_1_579' title='bbox 2259 3587 2286 3623; x_wconf 91' lang='lat' dir='ltr'><strong>a</strong></span> <span class='ocrx_word' id='word_1_580' title='bbox 2312 3570 2501 3624; x_wconf 86' lang='lat' dir='ltr'><strong>Tunisi</strong></span> <span class='ocrx_word' id='word_1_581' title='bbox 2527 3570 2771 3623; x_wconf 86' lang='lat' dir='ltr'><strong>distaret.</strong></span> <span class='ocrx_word' id='word_1_582' title='bbox 2807 3568 2936 3639; x_wconf 79' lang='lat' dir='ltr'><strong>Ejus</strong></span> <span class='ocrx_word' id='word_1_583' title='bbox 2969 3570 3045 3623; x_wconf 90' lang='lat' dir='ltr'><strong>rei</strong></span> <span class='ocrx_word' id='word_1_584' title='bbox 3082 3569 3435 3639; x_wconf 75' lang='lat' dir='ltr'><strong>perficiundzn</strong></span> 
     </span>
    </p>
   </div>
   <div class='ocr_carea' id='block_1_82' title="bbox 1852 3658 3430 3718">
    <p class='ocr_par' dir='ltr' id='par_1_82' title="bbox 1852 3658 3430 3718">
     <span class='ocr_line' id='line_1_82' title="bbox 1852 3658 3430 3718; baseline -0.003 0"><span class='ocrx_word' id='word_1_585' title='bbox 1852 3678 2015 3718; x_wconf 86' lang='lat' dir='ltr'><strong>causa</strong></span> <span class='ocrx_word' id='word_1_586' title='bbox 2043 3661 2266 3716; x_wconf 90' lang='lat' dir='ltr'><strong>relictus</strong></span> <span class='ocrx_word' id='word_1_587' title='bbox 2300 3663 2423 3716; x_wconf 88' lang='lat' dir='ltr'><strong>istic</strong></span> <span class='ocrx_word' id='word_1_588' title='bbox 2456 3660 2677 3716; x_wconf 87' lang='lat' dir='ltr'><strong>Gabriel</strong></span> <span class='ocrx_word' id='word_1_589' title='bbox 2736 3660 3111 3715; x_wconf 86' lang='lat' dir='ltr'><strong>Serbellouius</strong></span> <span class='ocrx_word' id='word_1_590' title='bbox 3176 3658 3430 3715; x_wconf 77' lang='lat' dir='ltr'><strong>Mediola-</strong></span> 
     </span>
    </p>
   </div>
   <div class='ocr_carea' id='block_1_83' title="bbox 1853 3751 3433 3822">
    <p class='ocr_par' dir='ltr' id='par_1_83' title="bbox 1853 3751 3433 3822">
     <span class='ocr_line' id='line_1_83' title="bbox 1853 3751 3433 3822; baseline -0.003 -11"><span class='ocrx_word' id='word_1_591' title='bbox 1853 3758 2040 3811; x_wconf 87' lang='lat' dir='ltr'><strong>neusis</strong></span> <span class='ocrx_word' id='word_1_592' title='bbox 2064 3755 2255 3817; x_wconf 77' lang='lat' dir='ltr'><strong>Italus,</strong></span> <span class='ocrx_word' id='word_1_593' title='bbox 2275 3771 2396 3809; x_wconf 89' lang='lat' dir='ltr'><strong>cum</strong></span> <span class='ocrx_word' id='word_1_594' title='bbox 2421 3754 2595 3809; x_wconf 89' lang='lat' dir='ltr'><strong>tribus</strong></span> <span class='ocrx_word' id='word_1_595' title='bbox 2622 3751 2864 3808; x_wconf 90' lang='lat' dir='ltr'><strong>millibus</strong></span> <span class='ocrx_word' id='word_1_596' title='bbox 2891 3753 3147 3806; x_wconf 88' lang='lat' dir='ltr'><strong>Italorum</strong></span> <span class='ocrx_word' id='word_1_597' title='bbox 3168 3751 3433 3822; x_wconf 88' lang='lat' dir='ltr'><strong>peditum,</strong></span> 
     </span>
    </p>
   </div>
   <div class='ocr_carea' id='block_1_84' title="bbox 1852 3844 3433 3916">
    <p class='ocr_par' dir='ltr' id='par_1_84' title="bbox 1852 3844 3433 3916">
     <span class='ocr_line' id='line_1_84' title="bbox 1852 3844 3433 3916; baseline -0.005 -11"><span class='ocrx_word' id='word_1_598' title='bbox 1852 3859 1906 3905; x_wconf 85' lang='lat' dir='ltr'><strong>et</strong></span> <span class='ocrx_word' id='word_1_599' title='bbox 1938 3849 2228 3903; x_wconf 82' lang='lat' dir='ltr'><strong>Salazarus</strong></span> <span class='ocrx_word' id='word_1_600' title='bbox 2265 3847 2553 3916; x_wconf 87' lang='lat' dir='ltr'><strong>liispanus,</strong></span> <span class='ocrx_word' id='word_1_601' title='bbox 2587 3861 2707 3900; x_wconf 91' lang='lat' dir='ltr'><strong>cum</strong></span> <span class='ocrx_word' id='word_1_602' title='bbox 2736 3844 2956 3899; x_wconf 85' lang='lat' dir='ltr'><strong>totidem</strong></span> <span class='ocrx_word' id='word_1_603' title='bbox 2991 3844 3433 3914; x_wconf 67' lang='lat' dir='ltr'><strong>Hispaniszquoo</strong></span> 
     </span>
    </p>
   </div>
   <div class='ocr_carea' id='block_1_85' title="bbox 1852 3936 3433 4007">
    <p class='ocr_par' dir='ltr' id='par_1_85' title="bbox 1852 3936 3433 4007">
     <span class='ocr_line' id='line_1_85' title="bbox 1852 3936 3433 4007; baseline -0.002 -14"><span class='ocrx_word' id='word_1_604' title='bbox 1852 3956 1971 3994; x_wconf 90' lang='lat' dir='ltr'><strong>rum</strong></span> <span class='ocrx_word' id='word_1_605' title='bbox 2003 3948 2225 4007; x_wconf 78' lang='lat' dir='ltr'><strong>-tterque</strong></span> <span class='ocrx_word' id='word_1_606' title='bbox 2250 3936 2664 3991; x_wconf 88' lang='lat' dir='ltr'><strong>muniendarum</strong></span> <span class='ocrx_word' id='word_1_607' title='bbox 2702 3936 2918 3989; x_wconf 90' lang='lat' dir='ltr'><strong>urbium</strong></span> <span class='ocrx_word' id='word_1_608' title='bbox 2973 3936 3252 3990; x_wconf 86' lang='lat' dir='ltr'><strong>etarcium</strong></span> <span class='ocrx_word' id='word_1_609' title='bbox 3287 3937 3433 4005; x_wconf 85' lang='lat' dir='ltr'><strong>peri-</strong></span> 
     </span>
    </p>
   </div>
   <div class='ocr_carea' id='block_1_86' title="bbox 1855 4027 3433 4099">
    <p class='ocr_par' dir='ltr' id='par_1_86' title="bbox 1855 4027 3433 4099">
     <span class='ocr_line' id='line_1_86' title="bbox 1855 4027 3433 4099; baseline -0.001 -14"><span class='ocrx_word' id='word_1_610' title='bbox 1855 4033 2099 4085; x_wconf 90' lang='lat' dir='ltr'><strong>tissimus</strong></span> <span class='ocrx_word' id='word_1_611' title='bbox 2133 4040 2270 4085; x_wconf 90' lang='lat' dir='ltr'><strong>erat.</strong></span> <span class='ocrx_word' id='word_1_612' title='bbox 2305 4028 2532 4084; x_wconf 91' lang='lat' dir='ltr'><strong>Consilii</strong></span> <span class='ocrx_word' id='word_1_613' title='bbox 2563 4029 2728 4083; x_wconf 91' lang='lat' dir='ltr'><strong>totius</strong></span> <span class='ocrx_word' id='word_1_614' title='bbox 2749 4030 2832 4083; x_wconf 90' lang='lat' dir='ltr'><strong>hic</strong></span> <span class='ocrx_word' id='word_1_615' title='bbox 2851 4038 2966 4083; x_wconf 87' lang='lat' dir='ltr'><strong>erat</strong></span> <span class='ocrx_word' id='word_1_616' title='bbox 2986 4027 3108 4084; x_wconf 90' lang='lat' dir='ltr'><strong>finis</strong></span> <span class='ocrx_word' id='word_1_617' title='bbox 3133 4040 3184 4085; x_wconf 89' lang='lat' dir='ltr'><strong>et</strong></span> <span class='ocrx_word' id='word_1_618' title='bbox 3212 4045 3433 4099; x_wconf 82' lang='lat' dir='ltr'><strong>scopus,</strong></span> 
     </span>
    </p>
   </div>
   <div class='ocr_carea' id='block_1_87' title="bbox 1856 4119 3437 4180">
    <p class='ocr_par' dir='ltr' id='par_1_87' title="bbox 1856 4119 3437 4180">
     <span class='ocr_line' id='line_1_87' title="bbox 1856 4119 3437 4180; baseline -0.001 -3"><span class='ocrx_word' id='word_1_619' title='bbox 1856 4134 1915 4177; x_wconf 94' lang='lat' dir='ltr'><strong>ut</strong></span> <span class='ocrx_word' id='word_1_620' title='bbox 1935 4124 2038 4177; x_wconf 88' lang='lat' dir='ltr'><strong>hoc</strong></span> <span class='ocrx_word' id='word_1_621' title='bbox 2074 4123 2234 4176; x_wconf 91' lang='lat' dir='ltr'><strong>modo</strong></span> <span class='ocrx_word' id='word_1_622' title='bbox 2256 4120 2447 4176; x_wconf 89' lang='lat' dir='ltr'><strong>Guleta</strong></span> <span class='ocrx_word' id='word_1_623' title='bbox 2477 4120 2681 4175; x_wconf 89' lang='lat' dir='ltr'><strong>firmior</strong></span> <span class='ocrx_word' id='word_1_624' title='bbox 2698 4119 3022 4180; x_wconf 74' lang='lat' dir='ltr'><strong>ediceretur.</strong></span> <span class='ocrx_word' id='word_1_625' title='bbox 3048 4128 3103 4174; x_wconf 89' lang='lat' dir='ltr'><strong>et</strong></span> <span class='ocrx_word' id='word_1_626' title='bbox 3124 4127 3277 4175; x_wconf 88' lang='lat' dir='ltr'><strong>tanto</strong></span> <span class='ocrx_word' id='word_1_627' title='bbox 3300 4122 3437 4176; x_wconf 67' lang='lat' dir='ltr'><strong>facio</strong></span> 
     </span>
    </p>
   </div>
   <div class='ocr_carea' id='block_1_88' title="bbox 1855 4208 3432 4267">
    <p class='ocr_par' dir='ltr' id='par_1_88' title="bbox 1855 4208 3432 4267">
     <span class='ocr_line' id='line_1_88' title="bbox 1855 4208 3432 4267; baseline -0.001 0"><span class='ocrx_word' id='word_1_628' title='bbox 1855 4208 1961 4267; x_wconf 89' lang='lat' dir='ltr'><strong>lius</strong></span> <span class='ocrx_word' id='word_1_629' title='bbox 1981 4214 2033 4267; x_wconf 93' lang='lat' dir='ltr'><strong>in</strong></span> <span class='ocrx_word' id='word_1_630' title='bbox 2059 4212 2161 4266; x_wconf 88' lang='lat' dir='ltr'><strong>fide</strong></span> <span class='ocrx_word' id='word_1_631' title='bbox 2184 4212 2404 4266; x_wconf 83' lang='lat' dir='ltr'><strong>Barbari</strong></span> <span class='ocrx_word' id='word_1_632' title='bbox 2424 4212 2837 4266; x_wconf 88' lang='lat' dir='ltr'><strong>continerentur</strong></span> <span class='ocrx_word' id='word_1_633' title='bbox 2863 4211 2932 4262; x_wconf 89' lang='lat' dir='ltr'><strong>ob</strong></span> <span class='ocrx_word' id='word_1_634' title='bbox 2954 4210 3203 4265; x_wconf 82' lang='lat' dir='ltr'><strong>viciniam</strong></span> <span class='ocrx_word' id='word_1_635' title='bbox 3226 4213 3432 4266; x_wconf 86' lang='lat' dir='ltr'><strong>utrius-</strong></span> 
     </span>
    </p>
   </div>
   <div class='ocr_carea' id='block_1_89' title="bbox 1856 4300 3439 4373">
    <p class='ocr_par' dir='ltr' id='par_1_89' title="bbox 1856 4300 3439 4373">
     <span class='ocr_line' id='line_1_89' title="bbox 1856 4300 3439 4373; baseline 0.001 -18"><span class='ocrx_word' id='word_1_636' title='bbox 1856 4320 1961 4373; x_wconf 88' lang='lat' dir='ltr'><strong>que</strong></span> <span class='ocrx_word' id='word_1_637' title='bbox 2024 4304 2283 4373; x_wconf 69' lang='lat' dir='ltr'><strong>prmsidii,</strong></span> <span class='ocrx_word' id='word_1_638' title='bbox 2315 4302 2869 4371; x_wconf 87' lang='lat' dir='ltr'><strong>commoditatemque</strong></span> <span class='ocrx_word' id='word_1_639' title='bbox 2898 4300 3083 4366; x_wconf 86' lang='lat' dir='ltr'><strong>lacus;</strong></span> <span class='ocrx_word' id='word_1_640' title='bbox 3139 4301 3299 4373; x_wconf 81' lang='lat'><strong>365</strong></span> <span class='ocrx_word' id='word_1_641' title='bbox 3365 4302 3439 4358; x_wconf 72' lang='lat' dir='ltr'><strong>ad</strong></span> 
     </span>
    </p>
   </div>
   <div class='ocr_carea' id='block_1_90' title="bbox 1856 4392 3436 4466">
    <p class='ocr_par' dir='ltr' id='par_1_90' title="bbox 1856 4392 3436 4466">
     <span class='ocr_line' id='line_1_90' title="bbox 1856 4392 3436 4466; baseline -0.003 -17"><span class='ocrx_word' id='word_1_642' title='bbox 1856 4411 2013 4466; x_wconf 83' lang='lat' dir='ltr'><strong>quem</strong></span> <span class='ocrx_word' id='word_1_643' title='bbox 2044 4396 2170 4464; x_wconf 87' lang='lat' dir='ltr'><strong>quia</strong></span> <span class='ocrx_word' id='word_1_644' title='bbox 2204 4396 2307 4450; x_wconf 90' lang='lat' dir='ltr'><strong>sita</strong></span> <span class='ocrx_word' id='word_1_645' title='bbox 2342 4404 2487 4449; x_wconf 86' lang='lat' dir='ltr'><strong>esset</strong></span> <span class='ocrx_word' id='word_1_646' title='bbox 2514 4404 2742 4463; x_wconf 89' lang='lat' dir='ltr'><strong>utraque</strong></span> <span class='ocrx_word' id='word_1_647' title='bbox 2773 4392 3027 4455; x_wconf 91' lang='lat' dir='ltr'><strong>munitio,</strong></span> <span class='ocrx_word' id='word_1_648' title='bbox 3065 4394 3213 4447; x_wconf 91' lang='lat' dir='ltr'><strong>nullo</strong></span> <span class='ocrx_word' id='word_1_649' title='bbox 3267 4409 3436 4465; x_wconf 80' lang='lat' dir='ltr'><strong>nego-</strong></span> 
     </span>
    </p>
   </div>
   <div class='ocr_carea' id='block_1_91' title="bbox 142 4485 3435 4566">
    <p class='ocr_par' dir='ltr' id='par_1_91' title="bbox 142 4485 3435 4566">
     <span class='ocr_line' id='line_1_91' title="bbox 142 4485 3435 4566; baseline -0.004 -13"><span class='ocrx_word' id='word_1_650' title='bbox 142 4514 269 4566; x_wconf 84' lang='lat' dir='ltr'><strong>0pc</strong></span> <span class='ocrx_word' id='word_1_651' title='bbox 293 4495 543 4549; x_wconf 87' lang='lat' dir='ltr'><strong>Tunisim</strong></span> <span class='ocrx_word' id='word_1_652' title='bbox 576 4496 872 4564; x_wconf 82' lang='lat' dir='ltr'><strong>ingressus,</strong></span> <span class='ocrx_word' id='word_1_653' title='bbox 903 4508 1025 4546; x_wconf 81' lang='lat' dir='ltr'><strong>mox</strong></span> <span class='ocrx_word' id='word_1_654' title='bbox 1060 4493 1112 4544; x_wconf 92' lang='lat' dir='ltr'><strong>in</strong></span> <span class='ocrx_word' id='word_1_655' title='bbox 1158 4506 1338 4545; x_wconf 89' lang='lat' dir='ltr'><strong>arcem</strong></span> <span class='ocrx_word' id='word_1_656' title='bbox 1389 4491 1560 4544; x_wconf 83' lang='lat' dir='ltr'><strong>relata</strong></span> <span class='ocrx_word' id='word_1_657' title='bbox 1622 4489 1758 4544; x_wconf 89' lang='lat' dir='ltr'><strong>facie</strong></span> <span class='ocrx_word' id='word_1_658' title='bbox 1790 4505 1834 4559; x_wconf 82' lang='grc' dir='ltr'>ι)</span> <span class='ocrx_word' id='word_1_659' title='bbox 1861 4489 1937 4541; x_wconf 91' lang='lat' dir='ltr'><strong>tio</strong></span> <span class='ocrx_word' id='word_1_660' title='bbox 1963 4489 2164 4543; x_wconf 76' lang='lat' dir='ltr'><strong>alteris</strong></span> <span class='ocrx_word' id='word_1_661' title='bbox 2216 4488 2372 4541; x_wconf 86' lang='lat' dir='ltr'><strong>alteri</strong></span> <span class='ocrx_word' id='word_1_662' title='bbox 2414 4486 2707 4541; x_wconf 83' lang='lat' dir='ltr'><strong>subvenire</strong></span> <span class='ocrx_word' id='word_1_663' title='bbox 2750 4490 2992 4556; x_wconf 85' lang='lat' dir='ltr'><strong>possent.</strong></span> <span class='ocrx_word' id='word_1_664' title='bbox 3016 4485 3177 4541; x_wconf 86' lang='lat' dir='ltr'><strong>Gesta</strong></span> <span class='ocrx_word' id='word_1_665' title='bbox 3215 4486 3435 4540; x_wconf 76' lang='lat' dir='ltr'><strong>fuerunt</strong></span> 
     </span>
    </p>
   </div>
   <div class='ocr_carea' id='block_1_92' title="bbox 142 4582 1743 4662">
    <p class='ocr_par' dir='ltr' id='par_1_92' title="bbox 142 4582 1743 4662">
     <span class='ocr_line' id='line_1_92' title="bbox 142 4582 1743 4662; baseline -0.007 -17"><span class='ocrx_word' id='word_1_666' title='bbox 142 4594 363 4662; x_wconf 78' lang='lat' dir='ltr'><strong>pergit,</strong></span> <span class='ocrx_word' id='word_1_667' title='bbox 389 4604 621 4659; x_wconf 88' lang='lat' dir='ltr'><strong>eamque</strong></span> <span class='ocrx_word' id='word_1_668' title='bbox 665 4587 902 4655; x_wconf 83' lang='lat' dir='ltr'><strong>deceptis</strong></span> <span class='ocrx_word' id='word_1_669' title='bbox 948 4584 1290 4649; x_wconf 85' lang='lat' dir='ltr'><strong>custodibus,</strong></span> <span class='ocrx_word' id='word_1_670' title='bbox 1344 4585 1436 4651; x_wconf 89' lang='lat' dir='ltr'><strong>qui</strong></span> <span class='ocrx_word' id='word_1_671' title='bbox 1496 4582 1743 4635; x_wconf 77' lang='lat' dir='ltr'><strong>Amidam</strong></span> 
     </span>
    </p>
   </div>
   <div class='ocr_carea' id='block_1_93' title="bbox 138 4674 1751 4749">
    <p class='ocr_par' dir='ltr' id='par_1_93' title="bbox 138 4674 1751 4749">
     <span class='ocr_line' id='line_1_93' title="bbox 138 4674 1751 4749; baseline -0.009 -10"><span class='ocrx_word' id='word_1_672' title='bbox 138 4702 287 4739; x_wconf 74' lang='lat' dir='ltr'><strong>csse</strong></span> <span class='ocrx_word' id='word_1_673' title='bbox 310 4684 629 4746; x_wconf 85' lang='lat' dir='ltr'><strong>credebant,</strong></span> <span class='ocrx_word' id='word_1_674' title='bbox 650 4688 897 4749; x_wconf 85' lang='lat' dir='ltr'><strong>occupat.</strong></span> <span class='ocrx_word' id='word_1_675' title='bbox 927 4679 1328 4732; x_wconf 79' lang='lat' dir='ltr'><strong>Ahdatnclecho</strong></span> <span class='ocrx_word' id='word_1_676' title='bbox 1370 4684 1488 4744; x_wconf 89' lang='lat' dir='ltr'><strong>pest</strong></span> <span class='ocrx_word' id='word_1_677' title='bbox 1538 4674 1751 4728; x_wconf 78' lang='lat' dir='ltr'><strong>tricesi-</strong></span> 
     </span>
    </p>
   </div>
   <div class='ocr_carea' id='block_1_94' title="bbox 140 4766 1749 4844">
    <p class='ocr_par' dir='ltr' id='par_1_94' title="bbox 140 4766 1749 4844">
     <span class='ocr_line' id='line_1_94' title="bbox 140 4766 1749 4844; baseline -0.011 -10"><span class='ocrx_word' id='word_1_678' title='bbox 140 4795 319 4835; x_wconf 82' lang='lat' dir='ltr'><strong>ututn</strong></span> <span class='ocrx_word' id='word_1_679' title='bbox 357 4788 412 4832; x_wconf 90' lang='lat' dir='ltr'><strong>et</strong></span> <span class='ocrx_word' id='word_1_680' title='bbox 427 4784 641 4830; x_wconf 76' lang='lat' dir='ltr'><strong>sextum</strong></span> <span class='ocrx_word' id='word_1_681' title='bbox 667 4773 975 4844; x_wconf 82' lang='lat' dir='ltr'><strong>reguidiem</strong></span> <span class='ocrx_word' id='word_1_682' title='bbox 1002 4770 1165 4824; x_wconf 88' lang='lat' dir='ltr'><strong>rebus</strong></span> <span class='ocrx_word' id='word_1_683' title='bbox 1196 4766 1451 4822; x_wconf 87' lang='lat' dir='ltr'><strong>humanis</strong></span> <span class='ocrx_word' id='word_1_684' title='bbox 1476 4775 1749 4834; x_wconf 78' lang='lat' dir='ltr'><strong>exempto,</strong></span> 
     </span>
    </p>
   </div>
   <div class='ocr_carea' id='block_1_95' title="bbox 132 4857 1749 4928">
    <p class='ocr_par' dir='ltr' id='par_1_95' title="bbox 132 4857 1749 4928">
     <span class='ocr_line' id='line_1_95' title="bbox 132 4857 1749 4928; baseline -0.011 0"><span class='ocrx_word' id='word_1_685' title='bbox 132 4873 414 4928; x_wconf 66' lang='lat' dir='ltr'><strong>sic-cedit</strong></span> <span class='ocrx_word' id='word_1_686' title='bbox 447 4868 589 4920; x_wconf 88' lang='lat' dir='ltr'><strong>ftlius</strong></span> <span class='ocrx_word' id='word_1_687' title='bbox 620 4865 971 4928; x_wconf 80' lang='lat' dir='ltr'><strong>Machtnetes,</strong></span> <span class='ocrx_word' id='word_1_688' title='bbox 1002 4874 1175 4913; x_wconf 90' lang='lat' dir='ltr'><strong>annos</strong></span> <span class='ocrx_word' id='word_1_689' title='bbox 1225 4860 1491 4911; x_wconf 80' lang='lat' dir='ltr'><strong>duntaxat</strong></span> <span class='ocrx_word' id='word_1_690' title='bbox 1541 4857 1749 4910; x_wconf 85' lang='lat' dir='ltr'><strong>duode-</strong></span> 
     </span>
    </p>
   </div>
   <div class='ocr_carea' id='block_1_96' title="bbox 128 4952 1750 5029">
    <p class='ocr_par' dir='ltr' id='par_1_96' title="bbox 128 4952 1750 5029">
     <span class='ocr_line' id='line_1_96' title="bbox 128 4952 1750 5029; baseline -0.012 -9"><span class='ocrx_word' id='word_1_691' title='bbox 128 4971 507 5020; x_wconf 76' lang='lat' dir='ltr'><strong>cimnatus:</strong></span> <span class='ocrx_word' id='word_1_692' title='bbox 550 4961 640 5029; x_wconf 86' lang='lat' dir='ltr'><strong>qui</strong></span> <span class='ocrx_word' id='word_1_693' title='bbox 674 4957 905 5012; x_wconf 88' lang='lat' dir='ltr'><strong>necdum</strong></span> <span class='ocrx_word' id='word_1_694' title='bbox 968 4953 1221 5025; x_wconf 78' lang='lat' dir='ltr'><strong>gerenda:</strong></span> <span class='ocrx_word' id='word_1_695' title='bbox 1287 4952 1599 5020; x_wconf 83' lang='lat' dir='ltr'><strong>reipublica:</strong></span> <span class='ocrx_word' id='word_1_696' title='bbox 1657 4965 1750 5019; x_wconf 89' lang='lat' dir='ltr'><strong>per</strong></span> 
     </span>
    </p>
   </div>
   <div class='ocr_carea' id='block_1_97' title="bbox 124 5041 1752 5116">
    <p class='ocr_par' dir='ltr' id='par_1_97' title="bbox 124 5041 1752 5116">
     <span class='ocr_line' id='line_1_97' title="bbox 124 5041 1752 5116; baseline -0.011 -2"><span class='ocrx_word' id='word_1_697' title='bbox 124 5072 384 5115; x_wconf 54' lang='lat' dir='ltr'><strong>aetatem</strong></span> <span class='ocrx_word' id='word_1_698' title='bbox 448 5055 665 5116; x_wconf 89' lang='lat' dir='ltr'><strong>idoneo,</strong></span> <span class='ocrx_word' id='word_1_699' title='bbox 714 5066 836 5104; x_wconf 81' lang='lat' dir='ltr'><strong>cum</strong></span> <span class='ocrx_word' id='word_1_700' title='bbox 862 5045 1216 5101; x_wconf 88' lang='lat' dir='ltr'><strong>intolerabilis</strong></span> <span class='ocrx_word' id='word_1_701' title='bbox 1261 5054 1573 5099; x_wconf 87' lang='lat' dir='ltr'><strong>euratorum</strong></span> <span class='ocrx_word' id='word_1_702' title='bbox 1631 5041 1752 5109; x_wconf 80' lang='lat' dir='ltr'><strong>ejus</strong></span> 
     </span>
    </p>
   </div>
   <div class='ocr_carea' id='block_1_98' title="bbox 126 5134 1750 5211">
    <p class='ocr_par' dir='ltr' id='par_1_98' title="bbox 126 5134 1750 5211">
     <span class='ocr_line' id='line_1_98' title="bbox 126 5134 1750 5211; baseline -0.013 -6"><span class='ocrx_word' id='word_1_703' title='bbox 126 5144 575 5205; x_wconf 77' lang='lat' dir='ltr'><strong>administratio</strong></span> <span class='ocrx_word' id='word_1_704' title='bbox 600 5143 871 5211; x_wconf 87' lang='lat' dir='ltr'><strong>plerisque</strong></span> <span class='ocrx_word' id='word_1_705' title='bbox 920 5138 1219 5200; x_wconf 85' lang='lat' dir='ltr'><strong>videretur,</strong></span> <span class='ocrx_word' id='word_1_706' title='bbox 1285 5136 1505 5188; x_wconf 88' lang='lat' dir='ltr'><strong>rediens</strong></span> <span class='ocrx_word' id='word_1_707' title='bbox 1554 5134 1750 5186; x_wconf 83' lang='lat' dir='ltr'><strong>Amida</strong></span> 
     </span>
    </p>
   </div>
   <div class='ocr_carea' id='block_1_99' title="bbox 126 5230 1747 5312">
    <p class='ocr_par' dir='ltr' id='par_1_99' title="bbox 126 5230 1747 5312">
     <span class='ocr_line' id='line_1_99' title="bbox 126 5230 1747 5312; baseline -0.011 -13"><span class='ocrx_word' id='word_1_708' title='bbox 126 5256 398 5312; x_wconf 80' lang='lat' dir='ltr'><strong>regnum</strong></span> <span class='ocrx_word' id='word_1_709' title='bbox 429 5236 659 5308; x_wconf 87' lang='lat' dir='ltr'><strong>patrueli</strong></span> <span class='ocrx_word' id='word_1_710' title='bbox 706 5234 928 5303; x_wconf 85' lang='lat' dir='ltr'><strong>eripuit.</strong></span> <span class='ocrx_word' id='word_1_711' title='bbox 968 5230 1215 5284; x_wconf 73' lang='lat' dir='ltr'><strong>Amidam</strong></span> <span class='ocrx_word' id='word_1_712' title='bbox 1238 5243 1428 5281; x_wconf 90' lang='lat' dir='ltr'><strong>rursus</strong></span> <span class='ocrx_word' id='word_1_713' title='bbox 1452 5242 1747 5281; x_wconf 79' lang='lat' dir='ltr'><strong>excussere</strong></span> 
     </span>
    </p>
   </div>
   <div class='ocr_carea' id='block_1_100' title="bbox 122 5317 1752 5395">
    <p class='ocr_par' dir='ltr' id='par_1_100' title="bbox 122 5317 1752 5395">
     <span class='ocr_line' id='line_1_100' title="bbox 122 5317 1752 5395; baseline -0.012 -5"><span class='ocrx_word' id='word_1_714' title='bbox 122 5334 355 5395; x_wconf 80' lang='lat' dir='ltr'><strong>Turci,</strong></span> <span class='ocrx_word' id='word_1_715' title='bbox 386 5333 522 5385; x_wconf 89' lang='lat' dir='ltr'><strong>duce</strong></span> <span class='ocrx_word' id='word_1_716' title='bbox 557 5325 787 5391; x_wconf 81' lang='lat' dir='ltr'><strong>Uluzali,</strong></span> <span class='ocrx_word' id='word_1_717' title='bbox 820 5338 964 5377; x_wconf 92' lang='lat' dir='ltr'><strong>anno</strong></span> <span class='ocrx_word' id='word_1_718' title='bbox 997 5322 1101 5376; x_wconf 75' lang='lat'><strong>980</strong></span> <span class='ocrx_word' id='word_1_719' title='bbox 1130 5319 1280 5389; x_wconf 89' lang='lat' dir='ltr'><strong>(Chr.</strong></span> <span class='ocrx_word' id='word_1_720' title='bbox 1320 5319 1501 5386; x_wconf 79' lang='grc'><strong>1575),</strong></span> <span class='ocrx_word' id='word_1_721' title='bbox 1544 5317 1752 5385; x_wconf 87' lang='lat' dir='ltr'><strong>fuitque</strong></span> 
     </span>
    </p>
   </div>
   <div class='ocr_carea' id='block_1_101' title="bbox 122 5412 1749 5486">
    <p class='ocr_par' dir='ltr' id='par_1_101' title="bbox 122 5412 1749 5486">
     <span class='ocr_line' id='line_1_101' title="bbox 122 5412 1749 5486; baseline -0.014 0"><span class='ocrx_word' id='word_1_722' title='bbox 122 5430 374 5486; x_wconf 84' lang='lat' dir='ltr'><strong>sultant</strong></span> <span class='ocrx_word' id='word_1_723' title='bbox 401 5421 617 5477; x_wconf 81' lang='lat' dir='ltr'><strong>Selimis</strong></span> <span class='ocrx_word' id='word_1_724' title='bbox 663 5417 986 5473; x_wconf 85' lang='lat' dir='ltr'><strong>auctoritate</strong></span> <span class='ocrx_word' id='word_1_725' title='bbox 1012 5414 1274 5469; x_wconf 74' lang='lat' dir='ltr'><strong>suffectus</strong></span> <span class='ocrx_word' id='word_1_726' title='bbox 1304 5412 1357 5465; x_wconf 93' lang='lat' dir='ltr'><strong>in</strong></span> <span class='ocrx_word' id='word_1_727' title='bbox 1379 5412 1549 5481; x_wconf 86' lang='lat' dir='ltr'><strong>ipsius</strong></span> <span class='ocrx_word' id='word_1_728' title='bbox 1572 5412 1749 5463; x_wconf 88' lang='lat' dir='ltr'><strong>locum</strong></span> 
     </span>
    </p>
   </div>
   <div class='ocr_carea' id='block_1_102' title="bbox 109 5502 1751 5583">
    <p class='ocr_par' dir='ltr' id='par_1_102' title="bbox 109 5502 1751 5583">
     <span class='ocr_line' id='line_1_102' title="bbox 109 5502 1751 5583; baseline -0.014 -7"><span class='ocrx_word' id='word_1_729' title='bbox 109 5540 252 5583; x_wconf 61' lang='lat' dir='ltr'><strong>{ex</strong></span> <span class='ocrx_word' id='word_1_730' title='bbox 287 5520 455 5571; x_wconf 84' lang='lat' dir='ltr'><strong>alius.</strong></span> <span class='ocrx_word' id='word_1_731' title='bbox 488 5516 680 5568; x_wconf 82' lang='lat' dir='ltr'><strong>Amida</strong></span> <span class='ocrx_word' id='word_1_732' title='bbox 701 5510 948 5564; x_wconf 82' lang='lat' dir='ltr'><strong>Guletam</strong></span> <span class='ocrx_word' id='word_1_733' title='bbox 982 5505 1320 5578; x_wconf 74' lang='lat' dir='ltr'><strong>profugiens,</strong></span> <span class='ocrx_word' id='word_1_734' title='bbox 1344 5520 1461 5572; x_wconf 61' lang='lat' dir='ltr'><strong>quae</strong></span> <span class='ocrx_word' id='word_1_735' title='bbox 1487 5502 1751 5571; x_wconf 84' lang='lat' dir='ltr'><strong>Ilispauo-</strong></span> 
     </span>
    </p>
   </div>
   <div class='ocr_carea' id='block_1_103' title="bbox 108 5594 1751 5680">
    <p class='ocr_par' dir='ltr' id='par_1_103' title="bbox 108 5594 1751 5680">
     <span class='ocr_line' id='line_1_103' title="bbox 108 5594 1751 5680; baseline -0.015 -10"><span class='ocrx_word' id='word_1_736' title='bbox 108 5640 131 5675; x_wconf 78' lang='grc' dir='ltr'><strong>ι</strong></span> <span class='ocrx_word' id='word_1_737' title='bbox 164 5634 278 5669; x_wconf 87' lang='lat' dir='ltr'><strong>um</strong></span> <span class='ocrx_word' id='word_1_738' title='bbox 306 5609 561 5680; x_wconf 46' lang='lat' dir='ltr'><strong>praesidio</strong></span> <span class='ocrx_word' id='word_1_739' title='bbox 599 5604 904 5665; x_wconf 84' lang='lat' dir='ltr'><strong>tenebatur,</strong></span> <span class='ocrx_word' id='word_1_740' title='bbox 940 5600 1201 5669; x_wconf 82' lang='lat' dir='ltr'><strong>privatam</strong></span> <span class='ocrx_word' id='word_1_741' title='bbox 1234 5613 1353 5650; x_wconf 88' lang='lat' dir='ltr'><strong>eum</strong></span> <span class='ocrx_word' id='word_1_742' title='bbox 1382 5596 1595 5649; x_wconf 86' lang='lat' dir='ltr'><strong>duobus</strong></span> <span class='ocrx_word' id='word_1_743' title='bbox 1624 5594 1751 5645; x_wconf 87' lang='lat' dir='ltr'><strong>filiis</strong></span> 
     </span>
    </p>
   </div>
   <div class='ocr_carea' id='block_1_104' title="bbox 104 5683 1751 5765">
    <p class='ocr_par' dir='ltr' id='par_1_104' title="bbox 104 5683 1751 5765">
     <span class='ocr_line' id='line_1_104' title="bbox 104 5683 1751 5765; baseline -0.014 -7"><span class='ocrx_word' id='word_1_744' title='bbox 104 5714 326 5764; x_wconf 57' lang='lat' dir='ltr'><strong>vitam</strong></span> <span class='ocrx_word' id='word_1_745' title='bbox 364 5702 495 5765; x_wconf 68' lang='lat' dir='ltr'><strong>egit.</strong></span> <span class='ocrx_word' id='word_1_746' title='bbox 528 5696 777 5763; x_wconf 87' lang='lat' dir='ltr'><strong>Cumque</strong></span> <span class='ocrx_word' id='word_1_747' title='bbox 818 5704 1014 5759; x_wconf 81' lang='lat' dir='ltr'><strong>magno</strong></span> <span class='ocrx_word' id='word_1_748' title='bbox 1056 5683 1751 5757; x_wconf 70' lang='lat' dir='ltr'><strong>recuperandirt-gnidesi-</strong></span> 
     </span>
    </p>
   </div>
   <div class='ocr_carea' id='block_1_105' title="bbox 100 5778 1747 5857">
    <p class='ocr_par' dir='ltr' id='par_1_105' title="bbox 100 5778 1747 5857">
     <span class='ocr_line' id='line_1_105' title="bbox 100 5778 1747 5857; baseline -0.015 -3"><span class='ocrx_word' id='word_1_749' title='bbox 100 5809 150 5857; x_wconf 70' lang='grc' dir='ltr'><strong>ιι</strong></span> <span class='ocrx_word' id='word_1_750' title='bbox 182 5798 314 5851; x_wconf 65' lang='lat' dir='ltr'><strong>.rtio</strong></span> <span class='ocrx_word' id='word_1_751' title='bbox 345 5791 624 5847; x_wconf 63' lang='lat' dir='ltr'><strong>ﬂagraret.</strong></span> <span class='ocrx_word' id='word_1_752' title='bbox 656 5802 782 5839; x_wconf 67' lang='lat' dir='ltr'><strong>~uus</strong></span> <span class='ocrx_word' id='word_1_753' title='bbox 821 5783 886 5836; x_wconf 86' lang='lat' dir='ltr'><strong>ad</strong></span> <span class='ocrx_word' id='word_1_754' title='bbox 918 5781 1177 5836; x_wconf 73' lang='lat' dir='ltr'><strong>Joannem</strong></span> <span class='ocrx_word' id='word_1_755' title='bbox 1217 5779 1519 5833; x_wconf 76' lang='lat' dir='ltr'><strong>Austrium.</strong></span> <span class='ocrx_word' id='word_1_756' title='bbox 1570 5778 1747 5830; x_wconf 81' lang='lat' dir='ltr'><strong>navali</strong></span> 
     </span>
    </p>
   </div>
   <div class='ocr_carea' id='block_1_106' title="bbox 1856 4577 2691 4648">
    <p class='ocr_par' dir='ltr' id='par_1_106' title="bbox 1856 4577 2691 4648">
     <span class='ocr_line' id='line_1_106' title="bbox 1856 4577 2691 4648; baseline -0.006 -13"><span class='ocrx_word' id='word_1_757' title='bbox 1856 4582 1969 4635; x_wconf 68' lang='lat' dir='ltr'><strong>haec</strong></span> <span class='ocrx_word' id='word_1_758' title='bbox 1993 4594 2138 4634; x_wconf 89' lang='lat' dir='ltr'><strong>anno</strong></span> <span class='ocrx_word' id='word_1_759' title='bbox 2168 4579 2275 4635; x_wconf 87' lang='lat'><strong>980</strong></span> <span class='ocrx_word' id='word_1_760' title='bbox 2310 4579 2464 4647; x_wconf 75' lang='lat' dir='ltr'><strong>(Chr.</strong></span> <span class='ocrx_word' id='word_1_761' title='bbox 2509 4577 2691 4648; x_wconf 76' lang='grc'><strong>1575).</strong></span> 
     </span>
    </p>
   </div>
   <div class='ocr_carea' id='block_1_107' title="bbox 1922 4665 3437 4744">
    <p class='ocr_par' dir='ltr' id='par_1_107' title="bbox 1922 4665 3437 4744">
     <span class='ocr_line' id='line_1_107' title="bbox 1922 4665 3437 4744; baseline -0.005 -16"><span class='ocrx_word' id='word_1_762' title='bbox 1922 4672 2232 4744; x_wconf 70' lang='lat' dir='ltr'><strong>.Egerritne</strong></span> <span class='ocrx_word' id='word_1_763' title='bbox 2266 4672 2472 4727; x_wconf 84' lang='lat' dir='ltr'><strong>ferebat</strong></span> <span class='ocrx_word' id='word_1_764' title='bbox 2496 4672 2746 4725; x_wconf 88' lang='lat' dir='ltr'><strong>suitanus</strong></span> <span class='ocrx_word' id='word_1_765' title='bbox 2780 4665 3019 4724; x_wconf 90' lang='lat' dir='ltr'><strong>Selitnes</strong></span> <span class='ocrx_word' id='word_1_766' title='bbox 3042 4669 3142 4724; x_wconf 89' lang='lat' dir='ltr'><strong>bos</strong></span> <span class='ocrx_word' id='word_1_767' title='bbox 3172 4667 3437 4723; x_wconf 66' lang='lat' dir='ltr'><strong>Christia—</strong></span> 
     </span>
    </p>
   </div>
   <div class='ocr_carea' id='block_1_108' title="bbox 1855 4760 3435 4834">
    <p class='ocr_par' dir='ltr' id='par_1_108' title="bbox 1855 4760 3435 4834">
     <span class='ocr_line' id='line_1_108' title="bbox 1855 4760 3435 4834; baseline -0.002 -17"><span class='ocrx_word' id='word_1_768' title='bbox 1855 4780 2046 4818; x_wconf 87' lang='lat' dir='ltr'><strong>norum</strong></span> <span class='ocrx_word' id='word_1_769' title='bbox 2114 4766 2167 4818; x_wconf 90' lang='lat' dir='ltr'><strong>in</strong></span> <span class='ocrx_word' id='word_1_770' title='bbox 2237 4764 2420 4819; x_wconf 87' lang='lat' dir='ltr'><strong>Africa</strong></span> <span class='ocrx_word' id='word_1_771' title='bbox 2481 4779 2827 4834; x_wconf 75' lang='lat' dir='ltr'><strong>progressus.</strong></span> <span class='ocrx_word' id='word_1_772' title='bbox 2906 4760 3094 4831; x_wconf 89' lang='lat' dir='ltr'><strong>Itaque</strong></span> <span class='ocrx_word' id='word_1_773' title='bbox 3170 4762 3435 4815; x_wconf 82' lang='lat' dir='ltr'><strong>Sinanem</strong></span> 
     </span>
    </p>
   </div>
   <div class='ocr_carea' id='block_1_109' title="bbox 1854 4840 3436 4925">
    <p class='ocr_par' dir='ltr' id='par_1_109' title="bbox 1854 4840 3436 4925">
     <span class='ocr_line' id='line_1_109' title="bbox 1854 4840 3436 4925; baseline -0.001 -15"><span class='ocrx_word' id='word_1_774' title='bbox 1854 4856 2094 4921; x_wconf 81' lang='lat' dir='ltr'><strong>bassatn,</strong></span> <span class='ocrx_word' id='word_1_775' title='bbox 2126 4858 2304 4910; x_wconf 89' lang='lat' dir='ltr'><strong>virum</strong></span> <span class='ocrx_word' id='word_1_776' title='bbox 2349 4866 2618 4921; x_wconf 87' lang='lat' dir='ltr'><strong>astutum,</strong></span> <span class='ocrx_word' id='word_1_777' title='bbox 2667 4840 2853 4925; x_wconf 88' lang='lat' dir='ltr'><strong>reique</strong></span> <span class='ocrx_word' id='word_1_778' title='bbox 2909 4855 3167 4909; x_wconf 79' lang='lat' dir='ltr'><strong>militaris</strong></span> <span class='ocrx_word' id='word_1_779' title='bbox 3213 4855 3436 4924; x_wconf 79' lang='lat' dir='ltr'><strong>peritis-</strong></span> 
     </span>
    </p>
   </div>
   <div class='ocr_carea' id='block_1_110' title="bbox 1857 4949 3431 5018">
    <p class='ocr_par' dir='ltr' id='par_1_110' title="bbox 1857 4949 3431 5018">
     <span class='ocr_line' id='line_1_110' title="bbox 1857 4949 3431 5018; baseline -0.004 -14"><span class='ocrx_word' id='word_1_780' title='bbox 1857 4950 2078 5014; x_wconf 90' lang='lat' dir='ltr'><strong>simum,</strong></span> <span class='ocrx_word' id='word_1_781' title='bbox 2118 4950 2280 5004; x_wconf 89' lang='lat' dir='ltr'><strong>classi</strong></span> <span class='ocrx_word' id='word_1_782' title='bbox 2310 4965 2569 5015; x_wconf 88' lang='lat' dir='ltr'><strong>supremo</strong></span> <span class='ocrx_word' id='word_1_783' title='bbox 2598 4965 2719 5003; x_wconf 93' lang='lat' dir='ltr'><strong>cum</strong></span> <span class='ocrx_word' id='word_1_784' title='bbox 2748 4949 2983 5018; x_wconf 88' lang='lat' dir='ltr'><strong>imperio</strong></span> <span class='ocrx_word' id='word_1_785' title='bbox 3015 4949 3240 5017; x_wconf 69' lang='lat' dir='ltr'><strong>praeficit</strong></span> <span class='ocrx_word' id='word_1_786' title='bbox 3272 4966 3284 5000; x_wconf 88' lang='lat'><strong>:</strong></span> <span class='ocrx_word' id='word_1_787' title='bbox 3320 4964 3431 5015; x_wconf 83' lang='lat' dir='ltr'><strong>qua</strong></span> 
     </span>
    </p>
   </div>
   <div class='ocr_carea' id='block_1_111' title="bbox 1856 5037 3429 5110">
    <p class='ocr_par' dir='ltr' id='par_1_111' title="bbox 1856 5037 3429 5110">
     <span class='ocr_line' id='line_1_111' title="bbox 1856 5037 3429 5110; baseline -0.002 -17"><span class='ocrx_word' id='word_1_788' title='bbox 1856 5037 1958 5094; x_wconf 83' lang='grc'><strong>160</strong></span> <span class='ocrx_word' id='word_1_789' title='bbox 1993 5041 2263 5103; x_wconf 87' lang='lat' dir='ltr'><strong>triremes,</strong></span> <span class='ocrx_word' id='word_1_790' title='bbox 2305 5052 2359 5095; x_wconf 87' lang='lat' dir='ltr'><strong>et</strong></span> <span class='ocrx_word' id='word_1_791' title='bbox 2392 5042 2461 5095; x_wconf 76' lang='lat'><strong>5&#39;5</strong></span> <span class='ocrx_word' id='word_1_792' title='bbox 2508 5042 2711 5095; x_wconf 88' lang='lat' dir='ltr'><strong>diversi</strong></span> <span class='ocrx_word' id='word_1_793' title='bbox 2769 5040 2985 5110; x_wconf 79' lang='lat' dir='ltr'><strong>generis</strong></span> <span class='ocrx_word' id='word_1_794' title='bbox 3041 5040 3257 5107; x_wconf 69' lang='lat' dir='ltr'><strong>navigia</strong></span> <span class='ocrx_word' id='word_1_795' title='bbox 3300 5055 3429 5092; x_wconf 82' lang='lat' dir='ltr'><strong>cou-</strong></span> 
     </span>
    </p>
   </div>
   <div class='ocr_carea' id='block_1_112' title="bbox 1858 5126 3431 5194">
    <p class='ocr_par' dir='ltr' id='par_1_112' title="bbox 1858 5126 3431 5194">
     <span class='ocr_line' id='line_1_112' title="bbox 1858 5126 3431 5194; baseline -0.002 -11"><span class='ocrx_word' id='word_1_796' title='bbox 1858 5132 2194 5184; x_wconf 87' lang='lat' dir='ltr'><strong>tinebantur.</strong></span> <span class='ocrx_word' id='word_1_797' title='bbox 2229 5129 2276 5184; x_wconf 90' lang='lat' dir='ltr'><strong>is</strong></span> <span class='ocrx_word' id='word_1_798' title='bbox 2318 5131 2369 5184; x_wconf 92' lang='lat' dir='ltr'><strong>in</strong></span> <span class='ocrx_word' id='word_1_799' title='bbox 2414 5131 2653 5185; x_wconf 80' lang='lat' dir='ltr'><strong>Africam</strong></span> <span class='ocrx_word' id='word_1_800' title='bbox 2698 5146 2883 5184; x_wconf 88' lang='lat' dir='ltr'><strong>mense</strong></span> <span class='ocrx_word' id='word_1_801' title='bbox 2918 5128 3086 5194; x_wconf 77' lang='lat' dir='ltr'><strong>Iulio,</strong></span> <span class='ocrx_word' id='word_1_802' title='bbox 3140 5144 3284 5182; x_wconf 87' lang='lat' dir='ltr'><strong>anno</strong></span> <span class='ocrx_word' id='word_1_803' title='bbox 3318 5126 3431 5180; x_wconf 78' lang='lat' dir='ltr'><strong>Ma-</strong></span> 
     </span>
    </p>
   </div>
   <div class='ocr_carea' id='block_1_113' title="bbox 1860 5222 2978 5294">
    <p class='ocr_par' dir='ltr' id='par_1_113' title="bbox 1860 5222 2978 5294">
     <span class='ocr_line' id='line_1_113' title="bbox 1860 5222 2978 5294; baseline 0 -19"><span class='ocrx_word' id='word_1_804' title='bbox 1860 5224 2157 5277; x_wconf 84' lang='lat' dir='ltr'><strong>humetano</strong></span> <span class='ocrx_word' id='word_1_805' title='bbox 2193 5224 2289 5279; x_wconf 83' lang='lat' dir='ltr'><strong>98f</strong></span> <span class='ocrx_word' id='word_1_806' title='bbox 2328 5225 2481 5294; x_wconf 81' lang='lat' dir='ltr'><strong>(Chr.</strong></span> <span class='ocrx_word' id='word_1_807' title='bbox 2514 5223 2697 5288; x_wconf 62' lang='lat'><strong>1574),</strong></span> <span class='ocrx_word' id='word_1_808' title='bbox 2743 5222 2978 5292; x_wconf 88' lang='lat' dir='ltr'><strong>appulit.</strong></span> 
     </span>
    </p>
   </div>
   <div class='ocr_carea' id='block_1_114' title="bbox 1924 5311 3433 5385">
    <p class='ocr_par' dir='ltr' id='par_1_114' title="bbox 1924 5311 3433 5385">
     <span class='ocr_line' id='line_1_114' title="bbox 1924 5311 3433 5385; baseline -0.003 -18"><span class='ocrx_word' id='word_1_809' title='bbox 1924 5313 2249 5385; x_wconf 87' lang='lat' dir='ltr'><strong>Quanquam</strong></span> <span class='ocrx_word' id='word_1_810' title='bbox 2322 5332 2449 5369; x_wconf 89' lang='lat' dir='ltr'><strong>vero</strong></span> <span class='ocrx_word' id='word_1_811' title='bbox 2509 5331 2661 5369; x_wconf 70' lang='lat' dir='ltr'><strong>nova:</strong></span> <span class='ocrx_word' id='word_1_812' title='bbox 2732 5313 3022 5368; x_wconf 88' lang='lat' dir='ltr'><strong>munitioni</strong></span> <span class='ocrx_word' id='word_1_813' title='bbox 3082 5311 3433 5367; x_wconf 68' lang='lat' dir='ltr'><strong>absolvendas:</strong></span> 
     </span>
    </p>
   </div>
   <div class='ocr_carea' id='block_1_115' title="bbox 1856 5402 3429 5478">
    <p class='ocr_par' dir='ltr' id='par_1_115' title="bbox 1856 5402 3429 5478">
     <span class='ocr_line' id='line_1_115' title="bbox 1856 5402 3429 5478; baseline -0.004 -17"><span class='ocrx_word' id='word_1_814' title='bbox 1856 5409 2144 5478; x_wconf 57' lang='lat' dir='ltr'><strong>praefectus</strong></span> <span class='ocrx_word' id='word_1_815' title='bbox 2200 5409 2571 5464; x_wconf 84' lang='lat' dir='ltr'><strong>Setbeilunius</strong></span> <span class='ocrx_word' id='word_1_816' title='bbox 2629 5424 2820 5477; x_wconf 78' lang='lat' dir='ltr'><strong>magna</strong></span> <span class='ocrx_word' id='word_1_817' title='bbox 2863 5407 3027 5460; x_wconf 89' lang='lat' dir='ltr'><strong>rebus</strong></span> <span class='ocrx_word' id='word_1_818' title='bbox 3061 5406 3114 5458; x_wconf 90' lang='lat' dir='ltr'><strong>iu</strong></span> <span class='ocrx_word' id='word_1_819' title='bbox 3172 5402 3429 5457; x_wconf 83' lang='lat' dir='ltr'><strong>omnilus</strong></span> 
     </span>
    </p>
   </div>
   <div class='ocr_carea' id='block_1_116' title="bbox 1855 5492 3427 5567">
    <p class='ocr_par' dir='ltr' id='par_1_116' title="bbox 1855 5492 3427 5567">
     <span class='ocr_line' id='line_1_116' title="bbox 1855 5492 3427 5567; baseline -0.006 -16"><span class='ocrx_word' id='word_1_820' title='bbox 1855 5498 2135 5567; x_wconf 81' lang='lat' dir='ltr'><strong>diligentia</strong></span> <span class='ocrx_word' id='word_1_821' title='bbox 2170 5497 2361 5553; x_wconf 85' lang='lat' dir='ltr'><strong>fuisset</strong></span> <span class='ocrx_word' id='word_1_822' title='bbox 2392 5512 2543 5561; x_wconf 89' lang='lat' dir='ltr'><strong>usus,</strong></span> <span class='ocrx_word' id='word_1_823' title='bbox 2578 5507 2759 5551; x_wconf 89' lang='lat' dir='ltr'><strong>tamen</strong></span> <span class='ocrx_word' id='word_1_824' title='bbox 2796 5510 2853 5549; x_wconf 84' lang='lat' dir='ltr'><strong>ea</strong></span> <span class='ocrx_word' id='word_1_825' title='bbox 2890 5492 3123 5548; x_wconf 72' lang='lat' dir='ltr'><strong>necdum</strong></span> <span class='ocrx_word' id='word_1_826' title='bbox 3148 5501 3261 5547; x_wconf 76' lang='lat' dir='ltr'><strong>erat</strong></span> <span class='ocrx_word' id='word_1_827' title='bbox 3302 5507 3427 5559; x_wconf 86' lang='lat' dir='ltr'><strong>per-</strong></span> 
     </span>
    </p>
   </div>
   <div class='ocr_carea' id='block_1_117' title="bbox 1858 5585 3428 5657">
    <p class='ocr_par' dir='ltr' id='par_1_117' title="bbox 1858 5585 3428 5657">
     <span class='ocr_line' id='line_1_117' title="bbox 1858 5585 3428 5657; baseline -0.006 -15"><span class='ocrx_word' id='word_1_828' title='bbox 1858 5590 2017 5654; x_wconf 80' lang='lat' dir='ltr'><strong>lecta,</strong></span> <span class='ocrx_word' id='word_1_829' title='bbox 2057 5594 2196 5657; x_wconf 88' lang='lat' dir='ltr'><strong>quod</strong></span> <span class='ocrx_word' id='word_1_830' title='bbox 2248 5592 2422 5644; x_wconf 87' lang='lat' dir='ltr'><strong>serius</strong></span> <span class='ocrx_word' id='word_1_831' title='bbox 2460 5589 2765 5652; x_wconf 86' lang='lat' dir='ltr'><strong>architecti,</strong></span> <span class='ocrx_word' id='word_1_832' title='bbox 2817 5603 2942 5642; x_wconf 90' lang='lat' dir='ltr'><strong>cum</strong></span> <span class='ocrx_word' id='word_1_833' title='bbox 2973 5585 3142 5641; x_wconf 87' lang='lat' dir='ltr'><strong>fabris</strong></span> <span class='ocrx_word' id='word_1_834' title='bbox 3193 5597 3428 5636; x_wconf 68' lang='lat' dir='ltr'><strong>cremen-</strong></span> 
     </span>
    </p>
   </div>
   <div class='ocr_carea' id='block_1_118' title="bbox 1859 5676 3428 5746">
    <p class='ocr_par' dir='ltr' id='par_1_118' title="bbox 1859 5676 3428 5746">
     <span class='ocr_line' id='line_1_118' title="bbox 1859 5676 3428 5746; baseline -0.004 -11"><span class='ocrx_word' id='word_1_835' title='bbox 1859 5683 2035 5745; x_wconf 85' lang='lat' dir='ltr'><strong>tariis,</strong></span> <span class='ocrx_word' id='word_1_836' title='bbox 2066 5692 2117 5734; x_wconf 89' lang='lat' dir='ltr'><strong>et</strong></span> <span class='ocrx_word' id='word_1_837' title='bbox 2152 5684 2299 5736; x_wconf 91' lang='lat' dir='ltr'><strong>omni</strong></span> <span class='ocrx_word' id='word_1_838' title='bbox 2334 5684 2560 5737; x_wconf 83' lang='lat' dir='ltr'><strong>materia</strong></span> <span class='ocrx_word' id='word_1_839' title='bbox 2616 5682 2794 5746; x_wconf 88' lang='lat' dir='ltr'><strong>missi,</strong></span> <span class='ocrx_word' id='word_1_840' title='bbox 2833 5682 3044 5733; x_wconf 90' lang='lat' dir='ltr'><strong>tandem</strong></span> <span class='ocrx_word' id='word_1_841' title='bbox 3082 5680 3133 5731; x_wconf 92' lang='lat' dir='ltr'><strong>in</strong></span> <span class='ocrx_word' id='word_1_842' title='bbox 3183 5676 3428 5729; x_wconf 78' lang='lat' dir='ltr'><strong>Africam</strong></span> 
     </span>
    </p>
   </div>
   <div class='ocr_carea' id='block_1_119' title="bbox 1859 5772 3429 5843">
    <p class='ocr_par' dir='ltr' id='par_1_119' title="bbox 1859 5772 3429 5843">
     <span class='ocr_line' id='line_1_119' title="bbox 1859 5772 3429 5843; baseline -0.005 -17"><span class='ocrx_word' id='word_1_843' title='bbox 1859 5775 1960 5827; x_wconf 86' lang='lat' dir='ltr'><strong>sub</strong></span> <span class='ocrx_word' id='word_1_844' title='bbox 2007 5774 2165 5828; x_wconf 83' lang='lat' dir='ltr'><strong>linem</strong></span> <span class='ocrx_word' id='word_1_845' title='bbox 2233 5776 2436 5829; x_wconf 87' lang='lat' dir='ltr'><strong>mensis</strong></span> <span class='ocrx_word' id='word_1_846' title='bbox 2495 5773 2669 5827; x_wconf 73' lang='lat' dir='ltr'><strong>Martii</strong></span> <span class='ocrx_word' id='word_1_847' title='bbox 2733 5772 3107 5843; x_wconf 69' lang='lat' dir='ltr'><strong>pervenisset-1</strong></span> <span class='ocrx_word' id='word_1_848' title='bbox 3200 5784 3429 5823; x_wconf 58' lang='lat' dir='ltr'><strong>Iterum</strong></span> 
     </span>
    </p>
   </div>
  </div>
