4866 6594
1426 523 1531 587 $75

2647 511 2974 570 JUANNIS
3024 510 3489 569 LEUNt’ZLAVlI

4583 520 4673 584 676

1431 636 1693 688 adventus
1735 625 1959 684 ()ctobti
1989 639 2174 679 mense
2204 621 2562 694 prmcedcntis
2596 622 2726 674 anni
2774 620 3010 690 promis-
3039 631 3080 685 Α
3113 635 3207 674 sus
3226 620 3383 688 ejeeti
3419 630 3548 674 sunt
3599 619 3827 692 Hispani
3859 639 3920 679 ex
3957 625 4321 689 Ah-ica,intia
4361 630 4672 685 tricesimum

1428 743 1519 781 sus
1545 726 1744 786 fuerat,
1791 737 1914 776 cum
1961 720 2028 774 ιο
2092 717 2432 780 triremibus,
2494 730 2728 785 qualum
2786 714 3007 768 navales

1429 818 1562 872 socii
1601 829 1786 871 muros
1817 811 2094 866 Tunisinu‘.
2131 810 2282 863 urbis
2330 809 2396 862 ad
2449 815 2787 861 structuram
2847 821 3005 861 nova:

1429 907 1751 963 tuunitimiis
1790 903 2040 959 demoliri
2074 902 2376 956 debueram
2414 918 2428 955 :
2466 901 2610 969 quod
2661 899 2858 953 factum
2895 915 3002 952 non

1429 1003 1551 1062 fuit,
1580 998 1942 1070 quantumvis
1967 996 2224 1049 Austrius
2254 995 2305 1046 in
2328 995 2506 1047 vicina
2540 992 2726 1046 Sicilia
2751 999 2996 1060 degeret.

1424 1095 1553 1148 Erat
1615 1093 1782 1147 etiam
1844 1089 2319 1160 prasidiaiiorum
2389 1087 2623 1142 tnilitum
2686 1087 3001 1140 deminutus

1428 1202 1710 1248 llUflllCl'us,
1775 1183 2148 1238 exauctoratis
2225 1191 2431 1235 temere
2494 1181 2795 1241 nonnullis,
2859 1195 3000 1249 quos

1424 1294 1640 1333 omnem
1673 1278 1726 1330 in
1766 1285 2018 1331 eventum
2072 1283 2315 1329 retentos
2368 1273 2634 1343 oportuit.
2683 1271 2796 1327 lloo
2837 1276 3000 1326 modo

1425 1389 1520 1442 per
1576 1372 1846 1442 ignaviam
1902 1368 2327 1437 socordiamque
2367 1368 2594 1432 iactum,
2655 1373 2716 1420 ut
2768 1366 2822 1419 in
2873 1367 3000 1420 hos-

1424 1465 1560 1518 tium
1600 1469 1924 1532 potestatem
1975 1461 2310 1516 munitiones
2343 1461 2426 1515 hie
2475 1459 2626 1514 nullo
2678 1473 2847 1530 prope
2894 1474 2987 1512 ne-

1423 1559 1570 1626 gmio
1607 1557 1877 1612 venirent.

1491 1651 1650 1704 'I'urci
1704 1650 1936 1717 primum
1961 1646 2211 1704 Guletam
2245 1647 2500 1703 obsidere
2546 1655 2863 1716 cmperunt,
2902 1647 2989 1701 cui

1420 1739 1615 1796 Petrus
1671 1738 1904 1793 Carrera
1961 1737 2237 1808 Hispanus
2293 1747 2542 1807 praeerat.
2599 1737 2661 1791 Ei
2718 1736 2996 1792 Serbrlio-

1419 1833 1570 1885 nium
1631 1833 1697 1886 de
1736 1831 2002 1886 subsidiis
2055 1829 2336 1884 mittendis
2386 1830 2626 1899 urgenti,
2678 1844 2992 1898 quanquam

1419 1928 1540 1980 lncn
1601 1927 1882 1980 munitinri
1931 1935 2095 1991 esset,
2160 1925 2576 1980 Serhelloniano
2633 1926 2865 1979 necdum
2925 1925 2992 1979 ad

1419 2025 1582 2077 tinent
1627 2026 1893 2090 perducto
1924 2038 1940 2076 :
1971 2031 2154 2079 tamen
2203 2023 2308 2077 650
2359 2023 2569 2092 pedites
2604 2023 2800 2090 partim
2850 2022 2990 2088 Itali,

1417 2121 1615 2184 partim
1653 2116 1876 2185 Hispani
1932 2115 2086 2172 fuere
2125 2115 2298 2170 missi.
2345 2113 2483 2169 Hinc
2513 2132 2542 2169 a
2580 2115 2780 2170 Turcis
2826 2118 2990 2170 etiam

1415 2210 1792 2263 Scrbellonins
1832 2210 2095 2264 obsessus
2125 2209 2249 2272 fuit,
2281 2224 2515 2278 quorum
2545 2210 2848 2264 exercitum
2895 2225 2992 2265 no-

1412 2303 1496 2356 vis
1524 2305 1773 2357 adductis
1802 2303 1978 2373 copiis
2034 2302 2330 2356 llamadam
2361 2303 2602 2358 Cesairis
2635 2303 2990 2374 begleibegus

1415 2398 1991 2450 adauxernt.t1arrera
2033 2398 2212 2450 denuo
2241 2396 2547 2450 subsidium
2589 2397 2740 2465 petit.
2784 2396 2860 2450 Ea
2901 2412 2989 2451 res

1416 2489 1639 2540 anxium
1679 2484 2010 2541 SerheIIOnii
2051 2487 2313 2540 animum
2349 2501 2455 2541 non
2489 2503 2678 2556 parum
2709 2499 2983 2559 torquere.

1414 2580 1471 2630 Si
1517 2579 1694 2633 nullos
1729 2579 1987 2642 misisset,
2041 2578 2285 2632 futurum
2321 2580 2637 2644 verebatur,
2696 2593 2756 2636 ut
2783 2583 2857 2648 εἰη
2907 2581 2990 2652 ip-

1411 2687 1534 2724 sunt
1570 2672 1787 2726 amissa:
1813 2671 2021 2726 Gulette
2050 2671 2206 2740 culpa
2247 2672 2593 2727 conferretur
2619 2690 2634 2728 :
2662 2673 2745 2730 sin
2778 2685 2982 2741 autem,

1413 2774 1470 2816 ut
1503 2778 1604 2817 suo
1632 2773 1806 2818 semet
1835 2764 2089 2831 praesidio
2125 2765 2381 2819 nudaret.
2435 2763 2807 2822 Nihilominus
2848 2781 2985 2821 con-

1408 2870 1568 2910 cessa
1596 2855 1840 2910 Carrerae
1876 2871 2070 2910 manus
2111 2856 2466 2911 subsidiaria.
2519 2857 2739 2911 Duobus
2775 2858 2984 2914 interea

1414 2948 1644 3016 navigiis
1664 2953 1993 3017 appulerunt
2015 2963 2081 3003 ex
2103 2947 2363 3016 Hispania
2387 2949 2493 3004 600
2509 2949 2711 3004 milites
2733 2947 2981 3020 Hispani,

1416 3041 1510 3109 qui
1543 3049 1710 3093 noctu
1745 3056 1840 3108 per
1876 3040 2023 3108 ipsas
2058 3037 2362 3095 Turcorum
2393 3042 2655 3096 excubias
2695 3053 2986 3112 penetran-

1411 3143 1513 3198 tes,
1546 3149 1668 3187 cum
1699 3134 1915 3188 vexillis
1951 3145 2005 3188 et
2049 3134 2296 3189 vestibus
2355 3133 2609 3190 Turcicis
2672 3145 2980 3199 uterentur,

1408 3237 1463 3278 et
1514 3218 1782 3293 quosdam
1829 3225 2062 3280 Turcice
2117 3226 2403 3296 loquentes
2455 3242 2638 3281 secum
2694 3228 2977 3292 haberent,

3108 722 3162 765 et
3194 723 3406 766 si-xtuni
3432 714 3574 766 dicm
3607 716 3968 785 :amissaquc
3997 731 4091 786 per
4123 733 4396 772 summam
4427 720 4673 790 ignaviam

3105 819 3168 860 ea
3194 822 3315 874 qua:
3340 806 3579 862 Karulus
3604 809 3886 878 Augustus
3908 809 3961 862 in
3985 821 4314 878 potestatem
4339 816 4538 881 optimo
4557 830 4676 866 cnn-

3104 900 3231 952 silio
3266 899 3572 968 redegerat,
3603 911 3660 956 ut
3692 903 3974 957 securitati
4020 904 4245 969 Sicilia,
4289 923 4422 975 regn
4485 905 4674 975 Νηρο-

3103 990 3256 1044 litani
3288 994 3564 1063 totiusque
3627 1006 3738 1052 tum
3770 995 3960 1058 Italiae,
3999 1009 4110 1051 tum
4145 997 4417 1068 Hispania:
4444 1002 4677 1056 consule-

3104 1093 3202 1138 ret.
3231 1085 3477 1141 Fuerunt
3500 1099 3682 1142 autem
3707 1089 3825 1144 haec
3857 1105 4001 1143 anno
4025 1092 4122 1145 981
4159 1091 4313 1162 (Chr.
4340 1093 4670 1162 15M)gesta,

3103 1177 3261 1243 cujus
3317 1177 3475 1231 initio
3520 1178 3705 1233 Veneti
3760 1190 3938 1236 certas
3972 1185 4264 1242 ubeausas,
4325 1198 4432 1236 non
4471 1187 4675 1238 ct'nsttl-

3104 1269 3172 1323 tis
3199 1278 3251 1322 et
3283 1269 3469 1324 invitis
3497 1273 3657 1334 adeo,
3696 1273 3950 1339 pontiﬁce
3981 1283 4147 1343 atque
4206 1272 4476 1344 Hispano,
4499 1291 4670 1329 contra

3100 1360 3247 1428 leges
3282 1361 3522 1424 hederis,
3554 1380 3740 1430 pacem
3773 1380 3893 1419 cum
3920 1366 4138 1422 sultano
4168 1368 4370 1422 Seliine
4420 1368 4666 1422 fecerant.

3171 1451 3327 1507 Tunc
3352 1455 3515 1508 etiam
3538 1456 3788 1528 Corcyra:
3812 1460 4124 1515 munienda:
4172 1461 4393 1517 Venetis
4443 1466 4649 1517 occasio

3100 1561 3226 1600 netu
3291 1549 3520 1616 praebuit
3591 1564 3896 1607 exscensus
3944 1553 4192 1608 crudelis
4251 1556 4304 1608 in
4360 1570 4480 1610 eam
4538 1557 4674 1610 insu-

3105 1639 3209 1692 lam
3263 1638 3484 1695 Siuanis
3547 1641 3743 1707 bassat,
3800 1645 4084 1701 redeuntis
4127 1662 4193 1700 ex
4241 1647 4502 1702 Africano
4527 1649 4668 1702 ltellu.

3099 1731 3232 1787 Nam
3263 1735 3388 1788 licet
3419 1734 3488 1789 ab
3517 1735 3814 1803 insulanis,
3846 1739 3896 1793 ei
3928 1740 4178 1809 placandi
4224 1741 4466 1796 hominis
4496 1756 4669 1805 causa,

3098 1825 3262 1896 cujus
3295 1828 3603 1896 prmsertim
3630 1839 3759 1884 tune
3796 1831 4048 1888 victoriis
4070 1832 4425 1887 insolentiam
4464 1845 4668 1899 nnrant,

3102 1935 3324 1974 munera
3361 1921 3608 1988 quaedam
3642 1923 3972 1978 offerrentur
4006 1943 4020 1978 :
4077 1933 4258 1980 tamen
4313 1924 4425 1980 illis
4465 1925 4670 1994 rejectis

3101 2011 3417 2066 immaniter
3442 2013 3494 2067 in
3520 2029 3614 2068 eos
3647 2026 3936 2083 grassatus
3960 2025 4066 2070 est.
4126 2015 4272 2070 Missi
4304 2017 4406 2072 hoc
4462 2019 4670 2072 nomine

3099 2100 3323 2155 luerunt
3353 2104 3407 2156 in
3447 2105 3744 2176 Corcyram
3777 2108 4045 2168 cum,alii
4111 2123 4292 2162 rerum
4354 2111 4666 2164 militarium

3095 2196 3279 2261 periti,
3327 2205 3441 2252 tum
3502 2199 3669 2253 etiam
3743 2199 3948 2255 Siortia
3997 2201 4372 2269 Palavicinus,
4435 2205 4670 2260 Marchio

3091 2285 3276 2343 Curtis
3313 2290 3563 2358 majoris.
3598 2291 3807 2347 Horum
3855 2296 4107 2350 consiliis
4177 2297 4248 2350 ita
4285 2308 4400 2350 tum
4456 2301 4669 2352 munitae

3090 2394 3215 2434 cum
3240 2382 3440 2450 oppido
3479 2383 3702 2438 fuerunt
3725 2400 3880 2440 arces
3949 2387 4054 2440 illa:
4088 2389 4326 2456 praealtis
4357 2391 4410 2442 in
4448 2392 4622 2460 rupilu
4645 2405 4670 2446 s

3091 2473 3229 2533 siue.
3260 2490 3495 2546 vereque
3543 2485 3707 2546 caput
3750 2481 3890 2534 inter
3921 2481 4106 2534 nubila
4129 2483 4297 2550 (quod
4326 2480 4476 2536 Maro
4516 2485 4668 2547 dixit)

3089 2569 3408 2635 candentes,
3433 2587 3571 2641 quas
3605 2573 3783 2643 ipsum
3820 2590 3975 2630 mare
4034 2574 4366 2630 circumﬂuit
4397 2593 4412 2629 :
4452 2577 4587 2631 nihil
4617 2587 4671 2632 ut

3087 2663 3341 2733 equidem
3404 2665 3636 2720 viderim
3679 2670 3942 2723 adversus
3996 2683 4214 2725 omnem
4263 2669 4369 2726 vim
4420 2670 4667 2726 hostilem

3088 2756 3321 2822 ﬁrmius,
3360 2758 3494 2813 nihil
3529 2760 4023 2830 inexpugnabilius.

3159 2851 3348 2905 Annus
3375 2851 3638 2921 982(Chr.
3665 2853 3763 2907 l57
3775 2855 3826 2922 5)
3861 2856 4236 2911 memorabilis
4259 2866 4344 2912 est
4397 2857 4582 2928 plures
4604 2859 4670 2911 ob

3087 2955 3309 2996 causas.
3365 2943 3502 2996 Nam
3562 2945 3838 3001 exstincto
3890 2947 4112 3001 sultano
4174 2948 4496 3008 Sclimell.
4535 2951 4672 3006 titus

3085 3033 3327 3091 Murates
3357 3036 3427 3091 lll
3458 3038 3581 3107 ejus
3613 3040 3877 3104 neminis,
3905 3043 4329 3110 auspicatusest
4355 3045 4670 3113 imperium,

3085 3142 3207 3182 cum
3251 3129 3372 3200 ipso
3403 3132 3567 3202 hujus
3596 3134 3725 3187 anni
3783 3134 4088 3190 Christiani
4142 3136 4436 3205 principio.
4468 3137 4675 3209 Agebat

3085 3221 3138 3276 id
3171 3224 3430 3292 temporis
3458 3239 3660 3278 annum
3685 3228 3866 3282 astatis
3887 3228 3979 3283 27.
4013 3231 4151 3284 Ante
4185 3231 4372 3285 omnia
4441 3243 4668 3301 recepto

1408 3318 1656 3370 tiuletam
1699 3317 1930 3387 ingressi
1983 3327 2132 3372 sunt.
2177 3317 2418 3373 Tandem
2451 3329 2504 3373 et
2540 3320 2699 3374 tertio
2748 3321 2978 3374 Carrera
3011 3327 3055 3388 ρ
3091 3327 3247 3369 more
3301 3315 3538 3370 barbaro
3587 3319 3919 3386 strangulari
3977 3320 4225 3390 quinque
4271 3320 4474 3379 fratres
4521 3338 4673 3388 suos,

1411 3413 1637 3464 militem
1691 3412 1793 3465 sibi
1836 3411 2085 3466 submitti
2134 3427 2162 3463 a
2216 3411 2558 3465 Serbellonio
2614 3413 2877 3482 postulat,
2933 3421 2989 3466 et

1410 3505 1744 3572 quingentos
1801 3506 2063 3558 beneﬂcio
2128 3505 2304 3559 noctis
2357 3521 2486 3559 usos
2535 3505 2811 3573 impetrst,
2863 3522 2986 3559 cmn

1409 3599 1647 3666 egregiis
1705 3596 1995 3666 praefectis,
2039 3613 2102 3651 ac
2146 3599 2287 3651 inter
2346 3599 2509 3662 alios,
2561 3597 2818 3652 Salazaro
2870 3615 2987 3650 tna-

1410 3707 1528 3757 gnie
1588 3688 1800 3742 virtutis
1847 3698 1903 3748 et
1951 3687 2376 3742 existimationis
2419 3689 2556 3743 \iro.
2622 3688 2989 3743 Nihilominus

1411 3796 1506 3834 arx
1530 3779 1792 3835 Guletana
1823 3778 2131 3834 Turcoruin
2166 3781 2218 3834 in
2247 3790 2571 3851 potestatem
2603 3782 2766 3836 venit.
2802 3781 2990 3851 Neque

1410 3874 1659 3936 defuere,
1696 3874 1791 3943 qui
1849 3872 2139 3930 Carreram
2201 3874 2532 3943 proditionis
2581 3875 2985 3932 insimulari-nt.

1415 3967 1571 4020 l’rius
1612 3966 1834 4035 quidem
1866 3975 2036 4031 certe,
2068 3982 2232 4035 quam
2283 3965 2446 4020 Τυτυὶ
2493 3965 2853 4037 appulissent,
2906 3970 2988 4025 vel

1411 4076 1504 4128 per
1533 4058 1829 4121 inscitiam,
1868 4058 1948 4113 vel
2005 4059 2346 4127 superbiam,
2397 4058 2730 4128 quingentos
2788 4061 2989 4116 milites

1412 4161 1699 4206 veteranos
1743 4151 1907 4206 Italos
1939 4152 2230 4206 admittere
2280 4152 2500 4207 noluit:
2562 4153 2704 4221 quod
2762 4153 2987 4208 minime

1409 4261 1804 4299 cnnccssurum
1843 4260 1900 4299 se
1931 4245 2163 4308 diceret,
2197 4253 2252 4297 ut
2302 4245 2356 4298 in
2391 4245 2511 4314 ejus
2549 4245 2733 4312 gloria:
2775 4255 2984 4315 partem

1414 4339 1662 4391 venirent
1721 4335 1858 4400 Itali,
1916 4353 2082 4406 quam
2140 4337 2367 4406 Hispani
2404 4336 2594 4391 Guleta
2645 4336 2985 4393 delendenda

1411 4431 1764 4484 consecuturi
1818 4440 2023 4484 essent.
2074 4428 2340 4496 Equidem
2386 4431 2527 4500 apud
2580 4432 2728 4500 ipsos
2773 4431 2985 4486 Turcits

1409 4538 1472 4574 rx
1522 4521 1623 4576 ﬁde
1653 4521 1834 4593 dignis
1880 4522 2195 4576 hominibus
2224 4523 2428 4591 acer-pi,
2469 4523 2754 4575 Carreram
2815 4523 2986 4578 fuisse

1409 4615 1582 4667 virum
1615 4628 1838 4682 prorsus
1867 4615 2123 4682 ignavum
2155 4623 2209 4667 cl
2239 4614 2686 4679 formidolosum,
2743 4617 2834 4682 qui
2869 4617 2986 4683 pul-

1411 4707 1555 4760 teris
1602 4708 1944 4759 toruientarii
2001 4707 2246 4760 nidorem
2289 4704 2432 4759 ferre
2468 4722 2572 4758 non
2625 4717 2828 4776 posset,
2884 4721 2984 4760 nec
3017 4681 3066 4740 D

1411 4799 1643 4851 tolerare
1693 4797 1917 4849 fulmina
1965 4797 2336 4866 displosarum
2376 4797 2811 4852 machinarum:
2863 4814 2983 4866 quae

1408 4903 1538 4942 sane
1564 4887 1778 4957 quoties
1803 4888 1856 4940 in
1893 4888 2106 4941 hostem
2129 4888 2597 4950 exonerabantur,
2624 4889 2742 4956 ipse
2769 4889 2985 4941 subter-

1410 4982 1588 5034 raneis
1621 4995 1678 5034 se
1734 4982 2124 5044 testudinibus,
2183 4981 2686 5050 concatneratisque
2716 4980 2847 5036 locis
2885 4981 2984 5034 ab-

1406 5076 1590 5140 debat,
1639 5075 2012 5144 bombaeeque
2058 5091 2187 5131 suas
2231 5073 2521 5128 obturabat
2546 5089 2732 5128 aures.
2781 5073 2984 5128 Ferunt

1405 5170 1454 5223 ci
1488 5169 1650 5223 'l'urei
1684 5168 2010 5238 proditionis
2034 5168 2302 5222 obtulisse
2331 5167 2610 5238 praemium
2668 5167 2818 5235 regni
2881 5164 2983 5236 Cy-

1410 5258 1514 5326 prii
1551 5255 1926 5326 praefecturam
1967 5275 1980 5310 :
2015 5273 2192 5325 neque
2244 5265 2425 5310 tamen
2489 5256 2735 5310 dedititio
2783 5271 2978 5327 prper-

1406 5366 1554 5416 ccre,
1593 5351 1686 5404 sed
1727 5359 1982 5419 tanquam
2010 5349 2099 5402 vili
2133 5350 2406 5419 mancipio
2466 5360 2596 5403 sunt
2651 5355 2755 5405 usi.
2810 5350 2979 5419 Capta

1413 5447 1628 5509 (iuleta,
1669 5457 1865 5515 printer
1888 5444 2048 5497 aliam
2105 5445 2342 5511 praedam
2403 5444 2610 5513 potitus
2650 5455 2734 5499 cst
2808 5445 2980 5499 Sinan

1411 5537 1571 5590 bassa
1595 5537 1909 5605 quingentis
1937 5536 2202 5589 machinis
2226 5535 2461 5600 bellicis,
2490 5551 2612 5589 cum
2641 5535 2842 5605 ingenti
2876 5545 2984 5589 tor-

1413 5631 1665 5684 mentarii
1688 5630 1928 5698 pulveris
1976 5629 2320 5697 aliarumque
2367 5629 2508 5683 bello
2538 5632 2980 5682 necessariarum

1409 5739 1615 5783 rerum.
1646 5733 1701 5778 et
1730 5738 1962 5776 annona:
1994 5721 2174 5792 copia.
2211 5719 2361 5776 Nova
2394 5736 2610 5792 quoque
2634 5722 2835 5776 deinde
2863 5736 2984 5775 mu-

1413 5817 1549 5870 nitio
1575 5831 1604 5870 a
1632 5814 1828 5870 Turcis
1860 5826 2120 5883 occupatu
2161 5814 2281 5878 fuit,
2323 5828 2429 5868 non
2473 5825 2658 5869 tamen
2691 5813 2865 5867 multo
2901 5813 2973 5866 εἰσ

1412 5924 1481 5963 ne
1517 5914 1821 5978 sanguine:
1853 5917 2011 5978 capto
2045 5908 2210 5963 etiam
2246 5905 2608 5972 Scrbellonio,
2633 5907 2726 5976 qui
2778 5907 2980 5961 crude-

1405 6003 1528 6057 liter
1557 6017 1586 6054 a
1609 6000 1811 6057 Sinaue
1831 6001 1995 6059 bassa
2019 6011 2285 6056 tractatus
2327 6001 2445 6054 fuit.
2471 5999 2583 6055 lluc
2619 5997 2779 6054 modo
2805 6014 2974 6069 pror—

3093 3415 3224 3460 natu
3258 3422 3317 3462 se
3341 3409 3608 3474 minores,
3644 3411 3700 3465 in
3727 3415 4016 3480 praesentia
4052 3430 4150 3469 sua
4181 3413 4346 3482 jussit
4377 3431 4392 3468 :
4432 3430 4670 3484 quorum

3093 3498 3306 3552 minimi
3345 3500 3654 3559 cervicibus
3682 3517 3738 3558 et
3769 3505 3963 3575 jugulo
3995 3520 4121 3560 eum
4160 3521 4263 3575 pro
4287 3520 4438 3561 more
4468 3522 4675 3562 nervus

3093 3591 3476 3655 adhiberetur,
3505 3595 3778 3649 incertum
3820 3613 3888 3651 an
3921 3598 4214 3652 tenerioris
4260 3601 4312 3652 in
4344 3600 4496 3654 hunc
4525 3615 4677 3654 amo.

3094 3684 3168 3737 ris
3192 3699 3356 3738 causa
3406 3685 3570 3758 366
3627 3701 3856 3752 motuin.
3900 3706 3968 3744 an
4044 3693 4380 3747 conscientia
4446 3704 4684 3763 patratae

3091 3774 3431 3832 crudelitatis
3467 3782 3521 3833 in
3559 3796 3769 3849 omnes,
3798 3783 4177 3856 illacrymasse
4223 3786 4446 3852 quidem
4493 3786 4677 3858 ipsum

3092 3889 3334 3932 constat.

3163 3969 3349 4024 Itidem
3385 3980 3607 4025 mortuo
3650 3972 3863 4025 Scacho
3896 3971 4203 4027 Tecbmase
4241 3973 4522 4038 Parthico,
4556 3990 4676 4030 suc-

3091 4059 3260 4111 cessit
3291 4059 3434 4112 tilius
3470 4075 3575 4112 non
3609 4060 4031 4130 primogenitus,
4086 4061 4456 4118 Muchemetes
4499 4065 4682 4119 Huds-

3091 4149 3292 4203 bendes
3328 4167 3341 4212 ;
3377 4165 3478 4204 nec
3513 4150 3718 4214 lsmuil,
3773 4153 3894 4221 ejus
3927 4153 4168 4205 nominis
4205 4155 4257 4212 in
4293 4155 4398 4208 hac
4430 4156 4681 4224 Saphina

3090 4239 3316 4292 Familia
3343 4246 3643 4304 secundus,
3667 4243 3911 4297 secundo
3936 4245 4056 4297 loco
4082 4245 4297 4312 genitus
4333 4287 4348 4307 .
4373 4249 4470 4300 sed
4494 4250 4684 4317 proxi-

3091 4347 3211 4385 mus
3240 4332 3307 4387 ab
3334 4333 3422 4386 his
3445 4333 3650 4388 llaidar
3688 4334 3930 4402 Mirises,
3960 4336 4051 4406 qui
4076 4337 4234 4390 annis
4268 4337 4481 4408 aliquot
4517 4353 4679 4394 ante:

3088 4427 3260 4492 patris
3297 4424 3350 4477 in
3375 4441 3540 4494 regno
3582 4443 3842 4496 suprema
3892 4444 4018 4484 cum
4071 4439 4342 4500 potestate
4376 4433 4532 4488 vices
4565 4452 4684 4503 ges-

3088 4527 3251 4569 serat.
3285 4515 3339 4569 Is
3373 4528 3554 4570 tamen
3611 4521 3698 4572 vix
3741 4519 3807 4572 15
3857 4521 4052 4577 diebus
4089 4539 4259 4591 regno
4297 4524 4402 4579 frui
4477 4529 4681 4594 putuit,

3088 4611 3302 4663 occisus
3352 4627 3380 4663 a
3449 4612 3683 4665 snltanis
3737 4613 4093 4681 quihusdam,
4181 4616 4298 4670 sive
4345 4622 4685 4686 proceribus

3091 4705 3262 4772 regni,
3294 4707 3386 4769 qui
3421 4722 3543 4775 cum
3575 4705 3823 4759 oderant.
3849 4705 3910 4759 lli
3932 4707 4128 4762 deinde
4147 4710 4392 4764 secundo
4428 4713 4681 4778 genitum

3091 4792 3291 4848 Scuchi
3325 4793 3647 4852 Techmasis
3698 4798 3879 4851 iiliuni'
3912 4797 4210 4864 lsmailem,
4258 4804 4378 4869 ejus
4432 4807 4684 4858 nominis

3090 4887 3420 4952 secundum,
3454 4904 3482 4940 e
3521 4903 3747 4942 carcere
3793 4891 4118 4958 productum
4151 4907 4317 4960 regno
4345 4898 4682 4962 praticiunt.

3089 4975 3289 5033 Fuerat
3314 4980 3460 5033 enim
3487 4997 3514 5034 a
3544 4991 3697 5051 patre
3728 4983 4014 5051 conjectus
4053 4985 4106 5037 in
4142 4999 4445 5048 carcerem,
4508 5005 4685 5056 prup-

3091 5082 3171 5126 ter
3193 5073 3559 5142 quorumdam
3588 5090 3875 5142 procerum
3913 5077 4242 5136 delationes.
4275 5089 4322 5130 et
4357 5078 4410 5132 itt
4438 5096 4504 5134 eo
4556 5082 4684 5148 plu-

3089 5165 3240 5219 ribus
3272 5167 3429 5218 annis
3463 5166 3715 5218 lmserat.
3746 5165 3864 5219 Jatn
3889 5182 4057 5236 regno
4085 5170 4315 5237 potitus,
4355 5180 4407 5224 ut
4461 5176 4683 5225 animus

3088 5272 3311 5312 suorum
3342 5260 3670 5326 exploraret,
3708 5275 3772 5314 ac
3820 5261 4124 5328 praesertim
4186 5273 4244 5315 ut
4269 5278 4676 5332 cognosceret,

3088 5349 3309 5418 quinam
3372 5359 3553 5402 essent
3614 5351 3687 5402 illi
3748 5352 3975 5414 sultani,
4023 5368 4259 5421 quorum
4318 5356 4564 5423 impulsu
4628 5369 4685 5408 ct

3088 5443 3320 5496 consilio
3351 5443 3616 5494 ριιδιυιιὶτιξ
3645 5444 3987 5510 nmnripatus
4039 5460 4067 5498 a
4097 5456 4253 5515 patre
4309 5446 4528 5510 luisset,
4597 5467 4685 5502 sc-

3087 5546 3295 5588 eretum
3318 5535 3370 5587 in
3401 5535 3575 5587 locum
3597 5546 3774 5590 semet
3798 5538 3977 5599 abdit,
4001 5548 4051 5590 et
4076 5541 4442 5607 quorumdam
4475 5558 4680 5611 opera,

3086 5628 3286 5696 quibus
3310 5629 3546 5681 maxime
3607 5627 3833 5691 ﬁdebat,
3897 5640 4124 5683 mortem
4178 5647 4333 5686 suam
4395 5635 4686 5704 publicari

3085 5733 3266 5775 curat.
3295 5720 3423 5789 Ejus
3476 5721 3552 5773 rei
3590 5721 3731 5775 fama
3764 5722 4082 5777 diversostn
4119 5725 4404 5779 hominum
4463 5729 4687 5782 animis

3085 5823 3288 5877 tnotus,
3326 5824 3484 5882 prout
3524 5813 3752 5869 affectus
3802 5816 3854 5870 itt
3880 5816 4150 5870 lsmailcm
4175 5819 4412 5887 quisque
4447 5820 4687 5882 fuisset,

3086 5906 3384 5959 excitavit:
3414 5905 3468 5957 in
3521 5905 3852 5961 adversariis
3887 5916 3945 5962 et
4000 5909 4253 5962 hostibus
4283 5910 4564 5973 laetiziaui,
4637 5917 4690 5962 in

3088 5998 3279 6053 amicis
3313 5998 3544 6054 lucwm.
3580 5997 3693 6055 Hoc
3739 6001 3902 6056 modo
3933 6001 4289 6069 prodentibus
4350 6012 4528 6058 semet
4569 6004 4686 6056 ini-
