4866 6594
1328 459 1432 518 679
2523 431 2843 496 JOANNIS

2911 420 3371 487 LEUNCLAVII

4484 399 4592 461 630

1333 574 1476 628 rant,
1511 576 1573 613 ac
1639 560 1927 615 Persarum
1987 554 2100 608 sive
2158 549 2527 620 Sophiiiorum
2588 544 2906 612 religionem
2941 531 3520 602 Ainiperiisnltaiiici.
3562 525 3663 578 Per
3712 530 4020 590 serpentem
4082 516 4306 585 intelligi
4376 516 4591 567 hostem

3313 624 3324 628 -
3462 620 3473 628 .
3652 618 3662 628 .
3878 623 3889 628 _
4275 606 4591 628 mnum“

1330 650 1579 706 ancicis
1598 647 1946 718 opinionibus
1976 640 2252 697 anteferre
2300 653 2359 693 se
2410 634 2641 706 professi
2680 632 2917 695 fuerant,

1333 741 1826 813 adeoqneJongius
1848 753 1910 792 ea
1939 745 2087 791 secta
2112 733 2357 805 quotidie
2391 728 2682 799 serpendo,
2707 730 2917 779 tantum

1336 834 1652 889 incrementi
1708 839 2039 899 sumpserat,
2100 833 2162 881 ut
2215 826 2377 879 etiam
2449 814 2919 883 Constantinopoli

1340 933 1731 995 reperirentur,
1799 922 1892 991 qui
1951 934 2070 974 eam
2125 919 2438 988 probarent.
2501 908 2725 965 Somnia
2787 919 2917 960 vero

1342 1019 1561 1072 luerunt
1589 1013 1925 1085 linjusniodi,
1952 1008 2205 1080 quamvis
2234 1005 2377 1075 apud
2428 1002 2637 1057 Tureos
2687 998 2918 1053 necdum

1343 1117 1494 1160 certo
1555 1110 1771 1158 constrt
1804 1142 1819 1167 ,
1876 1115 1941 1152 an
2001 1097 2199 1152 sultani
2253 1092 2480 1148 Muralis
2532 1089 2647 1144 haec
2696 1086 2921 1147 iuerint,

1346 1214 1413 1251 an
1449 1196 1570 1266 ejus
1620 1193 1941 1254 sacerdotis,
1998 1204 2160 1258 quem
2208 1183 2408 1242 sultani
2470 1181 2554 1238 sui
2614 1178 2922 1234 scheicheiii

1346 1286 1511 1342 anci
1568 1292 1793 1341 vocant.
1825 1281 2106 1337 Creditum
2163 1286 2341 1331 tamen
2384 1289 2414 1327 a
2464 1271 2741 1343 pluribus,
2793 1266 2923 1336 ipsi-

1350 1393 1461 1435 ειη-ι
1488 1375 1935 1449 ευιιδιιοιΜιιηιί
1959 1374 2200 1430 oblatum
2230 1369 2399 1424 luisse
2421 1364 2697 1421 somnium
2750 1361 2922 1432 prius,

1350 1490 1403 1529 ei
1432 1475 1660 1528 alterum
1692 1468 1919 1525 Muratis
1949 1462 2225 1523 sclieiclii:
2280 1475 2391 1529 quo
2434 1457 2655 1512 nomine
2701 1452 2925 1507 veniunt

1352 1565 1486 1618 certi
1546 1562 1900 1623 sacerdotes,
1958 1570 2058 1626 pro
2121 1552 2254 1607 viris
2311 1547 2519 1605 sanctis
2582 1544 2725 1615 apud
2780 1542 2926 1610 ipsos

1356 1654 1549 1711 habiti.
1584 1652 1795 1721 Quippe
1832 1664 1926 1720 per
1974 1646 2211 1717 quietem
2271 1651 2417 1697 stare
2475 1638 2580 1691 sibi
2627 1636 2777 1690 visus
2841 1638 2927 1685 est

1358 1751 1410 1801 in
1444 1743 1856 1806 mediomuiidi,
1924 1740 2026 1795 sub
2059 1737 2254 1791 arbore
2307 1732 2563 1795 maxima,
2627 1728 2787 1797 cujus
2837 1741 2927 1779 es-

1359 1849 1481 1897 sent
1527 1839 1664 1894 rami
1719 1838 1847 1900 duo,
1881 1828 2256 1901 longissimum
2307 1824 2372 1879 ad
2432 1820 2773 1877 intervallum
2834 1832 2928 1871 ex-

3020 628 3193 695 ipsins
3246 620 3591 683 orientalem,
3652 618 3755 670 hoc
3810 623 3917 677 est,
3974 612 4232 665 scacliuin
4275 606 4597 662 Persicum:

3018 729 3179 784 quem
3213 712 3357 767 bello
3390 718 3748 778 superaturos
3775 702 3868 766 sit,
3914 710 3967 755 et
4022 699 4325 761 occisurus,
4370 696 4601 765 ejusque

3020 820 3249 876 regnum
3277 803 3637 871 adjuncturus
3683 795 4109 851 Osmanidarum
4159 788 4405 859 imperio.
4453 787 4601 842 Con-

3020 899 3279 956 similiter
3329 896 3493 950 etiaiii
3562 907 3660 961 per
3716 890 3792 952 id,
3854 887 4001 957 quod
4087 886 4326 939 imanius
4366 896 4602 935 ‘azeines

3023 989 3208 1062 praelio
3239 988 3553 1044 scheicliem
3587 983 3879 1038 ilaidarem
3908 979 4136 1033 adortos
4178 975 4397 1037 vicerit,
4458 972 4602 1026 lutu-

3025 1099 3142 1138 runi
3178 1080 3495 1150 signilicari,
3548 1085 3610 1130 ut
3663 1074 3955 1130 Persarum
4011 1069 4261 1132 haeresis,
4310 1081 4418 1120 una
4471 1080 4600 1119 enni

3023 1176 3301 1236 Omnibus,
3351 1174 3444 1239 qui
3486 1186 3548 1225 ea
3576 1188 3606 1222 ii
3640 1178 4005 1229 sectarentur,
4063 1177 4237 1231 usque
4275 1160 4411 1213 adeo
4442 1159 4603 1211 dissi-

3026 1278 3182 1335 petur
3206 1264 3606 1325 etalioleatur,
3662 1258 3869 1313 nullum
3916 1266 3975 1310 tit
4022 1256 4269 1324 ipsorum
4313 1250 4605 1318 vestigium

3027 1362 3267 1411 luturnin
3300 1355 3372 1409 sit
3422 1355 3715 1421 reliquum.
3781 1351 4046 1404 Praeterea
4094 1346 4371 1401 soltaiinni
4416 1342 4606 1394 Osina-

3026 1449 3206 1503 niilaiii
3239 1446 3482 1501 futurum
3518 1443 3705 1497 mundi
3742 1445 3908 1496 totius
3934 1437 4176 1494 chalil'en
4233 1450 4299 1488 ac
4356 1434 4606 1486 domina-

3029 1549 3224 1593 torem.

3099 1630 3213 1685 Hoc
3249 1630 3409 1683 modo
3466 1642 3592 1684 cum
3658 1636 3949 1695 utrumque
3991 1625 4265 1680 somnium
4321 1620 4614 1676 sebeieiies

3030 1727 3414 1790 interpretatus
3442 1730 3606 1781 esset,
3636 1718 3809 1771 voluit
3868 1717 4123 1771 snitanus
4156 1714 4323 1785 368
4378 1712 4615 1766 Horatiis

3029 1816 3189 1870 etiam
3256 1814 3465 1882 lioggia:
3522 1809 3609 1865 sui
3642 1810 3746 1871 (sic
3790 1806 3931 1879 apud
3979 1808 4128 1876 ipsos
4183 1814 4471 1869 vocantur,
4523 1802 4615 1871 qui

1362 1895 1616 2001 porrecti.
1674 1895 1841 1983 Natli'
1878 1895 2015 1979 alter
2044 1922 2111 1977 ad
2170 1926 2442 1975 extremos
2491 1914 2620 1968 solis
2682 1909 2932 1972 orientis,
2968 1930 3007 1985 Β
3039 1905 3243 1962 nostris
3294 1912 3419 1959 sunt
3465 1899 4081 1973 presbyteri)judicium
4127 1896 4351 1953 audire:
4380 1895 4475 1951 cui
4500 1904 4618 1949 sta-

1364 2027 1500 2078 alter
1526 2025 1592 2078 ad
1648 2017 1948 2075 occidentis
1995 2018 2128 2069 lines
2186 2010 2602 2066 ostendebatur.
2665 2005 2935 2059 Praeterea

1365 2117 1471 2171 sibi
1498 2115 1646 2168 visus
1679 2122 1764 2167 est
1844 2106 2148 2178 conspicari
2197 2110 2501 2172 serpentem
2547 2096 2941 2168 magnitudinis

1369 2211 1667 2267 immensae,
1736 2218 1897 2274 quem
1947 2205 2016 2255 ab
2069 2198 2277 2252 oriente
2315 2194 2637 2264 profectum,
2672 2190 2819 2243 etail
2883 2203 2943 2244 sc

1370 2300 1739 2371 provolutum,
1806 2294 1967 2359 iuste,
2035 2306 2193 2361 quem
2258 2303 2417 2341 manu
2473 2292 2701 2347 teneret,
2776 2281 2944 2336 inter-

1374 2390 1582 2445 fecerit.
1631 2386 1743 2442 lloc
1776 2384 1988 2441 somnio
2021 2380 2267 2437 nonnihil
2302 2392 2630 2439 commotus,
2667 2385 2721 2429 et
2754 2390 2945 2444 exper—

1377 2493 1555 2539 rectus
1615 2479 1734 2533 l'nit.
1774 2476 1934 2531 Prius
1983 2488 2134 2537 vero,
2189 2484 2355 2541 quam
2413 2472 2477 2522 ad
2530 2466 2946 2536 explicationem

1372 2574 1598 2628 alterius
1619 2569 1817 2625 somnii
1839 2567 2163 2622 accedamus
2182 2559 2528 2617 indicandum
2548 2558 2766 2612 lectoris
2785 2570 2950 2611 causa

1377 2667 1547 2729 venit,
1610 2663 2047 2721 Maliiiiiietanos,
2075 2657 2213 2712 ultra
2245 2666 2478 2725 quatuor
2504 2650 2828 2706 Maliunietis
2863 2661 2952 2702 so-

1377 2760 1513 2822 cios,
1536 2770 1766 2825 quorum
1791 2751 2007 2806 nomina
2029 2757 2178 2815 sunt,
2202 2743 2501 2807 Ebubekir,
2525 2745 2709 2805 Omer,
2728 2740 2952 2797 Osuiam

1381 2863 1431 2904 rt
1485 2851 1599 2903 Alis
1652 2848 1734 2915 (et
1791 2846 1939 2899 luere
1973 2839 2299 2895 Maliumetis
2372 2826 2440 2893 hi.
2463 2849 2833 2897 successores,
2893 2847 2956 2886 ac

1383 2949 1771 3010 pr0pagatorcs
1828 2934 2222 2988 Mahumetanze
2296 2925 2745 2998 superstitionis),
2821 2920 2958 2976 alios

1385 3041 1619 3102 quatuor
1646 3028 1889 3085 eximios
1947 3025 2178 3078 iniamos
2208 3020 2323 3075 sive
2378 3021 2625 3073 doctores
2676 3013 2957 3070 venerari:

1388 3137 1624 3192 quorum
1696 3119 1931 3188 primum
2003 3111 2390 3175 Ebuhanil‘em,
2465 3115 2753 3179 prepterea
2814 3102 2958 3173 quod

1390 3227 1699 3285 supremum
1766 3210 1911 3264 inter
1965 3207 2063 3261 hos
2131 3206 2309 3259 locum
2377 3202 2638 3263 obtineat,
2703 3200 2959 3252 iniamuui

3040 2000 3135 2055 tim
3167 2013 3228 2052 ea
3278 1995 3480 2066 placuit
3537 1993 3936 2064 interpretatio.
3997 1989 4183 2062 Neque
4216 1989 4465 2055 deluere,
4527 1990 4618 2058 qui

3041 2094 3304 2156 dicerent,
3338 2099 3609 2146 secretum
3658 2085 3947 2157 quemdam
3982 2085 4125 2139 inter
4171 2083 4318 2138 hunc
4361 2083 4619 2152 hoggiam

3044 2184 3469 2251 sclieichemque
3491 2194 3845 2244 consensum,
3880 2186 4241 2246 mutuumque
4269 2177 4340 2229 de
4385 2189 4624 2244 persna-

3044 2278 3223 2334 dendo
3256 2276 3475 2333 sultano
3510 2282 3724 2344 pactum
3780 2270 4166 2327 intervenisse.
4216 2268 4377 2324 Solus
4407 2266 4625 2321 Meche-

3050 2379 3217 2427 metes
3259 2371 3421 2425 hassa
3453 2369 3839 2430 vczirazcmes,
3901 2380 4063 2436 quem
4114 2378 4280 2434 supra
4318 2361 4541 2416 Seliiuis
4585 2360 4628 2413 Il

3050 2476 3307 2533 generum
3380 2459 3545 2515 luisse
3606 2457 3871 2521 diximus,
3921 2466 3974 2510 et
4027 2455 4122 2525 qui
4173 2456 4431 2523 deinceps
4482 2464 4629 2505 anno

3050 2553 3360 2609 Christiano
3397 2552 3529 2607 i579
3575 2550 3719 2603 domi
3749 2565 3883 2611 sum,
3935 2563 4059 2603 cum
4105 2546 4362 2601 omnibus
4389 2544 4631 2598 adeundi

3053 2661 3112 2700 se
3158 2644 3296 2700 facta
3362 2645 3513 2713 copia
3555 2646 3644 2711 jus
3693 2644 3920 2705 diceret,
3992 2640 4242 2709 nequiter
4288 2654 4319 2693 a
4382 2636 4633 2691 Dervisio

3055 2736 3286 2807 quodam
3341 2734 3659 2789 interfectus
3700 2734 3835 2798 fuit;
3897 2741 4089 2785 auctor
4140 2732 4260 2798 ejus
4313 2729 4439 2783 belli
4512 2743 4635 2781 esse

3060 2828 3256 2893 noluit,
3312 2827 3457 2898 quod
3498 2826 3665 2879 libere
3717 2823 4022 2880 consulenti
4060 2839 4121 2879 se
4163 2822 4357 2877 Mutati
4401 2821 4634 2885 diceret,

3059 2935 3406 2990 nequaquam
3461 2918 3642 2974 Persis
3699 2918 3897 2972 bellum
3960 2916 4321 2980 inferendum,
4368 2915 4466 2985 qui
4520 2913 4635 2983 jam

3063 3024 3141 3068 tot
3162 2998 3404 3068 abannis
3455 3027 3642 3081 pacem
3708 3009 4122 3065 Osmanidarum
4164 3022 4286 3061 enin
4336 3016 4498 3075 gente
4541 3022 4639 3060 co-

3063 3107 3314 3161 luissent.
3368 3102 3694 3158 Rationibus
3754 3114 3808 3156 et
3858 3100 4196 3170 argumentis
4257 3098 4383 3152 aliis
4441 3096 4640 3167 adjun-

3064 3196 3225 3267 gebat
3271 3193 3516 3261 elegans,
3563 3193 3708 3264 quod
3766 3190 3971 3245 Graecis
4018 3199 4073 3244 et
4124 3189 4321 3243 Turcis
4372 3188 4639 3242 usitatum

1391 3266 1407 3269 ν
1458 3266 1507 3285 τί
1532 3266 1541 3267 ί
3076 3266 3083 3267 ,

1391 3319 1629 3360 ςιῑθηιοῐιι
1666 3302 1779 3357 sive
1815 3302 2089 3354 doctorem
2147 3308 2424 3350 summum
2455 3290 2726 3360 appellare
2753 3288 2925 3340 solent
2950 3305 2962 3339 ζ
2988 3266 3034 3330 C
3066 3296 3149 3342 est
3206 3285 3590 3356 proverbium;
3652 3282 3895 3339 Caudam
3964 3280 4227 3350 serpenti,
4415 3280 4641 3342 dog-mil.

1392 3398 1621 3450 alterum
1672 3403 1862 3444 vocant
1896 3390 2155 3442 iuianiniii
2213 3386 2511 3446 Malichini,
2572 3380 2786 3435 tertium
2835 3379 2967 3431 inia-

1396 3506 1539 3542 iiiuni
1612 3484 1929 3543 Sehaaliim,
1998 3490 2252 3551 quartum
2330 3476 2589 3531 imamuin
2647 3470 2963 3522 Aelinietein

1400 3579 1700 3634 llenbelim.
1736 3577 1800 3629 ili
1835 3583 2069 3643 quatuor
2097 3570 2210 3624 sive
2234 3568 2505 3627 doctores,
2558 3563 2670 3616 sive
2714 3559 2966 3611 sacerdo-

1399 3687 1500 3731 tes,
1532 3670 1711 3723 Persis
1739 3664 2081 3720 iiil'cstiSsimi
2139 3662 2395 3714 luerunt:
2446 3670 2509 3710 ac
2562 3651 2802 3707 vicissim
2856 3664 2970 3700 ina-

1400 3777 1506 3830 giio
1554 3759 1734 3813 Persis
1762 3768 1841 3813 est
1872 3757 1923 3810 in
1981 3755 2156 3825 pretio
2185 3749 2478 3805 Sclieiciics
2530 3743 2748 3807 Ilaidu,
2778 3751 2971 3793 auctor

1404 3850 1679 3921 ielinionis
1704 3852 1945 3919 ipsorum
1973 3844 2272 3905 hodiernre,
2298 3854 2456 3910 quem
2520 3845 2759 3889 extreme
2807 3829 2971 3883 anei

1402 3920 1765 3997 detestantur.
1791 3939 1925 3993 Cum
1982 3935 2150 4005 igitur
2181 3930 2587 3992 obdormiis'set,
2640 3926 2821 3979 videre
2872 3920 2972 3975 sibi

1405 4038 1552 4090 visus
1578 4042 1662 4089 est
1689 4048 1853 4104 prope
1877 4042 2086 4101 portam
2116 4025 2354 4098 paradisi
2390 4017 2777 4081 Ebuliaiiil'em,
2813 4027 2972 4085 quem

1408 4128 1507 4197 inti
1556 4126 1717 4180 modo
1772 4123 2031 4191 diximus)
2123 4122 2387 4173 inianiuni
2455 4127 2694 4166 azeiiiem
2758 4116 2975 4172 vocant,

1410 4216 1513 4267 lioe
1544 4221 1648 4277 est,
1708 4226 1983 4267 summum
2044 4211 2158 4263 sive
2225 4205 2561 4260 sacerdotem
2610 4203 2722 4253 sive
2757 4197 2979 4267 pontili-

1408 4321 1549 4359 ccni.
1607 4305 1657 4359 Is
1711 4304 2036 4372 compellato
2083 4298 2284 4353 sultani
2320 4294 2546 4350 Muralis
2601 4290 2868 4345 Sciteiclie
2896 4285 2980 4343 vel

1409 4397 1642 4451 viroillo
1688 4396 1981 4463 religioso:
2038 4390 2162 4456 Abi,
2214 4388 2410 4458 inquit,
2444 4384 2509 4439 ad
2559 4382 2793 4437 ciialilcn
2829 4391 2983 4433 terrae

1412 4492 1539 4560 (hoc
1560 4499 1661 4552 eat,
1694 4489 1756 4538 aii
1816 4485 2080 4538 vii-arium
2140 4482 2253 4535 sive
2284 4490 2660 4535 successorem
2715 4472 2984 4541 propheta:

3069 3396 3174 3434 non
3199 3394 3320 3432 esse
3348 3377 3688 3441 ealcandani;
3718 3376 4010 3444 caeternqui
4067 3374 4331 3438 intui-uin,
4383 3384 4447 3427 ut
4492 3374 4643 3426 exei-

3071 3480 3233 3533 tatus,
3265 3469 3439 3537 capite
3460 3483 3676 3520 sursum
3706 3476 3915 3532 erecto,
3943 3465 4258 3520 terribiliter
4303 3477 4537 3535 pungat.
4569 3466 4643 3519 Ad

3072 3579 3363 3627 summam,
3422 3561 3624 3616 bellum
3680 3562 3781 3615 hoc
3849 3559 4207 3615 Mecheinetes
4259 3559 4421 3614 bassa
4470 3562 4646 3613 modis

3072 3655 3325 3709 omnibus
3347 3656 3717 3709 dissuadebat.

3142 3747 3464 3806 Adileiidum
3492 3749 3693 3810 ethoc,
3726 3755 3777 3800 ut
3821 3745 3943 3799 odia
3979 3743 4157 3814 gentis
4208 3744 4500 3813 uti-iusque
4531 3759 4645 3796 mu-

3076 3849 3166 3892 tua
3249 3840 3450 3893 rectius
3528 3839 3919 3907 intelligantur,
3970 3836 4166 3891 Persas
4240 3835 4651 3890 inimicissimos

3075 3948 3197 3987 esse
3237 3932 3411 3985 tribus
3457 3929 3784 3985 Muliumetis
3812 3928 4086 3998 propheta
4112 3928 4301 3992 sociis,
4331 3925 4651 3990 Ebubekiri,

3076 4024 3281 4090 Oiiieri,
3320 4032 3373 4079 ct
3406 4021 3666 4078 Osmani:
3729 4022 4167 4077 studiosissimus
4220 4029 4401 4074 autem
4447 4022 4655 4088 quarti,

3079 4117 3331 4172 videlicet
3358 4115 3494 4170 Alis.
3526 4115 3691 4169 iidem
3734 4112 3912 4167 Persa:
3966 4115 4209 4177 tradunt,
4257 4112 4506 4182 angelum
4550 4113 4645 4165 Ga-

3081 4208 3329 4274 briciem,
3356 4223 3478 4263 cum
3503 4222 3535 4260 c
3566 4206 3723 4261 caelis
3755 4206 3809 4259 in
3845 4216 4023 4259 terras
4048 4213 4287 4274 portaret
4319 4202 4658 4258 Alcorannni

3082 4303 3214 4373 (quo
3236 4301 3373 4356 libro
3424 4300 3931 4355 Maliutnetanoruui
4009 4302 4093 4355 lex
4174 4298 4512 4366 continetur)
4575 4301 4659 4352 Ali

3083 4394 3438 4458 reddendum,
3466 4408 3656 4448 errore
3679 4393 3915 4463 quodam
3963 4408 4090 4449 eum
4152 4392 4445 4447 Mahumeti
4495 4393 4661 4445 obiu-

3084 4487 3246 4545 lisse;
3272 4484 3575 4556 Deumque,
3602 4486 3747 4541 velut
3769 4502 3831 4540 ea
3881 4502 3938 4540 re
3966 4501 4310 4556 nequaquam
4362 4480 4665 4552 oll'ensum,

1416 4580 1760 4631 Maliuinrtis.
1797 4579 1927 4629 Nam
1983 4576 2225 4643 persuasi
2260 4580 2388 4627 sunt
2438 4568 2737 4631 Ostiianici,
2776 4563 2981 4635 prinri-
3016 4606 3060 4664 υ
3086 4576 3179 4646 qui
3214 4577 3333 4631 Μειιι

2742 4563 2981 4664 Primi"
3016 4576 3179 4664 ani
3214 4577 3572 4632 Maliumeteni
3632 4594 3853 4646 quoque
3910 4577 4001 4631 tali
4056 4578 4201 4631 dono
4252 4577 4535 4645 gratiaque
4589 4581 4664 4630 di-

1414 4687 1533 4739 pem
1562 4685 1722 4723 suum
1775 4684 1896 4722 esse
1941 4665 2174 4721 chalilen
2236 4665 2401 4733 hujus
2436 4658 2670 4728 saeculi),
2699 4659 2860 4727 eique
2900 4657 2982 4710 di-

1413 4764 1545 4825 i-itn,
1577 4766 1835 4813 imamuni
1889 4774 2126 4811 azeiiii-in
2170 4757 2270 4810 hoc
2316 4756 2435 4825 ipso
2466 4753 2572 4816 die,
2626 4767 2749 4804 cum
2802 4749 2983 4816 egredi

1419 4874 1448 4906 θ
1479 4855 1730 4923 paradiso
1764 4854 1943 4911 vellet.
1980 4848 2283 4903 sciieieliein
2340 4844 2622 4898 llaidurein
2678 4854 2801 4895 ante
2829 4856 2984 4910 para-

1417 4948 1521 4998 disi
1583 4948 1725 4998 iores
1772 4944 2079 5001 invenisse;
2140 4956 2297 5009 quem
2349 4938 2531 5006 praelio
2588 4937 2831 4998 adortus,
2880 4948 2984 4984 nnii

1420 5041 1581 5094 modo
1648 5036 1859 5101 vicerit,
1908 5050 2094 5089 verum
2169 5032 2333 5085 etiam
2400 5028 2695 5092 occiderit;
2747 5026 2987 5089 adeoque

1419 5142 1620 5187 Sz'clnlll
1672 5129 1844 5199 ipsius
1894 5140 2037 5179 nunc
2085 5124 2242 5177 linem
2300 5122 2623 5175 habituram.
2674 5115 2988 5170 ﬂortaberis

1418 5240 1546 5293 ergo
1569 5219 1827 5283 cliaiifcii,
1883 5227 1941 5271 ut
1974 5217 2233 5270 adversus
2266 5213 2548 5267 liwreticos
2592 5225 2740 5265 arma
2769 5207 2986 5277 capiat:

1419 5331 1556 5381 quos
1586 5312 1791 5364 auxilio
1834 5310 2021 5363 divino
2080 5305 2378 5374 superabit,
2419 5303 2593 5371 deque
2661 5302 2798 5354 l‘acie
2834 5308 2990 5352 terra!

1420 5405 1728 5473 rissipaliil.

1496 5495 1757 5553 llecitaiis
1805 5493 2016 5548 duobus
2092 5492 2242 5546 hisce
2296 5488 2543 5554 somniis,
2597 5488 2829 5557 primum
2879 5485 2989 5540 sul-

1422 5594 1531 5642 taiii
1580 5589 1804 5641 Muralis
1857 5585 2156 5641 Seliciches
2190 5585 2270 5639 sic
2327 5582 2720 5650 interpretatus
2781 5590 2882 5643 est,
2936 5590 2991 5633 ut

1418 5686 1620 5736 dii-eiet
1677 5679 1913 5733 tttcdiuln
1978 5677 2162 5733 mundi
2228 5675 2537 5746 signiﬁcare
2585 5676 2769 5729 sedem
2822 5675 2992 5744 ipsius

1422 5774 1622 5828 snitani
1689 5773 1835 5826 liliira
1868 5774 1914 5826 is
1973 5769 2347 5841 iinperialem;
2419 5777 2473 5822 et
2532 5767 2784 5821 arborem
2866 5783 2988 5819 cuni

1422 5867 1633 5921 duobus
1697 5862 1945 5917 maximis
1994 5862 2182 5926 ramis,
2259 5862 2520 5914 denotare
2576 5858 2989 5927 amplitudinem

3085 4682 3249 4737 gnum
3275 4667 3503 4730 videret,
3530 4666 3688 4737 plane
3733 4668 3868 4722 nihil
3910 4669 4227 4722 oblocutum
4258 4685 4397 4723 esse.
4432 4666 4665 4721 Pra-tur-

3086 4774 3146 4811 ea
3177 4760 3367 4813 dicunt
3390 4758 3553 4813 iidem
3580 4759 3779 4824 Persae,
3813 4763 4040 4827 primani
4096 4774 4321 4813 uxorein
4374 4758 4670 4815 ﬂahuiiie-

3089 4849 3180 4917 tis,
3243 4852 3327 4903 cui
3384 4866 3578 4905 nomen
3642 4850 3808 4906 fuerit
3855 4853 4076 4916 Aisclie,
4142 4868 4423 4920 nunquam
4492 4852 4672 4907 [uisu

3089 4955 3314 4996 castam.
3350 4942 3461 4996 lino
3506 4943 3819 5013 prophetam
3853 4943 4241 5008 Malitinietein,
4276 4945 4365 5013 qui
4399 4961 4459 5000 se
4512 4959 4669 5014 puta—

3091 5046 3169 5089 rct
3203 5036 3559 5089 inviiitnrum
3604 5037 3890 5105 virginem,
3951 5053 4015 5090 ac
4073 5037 4350 5106 pudieam,
4400 5042 4674 5107 reperisse

3091 5129 3245 5196 plane
3288 5130 3642 5182 contrarium.
3682 5129 3905 5182 Addunt
3949 5129 4136 5192 etiam,
4192 5130 4341 5199 quod
4393 5132 4674 5187 exstinctr

3092 5220 3353 5290 preplicta
3409 5219 3740 5282 Mahumete,
3783 5236 3906 5275 cum
3957 5221 4071 5275 Alis
4122 5223 4467 5291 propinquus
4496 5232 4559 5277 et
4583 5241 4675 5292 ge-

3093 5324 3187 5363 ner
3216 5309 3358 5377 ejus,
3414 5312 3619 5363 electus
3662 5310 3857 5364 luisset
3902 5310 4131 5365 chalifes
4182 5313 4297 5366 sive
4331 5314 4575 5369 vicarius
4630 5329 4684 5369 rt

3092 5417 3377 5455 sneceSsor
3441 5401 3651 5470 ipsius;
3716 5400 3990 5456 Ebubekir
4066 5404 4250 5456 l'avore
4309 5406 4680 5472 malignorum

3092 5493 3452 5561 quorumdam
3516 5493 3757 5560 adjutus,
3819 5509 3914 5561 per
3971 5493 4274 5562 injuri-ani,
4344 5508 4536 5550 contra
4601 5498 4681 5550 la-

3093 5597 3239 5641 ctu:ii
3276 5605 3301 5639 ιι
3337 5588 3600 5657 propheta
3634 5598 4044 5653 testamentum,
4087 5604 4147 5642 se
4167 5588 4516 5644 constituerit
4543 5591 4681 5643 ch:-

3097 5680 3249 5733 lilen.
3326 5679 3469 5735 idem
3531 5690 3653 5748 post
3720 5681 3921 5751 ipsum,
3988 5679 4227 5746 reliquos
4287 5680 4449 5734 etiam
4516 5682 4680 5735 duos.

3094 5772 3345 5827 Omerein
3410 5780 3465 5826 et
3518 5768 3837 5831 Osmaneni.
3900 5772 4202 5827 factitasse.
4265 5772 4403 5826 Aliin
4471 5772 4680 5826 inter-cr.

3098 5865 3331 5933 quadam
3364 5863 3414 5918 in
3450 5864 3712 5934 spelunca
3761 5875 3930 5921 sciiict
3984 5866 4286 5931 abdidisse,
4337 5864 4506 5918 donec
4569 5878 4683 5918 oni-
