4866 6594
303 372 400 437 68!

1413 368 1782 434 SUPPLEM.
1821 374 2098 435 ANNAL.
2135 373 2433 439 TURCIC.

3453 387 3560 453 682

303 512 335 546 n
374 510 399 546 s
445 490 635 544 ordino
671 494 1037 549 morerentur,
1085 494 1248 555 atque
1298 486 1369 541 ita
1396 488 1609 542 tandem
1640 490 1720 545 eis
1752 504 1876 545 suc-
1904 496 1950 551 Α
1982 502 2145 560 patet.
2201 495 2342 562 apud
2399 492 2611 548 ‘l‘urcos
2662 494 2835 563 pluris
2897 492 3237 552 Christianos
3298 501 3560 573 religione

299 587 558 643 cessisse.
626 584 764 639 Cum
832 598 958 653 ergo
1013 591 1124 637 tres
1183 581 1271 636 isti
1323 589 1511 636 contra
1569 596 1883 649 supremum

301 679 536 747 elogium
587 676 898 729 testamenti
956 681 1395 743 prmceptumquc
1449 672 1722 741 prophetae
1769 671 1881 725 Mu-

302 772 543 825 hnmetis
578 767 932 837 deliquerint,
1002 766 1204 820 nullam
1251 767 1316 819 iis
1366 764 1544 820 Persm
1586 767 1744 820 fi'ein
1790 768 1885 818 atl-

306 868 513 929 bibent,
566 879 688 933 quae
730 877 761 915 a
825 862 999 915 tribus
1044 858 1151 912 illis
1212 858 1294 910 vel
1358 859 1556 910 tradita
1602 871 1753 919 voce,
1808 856 1886 907 vel

302 960 606 1011 litterarum
636 952 1008 1008 monumentis
1044 953 1255 1019 prodita
1298 960 1447 1006 sunt.
1497 951 1611 1005 lino
1657 952 1888 1004 ubicun-

304 1066 411 1119 qne
453 1050 624 1103 libros
679 1047 920 1115 ipsorum
978 1055 1032 1099 et
1085 1045 1288 1112 scripta
1346 1042 1646 1111 reperiunt,
1704 1043 1887 1097 confe-

308 1143 432 1195 stim
487 1140 722 1195 ﬂammis
780 1149 1036 1203 exurunt,
1107 1147 1161 1191 et
1218 1136 1517 1191 crudeliter
1554 1135 1635 1189 'in
1694 1151 1883 1190 eorum

308 1235 688 1287 observatores
768 1232 1234 1287 animadvertunt.
1293 1228 1458 1283 Iidem
1524 1227 1703 1284 Persae
1768 1243 1887 1283 sca-

307 1326 471 1376 chum
500 1322 613 1376 sive
647 1337 822 1391 regem
877 1338 1037 1398 suum
1094 1321 1343 1385 adorant,
1393 1328 1447 1373 et
1498 1321 1568 1373 ita
1625 1333 1888 1371 veneran-

309 1426 419 1479 tur,
460 1430 524 1469 ac
555 1416 599 1468 si
626 1414 760 1469 deus
780 1414 1050 1484 quispiam
1077 1421 1326 1467 terrenus
1357 1421 1526 1466 esset.
1578 1408 1696 1464 Non
1720 1410 1883 1465 etiam

310 1505 599 1573 quinquies
625 1503 858 1558 interdiu
894 1511 1172 1573 noctuque
1203 1501 1411 1571 precari
1444 1500 1645 1567 solent,
1695 1497 1889 1555 Osma-

310 1597 556 1649 uicorum
586 1611 760 1658 more,
792 1597 884 1653 sed
934 1596 1104 1651 semel
1136 1595 1425 1651 duntaxat.
1454 1594 1536 1648 Ad
1588 1608 1882 1660 summam,

306 1698 607 1743 sectatores
661 1698 793 1741 sunt
846 1686 1127 1755 religionis
1172 1701 1203 1741 a
1242 1686 1469 1741 doctore
1518 1685 1751 1754 quodam
1807 1684 1889 1739 eis

309 1780 541 1846 traditae,
574 1780 662 1833 cui
692 1794 891 1834 nomen
917 1778 1017 1833 fuit
1046 1778 1337 1833 scheiches
1371 1777 1609 1836 llaidar:
1669 1786 1722 1831 et
1767 1776 1886 1839 qui-

1989 586 2258 650 tliversos,
2290 601 2453 655 quam
2478 586 2670 642 Persas
2698 588 3025 643 Mahumetis
3060 592 3300 648 cultores
3330 596 3467 651 fieri.

2068 678 2342 745 I'prositis
2366 678 2490 733 belli
2525 680 2707 734 causis
2742 690 2792 735 et
2822 684 3013 750 initiis,
3047 682 3104 739 et
3144 686 3357 755 plenius
3400 688 3564 760 369

1988 772 2205 838 quidem
2240 788 2304 826 ac
2338 774 2541 836 verius,
2566 788 2727 843 quam
2772 778 3000 830 antehac
3022 778 3320 846 priestitum
3350 795 3377 832 a
3423 797 3564 850 quo-

1989 881 2152 932 quatn
2178 867 2270 929 sil,
2294 865 2699 935 ουῇιιςλίμιὶιιειιι
2725 867 2879 921 labor
2934 869 2985 921 in
3022 871 3296 938 publicum
3330 874 3558 942 exierit,

1991 973 2135 1011 nunc
2158 960 2222 1011 ad
2252 959 2399 1026 ipsas
2426 959 2568 1013 bello
2600 970 2782 1029 gestas
2811 976 2899 1015 res
2927 961 3279 1017 accedamus.

2062 1050 2272 1103 Dictum
2304 1051 2580 1119 superius,
2631 1052 2946 1105 inchoatum
2993 1052 3160 1107 fuisse
3200 1054 3396 1107 bellum
3459 1056 3567 1112 sub

1991 1135 2205 1189 lsmaile
2237 1138 2499 1200 secundo,
2536 1139 2739 1192 scacho
2764 1138 3085 1195 Persarum:
3110 1156 3221 1209 quo
3249 1157 3356 1195 non
3390 1145 3564 1195 tnulto

1992 1240 2106 1298 post
2136 1237 2378 1294 mortuo,
2404 1229 2528 1283 licet
2557 1229 2725 1284 frater
2749 1242 2803 1285 et
2827 1245 3116 1286 successor
3160 1233 3213 1286 in
3247 1249 3414 1302 regno
3438 1250 3565 1287 sca-

1989 1325 2126 1375 CilllS
2185 1319 2552 1375 Muclienietes
2609 1321 2964 1378 llodabendes
3018 1334 3257 1389 coeptum
3313 1338 3343 1378 a
3398 1324 3565 1379 fratre

1989 1411 2190 1465 bellum
2228 1412 2483 1480 prosequi
2513 1413 2868 1480 decrevisset,
2898 1423 3080 1471 tamen
3108 1425 3168 1470 ut
3213 1432 3281 1472 eo
3326 1418 3567 1487 paratior

1988 1500 2295 1564 accederet,
2334 1501 2480 1555 aliud
2526 1503 2820 1573 agendum,
2878 1515 2932 1560 et
2987 1506 3136 1560 aliud
3192 1506 3563 1563 simulandum

1990 1591 2165 1655 duxit,
2201 1607 2368 1663 regno
2399 1595 2697 1662 praesertim
2734 1610 2839 1649 non
2871 1596 2943 1650 ita
2976 1597 3184 1665 pridem
3232 1599 3402 1665 adito,
3463 1617 3566 1655 nec

1989 1684 2125 1739 satis
2155 1685 2332 1741 adhuc
2355 1686 2677 1756 compositis
2723 1688 2909 1753 rebus,
2943 1703 3080 1757 quas
3110 1688 3342 1746 lsmailis
3398 1702 3565 1746 lente-

1992 1779 2137 1832 raria
2178 1779 2478 1835 crudelitas
2524 1795 2633 1835 non
2683 1795 2875 1850 parum
2936 1784 3308 1853 perturbarat.
3381 1786 3567 1855 Itaque

308 1871 430 1925 dam
471 1885 537 1925 ex
586 1872 720 1940 ipsis
779 1870 1011 1925 alterius
1070 1885 1290 1941 quoque
1345 1869 1586 1925 doctoris
1646 1869 1892 1939 vestigiis
1923 1871 1965 1927 Β
1997 1868 2425 1926 moderationem
2454 1874 2747 1942 quamdam
2782 1888 2891 1943 pro:
2920 1890 2979 1929 se
3007 1875 3210 1942 ferens,
3246 1892 3352 1946 qua
3389 1880 3565 1933 turbis

311 1966 591 2030 insistunt,
621 1980 780 2034 quem
822 1964 1082 2018 imamum
1139 1962 1414 2019 liarustim
1468 1963 1761 2033 appellant.
1813 1959 1878 2013 lli

307 2060 421 2115 duo
464 2059 717 2114 do'ctores
743 2057 825 2113 vel
876 2059 1063 2113 imiimi
1104 2058 1433 2114 exstiterunt
1467 2059 1521 2112 in
1560 2057 1692 2112 urbe
1748 2054 1879 2110 Pcr-

307 2169 492 2208 sarum
530 2153 695 2218 Resa,
730 2167 840 2220 quo
866 2164 1111 2220 tempore
1132 2151 1389 2205 vixerunt
1418 2149 1656 2214 Ertlcbil,
1680 2146 1881 2204 Usum-

308 2246 568 2302 chasanis
614 2246 801 2301 seachi
848 2244 1139 2300 Persarum
1194 2259 1382 2313 gener,
1434 2253 1488 2299 et
1521 2247 1752 2299 seachus
1800 2241 1879 2297 ls-

310 2342 466 2405 mail,
496 2340 618 2409 ejus
652 2338 890 2393 nominis
918 2338 1146 2407 primus,
1179 2336 1445 2392 Erdebilis
1479 2335 1644 2401 ﬁlius,
1674 2334 1881 2392 Usum-

310 2435 569 2489 chasanis
598 2449 663 2487 ex
700 2432 906 2485 Martha
935 2433 1044 2485 lilia
1105 2446 1296 2499 nepos.
1332 2429 1581 2500 Cumque
1630 2431 1882 2485 doctores

313 2527 369 2581 bi
398 2535 511 2580 tam
544 2526 949 2589 concionanuo,
983 2540 1146 2594 quam
1203 2524 1517 2590 scribendo,
1570 2538 1632 2576 ea
1686 2508 1885 2591 propio-

312 2620 574 2685 suissent,
603 2634 725 2687 qua
750 2617 1009 2683 diximus,
1048 2618 1158 2672 duo
1190 2618 1266 2670 illi
1318 2612 1620 2686 principes;
1666 2614 1884 2669 Erdebil

310 2721 371 2767 ct
414 2712 635 2775 lsmail,
674 2721 826 2780 pater
875 2718 931 2764 et
985 2709 1147 2773 filius,
1214 2723 1405 2764 eorum
1455 2706 1756 2762 doctrinam
1802 2722 1883 2760 se-

310 2816 568 2874 etainque
615 2806 917 2873 probarunt
962 2816 1018 2857 et
1060 2802 1291 2870 amplexi
1336 2810 1484 2857 sunt.
1509 2803 1585 2855 Ac
1636 2800 1728 2853 filii
1766 2800 1886 2867 qui-

314 2898 441 2953 dem
496 2897 751 2962 lsmailis,
810 2906 1167 2967 cognomento
1219 2893 1471 2964 Sepbini,
1531 2908 1594 2949 ea
1656 2892 1887 2947 felicitas

322 2992 450 3058 fuit,
485 3001 545 3047 ut
578 3004 730 3046 novis
758 2991 1055 3060 religionis,
1083 3004 1247 3060 quam
1276 2986 1572 3058 Sophinam
1600 2995 1887 3050 vocarunt,

326 3086 472 3141 fama
490 3084 892 3141 confluentibus
937 3084 1003 3138 ad
1038 3085 1216 3152 ipsum
1269 3082 1454 3152 parvis
1510 3080 1688 3143 initio,
1736 3078 1890 3134 dein.

316 3183 387 3235 de
419 3179 720 3248 majoribus
744 3176 1022 3232 hominum
1055 3176 1250 3246 copiis,
1311 3174 1526 3228 tandem
1552 3172 1754 3242 praeliis
1806 3171 1889 3225 vi-

1988 1961 2129 2015 inter
2187 1972 2476 2033 utramque
2529 1975 2748 2037 gentem
2794 1981 2963 2036 nuper
2999 1967 3208 2022 exortis
3265 1970 3565 2025 remedium

1989 2051 2186 2108 afferre
2212 2066 2472 2125 cuperet:
2513 2057 2721 2127 legatos
2751 2062 2876 2114 cu'm
2934 2060 3133 2117 litteris
3182 2061 3248 2116 ad
3283 2064 3562 2117 sultanuin

1989 2145 2250 2201 Muratem
2294 2150 2463 2216 misit,
2526 2151 2727 2220 quibus
2774 2153 3142 2222 signiﬁcabat,
3193 2171 3474 2225 nunquam
3508 2172 3567 2213 se

1991 2239 2177 2293 fratris
2209 2241 2262 2294 in
2320 2242 2695 2314 abrutnpcnda
2744 2260 2877 2314 pace
2932 2246 3223 2301 consilium
3283 2249 3565 2317 probasse,

1991 2332 2083 2385 sed
2109 2332 2160 2386 in
2191 2333 2381 2402 primis
2422 2336 2526 2390 hoc
2577 2353 2795 2407 semper
2854 2340 3219 2406 desiderasse,
3276 2344 3354 2396 uti
3396 2345 3568 2397 semel

1992 2428 2133 2479 inter
2178 2439 2465 2495 utramque
2519 2428 2784 2484 fuiniliain
2840 2433 3165 2497 constituta,
3224 2442 3411 2503 totque
3454 2436 3567 2504 jam

1994 2520 2060 2572 ab
2083 2521 2239 2575 annis
2281 2525 2429 2574 culta
2466 2538 2567 2591 pax
2609 2532 2662 2577 et
2727 2525 2971 2580 amicitia
3031 2536 3242 2591 mutua,
3302 2538 3569 2597 perpetuo

1994 2624 2435 2667 conservaretur.
2514 2633 2528 2648 ‘

2063 2705 2145 2759 Ab
2170 2706 2339 2761 altera
2402 2716 2557 2777 parte
2611 2706 2875 2772 Muratcs,
2944 2710 3038 2779 qui
3098 2694 3279 2767 veram
3322 2712 3571 2768 crederet

1993 2799 2385 2864 expositionem
2409 2815 2472 2855 ac
2518 2801 2945 2855 declarationem
3006 2803 3369 2859 iudicatorum
3423 2820 3572 2860 som-

1996 2893 2238 2954 niorum,
2281 2900 2337 2945 et
2392 2892 2529 2946 citra
2582 2893 3046 2949 intermissionem
3094 2894 3163 2949 ad
3222 2895 3569 2951 inferendum

1996 2984 2173 3038 Persis
2194 2986 2461 3039 haereticis
2506 2985 2708 3041 bellum
2765 2988 3157 3043 accenderetur
3206 3004 3235 3042 a
3297 2989 3571 3058 pra-.dictis

1998 3075 2250 3128 scheiche
2272 3085 2433 3145 atque
2462 3076 2678 3145 hoggia,
2707 3076 2863 3132 flocci
2890 3078 3198 3147 legationes
3242 3092 3308 3132 ac
3360 3080 3570 3134 litteras

1999 3168 2180 3221 seachi
2212 3167 2568 3224 Muchemelis
2593 3168 2870 3224 faciebat:
2930 3170 3176 3240 adeoque
3228 3171 3316 3224 vix
3367 3172 3571 3226 auditis

317 3279 438 3324 ctos
468 3266 759 3327 Persarum
816 3280 994 3340 rcges,
1039 3263 1301 3333 Jacupem
1359 3264 1688 3318 avunculum
1730 3275 1887 3314 suum
1915 3262 1960 3323 C
1998 3260 2189 3330 legatis
2222 3260 2543 3329 imperabat,
2570 3269 2631 3314 ut
2658 3276 2985 3317 numerosus
3008 3277 3074 3317 ac
3125 3272 3435 3331 praepotens
3479 3279 3572 3319 co-

320 3363 556 3432 ejusque
580 3360 753 3415 filium
782 3360 1089 3423 Alvantem,
1127 3357 1407 3421 occiderit,
1439 3372 1502 3412 ac
1537 3356 1640 3413 sibi
1665 3370 1892 3425 regnum

320 3453 640 3524 subjeccrit,
688 3453 756 3507 ad
807 3458 1057 3519 posteros
1106 3450 1268 3504 etiam
1322 3448 1583 3518 dignitate
1645 3447 1792 3517 regia
1840 3445 1893 3500 in

324 3549 472 3603 hunc
500 3559 672 3615 usque
693 3545 841 3600 dictu
876 3555 1193 3613 prepagata.
1243 3538 1609 3595 Nihilominus
1660 3539 1735 3593 illi
1786 3538 1896 3592 duo

320 3641 613 3695 Persarum
636 3637 950 3706 imamis‘i‘ve
1001 3635 1271 3695 doctores,
1298 3630 1501 3685 llaidar
1540 3638 1595 3684 et
1619 3627 1894 3693 Harustis,

320 3748 434 3788 non
482 3730 899 3788 Osmanicorum
934 3727 1217 3787 duntaxat,
1243 3739 1431 3778 verum
1466 3724 1630 3779 etiam
1663 3723 1894 3777 aliorum

321 3826 834 3881 Ilahumetanorum
888 3820 1271 3874 exsecratione
1320 3818 1653 3872 damnantur
1681 3824 1789 3871 tam
1840 3817 1893 3869 in

323 3920 582 3975 Barbaria
623 3918 707 3974 vel
751 3915 954 3979 Africa,
975 3930 1137 3984 quam
1165 3914 1218 3968 in
1239 3911 1418 3968 Kcziis
1443 3912 1899 3968 basszelatissimo

321 4014 574 4082 imperio,
600 4012 694 4082 qui
745 4024 977 4079 magnus
1027 4006 1351 4061 Tatarorum
1417 4008 1555 4060 chan
1611 4003 1898 4060 Chitainns

321 4110 488 4176 vulgo
538 4106 760 4162 dicitur.
814 4105 924 4157 Has
954 4115 1145 4156 omnes
1194 4100 1357 4169 igitur
1410 4103 1480 4154 ob
1529 4113 1725 4153 causas
1762 4101 1933 4156 adeo

324 4202 512 4255 Persis
546 4197 731 4253 infesti
753 4204 885 4252 sunt
940 4193 1241 4269 Ostnanici,
1273 4201 1333 4247 ut
1386 4194 1578 4247 borum
1632 4192 1896 4261 muplitis,

323 4293 431 4348 hoc
447 4301 550 4355 est,
580 4291 891 4360 patriarcha
922 4287 1006 4341 vel
1046 4300 1297 4341 summus
1337 4284 1599 4352 pontifex,
1650 4284 1789 4338 hanc
1835 4285 1899 4335 tle

323 4384 462 4454 ipsis
501 4380 1052 4457 scutentiam.tulerit
1082 4393 1097 4431 :
1135 4379 1343 4446 gratius
1374 4378 1629 4431 nimirum
1661 4387 1713 4430 et
1740 4392 1894 4429 θρωπε

320 4475 476 4545 ptius
501 4488 621 4528 esse
646 4473 778 4531 Dco.
812 4470 1090 4534 religionis
1119 4469 1512 4523 Malmmetana:
1557 4484 1719 4522 causa
1763 4468 1893 4522 Pcr-

1999 3361 2218 3424 geretur
2239 3352 2540 3409 exercitus.
2573 3352 2884 3409 Accedebat
2928 3355 3197 3424 impulsor
3260 3353 3422 3419 alius,
3473 3371 3574 3410 nec

2000 3448 2183 3501 minus
2214 3458 2360 3513 acer,
2391 3448 2668 3504 llusreves
2709 3449 2865 3503 bassa
2900 3446 3231 3504 Wanensis:
3287 3451 3382 3520 qui
3436 3467 3574 3519 quo—

2000 3540 2127 3592 tidie
2156 3540 2471 3595 vereilarios
2491 3556 2614 3595 cum
2649 3543 2842 3597 litteris
2863 3542 3396 3613 Constantinopolim
3438 3548 3570 3598 inis—

2000 3632 2223 3701 sitabat,
2253 3647 2350 3701 per
2374 3647 2512 3701 quas
2552 3634 2762 3689 litteras
2810 3638 3087 3689 sultanum
3135 3634 3399 3691 Muratem
3456 3654 3574 3691 cer-

2002 3727 2189 3780 tiorem
2216 3727 2493 3793 reddebat,
2523 3742 2714 3796 reapse
2739 3726 2931 3783 Persas
2950 3742 3139 3797 pacem
3166 3745 3271 3785 non
3294 3739 3570 3799 expetere,

2000 3819 2095 3872 sed
2118 3819 2255 3874 dicis
2307 3820 2574 3874 duntaxat
2633 3834 2821 3883 causa,
2880 3822 3091 3878 litteras
3154 3834 3206 3879 et
3259 3825 3465 3895 legatos
3504 3827 3569 3877 ad

2003 3912 2219 3964 Portam
2247 3912 2484 3977 misisse,
2515 3928 2624 3982 quo
2647 3914 2859 3967 scilicet
2891 3931 3094 3969 moram
3131 3917 3569 3987 interponerent,

2002 4020 2167 4073 seque
2194 4005 2436 4075 gerendo
2462 4006 2606 4060 bello
2640 4006 2803 4060 rebus
2834 4007 2903 4061 ab
2943 4008 3201 4062 omnibus
3255 4010 3572 4063 instructio-

2003 4111 2089 4151 t'cs
2119 4097 2413 4154 eflicerent.

2070 4187 2227 4241 Anno
2291 4187 2672 4243 Mabumetano
2747 4188 2850 4243 984
2903 4188 3057 4259 (Chr.
3121 4190 3274 4257 I577)
3340 4196 3572 4248 scaclius

2003 4280 2370 4334 Muchcmetes
2400 4294 2525 4335 cum
2562 4280 2630 4334 iis
2673 4281 2910 4349 populis,
2973 4296 3207 4348 quorum
3276 4282 3573 4350 imperator

2005 4376 2157 4440 longe
2187 4372 2431 4425 omnium
2465 4382 2578 4426 toto
2618 4378 2891 4426 terrarum
2944 4375 3077 4426 orbe
3131 4375 3568 4442 potentissimus.

2004 4462 2108 4517 Ulu
2141 4464 2288 4516 Cban
2318 4462 2624 4527 Chitainus,
2660 4473 2716 4517 et
2741 4464 2938 4517 Kezies
2981 4464 3137 4517 hassa
3189 4469 3569 4532 coguominari

321 4583 442 4625 sam
470 4581 638 4621 unum
661 4564 859 4625 occidi,
917 4564 1041 4616 licet
1092 4560 1427 4629 professione
1479 4560 1895 4613 Mahumctanus
1932 4598 1970 4651 υ
2004 4557 2161 4617 solet,
2184 4553 2361 4608 fmdus
2392 4555 2533 4619 iniit,
2560 4570 2765 4622 eosque
2782 4555 2884 4609 sibi
2911 4555 3052 4610 bello
3109 4564 3299 4611 contra
3356 4559 3570 4612 Tun-os

319 4663 414 4725 sit,
442 4674 603 4727 quam
645 4657 691 4710 si
741 4657 867 4725 quis
892 4656 960 4708 70
1004 4653 1371 4715 Christianos,
1424 4667 1453 4705 a
1494 4651 1890 4706 Mahumetanis

323 4754 382 4805 in
413 4750 677 4819 religione
706 4761 934 4817 prorsus
957 4744 1308 4809 dissidentes,
1373 4742 1682 4797 interficiat.
1733 4743 1892 4796 Deni-

326 4859 438 4913 que
475 4847 693 4896 constat
734 4840 782 4891 Id
819 4836 1100 4905 temporis,
1130 4850 1255 4890 cum
1309 4835 1535 4889 illustris
1561 4846 1613 4887 et
1673 4849 1894 4904 genero-

328 4951 431 4991 sus
468 4932 703 4994 Caesaris
736 4927 1177 4982 Christianorum
1243 4924 1309 4976 ad
1370 4923 1588 4976 i’ortam
1646 4924 1895 4977 Osmani-

326 5040 455 5081 cam
496 5032 705 5083 orator,
772 5018 1002 5071 Davides
1054 5013 1395 5084 Ungnadtus,
1450 5015 1591 5067 Baro
1648 5014 1896 5069 Sonnec-

326 5120 541 5179 ciacus,
603 5109 1070 5176 Constantinopoli
1129 5108 1497 5170 discessurus,
1563 5116 1635 5180 et.
1678 5112 1897 5159 sultano

328 5208 804 5262 Musulmanurum
834 5199 1200 5253 valedicturus
1228 5204 1367 5256 erat,
1393 5195 1637 5249 eamdem
1672 5198 1742 5249 ob
1770 5210 1902 5249 cau-

328 5312 455 5354 sam
485 5298 718 5363 legatum
746 5293 909 5345 etiam
946 5288 1223 5343 Persicum
1251 5287 1317 5341 ad
1346 5286 1611 5340 Divanum
1657 5303 1715 5342 se
1771 5302 1900 5341 ειιιισ

331 5391 552 5446 tulisse.
588 5386 741 5439 Hunc
771 5383 931 5454 paulo
961 5382 1141 5435 serius
1188 5380 1482 5440 adveniens
1507 5388 1687 5433 orator
1715 5378 1897 5432 Caesa.-

331 5487 417 5539 ris
443 5482 615 5535 nostri
647 5478 827 5532 locum
853 5479 1111 5544 primum,
1144 5473 1249 5527 sibi
1275 5474 1544 5536 debitum,
1605 5486 1901 5540 occupasse

330 5574 707 5641 conspicatus,
747 5568 1039 5623 insalutato
1070 5567 1308 5629 sultano,
1344 5565 1689 5619 discessurus
1747 5577 1898 5629 erat;

329 5674 431 5727 sed
454 5668 812 5720 Mechemetes
845 5664 1005 5716 bassa
1031 5666 1413 5724 vezirasemcs,
1468 5660 1625 5727 cujus
1677 5663 1902 5713 mentio-

329 5782 462 5820 nem
510 5761 757 5823 fecimus,
813 5773 875 5810 ea
928 5772 987 5812 re
1021 5755 1420 5818 animadversa,
1478 5753 1717 5819 Persam,
1781 5756 1903 5807 licet

335 5861 805 5914 Maliumetanuin,
839 5850 1097 5903 inieriure
1135 5851 1251 5903 loco
1287 5852 1473 5904 scdcrc
1531 5850 1713 5919 jussit.
1752 5847 1901 5900 [Inde

545 5956 816 6014 Parnm.
844 5953 966 6011 (in.
1007 5942 1188 6005 CLIX

2001 4649 2238 4717 gerendo
2266 4649 2445 4701 socios
2498 4649 2783 4713 adjunxit,
2834 4650 3047 4701 tametsi
3122 4650 3353 4717 majores
3405 4652 3574 4719 ipsius

1996 4743 2253 4794 tontinua
2291 4757 2412 4794 cum
2449 4741 2528 4794 eis
2582 4743 2716 4794 bella
2755 4742 3079 4809 gessissent.
3129 4742 3277 4795 Licet
3306 4745 3451 4795 enim
3519 4755 3573 4794 rt

2000 4835 2099 4903 ipsi
2132 4833 2504 4887 Mahumetani
2532 4843 2683 4896 sunt,
2711 4846 2889 4887 tamen
2932 4836 3265 4904 quibusdam
3322 4838 3388 4890 de
3445 4839 3571 4889 reli-

1999 4927 2156 4995 gione
2185 4925 2511 4980 sententiisa
2549 4925 2729 4979 Persis
2760 4927 3093 4995 discrepant.
3127 4904 3336 4982 iiahuit
3395 4932 3563 4983 ctiam

2001 5026 2192 5084 praeter
2233 5019 2327 5071 hos
2373 5021 2683 5085 complures
2712 5033 2782 5071 ex
2836 5020 2969 5088 ipsis
2999 5019 3198 5072 Turcis
3229 5037 3332 5072 non
3388 5037 3567 5088 parvus

2000 5110 2342 5162 auctoritatis
2369 5109 2683 5172 auxiliares,
2711 5110 2801 5178 qui
2822 5110 2891 5162 ah
2920 5110 3039 5163 aliis
3072 5110 3268 5164 Turcis
3322 5111 3569 5166 OSllttttli-

2001 5202 2155 5256 cisin
2187 5202 2463 5269 religionis
2514 5203 2774 5269 opinione
2822 5202 3181 5264 dissidebant,
3249 5214 3304 5256 et
3345 5206 3409 5255 ad
3471 5206 3573 5256 So-

2003 5291 2576 5360 phinosinelinabant.
2618 5292 2858 5359 Denique
2907 5307 3013 5345 non
3071 5294 3292 5361 exiguas
3334 5308 3363 5345 a
3404 5292 3573 5346 Geor-

2003 5380 2179 5449 gianis
2230 5395 2449 5449 quoque
2498 5381 2681 5447 copias
2739 5380 3067 5446 impetravit,
3117 5384 3209 5449 qui
3270 5384 3573 5449 antiquitus

2004 5470 2139 5523 lberi
2168 5472 2507 5538 dicebantur,
2539 5480 2592 5524 et
2618 5472 2935 5542 religionem
2967 5472 3336 5528 Christianam
3385 5478 3568 5531 hodie-

2004 5583 2110 5634 que
2151 5567 2488 5634 profitentur,
2525 5566 2775 5619 nonnihil
2803 5578 2983 5621 tamen
3012 5582 3040 5621 a
3068 5564 3269 5623 Graecis
3292 5579 3346 5623 et
3366 5571 3569 5624 nostris

2006 5660 2354 5713 dissidentes.
2390 5660 2739 5731 Principibus
2766 5660 2998 5715 diversis
3034 5674 3244 5730 parent.
3278 5676 3329 5716 et
3368 5670 3569 5717 :tttitttis

2009 5758 2284 5811 adl‘ersas
2320 5759 2684 5825 propendunt,
2719 5758 2920 5828 quibus
2954 5760 3056 5811 hoc
3091 5758 3228 5811 bello
3274 5761 3566 5825 piurimmu

2011 5868 2057 5915 ιιι
2076 5850 2354 5902 oluerunt.

3160 5948 3237 6005 22
