4866 6594
1339 508 1442 573 683

1410 622 1486 676 Ex
1523 623 1758 677 adverso
1787 618 2038 674 sultanus
2069 615 2309 670 Murales
2333 614 2599 670 exercitui
2635 630 2737 670 suo
2765 615 2923 685 longe
2951 618 3000 676 Α

1327 715 1692 783 amplissimo,
1726 729 1836 782 quo
1882 711 2152 764 contineri
2204 709 2571 764 credebantur
2635 708 2917 762 hominum

1328 811 1394 859 at
1438 809 1670 861 ducenta
1705 783 1896 868 titillia,
1962 803 2308 873 Muslapham
2372 803 2590 855 bassam
2658 815 2918 871 supremo

1329 923 1453 959 cum
1483 904 1714 972 imperio
1743 902 2006 971 praefecit,
2041 903 2201 972 cujus
2234 900 2552 954 inuuanitas
2582 915 2645 952 ac
2688 899 2917 968 pertidia

1332 999 1475 1052 bello
1522 996 1725 1068 Cyprio
1779 996 2065 1049 nobilitata
2130 995 2336 1048 fuerat.
2397 991 2446 1046 ls
2498 994 2586 1046 die
2639 993 2671 1044 5
2716 991 2919 1046 mensis

1331 1091 1555 1158 Aprilis,
1632 1106 1774 1143 anno
1825 1091 1931 1144 985
1978 1088 2132 1146 (Chr.
2175 1087 2376 1158 1578),
2442 1086 2917 1153 Constantinopoli

1331 1184 1623 1239 discedens
1664 1183 1907 1236 maximo
1939 1197 2061 1234 cum
2101 1178 2277 1234 Porta-
2307 1194 2596 1248 procerum
2629 1177 2916 1239 tomitatn,

1332 1279 1425 1346 qui
1460 1276 1683 1332 honoris
1737 1290 1862 1328 eum
1940 1290 2103 1328 causa
2169 1272 2551 1336 deducebant,
2611 1270 2915 1324 lscndaram

1335 1367 1664 1422 transmisit.
1722 1365 1851 1420 Inde
1891 1366 2071 1420 ductis
2129 1367 2194 1418 ad
2235 1365 2474 1418 hostium
2539 1365 2674 1418 tlues
2722 1362 2916 1431 copiis,

1331 1476 1458 1514 eum
1500 1466 1604 1514 sub
1633 1460 1848 1514 initiutn
1882 1461 2114 1529 Augusti
2171 1458 2380 1511 mensis
2435 1472 2500 1512 co
2556 1457 2915 1525 pervenisset,

1329 1552 1761 1622 Georgianorum
1803 1567 1890 1605 res
1916 1567 2012 1620 per
2048 1564 2324 1604 summam
2354 1546 2736 1604 crudelitatem
2755 1563 2919 1618 agere

1333 1645 1479 1698 ferre
1513 1643 1702 1713 cmpit.
1739 1643 1885 1696 lnter
1922 1643 2026 1697 hoc
2062 1652 2182 1696 erat
2210 1639 2413 1696 femina
2471 1641 2719 1711 quaedam
2769 1640 2920 1708 prin-

1333 1752 1486 1804 Cl‘pS,
1519 1753 1684 1804 quam
1727 1736 1888 1804 vulgo
1921 1737 2161 1790 vetulam
2195 1734 2277 1790 vel
2307 1749 2575 1789 annosam
2629 1734 2916 1789 vocabant.

1336 1831 1412 1882 lia
1472 1845 1597 1882 cum
1657 1828 1723 1882 de
1766 1830 2005 1898 potentia
2061 1828 2264 1882 sultani
2304 1828 2529 1881 Muralis
2587 1828 2918 1896 accepisset,

1333 1920 1436 1974 sub
1476 1920 1578 1973 fide
1616 1919 1832 1986 publica
1868 1920 2005 1974 filios
2037 1919 2175 1974 duos
2205 1921 2272 1974 ad
2305 1918 2647 1989 Mnstapham
2699 1920 2915 1974 bassatn

1335 2012 1506 2074 misit,
1543 2026 1599 2066 ιιι
1626 2014 1986 2083 subjeetionis
2032 2021 2086 2067 et
2127 2013 2454 2069 obedientizn
2510 2014 2726 2083 signum
2790 2027 2918 2081 erga

1335 2107 1613 2160 sultanum
1639 2108 1990 2160 Usmanidam
2021 2106 2228 2161 edetct.
2271 2106 2353 2160 llli
2406 2122 2527 2161 cum
2572 2106 2807 2175 primum
2851 2107 2916 2160 ad

1335 2199 1680 2268 ldnstapham
1706 2207 2002 2270 tyrannum
2041 2199 2340 2262 venissent,
2377 2215 2498 2252 mox
2538 2201 2605 2250 ab
2656 2215 2741 2260 eo,
2805 2203 2921 2253 ι·ῑιο

1337 2295 1546 2348 scilicet
1565 2301 1772 2358 astuto,
1802 2292 1950 2347 nulla
1976 2291 2118 2346 datae
2145 2291 2264 2346 fidei
2291 2293 2497 2346 ratione
2522 2293 2726 2357 habita,
2753 2309 2916 2362 quam

1338 2402 1489 2440 more
1530 2402 1630 2441 suo
1657 2397 1766 2440 tam
1830 2399 1959 2456 erga
1997 2385 2370 2447 Christianos,
2403 2401 2568 2454 quam
2629 2386 2921 2440 Mahume-

1337 2491 1517 2542 llttOS,
1553 2494 1650 2548 pro
1693 2478 1849 2532 libitu
1881 2478 2096 2532 solebat
2131 2477 2370 2542 violare,
2389 2477 2918 2548 (Innstantinopnlim

1334 2573 1709 2627 adsultanum
1740 2571 2007 2626 Moralem
2068 2571 2382 2625 mittuntur.
2442 2573 2618 2625 Simul
2671 2575 2741 2626 ab
2800 2573 2919 2641 ipso

1335 2667 1540 2720 certior
1571 2665 1810 2721 Murates
1842 2664 2112 2729 redditur,
2145 2679 2426 2734 nunquam
2459 2668 2722 2719 ditionem
2770 2666 2919 2737 ptiu-

1335 2765 1471 2834 t-ipis
1505 2777 1750 2825 annosae,
1786 2761 1983 2816 matris
2049 2775 2264 2826 eorum,
2302 2763 2404 2816 sub
2460 2761 2683 2816 Muritis
2728 2764 2917 2832 jugum

1339 2871 1649 2916 venturam.
1706 2857 1758 2908 ni
1791 2855 1872 2908 vel
1909 2865 2160 2924 uterque,
2219 2855 2303 2909 vel
2341 2857 2608 2909 alteruter
2654 2856 2921 2911 dttntautl

1334 2950 1400 3006 ad
1434 2948 1872 3016 amplectendum
1907 2947 2228 3016 religionem
2267 2945 2739 3000 Musulntanorum
2794 2964 2922 3016 pero

1338 3049 1643 3096 moveatur.
1682 3039 1800 3105 Qua
1832 3038 2050 3109 quidem
2084 3038 2140 3091 itt
2194 3055 2253 3094 re
2286 3048 2394 3094 tam
2455 3041 2546 3093 diu
2609 3041 2916 3096 labet-stum

1339 3139 1435 3188 luit
1464 3135 1532 3187 ab
1573 3131 1906 3196 Osmatticis,
1960 3139 2019 3186 ut
2079 3131 2294 3185 tandem
2338 3132 2518 3186 minot-
2577 3143 2702 3186 natu
2757 3134 2921 3186 frater

1339 3224 1874 3287 musulmanissaret,
1917 3236 2063 3277 anno
2108 3221 2213 3278 986
2253 3222 2409 3293 (Chr.
2466 3222 2653 3290 1579),
2710 3225 2796 3277 die
2852 3225 2921 3279 9.5

1341 3319 1546 3372 tneusis
1581 3316 1727 3371 Junii
1757 3333 1771 3381 ;
1812 3317 1900 3370 cui
1929 3325 2212 3386 propterea
2246 3325 2497 3396 .paterna
2562 3329 2920 3389 maternaque

1335 3412 1472 3465 ditio
1500 3427 1626 3464 cum
1662 3412 1761 3463 hac
1793 3410 1910 3478 lege
1936 3424 2200 3464 concessa
2235 3409 2356 3470 fuit,
2390 3417 2445 3461 nl
2471 3426 2589 3462 eam
2640 3411 2800 3464 titulo
2834 3416 2921 3466 be-
2947 3381 2993 3444 ρ

1343 3504 1709 3576 glerhegatus,
1749 3503 2014 3557 benelieio
2041 3502 2242 3555 sultaui
2309 3501 2534 3557 Muralis
2595 3504 2916 3573 possideret.

1341 3599 1435 3654 Est
1465 3609 1646 3652 autem
1669 3611 1730 3651 ea
1765 3596 1916 3667 regio
1964 3595 2258 3649 Tscbildiri
2292 3595 2673 3666 Tiphlisinque
2709 3611 2925 3653 conter-

1341 3693 1509 3746 mina.
1558 3690 1731 3759 Major
1796 3702 1929 3743 natu
1983 3687 2149 3741 frater
2198 3690 2249 3741 in
2324 3689 2601 3743 retinenda
2666 3691 2923 3761 religione

1338 3784 1649 3839 Christiana
1678 3790 2023 3838 constantem
2057 3797 2116 3836 se
2141 3781 2397 3850 prmbuit,
2432 3796 2494 3836 ac
2528 3785 2747 3837 tametsi
2777 3784 2922 3837 ιιιιιι-

1342 3892 1456 3934 tum
1489 3878 1764 3950 precibus,
1799 3875 2111 3946 promissis,
2150 3875 2314 3930 minis
2363 3874 2605 3944 denique
2659 3876 2921 3931 formida-

1340 3972 1544 4028 bilihtts
1575 3979 1898 4034 tentaretur,
1966 3981 2245 4037 tmuquam
2283 3980 2466 4031 tamen
2490 3969 2686 4024 adduci
2723 3972 2920 4038 pntttit,

1340 4079 1398 4122 ttt
1433 4065 1594 4121 tidem
1630 4063 2000 4120 Christianam
2024 4063 2326 4117 desereret.
2377 4058 2529 4116 Unde
2589 4062 2816 4126 factum,
2867 4076 2924 4118 ιιι

1337 4159 1472 4226 ipsis
1505 4152 1991 4224 Constantinopoli
2025 4153 2289 4223 profectis
2344 4155 2534 4209 eodem
2593 4170 2741 4209 anno
2785 4153 2919 4219 'tlb‘b',

1337 4256 1426 4309 die
1459 4255 1523 4308 15
1551 4251 1774 4306 mensis.
1808 4249 2061 4319 Augusti,
2122 4249 2283 4304 simul
2327 4265 2390 4303 ac
2430 4253 2634 4305 reversi
2692 4251 2922 4305 fuissent
2968 4314 2972 4318 ι

1337 4351 1393 4401 itt
1436 4346 1690 4416 patriam,
1729 4345 1897 4399 frater
1935 4343 2021 4397 h'ie
2082 4343 2432 4396 Christianus
2487 4344 2776 4398 conti-sum
2824 4363 2919 4399 ex-

1340 4440 1573 4509 spiraret
1600 4454 1612 4488 :
1642 4442 1705 4491 de
1727 4437 1888 4505 cujus
1919 4445 2096 4488 morte
2125 4437 2355 4489 diversa:
2385 4435 2603 4489 fuerunt
2638 4436 2916 4491 hominum

1340 4533 1651 4603 opiniones,
1691 4532 1815 4585 aliis
1844 4547 1873 4584 a
1906 4529 2076 4583 fratre
2121 4544 2390 4584 venenum
2423 4527 2472 4582 ei
2502 4533 2681 4582 ttatn.u
2741 4532 2793 4582 in
2839 4533 2922 4584 iti-

1339 4642 1468 4680 nere
1501 4624 1935 4692 perhibentibus,
1973 4621 2095 4676 aliis
2156 4636 2254 4691 pro
2287 4630 2438 4675 certe
2471 4622 2869 4677 allirruantilms
2904 4665 2917 4688 ,

2566 499 2892 562 JOANNIS
2926 499 3391 561 LEUNCLM'H

4505 497 4609 562 684

3099 612 3462 687 Posteaquam
3527 615 3746 670 redacto
3813 615 3868 669 in
3940 622 4263 683 potestatem
4343 612 4610 683 'l'iphlisio

3023 711 3410 782 beglet'bcgum
3469 708 3826 780 prtefecisset,
3885 723 3950 762 ac
4011 707 4441 778 dcphterdarum
4497 709 4612 762 sive

3025 804 3372 870 rationalem,
3403 802 3486 858 vel
3519 812 3875 873 quaestorem,
3935 800 4137 856 ﬂumen
4170 801 4445 871 quoddam
4495 802 4612 857 suis

3024 913 3148 952 cum
3180 897 3354 967 copiis
3387 897 3719 963 transmisit,
3759 895 3904 967 quod
3939 896 4008 950 ab
4034 894 4157 950 aliis
4178 897 4337 960 Ares,
4369 896 4440 950 ab
4488 896 4614 951 aliis

3023 992 3252 1056 Carastt,
3287 992 3337 1044 id
3391 1002 3497 1052 est,
3555 993 3705 1061 Aqua
3771 991 3950 1062 nigra,
4005 1000 4234 1046 vocatur
4295 1001 4610 1060 propterea,

3024 1084 3171 1154 qund
3207 1085 3410 1152 impetu
3447 1083 3618 1139 veloci
3658 1082 3794 1138 lluat
3842 1093 3896 1137 et
3945 1081 4276 1152 profundum
4327 1083 4419 1138 sit.
4475 1082 4613 1136 Dum

3025 1176 3302 1230 ldtlnmen
3348 1175 3730 1244 transliceret,
3795 1191 3904 1232 uno
3954 1177 4221 1231 duntaxat
4279 1174 4367 1231 die
4435 1176 4615 1229 ιῖοιιο

3023 1287 3248 1324 suorum
3301 1269 3510 1337 amisit,
3578 1284 3718 1339 quos
3775 1270 4084 1326 vortieosus
4139 1270 4339 1336 amnis,
4415 1279 4614 1338 pra-ter

3024 1381 3219 1435 equos,
3248 1363 3491 1419 camelos
3541 1373 3596 1418 et
3630 1363 3810 1418 mulos
3867 1363 4196 1432 absumpsit.
4239 1363 4411 1418 Aiunt
4464 1365 4614 1417 hutte

3022 1472 3237 1512 amnem
3270 1455 3662 1512 disterminare
3692 1454 3949 1522 Mediam,
4003 1457 4108 1513 hoc
4144 1466 4246 1522 est,
4313 1455 4613 1512 Sirvanum

3023 1565 3052 1601 tt
3083 1546 3408 1616 Georgiana.
3449 1545 3789 1614 Transjectis
3837 1546 4033 1616 cupiis,
4068 1547 4173 1601 iter
4218 1562 4380 1602 suum
4409 1547 4616 1602 direxit

3024 1656 3216 1696 versus
3242 1655 3362 1696 eam
3402 1639 3849 1711 civitatumque
3878 1641 4164 1696 communi
4222 1641 4447 1696 nomine
4485 1657 4614 1695 cum

3025 1735 3140 1804 ipsa
3175 1734 3396 1804 regione
3422 1734 3718 1788 Sirvattum
3740 1735 3967 1797 dicitur,
4000 1735 4201 1805 illaque
4253 1736 4473 1791 nemine
4530 1753 4616 1789 re-

3024 1829 3251 1883 sistente
3286 1829 3493 1896 potitus
3553 1841 3638 1883 est
3689 1845 3704 1883 :
3756 1829 3901 1899 quod
3940 1829 4118 1884 Persa:
4154 1829 4440 1884 facultates
4479 1844 4616 1884 suas

3027 1934 3218 1973 omnes
3242 1920 3586 1985 avexissent,
3624 1928 3908 1991 totamque
3938 1920 4191 1974 viciniam
4227 1919 4374 1974 t‘erro
4402 1928 4456 1974 t-t
4501 1923 4614 1988 igni

3027 2021 3358 2068 vastassent.
3417 2011 3547 2068 Istic
3600 2029 3823 2084 quoque
3892 2014 4274 2086 heg'erbegnm
4337 2031 4460 2070 cum
4516 2015 4616 2067 de-

3029 2106 3324 2177 pltterdat-o
3357 2107 3665 2161 constituit.
3730 2104 3794 2161 Et
3849 2106 4041 2162 civitas
4101 2121 4163 2160 ea
4214 2106 4382 2161 tutius
4426 2107 4618 2161 Mediae.

3027 2199 3344 2268 metropolis
3377 2209 3479 2254 est.
3529 2197 3627 2253 llis
3659 2199 3817 2254 rebus
3854 2203 4042 2271 gestis,
4083 2202 4150 2255 ad
4206 2200 4275 2254 25
4330 2200 4449 2255 dies
4511 2201 4617 2254 ibi-

3025 2292 3148 2346 dem
3180 2291 3496 2363 Mustaphas
3531 2293 3709 2350 limit.
3751 2293 3882 2348 Inde
3919 2295 4199 2349 rediturus
4248 2296 4618 2359 Arzerumcn,

3026 2400 3285 2457 suprema
3314 2402 3436 2442 curn
3469 2396 3742 2458 potestate
3772 2384 3969 2444 ducem
4000 2389 4233 2445 limitum
4291 2401 4345 2444 et
4395 2392 4620 2445 exerci-

3026 2489 3180 2533 tuum
3210 2479 3420 2547 Mediae,
3454 2481 3802 2554 vezirentque
3847 2481 4024 2537 Portze
4071 2482 4277 2537 creavit
4311 2482 4617 2537 Osmancm

3027 2572 3245 2625 bassam
3276 2574 3417 2643 ,qui
3468 2553 3592 2644 post
3654 2576 3820 2630 etiam
3877 2576 4244 2630 vezirazenns
4307 2575 4621 2632 Osmaniete

3026 2664 3201 2720 Portzl‘
3235 2666 3409 2722 factus
3446 2677 3552 2734 est,
3594 2669 3788 2724 relicto
3835 2668 3886 2724 ei
3929 2669 4066 2725 satis
4133 2685 4333 2740 magno
4387 2672 4619 2741 genia-a-

3028 2762 3215 2813 roruttt
3255 2760 3601 2833 aliorumque
3657 2762 3894 2816 militum
3957 2778 4229 2828 numero,
4276 2780 4404 2820 cum
4457 2765 4614 2820 suft‘t-

3027 2855 3201 2907 ciente
3236 2863 3632 2908 tortucntnrum
3682 2855 4027 2924 bellicorum,
4087 2874 4379 2928 rerumque
4427 2859 4493 2913 ad
4550 2877 4620 2914 ea

3030 2948 3464 2999 necessariarum
3497 2959 3550 2999 et
3580 2964 3811 3000 annonae
3840 2949 4022 3017 copia.
4074 2948 4288 3014 Qntbns
4353 2952 4622 3006 omnibus

3029 3039 3102 3092 ita
3141 3039 3478 3102 constitutis,
3541 3057 3667 3095 cum
3737 3042 3946 3112 reliquo
3982 3043 4300 3114 Mustaphas
4367 3047 4618 3099 exercitu

3026 3132 3360 3184 Arzernnten
3397 3147 3454 3186 se
3473 3133 3729 3195 contulit,
3755 3133 4029 3190 Armenia:
4055 3136 4278 3203 majoris
4301 3136 4616 3200 civitatem,

3025 3238 3144 3291 qua:
3176 3239 3267 3277 sex
3301 3227 3512 3278 dictum
3573 3227 3766 3280 itinere
3820 3226 4164 3297 Trapezunte
4214 3228 4398 3283 distat.
4451 3229 4620 3297 Apud

3029 3319 3364 3370 Amet-nmen
3389 3317 3528 3371 alius
3558 3330 3640 3374 est
3675 3321 4061 3391 bt-glerbegus,
4123 3333 4178 3376 et
4206 3323 4618 3391 depbterdarus

3029 3411 3228 3463 su'haui
3269 3409 3600 3464 Osntauiilw.
4217 3469 4225 3480 ,

3103 3501 3466 3573 Posteaquam
3551 3506 3658 3558 huc
3711 3521 3966 3561 reversus
4030 3507 4225 3562 fuisset
4293 3506 4620 3577 Nustapbas

3029 3597 3210 3661 bassa,
3257 3597 3623 3652 Mucbemetes
3653 3615 3744 3653 rex
3785 3599 4043 3655 Persicus
4100 3617 4451 3657 numerosum
4498 3605 4619 3656 nti-

3030 3692 3430 3743 srtesercitutu
3479 3698 3748 3745 advel-Sus
3800 3691 4006 3755 hostes.
4064 3693 4278 3747 Slt\':tlli
4335 3695 4610 3749 relictos:

3029 3787 3228 3854 quibus
3263 3787 3402 3838 inter
3433 3800 3492 3838 se
3525 3785 3714 3854 proelio
3749 3784 4081 3853 congressis,
4121 3787 4296 3843 victus
4340 3785 4441 3842 fuit
4487 3787 4617 3843 Sir-

3032 3879 3285 3933 \altctISls
3307 3878 3683 3948 beglerbcgus,
3707 3878 3972 3950 omnique
3996 3893 4119 3935 cum
4145 3879 4382 3936 exercitu
4410 3895 4612 3937 exesus.

3027 3969 3191 4025 Persa
3221 3982 3328 4024 tam
3362 3973 3558 4041 insigni
3592 3973 3799 4042 politus
3823 3972 4075 4038 victoria,
4107 3973 4616 4044 triutupltabutttlul

2985 4085 2993 4092 -
3027 4064 3092 4116 a.l
3124 4062 3400 4116 civitatem
3441 4063 3738 4118 Sirvanum
3769 4073 4043 4135 properat,
4097 4080 4332 4136 eamque
4385 4066 4617 4137 paucis-

3027 4153 3183 4209 simis
3228 4154 3421 4210 diebns
3470 4155 3751 4212 obsessam
3811 4166 4116 4227 recuperat.
4161 4155 4362 4215 Osmnu
4422 4158 4615 4227 bassa,

3026 4248 3117 4315 qui
3148 4257 3274 4300 ante
3296 4249 3541 4316 prtehum
3573 4249 3675 4304 hoc
3709 4248 3774 4303 ad
3801 4249 3989 4304 urbem
4025 4260 4168 4317 erat,
4198 4265 4323 4305 cum
4365 4252 4612 4321 primttm

3026 4343 3093 4392 de
3129 4355 3302 4397 lttut'lc
3343 4341 3650 4411 bt‘glnt'bcgi
3707 4352 3760 4396 et
3828 4343 4105 4397 exercitus
4138 4344 4294 4398 clade
4350 4345 4613 4399 nuntium

3025 4436 3272 4502 aeu-pit:
3315 4433 3456 4499 quod
3483 4435 3594 4503 jam
3622 4451 3728 4503 prae
3775 4436 3953 4490 oculis
3999 4436 4344 4491 obsidionem
4387 4439 4611 4494 Sirtani

3027 4541 3292 4594 sit-unique
3348 4528 3556 4579 vitet-et
3610 4528 3911 4590 interitum,
3975 4540 4133 4583 nocte
4190 4534 4427 4599 quadam
4479 4549 4611 4588 tum

3027 4619 3215 4686 paucis
3245 4635 3470 4672 alterum
3509 4636 3701 4674 versus
3746 4620 4135 4691 Tetttit‘capittt,
4177 4625 4278 4678 hoc
4330 4635 4434 4692 est,
4475 4625 4612 4682 Por-

1338 4720 1387 4770 td
1419 4719 1466 4770 ei
1495 4715 1841 4785 propinatunt
1874 4714 2540 4782 fttisse‘CnnstantinOpeli
2610 4735 2636 4767 ιι
2676 4715 2872 4771 Ttttcis
2902 4767 2914 4785 ,
2951 4727 2997 4785 ι)
3029 4722 3134 4765 tam
3171 4713 3205 4765 ft
3229 4728 3430 4776 rrcam,
3472 4713 3586 4766 sive
3629 4713 3992 4780 Derhentntn,
4057 4716 4290 4787 aufugit.
4332 4717 4387 4771 ld
4442 4720 4612 4776 situm

1335 4822 1450 4862 arte
1479 4809 1568 4861 tali
1603 4817 1871 4879 piratum,
1903 4817 1961 4861 ut
2014 4808 2079 4858 ad
2111 4819 2325 4859 t-ertum
2377 4808 2674 4861 terminum
2727 4818 2917 4877 paula-

1336 4900 1432 4956 tim
1469 4902 1745 4956 hominem
1771 4900 2167 4970 exstingueret.

1405 4998 1486 5048 Ad
1517 4995 1858 5062 Mnstapham
1889 5011 2018 5046 vero
2048 4995 2264 5047 hassam
2299 5004 2356 5048 ιιι
2400 4995 2712 5056 redeamus,
2745 4997 2841 5048 iter
2878 4998 2922 5051 is

1338 5104 1496 5141 suum
1527 5098 1582 5140 et
1607 5085 2009 5153 expeditionem
2039 5078 2399 5154 prosequens,
2429 5094 2550 5153 post
2579 5087 2763 5139 varios
2792 5105 2924 5139 Cult-

1339 5183 1518 5234 llictus
1553 5189 1604 5230 et
1638 5194 1864 5248 pugnas,
1897 5177 2061 5246 370
2085 5177 2285 5246 quibus
2335 5178 2494 5231 modo
2553 5194 2677 5231 cum
2716 5178 2919 5238 Persis.

1337 5273 1502 5325 ntodo
1530 5286 1652 5322 eum
1709 5266 2054 5336 Georgianis,
2119 5268 2317 5336 insigni
2375 5269 2652 5322 exercitus
2703 5271 2919 5337 jactura

1335 5377 1667 5432 congressus
1704 5360 2278 5429 fuit(menseqnidem
2306 5362 2548 5428 Augusto
2589 5361 2750 5429 prit'tti
2810 5374 2921 5415 sta-

1337 5460 1434 5511 tim
1470 5457 1621 5517 attni,
1674 5453 1971 5508 TOCIIIEICUS
2023 5451 2296 5516 suit-anns,
2361 5453 2565 5504 lit-vani
2623 5454 2915 5518 dominus,

1336 5553 1430 5622 qui
1457 5551 1655 5604 seat-ho
1693 5545 2022 5601 Muehemeti
2071 5545 2367 5605 militabat,
2404 5561 2513 5599 uno
2560 5547 2747 5613 praelio
2776 5545 2914 5599 Tur-

1336 5661 1528 5699 eorum
1559 5640 1733 5694 15000
1761 5639 2003 5708 cecidit),
2037 5639 2252 5690 tandem
2292 5637 2615 5706 'l‘tphlisinm
2663 5641 2804 5707 cepit
2862 5643 2914 5693 ιιι

1338 5741 1559 5806 regiOne
1585 5733 2045 5799 Genrgianorum,
2073 5732 2346 5783 civttatem
2387 5730 2672 5783 tittitimam
2723 5732 2915 5784 ditioni

1338 5828 1603 5900 principis
1644 5823 1886 5878 Simonis
1948 5835 1998 5873 et
2054 5820 2311 5874 Levetttis
2346 5822 2485 5888 begi,
2541 5821 2631 5890 qtti
2688 5833 2741 5874 et
2800 5821 2916 5891 ipse

1338 5930 1591 5993 princeps
1625 5919 1965 5986 Georgianus
1992 5927 2093 5971 est.
2131 5918 2338 5969 Accidit
2399 5921 2500 5972 hoc
2534 5933 2675 5970 anno
2729 5917 2915 5969 Malm-

1336 6026 1556 6070 trtelatto
1589 6013 1692 6066 9δὸ
1725 6011 1877 6081 μῖξιν.
1912 6010 2088 6078 1578),
2121 6027 2303 6063 mense
2338 6009 2669 6078 Se-plrm’bri.

3026 4817 3107 4859 est
3137 4807 3202 4859 ad
3255 4823 3404 4860 mare
3463 4808 3749 4877 Caspium,
3805 4809 3948 4877 quod
3983 4810 4224 4876 ipsorum
4260 4813 4441 4882 lingua
4506 4813 4612 4869 Be-

3031 4899 3345 4953 herenlznm
3379 4901 3493 4954 sive
3519 4901 3748 4954 Cztlzum
3775 4902 3953 4955 dettizi
3985 4903 4209 4957 dicitur.

3097 4991 3152 5045 in
3179 4992 3323 5046 hunc
3347 4993 3569 5046 modum
3607 5004 3825 5063 recepto
3879 4996 4137 5061 Sit-vano,
4195 5013 4280 5052 res
4317 5014 4342 5049 a
4413 4998 4612 5055 Turcis

3027 5087 3244 5140 relictas
3275 5086 3452 5140 Persa:
3491 5086 3779 5154 diripiunt,
3824 5102 3998 5142 muris
4028 5087 4322 5141 Sit-vanum
4375 5094 4609 5154 nudant,

3027 5178 3434 5244 ptopttgnacula
3463 5191 3638 5245 carpta
3666 5177 3920 5239 diruunt,
3967 5179 4244 5250 regionem
4287 5195 4414 5235 cum
4456 5185 4609 5236 inco-

3025 5268 3088 5320 ιι»
3117 5270 3184 5320 ab
3217 5269 3656 5339 Osmanicnptgo
3690 5266 4075 5338 liberattt,‘qui
4108 5272 4301 5340 majori
4337 5289 4401 5327 ex
4454 5288 4607 5342 parte

3024 5371 3151 5413 sunt
3183 5363 3449 5424 Armenii,
3485 5362 3683 5432 reliqui
3731 5364 3866 5432 legis
3917 5362 4316 5419 Maltutttelatta’
4364 5378 4608 5420 sectato-

3024 5467 3128 5513 res,
3170 5463 3278 5502 tam
3309 5451 3638 5517 (lsmaniete,
3668 5467 3831 5520 quant
3885 5451 4122 5507 Persicae
4176 5455 4604 5520 superstitionis.

3022 5543 3224 5597 Οηιιιειιι
3259 5559 3388 5596 vero
3414 5544 3569 5596 bassa
3589 5560 3716 5597 cum
3741 5543 4108 5614 Tentircapim
4135 5546 4398 5610 venisset,
4425 5559 4606 5602 astute

3022 5636 3125 5688 sibi
3157 5634 3527 5687 Sehentltalint
3568 5635 3822 5699 chanent,
3866 5634 3969 5688 hoc
4009 5646 4126 5700 est,
4181 5639 4427 5705 regulum
4491 5643 4607 5690 sive

3021 5730 3320 5796 principem
3347 5726 3599 5780 Derhenti
3633 5767 3645 5789 ,
3696 5729 3932 5781 anticum
3983 5729 4262 5791 reddidit,
4323 5731 4604 5784 addicturzt

3023 5822 3415 5874 Mahnmctatw
3448 5823 3863 5891 Usmanicaaque
3890 5832 4073 5885 sectae,
4101 5821 4288 5879 Persis
4313 5824 4604 5888 infestum,

3021 5918 3241 5969 natione
3282 5916 3586 5969 Tatarnm:
3627 5918 3785 5984 cujus
3818 5927 3871 5970 et
3923 5919 4085 5970 tiliam
4141 5918 4294 5972 duxit
4351 5934 4605 5979 uxorem,

3021 6027 3140 6080 qua!
3174 6022 3293 6078 post
3326 6011 3583 6065 instinctu
3617 6012 3797 6064 mariti
3852 6023 4060 6079 patrem
4125 6029 4329 6065 νυνί-ω
4357 6018 4604 6065 sustultt.
