4866 6594
286 385 394 455 685

1404 384 1495 446 Sil
1526 383 1799 447 ιιιδιλεκι.
1838 380 2106 444 ANNAL.
2152 376 2450 443 'l‘UiiCiC.

3434 381 3539 450 680

291 480 343 546 lii
379 490 577 547 luctum
606 490 670 547 ab
699 488 935 549 Osmaue
997 492 1283 564 perhibent
1335 497 1470 550 duas
1504 495 1573 548 ob
1635 508 1851 548 censu.
1889 500 1928 553 Α
1964 491 2180 548 lnitluni
2240 508 2367 549 vero
2434 499 2711 562 sequentis
2756 491 2980 561 mittatis,
3040 507 3186 550 anno
3237 494 3338 552 080
3383 497 3535 566 (Chr.

291 580 553 646 Primum.
615 585 759 655 quod
840 596 1121 641 vereretur
1177 602 1243 640 ne
1294 602 1549 641 successu
1602 588 1859 653 temporis

287 690 409 729 eum
438 690 596 730 secer
647 678 762 746 ipse
795 677 862 732 de
904 676 1084 732 medio
1128 676 1360 732 tolleret.
1423 674 1645 742 ileinde,
1706 685 1764 731 ιιι
1807 678 1859 730 iii

290 777 608 836 potestatem
653 769 870 824 redacta
914 768 1218 826 munitione
1255 768 1635 842 Temirenpina
1686 772 1862 840 legio-

292 876 467 933 neque
493 864 695 928 soceri,
738 862 1046 933 patrocinio
1086 864 1288 919 suitunl
1316 864 1400 920 sui
1439 861 1749 920 Osmanidm
1804 876 1862 914 su

290 954 549 1020 traderet,
572 956 719 1025 quod
756 958 920 1011 etiant
952 971 1143 1028 reapse
1171 954 1321 1014 fecit.
1385 954 1594 1025 Quippe
1650 964 1864 1011 ιιιοι·ιιιο

287 1046 586 1103 scbemlmli
621 1047 819 1114 cliane,
854 1047 1057 1104 Osman
1105 1053 1260 1105 bassa
1304 1048 1456 1105 solus
1480 1055 1535 1103 et
1577 1047 1863 1103 absolutus

290 1138 546 1210 princeps
571 1138 771 1196 mansit
805 1139 856 1196 in
883 1140 1092 1198 ditione
1124 1142 1323 1206 soceri.
1385 1140 1603 1196 nemine
1643 1153 1865 1211 prorsus

291 1232 641 1303 impediente.
671 1230 970 1291 Coitfestitu
1004 1248 1132 1290 vero
1162 1248 1256 1303 per
1284 1232 1548 1306 Capuam,
1570 1247 1691 1303 quin
1726 1234 1867 1286 inter

290 1318 569 1377 Tartariam
629 1318 1078 1395 Moscoriamque
1128 1324 1195 1379 ad
1262 1320 1682 1395 septemtriones
1739 1320 1864 1389 sita,

290 1416 620 1471 Circussiam
659 1428 852 1472 versus
893 1416 1178 1472 meridiem
1206 1416 1391 1483 habet,
1424 1415 1689 1486 ablegatis
1714 1432 1867 1471 rere-

290 1506 634 1573 dariis,cum
670 1506 868 1565 litteris
890 1506 955 1563 ad
1009 1506 1288 1564 suitauum
1345 1505 1699 1565 Ostnanidam
1754 1504 1868 1562 blu-

296 1607 489 1663 ratem,
526 1596 644 1669 eius
669 1612 729 1656 se
761 1597 884 1656 ﬂdei
926 1598 1290 1671 potestatique
1352 1607 1527 1655 totum
1573 1596 1778 1656 dedidit
1818 1609 1871 1655 et

293 1688 696 1745 commendavit
724 1702 736 1739 τ
770 1685 931 1745 simul
962 1704 1244 1757 exponens
1278 1704 1341 1745 ea
1364 1702 1484 1761 qua:
1512 1688 1581 1746 ab
1615 1706 1675 1746 se
1724 1700 1869 1761 gesta

294 1785 548 1846 fuissent.
579 1795 642 1839 ac
672 1790 880 1854 petens.
918 1794 975 1839 ut
1007 1780 1280 1854 siquidem
1314 1798 1423 1839 neu
1457 1787 1524 1839 de
1556 1782 1701 1840 illius
1733 1782 1874 1838 ditii-

1969 582 2241 651 iii'lti).ad
2276 588 2409 641 tiues
2466 584 2718 643 Persicos
2749 588 3053 644 exercitum
3115 587 3295 655 duxit,
3362 588 3538 645 direr-

1969 681 2153 746 sisque
2182 676 2384 748 pra-liis
2422 678 2582 733 modo
2612 694 2733 734 cum
2766 679 2970 745 Persis,
3004 678 3167 736 modo
3201 694 3324 736 eum
3371 680 3545 736 Geor"

1971 766 2147 836 gianis
2191 769 2525 839 confligens,
2589 770 2813 828 inferior
2870 785 3107 844 semper,
3168 772 3365 844 insigni
3420 790 3540 829 cum

1969 876 2191 916 suorum
2222 861 2395 929 ciuile,
2436 864 2709 921 discessit.

2041 950 2240 1008 Eiidem
2280 968 2423 1009 nitito
2467 954 2732 1013 Carsount
2789 958 3041 1026 munivit,
3096 958 3272 1017 locum
3310 961 3379 1016 ab
3438 964 3539 1015 Ar-

1970 1058 2191 1099 zirrnme
2235 1059 2432 1102 versus
2464 1044 2746 1103 [levanum
2790 1060 3030 1119 quatuor
3071 1052 3280 1107 dierum
3347 1050 3543 1106 itinere

1969 1134 2304 1191 distantem:
2353 1138 2515 1207 eique
2574 1138 2951 1211 bcqlerbegum
3012 1150 3062 1197 et
3122 1142 3545 1213 riephterilnrum

1973 1227 2236 1299 prteiccit.
2290 1230 2658 1287 Consimiliter
2715 1231 2780 1287 ad
2832 1232 3207 1302 Tscliildlrim,
3279 1235 3437 1292 sitam
3492 1234 3543 1289 in

1971 1318 2294 1391 Georgiante
2324 1322 2614 1389 limitibus.
2641 1324 2807 1382 alium
2862 1326 3239 1402 beglerbegnm
3276 1344 3400 1385 cum
3457 1330 3542 1386 ile-

1974 1412 2267 1485 pltterdaro
2285 1416 2592 1474 constituit.

2044 1505 2376 1564 Misitetinm
2405 1508 2507 1565 hoc
2537 1526 2684 1568 anno
2723 1528 2846 1568 ettm
2904 1512 3083 1571 classe
3122 1514 3373 1571 sultanus
3432 1514 3545 1571 illu-

1976 1605 2117 1653 ratrs
2140 1592 2407 1654 Uluzalitn
2446 1598 2686 1669 bassatu,
2713 1601 3029 1673 praefectum
3082 1607 3270 1675 maris,
3306 1607 3358 1662 iu
3408 1606 3544 1663 Miu-

1975 1688 2224 1756 grciiam,
2265 1692 2543 1760 regionem
2578 1694 2903 1763 populorum
2944 1696 3247 1761 Colchidis.
3288 1708 3346 1754 ιιι
3373 1698 3439 1755 ils
3497 1702 3547 1753 iit

1979 1778 2110 1835 locis
2147 1780 2507 1839 munitionem
2562 1783 2875 1843 udillcaret.
2939 1785 3076 1844 iluic
3110 1790 3413 1846 -tllll0ittltﬂ'
3460 1791 3537 1846 be

292 1884 445 1930 tuxut
472 1875 573 1932 loci
595 1890 659 1931 ac
682 1874 929 1940 ditionis,
959 1888 1147 1931 verum
1187 1874 1354 1930 etiam
1387 1876 1453 1931 de
1488 1873 1655 1932 totius
1689 1874 1869 1945 Caspii
1908 1872 1947 1933 Β
1978 1870 2264 1944 glerbesus
2290 1874 2357 1930 ab
2396 1890 2462 1933 ee
2485 1876 2649 1934 datus
2701 1877 2824 1943 fuit,
2856 1894 2920 1936 ac
2965 1880 3381 1951 depltlerdnrtts.
3445 1882 3549 1953 lini

297 1972 505 2029 muris.
543 1966 851 2037 lto-corbe,
905 1964 1197 2025 Orientalis
1252 1967 1434 2034 ludite,
1489 1968 1869 2026 Samen-cundia

294 2063 626 2117 tiliotasauis
694 2071 747 2118 et
801 2060 1087 2129 Cbilanis,
1170 2060 1507 2118 Persicorum
1557 2061 1867 2135 regionum,

298 2152 526 2224 impetio
551 2170 764 2209 sutnmo
798 2152 1090 2224 cogitaret,
1149 2154 1329 2225 primo
1361 2168 1579 2224 Quoque
1624 2164 1871 2225 tempore

296 2244 396 2299 sibi
430 2244 751 2309 exercitum,
776 2245 1062 2315 pecunias,
1086 2260 1336 2303 annonas
1372 2244 1630 2303 mitteret.
1690 2245 1874 2304 Sulta-

298 2354 404 2393 nus
430 2336 665 2394 ilurates
698 2337 833 2394 lictis
865 2338 1019 2395 hisce
1046 2339 1250 2395 nuntiis
1272 2347 1552 2411 permotus
1584 2354 1709 2396 cum
1738 2338 1873 2396 alias

295 2437 347 2486 ei
384 2446 471 2487 res
502 2433 847 2487 necessarias
879 2430 1112 2498 curavit,
1146 2440 1260 2488 tum
1306 2432 1467 2489 etiam
1494 2432 1669 2489 60000
1713 2429 1874 2488 Tata-

300 2538 486 2579 rormu
522 2524 691 2590 misit,
724 2540 849 2581 cum
898 2522 1111 2582 duobus
1142 2525 1406 2582 fratribus
1462 2526 1584 2595 ejus
1642 2522 1876 2583 Tatariai

300 2618 467 2686 regis,
496 2616 589 2688 qui
618 2614 878 2687 deinceps
906 2630 1051 2673 anno
1093 2616 1193 2673 001
1231 2616 1385 2689 (Chr.
1441 2616 1603 2688 1584)
1657 2618 1726 2675 ab
1776 2622 1877 2675 Us-

302 2723 463 2763 mene
494 2708 651 2763 bassa
676 2706 1053 2779 strangulatus
1076 2706 1205 2765 fuit.
1240 2706 1304 2763 Et
1330 2708 1444 2764 tunc
1470 2708 1687 2778 quidem
1728 2724 1876 2765 anno

303 2799 427 2856 belli
446 2804 618 2870 primo
646 2809 798 2871 gesta
818 2800 1060 2866 fuerunt.
1090 2798 1350 2857 nimirum
1374 2799 1480 2857 983
1508 2801 1659 2873 (Chr.
1692 2800 1875 2871 4578):

299 2900 412 2957 quo
453 2884 756 2943 'l‘urcorutn
778 2898 886 2945 tam
922 2890 974 2944 in
1022 2888 1265 2960 pretiis,
1320 2904 1483 2962 quam
1539 2902 1879 2947 commeatus

304 2982 509 3048 inopia,
536 2982 766 3051 periisse
792 2995 957 3052 supra
986 2981 1160 3039 70000
1183 2990 1419 3041 coitstat.

376 3068 565 3127 llicttte
590 3086 717 3129 vero
748 3082 939 3129 exacta
961 3111 975 3140 ,
1005 3088 1130 3130 cutn
1187 3082 1348 3133 sistas
1402 3074 1530 3131 anni
1580 3073 1685 3130 980
1722 3074 1873 3145 (Chr.

1979 1962 2099 2019 loco
2149 1978 2348 2021 nomen
2397 1974 2483 2024 est
2534 1966 2724 2025 Fossa.
2794 1968 3020 2027 Curavit
3088 1981 3267 2029 autem
3329 1970 3550 2029 Fossam

1978 2056 2224 2113 sultanus
2266 2055 2510 2116 iteratos
2534 2060 2764 2129 exstrui,
2807 2068 2866 2120 ut
2914 2063 3066 2120 iisin
3128 2066 3264 2123 locis
3311 2069 3551 2137 aperiret

1978 2148 2079 2205 iter
2114 2150 2333 2207 brevius
2383 2168 2447 2210 ac
2494 2154 2763 2225 securius,
2806 2172 2917 2228 quo
2952 2158 3169 2217 facilius
3205 2158 3257 2216 in
3294 2160 3552 2233 Georgia-

1978 2256 2077 2296 nos
2112 2241 2238 2299 duci
2277 2241 2447 2313 capite
2477 2256 2722 2317 possent,
2765 2248 2911 2305 etiis
2942 2249 3012 2306 ab
3035 2250 3126 2306 illa
3176 2263 3333 2321 parte
3367 2251 3551 2309 debel.

1980 2332 2105 2390 latis
2129 2350 2191 2391 ac
2228 2335 2333 2390 sub
2363 2337 2553 2407 iugum
2590 2339 2806 2407 missis,
2840 2350 2987 2399 tante
3019 2344 3362 2400 commodius
3412 2344 3552 2401 ultra

1978 2422 2360 2499 Temireapim,
2403 2428 2469 2485 ad
2500 2430 2843 2488 inferendum
2893 2433 3127 2491 Sirvano
3184 2436 3408 2505 bellum,
3465 2440 3550 2496 iri.

1976 2516 2094 2578 Non
2124 2522 2295 2578 multo
2323 2533 2444 2593 post
2470 2531 2675 2592 tamen,
2699 2540 2862 2598 quam
2904 2526 3033 2584 inde
3061 2529 3229 2585 muris
3257 2532 3553 2601 praefectus

1980 2610 2224 2670 Ulusaiis
2253 2628 2377 2670 cum
2418 2615 2588 2673 milite
2651 2615 2945 2689 citisseque
3005 2619 3373 2687 discessisset,
3426 2618 3555 2678 Fas-

1980 2717 2115 2762 ssna
2146 2702 2378 2763 munitio
2401 2706 2623 2773 penitus
2676 2708 2745 2765 ab
2804 2708 2959 2767 hoste
2998 2708 3183 2767 diruta
3232 2720 3556 2783 vastataque

1983 2794 2101 2855 fuit.

2049 2892 2403 2963 Cutnpatutn
2455 2906 2717 2965 prospere
2749 2891 3006 2951 beliunia
3059 2892 3341 2968 Mustnphu
3398 2897 3555 2953 liassa

1980 2995 2280 3053 gereretur,
2344 2980 2559 3040 slliictis
2632 2982 2828 3041 misere
2883 2984 3277 3051 militibus,eb
3325 3004 3555 3043 annonae.

1981 3075 2263 3142 penuriam
2318 3084 2372 3131 et
2436 3074 2751 3133 immaniter
2819 3086 3161 3149 grssesntem
3239 3080 3295 3137 iti
3354 3082 3553 3138 castris

302 3161 467 3231 £579)
495 3164 835 3235 sppetiisset,
860 3165 1263 3238 auxiliaresque
1284 3168 1455 3239 copia:
1485 3182 1609 3225 cum
1634 3166 1879 3239 pecuniis
1916 3234 1945 3239 _
1982 3160 2372 3231 pestilentiam,
2405 3164 2603 3223 litteris
2633 3166 2839 3225 seltaul
2874 3166 3104 3227 )luratis
3151 3172 3450 3239 Amasiam,
3500 3184 3558 3228 ut

302 3255 370 3308 tui
435 3234 799 3328 'l‘etuicarpitn
879 3234 1263 3325 accessissent,
1324 3234 1502 3317 solitis
1554 3258 1607 3315 itt
1634 3234 1876 3315 -Slrranl
1906 3234 1948 3293 θ
1982 3252 2105 3310 istic
2136 3254 2471 3323 hibernaret,
2499 3260 3019 3332 concederejussus
3065 3262 3186 3319 fuit.
3242 3262 3334 3320 ille
3372 3234 3551 3324 tamen

304 3351 441 3405 lines
474 3348 894 3408 excursionibus
917 3350 1192 3409 Osmauici
1222 3366 1289 3408 ex
1325 3366 1451 3410 arce
1492 3352 1875 3420 'l‘emlrcapina

303 3446 450 3503 hosti
515 3446 776 3504 damnum
843 3446 1172 3505 inferebant.
1235 3444 1309 3503 Ba
1354 3462 1440 3504 res
1498 3445 1700 3518 ingenti
1749 3462 1876 3503 cum

303 3536 489 3594 Persis
513 3537 697 3608 prtulio
722 3550 946 3596 causam
1007 3538 1262 3611 priebuit.
1296 3553 1406 3610 quo
1443 3535 1626 3594 Tatari
1663 3538 1730 3595 ad
1797 3539 1878 3594 lu-

302 3636 702 3698 tcinecionem,
733 3646 835 3687 una
867 3646 990 3687 cum
1035 3635 1212 3687 altero
1240 3628 1423 3687 Tutari
1487 3631 1629 3701 regis
1689 3628 1874 3696 fratre,

304 3721 436 3779 estsi
487 3722 755 3794 deletique
789 3724 1046 3790 fuerunt,
1083 3728 1260 3782 altero
1307 3722 1476 3779 fratre
1503 3724 1624 3780 viro
1672 3721 1740 3779 ab
1783 3722 1877 3780 ho-

304 3816 487 3872 stibus
508 3824 685 3886 capto.
735 3812 936 3873 Osman
996 3816 1112 3888 ipse
1142 3816 1303 3875 bassn
1356 3831 1481 3872 cum
1529 3813 1878 3886 paucissimis

305 3922 535 3962 suorum
566 3906 652 3963 vix
673 3910 856 3964 salvus
878 3907 1073 3964 evasit.
1096 3908 1342 3977 Cumque
1371 3922 1465 3977 per
1490 3910 1720 3977 exiguas
1745 3919 1879 3963 sane

304 3997 935 4072 copias371udrcrsl
993 4001 1348 4072 pta-lilcasus
1402 4000 1450 4055 ei
1511 4000 1752 4072 reliquas
1802 3999 1878 4056 fe-

306 4097 499 4158 cisset,
526 4106 676 4148 more
706 4091 983 4148 latronum
1043 4090 1405 4147 Turcicorum
1462 4092 1704 4163 quotidie
1747 4093 1880 4149 vici~

306 4202 409 4241 λιιι
440 4184 544 4241 sibi
572 4186 807 4244 ditiones
841 4187 1039 4258 pra:dis
1096 4186 1319 4257 agendis
1368 4186 1631 4243 infestare
1692 4197 1877 4258 capit,

311 4275 466 4333 nullo
514 4288 615 4333 nec
662 4280 964 4333 amicorum
996 4292 1097 4333 nec
1139 4278 1372 4333 hostium
1424 4277 1744 4335 discrimine
1797 4294 1881 4334 ra.

308 4376 574 4439 tione-que
602 4370 819 4425 habita:
850 4370 1049 4440 quibus
1074 4386 1140 4425 ex
1173 4368 1383 4439 rapinis
1432 4378 1487 4425 et
1556 4369 1674 4440 ipse
1726 4360 1879 4425 victi-

311 4464 488 4525 tatat,
519 4471 573 4517 et
610 4475 741 4515 suos
764 4461 963 4524 alebat,
995 4462 1231 4515 subinde
1252 4475 1454 4515 secum
1495 4462 1597 4526 eis,
1629 4458 1674 4515 si
1708 4458 1879 4513 ltos‘tis

1983 3345 2334 3404 nihilominus
2357 3351 2407 3405 in
2424 3350 2722 3409 Arserume
2741 3367 2864 3409 cum
2891 3354 3134 3426 reliquiis
3154 3370 3271 3412 eset
3286 3356 3431 3414 eittts
3457 3364 3556 3415 huc

1982 3436 2159 3497 hieme
2188 3440 2451 3508 substitit.
2496 3443 2695 3515 majori
2741 3446 2973 3502 militent
3007 3457 3159 3517 parte
3192 3459 3414 3522 propter
3436 3469 3561 3525 egi--

1981 3541 2201 3599 statem,
2238 3534 2343 3592 luis
2396 3536 2728 3609 contagium
2783 3538 2914 3606 vim,
2961 3550 3014 3597 et
3049 3540 3343 3602 imminens
3374 3546 3557 3602 biber-

1983 3638 2113 3682 num
2139 3628 2331 3700 frigus,
2364 3627 2598 3699 dilapsa,
2634 3621 2978 3703 'domumque
3000 3632 3340 3706 beqlerbegis
3391 3641 3555 3694 etiam

1984 3718 2397 3783 rei~ersis,cum
2464 3719 2599 3775 nihil
2650 3720 2703 3777 lit
2768 3722 2979 3779 hostem
3036 3732 3182 3781 recte
3228 3726 3342 3798 geri
3401 3740 3561 3798 posse

1981 3821 2295 3867 θονιιιϊιιηι.

2052 3904 2271 3959 Interim
2303 3904 2464 3959 Persa
2495 3904 2781 3973 Casmino,
2813 3922 2933 3979 qua
2982 3907 3152 3965 altera
3214 3909 3560 3984 penitiorque

1984 3996 2193 4068 imperii
2226 3998 2347 4067 ejus
2367 4009 2449 4054 est
2483 3998 2653 4068 regis,
2688 3995 2999 4056 Tebrislum
3052 4014 3178 4057 curn
3217 4002 3390 4072 copiis
3427 4020 3558 4074 pre-

1984 4087 2268 4144 ficiscitur.
2311 4087 2389 4144 lbi
2423 4103 2547 4145 eum
2585 4089 2651 4145 de
2690 4090 2955 4160 dispersis
3011 4090 3140 4147 hinc
3183 4092 3310 4149 inde
3364 4094 3556 4165 prefu-

1982 4182 2170 4251 gisque
2221 4177 2415 4236 Turcis
2448 4185 2647 4237 certior
2682 4180 2862 4239 factus
2909 4180 3130 4250 fuisset,
3191 4183 3244 4241 lit
3288 4184 3557 4243 hosticum

1984 4277 2276 4347 procurrit,
2314 4274 2634 4346 ingentique
2664 4277 2844 4345 prteila
2894 4285 3153 4348 onustus,
3213 4280 3266 4335 in
3329 4280 3556 4338 hiberna

1982 4365 2210 4421 militem
2277 4376 2331 4421 et
2387 4366 2501 4433 ipse
2548 4364 2798 4423 dimittit.
2857 4365 2969 4426 liae
3029 4369 3314 4427 Persarum
3364 4390 3557 4429 est-ur.

1984 4459 2138 4512 sione
2170 4457 2411 4524 cognita,
2467 4461 2671 4512 veritus
2720 4456 2984 4523 Muratcs,
3038 4478 3104 4515 ne
3137 4463 3307 4517 hostis
3337 4480 3554 4533 progre-

309 4554 646 4617 immiueret.
679 4553 745 4607 ad
799 4552 1100 4607 indicatum
1145 4552 1426 4607 castellum
1477 4551 1765 4621 recipiens.
1815 4549 1877 4604 Et
1913 4571 1954 4627 ο
1985 4549 2203 4604 aleretur
2253 4551 2498 4614 ulterius,
2564 4550 2830 4605 continuo
2879 4549 3175 4620 tiustaphze
3218 4568 3311 4622 per
3349 4554 3555 4609 Iittct'ats

311 4644 628 4715 perhibetur
653 4644 769 4713 ejus
799 4643 1007 4698 castelli
1038 4643 1180 4698 situs
1234 4655 1427 4697 natura
1480 4642 1882 4697 munitissimus

307 4756 474 4796 esse.
530 4736 615 4789 cui
674 4751 797 4789 cum
869 4750 1089 4788 manum
1154 4737 1446 4803 quamdam
1500 4735 1879 4803 getiizarorum

309 4829 569 4896 sclnpetis
605 4829 875 4883 utentittm
910 4830 1281 4898 imposuisset,
1318 4843 1440 4881 cum
1466 4827 1732 4881 machinis
1782 4828 1881 4879 ali-

308 4935 449 4991 quut
483 4923 883 4989 campestribus
908 4928 963 4975 et
990 4920 1278 4975 falconetis
1307 4935 1323 4973 :
1360 4921 1410 4973 in
1438 4920 1559 4973 loco
1604 4927 1883 4987 tantopere

310 5032 341 5069 ιι
375 5021 570 5066 natura
605 5012 838 5073 munito.
867 5021 1060 5065 contra
1116 5010 1293 5063 nudos
1347 5017 1399 5062 et
1468 5008 1703 5063 inermes
1760 5010 1882 5062 illos

313 5106 571 5176 populos,
594 5106 684 5173 qui
716 5118 818 5157 nec
839 5102 1018 5157 oculis
1044 5102 1158 5156 suis
1190 5111 1306 5156 toto
1340 5101 1463 5154 vitae
1491 5116 1605 5155 suae
1637 5109 1883 5169 tempore

313 5211 588 5253 tormenta
624 5197 813 5252 bellica
840 5195 1226 5265 sclepetosque
1250 5192 1533 5258 vidissent,
1582 5209 1680 5248 nec
1737 5195 1883 5246 auri-

314 5298 424 5348 bus
464 5305 653 5345 eorum
686 5289 913 5344 fulmina
960 5290 1357 5358 pet-cepissent,
1401 5290 1539 5341 adeo
1569 5303 1627 5342 se
1680 5296 1879 5348 totum.

314 5399 612 5455 ipsumque
642 5383 926 5437 castellum
959 5380 1378 5451 inexpugnabile
1405 5378 1661 5445 reddidit,
1720 5389 1776 5433 ut
1816 5381 1885 5431 si-

315 5476 595 5545 bitnetipsi
635 5477 929 5530 utonarclta
959 5476 1179 5543 quidam
1211 5489 1333 5528 esse
1366 5472 1662 5526 videretur.

1988 4642 2239 4710 imperat.
2272 4651 2329 4695 ut
2366 4641 2515 4696 omni
2546 4657 2669 4696 cum
2691 4645 2939 4697 exercitu
2968 4656 3141 4698 semet
3171 4647 3236 4698 ad
3264 4646 3553 4702 Persarum

1989 4733 2122 4785 lines
2153 4732 2646 4787 denuoconferret.
2703 4732 2750 4786 is
2804 4747 2932 4787 vero
2969 4734 3103 4788 nihil
3159 4734 3351 4787 borum
3410 4736 3556 4798 fecit,

1986 4823 2132 4893 quod
2160 4824 2271 4893 jam
2304 4826 2371 4878 de
2412 4823 2705 4878 Persarum
2734 4823 2883 4879 abitu
2918 4840 3010 4892 per
3039 4826 3415 4893 exploratores
3478 4827 3558 4880 itt-

1997 4916 2291 4971 tellesisset
2320 4932 2332 4968 :
2362 4925 2416 4970 et
2442 4916 2734 4983 crteroqui
2768 4916 2812 4968 si
2850 4916 3084 4969 maxime
3109 4917 3306 4986 copias
3347 4918 3398 4971 iu
3455 4920 3523 4972 lie
3545 4949 3557 4957 -

1986 5016 2121 5061 stem
2158 5008 2356 5061 ducere
2391 5007 2687 5068 voluisset”
2713 5006 2844 5059 nihil
2872 5008 3136 5075 potuisset
3163 5009 3399 5070 etlicere,
3428 5025 3556 5077 pro-

1986 5110 2103 5168 ptcr
2133 5098 2532 5153 contumaciam
2564 5099 2865 5163 exercitus,
2890 5100 2980 5168 qui
3023 5116 3247 5168 prorsus
3281 5101 3428 5156 dicto
3449 5117 3554 5155 non

1985 5199 2103 5243 erat
2138 5191 2389 5245 audiens.
2441 5192 2555 5244 Imo
2588 5193 2954 5247 consultatum
3014 5190 3306 5261 aliquando
3341 5200 3556 5245 constat

1988 5283 2039 5336 iii
2074 5286 2268 5337 castris
2305 5285 2371 5337 de
2398 5285 2645 5338 net-anile
2668 5283 2974 5351 tiustaplia,
3010 5282 3168 5350 cujus
3217 5284 3269 5336 in
3300 5284 3553 5337 eumodii

1986 5390 2166 5430 causa:
2211 5376 2265 5429 in
2299 5376 2488 5445 primis
2525 5384 2683 5430 erant
2717 5375 3063 5446 inexplebilis
3120 5374 3367 5443 quasdam
3432 5390 3558 5428 aru-

1989 5468 2134 5532 ritin,
2171 5468 2475 5535 supinaque
2532 5466 2778 5522 socordia
2815 5465 2868 5519 in
2911 5464 3271 5535 procurandis
3327 5470 3559 5517 annonis

389 5571 472 5623 Ab
504 5569 670 5623 altera
704 5578 856 5637 parte
888 5566 1178 5637 ριιωιιίειιιι
1197 5566 1354 5621 bassa
1382 5562 1701 5632 Mustapbas
1746 5563 1889 5614 hunc
1989 5565 2042 5609 et
2070 5555 2191 5609 aliis
2226 5555 2459 5610 militum
2528 5556 2832 5610 commodis
2860 5574 2870 5608 :
2899 5556 3040 5610 unde
3096 5557 3298 5609 factum
3358 5554 3557 5619 fuerat,

315 5673 505 5714 rerum
527 5670 844 5711 successum
902 5656 1272 5725 conspicatus,
1322 5652 1458 5706 nihil
1515 5651 1739 5704 omnino
1797 5666 1888 5717 per

318 5754 556 5805 hiemem
579 5750 705 5802 anui
736 5749 839 5803 085
866 5749 1016 5819 (Chr.
1045 5746 1204 5815 1578)
1236 5746 1423 5817 gessit,
1458 5744 1524 5798 ad
1556 5745 1887 5797 Arzeruuieu

320 5860 447 5900 cum
484 5840 659 5912 copiis
693 5842 925 5909 haereus,
959 5841 1035 5895 ιιιί
1072 5839 1323 5910 superius
1358 5836 1739 5893 indicavimus.
1776 5834 1889 5888 Sub

1992 5658 2047 5702 ut
2084 5648 2293 5702 enectis
2334 5648 2475 5703 fante
2516 5657 2775 5717 pesteque
2835 5648 3117 5714 militibus,
3165 5657 3351 5701 castra
3400 5645 3561 5700 modo

1994 5758 2099 5795 non
2158 5740 2422 5795 exbsusta
2484 5741 2954 5810 conspicerentur.
3021 5738 3128 5795 llas
3172 5741 3243 5795 ob
3287 5754 3484 5793 causas
3530 5753 3559 5790 ιι

1994 5835 2211 5889 sultano
2250 5832 2455 5888 Muratc
2495 5842 2784 5889 revocatus
2822 5834 2885 5888 ad
2952 5832 3169 5888 Portam
3217 5834 3318 5887 fuit
3356 5830 3558 5883 t‘lttsitt‘
