4866 6594
1311 531 1414 593 687

2516 531 2838 594 JOANNIS
2879 529 3345 591 LEUNCLAV’H

4457 522 4562 586 688

1309 653 1462 714 pnas.
1486 653 1537 700 el
1573 643 1624 697 in
1652 642 1773 712 ejus
1795 643 1972 697 locum
1999 642 2258 699 suffectus
2283 643 2447 698 Sinan
2477 643 2661 710 bassa,
2712 659 2873 715 quem
2906 651 2949 706 Α
2980 641 3269 697 severitate
3303 641 3369 693 de
3403 635 3660 693 onmibus
3695 635 3996 705 Muslapltze
4025 635 4200 692 lrassa:
4253 635 4408 693 factis
4433 655 4565 695 eva-

1307 751 1470 805 supra
1517 738 2068 792 commemoravimus
2112 736 2359 793 Gnletam
2407 748 2458 793 ct
2515 739 2709 793 Africa:
2768 754 2870 792 ma-

1306 830 1500 881 ritima:
1528 828 1643 881 sive
1693 828 1963 883 Barlarire
2015 831 2414 898 possessionem
2474 829 2727 899 Hispanis
2773 833 2876 884 eri-

1309 923 1509 986 puisse.
1549 917 1668 972 Fuit
1695 919 1985 973 confestim
2022 921 2150 975 ltuic
2200 921 2552 991 imperatum,
2609 931 2666 974 ιιι
2703 922 2878 990 primo

1308 1029 1432 1065 vere
1464 1025 1630 1066 sr-mct
1678 1015 1742 1066 ad
1775 1016 2174 1083 expeditionem
2235 1018 2533 1079 Persicam,
2600 1016 2760 1069 rebus
2811 1016 2879 1068 ab

1304 1107 1559 1157 tietlllifttls
1589 1107 1803 1173 egregie
1838 1119 2058 1174 paratus
2086 1116 2139 1160 ct
2194 1108 2516 1170 instructus,
2547 1107 2874 1173 accingi-ret.

1377 1196 1691 1262 illt:st:-.plt.is
1720 1199 1920 1250 interea
1956 1199 2122 1251 semel
2146 1214 2308 1268 atque
2328 1207 2522 1252 iterum
2552 1199 2874 1256 arcessiit”.

1303 1294 1369 1339 dr-
1403 1289 1576 1354 signis
1611 1293 1833 1342 minime
1865 1291 2041 1343 dubiis
2071 1291 2206 1344 iram
2259 1293 2457 1346 sultani
2519 1292 2767 1355 Muralis,
2826 1303 2878 1344 et

1307 1382 1514 1441 odirrin,
1575 1397 1638 1432 cx
1734 1383 2320 1448 militum-delatione,
2391 1386 2874 1454 dcprelretnlcbal:

1305 1473 1593 1526 aves-dente
1646 1475 1948 1541 praesertim
1988 1476 2341 1531 conscienlim
2374 1492 2583 1540 morsu,
2640 1494 2700 1531 ex
2766 1477 2878 1531 offi-

1304 1565 1405 1616 riis
1440 1562 1493 1616 in
1552 1565 1797 1618 exercitu
1853 1568 2082 1635 pecunia
2139 1569 2394 1634 venditis,
2427 1570 2656 1640 aliisque
2695 1572 2880 1626 crimi-

1305 1657 1486 1712 nibus.
1513 1659 1720 1727 Quippe
1763 1669 1910 1714 tanta
1941 1662 2183 1730 supremi
2212 1666 2353 1732 apud
2382 1663 2588 1720 Turcos
2646 1666 2874 1719 militum

1301 1752 1477 1813 (lucis,
1513 1751 1608 1818 qrti
1656 1752 1753 1804 Scr
1814 1751 1973 1805 asker
2045 1738 2185 1822 apud
2225 1756 2372 1823 ipsos
2411 1754 2629 1820 dicitur,
2691 1763 2880 1808 aucto-

1306 1841 1438 1891 titus
1469 1851 1518 1891 et
1553 1852 1790 1908 potestas
1821 1853 1926 1908 est,
1963 1854 2148 1898 utnon
2187 1845 2364 1897 solum
2398 1845 2576 1899 oflicia
2625 1845 2876 1899 militaria

1306 1933 1514 1984 minora
1548 1935 1865 2005 nrajoraque
1889 1952 1988 2005 pro
2017 1937 2248 1991 arbitrio
2288 1937 2571 2007 lubituqrte
2611 1953 2714 1992 suo
2738 1953 2870 1992 con-

1305 2026 1470 2090 ferre,
1505 2042 1695 2080 verum
1736 2029 1900 2082 etiam
1949 2029 2126 2085 Partre
2173 2031 2382 2086 vezires
2442 2045 2630 2086 creare
2663 2029 2869 2101 possit;

1303 2119 1762 2184 quemadmodum
1825 2135 1878 2175 et
1943 2137 2104 2190 supra
2144 2123 2510 2186 narravimus,
2579 2121 2870 2176 Osmanem

1305 2212 1518 2261 nassam
1557 2209 1625 2263 ab
1659 2211 1760 2264 lioc
1798 2211 1915 2280 ipso
1952 2209 2238 2281 Muslaplta
2275 2229 2588 2282 supremam
2627 2216 2693 2270 ad
2728 2215 2874 2269 illam

1304 2302 1622 2369 dignitatem
1661 2304 1760 2358 hoc
1787 2315 2034 2360 evectu-n
2072 2308 2216 2361 bello
2251 2307 2440 2362 fuisse.

1373 2393 1509 2445 Cum
1538 2394 1702 2462 igitur
1732 2396 1802 2448 ob
1857 2399 2019 2452 Itasce
2074 2415 2269 2454 causas
2317 2413 2602 2455 Vereretur
2651 2401 2875 2456 insidias

1306 2485 1406 2536 sbi
1440 2488 1598 2547 strui,
1633 2489 1923 2556 diligenter
1952 2505 2015 2543 ac
2045 2501 2257 2546 malure
2313 2494 2414 2546 sibi
2457 2494 2708 2548 cavebat.
2756 2491 2875 2548 Mil-

1309 2583 1504 2635 rirurin
1536 2592 1714 2634 castra
1751 2582 1982 2651 denique
2036 2583 2190 2652 jussu
2244 2583 2469 2641 Muralis
2522 2587 2877 2655 Capizilario-

1310 2694 1426 2728 inm
1468 2675 1712 2738 Kilraias,
1743 2675 1834 2743 qui
1885 2676 2185 2742 ianitorum
2243 2678 2532 2746 praefectus
2585 2689 2690 2745 est,
2750 2693 2875 2733 curn

1308 2772 1427 2824 aliis
1460 2769 1770 2838 quimleeim
1805 2770 2137 2837 capizilariis
2167 2770 2284 2825 sive
2337 2772 2689 2840 ianitoribus.
2738 2773 2878 2827 Huic

1307 2881 1334 2914 a
1391 2866 1610 2916 sttilﬂltu
1673 2863 1880 2916 Mur-ate
1927 2863 2156 2917 diversae
2208 2866 2352 2918 data:
2411 2865 2624 2921 fuerant
2687 2865 2878 2922 littera:

1305 2954 1420 3004 sive
1455 2953 1727 3012 mandata,
1765 2953 1965 3020 quibus
2017 2955 2082 3005 ad
2133 2955 2539 3022 expedinntlum
2600 2959 2876 3026 negotium

1307 3045 1406 3096 sibr
1446 3045 1825 3107 commissum,
1864 3053 2025 3113 prout
2058 3046 2226 3100 ferret
2285 3048 2526 3111 occasio,
2585 3051 2878 3117 prudenter

1309 3147 1574 3189 nti-retur.
1608 3134 1737 3190 Una:
1771 3135 1851 3189 sic
1883 3146 2040 3189 erant
2075 3137 2315 3205 scripta},
2352 3149 2408 3191 ut
2439 3137 2541 3206 ipsi
2577 3138 2878 3208 Mualapba:

1307 3243 1407 3295 per
1459 3228 1806 3281 Occasionem
1849 3227 1987 3280 Itane
2042 3229 2435 3299 strangulando
2491 3230 2870 3285 redderentur.

2985 733 3252 788 minandi.

3055 824 3372 894 Muslaplras
3397 824 3634 894 denique
3659 822 4196 892 Constantinopolim
4217 822 4250 879 9
4276 824 4366 880 die
4410 840 4564 879 men-

2984 919 3059 973 sis
3087 918 3614 986 Aprilisingrcssus,
3668 931 3815 969 anno
3874 914 3997 979 987,
4050 915 4262 986 placato
4315 917 4564 970 nonnihil

2983 1013 3201 1066 sultano
3234 1010 3460 1075 Mnrate.
3487 1010 3529 1064 si
3574 1026 3680 1063 non
3708 1025 3770 1063 ex
3825 1009 4032 1073 animo,
4071 1009 4264 1063 saltem
4331 1025 4428 1079 per
4493 1013 4565 1062 si-

2983 1105 3382 1166 mulationem,
3419 1119 3549 1158 suos
3586 1102 3707 1156 illos
3756 1101 4026 1166 homines,
4090 1103 4433 1156 nisciianzim
4505 1119 4566 1155 an

2979 1197 3433 1266 dephlerdarnm,
3490 1195 3737 1250 custodia
3802 1195 4015 1249 liberat.
4085 1196 4158 1249 Ac
4216 1197 4564 1249 ifCt'laCtHl-

2985 1301 3176 1357 specto
3211 1300 3262 1344 cl
3291 1291 3567 1359 colloquio
3596 1290 3798 1344 sullani
3833 1288 4063 1342 Muralis
4102 1298 4408 1351 arceretur,
4444 1299 4564 1342 lan-

2979 1380 3102 1433 dem
3141 1391 3321 1434 tarnen
3356 1382 3596 1450 aliquam
3655 1381 4040 1449 largitionibus
4095 1380 4403 1444 immensis,
4444 1396 4566 1449 qua-

2981 1473 3116 1526 nihil
3153 1490 3257 1528 non
3292 1472 3434 1544 apud
3463 1473 3732 1528 Barbaros
3762 1473 3984 1529 efficere
4018 1481 4274 1543 possunt,
4328 1474 4561 1542 gratiam

2978 1566 3228 1620 redemit.

3053 1657 3110 1710 In
3140 1657 3259 1726 ejus
3291 1657 3469 1712 locum
3494 1655 3735 1711 diximus
3769 1655 4057 1712 suffectum
4083 1656 4257 1712 luisse
4301 1657 4562 1711 Siuanem

2979 1751 3215 1805 Irassam.
3252 1748 3348 1803 llic
3384 1749 3529 1803 enim
3589 1747 3762 1818 prius,
3826 1763 3992 1820 quam
4053 1753 4459 1809 vezirazumes,
4513 1757 4563 1800 et

2980 1856 3269 1910 supremus
3327 1840 3468 1896 bello
3500 1841 3720 1895 Persico
3785 1841 4026 1910 gerendo
4057 1839 4189 1901 dux,
4258 1854 4288 1893 a
4348 1839 4562 1893 Murate

2980 1933 3287 1988 declaratus
3320 1933 3534 1995 fuisset,
3585 1935 3802 2003 quoties
3840 1932 3906 1986 ad
3960 1931 4176 1987 Portam
4239 1947 4422 1987 rerum
4477 1931 4558 1985 irr-

2981 2025 3212 2080 feliciter
3245 2026 3509 2080 alversus
3530 2023 3725 2080 Persas
3756 2035 4034 2095 gestarum
4069 2027 4244 2079 nuntii
4287 2026 4561 2090 venire-nt,

2979 2118 3224 2175 Sinoniis
3255 2118 3466 2174 artibus
3494 2128 3676 2184 utens,
3727 2133 3821 2188 per
3861 2133 4135 2172 summam
4191 2117 4557 2186 arrogantiam

2977 2212 3225 2266 dictitare
3255 2211 3464 2265 solebat
3523 2227 3606 2276 se,
3635 2211 3678 2266 si
3718 2210 3841 2266 belli
3874 2210 3981 2264 dux
4034 2211 4370 2279 amplissima
4429 2225 4557 2264 cum

2978 2305 3668 2374 potestatedesignaretur,
3699 2315 4109 2375 penetraturum
4172 2306 4253 2359 vel
4302 2306 4370 2358 ad
4430 2306 4558 2359 inti-

2979 2412 3120 2449 mam
3147 2398 3331 2451 scaclii
3387 2396 3586 2451 Persiri
3637 2399 3843 2465 regiam
3912 2397 4268 2460 Casminnm,
4323 2397 4559 2467 indeque

2977 2502 3158 2558 regem
3184 2489 3362 2543 vivum
3397 2490 3450 2543 in
3481 2500 3806 2557 potestatem
3871 2491 4148 2543 redactum
4201 2491 4417 2543 sultano
4452 2504 4557 2545 suo

2978 2580 3293 2633 missurum.
3325 2580 3389 2633 Hi
3447 2579 3666 2634 Sinanis
3704 2581 3878 2635 bassa:
3937 2596 4220 2635 sermones
4264 2595 4391 2635 cum
4442 2581 4558 2635 aul-

2979 2675 3088 2728 lani
3113 2671 3340 2727 Muralis
3370 2671 3435 2726 ad
3463 2689 3625 2727 aures
3676 2674 4090 2742 pervenissent.
4144 2675 4280 2727 adeo
4338 2673 4556 2742 placue-

2977 2777 3123 2829 runt,
3187 2777 3246 2820 ut
3295 2781 3419 2820 eum
3456 2767 3711 2821 sullanus
3763 2782 3960 2837 parare
4011 2782 4069 2821 se
4127 2767 4370 2834 inberet,
4407 2768 4557 2834 quod

2981 2858 3408 2922 lulurumesset,
3478 2861 3552 2913 uti
3624 2876 3841 2913 sntntno
3905 2874 4030 2913 cum
4091 2860 4320 2929 imperio
4363 2869 4558 2915 contra

2976 2947 3170 3004 Persas
3198 2951 3524 3005 mitteretur.
3559 2953 3726 3005 Sinan
3754 2953 3857 3006 hoc
3890 2968 3996 3007 non
4061 2961 4376 3017 contentus,
4439 2962 4560 3007 tan-

2979 3053 3092 3097 tum
3115 3043 3329 3100 efficere
3357 3056 3620 3113 prmterca
3649 3048 3880 3100 sullauae
3926 3049 4409 3102 commendatione
4458 3063 4557 3117 po-

2976 3137 3102 3201 tuit,
3139 3145 3196 3189 ut
3258 3135 3497 3191 Murales
3558 3139 3785 3202 diceret,
3828 3139 4099 3208 siquidem
4155 3149 4443 3209 praestaret
4505 3141 4558 3194 id

2976 3229 3120 3296 quod
3181 3228 3340 3283 toties
3393 3243 3452 3283 se
3519 3229 3893 3292 przcsliturnm
3957 3233 4275 3300 recepisset.
4328 3234 4562 3287 omnino

1307 3322 1504 3373 Alter-aa
1569 3319 1769 3372 snlrani
1831 3320 2145 3373 mandatum
2202 3323 2576 3387 continebant,
2647 3320 3143 3401 negqnaceliam
3182 3335 3242 3374 se
3277 3320 3597 3389 dignitatem
3635 3323 3681 3376 ei
3739 3323 3936 3378 voziris
3993 3323 4222 3385 azemia.
4287 3325 4388 3380 hoc
4450 3337 4560 3393 est,

1310 3413 1493 3464 missis
1520 3411 1587 3463 ab
1611 3426 1672 3464 se
1704 3411 2016 3465 lrominilrus
2047 3411 2196 3466 hisce
2235 3414 2312 3465 vis
2366 3413 2679 3480 inferretur,
2743 3432 2877 3483 quo-

1311 3505 1492 3554 minus
1518 3502 1590 3563 id,
1630 3503 1774 3570 quod
1806 3503 1937 3569 ipsis
1969 3503 2037 3556 ab
2065 3519 2122 3557 se
2164 3502 2469 3573 injunetttnt
2511 3515 2672 3569 esset,
2716 3507 2876 3578 372

1307 3603 1765 3661 isseqnerentur.
1806 3592 2002 3648 Tertia:
2036 3594 2309 3648 diversam
2344 3597 2412 3649 ab
2443 3597 2686 3666 utrisque
2751 3617 2876 3654 scn-

1307 3688 1554 3746 t.ntiam,
1600 3687 1675 3740 ιιιί
1710 3687 1873 3755 paulo
1907 3696 2030 3756 post
2089 3691 2391 3757 apparebit.
2442 3694 2876 3759 complet-tebain-

1307 3791 1415 3830 tur.
1455 3778 1620 3831 Erant
1655 3791 1831 3832 castra
1873 3778 2170 3848 lllustaplta:
2203 3781 2492 3849 tripertita.
2531 3784 2651 3847 Quo
2677 3784 2875 3839 factum

1310 3882 1389 3934 nt,
1413 3872 1502 3922 uni
1537 3869 1759 3922 Krliaias
1795 3872 1846 3921 in
1874 3880 2049 3924 castra
2084 3872 2338 3934 venisset,
2371 3876 2437 3926 ab
2462 3877 2584 3927 unis
2615 3877 2679 3929 ad
2711 3877 2876 3930 altera

1307 3962 1431 4014 terti
1459 3978 1577 4028 ique
1628 3961 1861 4015 vicissim
1930 3963 2340 4028 perducereiur,
2400 3981 2497 4018 nec
2559 3976 2737 4020 tamen
2823 3971 2876 4024 irt

1310 4056 1606 4119 .unstaplrza
1640 4054 1815 4105 thsSJ:
1854 4063 2229 4120 conspectum,
2291 4055 2468 4110 varias
2505 4058 2623 4126 ipso
2681 4074 2877 4116 causas

1310 4155 1658 4213 pra-tuente,
1695 4144 2099 4200 admitteretur.
2135 4143 2377 4199 Tan-.lem
2428 4165 2546 4200 cum
2580 4147 2878 4218 Mustaplttn

1307 4239 1640 4305 colloquium
1688 4237 1833 4290 serio
1896 4246 2166 4306 posceret,
2220 4240 2455 4307 quodam
2515 4256 2544 4293 a
2594 4241 2875 4313 Mustapba

1308 4332 1585 4398 descripto
1643 4328 1873 4394 circulo,
1931 4329 2073 4382 intra
2112 4344 2272 4399 quem
2320 4332 2522 4385 nemini
2570 4334 2761 4389 liceret
2808 4339 2876 4390 ad

1309 4424 1487 4489 ipsum
1523 4418 1784 4472 accedere
1820 4419 2068 4487 propius,
2121 4433 2183 4473 ex
2223 4421 2503 4475 intervallo
2540 4421 2644 4476 fuit
2678 4425 2878 4480 admis-

1311 4531 1426 4577 sus,
1465 4513 1746 4581 diSpOSiliS
1779 4513 2018 4580 undique
2048 4512 2380 4567 satellitibus
2411 4517 2637 4569 armatis
2665 4530 2678 4568 :
2731 4519 2874 4584 quod

1310 4606 1693 4674 proculdubio
1724 4604 2020 4678 suboleret,
2081 4603 2340 4672 quidnam
2394 4621 2456 4658 ea
2520 4607 2623 4661 sibi
2675 4607 2874 4676 legatio

2983 3412 3223 3479 supremi
3264 3413 3568 3466 consiliarii
3602 3413 3800 3479 Portae,
3825 3429 4240 3471 concessurum.

3050 3500 3413 3571 Posteaquam
3482 3519 3613 3573 ergo
3668 3505 4197 3576 Constantinopolim
4240 3507 4562 3578 Mustapl:aa

2979 3594 3458 3663 appulisseldie9
3517 3597 3722 3650 mensis
3779 3597 4026 3666 Aprilis,
4094 3600 4170 3653 uti
4213 3599 4421 3653 dictum
4476 3614 4562 3654 est

2978 3701 3169 3755 supra,
3223 3686 3392 3739 Sinan
3431 3687 3624 3741 eodem
3668 3687 3848 3744 adltuc
3879 3705 4064 3744 mense
4125 3701 4314 3745 contra
4360 3690 4564 3748 Persas

2978 3777 3058 3831 ire
3116 3779 3306 3845 jussus
3370 3779 3491 3834 fuit.
3547 3778 3742 3834 Nullus
3817 3779 3867 3834 id
3927 3782 4190 3850 temporis
4247 3783 4557 3840 Osmanica:

2978 3870 3151 3924 Porta:
3182 3871 3543 3926 vczirazemea
3574 3881 3714 3938 erat,
3773 3873 4050 3929 exstincto
4078 3873 4338 3928 nimirum
4405 3878 4555 3931 Acir-

2979 3974 3122 4014 more
3157 3964 3336 4026 bassa,
3386 3963 3478 4032 qui
3508 3964 3695 4018 occiso
3730 3963 3877 4018 domi
3917 3981 4029 4020 suze
4065 3981 4092 4017 a
4119 3966 4362 4021 dervisio
4414 3983 4558 4038 quo-

2978 4053 3102 4106 dam
3130 4052 3450 4108 Mecliemeli
3477 4055 3672 4122 bassae,
3700 4056 4162 4126 quemadmodum
4213 4067 4373 4113 antea
4428 4075 4556 4115 nar-

2978 4146 3256 4207 ravirnns,
3313 4157 3694 4216 successerat,
3756 4149 4058 4218 paucisque
4110 4149 4389 4205 mensibus
4456 4153 4557 4206 hoc

2979 4235 3156 4289 fuerat
3190 4235 3376 4290 officio
3416 4236 3662 4293 functus.
3723 4237 4019 4295 V'acantem
4093 4242 4553 4296 vczirazematum

2978 4327 3292 4395 Mustaplras
3348 4329 3506 4383 bassa
3565 4345 3672 4384 non
3728 4338 3938 4384 tantum
3989 4333 4291 4398 ambiebat,
4365 4350 4551 4388 verum

2976 4421 3138 4473 etiam
3175 4435 3270 4487 spe
3309 4437 3474 4491 prope
3507 4432 3652 4476 certa
3685 4423 3786 4476 sibi
3849 4423 4213 4490 pollicebatur
4251 4443 4264 4478 :
4328 4428 4549 4494 partim,

2976 4512 3118 4580 quod
3147 4513 3290 4566 inter
3314 4515 3522 4568 vezires
3546 4515 3736 4570 ordine
3765 4516 4048 4584 proximus
4082 4525 4231 4570 esset
4287 4519 4358 4572 ab
4411 4521 4555 4572 Acir-

2979 4615 3118 4657 nrete
3181 4606 3338 4659 bassa
3388 4609 3741 4668 vczirazeme,
3793 4623 3968 4676 nuper
4027 4620 4278 4672 mortuo;
4331 4614 4552 4679 partim,

1310 4701 1492 4752 vellet.
1529 4700 1599 4751 Ex
1632 4697 1802 4751 altera
1852 4708 2004 4764 parte
2037 4696 2474 4764 capizilariorum
2536 4699 2763 4754 Kiltaias
2818 4713 2872 4756 et
2907 4686 3120 4766 unod
3173 4701 3348 4755 aetatis
3419 4710 3564 4755 esset
3623 4701 4009 4770 provectioris,
4078 4701 4554 4770 humanarumque

1313 4794 1428 4858 ipse
1457 4789 1756 4857 Mustapba:
1783 4796 2014 4840 mentem
2047 4787 2510 4854 animadvertens,
2561 4791 2875 4845 nrandaturn

1311 4888 1526 4937 tertium
1568 4881 1794 4950 profert,
1846 4895 1955 4948 quo
2007 4881 2345 4934 nisclranzim
2397 4880 2734 4951 Mustapltae,
2783 4888 2875 4954 qui

1309 4986 1497 5028 nostro
1533 4972 1799 5026 vocabulo
1823 4972 2184 5025 cancellarius
2207 4985 2309 5034 est,
2333 4989 2395 5026 ac
2421 4975 2875 5041 deplttcrdarum,

1306 5068 1396 5135 qui
1424 5065 1701 5118 rationalis
1740 5073 1792 5116 ct
1821 5073 2076 5131 quatuor,
2123 5066 2339 5116 nomine
2379 5067 2578 5116 sullaui
2646 5065 2876 5119 Muralis

1310 5161 1410 5210 sibi
1454 5158 1573 5210 dedi
1605 5157 1933 5220 pastulabat.
1962 5156 2035 5208 lbi
2083 5167 2195 5207 tum
2237 5160 2464 5210 nnritice
2531 5162 2878 5226 tergiversari

1312 5249 1643 5318 Mustaplras,
1699 5259 1753 5300 et
1818 5248 2157 5301 Cretensium
2213 5250 2357 5316 (qua:
2412 5255 2628 5318 voeant)
2682 5253 2878 5321 effugia

1310 5337 1702 5409 qua-rere.Sed
1729 5353 1852 5392 cum
1909 5340 2109 5393 acriter
2172 5353 2478 5408 urgeretur,
2534 5352 2588 5395 ct
2637 5343 2780 5396 alntd
2824 5346 2876 5396 in

1311 5436 1413 5485 lroc
1451 5447 1689 5500 tempore
1715 5433 1922 5484 rtulltntt
1957 5433 2084 5486 iruic
2119 5433 2194 5485 rei
2234 5435 2532 5488 remediunt
2591 5436 2878 5497 inveniret,

1311 5535 1410 5579 Irae
1443 5525 1754 5577 condttione
1781 5523 2092 5576 deditur-um
2118 5540 2177 5577 se
2212 5541 2342 5579 suos
2390 5527 2681 5592 promittit,
2736 5528 2780 5580 si
2813 5529 2880 5580 de

1310 5619 1698 5683 ipsorumvita:
1739 5614 2112 5668 incolumitate
2172 5629 2474 5670 caveretur.
2525 5619 2640 5681 Qua
2691 5623 2879 5671 Ctrltdi-

1311 5719 1459 5760 tronc
1497 5709 1754 5766 admissa,
1789 5706 1956 5758 dediti
1998 5715 2049 5758 cl
2087 5705 2614 5778 Constantinopolim
2662 5711 2881 5766 abducti

1311 5803 1531 5853 fuerunt
1558 5800 1742 5864 ambo,
1777 5811 1829 5852 et
1860 5800 1912 5852 in
1937 5798 2238 5854 .Iadiculnn
2266 5804 2379 5855 sive
2406 5816 2611 5870 septem
2643 5814 2879 5856 turrium

1309 5906 1517 5955 arci-tn,
1551 5894 1602 5944 in
1628 5908 1733 5958 qua
1757 5891 1952 5943 sullani
1983 5889 2450 5947 Musulmanorum
2500 5895 2742 5948 thesauri
2796 5909 2880 5947 re-

1314 5984 1471 6036 conoi
1498 5983 1693 6046 solent,
1720 5983 1956 6037 inclusi:
1996 5983 2138 6037 velut
2188 5985 2384 6037 ibidem
2437 5986 2695 6055 singulari
2757 6001 2877 6037 cum

2981 4793 3186 4860 pariter
3245 4807 3308 4846 ac
3365 4793 3681 4846 bellicarum
3739 4809 3919 4847 rerum
3985 4795 4282 4848 maximum
4330 4796 4555 4849 babewl

2981 4898 3164 4935 usum.
3202 4882 3305 4935 Sed
3330 4885 3430 4935 ista
3457 4899 3583 4950 spes
3611 4883 3883 4936 hominem
3915 4884 4075 4952 plane
4103 4883 4315 4938 fefellit.
4341 4887 4553 4954 Quippe

2982 4977 3226 5028 sultanus
3287 4976 3522 5027 Murates
3593 4973 3780 5027 Sinani
3832 4977 4005 5030 bassze
4077 4976 4552 5045 Constantinopoli

2983 5072 3316 5135 protectore.
3353 5083 3446 5134 νιιι·
3500 5066 3950 5135 tlapizilariorutn
4022 5066 4271 5120 [filiaiam
4315 5070 4552 5136 εξειίιπιιι

2981 5176 3139 5210 suurn
3161 5159 3458 5225 imperiale,
3489 5174 3612 5211 cutn
3643 5158 3907 5227 dignitate
3932 5159 4130 5213 veziris
4160 5161 4365 5212 azernis
4395 5199 4407 5220 ,
4455 5177 4552 5226 μυ

2983 5265 3131 5302 Innre
3155 5250 3325 5303 tnisil.

3053 5341 3292 5395 Discedit
3349 5357 3479 5409 ergo
3544 5341 3712 5395 Sinan
3771 5343 3840 5396 ab
3897 5343 4030 5396 urbe
4087 5343 4157 5395 25
4202 5343 4288 5396 die
4352 5346 4556 5397 mensis

2982 5437 3204 5505 Aprilis,
3275 5452 3398 5487 cum
3453 5434 3678 5490 Muralis
3753 5452 3970 5489 manum
4026 5436 4350 5496 osculatus,
4409 5439 4556 5502 quod

2984 5529 3348 5583 valediccnles
3401 5526 3581 5581 facere
3627 5527 3844 5589 solent,
3885 5527 4112 5580 acinace
4167 5529 4349 5595 magni
4397 5526 4558 5594 pretii

2984 5619 3198 5670 cinctus
3250 5621 3316 5671 ab
3375 5634 3442 5670 eo
3507 5617 3734 5682 fuisset,
3807 5619 4172 5685 vexillumque
4234 5617 4555 5686 praetorium

2984 5726 3105 5762 cum
3129 5725 3270 5780 equo
3299 5727 3567 5779 generoso
3595 5712 3913 5780 accepisset.
3942 5711 4019 5763 Ad
4055 5726 4180 5764 eum
4211 5725 4275 5764 ex
4304 5710 4556 5763 Anatolia

2986 5811 3095 5856 tota
3164 5808 3366 5870 passim
3437 5804 3749 5856 confluxere
3806 5801 4039 5856 militum
4085 5801 4298 5870 copia),
4353 5800 4555 5854 Tataro

2985 5910 3197 5961 quoque
3231 5909 3366 5948 nova
3403 5895 3649 5948 subsidia
3697 5904 3945 5963 parante.

3055 5987 3378 6056 Quanquam
3409 6003 3535 6041 vero
3572 5988 3762 6042 melius
3794 5987 4177 6042 administrare
4198 5987 4397 6041 bellum
4448 5983 4556 6040 hoc
