4866 6594
271 376 375 439 689

1378 375 1756 437 SUI'PLEM.
1803 373 2071 436 ANNM.
2111 372 2406 436 TURCIC.

3416 360 3519 425 690

273 502 523 571 cupiebat
569 504 739 559 Siuan
778 505 961 563 bassa,
996 515 1159 571 quam
1224 499 1432 554 fectant
1471 514 1498 552 α
1558 497 1838 566 Mustspba
1872 495 2096 553 Aestuat
2137 497 2428 551 Sirranum
2491 493 2665 560 posita
2727 492 2841 545 lora
2910 486 3292 553 territoriaque
3344 484 3514 537 retiu—

274 594 486 663 fuisset,
564 604 743 650 tamen
792 604 1013 664 propter
1061 594 1474 660 absumptorutn
1523 591 1698 645 inedia
1748 604 1841 659 pe-

273 693 466 755 ateque
499 688 727 741 militum
764 687 1113 755 paucitatem,
1143 683 1276 737 nihil
1304 681 1600 737 :ulmodum
1629 695 1838 733 memo-

273 780 351 831 ria
386 780 606 847 dignum
648 779 867 832 efticere
906 778 1100 845 potuit,
1135 778 1236 831 nisi
1275 777 1416 844 quod
1467 776 1519 829 in
1577 774 1837 843 Georgia-

277 888 470 925 nmum
516 873 781 925 limitibus
830 873 968 925 dnos
1031 872 1403 941 beglerbegos,
1454 886 1577 923 eum
1629 869 1843 923 duobus

272 963 682 1031 dephterdaris.
749 965 1052 1024 constituit,
1110 964 1315 1016 alteros
1375 964 1439 1015 ad
1487 961 1842 1024 Sochmuam,

272 1060 475 1110 alteros
525 1058 590 1110 ad
638 1058 910 1110 Batiuum.
960 1055 1031 1109 Ea
1095 1056 1378 1109 civitatum
1435 1054 1488 1107 in
1524 1055 1590 1108 iis
1647 1054 1845 1109 finibus

273 1150 493 1202 nomina
520 1162 669 1204 sunt.
705 1149 1124 1217 Beglerbcgatus
1152 1160 1330 1202 tamen
1370 1148 1446 1201 illi
1481 1164 1585 1202 non
1645 1164 1844 1213 magno

273 1240 575 1292 :estimandi
624 1240 873 1294 veniunt.
932 1238 1121 1293 Plures
1181 1242 1435 1293 nimirum
1500 1241 1550 1292 in
1596 1240 1660 1292 iis
1713 1239 1847 1293 locis

275 1330 571 1385 limitaneis
602 1332 1012 1399 beglerbegatus
1056 1333 1289 1385 instituti
1323 1332 1495 1392 fuere,
1526 1347 1685 1400 quam
1724 1348 1847 1385 san-

275 1424 541 1489 giai-atus.
592 1422 734 1477 Idem
773 1424 939 1479 Sinau
993 1426 1173 1488 bassa,
1233 1438 1359 1477 cum
1414 1425 1707 1492 aliquando
1766 1440 1847 1478 reo

271 1517 489 1582 giunem
537 1515 962 1585 Curgginorum,
1007 1517 1056 1569 id
1119 1525 1201 1570 est
1249 1515 1705 1586 Georgianorum,
1767 1518 1848 1571 in-

272 1622 563 1673 gressurus
586 1617 753 1669 esset,
784 1624 1005 1675 gravent
1073 1624 1297 1661 suorum
1331 1610 1538 1662 cladem
1592 1620 1847 1675 expertus

275 1694 398 1758 fuit,
433 1698 616 1751 multis
652 1698 849 1751 ibidem
887 1700 1154 1752 machinis
1179 1701 1340 1752 etiam
1373 1700 1583 1754 bellicis
1621 1701 1844 1755 l'eilt'lii.

273 1788 339 1841 Et
368 1790 473 1843 alio
503 1801 768 1860 tempore,
807 1807 930 1845 cum
959 1794 1304 1861 'l‘ipbllsiuut,
1337 1795 1481 1863 quod
1507 1797 1573 1847 ab
1602 1795 1846 1848 hostibus

274 1881 649 1948 obsidebatur,
683 1886 972 1939 auxiliares
1012 1889 1199 1955 copias
1235 1899 1396 1952 atque
1423 1887 1683 1955 pecunias
1714 1888 1838 1940 mit-

280 1984 438 2039 teret,
482 1984 633 2031 tanto
659 1993 779 2031 cum
830 1977 1034 2047 impetu
1092 1995 1120 2032 a
1180 1978 1361 2033 Persis
1420 1988 1472 2032 ct
1526 1978 1845 2046 Georgianis

276 2066 640 2123 ἰηνιιειιειῖυἰι
684 2069 853 2138 ipsius
907 2071 1199 2135 exercitus,
1266 2081 1317 2124 ut
1380 2073 1633 2126 omnibus
1686 2076 1846 2128 rebus

274 2162 515 2226 amissis,
547 2176 712 2230 prope
748 2163 929 2217 nullus
956 2178 1021 2217 ex
1054 2164 1132 2217 eis
1192 2164 1375 2218 salius
1431 2170 1493 2218 ad
1527 2178 1703 2220 ca~tra
1757 2169 1844 2221 Si-

276 2254 435 2304 nanis
463 2263 850 2308 reverteretur.
896 2254 1015 2320 Qttu
1077 2253 1299 2317 factum,
1366 2268 1422 2311 ut
1459 2258 1598 2313 intra
1637 2259 1847 2330 Tiphli-

272 2344 415 2397 sium
448 2343 652 2399 obsessi
677 2342 844 2399 Turci
879 2348 996 2400 dira
1060 2346 1227 2410 fame,
1296 2350 1523 2419 gustatis
1557 2352 1717 2404 etiam
1755 2367 1844 2406 ra-

272 2452 405 2491 num
440 2438 785 2505 muriamque
818 2440 1096 2505 carnibus,
1132 2445 1628 2512 exstinguerentur.

347 2530 507 2602 373
537 2532 629 2586 Die
652 2544 847 2601 quarto
874 2535 1075 2589 mensis
1105 2536 1357 2604 Augusti.
1380 2549 1527 2589 anno
1556 2535 1660 2592 987
1689 2536 1840 2608 (Chr.

276 2623 460 2689 £580),
496 2622 1031 2697 Constantinopolim
1084 2629 1229 2683 venit
1260 2645 1289 2683 a
1366 2631 1569 2684 scacbo
1627 2629 1845 2686 Persico

273 2715 476 2769 uissus
504 2726 705 2782 orator,
744 2718 1006 2773 Maxudcs
1036 2720 1201 2784 cban,
1234 2722 1324 2789 qui
1351 2722 1491 2792 regis
1516 2723 1598 2776 sui
1627 2723 1845 2777 nomine

274 2806 496 2859 sultano
528 2807 718 2861 .‘llurati
777 2812 1167 2878 componendze
1223 2815 1371 2880 pacis
1423 2822 1616 2867 auctor
1674 2825 1842 2869 esset.

274 2894 559 2966 Magnitlce
600 2914 630 2951 a
665 2897 948 2969 Mustapba
976 2903 1132 2958 bassa
1163 2914 1216 2957 et
1247 2904 1367 2958 aliis
1396 2903 1572 2959 Porta:
1602 2907 1844 2975 proceri-

274 2985 379 3041 btts
404 3003 667 3057 exceptus
696 2991 815 3045 fuit.

350 3079 600 3151 Ejusdem
643 3085 845 3138 mensis
884 3085 972 3139 die
1016 3100 1171 3141 sexto
1235 3091 1468 3143 moritur
1532 3087 1844 3158 Mustapbas

1947 600 2169 657 qui-rent
2219 587 2417 656 quibus
2461 586 2561 638 hoc
2588 582 2730 637 bello
2759 584 2935 637 calces
2972 582 3066 649 (ita
3106 580 3247 645 loqui
3312 578 3515 630 sulco“

1947 697 2123 749 equus
2157 680 2452 749 Mustaplne
2484 679 2661 733 bassa'.
2709 691 2834 730 suas
2868 675 3264 740 impressisset.
3301 671 3354 724 ld
3395 686 3517 723 vero

1947 792 2226 843 nunquam
2264 773 2457 827 facturi
2529 774 2782 825 videntur
2843 768 3044 830 Perszn,
3098 767 3188 833 qui
3248 766 3346 817 hae
3406 765 3519 824 leue

1946 869 2270 923 dieuntillis
2302 883 2358 921 se
2415 868 2552 920 locis
2610 880 2870 919 cessuros
2918 862 3226 916 Osmanieze
3275 860 3512 913 familiam

1946 964 2209 1031 siquidem
2243 979 2303 1015 ea
2328 960 2492 1014 Turei
2531 970 2636 1011 tam
2666 960 2834 1012 armis
2863 959 2915 1010 in
2984 966 3303 1023 potes'atem
3373 956 3517 1008 redi-

1948 1073 2092 1123 ge'e,
2127 1071 2287 1123 quam
2322 1055 2500 1124 gladio
2541 1052 2680 1106 lucri
2715 1068 2775 1104 ac
2806 1052 3040 1105 retinere
3077 1049 3311 1115 possint.
3369 1047 3512 1105 Prat-

1950 1161 2030 1202 ter
2063 1150 2200 1201 hanc
2252 1149 2452 1199 nullam
2479 1162 2535 1200 se
2562 1145 2713 1213 pacis
2760 1145 2922 1197 aliam
2949 1145 3119 1209 legem
3154 1141 3516 1195 admissuros.

1950 1240 2241 1307 aliquoties
2272 1254 2525 1302 expresse
2557 1237 2974 1289 denuntiarunt.
3029 1234 3296 1287 Cmterum
3329 1234 3514 1284 Maxu-

1950 1331 2046 1383 tlcs
2080 1328 2168 1381 ille
2196 1330 2331 1381 chan
2366 1329 2636 1393 legatione
2667 1342 2763 1380 sua
2822 1324 3135 1382 defunctus,
3163 1331 3214 1374 et
3244 1324 3307 1373 ad
3371 1323 3517 1388 prin-

1950 1421 2120 1488 cipem
2155 1436 2312 1474 suum
2343 1436 2620 1483 reversus,
2651 1420 2932 1486 aliquanto
2971 1428 3094 1486 post
3124 1415 3517 1489 perduellionis

1952 1514 2159 1567 crimen
2192 1514 2441 1577 incurrit,
2479 1522 2537 1565 et
2577 1513 2707 1564 bero
2752 1527 2851 1563 suo
2882 1511 3118 1573 deserto,
3170 1508 3398 1561 Muralis
3462 1523 3518 1561 se

1953 1606 2070 1659 fidei
2106 1605 2371 1673 permisit,
2408 1603 2803 1670 Fcrhatemque
2864 1604 3083 1656 bassam
3146 1602 3404 1667 deinceps
3448 1603 3511 1653 ad

1954 1697 2152 1749 bellum
2208 1697 2485 1749 Persicum
2533 1695 2963 1763 proﬁciscentem
3024 1706 3247 1747 secutus
3290 1703 3393 1753 est,
3458 1703 3513 1743 ut

1956 1787 2189 1854 aliquem
2228 1785 2472 1840 nancisci
2527 1786 2899 1854 sangiacatum
2930 1787 2981 1837 in
3028 1784 3135 1838 illis
3166 1784 3363 1837 ﬁnibus
3389 1799 3515 1852 pos-

1950 1890 2051 1933 set.

2023 1978 2177 2030 Anno
2208 1976 2310 2031 988
2332 1978 2483 2044 (Cbr.
2512 1976 2691 2045 lS8l),
2738 1977 2866 2030 nihil
2902 1975 3009 2029 fere
3041 1982 3252 2043 gestum
3308 1987 3517 2026 memo-

1953 2071 2145 2132 rabile,
2182 2082 2403 2140 propter
2429 2081 2727 2125 extremam
2759 2073 2812 2125 in
2877 2072 3145 2124 limitibus
3199 2078 3252 2120 et
3317 2068 3514 2121 castris

1950 2163 2190 2231 inopiam
2217 2181 2231 2227 ;
2261 2165 2394 2233 ipsis
2418 2166 2579 2219 etiam
2611 2165 2875 2218 militibus
2905 2162 2972 2217 ab
3003 2165 3104 2216 hoc
3129 2162 3267 2215 bello
3292 2177 3515 2230 prorsus

1950 2256 2161 2319 alienis,
2204 2265 2610 2327 etquacunque
2659 2258 2870 2310 ratione
2924 2265 3245 2324 possent.se
3303 2255 3513 2309 subdu-

1949 2349 2226 2408 ceutibus.
2257 2348 2429 2403 Sinan
2463 2364 2681 2419 quoque
2719 2350 2878 2405 bassa
2909 2349 3030 2404 belli
3055 2358 3342 2416 pertaesus.
3365 2347 3509 2417 quod

1949 2442 2102 2496 nulla
2137 2455 2258 2496 cum
2290 2440 2467 2495 fructu
2492 2450 2796 2512 gereretur,
2864 2449 2916 2496 et
2967 2441 3145 2495 redire
3201 2440 3515 2495 Constanti-

1950 2534 2191 2602 nopolim
2246 2535 2495 2605 cupiens,
2561 2534 2650 2589 ubi
2710 2534 2918 2599 majora
2963 2534 3030 2588 de
3088 2534 3517 2589 vezirazcmatuq

1947 2626 2124 2682 oﬂlcio
2148 2628 2432 2682 commoda
2468 2634 2820 2697 percepturus
2857 2632 3022 2691 esset,
3052 2634 3109 2680 ut
3148 2635 3264 2679 erat
3298 2626 3516 2694 ingenio

1948 2721 2155 2789 sagaci,
2186 2735 2290 2775 non
2322 2720 2525 2774 bellum
2563 2727 2755 2775 contra
2791 2716 3013 2773 Persam
3052 2719 3513 2781 continuamlum,

1948 2810 2040 2865 sed
2073 2826 2260 2883 pacem
2295 2811 2472 2881 aliqua
2509 2812 2714 2865 ratione
2754 2810 2942 2866 statuit
2984 2810 3308 2867 ineundam.
3345 2811 3415 2866 Ea
3453 2814 3517 2867 de

1948 2916 2115 2958 causa
2150 2902 2337 2959 missis
2366 2903 2429 2957 ad
2456 2918 2636 2973 regem
2672 2902 2959 2957 Persarum
3003 2902 3217 2959 Zausiis
3244 2914 3405 2975 atque
3438 2907 3522 2959 lit-

1950 2995 2099 3057 teris.
2140 2996 2431 3065 signiﬁcat,
2483 2996 2751 3065 siquidem
2789 3011 2891 3051 suo
2918 3012 3039 3051 cum
3104 2998 3353 3067 principe
3423 3015 3518 3068 pa.

1950 3106 2065 3146 cem
2104 3090 2282 3145 facere
2306 3092 2486 3155 vellet,
2525 3091 2762 3157 legatum
2828 3091 2989 3145 modo
3050 3094 3396 3160 prudentem,
3467 3102 3521 3147 et

282 3176 464 3238 bassa,
499 3189 620 3228 cum
659 3176 819 3229 biduo
843 3178 1107 3232 duntaxat
1140 3188 1296 3233 antea
1355 3181 1601 3233 morbum
1631 3192 1845 3235 eontra-
1875 3188 1916 3243 ρ
1950 3182 2293 3237 auctoritatis
2322 3184 2555 3249 eximim,
2596 3190 2855 3250 tantoque
2875 3185 3092 3251 negotio
3128 3201 3335 3249 parem,
3372 3188 3517 3240 able.

281 3269 453 3321 xisset
476 3283 539 3320 ex
569 3283 660 3320 esu
694 3269 1110 3337 melopepouum
1144 3274 1407 3333 avidiore,
1462 3276 1661 3341 quibus
1693 3290 1848 3343 aqua:

277 3374 509 3414 sacram
540 3361 717 3413 dilutae
747 3360 964 3428 (Turcis
995 3377 1054 3415 ea
1089 3360 1361 3416 Zerbetum
1388 3364 1608 3433 dicitur)
1637 3366 1845 3430 copiam

280 3452 571 3521 largiorem
652 3452 1118 3522 superinfuderat.
1200 3456 1480 3526 Plerisque
1558 3460 1850 3526 putabatur

279 3546 515 3613 ipsemet
536 3545 639 3601 sibi
694 3555 922 3601 mortem
977 3548 1255 3612 attulisse,
1312 3558 1532 3619 sumpto
1593 3560 1848 3620 praeterea

279 3654 515 3700 veneno,
551 3648 693 3693 metu
731 3640 1020 3709 supplicii;
1058 3642 1203 3710 quod
1263 3652 1566 3708 vereretur,
1615 3659 1681 3698 ne
1707 3645 1852 3711 priu-

280 3746 371 3783 res
400 3731 464 3783 al
493 3745 709 3797 causas,
747 3733 816 3786 ob
851 3749 986 3800 quas
1015 3734 1213 3788 sultani
1260 3732 1488 3789 Muratis
1521 3737 1847 3805 indignatio-

280 3834 408 3873 nem
441 3819 762 3887 incurrerat,
814 3823 1108 3876 accedente
1156 3823 1359 3879 Persici
1404 3827 1639 3881 oratoris
1685 3842 1847 3881 accu-

280 3909 516 3972 satione,
542 3909 607 3964 de
638 3912 948 3980 suppressis
989 3912 1198 3981 ahquut
1236 3915 1378 3981 regis
1413 3916 1493 3969 sui
1563 3917 1849 3987 legatiOai-

281 4001 409 4064 bus,
436 4016 628 4067 magna
657 4018 777 4055 cmn
840 4004 1061 4058 infamia
1128 4008 1247 4059 vitse
1297 4010 1594 4075 petirnlum
1656 4012 1849 4065 adiret.

278 4095 552 4149 Constans
578 4095 797 4163 quidem
834 4096 883 4149 id
920 4101 1183 4167 temporis
1214 4110 1331 4153 erat
1375 4102 1515 4154 fama
1576 4119 1668 4171 per
1726 4106 1850 4155 uui—

282 4203 497 4241 versam
525 4187 1079 4258 Constantitmpolim,
1136 4192 1402 4254 futurum,
1434 4204 1493 4248 ut
1538 4199 1850 4265 stranguria-

283 4291 459 4333 retur.
489 4277 793 4335 Facultates
825 4283 1025 4335 mortui
1053 4282 1183 4337 lisco
1242 4282 1465 4338 fuerunt
1507 4286 1689 4347 illatae,
1728 4305 1853 4355 por-

280 4372 432 4425 tione
462 4370 694 4440 qnadam
726 4372 1016 4440 nepotibus
1054 4375 1264 4439 relicta,
1329 4377 1421 4445 qui
1484 4386 1616 4432 ιυςιο
1673 4382 1852 4434 adhuc

283 4462 599 4528 impuberes
626 4462 691 4515 ad
733 4460 906 4517 Porta:
967 4463 1269 4518 ministeria
1309 4467 1540 4520 traducti
1605 4467 1846 4521 fuerunt.

280 4552 425 4606 Olim
482 4554 730 4607 sultauus
783 4553 1011 4608 Selimes
1055 4556 1333 4611 secundus
1391 4572 1458 4611 eo
1514 4567 1848 4627 praeceptore

283 4644 463 4697 fuerat
487 4660 639 4698 usus.
667 4642 790 4699 Inde
820 4661 942 4698 cunt
980 4646 1335 4714 begleibegus
1356 4646 1635 4700 Cairensis
1671 4646 1850 4701 factus

280 4744 455 4797 esset,
485 4751 674 4804 parum
721 4735 916 4800 abfuit,
971 4740 1267 4806 quominus
1322 4739 1481 4807 jussu
1518 4737 1737 4791 Selimis
1771 4739 1853 4791 in-

281 4827 651 4882 terﬁceretur.
686 4826 890 4898 Dignus
950 4830 1193 4892 omnino,
1230 4829 1320 4897 qui
1368 4829 1587 4882 sibimet
1637 4829 1850 4882 tandem

284 4923 440 4972 lieret
470 4918 733 4979 carnifex.
761 4921 830 4971 ob
856 4922 1179 4981 exercitam,
1211 4932 1369 4989 capta
1401 4918 1755 4987 Famagusta,
1794 4921 1849 4973 in

283 5008 654 5073 Bragadinutn
680 5019 733 5063 ct
762 5010 899 5062 alios
921 5010 1227 5078 perlidiam,
1267 5025 1333 5065 ac
1371 5011 1665 5064 belluinam
1691 5025 1851 5079 pror-

282 5100 814 5155 Stlsitntnanitatetlt.

358 5191 455 5245 Die
486 5192 702 5246 decimo
752 5193 985 5257 septimo
1017 5192 1219 5246 mensis
1274 5193 1524 5261 Augusti,
1592 5208 1854 5247 concessa

282 5284 607 5339 fuitoratori
646 5284 864 5338 Persico
900 5286 1186 5353 legationis
1218 5289 1553 5353 exponenda:
1578 5285 1810 5339 facultas
1839 5304 1854 5353 ;

279 5390 408 5443 qua:
443 5374 568 5427 licet
596 5374 664 5427 ab
691 5375 847 5428 initio
877 5391 971 5444 per
992 5391 1110 5429 esse
1170 5386 1320 5444 grata
1376 5378 1596 5431 sultano
1654 5376 1852 5430 Murali

281 5469 586 5532 videretur,
628 5469 777 5521 omni
837 5480 1017 5520 tamen
1077 5468 1251 5519 fructu
1308 5470 1504 5521 caruit.
1550 5469 1855 5532 Quotninus

280 5563 431 5615 enim
460 5577 560 5627 pas
596 5560 743 5613 coire
779 5571 981 5629 posset,
1008 5562 1118 5613 bac
1149 5572 1263 5614 erat
1294 5576 1456 5615 causa
1483 5600 1498 5621 ,
1556 5563 1699 5629 quod
1731 5578 1850 5615 eam

279 5652 563 5708 Osmanici
602 5654 838 5704 maximo
874 5668 998 5705 tum
1030 5670 1127 5704 suo
1153 5656 1462 5717 commodo,
1530 5652 1853 5708 Persarum-

282 5761 395 5813 que
431 5744 776 5807 detrimento,
810 5743 984 5797 facere
1037 5744 1233 5797 vellent
1267 5762 1285 5809 ;
1329 5746 1584 5798 ttiuiirum
1618 5747 1691 5798 uti
1724 5745 1855 5799 Per-

285 5854 362 5891 sa:
390 5835 588 5890 Turcis
618 5835 797 5890 omnia
820 5846 925 5890 tant
962 5834 1192 5890 Sirvano
1246 5839 1662 5907 comprehensa,
1694 5854 1855 5909 quam

1951 3282 2144 3345 garet:
2190 3273 2261 3327 ita
2297 3274 2538 3328 futurmn
2597 3274 2738 3328 baml
2770 3275 2953 3339 dubie,
3014 3274 3244 3332 feliciter
3289 3278 3364 3331 uti
3418 3294 3521 3346 pax

1952 3366 2089 3419 inter
2126 3374 2387 3435 utrosque
2409 3366 2788 3427 conficeretur,
2822 3378 2872 3419 et
2894 3382 3045 3421 arma
3087 3370 3519 3437 deponerentur.

1951 3455 2158 3509 lnterea
2201 3470 2327 3509 vero
2376 3457 2684 3526 pangendas
2755 3457 3043 3521 inducias,
3096 3472 3216 3528 qua:
3268 3463 3521 3518 Ittritt'tuu

1952 3544 2093 3597 bona
2148 3544 2249 3597 litle
2300 3554 2674 3599 servarentur.
2760 3545 2933 3600 Simul
2997 3548 3061 3600 ad
3113 3555 3527 3615 componendas

1950 3635 2120 3701 tequis
2155 3634 2365 3704 legibus
2398 3634 2708 3690 discordias
2750 3650 2913 3690 omne
2972 3638 3217 3692 studiqu
3272 3657 3517 3706 operam—

1952 3741 2058 3795 que
2093 3742 2244 3780 suam
2282 3729 2657 3796 pollicebatur.
2697 3727 2809 3785 Non
2842 3731 3050 3799 ingrata
3073 3732 3274 3787 scacbo
3299 3733 3520 3788 Persico

1953 3819 2100 3887 pacis
2129 3834 2188 3872 ea
2220 3821 2420 3872 mentio
2450 3819 2567 3887 fuit,
2632 3822 2863 3891 ideoque
2929 3839 3053 3878 mox
3125 3827 3409 3880 concessis
3470 3838 3521 3880 et

1953 3911 2266 3980 approbatis
2296 3912 2550 3972 imluciis,
2593 3925 2868 3967 oratorem
2912 3930 2968 3968 se
3003 3918 3325 3980 missurum,
3353 3936 3515 3972 causa

1956 4006 2106 4071 prius
2136 4003 2794 4073 deliberata,respondit.
2859 4004 2955 4059 His
3013 4007 3273 4074 perfectis
3333 4011 3518 4069 rebus.

1954 4104 2129 4147 castra
2153 4094 2317 4149 Sinan
2346 4096 2502 4150 bassa
2556 4097 2837 4166 relinquit,
2871 4107 2925 4151 et
2986 4099 3517 4167 Constantimqmliut

1956 4184 2251 4253 profectus.
2289 4186 2391 4239 sub
2420 4186 2657 4239 medium
2686 4201 2925 4240 mensem
2983 4186 3187 4241 .lulium
3250 4189 3531 4252 exquisita-

1953 4295 2072 4333 cum
2108 4294 2325 4348 pompa,
2360 4279 2760 4346 prodeuntibus
2812 4280 3029 4334 obviam
3098 4279 3275 4336 Porta:
3335 4299 3519 4351 prore-

1956 4372 2125 4433 ribus,
2148 4372 2329 4424 urbem
2368 4372 2687 4440 ingreditur.

2027 4464 2188 4517 luitio
2219 4463 2389 4527 veris,
2415 4479 2559 4517 anno
2594 4464 2841 4531 sequenti
2878 4465 2984 4521 989
3026 4466 3179 4536 (Cbr.
3215 4467 3399 4529 1582),
3437 4470 3522 4520 die

1956 4550 2132 4605 Martii
2177 4552 2380 4606 mensis
2443 4553 2704 4607 vicesimo
2756 4569 2919 4617 nono,
2981 4555 3184 4609 missus
3248 4570 3275 4607 a
3324 4554 3525 4610 scachu

1954 4642 2288 4698 Mucltemete
2315 4646 2533 4713 quidam
2563 4661 2626 4699 es
2662 4661 2943 4714 procerum
3009 4645 3352 4702 PersiCorum
3419 4669 3523 4704 tllt-

1953 4751 2123 4801 mero,
2159 4736 2794 4791 cuinomenlbrahimes
2842 4739 3005 4799 cban,
3053 4738 3519 4807 Constantinopu.

1951 4827 2043 4879 lim
2068 4842 2265 4897 magno
2294 4836 2347 4882 et
2387 4827 2586 4897 insigni
2642 4843 2765 4881 cum
2823 4830 3086 4883 comitatu
3152 4841 3519 4885 trecentorum

1952 4920 2074 4989 plus
2110 4920 2287 4974 minus
2312 4920 2557 4986 equitum
2621 4920 2816 4973 venit:
2882 4921 3214 4987 partim-uti
3277 4923 3341 4976 de
3393 4941 3525 4989 pave

1953 5027 2077 5066 cum
2112 5013 2331 5065 sultano
2366 5011 2574 5065 Mur-ate
2606 5021 2883 5075 trartaret,
2912 5012 3109 5078 partim
3144 5023 3202 5065 ut
3235 5015 3525 5068 inlerCSstTt

1954 5104 2294 5156 cmretnoniae
2331 5102 2756 5163 lllusulmanicaa,
2810 5118 2917 5170 qua
2957 5102 3187 5157 Muralis
3220 5106 3365 5159 ﬁlius
3404 5106 3522 5159 Mu—

1955 5196 2251 5259 cbemetes,
2296 5195 2569 5248 sexdecim
2617 5196 2736 5262 plus
2781 5196 2963 5248 miutts
3008 5211 3274 5248 annorum
3336 5199 3523 5249 adole-

1954 5302 2136 5346 scens,
2159 5284 2388 5337 solemni
2418 5286 2520 5336 ritu
2545 5285 3018 5338 circumcidentlus
3041 5295 3180 5339 erat.
3203 5285 3294 5338 Die
3321 5288 3523 5339 mensis

1959 5376 2080 5429 Maii
2123 5376 2379 5430 vicesimo
2405 5386 2601 5430 octavo
2634 5377 2796 5444 coepit
2830 5378 3069 5430 inaudita
3096 5381 3297 5432 saeculo
3332 5387 3524 5433 nostro

1956 5468 2245 5522 celebritas
2349 5468 2795 5521 circumcisiouis
2870 5469 3074 5537 hujus,
3168 5472 3527 5537 pra‘sentibus

1956 5560 2428 5627 Constantinopoli
2488 5560 2851 5613 maximorum
2932 5576 3102 5629 prolie
3158 5563 3323 5615 totius
3377 5566 3527 5617 orbis

1960 5653 2267 5723 principum
2294 5652 2507 5718 legatis,
2536 5650 2807 5720 Itudolpbi
2840 5651 3065 5704 secundi
3085 5652 3525 5705 Christianorum

1960 5745 2310 5813 imperatoris
2354 5743 2597 5810 augusti,
2658 5740 2879 5795 llenrici
2937 5740 3081 5795 tertii
3140 5742 3329 5797 Gallize
3383 5744 3529 5812 regis

1965 5836 2142 5907 (cujus
2178 5840 2359 5892 tamen
2395 5843 2578 5891 orator
2611 5832 2921 5889 Gerntiuius
2950 5832 3309 5891 Germolla'us
3335 5849 3533 5891 secun-
