4866 6594
251 416 357 485 698

1367 423 1739 486 SUPPLEM.
1776 426 2051 488 ANNAL.
2093 426 2398 486 'I'URCIC.

3418 421 3527 485 69$

256 528 414 579 lebat.
455 526 720 581 adversus
774 542 954 596 rcgem
1030 529 1170 596 regis
1232 543 1372 598 opus
1429 547 1549 586 esse.
1615 547 1783 601 opera
1825 553 1836 596 ;
1875 541 1916 594 Α
1948 544 2071 585 octo
2106 534 2361 585 dceemve
2424 531 2632 585 dierum
2672 531 2773 584 iter
2808 531 2873 583 ab
2912 530 3041 597 ipsis
3081 530 3276 584 vastati
3318 530 3524 593 Persis,

251 622 519 688 planeque
548 622 864 673 necessario
908 621 1109 690 requiri
1138 623 1201 675 ad
1232 622 1591 676 obtinendam
1647 625 1713 678 dc
1746 624 1842 676 ho-

254 723 334 764 ste
362 714 672 775 victoriam,
711 723 769 765 ut
806 714 918 781 ipse.
948 715 1201 769 snltanus
1270 715 1509 770 Murates
1544 718 1653 770 dux
1710 713 1839 770 belli

253 805 515 858 adversus
548 804 941 858 Muchemetem
968 805 1257 859 Persarum
1291 808 1452 877 375
1492 824 1673 877 regem
1708 826 1835 877 pro-

254 899 615 950 ﬁcisceretur.
666 887 1002 950 Murates‘eo
1046 898 1267 953 Sinanis
1308 911 1535 971 accepto
1566 919 1836 971 responso

254 1002 372 1037 mov
401 987 673 1039 sultanam
704 998 933 1040 matrem
966 989 1102 1052 adit,
1141 999 1193 1043 et
1228 991 1295 1043 ab
1322 1006 1383 1043 ea
1438 994 1729 1045 consilium
1784 997 1835 1047 in

255 1081 354 1130 lae
383 1095 548 1132 causa
579 1082 694 1132 dari
722 1082 826 1133 sibi
887 1082 1039 1149 pclit.
1104 1082 1240 1136 Tum
1274 1084 1362 1137 illa
1416 1104 1427 1139 :
1466 1087 1530 1138 Mi
1600 1089 1696 1149 fili,
1734 1088 1833 1149 ait,

256 1169 492 1221 luereiue
556 1181 684 1222 sunt
736 1172 822 1224 illa
906 1175 1194 1237 magniﬁca
1251 1180 1519 1243 proinissa
1568 1175 1838 1233 Sinonis?

253 1260 394 1311 itane
428 1261 707 1329 pollicitus
741 1275 826 1316 est
851 1265 1053 1319 iturum
1091 1283 1149 1320 se
1174 1272 1422 1335 capiendi
1462 1272 1662 1325 Persici
1738 1290 1827 1327 re-

252 1352 335 1419 gis
369 1354 662 1417 causa,vel
702 1356 769 1408 ad
820 1357 1067 1411 intimam
1100 1361 1387 1413 Persarum
1430 1365 1630 1431 regiam
1699 1366 1831 1417 Cas-

256 1431 509 1505 minum’;
544 1455 596 1499 et
624 1462 769 1501 nunc
808 1452 1001 1501 auctor
1021 1466 1140 1503 esse
1172 1453 1285 1503 vult
1350 1455 1466 1516 tibi,
1503 1467 1558 1508 ut
1603 1456 1833 1523 ipsemet

256 1535 320 1587 ad
348 1537 644 1604 gerendum
677 1540 777 1594 hoc
814 1541 1011 1595 bellum
1044 1545 1454 1611 proficiscaris?
1485 1548 1602 1601 Non
1634 1548 1834 1615 dignus

260 1638 362 1694 :‘Sl,
426 1631 517 1697 qui
587 1632 846 1701 deinceps
907 1651 1131 1689 mouere
1220 1640 1421 1691 veziris
1492 1640 1696 1693 azemis
1752 1642 1829 1694 lui

258 1721 535 1789 fungatur.
587 1724 703 1790 Quo
750 1728 986 1781 consilio
1040 1730 1271 1783 sultanze
1335 1732 1833 1787 matrisintellceto

256 1817 615 1884 probatoque,
677 1819 965 1873 confestim
1016 1822 1251 1876 Murales
1316 1826 1574 1877 Sinanein
1640 1825 1824 1878 Masu-

1948 640 2119 692 nsque
2156 626 2291 677 adeo
2318 623 2521 678 redacti
2563 632 2692 676 snnt
2725 624 2787 675 ad
2858 622 3185 677 solitudines
3213 665 3227 687 ,
3297 624 3383 676 vix
3454 625 3527 676 uti

1944 718 2163 785 paulum
2202 732 2356 784 aqua:
2390 714 2719 783 reperiatur,
2771 714 2970 767 nedum
3022 715 3180 781 panis
3210 724 3303 765 ant
3332 727 3531 766 carnes

1943 818 2036 862 aut
2066 808 2184 861 ali:e
2213 824 2319 871 res,
2365 820 2473 861 tant
2504 808 2571 860 ad
2600 808 2802 859 victum
2869 807 3177 867 hominum,
3222 821 3386 872 quam
3442 806 3528 872 ju-

1943 910 2255 954 mentorum
2311 902 2572 953 alimenta
2629 900 2981 953 necessarizc.
3030 899 3159 963 Qum
3225 899 3340 949 sola
3384 910 3531 949 cert-2

1940 1005 2235 1057 causaest,
2271 995 2627 1061 quamobrem
2659 996 2928 1047 hactenus
2990 992 3301 1044 Osmanidze
3356 991 3408 1042 in
3468 992 3534 1042 iis

1940 1086 2073 1139 locis
2111 1101 2344 1138 annona:
2367 1087 2597 1137 caritate
2632 1083 3025 1137 laboraverint.
3058 1084 3132 1134 At:
3165 1092 3292 1133 sunt
3322 1082 3381 1133 in
3416 1082 3530 1148 ipsa

1939 1176 2138 1231 Turcia
2175 1178 2267 1244 qui
2294 1178 2636 1237 existiment,
2697 1173 2909 1228 Turcos
2945 1175 3046 1225 hoc
3117 1172 3260 1225 bello
3314 1188 3534 1239 semper

1940 1270 2225 1325 inferiores
2258 1270 2496 1334 futuros,
2528 1271 2650 1323 licet
2693 1267 2875 1338 plures
2902 1271 2967 1321 ad
2992 1266 3345 1320 annosetiam
3369 1267 3418 1319 in
3440 1282 3536 1335 po-

1938 1370 2146 1414 sterum
2186 1364 2560 1415 contionetur.

2010 1452 2206 1505 Verum
2239 1471 2303 1505 ne.
2330 1454 2543 1521 longius
2572 1466 2725 1508 extra
2753 1456 2923 1518 oleas,
2963 1453 3107 1521 quod
3132 1453 3302 1514 aiunt,
3339 1455 3403 1503 ad
3443 1468 3536 1501 an-

1937 1546 2138 1598 nalium
2161 1548 2356 1599 seriem
2388 1548 2699 1601 redeamus.
2741 1546 2885 1599 Misit
2918 1546 3227 1599 secundum
3265 1543 3378 1595 h:c.e
3432 1545 3536 1594 ali.

1935 1639 2150 1706 quoties
2177 1641 2377 1693 Osman
2414 1640 2573 1692 bassa
2612 1640 2836 1707 pctitum
2874 1639 3076 1692 sultani
3116 1636 3344 1689 Muralis
3373 1651 3529 1703 opem

1938 1743 2101 1797 atque
2140 1731 2371 1793 auxilia,
2397 1748 2515 1799 qurc.
2548 1732 2896 1799 suppeditata
2928 1746 3049 1783 cum
3103 1730 3359 1791 fuissent,
3394 1728 3539 1792 jam-

1936 1836 2040 1887 que
2096 1821 2460 1890 Temircapitn
2518 1824 2901 1882 accessiSseut,
2973 1822 3037 1873 ad
3101 1820 3317 1873 Sirvani
3403 1818 3536 1870 lines

258 1910 361 1961 l.-m
397 1912 741 1977 pronuntiat.
798 1912 901 1965 hoc
963 1922 1070 1976 cst,
1122 1915 1426 1967 honoribus
1472 1917 1726 1969 omnibus
1781 1932 1842 1969 ac
1880 1892 1917 1944 υ
1950 1920 2224 1967 civitatem
2265 1915 2618 1969 Somacbiam
2656 1916 2820 1981 cepit.
2856 1914 3036 1983 ibique
3068 1913 3452 1980 heglerbegmu
3488 1920 3541 1961 et

257 2002 562 2069 prmsertim
614 2003 878 2068 dig-nitate
951 2007 1191 2075 supremi
1254 2008 1451 2061 veziris
1521 2010 1694 2065 exuit.
1746 2010 1845 2063 Pa-

261 2109 386 2146 rum
410 2094 627 2162 quidem
654 2097 849 2163 abfuit,
888 2100 1020 2166 quin
1080 2101 1449 2154 occideretur.
1508 2101 1652 2155 Bona
1714 2119 1844 2157 eou-

258 2185 499 2239 demnati
529 2187 659 2241 fisco
692 2188 1231 2258 fueruntapplicata.
1258 2194 1553 2261 Relegatus
1583 2204 1635 2246 et
1660 2196 1838 2249 exsul.

261 2280 531 2351 hodieque
565 2281 815 2352 Malagma
847 2285 1176 2354 degit,quo.l
1204 2287 1464 2354 oppidum
1498 2286 1541 2339 Μ
1565 2288 1834 2341 ιοειΙοιιίιιξ

261 2374 429 2427 situm
447 2385 531 2430 est
569 2377 619 2429 in
657 2377 1005 2446 itinerc,quu
1024 2378 1501 2447 Coustantiurpoli
1538 2380 1844 2448 liagusium

261 2470 394 2522 itur.
434 2468 622 2522 Sinani
655 2469 926 2525 suffectus
954 2473 1058 2525 fuit
1093 2473 1143 2525 in
1205 2474 1642 2527 vczirazematus
1672 2474 1847 2527 ollicio

261 2561 484 2614 Siauses
533 2562 714 2626 bassa,
761 2563 985 2615 natione
1028 2563 1300 2633 Ungarus,
1373 2582 1612 2634 quorum
1679 2576 1845 2634 nupta

260 2654 464 2706 sultani
494 2654 722 2709 Muralis
758 2671 1078 2711 seret-erat.
1117 2659 1269 2723 Quod
1332 2675 1512 2713 mores
1585 2673 1633 2711 et
1700 2662 1846 2723 iuge-

265 2748 416 2800 uium
452 2747 672 2801 Sinanis
694 2751 909 2811 attinet,
963 2752 1237 2804 cruds-lem
1267 2761 1319 2803 et
1340 2768 1560 2803 avarunt
1590 2767 1647 2805 se
1681 2750 1849 2820 gessit

261 2854 390 2907 erga
413 2842 657 2907 quosvis,
690 2857 816 2909 erga
857 2841 1205 2895 Christianos
1269 2842 1708 2907 infestissimum,
1760 2858 1849 2893 su-

265 2932 493 2999 perbum
538 2942 589 2985 et
618 2944 966 3002 arrogantem
996 2949 1121 3003 erga
1176 2935 1413 3001 majores
1445 2945 1495 2985 et
1526 2950 1705 3001 pares.
1761 2932 1847 2986 Ja-

264 3024 470 3076 clantia
506 3034 652 3077 tanta
702 3023 830 3085 fuit,
881 3034 938 3077 ut
994 3041 1113 3077 eum
1162 3026 1457 3093 aliquando
1500 3029 1846 3091 negotiorum

267 3117 615 3187 publicorum
654 3134 818 3172 causa
865 3119 1250 3171 conveniretur
1281 3121 1345 3171 al.
1379 3119 1577 3171 illustri
1609 3130 1653 3169 et
1692 3134 1847 3186 gene-

1948 2008 2365 2077 dephterdarum
2405 2010 2714 2063 collocavit.
2748 2008 3011 2061 Praeterea
3049 2008 3228 2059 locum
3259 2005 3423 2055 alium
3453 2018 3538 2055 re-

1948 2104 2088 2169 δνῖξίε
2131 2104 2181 2155 Ῐ¹¹
2223 2113 2572 2170 Ι³⁰¹05τ3ιειιι,
2638 2104 2725 2157 Cui
2776 2120 2881 2156 non
2937 2103 3098 2170 longe
3142 2116 3170 2153 a
3230 2097 3538 2165 'I'emircnpi

1948 2197 2138 2251 dissito
2174 2212 2370 2250 nomen
2417 2204 2500 2248 est
2540 2195 2907 2249 Taliassarau.
2952 2194 3119 2245 Paulo
3170 2200 3288 2260 post
3338 2190 3537 2241 ibidem

1950 2300 2002 2343 ct
2044 2290 2201 2342 aliam
2233 2290 2506 2343 civitatem
2566 2290 2876 2358 occupavit,
2940 2304 3058 2356 quae
3093 2287 3276 2339 liabba
3314 2285 3536 2337 dicitur.

1949 2381 2004 2437 In
2038 2383 2291 2437 omnibus
2327 2383 2477 2437 hisce
2521 2382 2654 2437 locis
2684 2383 3080 2450 gubernatores
3125 2388 3177 2432 et
3232 2377 3539 2447 praefectos.

1951 2475 2164 2529 idoneis
2193 2491 2315 2529 eum
2350 2476 2643 2543 pr:esidiis,
2676 2474 2945 2528 machinis
2996 2472 3229 2533 bellicis,
3274 2471 3438 2524 rebus
3474 2470 3539 2520 ad

1951 2581 2043 2619 eas
2076 2566 2403 2619 necessariis
2453 2568 2797 2635 annonisquc
2844 2566 3087 2635 reliquit.
3127 2565 3288 2619 Turci
3321 2565 3539 2632 quidem

1951 2657 2125 2715 aiunt.
2185 2656 2479 2711 Osmancm
2538 2670 2731 2727 przeter
2781 2660 3013 2712 indicata
3065 2659 3178 2711 loca
3224 2669 3277 2710 ct
3320 2658 3540 2725 oppida,

1951 2751 2263 2818 complures
2289 2751 2425 2802 alias
2448 2767 2666 2819 quoque
2693 2750 2941 2804 civitates
2976 2762 3030 2804 et
3061 2751 3281 2803 castella
3309 2750 3539 2816 cepisse.

1951 2841 2287 2907 Quinetiam
2352 2852 2588 2905 constat,
2630 2842 2923 2895 Osmancm
2990 2841 3233 2902 bassam,
3288 2856 3431 2894 anno
3460 2858 3546 2892 se-

1951 2937 2136 3003 qui-nti
2190 2938 2464 3003 proximo,
2521 2952 2630 3004 quo
2688 2946 2931 3003 tempore
3002 2933 3541 2999 Constantinopolim

1953 3028 2248 3094 profectus,
2307 3043 2525 3079 manum
2581 3025 3043 3079 sultano~Murati
3094 3024 3540 3083 deosculabatur,

1954 3119 2093 3170 inter
2130 3118 2231 3170 alia
2266 3135 2518 3182 munera,
2564 3135 2686 3187 qu:e
2734 3133 2829 3186 pro
2862 3119 3080 3171 snltano
3113 3116 3321 3169 Marate
3356 3132 3541 3171 secum

266 3222 400 3262 roso
431 3208 699 3276 Rudolphi
728 3212 951 3263 secundi
1014 3211 1239 3279 Augusti
1276 3212 1476 3279 legato,
1549 3209 1845 3262 Ft'cderico
1878 3236 1917 3289 Ο
1955 3210 2269 3271 advexerat,
2303 3211 2480 3263 cidem
2518 3211 2779 3265 obtulisse
2842 3211 3226 3278 septemdecim
3264 3210 3385 3278 plus
3444 3210 3545 3260 mi-

268 3302 552 3367 .tlreinero,
596 3302 805 3358 Barone
831 3303 1017 3357 Fladiz
1044 3318 1173 3367 ano,
1234 3302 1605 3356 inverecunde
1658 3303 1851 3370 ιιι-ιιιύί-

269 3407 448 3456 caret,
491 3410 578 3457 se,
610 3411 860 3463 suprema
904 3411 1027 3448 cum
1096 3404 1369 3461 potestate
1427 3393 1729 3461 profectum
1784 3392 1848 3444 ad

272 3486 567 3539 Persarum
605 3489 759 3551 lines,
804 3498 1014 3540 tantum
1056 3505 1105 3539 ιιι
1138 3488 1203 3540 iis
1239 3488 1375 3540 locis
1432 3502 1736 3554 occupasse
1770 3502 1851 3538 re-

270 3581 522 3649 gionum,
567 3590 622 3633 ut
659 3581 1008 3648 sangiaeatus
1040 3580 1186 3633 ibitle
1213 3600 1240 3631 ιι
1282 3584 1679 3649 quinquaginta
1719 3593 1852 3630 con-

271 3672 534 3726 stitucrit.
571 3673 623 3726 1-1
659 3687 785 3726 vero
816 3686 1018 3740 quanta
1085 3688 1210 3727 cum
1271 3672 1512 3725 vanitate
1578 3670 1743 3724 fuerit
1788 3669 1856 3721 ab

274 3770 395 3832 ipso
427 3766 655 3827 dictum,
695 3767 775 3819 vel
809 3781 872 3819 ex
906 3781 970 3819 eo
999 3775 1168 3833 patet,
1246 3765 1391 3833 quod
1451 3766 1705 3816 univetsa
1747 3760 1854 3812 Ru-

275 3859 460 3921 nr'lia,
505 3873 607 3926 qua
644 3868 823 3911 tamen
854 3858 1211 3926 amplissima:
1244 3857 1565 3925 provineire.
1620 3871 1716 3907 nee
1750 3868 1857 3906 uno

276 3970 303 4001 a
334 3948 530 4002 Turcis
599 3951 884 4019 acquisita?
929 3953 1155 4012 smrulo,
1208 3950 1465 4014 Thracia,
1516 3945 1857 4005 Maerdonia,

278 4044 496 4102 Servia,
531 4042 803 4111 Bulgaria,
855 4043 1108 4107 Albania,
1142 4042 1449 4103 Thessalia,
1515 4040 1691 4091 Morca
1746 4039 1861 4091 sive

283 4137 714 4203 ιύΙοίιωιιιιιὶδιις,
764 4138 964 4188 Acbaia
999 4138 1112 4188 sive
1173 4135 1418 4197 Livadia,
1492 4131 1689 4184 [Etolia
1750 4130 1862 4183 sive

284 4229 612 4298 Dspotatus
674 4244 792 4280 cum
857 4229 979 4280 aliis
1042 4228 1413 4287 continentur,
1476 4225 1614 4276 ultra
1677 4222 1861 4288 viginti

281 4326 423 4375 duos
450 4324 795 4390 sangiaeatus
825 4337 927 4372 non
990 4323 1205 4373 haheat.
1242 4320 1356 4372 ιιιιο
1409 4327 1646 4377 constat,
1709 4315 1865 4366 Sina-

282 4433 407 4470 nem
437 4417 489 4467 in
513 4417 575 4467 iis
598 4417 728 4467 locis
752 4416 881 4467 nihil
903 4414 1193 4466 admodum
1225 4409 1581 4463 memorabile
1605 4407 1864 4474 gessisse,

280 4514 388 4561 nisi
427 4509 571 4575 quod
607 4523 772 4558 unum
808 4516 860 4560 cl
899 4508 1126 4558 alterum
1151 4502 1589 4571 bcglerbcgatu‘u
1618 4499 1865 4551 institue-

1957 3319 2123 3357 nusve
2151 3304 2330 3358 claves
2362 3312 2669 3371 argenteas.
2713 3304 2779 3356 Et
2810 3302 3041 3370 singulis
3070 3286 3322 3356 clavibus
3348 3303 3541 3354 inseri.

1956 3406 2103 3462 ptum
2138 3410 2333 3448 nemen
2361 3404 2523 3447 eertm
2548 3394 2784 3448 civitatis
2813 3403 2907 3445 aut
2939 3394 3171 3453 castelli.
3211 3394 3277 3446 ab
3304 3392 3547 3446 Osmaue

1958 3487 2011 3537 in
2047 3496 2372 3554 pole5tatem
2412 3488 2639 3541 redacti.
2702 3487 3023 3551 Significare
3072 3486 3330 3539 nimirum
3383 3486 3545 3551 hujus

1957 3582 2233 3634 oblatione
2291 3582 2417 3633 doni
2476 3581 2862 3648 septemdecim
2920 3581 3157 3633 clavium
3214 3580 3450 3641 volebat,
3490 3595 3546 3631 se

1962 3676 2179 3728 totidem
2204 3676 2413 3741 cepisse
2444 3676 2521 3725 vel
2562 3675 2780 3739 oppida.
2821 3674 2902 3724 vel
2946 3682 3147 3731 castra.
3192 3680 3326 3740 quot
3362 3682 3547 3723 essent

1963 3768 2092 3833 ipsa:
2117 3782 2345 3820 numero
2394 3768 2595 3819 claves.
2618 3766 2773 3830 Quod
2810 3768 3059 3834 equidem
3100 3765 3321 3817 memini
3352 3765 3546 3832 pleris-

1962 3874 2067 3927 que
2096 3860 2226 3910 viris
2258 3859 2642 3925 prudentibus,
2667 3866 2721 3909 ct
2761 3874 2940 3909 rcrtttu
2961 3856 3323 3909 Tureiearum
3359 3858 3547 3921 gnaris

1968 3967 2307 4019 nequaquam
2365 3966 2487 4002 vero
2551 3951 2726 4001 visum
2777 3950 2953 4002 simile
3014 3967 3027 4002 :
3081 3965 3203 4001 cum
3262 3950 3441 4017 potius
3484 3964 3544 3999 ea

1964 4058 2226 4113 pagorum
2260 4058 2384 4095 csse
2415 4042 2722 4107 jutlit-areut
2771 4042 3013 4100 nemina.
3068 4058 3230 4109 quam
3271 4044 3352 4095 vel
3401 4045 3554 4107 οριιιε

1967 4136 2183 4197 (lorum,
2206 4141 2286 4185 vet
2312 4133 2684 4185 castellorum.
2721 4132 2827 4184 Sed
2864 4134 3007 4184 enim
3044 4148 3138 4200 per
3171 4146 3257 4184 me
3317 4131 3546 4184 liberum

1968 4226 2069 4278 hac
2096 4227 2158 4277 de
2186 4240 2241 4276 re
2269 4223 2537 4291 judicium
2571 4221 2745 4274 cuivis
2778 4228 2915 4274 esto.

2039 4317 2174 4369 Cum
2207 4316 2294 4368 hic
2346 4331 2523 4367 rerum
2573 4315 2624 4366 iu
2658 4316 2723 4367 iis
2760 4315 2890 4367 locis
2924 4329 3215 4367 successus
3244 4323 3407 4377 esset,
3442 4316 3508 4367 de
3532 4346 3547 4353 -

1971 4421 2080 4457 nuo
2108 4421 2236 4457 suos
2277 4406 2341 4456 ad
2380 4405 2656 4457 suitanum
2692 4403 2956 4457 liluratem
3014 4405 3160 4455 misit
3194 4404 3421 4467 Osman,
3459 4408 3549 4470 qui

1974 4506 2217 4564 peterent
2248 4506 2305 4549 nt
2328 4499 2628 4565 ipsummct
2656 4496 2892 4549 Tatarite
2956 4512 3137 4559 regem
3163 4496 3549 4548 Mnchcmetem

285 4608 380 4655 rit.
417 4605 483 4652 At
516 4596 1337 4667 qualesbeglerltegatus?Alba
1369 4592 1552 4645 Gramzi
1594 4594 1672 4643 vel
1729 4592 1863 4643 Alba
1901 4572 1941 4625 θ
1975 4588 2115 4641 ferre
2174 4589 2277 4642 sibi
2336 4589 2619 4657 suppetias
2674 4588 2908 4656 julierct.
2972 4585 3119 4639 Fecit
3175 4589 3274 4639 hoc
3331 4587 3550 4653 quidem

282 4691 525 4761 regalis;
565 4690 898 4757 Strigonium
956 4690 1041 4740 vel
1098 4686 1514 4754 Sigetivarunt;
1567 4698 1687 4750 quite
1744 4681 1861 4734 loca

275 4784 701 4853 .saagiaealuum
738 4780 957 4833 nomine
993 4776 1372 4830 t:mtu:nmodo
1412 4786 1708 4827 censentur
1741 4774 1866 4825 bac-

281 4893 473 4939 tenus,
514 4890 657 4929 recte.
683 4874 1049 4943 jud’cautiutu
1098 4872 1355 4939 opinione
1394 4870 1604 4938 singula
1672 4866 1865 4934 pra-fe-

289 4970 460 5021 renda
495 4970 720 5021 veniunt
752 4977 991 5035 quatuor
1040 4962 1313 5032 ejusmodi
1355 4961 1434 5011 vel
1481 4961 1727 5027 quinque
1781 4960 1871 5009 be-

289 5058 867 5128 elerhegatis.liident
920 5057 1138 5125 quidem
1208 5064 1356 5107 certe
1395 5056 1491 5104 viri
1549 5054 1869 5119 prudentes,

294 5167 596 5219 rerumque
643 5148 996 5203 Turcicarntu
1058 5158 1111 5199 et
1160 5148 1376 5200 illorum
1444 5146 1629 5197 finiunt
1690 5143 1869 5212 periti,

290 5264 423 5299 cum
463 5245 677 5296 recitari
719 5254 795 5294 tot
832 5242 1245 5307 bealerlu-gatus
1285 5256 1471 5291 co'nm
1504 5240 1746 5289 locorum
1776 5250 1872 5286 au-

290 5336 456 5387 diunt
482 5351 495 5385 :
522 5331 876 5400 Tiphlisiuzn,
905 5330 1278 5391 'l‘sclnldirint,
1319 5328 1676 5388 Soebuuiam,
1737 5326 1873 5377 Car-

290 5442 476 5487 seum,
511 5425 861 5482 Batinum,ct
892 5423 1046 5474 alios.
1126 5422 1401 5473 Iievmum
1460 5418 1617 5473 facile
1676 5432 1873 5470 nomen

295 5524 401 5574 hoc.
442 5530 644 5571 tuetur.
679 5517 867 5569 Itidem
905 5516 1193 5567 S'rvanum
1219 5531 1431 5582 quoque
1460 5514 1873 5580 beglerbegatus

295 5614 520 5665 titulum
558 5619 879 5671 mereretur,
910 5609 951 5661 si
985 5608 1289 5661 Tureoruzn
1334 5617 1477 5659 esset
1511 5607 1560 5656 in
1587 5614 1876 5671 potestate,

294 5703 763 5775 quemadmolum
804 5702 956 5753 initio
990 5702 1135 5763 belli,
1185 5699 1354 5752 ductu
1385 5698 1682 5765 Slustapba'
1706 5698 1879 5750 bassa‘.

299 5799 505 5850 vctiris
573 5793 992 5849 Osmauidarunt
1051 5794 1282 5860 imperio
1348 5792 1525 5844 fuerat
1579 5790 1875 5859 adjectum.

302 5891 412 5946 Sull
451 5888 866 5958 ltcglcrlu‘gzttus
922 5887 1099 5941 ueteri
1129 5887 1240 5939 suis
1269 5902 1386 5939 cun:
1450 5883 1763 5949 tcrt'ituriis,
1815 5884 1877 5936 ad

1971 4680 2229 4735 Osmanis
2257 4691 2443 4748 rogatu
2480 4681 2740 4743 Muratcs,
2779 4680 2870 4732 sed
2916 4677 3147 4731 Tatarus
3173 4679 3287 4731 Sitis
3322 4681 3555 4730 homini—

1972 4778 2072 4831 bns
2123 4778 2186 4830 ad
2244 4776 2508 4829 Muratem
2565 4776 2854 4841 ablegatis,
2902 4774 3071 4826 libere
3127 4774 3428 4841 respondit,
3493 4792 3550 4825 se.

1977 4869 2234 4922 mandato
2269 4870 2494 4922 Muratis
2552 4867 2931 4935 superioribus
2986 4866 3148 4917 annis
3192 4865 3328 4917 duos
3361 4865 3554 4918 fratres

1975 4979 2103 5016 suos
2143 4978 2266 5015 cum
2308 4962 2492 5014 multis
2520 4960 2763 5013 millibus
2794 4960 3075 5012 hominum
3107 4947 3321 5012 misisse
3345 4957 3556 5010 Teniir-

1976 5056 2152 5123 capim
2194 5071 2208 5110 :
2244 5071 2477 5123 quorum
2514 5068 2673 5105 nemo
2704 5068 2823 5104 eum
2857 5052 3039 5103 salvus
3065 5051 3283 5101 domum
3311 5051 3553 5107 redierit.

1976 5149 2140 5201 etiam
2193 5147 2423 5200 fratrum
2478 5147 2650 5197 altero
2693 5158 2856 5201 ca‘so,
2912 5143 3084 5193 altero
3142 5141 3193 5192 in
3245 5142 3556 5192 carcerith

1977 5241 2115 5304 apud
2146 5241 2332 5291 hostes
2368 5246 2599 5297 mortuo,
2632 5235 2799 5288 videri
2833 5234 2934 5286 sibi
2973 5249 3172 5285 novum
3209 5233 3373 5301 376
3397 5232 3555 5297 quid

1978 5336 2099 5384 dam
2125 5339 2177 5381 et
2202 5330 2465 5392 insolens,
2493 5344 2547 5380 se
2576 5325 2987 5395 quoqucjuheri
3015 5325 3229 5376 tandem
3262 5324 3327 5375 ad
3360 5324 3556 5375 bellum

1985 5429 2085 5475 hoc
2120 5420 2416 5489 proﬁcisci,
2445 5419 2584 5487 quod
2624 5433 2716 5485 per
2746 5419 2953 5484 legatos
2986 5416 3097 5483 geri
3148 5416 3334 5481 possit.
3383 5414 3559 5466 Nihilo

1985 5528 2161 5569 tamen
2198 5514 2379 5568 minus
2422 5528 2498 5573 sc,
2534 5510 2751 5578 quando
2805 5509 3040 5560 Muratcs
3089 5508 3159 5560 ita
3205 5522 3300 5575 pro
3338 5505 3418 5557 sui
3464 5521 3559 5556 au-

1985 5608 2236 5661 ctoritate
2267 5602 2478 5671 imperii
2512 5602 2852 5671 pt';cciperet,
2880 5610 3263 5666 suscepturum
3302 5598 3439 5648 hanc
3466 5612 3560 5648 cx-

1987 5702 2313 5772 peditionem
2348 5714 2358 5749 :
2387 5696 2546 5749 modo
2564 5696 2664 5748 sibi
2690 5694 2826 5747 mitti
2857 5702 3075 5746 curaret
3099 5706 3271 5752 arma,
3303 5690 3558 5756 peetmias

1989 5797 2038 5847 iu
2074 5794 2300 5844 militum
2329 5787 2621 5857 stipendia,
2669 5802 2792 5839 cmn
2840 5786 2960 5839 aliis
3016 5787 3177 5837 rebus
3226 5782 3533 5834 necessaria

2002 5886 2259 5951 Murates,
2290 5891 2510 5951 aeccplo
2542 5879 2722 5934 Talart
2758 5894 3042 5947 responso.
3074 5894 3182 5929 rem
3218 5891 3338 5929 cum
3372 5889 3567 5943 suprea
