4866 6594
1333 503 1438 562 693

2556 498 2885 555 JUANNIS
2929 500 3394 559 LEUNCLAVH

4483 497 4596 558 696

1328 624 1418 663 n.o
1450 609 1765 663 consiliario
1798 622 1922 670 suo,
1954 609 2145 660 Siause
2172 608 2355 670 bassa,
2390 616 2445 660 cl
2478 623 2600 659 cum
2644 607 2908 659 Itumelite
2940 615 2975 664 Α
3013 606 3245 673 ngaria
3277 609 3475 678 fuerat)
3517 622 3640 660 cum
3683 608 3840 660 titulo
3875 606 4072 661 veziris
4122 605 4427 660 Osmauiere
4459 606 4594 661 Por-

1324 702 1437 754 sive
1464 699 1684 754 Graecia:
1712 698 2100 753 Cadilcscbero
2132 698 2415 752 deliberat.
2450 697 2508 749 lli
2540 713 2662 751 cum
2702 701 2749 752 ei
2780 714 2898 763 per-

1322 791 1635 852 st:aderct-t,
1666 805 1787 845 esse
1818 789 2018 842 Tataro
2066 789 2327 841 mittenda
2365 788 2661 842 illiusmodi
2720 787 2901 841 subsio

1323 883 1431 945 dia,
1483 883 1599 935 dari
1628 882 1796 949 jussit
1830 881 2036 940 omnia,
2075 896 2192 949 qum
2244 880 2383 933 bello
2442 879 2680 947 gerendo
2718 895 2900 931 iit-ees-

1324 976 1467 1026 saria
1500 974 1824 1041 requireret.
1887 974 2113 1026 Centum
2171 971 2391 1039 quidem
2428 972 2474 1025 ei
2517 972 2679 1025 missa
2735 970 2900 1023 fuisse

1319 1066 1563 1130 iumenta
1599 1065 1925 1131 sagmataria
1958 1064 2332 1132 pet—bibentur.
2365 1075 2590 1116 onerata
2649 1078 2899 1115 nummu—

1324 1156 1393 1207 lis
1454 1158 1746 1221 argenteis,
1809 1171 1949 1221 quos
2028 1170 2218 1222 aspros
2287 1156 2647 1223 appellatione
2714 1152 2902 1205 Graeca

1327 1246 1488 1299 'i'urci
1522 1258 1740 1300 vocant.
1793 1245 1995 1300 Horum
2050 1260 2266 1300 summa
2309 1245 2634 1299 conﬁciebat
2681 1254 2898 1298 centum

1323 1352 1375 1392 et
1406 1339 1720 1406 octuaginta
1761 1340 1926 1393 millia
1963 1340 2298 1393 tbulerorum
2325 1338 2804 1398 Germanicorum,
2836 1336 2901 1389 ad

1326 1449 1516 1501 :upros
1548 1435 1825 1501 sexaginta
1854 1443 2106 1488 revocato
2145 1432 2359 1487 tlialerii
2407 1432 2604 1501 pretio,
2650 1431 2795 1501 quod
2850 1430 2901 1483 id

1330 1526 1593 1593 temporis
1656 1527 1781 1580 huic
1824 1542 2047 1580 nu'umo
2106 1534 2366 1578 statutum
2431 1525 2649 1577 decreto
2704 1522 2901 1576 sultaui

1331 1617 1559 1673 Muralis
1622 1630 1760 1672 crat.
1842 1620 2097 1687 Adeoque
2184 1618 2417 1686 jumcnli
2536 1616 2698 1668 unius
2763 1629 2903 1667 onus

1332 1709 1568 1761 thaleros
1637 1710 1781 1762 mille
1808 1725 1930 1762 cum
1998 1708 2324 1776 octingentis
2386 1702 2905 1761 continebatJlaue

1326 1804 1522 1856 Tatat‘o
1553 1807 1836 1873 pecuniam
1883 1805 2048 1865 tltisil,
2103 1814 2297 1872 pra'ter
2349 1804 2453 1856 alia
2490 1804 2767 1862 donativa,
2822 1803 2905 1854 ni-

1328 1895 1523 1946 mirum
1580 1907 1755 1948 vestes
1814 1911 1878 1948 ex
1937 1912 2118 1964 panno
2178 1896 2461 1961 sericoquc
2492 1895 2787 1953 confectas.
2851 1904 2903 1945 et

3005 710 3070 752 tu:
3108 703 3420 768 Sllllltlliqlle
3466 700 3747 768 copiarum
3783 698 3939 770 ducis
3969 698 4022 752 in
4059 699 4163 753 illis
4203 700 4337 753 locis
4372 717 4385 754 :
4425 710 4594 767 atque

3004 796 3119 859 ipse
3152 794 3453 855 et‘leritate,
3512 809 3616 858 qua
3674 804 3859 860 posset
3911 793 4172 853 maxima,
4226 791 4469 858 Capltam
4523 796 4593 846 ad

3003 885 3377 952 instigandum
3444 885 3704 938 Tatarum
3761 884 4225 954 proficisceretur.
4284 883 4415 938 Erat
4463 884 4594 936 huic

3005 975 3205 1029 Tatat'o
3265 993 3459 1030 nomen
3520 978 3848 1039 .‘Sttrltemcl,
3899 977 4063 1030 Kerai
4116 978 4280 1037 chan,
4325 977 4427 1029 hoc
4482 986 4590 1038 est,

3004 1069 3366 1123 illucbcmetes
3406 1088 3491 1123 rex
3520 1070 3774 1135 Καπύης,
3818 1071 3935 1123 sive
3984 1072 4337 1123 Kerainrutn.
4380 1072 4584 1123 Osman

3004 1161 3162 1213 l-assa
3190 1163 3445 1215 mandato
3476 1162 3703 1216 Muralis
3724 1172 3967 1229 accepto,
3998 1162 4267 1230 quidquid
4300 1164 4365 1214 ab
4394 1178 4460 1215 eo
4488 1161 4590 1212 sibi

3006 1252 3191 1305 fuisset
3250 1253 3584 1321 iniunctum,
3641 1252 3785 1305 fecit.
3853 1252 4064 1319 Quippe
4113 1250 4354 1317 Capbam
4414 1249 4598 1319 profe—

3004 1354 3148 1407 ctus,
3180 1354 3346 1400 lotam
3374 1345 3497 1399 istic
3529 1346 3759 1397 hiemem
3788 1346 3930 1399 illam
3955 1345 4238 1413 transegit.
4266 1342 4404 1397 Cum
4433 1353 4597 1397 aestas

3005 1434 3343 1501 appetiisset,
3372 1446 3516 1485 anno
3535 1433 3633 1487 99f
3672 1432 3824 1503 (Chr.
3855 1432 4014 1497 1584)
4069 1433 4216 1485 misit
4248 1446 4313 1484 eo
4338 1429 4595 1485 sultanus

3007 1524 3243 1578 Murates
3270 1524 3487 1578 fratrem
3519 1523 3873 1577 Muchemetis
3900 1522 4107 1588 Tatari,
4132 1524 4219 1576 cui
4251 1538 4448 1575 nomen
4475 1532 4595 1575 enit

3009 1618 3147 1670 l-lan
3174 1619 3335 1671 chau.
3370 1619 3416 1671 is
3446 1618 3710 1671 hactenus
3751 1615 4141 1669 asservahalur
4172 1618 4312 1677 apud
4344 1615 4592 1669 iconium

3009 1711 3199 1763 urbem
3250 1712 3412 1764 Αδῐίικ
3465 1711 3617 1764 Nunc
3658 1727 3787 1766 vero
3816 1713 4057 1780 Capham
4095 1724 4162 1763 eo
4200 1709 4438 1762 consilio
4472 1708 4596 1760 mit-

3010 1803 3244 1861 tebatur,
3275 1814 3333 1856 ut
3372 1801 3575 1855 (isman
3620 1803 3778 1857 bassa
3813 1812 4006 1856 necato
4037 1802 4380 1857 Muchemete
4410 1814 4592 1867 regem

3012 1896 3155 1949 hunc
3186 1896 3395 1949 Keraiis
3431 1893 3647 1949 Tataris
3704 1896 3825 1949 loco
3855 1893 4215 1948 Muchemetis
4247 1893 4425 1946 daret.
4454 1892 4593 1946 Cum

1326 1984 1506 2037 omnis
1536 1986 1748 2051 generis
1778 2002 1952 2040 arma.
1988 1987 2138 2039 Sciat
2177 1994 2358 2040 autem
2393 1988 2580 2048 lector,
2616 1996 2898 2054 propterra
2936 1975 2975 2031 Β
3012 1989 3185 2042 lslaue
3237 1987 3414 2041 chane
3450 1985 3679 2041 Muralis
3732 1987 3992 2040 mandato
4023 1987 4263 2054 Capham
4314 1983 4598 2050 navigaxit

1331 2079 1502 2132 fuisse
1536 2078 1731 2133 Murali
1784 2081 2012 2134 cbaucm
2048 2079 2189 2134 hunc
2218 2078 2540 2133 Talarorum
2585 2078 2899 2135 blucbeme-

1329 2180 1435 2225 tem
1496 2171 1792 2243 obligatum
1840 2171 1905 2225 ad
1946 2171 2258 2227 educendas
2319 2172 2684 2227 mittendasve
2735 2173 2899 2227 domo

1328 2279 1555 2317 suorum
1588 2264 1795 2333 copias,
1821 2264 1873 2317 in
1900 2279 2285 2334 quemcunque
2335 2265 2510 2316 visum
2544 2262 2738 2316 Murali
2769 2261 2900 2317 fuis-

1329 2366 1413 2408 set
1443 2356 1675 2420 hostem,
1714 2366 1766 2410 et
1802 2372 2129 2427 quocunque
2161 2366 2427 2424 tempore,
2490 2354 2633 2424 qttod
2670 2355 2901 2424 singulis

1326 2448 1486 2500 anuis
1524 2464 1588 2501 eo
1624 2449 1839 2503 nomine
1886 2466 1984 2517 pro
2019 2463 2075 2502 se
2106 2448 2328 2517 suisque
2364 2448 2598 2501 ducibus
2630 2449 2901 2517 acciperet

1327 2555 1357 2591 a
1390 2537 1596 2592 Murale
1622 2555 1888 2593 summam
1919 2540 2275 2593 ducentorum
2330 2537 2450 2605 plus
2483 2536 2727 2589 minusve
2773 2534 2899 2589 niil-

1329 2631 1459 2683 iium
1494 2632 1892 2685 sullaninorum
1919 2648 1932 2684 :
1963 2640 2155 2700 praeter
2182 2632 2455 2700 impensas
2486 2629 2731 2691 diurnas,
2764 2644 2899 2695 qua.

1333 2739 1450 2777 rum
1484 2724 1531 2777 ei
1592 2725 1831 2786 nomine,
1886 2740 1983 2791 pro
2035 2739 2187 2778 more
2241 2724 2499 2785 Turcico,
2558 2723 2802 2791 singulos
2848 2726 2899 2774 iti

1329 2817 1444 2869 dies
1470 2816 1615 2884 asp:i
1649 2817 1794 2870 mille
1844 2818 2292 2873 numerabantur.
2332 2816 2566 2871 Tatarus
2603 2817 2692 2870 ubi
2723 2834 2751 2869 :i
2792 2816 2902 2868 Mu-

1330 2919 1465 2972 rale,
1534 2924 1655 2977 qua:
1701 2910 1960 2975 diximus,
2018 2909 2343 2978 accepissm,
2402 2908 2635 2970 Crimiu,
2681 2907 2903 2963 civitate

1332 3003 1587 3070 regiaque
1620 3017 1742 3063 sua,
1793 3002 2055 3065 discedit,
2092 3016 2260 3070 seque
2308 3000 2668 3071 Temircapim
2722 3016 2904 3070 perre-

1330 3104 1544 3147 cmrum
1569 3094 1809 3149 simulat.
1844 3094 1947 3148 Sed
1989 3094 2264 3163 aliquanto
2297 3095 2475 3164 spatio
2508 3109 2827 3163 progressus
2873 3110 2899 3145 a

1330 3183 1554 3245 Crimio,
1582 3186 1801 3239 domum
1850 3186 2163 3248 revertitur,
2222 3200 2344 3238 cum
2383 3185 2543 3237 modo
2580 3183 2696 3237 suis
2736 3183 2785 3235 izl
2838 3197 2903 3241 se

1334 3278 1513 3331 facere
1552 3277 1776 3343 diceret,
1828 3276 1898 3331 ob
1950 3280 2079 3330 anui
2143 3285 2517 3345 tempestates,
2578 3274 2898 3345 profectioni

1336 3372 1591 3423 adversas
1616 3384 1631 3434 ;
1669 3370 1832 3423 modo
1854 3369 2185 3437 suSpiciouis
2213 3385 2402 3434 causa,
2429 3384 2593 3437 quam
2625 3369 2692 3423 de
2728 3366 2907 3422 fratri-

1336 3462 1436 3515 bus
1486 3462 1602 3517 suis
1663 3462 2045 3530 concepisset;
2090 3460 2252 3515 ntodo
2294 3471 2514 3529 propter
2566 3460 2906 3516 Cosakorum

1334 3561 1515 3606 motus
1573 3554 1677 3623 (sic
1704 3553 2047 3622 appellantur
2075 3554 2129 3606 in
2156 3552 2472 3608 Moltlaticis
2498 3553 2911 3622 Valacbicisque

1336 3641 1554 3701 finibus.
1588 3643 1681 3711 qui
1722 3642 2019 3707 Martelosi,
2051 3641 2307 3707 Uscocbi,
2344 3640 2603 3696 Morlacbi
2653 3642 2912 3719 dicuntur

1338 3738 1390 3789 in
1427 3734 1736 3803 Uttg:!l‘iCi8,
1775 3735 2051 3789 Croatinis
2090 3746 2143 3788 et
2194 3733 2516 3788 Dalmatinis
2549 3749 2564 3789 :
2615 3733 2722 3787 nisi
2764 3733 2910 3802 quod

1335 3828 1543 3895 majore
1581 3843 1808 3881 numero
1836 3827 2030 3881 Cosaki
2075 3842 2185 3881 rem
2219 3812 2461 3897 gerunt),
2493 3825 2586 3894 qui
2636 3826 2911 3881 contemni

1336 3933 1445 3972 nou
1482 3926 1720 3986 possent,
1751 3932 1876 3970 cum
1910 3932 2017 3971 non
2059 3918 2264 3970 dudum
2299 3916 2435 3970 adeo
2466 3913 2735 3969 l’otocova
2756 3913 2912 3969 Polo-

1337 4023 1409 4060 no
1435 4008 1594 4073 duce,
1632 4007 1918 4061 finitimam
1951 4007 2055 4062 sibi
2093 4006 2438 4071 Benderiam,
2474 4003 2915 4074 Osmanicijuris

1341 4102 1625 4170 oppidum,
1656 4115 1849 4155 versus
1877 4099 2100 4167 Nigrum
2143 4115 2291 4155 mare
2323 4100 2511 4163 silum,
2543 4099 2786 4169 ceperint
2835 4107 2916 4151 at-

1340 4208 1446 4259 que
1524 4192 1894 4258 diripuerint:
1929 4208 2073 4245 nunc
2128 4193 2223 4246 bas
2272 4193 2530 4261 denique,
2595 4209 2739 4245 nunc
2795 4192 2917 4245 illas

1338 4300 1535 4339 causas
1556 4295 1611 4337 et
1657 4285 2048 4338 cxtusationes
2103 4283 2467 4352 praetendens,
2508 4284 2943 4352 expeditionem-

1343 4377 1539 4431 Murati
1575 4377 1900 4445 promissam
1934 4391 2042 4429 nou
2082 4376 2343 4445 suscepit.
2380 4374 2642 4443 Equidem
2690 4375 2755 4427 de
2788 4374 2919 4429 viris

1343 4466 1705 4536 sapientibus,
1733 4478 1787 4521 et
1816 4465 2062 4520 Turcicm
2094 4465 2471 4520 fraudulentia:
2495 4465 2699 4533 gnaris.
2728 4463 2920 4519 audire

1345 4560 1606 4623 memini,
1655 4561 1977 4616 conclusum
2028 4560 2083 4612 in
2144 4557 2373 4613 Muralis
2432 4555 2603 4612 fuisse
2651 4557 2918 4619 consilio,

3005 2078 3252 2135 Uluzalis
3281 2076 3575 2147 prtefectus
3608 2080 3799 2144 maris,
3834 2094 3959 2133 eum
4004 2078 4217 2149 aliquot
4249 2078 4594 2141 triremibus,

3003 2188 3102 2227 nee
3158 2172 3424 2228 mediocri
3478 2172 3863 2240 genizarorum
3912 2173 4091 2226 Portze
4141 2171 4595 2239 sclnpetariorum

3005 2266 3282 2337 praesidio.
3310 2266 3610 2334 Postquam
3648 2266 3700 2320 bi
3735 2266 3978 2334 Capham
4006 2265 4371 2333 appulissent,
4405 2263 4596 2317 infelix

3006 2362 3093 2415 ille
3125 2359 3497 2414 Mucbemetes
3548 2361 3688 2414 eban
3748 2358 3995 2412 desertus
4027 2373 4055 2410 a
4089 2358 4225 2423 suis,
4270 2367 4325 2412 et
4372 2356 4597 2426 potissi-

3005 2469 3151 2507 mum
3184 2453 3430 2520 proditus
3465 2466 3493 2505 a
3521 2450 3714 2505 Kiliaia
3777 2452 3889 2505 sive
3925 2448 4180 2519 praefecto
4235 2451 4407 2503 curia:
4458 2465 4595 2512 sum,

3005 2543 3317 2598 'l‘urcorum
3379 2542 3433 2597 in
3480 2558 3677 2597 manus
3727 2544 3919 2597 venit:
3954 2551 4008 2595 et
4056 2541 4124 2594 ab
4163 2541 4265 2601 eis,
4311 2556 4416 2592 una
4469 2554 4597 2591 cum

3003 2636 3218 2690 duobus
3261 2637 3407 2698 filiis.
3439 2637 3576 2691 eliso
3604 2646 3826 2706 gutture
3852 2635 4223 2699 strangulatus
4252 2631 4371 2685 fuit.
4402 2632 4459 2684 in
4480 2634 4598 2697 ejus

3006 2729 3186 2782 locum
3233 2744 3356 2782 mox
3389 2729 3457 2782 ab
3493 2728 3647 2799 ipsis,
3687 2727 3904 2782 nemine
3950 2727 4281 2795 refragante,
4331 2723 4600 2777 suffectus

3005 2830 3089 2874 est.
3117 2820 3258 2873 lslan
3298 2822 3462 2885 eban,
3499 2837 3562 2875 ex
3599 2821 3822 2875 decreto
3850 2820 4049 2873 sultani
4096 2818 4342 2875 Muralis,
4398 2825 4458 2868 ut
4491 2814 4598 2869 Ke-

3008 2913 3246 2966 raiorum
3272 2914 3598 2967 'l'atarorum
3631 2915 3771 2968 cban
3802 2913 3918 2967 sive
3946 2928 4038 2966 rex
4070 2920 4238 2965 esset.
4266 2910 4423 2963 Alius
4470 2909 4599 2976 qui-

3006 3010 3130 3062 dam
3162 3007 3306 3061 filius
3357 3007 3477 3075 ejus
3515 3006 3580 3060 ad
3646 3003 3977 3073 Nogaiorum
4023 3004 4350 3057 'l'atarorum
4398 3000 4601 3070 princi-

3008 3112 3431 3166 pcm,soccrutn
3459 3112 3642 3158 suum,
3692 3094 3954 3164 profugit.
4001 3093 4327 3148 Morbi-meti
4373 3091 4596 3159 quidem

3007 3204 3117 3243 non
3176 3189 3472 3253 immerito,
3525 3196 3748 3256 prepter
3802 3188 4134 3255 impietatem
4195 3200 4321 3251 erga
4386 3193 4594 3252 patri-su

3009 3281 3352 3343 exercitam,
3413 3279 3682 3344 ejusmodi
3749 3292 3900 3332 mors
3960 3276 4225 3345 obtigisse
4286 3275 4599 3327 \‘crosim‘ic

3011 3372 3245 3427 videtur.
3278 3370 3411 3424 Nam
3441 3386 3562 3425 cum
3608 3370 3654 3424 is
3681 3369 3833 3422 senio
3888 3368 4191 3432 confectus,
4242 3383 4433 3432 parum
4492 3366 4601 3415 lilio

3016 3469 3300 3531 putaretur
3326 3459 3391 3513 ad
3441 3458 3892 3528 gubernationem
3930 3457 4196 3519 idozzeus,
4247 3468 4349 3521 ope
4392 3452 4596 3503 Sili’aiii

3015 3552 3234 3607 'l‘urcici
3268 3560 3477 3619 patrem
3507 3549 3766 3604 abdicare
3805 3563 3863 3604 se
3895 3561 4066 3616 regna
4096 3553 4348 3613 coegerat
4378 3543 4600 3595 Mue-ha-

3017 3654 3207 3703 metis.
3242 3643 3402 3711 idque
3454 3656 3578 3695 mox
3647 3640 3701 3694 iu
3769 3655 3829 3694 se
3905 3638 4318 3692 transtulerat:
4385 3634 4603 3688 Tata-is

3019 3736 3239 3791 fratrem
3297 3734 3419 3803 ejus
3488 3732 3715 3787 lslauem
3772 3731 4004 3786 cltanem
4066 3728 4453 3798 poscentibus,
4514 3724 4600 3779 cui

3015 3841 3167 3902 pater
3202 3829 3365 3884 etiam
3425 3827 3598 3897 magis
3634 3824 3874 3880 favebat.
3900 3824 4041 3877 lslau
4095 3838 4215 3877 cum
4256 3822 4365 3875 alio
4410 3819 4600 3881 fratre,

3019 3934 3148 3976 natu
3217 3924 3452 3985 minore,
3511 3920 3843 3975 Polonorum
3905 3918 3969 3970 ad
4031 3930 4212 3983 regem
4264 3914 4603 3983 Stephanum

3016 4013 3319 4076 Batorium,
3377 4010 3627 4064 fraterna:
3653 4008 3993 4062 crudelitatis
4042 4016 4213 4065 metu.
4245 4020 4303 4059 se
4348 4005 4601 4058 contulit.

3019 4105 3227 4173 Rogato
3298 4101 3654 4156 Muehcmetis
3707 4101 3955 4155 sultanus
4019 4097 4288 4152 Turcieus
4336 4095 4601 4149 Polonum

3019 4216 3199 4271 regem
3236 4207 3412 4265 urget,
3443 4198 3516 4250 uti
3554 4196 3658 4250 sibi
3691 4194 4041 4248 dederentur.
4083 4192 4245 4261 377
4282 4191 4411 4243 Erat
4463 4189 4602 4258 apud

3020 4291 3230 4347 Turcos
3286 4290 3729 4360 Transsylvauus
3780 4287 4024 4354 quidam,
4096 4283 4394 4338 Marchatzi
4474 4282 4607 4336 Paul

3021 4386 3184 4453 vulgo
3206 4384 3407 4446 dictus,
3440 4382 3493 4435 id
3520 4391 3602 4435 est
3639 4379 3837 4433 Paulus
3862 4377 4250 4436 Marchatzius.
4295 4378 4387 4443 qui
4440 4376 4609 4429 rebus

3022 4473 3448 4543 Transsylvanis
3480 4472 3771 4526 insidiatus
3805 4469 4002 4522 fuerat.
4041 4467 4173 4520 lium
4214 4467 4455 4520 vicissim
4485 4483 4611 4530 ιγπε-

3022 4569 3167 4622 centi
3194 4567 3305 4635 regi
3331 4580 3460 4633 spes
3488 4564 3668 4631 aliqua
3695 4561 3993 4616 deditionis
4023 4560 4185 4612 facta.
4237 4559 4528 4623 ριιηηηώικ
4555 4573 4606 4609 tu

1343 4649 1607 4706 Tantarum
1640 4651 1880 4707 Cbauezu
1938 4650 2123 4720 procul
2175 4650 2241 4703 ad
2275 4660 2509 4703 remotas
2564 4649 2682 4702 illas
2730 4647 2921 4717 regio-
2957 4671 2996 4725 ι)
3028 4659 3260 4714 Tauros

2679 4683 2682 4697 ’
2730 4647 2921 4717 Γοίόίονο
2957 4671 2996 4725 D
3028 4659 3260 4714 Tataros
3298 4659 3494 4711 fratres
3532 4655 3749 4710 sultauo
3783 4652 3966 4715 mittit,
3994 4652 4087 4719 qui
4118 4661 4299 4703 tamen
4330 4648 4601 4701 POiIlﬂll‘ll

1346 4760 1444 4799 nes
1466 4744 1827 4813 ablegandum
1863 4761 1877 4798 :
1909 4752 1966 4796 ul
2017 4742 2261 4807 interim,
2296 4742 2423 4795 dum
2461 4742 2676 4795 abesset
2728 4740 2916 4806 domo,

1346 4852 1572 4904 regnum
1603 4837 1741 4905 ejus.
1778 4834 1924 4903 quod
1958 4835 2122 4889 etiam
2150 4837 2440 4902 (ειειιτνοίιυὶ
2470 4833 2669 4887 sultaui
2693 4831 2920 4887 Muralis

1345 4928 1715 4983 contineretur
1748 4926 1995 4994 imperio,
2026 4928 2079 4982 iii
2124 4925 2357 4980 fortnam
2392 4925 2804 4993 beglcrbegalus
2840 4939 2921 4977 re-

1344 5022 1643 5089 digeretur.
1700 5020 1776 5072 Ac
1825 5018 1945 5072 fieri
2006 5026 2205 5087 potest,
2247 5018 2347 5072 bas
2397 5034 2520 5072 eum
2569 5016 2922 5073 subolfecisse

1346 5112 1649 5165 'l‘urcorum
1686 5109 1933 5169 insidias,
1964 5108 2196 5177 ideoque
2227 5107 2583 5177 profectionis
2630 5108 2919 5161 consilium

1348 5216 1608 5265 mutasse,
1646 5205 1844 5254 nedum
1894 5200 2089 5255 alienis
2123 5200 2386 5267 aUgeudis
2427 5209 2481 5253 et
2532 5199 2922 5253 conservandis

1348 5301 1592 5351 intentus
1640 5304 1802 5357 esset,
1871 5294 2105 5363 propriis
2152 5301 2461 5347 exucretur.
2521 5291 2651 5346 Utut
2689 5306 2811 5345 sese
2837 5306 2923 5345 res

1348 5391 1565 5454 habeat,
1602 5386 1836 5441 Muratcs
1866 5387 2149 5455 aegerrime
2182 5384 2384 5449 ferens,
2416 5387 2519 5439 hoc
2567 5385 2729 5437 modo
2772 5384 2924 5437 delu-

1346 5496 1469 5534 sunt
1518 5495 1577 5531 se
1610 5486 1814 5530 lautam
1850 5490 1972 5530 cunt
2000 5475 2265 5544 pecunia),
2308 5484 2421 5527 tum
2479 5473 2706 5529 aliarum
2742 5486 2921 5526 rerum

1341 5571 1616 5642 jacturatu
1647 5568 1860 5633 fecisse,
1922 5567 2164 5637 cogitare
2198 5582 2320 5619 cum
2358 5569 2547 5619 animo
2592 5580 2690 5619 suo
2717 5564 2784 5618 de
2807 5564 2924 5616 viu-

1344 5661 1491 5715 dictu
1525 5660 1711 5729 ctcpit.
1739 5660 1924 5729 Itaque
1958 5660 2271 5713 mandatum
2302 5657 2368 5711 ad
2387 5657 2677 5711 Osmauetu
2704 5656 2927 5711 bassam

1351 5754 1539 5816 mittit,
1571 5770 1683 5823 quo
1726 5753 2094 5822 praecipiebat,
2125 5761 2184 5805 ut
2207 5752 2281 5805 ibi
2306 5751 2540 5819 primum
2568 5748 2617 5801 id
2647 5747 2748 5815 ipsi
2772 5763 2924 5802 inau-

1348 5847 1535 5898 datum
1561 5844 1851 5901 offerretur
1879 5862 1892 5898 :
1917 5845 2038 5899 istic
2054 5860 2154 5901 suo
2174 5846 2292 5898 loco
2305 5844 2632 5911 relinqueret
2651 5838 2924 5895 Giaferem

1350 5939 1569 5995 bassain
1630 5940 1699 6008 (is
1754 5939 2048 6008 aliquando
2096 5936 2411 5994 Temcsvaii
2448 5933 2802 6006 boglerbtgus
2868 5935 2923 5990 in

3028 4751 3360 4814 ludificatus,
3389 4746 3659 4817 promisso
3679 4760 3788 4798 non
3812 4743 3984 4797 stetit.
4011 4744 4217 4795 Auctor
4239 4740 4384 4792 enim
4410 4740 4609 4792 dettl-u-

3024 4842 3094 4898 do
3122 4842 3243 4905 fuit,
3278 4848 3333 4893 ut
3374 4835 4088 4900 musulmanissarct.'Q-tod
4123 4850 4247 4887 cum
4282 4834 4329 4887 is
4363 4832 4603 4893 fecisset,

3028 4933 3290 5002 religione
3342 4945 3401 4985 se
3440 4929 3715 4998 prohiberi
3769 4926 4008 4981 Murates
4056 4925 4259 4980 Polouo
4300 4924 4603 4993 respondit,

3026 5025 3326 5094 quominus
3373 5023 3779 5076 Musulmanuni
3820 5018 4134 5075 Christiano
4176 5020 4242 5072 ad
4275 5017 4602 5086 supplicium

3028 5117 3270 5171 dederet.
3326 5114 3442 5181 Ipse
3469 5113 3686 5180 quidem
3722 5110 4090 5165 Mart-hatzius
4132 5120 4378 5178 apostata
4414 5123 4603 5176 super-

3028 5211 3140 5253 stes
3166 5199 3343 5252 adbuc
3363 5208 3467 5262 est,
3526 5196 3776 5251 Babolza:
3815 5197 4124 5266 praefer-tus,
4177 5198 4319 5249 baml
4366 5197 4602 5266 procul:

3029 5284 3234 5353 Zigcto,
3302 5295 3357 5338 et
3405 5285 3639 5339 lbrabim
3677 5287 3775 5354 beg
3828 5285 4022 5339 Turcis
4084 5300 4228 5339 nunc
4283 5287 4601 5354 appellatur.

3027 5379 3245 5435 Tutoris
3297 5380 3561 5435 fratribus
3626 5380 4101 5451 C-rnslantiuopeli
4163 5382 4487 5451 degentibus
4550 5382 4601 5433 iu

3028 5472 3191 5525 domo
3214 5471 3397 5525 Zausii
3435 5473 3719 5540 cujusdam
3751 5474 3953 5541 Ungari
3982 5474 4149 5537 senis,
4180 5473 4306 5538 fuga
4339 5483 4467 5526 natu
4504 5474 4603 5525 nii-

3031 5581 3128 5617 nor
3163 5567 3229 5617 ad
3257 5565 3455 5618 Persas
3472 5564 3701 5618 elabitur
3735 5581 3749 5617 :
3790 5566 3949 5631 cujus
3995 5568 4303 5634 exemplum
4358 5584 4423 5619 ne
4460 5565 4599 5619 ls'au

3030 5655 3368 5716 imitaretur,
3426 5654 3679 5707 Rhodum
3738 5655 3973 5722 primum
4036 5658 4351 5709 trirt-mibus
4408 5657 4599 5725 depor-

3032 5755 3207 5801 lulltt':
3238 5746 3362 5800 inde
3389 5746 3718 5800 transfertur
3748 5747 4007 5805 Iconium,
4035 5746 4232 5801 ibidem
4264 5758 4599 5808 asserratns,

3029 5838 3203 5891 donec
3269 5838 3485 5891 tandem
3549 5836 3724 5891 factus
3782 5838 3950 5896 liber.
4013 5837 4165 5890 fratri
4240 5837 4596 5897 Muchctm-ti,

3031 5930 3493 6002 quemadmodum
3551 5930 3661 6001 jam
3718 5930 4104 5995 indicavimus,
4158 5930 4599 5985 substitueretur.
