4866 6594
283 451 381 514 697

1384 460 1766 520 SUPl‘LEM.
1801 465 2077 524 ANNAL.
2119 465 2423 525 TLRCIC.

3415 474 3519 536 698

346 568 613 620 ueterum
647 568 810 622 rebus
861 584 925 622 ex
961 571 1125 623 animi
1169 574 1439 626 sententia
1472 577 1696 639 curatis,
1733 575 1836 631 Os-
1872 583 1914 637 Α
1943 579 2187 646 stigaret,
2229 581 2519 635 Osmanem
2577 582 2815 645 bassam,
2858 582 2948 650 qui
2977 595 3232 649 supremo
3264 598 3385 636 cum
3421 588 3519 640 im‘

282 674 405 713 man
439 658 617 720 bassa,
657 658 930 726 marisque
991 659 1276 728 pricfectus
1335 661 1594 725 Uluzalis,
1655 664 1844 716 trium-

277 752 553 822 phabu‘ndi
580 752 1108 822 Constantinopolim
1139 757 1342 808 reversi
1373 763 1520 810 sunt.
1555 754 1684 810 Post
1716 772 1848 823 pau-

279 860 374 900 cos
409 846 525 900 dies
557 846 779 900 Siauses
833 846 1018 912 bassa,
1075 862 1198 900 cum
1235 847 1368 901 alias
1423 847 1494 900 ob
1534 863 1731 902 causas
1761 863 1847 901 se-

279 941 565 998 Cretiorcs,
600 951 714 990 tum
749 955 876 990 vero
918 939 1065 1008 quod
1104 939 1488 994 mittendorum
1526 940 1725 994 Tataro
1751 955 1845 1008 pe-

277 1032 451 1087 cuniae
483 1033 925 1101 reliquorumque
981 1035 1351 1089 subsidiorum
1404 1043 1593 1088 auctor
1647 1034 1844 1090 Murali

277 1123 476 1190 fuerat,
499 1133 556 1177 ut
584 1134 743 1178 antea
766 1125 1129 1188 narravimus,
1154 1126 1645 1181 intervenientibus
1676 1128 1838 1180 etiam

272 1215 503 1271 occultis
537 1215 800 1270 adversus
827 1214 1116 1271 Osmanern
1139 1218 1466 1280 inimicitiis,
1509 1235 1626 1286 quae
1653 1231 1843 1289 postea

273 1304 558 1374 patefactze
583 1305 825 1368 fuerunt,
857 1323 885 1360 a
912 1310 1344 1362 vezirazematus
1375 1310 1550 1362 oflicio
1575 1319 1841 1372 remotus,

272 1395 504 1464 ejusque
554 1396 674 1451 loco
734 1399 985 1466 princeps
1034 1399 1232 1452 sultaui
1269 1400 1615 1454 consiliarius
1665 1399 1841 1456 factus

270 1498 352 1542 est
384 1487 583 1542 Osman
608 1489 789 1554 bassa,
821 1487 980 1543 facile
1003 1488 1305 1544 Turcorum
1349 1492 1614 1556 omnium,
1650 1506 1844 1546 secun-

272 1585 402 1633 dum
446 1579 794 1642 Osmanidas,
827 1580 1199 1635 nobilissimus
1228 1598 1243 1635 :
1280 1581 1425 1649 quod
1455 1590 1607 1649 patre
1643 1582 1840 1635 Dama-

269 1687 440 1728 sceno
500 1673 846 1741 bcglerbego,
883 1681 1057 1726 matre
1092 1673 1402 1743 beglerbegi
1451 1673 1840 1739 Bagadatensis

268 1765 387 1820 sive
426 1764 707 1834 Babylonii
763 1766 871 1820 ﬁlia
899 1775 1058 1819 natus
1088 1775 1254 1820 esset.
1291 1766 1404 1820 lloc
1455 1768 1672 1836 quidem
1723 1783 1840 1821 me-

272 1859 558 1920 morabile,
599 1859 744 1926 quod
779 1859 1002 1913 Siausrs
1033 1859 1084 1914 iu
1110 1860 1326 1928 publico
1345 1861 1545 1913 divano
1577 1860 1839 1912 condem-

1946 672 2098 739 perio
2123 672 2463 724 terrestrium
2499 671 2780 739 copiarum
2841 673 2948 724 dux
2983 672 3036 723 in
3070 671 3136 724 iis
3181 670 3316 725 locis
3352 686 3515 737 esset,

1945 762 2232 829 ablegavit.
2269 760 2403 815 Eum
2440 763 2493 816 in
2526 761 2724 815 castris
2760 761 2824 812 ad
2856 759 3251 815 Chalcedonem
3278 779 3400 816 cum
3430 780 3518 818 sc-

1945 856 2166 922 xaginta
2219 854 2340 922 plus
2399 854 2646 907 minusve
2700 851 2930 905 millium
2980 854 3225 908 exercitu
3257 855 3514 919 vidimus,

1946 945 2089 999 unde
2114 953 2295 1012 postea
2332 960 2426 1012 per
2465 945 2795 1009 Anatoliarn,
2825 944 2938 998 sive
2990 945 3172 998 Asiam
3226 946 3513 1010 minorem,

1944 1039 2049 1093 iter
2084 1037 2210 1092 fecit
2247 1039 2391 1093 :hoc
2416 1047 2515 1102 est,
2559 1040 2821 1093 Iscodara
2849 1038 3301 1107 Chalcedoneque
3337 1040 3518 1109 profe-

1945 1143 2064 1187 ctus
2088 1142 2172 1187 est
2198 1132 2391 1186 itinere
2415 1133 2659 1186 terrestri
2683 1132 2921 1199 Sinopen
2944 1148 3155 1196 versus,
3185 1142 3241 1186 ut
3266 1134 3389 1188 inde
3410 1133 3516 1188 Ca-

1945 1225 2107 1294 pbam
2139 1241 2235 1293 per
2269 1225 2540 1278 Euxinum
2595 1225 2962 1292 transjiceret.
2999 1225 3103 1278 Sed
3138 1228 3282 1292 quod
3326 1227 3432 1280 illis
3460 1229 3511 1280 iu

1945 1316 2277 1385 regionibus,
2313 1315 2483 1369 Ponto
2513 1316 2736 1380 vicinis,
2769 1316 2959 1386 ingens
2998 1324 3110 1371 tum
3149 1317 3321 1386 frigus
3347 1329 3511 1378 esset,

1945 1406 2142 1463 maluit
2170 1409 2236 1462 ad
2275 1409 2530 1478 oppidum
2564 1408 2958 1462 Castamonam
3001 1409 3326 1471 subsistere,
3366 1413 3505 1479 quod

1945 1515 2052 1553 non
2085 1502 2274 1568 procul
2309 1517 2337 1554 a
2372 1501 2574 1568 Sinope
2630 1503 2795 1557 situm
2859 1503 3054 1556 itinere
3100 1504 3510 1569 quatuordecim

1945 1594 2026 1646 vel
2078 1594 2389 1660 quindecim
2447 1595 2656 1648 dierum
2718 1595 3197 1666 Constantirmpoli
3226 1597 3410 1659 distat,
3455 1605 3516 1648 ut

1949 1688 2066 1742 istis
2095 1705 2265 1756 usque
2296 1691 2359 1741 ad
2385 1689 2524 1743 veris
2555 1689 2769 1742 initium
2805 1690 3140 1745 hibernaret.
3171 1689 3361 1742 Itidem
3398 1704 3513 1742 ma-

1943 1781 2019 1833 ris
2051 1780 2334 1848 praefectus
2370 1779 2634 1842 Uluzalis,
2687 1781 2776 1850 qui
2818 1798 2938 1834 eum
2982 1781 3300 1835 triremibus
3331 1782 3396 1834 ad
3422 1779 3513 1833 Ni-

1943 1888 2096 1942 grum
2129 1887 2277 1925 mare
2312 1873 2390 1926 vel
2439 1871 2710 1925 Euxinum
2747 1889 2804 1925 se
2854 1873 3179 1931 contulerat,
3234 1879 3292 1924 ut
3324 1872 3512 1937 praedi-

270 1962 432 2004 natns
461 1960 514 2004 et
551 1953 725 2006 masul
754 1950 930 2005 factus
954 1952 1076 2005 fuit.
1118 1952 1222 2005 Sed
1258 1953 1451 2006 deinde
1486 1952 1684 2006 Sullani
1722 1951 1835 2004 Mu—
1870 1953 1915 2012 Β
1945 1972 2087 2016 dum
2121 1964 2192 2016 οδ

1599 1952 1684 2004 alii
1722 1951 1835 2004 Μυ-
1870 1953 1915 2012 Β
1945 1972 2087 2016 ctum
2121 1964 2409 2016 Osnianem
2439 1965 2655 2018 bassam
2690 1979 2812 2016 cum
2842 1963 3194 2017 terrestribus
3226 1961 3398 2028 COpiiS
3432 1959 3514 2014 Si-

269 2044 404 2097 ralis
437 2059 615 2105 soror,
672 2046 872 2114 roujux
903 2046 1041 2112 ejus,
1083 2045 1226 2112 apud
1263 2045 1486 2098 fratrem
1523 2047 1841 2114 suppliciter

274 2137 605 2190 intercessit.
647 2135 746 2190 Cui
785 2136 1044 2203 Muratcs,
1109 2135 1303 2190 Beatus
1330 2146 1434 2202 est,
1476 2138 1573 2202 ait,
1609 2138 1750 2206 quod
1790 2148 1841 2192 te

267 2229 554 2296 conjugem
577 2231 770 2282 haheat
792 2247 805 2282 :
831 2231 1035 2297 absque
1061 2230 1162 2283 hoc
1193 2230 1407 2292 fuisset,
1433 2245 1556 2284 eum
1592 2230 1706 2283 sine
1734 2230 1841 2284 ulla

266 2321 830 2374 eonmriserationeiu
874 2322 1034 2390 pleno
1093 2321 1613 2387 divanojussissem
1671 2322 1842 2373 inter-

268 2410 382 2463 fici.
424 2410 640 2463 Amissa
684 2413 973 2480 dignitate,
1030 2413 1281 2482 conjugis
1315 2425 1493 2468 tamen
1537 2431 1698 2470 causa
1730 2416 1842 2467 sal~

265 2502 354 2555 vis
383 2504 642 2564 annonis,
678 2518 798 2570 quae
853 2505 1097 2570 singulos
1151 2507 1204 2558 iu
1245 2521 1420 2559 annos
1474 2520 1565 2558 sex
1600 2507 1841 2560 millibus

263 2594 670 2649 Bultaninorum
704 2596 1140 2658 aestimabantur,
1174 2605 1228 2649 et
1267 2597 1417 2650 salvo
1449 2598 1644 2649 timaro
1671 2596 1836 2648 duum

269 2689 506 2744 millium
535 2689 960 2746 sultauinorum.
1011 2689 1263 2755 migravit
1291 2689 1344 2742 iu
1384 2689 1602 2742 domum
1659 2705 1839 2753 suam,

267 2803 435 2854 quam
471 2784 536 2837 ad
577 2785 729 2837 littus
764 2784 1064 2836 Asiaticum
1103 2782 1261 2835 sitam
1299 2783 1350 2836 in
1387 2783 1553 2834 hortis
1585 2782 1838 2846 vidimus,

269 2897 402 2935 eum
437 2881 500 2933 ad
534 2879 805 2932 Euxinum
832 2877 1236 2946 navigaremus.
1257 2876 1630 2931 Secretiorilla
1653 2894 1841 2941 ramo,

265 2974 434 3042 cujus
489 2971 646 3025 modo
679 2971 1053 3030 meminimus,
1112 2969 1234 3032 fuit,
1273 2971 1417 3038 quod
1466 2970 1690 3023 Muralis
1727 2971 1844 3022 ani-

267 3081 420 3118 mum
456 3073 642 3118 contra
673 3061 1065 3116 Mucltemcleln
1090 3061 1257 3114 lilium
1289 3063 1691 3127 exacerbasset,
1720 3081 1842 3115 cum

266 3161 317 3213 is
350 3159 490 3210 forte
527 3156 774 3209 Kihaiam
805 3154 920 3208 sive
952 3154 1262 3222 praefectum
1294 3171 1453 3208 suum
1486 3155 1707 3222 indigne
1735 3165 1845 3208 t=a-

262 3263 492 3309 ctasset.
534 3249 704 3316 Egro
729 3249 850 3302 tulit
879 3248 986 3302 hoc
1020 3248 1201 3302 animo
1223 3249 1458 3312 sultana,
1489 3246 1840 3302 Muchenn-tis

266 3356 468 3406 mater,
500 3359 560 3397 ac
591 3345 844 3397 ruaritum
874 3344 925 3397 in
968 3342 1335 3411 suspicionem
1374 3342 1620 3400 adduxit,
1680 3341 1838 3408 quasi

262 3439 494 3491 Sianses
517 3436 880 3490 mmuiaIiouis
909 3451 973 3488 ac
999 3434 1350 3488 dissidiorum
1381 3433 1680 3488 seminibi-s
1704 3433 1842 3484 inter

259 3541 475 3601 patrem
510 3531 788 3596 filiumque
821 3528 1053 3596 sparsis,
1087 3528 1270 3583 acrius
1298 3527 1511 3580 tandem
1548 3527 1710 3594 (quod
1741 3526 1845 3577 hu-

256 3625 448 3682 mauis
480 3624 533 3676 in
574 3626 733 3676 rebus
782 3622 894 3676 ﬁeri
937 3622 1130 3688 soleat)
1161 3621 1375 3673 irritato
1425 3628 1595 3687 patre.
1631 3632 1688 3669 ut
1717 3619 1843 3671 uui-

253 3735 394 3774 cum
430 3717 597 3770 lilium
628 3713 1234 3781 occideret,imperinm
1271 3721 1458 3780 postea
1493 3711 1604 3764 suis
1634 3713 1839 3776 liberis,

251 3827 330 3865 ex
367 3808 569 3863 soltani
628 3821 817 3861 sorore
855 3805 996 3859 natis
1046 3803 1377 3871 quaesiturus
1412 3813 1578 3856 ess-.st.
1615 3802 1749 3856 llinc
1787 3803 1838 3856 in

252 3905 463 3972 primis
491 3903 578 3955 illa
624 3900 834 3955 Siausis
875 3899 1178 3952 ealamilas.

340 3996 705 4061 Posteaquam
758 3990 963 4046 Osman
1017 3991 1177 4045 bassa
1213 3989 1580 4042 vezirazemes
1627 3997 1842 4042 creatus

247 4090 501 4146 fuisset,
546 4095 826 4151 tantOprre
861 4099 1020 4137 suum
1080 4082 1221 4149 apud
1273 4079 1547 4134 sultanum
1580 4079 1845 4132 laboravit.

244 4192 302 4231 et
363 4177 580 4236 insti;it,
643 4183 702 4228 ut
755 4175 972 4228 tandem
1011 4172 1262 4226 Persicus
1300 4181 1507 4235 orator,
1542 4170 1843 4224 lbrabimes

241 4273 433 4329 eban,
496 4268 588 4337 qui
629 4277 886 4332 tauquam
943 4267 1314 4319 incarceratus
1374 4265 1426 4316 in
1468 4263 1648 4317 saraio
1707 4278 1843 4316 con-

241 4368 453 4420 clusus
479 4371 615 4423 erat,
649 4362 722 4415 uti
745 4376 909 4428 supra
928 4360 1189 4424 disiurus,
1216 4359 1357 4411 bona
1379 4373 1502 4410 cum
1532 4373 1662 4425 pace
1682 4373 1841 4410 suum

235 4459 316 4512 a-l
363 4456 664 4524 principem
714 4452 971 4505 reda-undi
1017 4451 1328 4504 facultatem
1371 4452 1705 4518 impetraret.
1737 4449 1840 4502 Sed

238 4568 388 4605 cum
423 4547 703 4601 Osrnanici
756 4556 947 4598 natura
989 4545 1236 4613 duplices
1289 4559 1354 4596 ae
1397 4544 1648 4596 fraudum
1699 4543 1840 4612 pleni

1945 2072 2084 2124 nope
2134 2056 2377 2126 Capham
2421 2056 2822 2123 transveheret,
2883 2058 2935 2110 ia
2985 2064 3201 2126 portum
3243 2053 3513 2122 Sinopeu-

1943 2167 2052 2204 sem
2083 2152 2327 2205 triremes
2362 2151 2605 2213 deduxit,
2650 2167 2756 2218 quo
2801 2149 3148 2204 commodius
3183 2146 3514 2214 navigationi

1945 2253 2174 2311 tempus,
2204 2252 2252 2296 et
2286 2241 2508 2296 Osmani
2558 2241 2830 2300 Serdaris.
2873 2243 2976 2293 hoc
3011 2248 3111 2302 est,
3152 2239 3424 2307 generalis
3451 2252 3515 2290 ac

1944 2335 2183 2401 supremi
2227 2338 2509 2402 copiarum
2547 2335 2898 2401 imperatoris
2935 2335 3225 2384 adventum
3260 2331 3381 2384 istic
3416 2345 3514 2383 ex-

1943 2435 2230 2493 spectaret.
2269 2425 2509 2479 Diversa:
2534 2434 2665 2478 tunc
2710 2425 2992 2477 hominum
3025 2423 3090 2476 de
3142 2423 3243 2475 hac
3293 2423 3514 2489 expedi-

1946 2518 2089 2570 tione
2125 2516 2596 2585 Coustantinopoli
2635 2517 2923 2585 opiniones
2957 2524 3132 2579 erant,
3171 2514 3291 2568 aliis
3331 2515 3516 2568 existi-

1945 2610 2238 2672 mantibus,
2265 2609 2555 2664 Osmanem
2583 2611 2682 2662 iter
2710 2609 2815 2662 hoc
2843 2609 3137 2662 tractanda:
3162 2623 3282 2661 cum
3317 2610 3516 2662 seaeho

1943 2702 2164 2756 Persico
2193 2703 2341 2772 paris
2400 2716 2562 2756 causa
2599 2701 3038 2768 suscipere,aliis
3091 2700 3513 2760 affirmantibus,

1944 2796 2178 2861 (Tapham
2208 2798 2430 2857 iturum,
2485 2795 2719 2858 indeque
2751 2803 3127 2860 perrecturum
3166 2793 3413 2852 ulterius,
3457 2805 3515 2843 nt

1947 2888 1996 2939 in
2035 2887 2165 2940 urbe
2196 2887 2401 2938 Crimio
2434 2885 2794 2937 munitionem
2817 2892 3146 2942 exstrueret,
3194 2883 3378 2950 ibique
3423 2882 3515 2935 bc-

1946 2980 2257 3048 glerbegum
2295 2994 2416 3031 cum
2454 2977 2816 3045 rlephterdaro
2858 2977 2972 3030 sixe
3001 2985 3273 3044 qumstnre
3303 2974 3511 3025 consti-

1950 3081 2141 3124 ιυριιρι,
2175 3069 2277 3122 Sed
2305 3081 2532 3122 eventus
2560 3068 2744 3119 docuit
2768 3070 2906 3119 hanc
2925 3067 3322 3134 exmeEtioncm
3353 3066 3518 3134 3'73

1948 3164 2146 3218 Persici
2186 3164 2527 3232 purissimum
2571 3159 2694 3214 belli
2731 3160 3084 3213 centinuamli
3138 3175 3301 3212 causa
3351 3159 3519 3211 fuisse

1949 3266 2280 3325 susceptam.

2019 3349 2571 3416 l'lxpositisltaetr‘errtts
2596 3347 2854 3399 continua
2885 3345 3025 3398 srrie
3072 3344 3305 3397 Persicis
3329 3344 3515 3406 rebus,

1945 3459 2091 3496 nunc
2117 3442 2452 3510 subjicienda
2479 3444 2721 3508 quaedam
2751 3439 2995 3500 veniunt,
3024 3454 3141 3504 qu.e
3172 3438 3298 3488 licet
3322 3439 3385 3489 ani
3418 3451 3479 3489 su
3501 3469 3515 3478 -

1945 3533 2184 3600 periores
2211 3547 2382 3585 annos
2409 3533 2732 3598 pertineant,
2768 3539 2946 3581 tamen
2978 3528 3083 3580 huc
3141 3526 3345 3579 referre
3405 3543 3518 3578 tua-

1945 3625 2167 3689 luimus,
2219 3640 2285 3678 ue
2335 3623 2459 3678 belli
2496 3620 2864 3675 memorabilis
2918 3621 3086 3672 series
3156 3618 3517 3686 interrumpe-

1945 3728 2121 3772 I'Cllll'.

2015 3808 2133 3864 Jam
2170 3820 2292 3862 ante
2319 3809 2556 3863 diximus
2581 3809 2776 3869 obiter,
2808 3806 2963 3858 annis
2989 3803 3368 3873 superioribus
3394 3819 3520 3872 pro-

1948 3902 2105 3956 ximis
2165 3901 2420 3961 Crisaeos,
2470 3900 2741 3952 Potocova
2801 3912 3070 3966 generoso
3134 3896 3248 3948 viro
3314 3896 3521 3947 l‘nlono

1944 3991 2101 4052 duce,
2135 4000 2348 4060 captam
2387 3990 2704 4042 Beudcriam
2775 3987 2943 4057 (quod
2995 3987 3198 4054 alioqui
3234 4002 3430 4038 nomen
3467 3987 3517 4038 in

1945 4097 2143 4151 genere
2177 4096 2355 4134 arcent
2392 4082 2506 4136 sive
2542 4081 2938 4133 munimentum
2970 4076 3516 4146 significat),Tureici

1942 4174 2083 4244 juris
2117 4176 2400 4245 oppidum,
2426 4172 2745 4242 diripuisse.
2779 4172 3012 4226 Tantum
3039 4173 3090 4225 iu
3126 4171 3227 4226 hoc
3253 4170 3518 4223 Potocova

1947 4267 2112 4320 robur
2144 4275 2262 4320 erat
2311 4276 2659 4334 utequorum
2693 4265 2871 4319 soleas
2929 4265 3154 4326 ferreas,
3224 4265 3388 4316 etiam
3438 4279 3523 4316 rc-

1945 4375 2153 4426 centes,
2187 4366 2335 4418 nullo
2367 4367 2584 4432 negotio
2612 4363 2883 4427 manibus,
2913 4364 3083 4415 instar
3108 4362 3310 4415 charta:
3337 4360 3414 4410 vel
3439 4359 3522 4410 al—

1947 4458 2118 4511 terius
2172 4459 2248 4510 rei
2286 4456 2520 4525 fragilis,
2571 4464 2870 4524 rumperel.
2901 4454 3136 4520 ldeoquc
3195 4452 3295 4504 sibi
3329 4452 3520 4502 ducem

1948 4549 2094 4601 hunc
2119 4547 2315 4601 Cosaki
2367 4546 2740 4615 pra-fecerant,
2776 4555 2828 4598 et
2861 4544 3120 4613 auspiciis
3153 4543 3269 4612 ejus
3301 4541 3529 4606 Turcis,

233 4645 394 4701 s’nt,
450 4639 541 4692 ubi
581 4639 814 4704 primum
851 4633 1106 4688 Persicus
1165 4634 1252 4686 hic
1285 4642 1469 4685 orator
1508 4632 1842 4700 pervenisset
1875 4650 1917 4704 ί)
1948 4639 2037 4705 qui
2075 4639 2141 4691 ab
2170 4639 2292 4692 aliis
2317 4639 2434 4691 lsedi
2461 4655 2517 4691 se
2553 4639 2768 4701 uolunt,
2797 4652 2920 4689 cum
2954 4634 3247 4687 maximam
3303 4633 3521 4687 sibimet

233 4741 631 4788 Atzvrttmr-n,
691 4744 811 4796 qua:
880 4725 1105 4794 majoris
1154 4726 1424 4778 Armenia:
1495 4724 1687 4777 civitas
1738 4733 1842 4785 cst,

222 4831 417 4898 jll>S\l
451 4823 676 4876 Muralis
710 4821 912 4875 ibidem
942 4820 1195 4873 detentus
1221 4817 1339 4878 fuit,
1373 4833 1438 4870 ne
1471 4816 1699 4871 ulterius
1722 4832 1845 4884 pro-

227 4919 602 4990 gr_‘-.-’et‘r'lttl'.

311 5011 454 5064 Non
499 5009 666 5060 mul:o
712 5015 832 5070 post
876 5006 1079 5058 certior
1112 5003 1290 5057 factus
1324 5014 1409 5058 est
1444 5004 1696 5056 sultanus
1734 5003 1846 5056 Mu-

223 5118 432 5163 ratvs,
459 5102 782 5169 stzaugulati
816 5101 1204 5155 Mucchcmctis
1230 5097 1415 5151 Tartari
1444 5098 1621 5151 lit-hii
1653 5099 1842 5162 lilium,

220 5198 335 5268 qui
381 5192 722 5262 Nogaiorum
751 5192 816 5244 ad
849 5191 1156 5259 principem
1180 5188 1303 5256 fuga
1338 5205 1412 5243 se‘
1434 5197 1732 5253 receperat,
1768 5187 1842 5240 uti

220 5301 427 5357 supra
491 5283 941 5343 memoravimus.
997 5297 1197 5349 magno
1243 5297 1366 5335 cum
1401 5284 1642 5333 exercitu
1686 5293 1841 5332 soce-

218 5385 415 5450 rique
444 5376 708 5430 subsidiis
763 5375 1068 5445 profectum
1101 5383 1286 5428 contra
1320 5383 1573 5442 patruum
1618 5372 1842 5424 lslanem

219 5481 524 5533 clmncnt,
557 5486 620 5522 r-O
652 5478 760 5522 tam
797 5470 1022 5521 civitate
1053 5466 1281 5530 Crimio,
1310 5482 1473 5534 quam
1505 5468 1713 5519 tlitione
1746 5481 1840 5535 pa-

221 5581 409 5624 terna
460 5563 657 5631 ejerto,
715 5564 970 5632 pleraque
1012 5561 1208 5614 amissa
1260 5574 1609 5628 recuperasse
1653 5578 1664 5613 :
1715 5562 1844 5615 Isla-

215 5673 504 5726 ncmque
532 5665 806 5723 patruum,
840 5654 964 5721 fuga
1013 5653 1115 5707 sibi
1162 5654 1565 5712 consulentem.
1604 5652 1842 5720 Caphaur

214 5749 641 5814 υυιιικ-ιιεὶίεερ.
665 5746 786 5812 Quo
821 5747 1041 5813 quidem
1087 5744 1326 5797 Murates
1358 5755 1582 5810 arrepto
1629 5746 1842 5809 nuntio,

217 5863 353 5906 mm
396 5854 470 5898 ut
499 5841 715 5893 obviam
759 5842 860 5893 iret
892 5856 954 5892 ac
986 5838 1290 5892 remedium
1336 5837 1423 5890 all'.
1446 5849 1554 5890 rret
1589 5839 1845 5893 tunnibus

219 5946 373 5995 Ιιὶδις
416 5935 657 5988 uritur};
716 5933 1096 5999 incommodis,
1132 5942 1245 5985 tum
1285 5932 1358 5986 uti
1419 5931 1720 6000 perduelles
1756 5947 1842 5985 ca-

1949 4731 2049 4800 ipsi
2097 4730 2322 4785 nocendi
2377 4730 2647 4783 licentiam
2705 4729 2757 4780 iu
2797 4729 2992 4780 finibus
3031 4737 3270 4788 sumant,
3316 4725 3521 4792 gravis.

1947 4823 2084 4876 sima
2111 4822 2308 4874 damna
2347 4822 2632 4874 ili-derant.
2675 4818 2810 4874 Cum
2862 4819 2912 4870 id
2960 4828 3148 4872 contra
3201 4816 3344 4884 leges
3383 4815 3520 4865 anti-

1946 4915 2036 4982 (ιιιί
2075 4914 2294 4968 foederis
2331 4915 2470 4967 inter
2501 4912 2850 4967 Osmauicam
2882 4910 3142 4963 familiam
3182 4925 3520 4979 regnumque

1948 5005 2184 5059 Polouia:
2218 5006 2329 5058 fieri
2360 5005 2406 5058 vi
2433 5007 2658 5068 lerctur,
2686 5005 2850 5058 mittit
2872 5006 2935 5056 ad
2978 5002 3312 5072 Stephanum
3340 5018 3519 5071 regem

1948 5098 2197 5152 sultanus
2238 5099 2478 5153 Murates
2512 5098 2774 5151 Zausium
2829 5097 3022 5160 Portae,
3077 5096 3367 5164 repetitum
3435 5109 3524 5148 res

1947 5192 2179 5255 ablatas,
2216 5203 2268 5245 et
2319 5207 2426 5244 non
2460 5192 2579 5244 sine
2633 5190 2797 5244 minis
2838 5190 3190 5259 postulatum,
3253 5188 3324 5241 uti
3367 5185 3525 5239 l’oto—

1948 5299 2081 5338 enva
2127 5301 2365 5351 quoque,
2394 5285 2726 5340 Cnsacorum
2761 5286 2891 5348 dux,
2942 5293 3203 5352 pra'sente
3252 5299 3315 5336 ac
3346 5283 3524 5350 inspe~

1951 5385 2134 5429 ctante
2170 5376 2366 5429 Zausio
2407 5393 2529 5436 suo,
2586 5377 2764 5443 capite
2808 5378 3159 5442 plecteretur.
3201 5375 3436 5428 Venerat
3469 5375 3522 5426 in

1954 5479 2286 5539 potesratcm
2354 5469 2814 5538 regisJ‘otocora
2879 5467 3090 5519 nefario
3159 5466 3522 5531 quoruuulam

1951 5565 2251 5614 amicorum
2289 5578 2511 5615 suorqu
2550 5570 2670 5614 astu
2702 5571 2754 5612 et
2808 5559 3036 5621 scelere,
3071 5559 3163 5626 qui
3194 5558 3375 5610 studio
3402 5572 3528 5622 gra.

1953 5655 2190 5708 tilicaudi
2245 5655 2504 5708 voluntati
2566 5652 2751 5721 regite,
2800 5668 2892 5720 per
2920 5651 3130 5704 litteras
3164 5667 3191 5703 a
3252 5648 3523 5702 Polorova

1949 5749 2244 5815 petierant,
2307 5748 2380 5800 uti
2418 5748 2482 5799 ad
2525 5761 2584 5799 se
2639 5745 2871 5807 veniret,
2911 5759 3148 5810 quocum
3181 5741 3418 5810 colloqui
3456 5749 3525 5793 de

1954 5842 2114 5894 rebus
2150 5839 2212 5892 ad
2241 5839 2536 5907 ipsummet
2587 5836 2988 5906 pertinentibus
3021 5843 3304 5901 cuperent.
3349 5833 3524 5886 Simul

1962 5932 2118 5987 fidem
2159 5930 2378 5984 nomine
2402 5931 2556 5985 liberi
2598 5938 2935 5984 commeatu:
2994 5926 3126 5996 regii
3159 5942 3222 5980 su
3265 5941 3314 5980 ιι]
3353 5926 3520 5979 inter-
