4866 6594
971 436 1078 498 699

973 545 1294 616 posuerant.
1328 537 1653 590 Accesserat
1697 526 1783 581 vir
1820 527 2029 590 integer
2078 535 2143 575 ac
2181 520 2408 574 minimc
2459 532 2549 571 su-
2586 520 2632 577 Α

976 613 1270 704 spiciosus.
1306 625 1652 683 Moncbatur,
1711 619 1953 674 Cosacos
1982 614 2059 669 uti
2114 613 2414 671 desereret,
2444 617 2552 661 sta-

978 731 1184 794 timque
1207 735 1389 792 regem
1421 717 1597 772 adiret
1634 732 1648 768 :
1705 728 1865 782 quem
1904 719 2094 764 sancte
2157 705 2555 775 pollicebantur

979 793 1113 876 nihil
1146 820 1198 872 in
1225 830 1347 870 cum
1384 820 1719 867 statuturum
1753 806 2026 870 asperius.
2063 799 2195 855 Cum
2247 798 2351 851 hoc
2391 793 2556 848 modo

980 915 1276 979 deceptus,
1335 904 1400 957 ad
1455 898 1674 956 comitia
1730 910 1788 950 se
1836 892 2156 947 Varsoviam
2207 887 2554 951 contulisset,

982 978 1343 1059 deliberatum
1384 996 1438 1050 in
1471 1002 1661 1049 senatu
1712 988 1841 1059 quid
1877 987 2146 1057 agendum
2180 982 2283 1036 hoc
2318 990 2465 1036 esset
2500 978 2553 1033 in

981 1089 1219 1160 negotio.
1253 1084 1440 1138 Visum
1466 1079 1656 1148 maiori
1682 1088 1998 1133 senatorum
2027 1074 2187 1141 parti,
2208 1084 2554 1141 nequaquam

983 1178 1262 1235 hominem
1313 1174 1713 1232 Christianum,
1746 1168 1977 1221 militem
2037 1163 2332 1227 Polonum,
2376 1161 2555 1214 virum

984 1272 1223 1338 denique
1269 1264 1502 1339 fortem,
1574 1262 1667 1330 qui
1697 1262 1895 1313 robore
1943 1256 2192 1326 corporis
2250 1252 2557 1309 admirabili

985 1360 1197 1414 cunctis
1222 1359 1273 1411 in
1306 1371 1370 1411 eo
1409 1367 1578 1423 regno
1637 1359 1945 1420 praestaret,
1982 1348 2218 1401 barbaro
2248 1355 2453 1399 certam
2490 1342 2557 1396 ad

988 1468 1175 1507 necem
1205 1448 1568 1518 prodendum.
1615 1448 1684 1496 At
1728 1444 2012 1501 Zausiutn,
2040 1452 2201 1505 quant
2227 1432 2559 1491 commodis-

988 1545 1145 1599 simis
1180 1543 1295 1597 fieri
1322 1534 1883 1611 posset,purgandum
1913 1530 2244 1585 rationibus.
2272 1524 2431 1581 Omni
2464 1526 2554 1579 de-

992 1634 1155 1704 nique
1183 1630 1342 1685 modo
1387 1626 1783 1683 consulendum
1824 1623 1995 1689 ipsius
2026 1619 2209 1680 saluti,
2272 1616 2364 1688 qui
2423 1614 2556 1671 salvi

988 1734 1332 1783 commeatus
1388 1721 1523 1792 regii
1560 1719 1833 1790 promisso
1868 1714 2062 1774 fretus,
2100 1709 2422 1765 Varsoviam
2464 1722 2557 1760 ve-

991 1822 1110 1878 nire
1140 1835 1247 1873 non
1311 1815 1634 1871 dubitasset.
1670 1809 1779 1862 Rex
1838 1807 2149 1875 Stephanus
2178 1820 2206 1856 c
2237 1803 2455 1856 diverso
2486 1799 2560 1852 di-

2198 407 2535 473 IOANNIS
2575 404 3040 469 LEUNCLAVII

4128 390 4234 455 τοῦ

2660 530 2755 570 cos
2782 513 3043 576 venisset,
3118 523 3239 579 qua:
3290 506 3345 561 in
3394 504 3631 560 medium
3669 504 3738 559 ab
3770 513 3998 572 utroque
4029 501 4236 570 profer-

2658 616 2868 667 rentur,
2906 601 3081 657 audit.
3118 598 3279 655 labet
3304 597 3554 654 exhiberi
3606 596 3712 651 sibi
3758 606 3867 650 tam
3920 593 4235 657 Podolovio,

2656 713 2818 768 quam
2843 695 3044 751 Zausio
3068 694 3223 747 datas
3249 707 3278 746 a
3301 692 3517 746 sultano
3546 690 3759 744 litteras
3785 707 3799 745 :
3831 689 4035 758 quibus
4057 689 4237 757 inspe-

2656 792 2782 853 ctis,
2816 805 2937 842 cutn
2969 788 3153 842 Zausii
3206 784 3523 840 mandatum
3553 784 3831 860 recentius
3861 798 3982 836 esse
4031 797 4236 850 cogno-

2657 885 2847 943 visset,
2905 882 3009 935 vim
3044 879 3247 949 prioris
3278 878 3614 946 exspirasse.
3653 877 3979 945 posterioris
4013 889 4242 927 exsecu-

2660 978 2864 1031 tionem
2908 974 3138 1043 rcquiri,
3180 971 3525 1042 pronuntiat.
3583 969 3832 1035 Coeptum
3864 982 3995 1036 ergo
4024 967 4188 1020 rediri
4225 983 4238 1017 :

2659 1068 2983 1137 cumqucdc
3016 1068 3099 1120 via
3133 1064 3280 1133 regia
3334 1078 3458 1119 cum
3495 1062 3577 1117 eis
3614 1061 3851 1116 Zausius
3903 1059 4240 1116 deﬂecteret,

2662 1172 2917 1217 monetur
2965 1175 2994 1213 a
3043 1160 3222 1228 legato
3244 1157 3387 1211 viam
3425 1156 3503 1209 uti
3532 1154 3737 1222 regiam
3793 1161 3996 1207 teneat.
4046 1150 4245 1205 Occia-

2664 1266 2775 1308 mat
2811 1255 3098 1324 barbarus,
3142 1252 3331 1320 ipsene
3368 1249 3590 1304 sultano
3648 1246 4123 1300 Musulmanorum
4185 1258 4246 1294 ac

2664 1349 2779 1404 Suis
2824 1349 2878 1401 in
2914 1361 3081 1417 regno
3113 1360 3216 1400 suo
3239 1342 3597 1413 praescribere
3634 1341 3783 1409 leges
3809 1340 3995 1398 vellet,
4018 1352 4131 1406 quo
4159 1352 4247 1387 re-

2665 1439 2946 1495 ducendus
2979 1448 3123 1493 escet
3152 1436 3347 1491 itinere.
3380 1436 3403 1489 ?
3430 1434 3525 1488 Sic
3553 1433 3723 1501 igitur
3756 1432 3893 1485 itutn
3929 1430 3985 1482 in
4024 1429 4244 1485 silvam,

2668 1534 2759 1588 ubi
2797 1535 2863 1587 ad
2902 1541 3129 1586 mortem
3160 1543 3355 1597 parare
3385 1544 3443 1580 se
3474 1528 3735 1596 iubentur
3778 1539 3991 1587 omnes,
4022 1538 4087 1575 ex
4122 1536 4251 1573 δυη-

2670 1625 2841 1681 tcntia
2874 1624 3111 1677 mandati
3148 1620 3434 1680 sultanini.
3479 1620 3647 1672 Erant
3677 1618 3726 1672 ei
3752 1617 3977 1686 triginta
4011 1626 4252 1683 quatuor

2672 1720 2881 1781 famuli,
2917 1719 3120 1788 quibus
3147 1717 3342 1771 ordine
3386 1713 3680 1767 trucidatis
3725 1712 3858 1779 (uno
3895 1720 4108 1763 tantum
4159 1724 4253 1760 ex-

2673 1822 2830 1881 cepto
2863 1827 3048 1879 puero.
3087 1810 3179 1880 qui
3209 1807 3441 1862 solerter
3472 1806 3525 1858 in
3558 1805 3749 1858 silvam
3786 1802 4106 1871 profugiens
4129 1815 4255 1849 era-

991 1926 1141 1975 cere,
1179 1910 1282 1964 sub
1320 1906 1424 1959 fide
1455 1904 1677 1975 quidem
1712 1900 1924 1970 publica
1980 1897 2304 1949 l’otocoram
2338 1890 2567 1945 arcessi-
2601 1891 2642 1945 B
2673 1910 2812 1960 εξεεο
2839 1920 2913 1973 ριν

2338 1890 2567 1945 arceSSi’
2601 1891 2642 1945 Β
2673 1910 2812 1960 sisse
2839 1902 3205 1973 perhibetur),
3236 1901 3436 1954 ultimo
3459 1898 3781 1958 Podolovio,
3811 1905 3932 1966 post
3962 1903 4249 1959 conceptus

992 2018 1131 2069 tum,
1200 2002 1291 2057 sed
1318 2001 1477 2054 aliter
1514 2011 1632 2051 eam
1662 1996 1842 2047 datam
1876 2007 1982 2044 non
2018 1987 2267 2055 intelligi,
2298 1984 2399 2041 nisi
2429 1999 2566 2054 qua-

993 2111 1153 2154 tenus
1172 2110 1393 2150 causam
1423 2106 1577 2146 snam
1607 2089 1811 2160 justam
1840 2085 2040 2139 docere
2078 2080 2417 2152 probarcque
2446 2091 2567 2147 pos-

994 2200 1095 2248 set.
1138 2190 1293 2244 Nunc
1326 2202 1453 2240 vero
1500 2200 1625 2239 cum
1694 2191 1894 2252 pateat,
1934 2194 2057 2232 cum
2110 2186 2301 2231 contra
2344 2172 2568 2227 hederis

993 2292 1152 2357 pacta
1186 2292 1451 2339 conventa
1479 2279 1697 2343 fecisse,
1727 2276 1866 2346 quod
1904 2271 2286 2343 indignissime
2315 2269 2569 2323 sultanus

997 2378 1232 2432 Murates
1288 2374 1485 2428 ferat:
1545 2387 1650 2426 non
1712 2384 1871 2437 posse
1910 2365 2256 2434 fwdilragum
2309 2361 2568 2432 pacisque

996 2471 1230 2542 publica:
1261 2468 1579 2521 violatorem
1639 2464 1771 2517 salvi
1806 2470 2148 2515 commeatus
2179 2454 2313 2524 regii
2360 2453 2564 2508 beneﬁ-

997 2564 1084 2619 cio
1136 2562 1266 2616 frui.
1303 2560 1529 2613 Auditus
1564 2572 1687 2610 esse
1738 2555 1981 2608 minaces
2025 2548 2224 2605 sultani
2260 2548 2570 2602 Turcorum

997 2655 1228 2717 litleras,
1254 2652 1413 2718 cujus
1438 2650 1546 2701 iras
1575 2647 1618 2699 si
1657 2646 1789 2699 tanti
1823 2660 1932 2697 non
1960 2643 2218 2707 facerent,
2251 2654 2313 2693 ac
2338 2638 2569 2693 l’otoco-
2632 2708 2637 2713 ο

997 2761 1119 2800 vam
1153 2743 1334 2814 potius
1383 2750 1657 2795 servatum
1691 2738 1906 2797 vellent,
1965 2750 2022 2787 se
2067 2733 2285 2803 quidem
2322 2731 2567 2800 ipsorum

999 2838 1263 2893 voluntati
1298 2852 1403 2890 non
1431 2838 1869 2891 adversaturutn,
1902 2830 2145 2895 satisque
2178 2826 2451 2881 facturum
2489 2822 2574 2876 of-

1002 2933 1126 2986 ficio
1160 2946 1258 2983 suo
1307 2941 1494 2984 contra
1529 2926 1753 2996 quosvis
1787 2924 1936 2993 regni
1976 2924 2159 2975 hostes
2187 2937 2199 2973 :
2237 2932 2461 2973 monere
2494 2926 2572 2971 ta-

1003 3039 1128 3078 men
1162 3039 1227 3075 ne
1250 3021 1392 3074 bello
1414 3018 1764 3072 Moseovitico
1800 3016 2031 3069 necdum
2062 3011 2339 3074 coniecto,
2405 3024 2573 3062 novas

1005 3126 1206 3170 temere
1228 3114 1330 3167 sibi
1372 3112 1721 3163 cmnularent
1753 3107 2087 3161 inimicitias.
2139 3104 2252 3159 lloc
2283 3102 2447 3157 modo
2487 3118 2574 3156 ce-

2675 2001 2740 2053 ad
2768 1999 2935 2053 Deum
2974 2012 3188 2066 preces,
3239 2004 3402 2064 caput
3449 2001 3790 2060 amputatum
3826 2006 3852 2042 a
3890 1989 4094 2043 laesio
4130 1987 4252 2039 fuit.

2674 2092 2783 2146 lies
2816 2106 3010 2145 omnes
3040 2088 3205 2159 379
3233 2088 3406 2158 ipsius
3430 2096 3484 2140 et
3526 2088 3786 2141 comitum
3846 2082 4081 2137 Zansins
4114 2082 4256 2133 (Zon-

2673 2183 3243 2253 stantinopolim,cnm
3263 2181 3419 2248 equis
3440 2179 3630 2247 regiis,
3649 2178 3893 2232 deduxit.
3921 2176 4083 2245 Equi,
4104 2175 4254 2239 iuss-t

2674 2279 2924 2334 Muralis.
2956 2277 3152 2344 partim
3196 2273 3534 2331 sultaninum
3575 2274 3627 2325 in
3680 2272 3944 2327 sarainm.
3979 2270 4045 2321 ad
4088 2270 4257 2333 ipsius

2674 2370 2898 2424 Muratis
2927 2385 3075 2427 usus,
3098 2367 3298 2436 recepti
3324 2385 3337 2419 :
3360 2366 3557 2431 partim
3580 2365 3723 2417 inter
3745 2364 3933 2417 hassas
3952 2361 4257 2417 distributi.

2672 2464 2968 2532 digitisque
3005 2460 3270 2529 singulari
3302 2474 3424 2513 cum
3459 2457 3762 2527 ignominia
3805 2454 4071 2525 Stephani
4117 2453 4258 2521 regis

2675 2556 2882 2628 passim
2915 2553 3204 2608 monstrati
3239 2552 3481 2607 fuerunt.

2745 2650 2881 2705 Clim
2929 2648 3044 2702 lucc
3097 2661 3187 2716 per
3233 2654 3551 2700 autumnum
3608 2644 3958 2699 accidissent.
3989 2644 4121 2695 anni
4180 2656 4263 2693 sc-

2676 2742 2894 2814 qucntis
2928 2740 3026 2795 991
3069 2740 3237 2803 (Chr.
3292 2738 3462 2805 13M)
3519 2738 3676 2790 initio
3757 2737 3902 2789 venit
3949 2734 4260 2788 Grodnam.

2676 2852 2796 2908 qua!
2836 2837 2888 2890 in
2932 2833 3225 2888 Litltuania
3258 2832 3362 2886 sita
3396 2840 3499 2893 est,
3532 2831 3596 2885 ad
3637 2831 3973 2898 Stephanum
4028 2828 4267 2880 Polenize.

2677 2945 2858 2999 regem
2885 2928 3086 2981 missus
3130 2942 3157 2979 a
3186 2926 3402 2980 sultano
3427 2924 3639 2977 Muratc
3668 2922 3979 2985 illustaphas
4009 2919 4263 2975 Ζςιυεῑιις,

2678 3019 2769 3088 qui
2810 3018 3010 3071 caedem
3067 3016 3225 3081 legati
3283 3015 3416 3084 regii
3467 3013 3769 3076 Podolovii,
3827 3012 3895 3066 de
3945 3028 4050 3079 qua
4108 3012 4270 3062 mmlo

2677 3111 2904 3172 dictum,
2953 3116 3255 3163 excusaret.
3320 3109 3513 3161 Aiebat
3569 3107 3636 3171 is,
3709 3105 3849 3159 falso
3919 3117 4100 3157 tamen
4162 3121 4269 3154 rent

1004 3207 1261 3261 dentibus
1293 3206 1454 3274 regite
1482 3202 1765 3256 sententia:
1798 3199 2337 3267 Polonis,sumptum
2373 3197 2438 3250 de
2474 3195 2571 3248 Po-
2604 3235 2649 3294 ϐ
2682 3219 2914 3259 narrans
2952 3241 2970 3270 ,
3044 3203 3194 3255 illum
3244 3199 3415 3255 fuisse
3489 3208 3769 3256 necatum,
3833 3198 3986 3251 nullo
4070 3199 4271 3249 summa

1006 3310 1197 3351 toeova
1224 3295 1548 3363 supplicium
1593 3293 1709 3346 fuit.
1754 3292 2066 3345 Secundum
2100 3292 2236 3352 haec,
2274 3302 2419 3342 anno
2467 3285 2575 3339 Μει-
2605 3273 2649 3295 υ
2681 3299 2906 3353 Muralis
2937 3296 3333 3351 interveniente
3355 3295 3537 3364 jussu,
3592 3309 3717 3347 cum
3747 3293 4099 3362 prmscriplns
4131 3294 4275 3357 luga-

1009 3392 1303 3444 btttnctauo
1333 3388 1436 3442 990
1466 3386 1615 3455 (Chr.
1644 3386 1826 3453 1385),
1857 3384 2080 3454 quidam
2109 3380 2439 3436 Podolovius
2471 3379 2577 3433 P0-

1009 3486 1167 3538 lonus
1225 3483 1352 3541 (hoc
1390 3482 1612 3536 nomine
1643 3478 2123 3547 Constantinopoli
2166 3476 2573 3546 appellabatur,

1010 3577 1100 3630 alii
1140 3575 1480 3629 Polidovium
1513 3575 1732 3629 vocanti
1761 3571 1930 3625 nobili
1958 3585 2157 3641 genere
2179 3568 2579 3631 natus,st:thuli

1013 3667 1145 3735 regii
1166 3665 1454 3734 praefectus
1475 3664 1770 3727 secundus,
1792 3679 1951 3733 quem
1979 3665 2137 3732 vulgo
2161 3662 2580 3730 subprtcfectum

1013 3768 1235 3819 vocant,
1298 3758 1499 3811 missus
1555 3756 1652 3810 I'uit
1706 3767 1856 3811 extra
1888 3756 2135 3810 ordinem
2164 3756 2375 3823 legatus
2405 3770 2432 3806 a
2468 3754 2585 3807 Ste-

1016 3851 1355 3923 phano_rcge
1406 3864 1528 3903 cum
1575 3849 1771 3903 litteris
1841 3850 1905 3901 ad
1958 3848 2235 3902 sultanum
2293 3847 2583 3908 Moralem,

1015 3942 1214 4012 quibus
1248 3942 1389 3995 inter
1420 3940 1524 3995 alia
1545 3942 1849 4010 petebatur,
1890 3950 1948 3994 ut
1980 3941 2027 3995 ei
2062 3942 2201 4010 regis
2234 3941 2317 3994 sui
2366 3942 2586 3994 nomine

1019 4038 1203 4089 liceret
1228 4036 1401 4102 equos
1430 4034 1635 4102 aliquot
1677 4048 1975 4101 generosos
2009 4036 2060 4086 in
2102 4034 2347 4087 Anatolia
2368 4048 2588 4102 compa-

1018 4138 1161 4182 rare,
1196 4124 1394 4191 quibus
1431 4123 1482 4175 in
1522 4121 1799 4175 Poloniatn
1835 4124 2085 4178 deductis
2121 4140 2217 4193 pro
2250 4139 2309 4177 se
2344 4139 2434 4177 rex
2476 4132 2590 4177 ute-

1020 4226 1192 4268 retur.
1221 4214 1512 4283 lmpetr'ato
1542 4214 1766 4269 Muralis
1788 4230 2085 4275 consensu,
2118 4216 2171 4269 in
2206 4217 2388 4269 Asiam
2426 4215 2589 4285 profi-
2628 4214 2631 4217 ’

1018 4305 1271 4365 ciseitur,
1333 4317 1386 4359 ct
1444 4307 1635 4373 viginti
1691 4312 1930 4376 quatuor
1998 4322 2171 4375 equos
2230 4307 2474 4375 insignes
2528 4321 2591 4361 ac

1022 4400 1179 4469 plane
1215 4400 1389 4470 regios
1427 4402 1577 4453 emit.
1607 4401 1740 4453 (lum
1792 4401 1875 4454 bis
1907 4400 1959 4453 in
1991 4399 2263 4469 Europam
2296 4401 2590 4469 transjicit,

1018 4493 1245 4547 domum
1289 4510 1392 4545 non
1436 4494 1553 4546 sine
1607 4495 1757 4546 salvo
1805 4494 1998 4546 sultani
2024 4492 2251 4546 Muralis
2284 4505 2591 4546 commeatu

2683 3390 2818 3445 tioni
2870 3389 3070 3443 limites
3109 3402 3379 3456 egressus,
3413 3386 3601 3456 copias
3648 3386 3909 3440 Turcicas
3964 3393 4274 3451 spectatum

2682 3482 2947 3544 venisset,
2987 3498 3104 3549 qum
3134 3492 3246 3534 tum
3302 3480 3566 3548 temporis
3616 3488 3807 3533 contra
3864 3476 4059 3530 Persas
4100 3480 4277 3530 mitte-

2688 3578 2925 3630 bantur.
2976 3573 3131 3628 Nune
3208 3574 3277 3627 ab
3347 3588 3405 3626 se,
3468 3574 3723 3626 mandato
3799 3569 4024 3623 Muratis
4083 3569 4277 3623 adduci

2688 3668 2850 3723 caedis
2887 3675 3173 3730 auctores,
3218 3665 3285 3719 de
3324 3665 3523 3732 quibus
3573 3681 3659 3716 rex
3710 3662 4021 3732 Stephanus
4069 3664 4277 3730 suppli-

2688 3760 2832 3812 cium
2884 3766 3141 3810 sumeret.
3177 3755 3312 3822 Quia
3349 3772 3474 3808 vero
3528 3754 3724 3808 Cosaki
3773 3768 3966 3808 recens
4019 3770 4275 3819 magnum

2692 3852 2889 3906 ﬁnibus
2910 3849 3157 3905 Turcicis
3177 3852 3432 3903 damnum
3470 3847 3801 3912 intulissent;
3823 3846 4067 3899 vicissim
4098 3859 4280 3913 petere

2691 3945 2989 4007 Muratem,
3038 3952 3096 3997 ut
3134 3944 3309 3996 ablata
3368 3941 3804 4001 restituerentur,
3854 3942 3904 3992 ei
3939 3940 4279 3993 Cos-altorum

2692 4037 2797 4092 dux
2831 4036 2896 4089 ad
2938 4051 3122 4091 necem
3159 4036 3260 4089 sibi
3304 4034 3615 4088 dederetur.
3644 4031 3877 4087 Venerat
3919 4034 3963 4085 is
3999 4032 4103 4083 hoc.
4148 4042 4286 4083 tvm-

2695 4144 2827 4198 porc
2894 4127 3167 4183 Grodnam
3203 4168 3217 4193 ,
3285 4127 3472 4181 eadem
3533 4125 3749 4179 illectus
3803 4124 4281 4178 fraudulentoruat

2698 4222 2987 4275 verborum
3052 4236 3216 4285 esca,
3264 4236 3371 4289 qtta
3426 4219 3575 4288 prius
3632 4219 3795 4271 etiam
3848 4218 4284 4270 circumventum

2697 4315 2867 4370 fuisse
2912 4315 3242 4369 Potocovam
3281 4313 3540 4366 diximus.
3589 4309 3679 4363 Vir
3720 4321 3835 4363 crat
3874 4310 4186 4367 bellicosus,
4236 4319 4289 4359 et

2699 4405 2909 4459 Turcos
2935 4406 2985 4455 in
3018 4404 3215 4457 finibus
3252 4419 3404 4456 more
3438 4418 3538 4455 suo
3599 4411 3770 4455 semet
3822 4401 4147 4455 insolentius
4197 4416 4292 4469 ge-

2703 4508 2905 4558 rentes,
2971 4497 3258 4566 aliquoties
3309 4495 3606 4550 ceciderat.
3655 4495 3808 4548 llnnc
3863 4496 3964 4548 sibi
4030 4496 4287 4555 Mnrates,

1023 4584 1322 4638 rediturus.
1360 4581 1462 4636 Sed
1492 4600 1613 4636 cunt
1648 4583 1786 4637 forte
1816 4595 1925 4636 tttm
1960 4585 2084 4635 novi
2111 4584 2441 4636 Cosacorum
2483 4597 2594 4635 mo-
2630 4577 2670 4630 ι)
2706 4592 2823 4644 Ιορο
2859 4591 2945 4642 qu;

2372 4598 2441 4634 "ll
2483 4597 2594 4635 "'0'
2630 4577 2670 4630 θ
2706 4592 2823 4644 loco
2859 4591 3088 4642 duorum
3132 4589 3218 4642 vix
3274 4588 3651 4642 lrioltolarium
3686 4588 4052 4644 nebulonum.
4089 4587 4291 4652 quique

1024 4685 1111 4728 tus
1142 4686 1196 4727 et
1221 4675 1565 4729 excursionis
1596 4676 1817 4727 nuntius
1865 4676 1929 4727 ad
1972 4674 2186 4727 Portam
2221 4674 2480 4739 venisset,
2535 4673 2595 4725 il-

1024 4768 1130 4820 lico
1159 4767 1393 4820 .llurates
1429 4767 1685 4821 Zausium
1720 4766 2190 4834 Constantinopoli
2228 4766 2462 4834 ablegat,
2500 4766 2591 4834 qtti

1026 4860 1381 4913 l‘odolovium
1415 4870 1699 4913 assecutus
1728 4860 1780 4911 in
1820 4860 2032 4917 itinere.
2083 4873 2204 4909 cum
2244 4858 2360 4909 suis
2382 4858 2598 4927 jugula-

1029 4962 1131 5025 ret,
1191 4961 1243 5004 et
1271 4967 1440 5019 equos
1472 4953 1666 5020 regios,
1705 4966 1829 5004 cum
1870 4951 2085 5005 cmtcris
2118 4951 2276 5018 legati
2307 4950 2597 5002 comitum-

1025 5059 1133 5113 quc
1166 5044 1350 5105 rebus,
1392 5043 1921 5110 Constantinopolim
1951 5042 2255 5097 reduceret.
2302 5039 2466 5094 Venit
2510 5043 2596 5095 hic

1028 5134 1093 5187 ad
1130 5133 1480 5188 Podolmium
1536 5150 1641 5187 non
1677 5135 1862 5203 procul
1898 5132 2311 5200 lladriatmpoli,
2371 5133 2594 5185 manda-

1029 5236 1254 5291 tumque
1289 5225 1393 5280 sibi
1436 5236 1621 5278 narrat
1662 5241 1689 5278 a
1748 5224 2069 5294 prrrpotenti
2105 5223 2321 5277 sultano
2352 5238 2474 5282 suo,
2514 5224 2599 5274 lit—

1030 5316 1160 5370 teris
1189 5316 1349 5390 etiam
1383 5316 1628 5381 prolatis,
1660 5324 1716 5368 ut
1748 5330 1871 5368 eum
1892 5330 2014 5367 eum
2046 5313 2199 5381 equis
2228 5322 2278 5366 et
2306 5312 2599 5367 comitibus

1028 5409 1566 5478 Constantinopolim
1594 5410 1903 5461 reduceret.
1940 5406 2112 5476 Negat
2140 5407 2190 5460 id
2229 5421 2288 5460 se
2322 5405 2596 5460 facturum

1030 5500 1383 5565 Polotlorius,
1427 5503 1748 5569 iiiiCl‘llS‘lllO
1783 5501 1914 5553 salvi
1956 5510 2298 5554 commeatus
2332 5501 2593 5553 ostendit.

1033 5591 1141 5647 Nec
1166 5593 1285 5654 has,
1316 5608 1415 5645 nec
1447 5593 1606 5663 legati
1640 5608 1953 5662 personam,
1992 5600 2181 5646 contra
2207 5590 2296 5659 jus
2358 5592 2598 5660 gentium

1032 5686 1221 5740 violari
1253 5686 1471 5747 debere,
1507 5688 1806 5754 prtesertiut
1836 5702 1864 5739 a
1901 5684 2426 5751 cooftnderalis,ait.
2461 5685 2601 5738 Zan-

1034 5781 1147 5831 sius
1178 5778 1242 5831 ad
1277 5779 1509 5847 proximi
1539 5795 1597 5831 ca
1625 5780 1677 5832 lii
1714 5782 1827 5833 sive
1848 5779 2050 5849 judicis
2075 5778 2440 5847 cogn'tioncm
2485 5794 2605 5844 pro-

1039 5881 1216 5936 vocat,
1252 5871 1340 5940 qui
1372 5887 1399 5927 c
1431 5871 1548 5929 loco
1578 5872 1813 5927 maxime
1842 5872 2022 5927 \‘iciuo
2052 5872 2370 5940 arcessitus,
2398 5887 2516 5926 cum
2539 5873 2603 5927 ad

2710 4678 2957 4736 fottassis
2989 4681 3131 4733 aliud
3164 4681 3233 4731 ob
3269 4678 3593 4732 mali-licium
3625 4680 3820 4746 rapitis
3865 4677 4130 4745 anqu‘siti
4174 4677 4290 4730 fite-

2711 4782 2853 4835 rant,
2903 4773 3041 4826 tnitti
3087 4774 3323 4825 volebat.
3390 4771 3864 4824 intercedentibus
3921 4774 4063 4839 apud
4108 4787 4289 4825 regem

2711 4878 2807 4932 pro
2837 4862 2953 4927 ejus
2997 4862 3372 4915 incolumitate
3413 4860 3701 4927 [irﬂ‘CilttliS
3742 4861 3887 4927 regni
3941 4862 4291 4928 proceribus.

2712 4972 2818 5009 non
2845 4956 2934 5009 ille
2960 4954 3178 5024 quidem
3230 4956 3408 5007 anco
3452 4954 3686 5017 delitui,
3741 4955 3834 5007 sed
3885 4964 4067 5007 tamen
4118 4954 4297 5007 incer-

2710 5055 2823 5101 tttm
2855 5062 2962 5115 quo
2986 5048 3323 5115 deportatus,
3366 5060 3633 5114 nusquam
3664 5062 3727 5098 ev
3784 5061 3850 5094 eo
3884 5055 4133 5114 tempore
4162 5060 4295 5100 cutt-

2711 5148 2932 5209 spertus
2980 5139 3099 5193 fuit.
3175 5138 3391 5193 Solebat
3465 5154 3686 5191 narrare
3752 5139 4294 5207 Constantinopolim

2712 5246 2964 5284 reversus
3021 5231 3121 5282 iste
3181 5229 3496 5297 Mustaphas
3567 5229 3839 5286 Z'ttlSitl‘S.
3902 5232 3995 5297 qui
4061 5247 4166 5283 non
4227 5249 4291 5283 ev

2718 5320 3010 5389 primariis,
3049 5323 3141 5375 sed
3185 5322 3301 5372 vilis
3335 5322 3479 5373 inter
3531 5337 3663 5373 suos
3708 5330 3850 5379 erat.
3907 5339 3965 5373 se
4009 5339 4035 5372 a
4084 5324 4296 5389 print-i-

2720 5414 2806 5481 pio
2840 5413 3210 5481 conspicatum
3248 5413 3519 5465 terribiles
3551 5428 3613 5465 ac
3662 5413 3907 5465 minacius
3959 5413 4295 5466 l‘ulonortt-n

2718 5501 2927 5565 oculos,
2957 5503 3024 5553 ob
3059 5502 3334 5569 indignam
3364 5512 3416 5553 et
3447 5513 3632 5554 contra
3662 5503 3749 5564 jus
3787 5506 4028 5569 gentin’n
4090 5505 4155 5556 ad
4183 5507 4297 5557 nis-

2720 5609 2836 5648 sam
2873 5594 3030 5663 legati
3070 5595 3198 5661 regii
3234 5598 3432 5648 ctdt-ut
3490 5596 3727 5662 graviter
3771 5598 4145 5657 fretur-utinm,
4190 5614 4295 5649 non

2726 5688 2924 5757 exiguo
2961 5686 3062 5740 sibi
3104 5686 3280 5738 visum
3319 5687 3370 5739 in
3394 5687 3632 5754 periculo
3663 5688 3889 5741 versari.
3922 5686 4119 5739 Verum
4151 5690 4294 5749 quod

2730 5789 2887 5834 antea
2923 5780 3249 5833 Potocovaut
3292 5780 3356 5831 de
3395 5779 3594 5842 tut-dio,
3630 5794 3737 5846 pra.-
3785 5778 4292 5833 formidineseltaui

2720 5874 2826 5940 sui,
2863 5872 3134 5926 sublatum
3175 5872 3544 5927 meminisset;
3610 5874 3792 5926 animo
3844 5888 4066 5941 leOZ'SEtS
4132 5872 4295 5925 obtir-
