4866 6594
990 391 1103 458 703

2248 374 2578 438 JOANNIS
2620 369 3091 437 LEUNCLAVII

4188 350 4302 418 τοι

1002 502 1218 568 legatus
1247 494 1550 567 augustalis
1570 493 1690 549 dari
1720 491 1907 563 jussit,
1930 490 1995 546 ad
2024 506 2155 547 suos
2184 491 2394 546 reversi
2423 496 2575 544 sunt.
2610 491 2655 549 Α
2684 488 2851 542 domo
2907 482 3104 539 litteris
3159 476 3537 534 amantissime
3590 471 3810 541 scriptis
3848 468 4087 568 accitum
4150 468 4301 522 lavi-

1072 588 1496 645 Comitabautur
1543 589 1648 641 hoc
1697 585 1892 639 itinere
1948 584 2186 651 legatum
2236 581 2449 650 aliquot
2506 580 2598 633 ba-

1009 697 1191 737 rones.
1268 681 1480 748 virique
1529 678 1761 744 nobiles,
1797 691 2032 744 quorum
2070 676 2292 728 nomina
2321 674 2599 741 subjicere

1009 774 1169 827 hbuit
1229 789 1293 827 ex
1359 772 1761 827 commentario
1818 769 2133 823 Mt-lcltioris
2208 767 2433 831 Bt-solti,
2499 766 2598 835 qui

1012 882 1262 920 nostrum
1303 866 1406 919 hoc
1436 867 1543 918 iter
1567 863 1887 931 descripsit.

1082 956 1319 1010 Karulus
1384 957 1761 1020 Dietricstain,
1826 955 1963 1009 baro
2032 954 2086 1008 in
2152 952 2465 1020 llolettburg
2546 964 2603 1006 et

1012 1046 1427 1101 Fittt'kensmiu.

1081 1139 1471 1205 Sigismundus
1505 1140 1836 1205 Ludovicus,
1868 1140 2001 1192 baro
2027 1138 2094 1190 de
2127 1135 2396 1191 Polhaim.

1082 1232 1243 1287 Jttatt.
1280 1234 1587 1288 Ilerttardus
1620 1250 1648 1287 a
1682 1232 1983 1291 Letnbaclt.
2011 1243 2119 1286 etc.

1097 1323 1328 1377 Wolﬁus
1355 1326 1606 1393 ngnad,
1642 1325 1774 1379 baro
1802 1326 1857 1379 in
1898 1324 2166 1378 Sonueck.

1084 1410 1351 1479 Georgius
1422 1412 1801 1479 llartmanus,
1862 1413 1996 1466 baro
2049 1412 2118 1466 de
2183 1410 2600 1477 Licltlenstain,

1014 1504 1177 1567 legali
1215 1505 1403 1557 frater.

1086 1592 1244 1648 Joatt.
1274 1593 1513 1661 Ulrirus,
1544 1598 1679 1651 baro
1700 1595 1768 1650 de
1798 1596 2210 1666 Stabremberg.

1093 1689 1369 1756 Georgius
1403 1690 1669 1752 Andreas,
1702 1690 1837 1743 baro
1867 1690 1932 1743 de
1966 1690 2247 1744 Bttcltaitn.

1091 1784 1402 1850 Stephanus
1427 1782 1495 1837 de
1526 1784 1696 1846 Reva,
1724 1798 1909 1837 comes
1938 1782 2291 1850 Turoccnsis,
2328 1783 2601 1857 ngarus.

1096 1873 1424 1930 Wiihelmus
1463 1891 1491 1929 a
1531 1876 1899 1930 Dietricstaiu.

1098 1966 1339 2020 Joannes
1370 1965 1728 2019 Lcwenltlaw.

1094 2059 1419 2115 Franc:s::us
1451 2060 1723 2130 Georgius
1755 2060 2043 2116 Oberslorf.

1094 2153 1353 2207 Melcltior
1386 2154 1437 2207 Bt
1460 2155 1586 2208 solt.

1093 2245 1502 2302 Maximilianus
1544 2248 1725 2316 Mager
1760 2268 1787 2305 a
1821 2250 2103 2305 Fttcltslat.

1095 2343 1370 2399 Antonius
1402 2360 1430 2398 a
1468 2346 1682 2416 Stamp.

1090 2433 1358 2505 Georgius
1405 2439 1631 2495 Rotbttt.

1097 2526 1295 2581 licetur
1327 2533 1392 2582 ab
1427 2530 1565 2593 Eltz,
1603 2532 1741 2585 aula:
1777 2534 2085 2598 praefectus.

1097 2616 1253 2670 Jnau.
1289 2618 1527 2673 Jacnbtts
1563 2621 1735 2692 Eglol’,
1779 2624 1975 2677 stabuli
2016 2621 2324 2692 prtciecttts.

1095 2708 1336 2763 Jacobus
1370 2713 1601 2767 llieltclt.

1104 2801 1291 2855 Victor
1322 2803 1665 2873 Recltﬁnger.

1106 2891 1345 2947 Joannes
1378 2893 1611 2948 Basilius
1639 2895 1708 2949 ab
1739 2894 2095 2951 llobcuwart.

1106 2985 1344 3038 Aderant
1404 2986 1670 3041 barouutu
1750 3004 1812 3043 ac
1871 2990 2137 3044 nobilium
2197 2989 2399 3047 addicti
2465 2994 2628 3047 mitti-

1032 3078 1219 3129 steri's
1252 3077 1629 3132 adolescentes
1666 3080 1881 3135 nobiles
1918 3082 2220 3149 sexdecim,
2258 3096 2457 3155 pratter
2489 3087 2626 3141 alios

2716 586 2949 632 laverat.
3009 574 3059 630 ls
3103 571 3368 643 Dionysio
3401 568 3648 631 Cbiensi,
3708 564 3985 621 monacho
4028 561 4193 617 docto
4246 567 4303 615 et

2711 671 2918 737 optimo
2971 670 3125 729 viro,
3189 664 3443 721 ecclesiae
3505 661 3567 716 S.
3629 659 3796 715 Marci
3855 656 4305 723 Calliupolitana:

2717 761 3037 829 preposito.
3090 757 3370 811 memoriae
3406 754 3645 810 deluocti
3674 768 3841 807 causa
3862 792 3879 815 ,
3913 749 4177 805 schcdan
4208 748 4301 801 hic

2713 855 3035 922 subiectam,
3104 854 3287 919 lingua
3339 852 3565 911 Grrcca.
3619 847 3845 911 Latina,
3926 845 4113 901 Italica
4162 844 4302 896 Cer-

2717 953 3041 1015 tttattlcaque
3061 948 3422 1019 petscriptam
3459 945 3717 1013 reliquit:
3747 943 3922 997 donec
3953 957 3989 993 π
4013 940 4303 997 Ιηιτὶῑιῐιε,

2715 1042 3156 1109 generosissimis
3194 1039 3530 1101 baronibus,
3599 1038 3839 1105 Georgio
3904 1034 4172 1090 Erasmo.
4254 1041 4307 1083 τι

2712 1132 2923 1187 Joanne
2978 1132 3283 1199 Septimio,
3334 1146 3447 1200 quo
3501 1131 3683 1183 nullus
3738 1127 3954 1182 ordinis
3982 1126 4068 1179 sui
4103 1135 4301 1177 nostro

2714 1228 2916 1280 saeculo
2970 1224 3279 1279 Germanus
3348 1224 3613 1291 majorem
3676 1221 3831 1275 orbis
3889 1229 4097 1287 partem
4154 1233 4312 1282 pcre-

2715 1321 2983 1389 grinaudo
3042 1316 3256 1372 felicius
3321 1315 3724 1386 perlustravit,
3807 1312 4053 1367 debitum
4116 1310 4308 1362 virtuti

2716 1412 3017 1483 pietatique
3048 1410 3279 1465 baronis
3306 1408 3495 1478 optimi
3548 1415 3973 1461 monumentum
4010 1404 4309 1455 excitetur.

2718 1572 2867 1628 Arcto
2891 1586 3212 1627 cnats'ruttto
3234 1585 3341 1625 cn.
3378 1587 3448 1626 ιο.
3485 1584 3684 1623 cxxxv.
3729 1582 3817 1621 nte
3843 1582 3933 1619 ιη
3968 1582 4026 1620 ι.
4076 1578 4309 1618 ιηιυς.

2788 1661 2873 1699 ΡΙΕ
2897 1659 3156 1698 IIGRAVIT
3183 1658 3248 1694 EI
3282 1658 3383 1694 ΠΛΟ
3416 1658 3479 1694 Al)
3505 1654 3808 1695 C(ELESTEII
3840 1653 4003 1691 \‘lTAI
4032 1648 4315 1688 ιιιιῈτιις

2790 1733 2859 1770 ET
2912 1728 3219 1767 οεπεηηςυε
3255 1728 3341 1766 DN.
3374 1726 3593 1765 “ENRIC.
3625 1725 3763 1763 ωηο
3786 1724 3851 1761 βπ
3887 1720 4311 1761 περιπνκςηιπ.

2792 1804 2856 1841 ut:
2878 1799 3221 1839 mcocsrunc.
3242 1798 3528 1837 nuooLrut.
3551 1799 3611 1835 tt.
3647 1796 3754 1834 tur.
3777 1796 3842 1832 ao
3860 1782 4312 1832 nonnu'esuun.

2785 1874 2890 1912 CLI
2916 1872 3173 1911 LEGATL‘S.
3194 1870 3464 1910 δερυιτυς
3494 1870 3545 1905 IN
3570 1868 3671 1907 nnc
3691 1864 3902 1904 'I'EIPLO
3918 1865 3964 1902 ε.
3998 1862 4164 1902 “CCI
4184 1861 4317 1899 ωι-

2790 1944 3021 1983 l.lUPi‘l.l.
3052 1943 3118 1980 AD
3146 1942 3371 1981 GBADUS.
3406 1940 3574 1979 PROPE
3600 1935 4012 1976 ιῖοκνειιςιοκεεί
4045 1935 4093 1973 ε.
4131 1931 4313 1971 ’ΔῐΊ-Ι.

2789 2015 2877 2054 ωε
2906 2016 2961 2054 Ι.
2995 2014 3172 2054 ΔΡΒΖΙ..
3202 2012 3294 2053 ΣΧ.
3338 2013 3431 2051 η.
3462 2008 3719 2049 ευρεηιυς
3748 2006 4029 2047 INDlCA‘I'Oc

2790 2158 3053 2227 Equidem
3091 2158 3224 2213 mihi
3289 2157 3577 2227 polliceor,
3633 2157 3881 2212 humano
3933 2153 4128 2209 lectori
4171 2153 4316 2208 hanc

2720 2253 2931 2307 itineris
2959 2251 3133 2305 nostri
3164 2250 3499 2304 mentionem
3532 2264 3642 2303 non
3678 2250 3951 2320 ingratam
3998 2246 4121 2302 fore
4150 2263 4167 2301 :
4203 2260 4312 2318 qua

2720 2345 2877 2398 libuit
2898 2344 3075 2398 obiter
3105 2346 3272 2399 etiam
3302 2358 3425 2396 meo
3446 2358 3576 2413 erga
3605 2344 3796 2397 beatos
3828 2341 4046 2397 llenrici
4084 2340 4313 2397 baroui:

2721 2440 2906 2491 eximii
2946 2454 3137 2493 manes
3164 2437 3342 2491 oliicio
3360 2436 3605 2506 defungi,
3648 2437 3807 2506 cujus
3836 2452 3965 2506 erga
4006 2451 4094 2491 me
4120 2451 4320 2507 perpe-

2724 2541 2874 2586 tuam
2908 2530 3033 2584 inde
3068 2546 3241 2600 usque
3274 2546 3303 2585 a
3333 2532 3717 2601 primisipsius
3746 2529 4114 2584 adolescentis
4134 2530 4315 2583 adhuc

2724 2622 2886 2677 anuis
2924 2621 3357 2676 benevolentiam
3382 2630 3701 2676 etamorem
3728 2630 3991 2690 expertus
4012 2620 4118 2675 l'ui.
4158 2618 4317 2675 Nune

2726 2715 2791 2768 ad
2822 2714 3133 2769 institutum
3172 2714 3485 2780 redeuntes,
3512 2714 3733 2769 tandem
3759 2712 4057 2783 aliquando
4080 2727 4318 2784 pensum

2728 2808 2831 2863 bne
2857 2809 3231 2862 absolvamus.

2798 2901 3302 2957 liuet-tiatnmstate
3330 2900 3455 2953 anni
3488 2898 3584 2954 99l
3659 2899 3813 2966 (Chr.
3855 2898 4016 2969 158!)
4066 2901 4328 2954 sultauus

2734 2993 2976 3048 llurates
3007 2993 3136 3047 dum
3166 3009 3222 3047 se
3260 3008 3383 3046 cum
3418 2992 3586 3046 mutis
3613 2992 3733 3047 suis
3757 2992 4018 3054 oblectat.
4057 3009 4203 3061 pene
4230 3010 4325 3063 pe-

2732 3086 2839 3139 riit.
2878 3083 3126 3139 Diximus
3153 3086 3299 3137 enim
3332 3099 3517 3153 supra,
3540 3082 3970 3138 mutossultauis
3997 3082 4323 3138 Osutanidis

1035 3169 1297 3236 plebeios.
1350 3170 1522 3226 Totus
1561 3173 1797 3242 dettique
1831 3176 2130 3231 comitatus
2172 3189 2327 3232 extra
2386 3180 2617 3250 legatum
2650 3190 2694 3245 ο
2730 3177 2783 3230 itt
2816 3175 3028 3231 deliciis
3049 3191 3195 3239 esse,
3216 3176 3307 3243 qtti
3342 3174 3510 3228 animi
3559 3188 3720 3229 sensa
3748 3174 3918 3241 signis
3979 3175 4321 3243 quibusdam

1035 3265 1323 3316 consmbat
1384 3266 1694 3333 octuaginta
1729 3282 1921 3320 novem
1980 3270 2255 3338 personis.
2292 3269 2430 3339 Equi
2461 3286 2625 3326 sexa-

1036 3354 1185 3421 ginta
1224 3371 1317 3409 sex
1360 3366 1536 3419 erant,
1581 3366 1774 3426 praeter
1825 3358 2011 3413 decem
2043 3360 2127 3415 vel
2162 3361 2451 3417 duodecim
2490 3379 2625 3419 con-

1041 3450 1339 3504 ductitios:
1393 3467 1589 3504 euri-us
1636 3452 1818 3521 (vulgo
1865 3454 2083 3510 coccios
2115 3458 2331 3529 vocant)
2390 3467 2627 3527 septem-

1043 3540 1241 3601 decim,
1272 3542 1473 3609 quibus
1517 3541 1777 3598 Tauruno
1807 3546 1923 3599 sive
1967 3546 2232 3615 llelgrado
2293 3547 2626 3604 Constanti-

1042 3635 1279 3699 nopoliut
1356 3636 1697 3694 veherentur.
1753 3639 1882 3696 Istic
1910 3640 2059 3695 enim
2139 3643 2511 3707 exsceuditur,
2576 3651 2631 3697 et

1046 3726 1238 3779 itinere
1277 3729 1545 3794 terrestri,
1592 3729 1838 3785 Danubio
1878 3731 1945 3786 ad
2006 3731 2195 3787 laevam
2262 3733 2475 3797 relicto,
2531 3748 2628 3805 per

1047 3818 1312 3877 Servium.
1343 3817 1672 3892 llulgariam,
1697 3821 2027 3879 Macedonia
2050 3834 2285 3895 partem,
2310 3822 2626 3892 Thraciam,

1046 3911 1582 3982 Constantinopolim
1620 3916 1746 3971 itur.
1786 3916 2122 3987 Adjunxerat
2158 3918 2370 3975 itineris
2401 3921 2628 3974 comites

1053 4004 1210 4059 Isassa
1245 4004 1535 4071 Budensis,
1598 4024 1765 4062 uumn
1823 4025 1886 4063 ex
1953 4012 2293 4080 proceribus,
2357 4012 2451 4081 qui
2503 4011 2630 4082 Βεεί

1051 4093 1246 4150 Turcis
1290 4097 1563 4159 dicuntur,
1618 4099 1862 4170 itemque
1923 4110 2035 4156 tres
2082 4103 2321 4168 zausins,
2352 4104 2443 4173 qui
2479 4120 2632 4159 com.

1056 4188 1529 4245 tuissariorum'in
1567 4192 1708 4247 aulis
1737 4194 1939 4248 nostris
1967 4194 2146 4249 locum
2182 4196 2305 4250 istic
2357 4197 2630 4263 obtinent,
2658 4196 2661 4199 λ

1050 4291 1105 4334 ct
1135 4289 1245 4336 tres
1296 4283 1606 4351 gettizaros.
1666 4282 1729 4338 lli
1799 4285 1911 4339 suis
1954 4301 2103 4341 tcum
2173 4286 2392 4343 famulis
2446 4299 2498 4343 et
2530 4290 2631 4360 ipsi

1053 4386 1245 4443 praeter
1273 4376 1508 4443 equites,
1540 4385 1745 4443 septem
1782 4376 1966 4432 rbedis
2009 4380 2123 4433 sive
2157 4381 2414 4435 curribus
2466 4384 2633 4437 vehe-

2730 3269 2944 3336 aperire
2974 3269 3203 3323 solerter
3235 3278 3458 3331 norunt,
3491 3278 3546 3321 et
3580 3267 3822 3321 vicissim
3863 3269 4180 3337 intelligere
4219 3288 4325 3321 nt:-

2732 3362 2877 3415 tibus
2904 3376 2968 3415 ac
2995 3360 3163 3430 signis
3191 3362 3451 3415 indicata.
3498 3359 3722 3414 Solebat
3756 3351 3857 3413 bos
3887 3358 4134 3414 Muratt-s
4168 3362 4325 3430 equis

2732 3452 3151 3523 prmgrandibus
3174 3463 3226 3505 et
3254 3453 3326 3505 ob
3359 3466 3651 3520 corporum
3690 3450 3888 3505 molem
3925 3451 4100 3504 tardis
4147 3452 4331 3519 impo-

2732 3559 2883 3606 nere,
2937 3557 3063 3598 cum
3126 3542 3243 3613 ipse
3287 3542 3523 3597 maxime
3582 3540 3838 3612 agilibus,
3891 3555 3954 3597 ac
4010 3544 4320 3611 praesertim

2732 3634 3000 3699 Arabicis,
3034 3645 3281 3690 uteretur
3313 3652 3326 3689 :
3367 3644 3421 3689 et
3448 3633 3613 3688 modo
3640 3635 3693 3688 In
3731 3634 3899 3699 hunc,
3970 3634 4138 3688 modo
4166 3635 4220 3687 in
4264 3633 4331 3687 ilo

2733 3729 2845 3785 lttut
2867 3740 3178 3800 provectus.
3195 3728 3346 3783 nervi
3372 3727 3561 3782 bulutli
3584 3729 3960 3796 (earavazzam
3982 3726 4086 3797 ipsi
4109 3727 4334 3793 vocant)

2734 3821 3055 3878 verberibus
3083 3828 3195 3875 tum
3229 3827 3433 3882 mutos,
3488 3832 3655 3890 quam
3682 3832 3857 3888 equos
3910 3831 4103 3872 eorum
4134 3834 4335 3887 caesos,

2744 3915 2811 3971 ad
2847 3930 3072 3970 cursum
3108 3913 3435 3983 impelleret.
3466 3911 3523 3967 In
3555 3911 3661 3967 hoc
3692 3910 3823 3966 ludo
3847 3920 4141 3979 correptus
4160 3913 4335 3965 comi-

2737 4008 2849 4063 tiali
2878 4005 3091 4069 morbo,
3113 4006 3217 4060 sibi
3259 4003 3539 4068 familiari,
3570 4012 3681 4058 tam
3707 4004 3858 4074 gravi
3907 4004 4061 4074 lapsu
4086 4019 4154 4058 ex
4189 4018 4339 4073 equo

2744 4102 2949 4158 decidit
2984 4102 3049 4156 ad
3080 4100 3452 4169 pavimentum
3482 4098 3697 4161 allisus,
3767 4108 3827 4150 ttt
3854 4099 4083 4151 omnino
4119 4113 4218 4167 per
4245 4114 4338 4151 ur-

2737 4196 2859 4251 bem
2896 4194 2980 4249 vel
3007 4192 3122 4264 jam
3156 4193 3482 4255 moriturus.
3527 4190 3615 4245 vel
3670 4204 3927 4245 mortuus
3986 4192 4336 4245 crederetur.

2739 4289 3006 4359 Adeoque
3040 4284 3303 4356 genizari,
3350 4298 3448 4354 pro
3484 4298 3660 4349 more,
3697 4284 3851 4339 velut
3902 4283 4180 4337 exstincto
4212 4286 4333 4335 sui.

2746 4392 2897 4446 tano.
2931 4382 3042 4451 jam
3061 4379 3507 4436 Christianorum
3544 4374 4045 4445 Ilebra-orumquee
4070 4376 4337 4429 [alternas

1057 4468 1275 4522 bantur.
1332 4466 1600 4523 Henricus
1669 4469 1801 4523 baro
1862 4470 1931 4524 de
1989 4468 2442 4540 Liecbtenstaiu,
2512 4484 2635 4543 post
2672 4473 3037 4555 Dinvolando
3060 4470 3445 4541 diripiebant:
3505 4468 3889 4538 maximusque
3949 4468 4222 4523 tumultus
4282 4470 4336 4522 in

1056 4561 1295 4612 nldatutn
1358 4564 1574 4614 su'tauo
1652 4561 1845 4616 Murali
1908 4578 2157 4629 munus.
2224 4567 2429 4621 amisso
2462 4567 2634 4623 fratre

1057 4652 1288 4717 Gnorgin
1323 4652 1360 4704 ll
1386 4667 1641 4715 utmann,
1692 4656 1784 4724 qui
1819 4656 2295 4724 (ἶοιιςιίιιιιίιιοειοιί
2332 4659 2486 4720 obiit.
2519 4659 2631 4729 jazn

1056 4754 1111 4796 et
1140 4746 1252 4809 ipse
1293 4746 1551 4797 diuturno
1594 4748 1786 4799 morbo
1833 4746 2065 4801 debilior
2118 4747 2319 4813 luctus,
2378 4751 2635 4820 majorem

1060 4835 1277 4890 Lttttilizt’.
1315 4850 1518 4902 partem
1583 4854 1707 4892 cum
1744 4839 1900 4907 equis
1960 4851 2008 4893 et
2044 4843 2301 4895 curribus
2357 4842 2635 4897 Constan-

1063 4928 1285 4996 tinopoli
1360 4929 1447 4983 die
1517 4929 1844 4985 duodecimo
1924 4933 2131 4987 nteuSis
2211 4932 2522 4991 Decembris
2584 4936 2636 4990 itt

1066 5021 1348 5075 Aristi-iatn
1389 5024 1640 5091 νοιιιίεἰις
1685 5024 1801 5093 ipse
1844 5026 1964 5079 navi
2009 5024 2236 5085 Veneta.
2268 5028 2371 5082 sub
2426 5030 2639 5083 initium

1066 5117 1228 5175 vctis,
1269 5130 1362 5179 per
1392 5116 1620 5169 mediam
1666 5116 1931 5172 Graeciam
1967 5120 2187 5172 domum
2222 5120 2400 5174 redLrt:
2428 5122 2641 5176 sta'uit.

1069 5213 1224 5259 Auno
1275 5210 1548 5276 Sl'llllt'llll,
1588 5211 1794 5263 decimo
1857 5212 2020 5265 tertio
2049 5213 2136 5266 die
2175 5215 2382 5266 mensis
2416 5214 2639 5282 Aprilis,

1068 5299 1405 5365 (lztllzttpnlittt
1468 5302 1531 5353 ad
1610 5300 2014 5372 Hellespontum
2077 5303 2239 5359 simul
2312 5306 2497 5365 venit;
2552 5306 2647 5361 ubi

1069 5394 1259 5448 morbo
1279 5395 1658 5460 ittvalescente,
1683 5411 1878 5465 magno
1895 5411 2019 5451 cum
2040 5396 2651 5467 sttorum331dolore,

1074 5488 1138 5543 16
1170 5488 1254 5544 die
1289 5489 1487 5545 mensis
1508 5491 1770 5560 ejusdem,
1803 5489 2094 5544 continuas
2118 5488 2257 5543 inter
2286 5504 2475 5559 preces
2508 5488 2653 5542 velut

1074 5584 1513 5647 nhdortniseeus,
1570 5585 1735 5639 vitam
1822 5585 1965 5639 hanc
2050 5583 2335 5638 mortalem
2415 5580 2651 5636 feliciter

1080 5692 1201 5728 cum
1281 5676 1572 5730 immortali
1648 5676 2057 5729 cottttnntavit.
2119 5676 2319 5730 Aderat
2380 5682 2511 5726 tunc
2583 5672 2650 5726 ad

1085 5773 1268 5823 lentas
1294 5770 1503 5839 pint-um
1539 5769 1698 5826 sedes
1721 5767 1974 5838 migranti
1999 5764 2238 5821 Joannes
2262 5762 2648 5827 Leunclavius.

1086 5876 1244 5933 quem
1277 5865 1325 5917 in
1356 5861 1546 5934 ptimis
1578 5872 1636 5919 ut
1663 5862 1827 5934 hujus
1867 5860 2079 5917 itineris
2113 5857 2369 5915 comitem
2401 5858 2651 5923 haberet,

2744 4565 2878 4621 urbe
2902 4574 3198 4621 secuturus
3230 4571 3371 4627 erat,
3407 4562 3513 4616 nisi
3535 4572 3751 4615 mature
3799 4559 4188 4631 genizarorum
4219 4562 4335 4624 Λςιη

2746 4656 2862 4711 sive
2899 4654 3177 4719 tribunus,
3211 4651 3505 4722 quemdam
3538 4652 3591 4705 in
3624 4652 3743 4720 ipso
3769 4650 4171 4719 deprehensum
4204 4649 4343 4703 faci-

2744 4763 2876 4804 nore
2906 4741 3055 4811 mox,
3091 4746 3159 4801 ad
3197 4744 3578 4799 incutiendum
3601 4745 3820 4798 caneris
3860 4751 4154 4804 terrorem,
4216 4757 4345 4797 suz-

2745 4841 2905 4913 pemli
2934 4841 3198 4911 iussisset
3236 4836 3571 4907 :ntancipiis
3605 4835 3771 4891 etiam
3806 4836 4115 4897 nonnullis.
4179 4837 4344 4905 geni—

2744 4948 3000 4988 zarorum
3024 4931 3210 4986 habitu
3235 4928 3469 4994 vestitis,
3496 4926 3564 4981 ad
3582 4941 3753 4981 uncos
3777 4925 3939 4980 scala:
3962 4925 4192 4996 Syct-nm
4223 4927 4343 4980 sive

2744 5025 3080 5090 G-tlatensis,
3116 5038 3216 5094 pro
3252 5036 3405 5076 more
3426 5017 3665 5073 Turcico
3682 5018 3955 5081 deductis,
3982 5027 4038 5071 et
4063 5018 4345 5087 supplicio

2752 5119 2943 5173 mortis
2973 5117 3174 5171 ibidem
3211 5112 3443 5169 allectis.
3486 5111 3542 5167 Si
3573 5111 3967 5174 Mueltemetes,
4010 5110 4242 5165 Mttratis
4279 5114 4345 5165 li-

2747 5212 2874 5273 litts,
2899 5209 2992 5278 qui
3029 5206 3321 5277 Magnesiae
3348 5204 3602 5275 degebat.
3636 5203 3687 5257 id
3722 5203 3988 5271 temporis
4043 5202 4109 5257 ad
4140 5204 4342 5259 urbem

2753 5302 2968 5367 l‘uisset,
3034 5308 3216 5354 actum
3249 5297 3406 5366 plane
3440 5295 3510 5350 de
3542 5294 3651 5348 vita
3715 5294 3883 5363 patris
3916 5303 4034 5347 erat
4074 5304 4131 5349 et
4166 5295 4345 5362 impe-

2757 5396 2861 5450 rio.
2897 5390 3194 5449 Convaluit
3228 5399 3411 5444 tamen
3446 5386 3711 5453 llurates,
3740 5386 4037 5456 statimque
4094 5397 4223 5456 post
4251 5389 4349 5442 ad-

2752 5498 2974 5545 ventum
3020 5496 3291 5549 nnstrutn,
3324 5483 3412 5537 die
3444 5483 3683 5552 quodam
3715 5478 3963 5543 Veneris,
3995 5481 4088 5550 qui
4126 5480 4348 5534 Tllt'co-

2754 5598 2872 5635 rum
2904 5576 3330 5633 ltebdomalario
3364 5574 3500 5628 festo
3534 5587 3693 5628 sacer
3716 5581 3820 5634 est.
3851 5587 4022 5642 eques
4076 5587 4107 5626 e
4162 5575 4350 5627 saraio

2756 5667 3323 5738 nova(genisaraium
3392 5678 3422 5717 a
3484 5661 3683 5718 Turcis
3743 5661 4032 5731 appellari.
4084 5660 4348 5730 deinceps

2754 5765 3047 5834 patebitex
3110 5760 3386 5814 annalium
3445 5753 3837 5820 declaratioue)
3897 5753 4119 5823 prodiit,
4188 5754 4345 5805 nobis

2756 5854 3192 5920 inspectantibus
3223 5850 3438 5921 cupide.
3487 5848 3949 5921 quemadmodum
4003 5846 4120 5903 ﬁeri
4180 5847 4337 5908 solet.
