4866 6594
259 366 366 430 105

1358 362 1447 420 Si]
1465 355 1733 418 μεωειλ.
1777 352 2063 415 ANNAL.
2110 349 2430 412 TURCH’I.

3421 341 3527 409 706

255 489 306 533 et
329 493 496 533 sacrae
522 486 724 533 sancta:
749 477 984 549 Sophire,
1014 478 1127 533 sive
1156 475 1444 547 Sapientia:
1463 473 1554 529 Dei
1577 474 1834 542 templum
1874 482 1915 536 Α
1947 470 2039 538 qui
2070 470 2288 538 quidem
2319 466 2598 535 iuniorum
2638 461 2914 530 suffragiis
2951 460 3017 514 ad
3056 476 3172 513 eam
3209 460 3525 529 dignitatem

259 586 401 626 nunc
432 570 775 640 profanatum
807 586 836 626 a
864 571 1140 637 Barharis,
1172 570 1302 623 adiit
1334 585 1347 620 :
1378 568 1453 621 uti
1508 566 1714 621 scilicet
1737 580 1831 617 no-

256 664 337 717 bis
360 672 411 716 et
436 663 558 717 aliis
588 664 728 731 (erat
759 663 904 717 enim
950 661 1226 717 maximus
1282 660 1564 714 hominum
1600 671 1833 710 concur-

257 755 369 815 sus)
403 753 739 817 ostenderet,
789 769 846 808 se
873 753 1108 808 necdum
1146 760 1450 806 mortuum.
1512 747 1628 817 ipsa
1659 744 1829 801 facies

256 844 434 897 adhuc
456 844 639 897 colere
667 844 846 898 lnrido
874 843 1137 897 deformis
1161 840 1621 909 conspiciebatur.

326 931 439 987 iloc
470 935 658 989 eodem
692 951 836 989 anno
853 935 950 991 00l
1011 935 1165 1005 (Chr.
1198 932 1382 1001 1584),
1414 930 1501 987 die
1530 929 1599 984 2-1
1630 929 1836 984 mensis

256 1022 530 1087 Octobris,
556 1025 905 1094 ulzqtt0lbegi
936 1023 1155 1079 Turciri
1216 1037 1337 1078 cum
1378 1023 1495 1077 suis
1529 1021 1723 1091 copiis,
1780 1020 1833 1075 in

254 1120 449 1187 quibus
482 1128 657 1181 erant,
719 1119 1076 1189 ipsoruunnet
1125 1116 1495 1179 confessione,
1548 1114 1834 1169 hominum

255 1214 319 1267 ad
382 1214 578 1277 10000,
631 1214 904 1270 Carniolte
960 1217 1094 1269 lines
1147 1212 1401 1284 ingressi,
1454 1210 1833 1279 gravissimam

256 1306 674 1375 impressionem
708 1305 1007 1362 fecerunt:
1056 1307 1285 1375 direptis
1331 1302 1538 1373 passim
1593 1300 1726 1356 vicis
1775 1315 1839 1355 ac

256 1400 430 1468 pagis,
464 1414 770 1468 magnaque
796 1382 1240 1454 Christianorum
1270 1395 1671 1465 mancipiorum
1697 1395 1837 1448 mul-

255 1492 487 1547 titudine
514 1506 700 1546 secum
737 1492 791 1545 in
828 1492 1148 1545 servitutem
1210 1490 1424 1543 abacta.
1477 1486 1615 1540 Cum
1660 1484 1833 1539 nostri

255 1585 511 1641 nuntium
553 1582 823 1638 adventus
854 1592 910 1638 et
948 1582 1319 1653 populationis
1347 1580 1558 1635 hostilis
1593 1577 1839 1647 accepis-

253 1685 395 1735 sent.
424 1674 707 1727 hominum
758 1674 825 1727 ad
885 1674 1060 1728 11000
1089 1672 1275 1727 subito
1312 1680 1535 1741 cogunt,
1558 1668 1716 1725 Iusto
1740 1667 1836 1723 Jo-

252 1766 423 1831 sepho
457 1765 656 1819 comite
686 1762 1278 1829 Turriano,etThoma
1323 1761 1596 1817 Erdendio
1639 1759 1836 1814 comite

1940 569 2285 625 pervenerat.
2316 558 2361 612 is
2404 556 2493 611 tibi
2521 554 2732 609 Turcos
2769 554 2952 608 sinum
2989 554 3267 622 ingressos
3293 554 3524 620 accepit,

1940 667 2061 705 mox
2092 651 2145 702 in
2180 666 2273 704 eos
2302 648 2647 718 provehitur,
2724 661 3070 715 numeroque
3120 644 3425 697 triremium
3466 658 3526 697 ac

1940 744 2197 806 militum,
2230 751 2282 795 et
2318 740 2442 795 aliis
2496 739 2660 793 rebus
2709 739 2864 808 longe
2914 737 3185 805 saperior,
3247 752 3442 789 omnes
3474 734 3525 788 iu

1940 840 2262 901 potestatein
2291 832 2519 901 redegit.
2559 828 2689 885 Inde
2723 829 2848 883 diro
2892 831 3127 897 quodam
3182 837 3235 882 et
3283 828 3527 881 inaudito

1940 927 2127 977 furore
2156 925 2401 978 smvitnm
2430 926 2483 978 in
2521 923 2791 992 captivos,
2822 930 2928 975 tam
2960 936 3159 986 mares,
3184 937 3345 991 quam
3377 919 3518 973 femi-

1941 1032 2057 1069 nas.
2088 1016 2323 1070 Maribus
2355 1016 2555 1069 occisis
2588 1014 2955 1082 250,0lioque
2987 1013 3317 1066 ltamadanis
3355 1014 3529 1065 bassm

1943 1110 2133 1163 matris
2157 1110 2207 1162 in
2234 1110 2524 1178 complexu
2553 1116 2605 1161 et
2635 1110 2846 1177 gremio
2883 1107 3168 1172 confosso,
3205 1105 3423 1160 fetninze
3458 1106 3529 1159 40

1941 1203 2092 1270 prius
2119 1201 2347 1255 nefariis
2403 1201 2621 1268 polluta:
2671 1201 2902 1266 stupris.
2959 1200 3223 1253 uberibus
3269 1199 3527 1255 mutilatze

1944 1298 2088 1378 (qua:
2124 1296 2344 1361 quidem
2377 1294 2514 1349 vivis
2547 1293 2731 1348 adhuc
2762 1293 3252 1363 spectantibusque
3300 1292 3527 1346 misellis

1941 1402 1969 1438 a
1992 1386 2321 1454 quibusdam
2357 1385 2679 1440 crudelitate
2710 1386 3000 1455 plusquam
3030 1385 3259 1438 barbara
3288 1384 3342 1437 in
3378 1398 3528 1438 mare

1942 1477 2186 1546 projecta
2215 1477 2623 1547 perhibentur),
2650 1477 2901 1533 dissecta:
2918 1480 3133 1531 tandem
3170 1477 3429 1530 atrociter
3458 1476 3525 1529 ad

1944 1588 2107 1625 unam
2133 1586 2326 1625 onmes
2362 1572 2414 1624 in
2447 1587 2617 1639 aquas
2648 1587 2677 1625 a
2708 1572 2952 1641 piscibus
2992 1571 3317 1625 devorandm
3340 1570 3527 1638 praeci-

1944 1664 2206 1733 pilantur.
2243 1662 2426 1730 ipsius
2458 1664 2573 1717 Emi
2606 1663 2957 1717 fratrislilius
2992 1665 3042 1717 in
3067 1664 3298 1731 puellam
3334 1679 3527 1732 quam-

1941 1755 2064 1808 datn
2099 1756 2436 1825 egregiioris
2484 1754 2744 1812 incidisse
2805 1759 2998 1811 fertur.
3062 1756 3130 1809 Ea
3183 1771 3306 1810 cum
3353 1755 3527 1823 ipsum

254 1855 598 1923 Muslovinte,
631 1856 929 1910 Sclavonla:
962 1854 1306 1923 Croatiaaque
1346 1852 1515 1919 Bano,
1556 1851 1790 1907 ducibus
1821 1868 1834 1905 :
1874 1864 1912 1920 υ
1946 1850 2354 1921 padieitimsuae
2378 1852 2484 1905 vim
2518 1852 2794 1905 illaturum
2831 1852 3199 1920 conspiceret,
3228 1865 3349 1903 mox
3371 1848 3525 1902 Chri-

257 1964 322 2003 ac
357 1948 476 2003 sine
510 1963 660 2002 mora
692 1948 949 2003 maximis
1000 1946 1293 2002 itineribus
1344 1947 1520 2001 hostis
1575 1944 1831 2012 tergoin-

256 2039 549 2103 haerentes,
582 2040 647 2093 ad
680 2038 910 2093 Slunum
945 2037 1177 2092 Croatite
1225 2035 1441 2090 tandem
1471 2050 1565 2091 eos
1610 2035 1698 2089 die
1756 2033 1834 2087 vi-

251 2132 462 2187 cesimo
488 2142 643 2187 sexto
657 2133 904 2203 ejusdem
936 2132 1142 2187 mensis
1163 2130 1416 2186 Octobris
1435 2138 1831 2200 assequuntur,

249 2226 540 2291 invadunt,
602 2229 841 2281 ctedunt.
896 2224 1135 2281 Liberati
1184 2223 1409 2294 captivi,
1452 2231 1515 2280 et
1567 2236 1833 2294 prteccpta

250 2318 465 2388 (praeda
490 2320 669 2389 capta)
704 2319 827 2385 fuit,
857 2334 981 2373 cum
1008 2317 1233 2372 interitu
1282 2318 1447 2375 4.000
1501 2317 1833 2372 Turcorum.

250 2409 488 2464 Eramus
518 2426 619 2464 nos
639 2411 1143 2480 Constantinopoli,
1173 2426 1281 2479 quo
1337 2421 1583 2479 tempore
1634 2408 1702 2463 de
1735 2410 1836 2463 bac

249 2518 481 2557 suorum
502 2502 657 2557 clade
682 2504 931 2558 sultanus
961 2502 1200 2557 Mur-ates
1236 2504 1439 2558 certior
1462 2501 1832 2557 reddebatur:

252 2601 346 2670 qui
370 2615 504 2654 sane
532 2612 654 2654 cum
690 2599 1075 2662 intellexisset,
1110 2619 1135 2651 a
1196 2598 1314 2653 suis
1366 2597 1579 2664 injuria:
1631 2598 1832 2651 factum

254 2693 474 2747 initium
494 2691 616 2759 jure
644 2707 813 2747 cassos
844 2694 1238 2761 pronuntiavit.
1260 2691 1393 2745 Nam
1424 2692 1565 2745 nolle
1597 2708 1655 2746 se
1678 2692 1838 2761 quid-

251 2799 418 2853 quam
481 2784 661 2838 aiebat
692 2801 719 2835 a
771 2787 907 2845 sitis,
934 2796 1122 2837 contra
1175 2786 1314 2854 leges
1376 2783 1837 2846 induciaium,ad

249 2876 581 2931 turbandam
607 2891 795 2947 pacem
823 2874 875 2928 in
926 2874 1180 2945 Ungariae
1232 2875 1498 2931 limitibus
1562 2878 1835 2931 attentari.

246 2968 427 3024 Jussit
456 2969 645 3032 etiam,
673 2969 871 3023 illustri
899 2977 953 3021 et
984 2984 1252 3038 generoso
1283 2966 1555 3037 Rudolphi
1592 2968 1634 3022 ll
1662 2967 1838 3021 Ctesa-

246 3063 580 3125 risoralori,
630 3060 798 3113 Paulo
852 3062 1040 3115 baroni
1108 3060 1427 3128 Eizngano,
1491 3076 1716 3115 suarum
1772 3060 1838 3116 ad

248 3162 552 3223 utrumque
584 3154 799 3207 bassam
843 3153 1119 3222 Ungarize.
1154 3152 1456 3207 liudenscm
1482 3166 1547 3207 ac
1606 3151 1833 3207 Temes-

240 3264 555 3314 varensem,
593 3249 896 3305 litterarum
934 3249 1218 3318 exemplar
1278 3249 1527 3303 exhiberi
1566 3267 1580 3304 :
1635 3251 1835 3318 quibus

236 3355 437 3398 severe
468 3341 783 3407 mandabat,
820 3339 897 3394 uti
951 3341 1153 3394 milites
1218 3354 1347 3395 suos
1410 3341 1726 3397 lintltaneos
1780 3342 1835 3395 in

239 3432 427 3489 olliclo
458 3433 824 3488 continerent.
856 3431 1000 3488 ldetn
1059 3444 1116 3486 ut
1160 3449 1187 3485 τι
1228 3433 1432 3488 nostris
1452 3448 1667 3505 quoque
1700 3448 1834 3502 pra:-

237 3533 511 3589 staretur,
536 3525 792 3594 imperari
823 3525 1066 3580 vicissim
1094 3527 1334 3594 petebat.

322 3615 440 3673 Sub
471 3618 677 3673 exitum
707 3617 949 3686 ejusdem
976 3618 1105 3672 anni
1164 3617 1376 3674 'l‘urcus
1424 3620 1644 3690 quidam
1692 3621 1832 3677 Cotl-

232 3711 664 3780 stantinopolim
697 3711 925 3784 appulit,
987 3713 1212 3767 nuntius
1264 3714 1428 3769 caedis
1490 3729 1739 3778 suorum,
1804 3735 1833 3770 e

229 3818 356 3875 qua
388 3802 538 3858 solus
569 3804 651 3874 (ut
684 3804 799 3873 ipse
834 3790 1053 3873 quidem
1108 3806 1307 3874 aiebat)
1336 3846 1337 3849 η
1368 3823 1533 3876 Opera
1584 3811 1827 3881 chirurgi

227 3894 533 3964 cujusdam
558 3893 865 3960 Cretensis,
892 3898 979 3951 cui
1015 3895 1193 3951 fuerat
1224 3882 1382 3951 antea
1414 3909 1601 3965 notus,
1635 3915 1825 3955 evase-

224 3994 351 4041 rat.
386 3983 495 4041 Res
532 3987 647 4055 ipsa
680 3989 854 4041 relatu
885 4000 992 4040 non
1033 3988 1281 4055 indigna,
1308 3991 1451 4057 quod
1485 4003 1651 4058 prape
1688 4004 1828 4044 novo

220 4087 379 4134 tunc
422 4077 584 4149 382
619 4077 761 4132 inter
799 4077 1034 4133 Venetos
1072 4094 1135 4132 ac
1171 4077 1379 4134 Turcos
1415 4081 1555 4135 bello
1598 4098 1825 4138 causam

219 4169 540 4241 praebitura
571 4170 863 4224 videretur.
912 4168 1245 4225 Ramadanis
1281 4173 1454 4225 basem
1502 4170 1825 4243 Tripolitani

1938 1942 2171 1998 stianam
2214 1960 2271 1999 se
2297 1945 2561 2013 profiteri,
2594 1953 2649 2000 et
2697 1944 2987 2016 virginem,
3056 1953 3109 1997 ct
3139 1947 3192 1998 in
3223 1943 3403 2011 Cypro
3436 1958 3525 1996 na-

1937 2045 2045 2091 tam
2082 2039 2247 2093 nobili
2284 2040 2485 2094 familia
2540 2039 2807 2104 Cornara,
2860 2055 2982 2110 qum
3033 2055 3189 2095 suam
3255 2040 3526 2110 originem

1936 2133 2001 2185 ad
2038 2131 2316 2189 Cornaros
2348 2131 2584 2187 Venetos
2612 2133 2876 2198 referret;
2911 2145 3121 2203 captam
3158 2144 3281 2187 ante
3337 2134 3402 2187 12’.
3432 2150 3526 2188 au-

1938 2240 2055 2285 nos,
2093 2239 2216 2279 cum
2249 2225 2463 2297 Cyprus
2491 2226 2593 2280 sub
2634 2226 2829 2296 jugum
2861 2224 3156 2280 Turcicum
3194 2226 3426 2289 veniret,
3460 2243 3526 2281 ex

1937 2334 2001 2371 co
2023 2326 2267 2382 tempore
2300 2318 2556 2373 miseram
2585 2320 2727 2388 apud
2751 2317 3022 2373 Barbaros
3056 2320 3373 2373 servitutem
3402 2335 3527 2375 ser-

1939 2411 2124 2465 viisse.
2159 2409 2315 2469 Nunc
2340 2412 2561 2481 quando
2594 2422 2713 2482 post
2744 2421 2821 2465 tot
2857 2428 3135 2467 {erumnas
3198 2413 3250 2467 in
3285 2416 3526 2468 hominis

1937 2502 2259 2567 Christiani,
2287 2506 2515 2575 pudoris
2554 2506 2785 2575 virginei
2818 2506 2905 2559 vin
2932 2506 3070 2566 licis,
3124 2507 3322 2559 nobilis
3373 2509 3529 2559 deni-

1938 2612 2043 2665 que
2068 2594 2255 2651 Veneti
2298 2615 2490 2653 manus
2534 2600 2842 2664 incidisset,
2912 2600 3175 2654 obtestati
3211 2616 3269 2653 se
3304 2617 3396 2667 per
3421 2601 3523 2652 im-

1942 2689 2224 2742 mortalem
2257 2691 2443 2757 Demn,
2479 2707 2542 2743 ne
2567 2691 2896 2748 Christianae
2960 2692 3170 2748 faceret
3231 2694 3519 2760 injuriam,

1939 2796 2006 2835 nc
2037 2782 2300 2851 virginem
2335 2787 2658 2848 incestaret,
2696 2802 2762 2838 ne
2802 2785 3005 2838 Veneto
3034 2785 3286 2860 sanguini
3324 2785 3520 2840 findant

1940 2874 2113 2927 labem
2165 2886 2505 2945 aspergeret,
2591 2878 2684 2931 sed
2740 2878 2919 2946 potius
2975 2878 3027 2931 in
3076 2887 3324 2946 Optatum
3374 2879 3526 2932 hunc

1939 2959 2108 3028 diem,
2152 2985 2260 3035 quo
2303 2969 2672 3023 Christianam
2716 2970 2783 3024 ad
2818 2971 3211 3038 rempublicam
3249 2971 3526 3040 postlimi-

1939 3061 2032 3114 nio
2063 3063 2285 3121 rediret,
2315 3064 2500 3116 divina
2528 3063 2764 3133 quadam
2818 3066 3163 3132 providentia
3227 3080 3524 3118 conserva-

1942 3161 2073 3215 tam,
2101 3153 2250 3207 salvo
2285 3159 2489 3223 pmiore
2522 3156 2759 3211 libertati
2824 3158 3155 3213 restitueret.
3212 3158 3353 3211 Nihil
3379 3159 3523 3226 apud

1942 3243 2209 3299 immitem
2230 3249 2495 3313 animum,
2516 3264 2579 3301 ac
2601 3249 2917 3318 prodigiose
2940 3253 3216 3305 crudelem
3248 3251 3525 3305 salacem-

1940 3352 2047 3406 que
2082 3378 2097 3403 ,
2127 3346 2235 3392 tam
2273 3353 2479 3393 sanctae
2509 3355 2699 3409 preces
2755 3343 2999 3405 valuere,
3066 3345 3366 3411 quominus
3397 3345 3517 3394 viu-

1942 3427 2169 3493 Iarctur,
2198 3438 2251 3480 et
2276 3429 2539 3484 sull‘oeata
2566 3445 2689 3485 cum
2725 3431 2848 3485 aliis
2877 3434 3163 3501 mancipiis
3192 3433 3439 3491 'l‘urcicis
3466 3440 3519 3492 in

1937 3533 2087 3572 mare
2123 3519 2501 3589 projiceretur.
2530 3522 2999 3577 Existitnabantur
3052 3526 3329 3597 indignant
3380 3533 3522 3586 hanc

1939 3611 2332 3665 immanitatem
2368 3611 2574 3668 Veneto
2608 3616 2853 3682 nomine,
2920 3626 3026 3672 tam
3060 3621 3167 3688 pio,
3208 3630 3313 3675 tam
3344 3627 3520 3691 pudo-

1937 3701 2012 3755 ris
2034 3712 2087 3755 et
2115 3707 2294 3758 omnis
2327 3705 2545 3760 virtutis
2564 3707 2832 3771 studioso,
2896 3719 3003 3764 tam
3044 3727 3072 3764 a
3126 3712 3330 3765 Saevitia
3364 3715 3520 3769 deui-

1934 3808 2039 3863 que
2074 3796 2275 3859 alieno,
2308 3798 2646 3863 exercuisse,
2720 3814 2786 3853 ne
2819 3802 2943 3868 quis
2976 3816 3254 3870 superstes
3288 3807 3370 3859 vel
3396 3822 3482 3860 aut
3504 3838 3518 3847 -

1932 3888 2252 3955 plitudinem
2293 3892 2506 3958 pra-dte,
2558 3906 2723 3961 quam
2785 3896 3073 3949 consecuti
3134 3896 3388 3965 fuissent,
3436 3903 3520 3956 vel

1932 3982 1999 4035 ad
2028 3984 2303 4035 rissorum
2330 3984 2597 4037 scelerum
2654 3982 2961 4040 foeditatem
3026 3992 3300 4057 proderet.
3338 3991 3516 4063 iiujus

1931 4074 2194 4128 facinoris
2248 4074 2388 4127 fama
2473 4074 2620 4129 Cons
2647 4078 2946 4147 antinopoli
3006 4069 3511 4151 puérebrcseeutc,

1932 4168 2253 4222 incredibile
2289 4170 2457 4233 dictu,
2481 4182 2820 4239 quantopere
2838 4175 3099 4227 commoti
3135 4180 3350 4233 luerunt
3380 4181 3516 4233 Tur-

216 4260 433 4326 vidua,
461 4275 585 4313 cum
614 4260 742 4323 lilio,
770 4258 997 4322 l'atnilia,
1021 4262 1311 4329 mancipiis
1348 4262 1635 4333 utriusque
1659 4281 1827 4319 sexus
1929 4277 2118 4316 corum
2152 4260 2343 4313 animi.
2378 4260 2589 4315 Passim
2617 4265 2870 4318 audisses
2902 4282 3092 4320 omnes
3115 4270 3299 4322 omnia
3342 4267 3515 4326 Vene—

216 4351 781 4421 Constantinopolint
817 4353 1153 4421 profectura,
1187 4355 1463 4409 triremem
1508 4358 1564 4410 in
1625 4355 1824 4411 Barba-
1931 4354 1999 4405 tis
2024 4362 2266 4406 extrema
2302 4353 2642 4407 minitantes.
2674 4354 2774 4407 Vix
2835 4371 2864 4408 a
2929 4356 3079 4411 Bailo
3133 4360 3516 4429 (magistratus

210 4446 316 4501 ria
360 4444 449 4497 vel
481 4443 662 4495 Al'rica
692 4443 967 4498 maritima
1012 4459 1301 4500 curaverat
1353 4446 1571 4513 instrui,
1606 4465 1712 4519 qua
1748 4448 1824 4505 fa-
1928 4444 2119 4499 Veneti
2154 4458 2351 4497 noinen
2384 4452 2487 4507 est,
2529 4444 2618 4513 qui
2654 4446 2720 4499 de
2748 4460 2973 4501 suorum
3030 4454 3212 4504 cuisis
3267 4455 3390 4507 istic
3423 4470 3517 4508 co-

212 4526 479 4592 cultates
516 4549 647 4588 suas
695 4535 1064 4604 amplissimas
1119 4554 1304 4591 secum
1373 4539 1649 4594 aveheret.
1719 4542 1824 4597 Eas
1853 4561 1903 4621 Β
1929 4536 2160 4605 gnoscit,
2190 4548 2244 4587 ct
2273 4536 2501 4604 injurias
2534 4538 2651 4591 suis
2684 4538 2862 4591 illatas
2893 4539 2958 4593 ad
2984 4541 3261 4596 sultanuin
3325 4543 3517 4599 Turci-

205 4628 498 4696 equidem
530 4626 748 4678 memini
770 4641 799 4678 a
829 4627 1025 4682 Turcis
1044 4637 1096 4681 et
1118 4629 1358 4685 llebrteig
1389 4634 1555 4687 octies
1573 4638 1820 4692 centenis
1928 4644 2052 4680 cum
2075 4627 2305 4697 ejusque
2334 4630 2541 4683 ve/ires
2572 4629 2769 4700 defert)
2804 4633 3175 4699 abstinebant,
3215 4640 3510 4706 quominus

207 4719 487 4774 mitlibus
520 4734 800 4773 nummum
843 4736 1137 4775 aureorum
1195 4724 1536 4779 azsdnzatas:
1598 4740 1819 4793 verene,
1931 4721 2129 4773 llolllilli

1598 4740 1819 4793 vei-(me.
1931 4721 2137 4773 homini
2165 4738 2361 4774 manus
2426 4723 2733 4792 injicerent,
2767 4733 2861 4777 aut
2911 4725 3054 4780 fer-de
3106 4732 3295 4782 saltem
3343 4732 3394 4784 in
3450 4750 3511 4787 os

201 4830 288 4867 an
325 4814 583 4879 sequius,
603 4812 855 4881 equidem
876 4812 1060 4867 dicere
1085 4830 1190 4867 non
1225 4816 1417 4871 habeo.
1457 4817 1821 4875 llnictrircmi
1928 4825 2274 4881 exspuerent.
2315 4814 2669 4884 Fungebatur
2695 4817 2743 4869 id
2787 4822 3049 4887 temporis
3112 4823 3215 4875 lr:c
3284 4840 3511 4878 munere

200 4903 555 4961 securitatis
584 4920 697 4959 sua:
724 4919 890 4959 causa
920 4916 1091 4960 seruet
1121 4908 1488 4975 adjunxerant
1522 4915 1641 4966 aliae
1674 4914 1818 4979 dum,
1927 4905 2167 4959 Joannes
2199 4906 2547 4972 Franciscus,
2581 4909 3041 4965 Maurocenorum
3082 4914 3286 4968 familia
3324 4932 3509 4984 nazus,

199 5011 381 5069 quas
418 4997 628 5051 idcirco
658 4998 853 5067 vulgus
886 5010 1177 5053 nautarum
1210 5017 1507 5057 conservas
1547 5007 1823 5075 appellare
1928 4996 2121 5066 (Μοιέε

1587 5007 1823 5075 pponam
1928 4996 2254 5066 (Mm-esinos
2280 5001 2438 5067 vulgo
2484 5006 2723 5067 vocant),
2749 5004 2842 5069 qui
2871 5005 3032 5071 paulo
3069 5016 3188 5072 post
3224 5010 3509 5075 episcopa-

195 5093 402 5147 solet.
468 5090 605 5144 Cum
658 5092 835 5158 ipsum
900 5093 1104 5146 ostium
1161 5095 1318 5149 sinus
1368 5096 1651 5162 Adriatici,
1713 5116 1821 5155 ηοη
1928 5102 2041 5146 tum
2076 5091 2436 5157 Brixiensem,
2467 5106 2685 5148 mortuo
2719 5098 3041 5151 doctissimo
3084 5101 3361 5156 cardinale
3389 5105 3509 5159 Del-

206 5183 441 5256 procul
464 5182 532 5234 ab
565 5183 739 5237 insula
770 5182 1009 5254 Corcyra
1045 5186 1347 5256 (Cor-phum
1400 5205 1545 5243 nunc
1607 5192 1817 5254 dicunt,
1929 5187 2117 5254 phiuo,
2155 5188 2355 5240 absens
2386 5189 2714 5256 impetravit.
2743 5190 2789 5243 is
2815 5207 2938 5243 eum
2991 5191 3248 5248 Zausium
3312 5212 3510 5264 quem—-

199 5294 356 5351 qua:
397 5291 497 5329 vox
532 5275 738 5330 Graecis
770 5279 980 5347 vulgari
1032 5279 1216 5347 lingua
1269 5282 1451 5335 sinum
1503 5284 1818 5355 signiﬁcat),
1931 5279 2052 5329 dam
2091 5278 2293 5330 sultani
2323 5278 2552 5333 Muratis
2581 5281 2767 5346 jussu,
2821 5282 3291 5355 Constantinopoli
3318 5292 3405 5341 die
3436 5292 3505 5342 27

200 5371 709 5445 prxterlegcrent,
772 5371 965 5441 ingens
1029 5374 1213 5426 subito
1282 5384 1470 5427 coorta
1524 5386 1821 5444 tempestas
1931 5373 2122 5426 Ducem

1587 5389 1821 5444 mpestas
1931 5372 2245 5426 Decembris
2276 5371 2534 5428 Venetias
2560 5376 2763 5430 iturum
2801 5394 2923 5433 cum
2960 5383 3230 5437 mandatis
3262 5390 3509 5455 accepis-

192 5483 315 5523 eos
365 5460 461 5515 vei
486 5461 693 5515 invitos
740 5463 791 5515 in
820 5465 1024 5528 sinum,
1073 5480 1231 5531 quem
1267 5465 1528 5531 diximus,
1585 5468 1822 5523 Atlriati-
1929 5477 2031 5528 set,
2094 5468 2424 5531 intercessit,
2464 5484 2525 5522 ac
2557 5479 2768 5524 tantum
2793 5474 3044 5537 obtinuit,
3081 5486 3137 5529 ut
3169 5478 3509 5545 ablegandus

190 5576 353 5621 cum
397 5554 610 5624 reiecit.
645 5554 769 5610 Erat
798 5556 846 5609 id
873 5558 1133 5625 temporis
1157 5573 1288 5611 cura
1318 5559 1491 5622 sinus,
1520 5576 1642 5613 cum
1669 5572 1821 5616 certo
1928 5558 2056 5611 chi
2081 5560 2183 5613 tias
2224 5559 2458 5616 Zausius
2505 5563 2978 5634 ConstantinOpoli
3054 5581 3319 5622 maneret.
3357 5570 3507 5623 Missi

186 5652 555 5712 triremium
588 5666 836 5711 numero,
881 5661 1074 5704 contra
1106 5653 1326 5719 quosvis
1355 5652 1559 5720 piratas
1590 5670 1642 5708 et
1674 5657 1813 5711 alios
1929 5664 2131 5715 tamen,
2153 5658 2244 5723 qui
2268 5656 2494 5711 Muralis
2514 5660 2839 5713 sententiam
2867 5657 3085 5713 Venetis
3107 5661 3503 5727 signiﬁcarent.

184 5745 425 5804 tuendi
454 5744 617 5810 (quod
659 5742 893 5796 oliicium
948 5745 1043 5811 qui
1074 5744 1233 5810 gerit,
1269 5746 1522 5810 provisor
1552 5748 1703 5801 sinus
1726 5765 1817 5818 ap-
1931 5744 2155 5800 Volebat
2184 5749 2229 5801 is
2253 5762 2444 5815 punias
2474 5749 2527 5801 in
2572 5751 2703 5804 tanti
2735 5752 2996 5807 facinoris
3027 5764 3285 5809 auctores
3312 5756 3505 5820 statui,

182 5836 496 5911 pellatur)
532 5832 908 5887 commendata
938 5830 1100 5887 i'etro
1134 5831 1291 5897 Emo,
1327 5831 1557 5900 patricio
1586 5834 1813 5903 Veneto,
1931 5842 2249 5911 ablatusque
2290 5858 2374 5897 res
2411 5860 2528 5897 eum
2561 5847 2832 5915 personis,
2896 5858 3004 5899 tam
3075 5849 3281 5913 liberis,
3340 5864 3504 5918 quam
