4198 6426
755 371 855 436 711

1958 357 2284 418 JOANNIS
2339 357 2814 418 LEUNCLM’H

3905 353 4014 418 ’ἕῐῖ

758 491 952 556 liquias
988 489 1201 542 illorum
1257 483 1674 540 occidentalium
1698 481 2154 540 Christianorum,
2198 491 2332 546 quos
2367 485 2402 539 Α
2438 473 2741 539 proximum
2775 470 2828 528 in
2861 483 3114 542 stagnum
3166 472 3416 526 demisit:
3455 473 3547 529 tibi
3599 482 3757 552 noctu
3816 483 4013 538 sinapi-

755 578 1329 649 tmpcratorisllcnriei
1351 576 1412 628 IV
1433 588 1691 644 tempore,
1713 576 1815 627 sub
1848 571 2222 626 atitnthhris
2250 570 2329 621 ia-

754 690 881 725 nttm
950 673 1102 734 1099,
1143 673 1248 724 dus
1303 668 1666 722 Bullionensis
1693 667 1853 738 385
1901 664 2218 719 Gotel‘ridus
2275 664 2328 717 in

753 775 953 816 terram
986 771 1226 814 sanctam
1259 761 1497 820 duxerit,
1519 771 1820 826 ctquornu:
1873 773 2002 810 llSttS
2023 771 2182 823 opera
2213 762 2319 806 tam

755 855 1165 925 Hierosolymis,
1186 870 1346 922 qualn
1374 855 1578 920 reliqua
1598 851 1900 912 l‘almstina,
1924 851 2122 918 petitus
2147 848 2328 900 fuerit.

749 949 893 1000 Gens
933 957 1163 1015 utraque
1198 959 1304 998 tant
1354 956 1433 999 est
1469 959 1779 1009 numerosa,
1836 954 1946 998 tam
1999 941 2078 993 rei
2125 941 2329 991 bellica:

750 1043 962 1094 addicta
1011 1041 1228 1101 studiis,
1283 1049 1341 1092 ut
1376 1039 1657 1092 hominum
1703 1039 1812 1108 jam
1857 1037 1921 1089 ad
1964 1035 2138 1089 60000
2171 1034 2330 1086 facile

752 1133 958 1195 possint
992 1132 1043 1184 in
1077 1132 1287 1185 hostem
1320 1132 1577 1191 educere,
1609 1133 1700 1198 qui
1743 1131 1936 1198 majori
1968 1145 2030 1182 ex
2065 1139 2214 1198 parte
2244 1143 2334 1195 pe—

753 1225 1002 1278 ritissimi
1035 1225 1349 1292 sclopetarii
1379 1233 1526 1278 sunt.
1582 1223 1690 1280 Hos
1738 1224 1966 1292 populos
2023 1239 2163 1275 anno
2215 1221 2333 1275 Ma-

750 1321 1044 1369 hnntetano
1110 1315 1205 1368 98l
1265 1316 1414 1386 (Chr.
1475 1300 1635 1386 i571)
1688 1318 1938 1370 sullantts
1997 1314 2224 1367 Selimes
2281 1311 2323 1366 ll

748 1414 851 1466 sub
875 1409 1070 1484 jugum
1102 1410 1332 1472 mittere,
1361 1408 1454 1463 sed
1491 1408 1713 1471 frustra,
1739 1416 1970 1462 conatus
1998 1405 2192 1460 iuerat.
2230 1405 2329 1458 Ita-

749 1526 861 1574 que
895 1505 1086 1559 Turcis
1130 1517 1191 1555 es
1249 1501 1340 1554 illo
1393 1510 1637 1568 tempore
1676 1498 1914 1552 libertati
1969 1513 2033 1551 ac
2093 1495 2328 1548 fortunis

745 1614 932 1650 eorum
985 1591 1395 1653 insidiantibus,
1441 1604 1586 1643 nunc
1635 1591 1847 1641 tandem
1874 1587 2159 1640 undecimo
2208 1595 2328 1653 post

749 1701 890 1738 :ttttm
919 1685 1106 1737 domiti
1148 1681 1364 1735 fuerunt
1393 1680 1461 1731 ab
1509 1678 1777 1731 lbrahime
1829 1675 2010 1732 bassa.
2045 1674 2186 1728 Cairi
2243 1675 2323 1728 vel

747 1779 962 1848 Egypti
1000 1775 1361 1847 bcglcrbego:
1397 1773 1487 1840 qui
1521 1770 1587 1823 de
1612 1769 1799 1838 spoliis
1831 1768 2087 1820 thronum
2122 1767 2326 1835 regium

2435 574 2522 617 tus
2554 565 2747 631 ingens
2781 566 3144 634 pugnantium
3202 566 3342 618 inter
3390 579 3450 617 se
3482 565 3761 616 volucrum
3816 565 3868 615 in
3905 570 4012 616 tota

2435 657 2655 718 vicinia,
2712 673 2877 727 seque
2935 658 3138 710 mutuis
3193 655 3604 712 conﬁcientiutn
3671 655 4013 717 vulneribus,

2432 750 2650 805 auditus
2678 749 2796 803 fuit.
2832 748 3042 814 Egressi
3077 748 3344 814 postridie
3391 748 3607 814 milites,
3642 749 3813 812 cives,
3869 749 4014 816 agri-

2433 843 2587 903 colae,
2628 853 2832 895 tantam
2865 855 2917 895 ct
2955 851 3178 895 auatum
3238 850 3293 894 et
3338 855 3596 896 anserum
3655 843 3890 910 capiam.
3946 842 4008 892 ait

2440 936 2666 996 iunium,
2702 934 2766 987 ad
2803 949 2982 986 aerem
3019 931 3473 1009 exsiccandorum
3506 941 3928 1000 congesserunt,
3957 942 4011 983 tit

2434 1026 2521 1076 diu
2569 1031 2676 1076 tam
2727 1024 2907 1090 opima
2949 1023 3059 1076 sint
3110 1023 3402 1076 victitatnri
3465 1026 3752 1078 commode
3807 1025 4008 1091 pranla.

2432 1112 2565 1165 Nam
2596 1112 2687 1166 alii
2755 1113 2878 1175 100,
2937 1113 3028 1166 alii
3090 1113 3219 1175 200,
3271 1114 3456 1182 plures
3511 1113 3600 1166 alii
3661 1115 4012 1182 paucioresve

2434 1206 2771 1274 collegerunt
2797 1214 3058 1261 mactatas
3079 1208 3146 1260 ab
3172 1221 3231 1260 se
3280 1206 3514 1261 invicem
3543 1206 3819 1262 volucres.
3868 1207 4010 1260 '[au-

2433 1299 2552 1351 dein
2581 1311 2610 1349 e
2641 1305 2795 1364 prato
2816 1298 3050 1368 quodam
3101 1298 3500 1368 spatiosissimo
3535 1300 3766 1354 sublatis
3818 1315 4011 1369 super-

2433 1395 2589 1444 stites
2610 1390 2732 1450 alis.
2764 1391 3070 1448 avolarunt.

2505 1483 2620 1536 Sub
2654 1484 2812 1536 linem
2841 1484 2994 1545 anni,
3025 1483 3306 1538 Decembri
3365 1500 3571 1547 inense,
3626 1487 3903 1540 Crotit'n's
3955 1488 4007 1540 in

2435 1577 2632 1630 liuibus
2675 1578 2882 1644 aliquot
2925 1578 3089 1631 millia
3132 1577 3441 1633 Tureormn
3491 1595 3518 1632 a
3555 1581 3759 1633 nostris
3817 1597 4006 1633 nume-

2436 1681 2495 1717 ro
2529 1666 2682 1734 longe
2725 1667 3027 1736 imparibus
3059 1666 3208 1723 fuere
3257 1685 3419 1724 cassa.
3473 1671 3642 1724 Periit
3673 1672 3817 1724 inter
3872 1673 4008 1724 alios

2433 1757 2606 1811 bassa:
2635 1758 2932 1814 Bozucnsis
2986 1758 3186 1816 frater:
3237 1763 3393 1833 cujus
3445 1774 3606 1831 caput
3639 1780 3668 1816 a
3701 1763 4009 1817 cervicibus

745 1837 969 1924 ρχᾎξιζτο
1019 1837 1154 1938 ptiro
1185 1837 1315 1936 puto
1346 1837 1876 1930 constantinopolitn
1918 1859 2135 1914 misisse
2157 1859 2325 1914 sulta-
2361 1837 2398 1889 Π
2430 1855 2686 1913 recisum,
2719 1851 3053 1922 missumque
3079 1868 3203 1907 cum
3245 1855 3471 1924 captivis
3518 1855 3850 1924 quibusdam
3911 1853 4008 1907 fuit

747 1980 818 2016 no
848 1962 1038 2016 Murati
1069 1961 1291 2023 dicitur,
1314 1958 1638 2010 :cstimatum
1663 1954 1839 2008 sexies
1861 1952 2108 2006 centenis
2133 1965 2324 2005 aureo-

749 2074 865 2108 rum
913 2055 1169 2107 millibus.
1217 2049 1360 2104 Idem
1402 2048 1665 2110 sultanas,
1719 2046 1876 2114 cujus
1915 2043 2078 2098 ﬁliam
2115 2043 2320 2098 dudum

746 2150 936 2210 au.bit,
955 2155 1008 2200 et
1034 2146 1174 2199 haud
1193 2143 1356 2197 dubie
1380 2143 1644 2194 ducturus
1668 2147 1779 2192 tum
1807 2136 2149 2199 credebatur,
2167 2134 2321 2190 aliis-

746 2256 849 2306 q.ie
886 2221 1420 2292 saraifmulierculis
1448 2230 1664 2286 misisse
1700 2243 1927 2282 munera
1963 2229 2153 2293 lertur,
2184 2240 2323 2297 quo-

751 2349 866 2385 rum
886 2332 1113 2400 pretium
1137 2329 1370 2381 ducenta
1393 2323 1558 2377 millia
1584 2322 1981 2376 sultaniuorum
2001 2321 2318 2389 aequaverit.

819 2429 975 2477 Anno
999 2424 1101 2475 995
1129 2421 1280 2487 (Chr.
1312 2416 1494 2487 t580),
1522 2414 1704 2470 Persis
1719 2427 1900 2470 arcem
1921 2412 2319 2478 Tebrisianam,

748 2519 816 2570 ab
851 2518 1087 2570 Osmane
1134 2515 1291 2569 bassa
1327 2510 1599 2579 superiori
1655 2517 1846 2562 :rstate
1877 2507 2166 2569 munitam,
2221 2504 2320 2560 ob-

746 2608 1073 2670 sidentibus,
1133 2621 1262 2659 cum
1326 2601 1540 2658 obsessi
1599 2598 1992 2670 propemodum
2037 2598 2106 2652 ad
2135 2608 2319 2652 estre-

748 2715 890 2752 mam
971 2711 1151 2750 rerum
1210 2692 1454 2748 omnium
1515 2690 1795 2761 penuriam
1856 2687 2060 2742 redacti
2114 2697 2316 2753 essent,

745 2788 1007 2843 Ferliates
1040 2789 1222 2850 bassa,
1273 2785 1437 2838 veluti
1494 2782 1699 2850 peritus
1732 2780 2090 2845 architectus,
2141 2780 2318 2834 muni-

746 2879 946 2928 tionem
982 2889 1174 2928 novatn
1201 2887 1231 2927 e
1264 2872 1484 2938 regione
1513 2869 1747 2924 Tebrisii
1794 2879 2008 2925 struere
2058 2870 2314 2924 inStituit.

743 2967 1046 3037 titgaloglis
1101 2975 1281 3018 autem
1337 2963 1498 3017 bassa
1555 2961 1899 3024 Casminum,
1957 2977 2076 3030 quae
2129 2961 2318 3015 Persa-

743 3077 862 3113 rum
913 3061 1033 3125 (cctt
1081 3057 1341 3120 diximus)
1377 3055 1607 3107 interior
1651 3062 1734 3108 est
1787 3053 1956 3121 regia.
2016 3055 2311 3120 pctitttrntn

745 3170 802 3202 se.
837 3164 959 3201 cum
987 3147 1229 3199 exercitu
1256 3143 1496 3197 simulat.
1528 3142 1660 3194 lium
1712 3142 1813 3194 hoc
1836 3142 1957 3208 ejus
1983 3141 2083 3193 iter
2141 3141 2305 3208 impe~

743 3245 909 3294 ilituii
945 3239 1140 3300 Persae,
1186 3236 1440 3291 maximis
1472 3250 1595 3289 cum
1624 3234 1800 3303 copiis
1826 3232 2102 3299 advolant,
2145 3234 2316 3286 simu-

746 3337 951 3389 latione
983 3348 1174 3402 pugnae
1202 3345 1524 3385 succursum
1582 3325 1839 3390 obsessis,
1869 3341 2053 3394 eatque
2079 3341 2166 3378 res
2195 3340 2316 3378 om.

748 3443 842 3481 nes
891 3428 942 3478 in
998 3439 1202 3488 arcem,
1271 3438 1394 3475 cum
1425 3434 1568 3474 novo
1627 3419 2005 3486 supplemento
2058 3417 2315 3484 militum,

748 3523 974 3572 invectze
1002 3515 1244 3578 fuerunt,
1273 3529 1506 3584 quarutn
1533 3511 1713 3578 inepia
1742 3510 2110 3562 laborabatur.

821 3613 1018 3663 liodetn
1069 3623 1211 3661 anno
1261 3621 1492 3675 magnus
1554 3604 1642 3657 ille
1670 3602 1960 3656 Chitaiuus
2018 3601 2183 3664 chan,
2225 3600 2318 3669 qui

751 3701 851 3758 llin
908 3705 1049 3756 cban
1077 3711 1130 3754 et
1180 3699 1370 3753 Kezies
1423 3699 1583 3751 bassa
1643 3694 1863 3757 dicitur,
1921 3693 2320 3762 Persarumque

750 3797 998 3855 scacbus,
1018 3809 1175 3860 quem
1202 3789 1430 3843 Kiselem
1463 3791 1675 3841 bassam
1706 3796 1921 3848 vocant,
1976 3799 2175 3837 notum
2233 3784 2318 3836 in-

751 3900 830 3939 ter
865 3902 922 3938 se
949 3885 1128 3938 fmdus
1155 3882 1428 3954 pepigere,
1458 3896 1567 3949 quo
1609 3877 1814 3930 mutuis
1845 3891 1905 3930 se
1934 3874 2192 3930 subsidiis
2225 3874 2320 3927 ad-

737 3997 940 4032 versus
972 3978 1298 4031 Osmanidas
1333 3974 1568 4027 ferendis
1622 3971 1955 4039 obligarunt.
2011 3967 2142 4020 Nam
2176 3969 2318 4037 quod

749 4070 905 4124 Talai
926 4088 1005 4133 .ts,
1037 4081 1299 4138 opprcho
1330 4064 1517 4125 Persa,
1555 4064 1860 4132 proximum
1896 4075 1954 4113 se
1981 4059 2094 4113 fore
2128 4072 2319 4129 poten-

751 4166 838 4213 tiie
872 4159 1117 4213 Turcicre
1150 4147 1378 4220 videret,
1410 4156 1493 4208 cui
1529 4152 1822 4223 pfuriiuum
1861 4167 1921 4204 ex
1982 4150 2134 4203 ruina
2187 4151 2319 4204 tanti
2369 4164 2372 4168 '

752 4256 894 4322 regis
926 4254 1120 4305 virium
1152 4259 1299 4305 esset
1329 4262 1711 4307 accessurum,
1759 4261 1920 4313 quam
1965 4243 2079 4296 liet-i
2112 4253 2320 4297 matur—

747 4353 886 4403 Jime
957 4355 1163 4416 posset,
1258 4344 1471 4396 obviam
1553 4341 1786 4392 cundum
1851 4338 2117 4391 crescenti
2180 4337 2321 4390 malo

748 4439 1023 4492 consebat.
1108 4437 1295 4503 Itaque
1383 4433 1607 4500 majoris
1677 4433 1839 4483 etiam
1920 4429 2320 4499 conjutictionis

2429 1939 2691 1995 Viennam
2734 1944 2799 1996 ad
2853 1944 3263 1999 serenissimum
3294 1947 3526 2001 Austria'
3558 1947 3864 2017 principem
3919 1945 4010 1998 lii—

2426 2044 2660 2088 ncstum.
2720 2033 2817 2091 llic
2885 2039 3042 2093 bassa
3102 2038 3400 2094 Boznensis
3435 2079 3453 2105 ,
3512 2049 3566 2094 et
3624 2039 3794 2094 lrater
3862 2040 4001 2109 ejus,

2423 2139 2584 2194 quem
2611 2141 2812 2182 caesum
2848 2129 2951 2183 hoc
2975 2129 3228 2186 conﬂictu
3266 2131 3529 2196 diximus,
3565 2132 3676 2186 uati
3712 2133 4004 2202 perhiben-

2423 2228 2511 2272 tur
2534 2234 2597 2273 ex
2639 2218 2843 2274 familia
2873 2221 3226 2281 Mechemetis
3262 2227 3440 2280 bassae
3466 2225 3845 2289 vezirazemis,
3878 2242 3998 2280 cum

2420 2327 2531 2382 quo
2565 2323 2785 2382 nuptam
2813 2314 2984 2372 fuisse
3013 2317 3212 2372 sultani
3271 2318 3492 2376 Selimis
3523 2320 3565 2374 ll
3600 2319 3786 2378 tiliam.
3824 2318 3999 2375 Iura-

2428 2403 2497 2456 tis
2521 2419 2784 2470 sororem,
2813 2408 3064 2477 superius
3089 2410 3450 2466 ostendimus.

2491 2494 2650 2549 Anno
2704 2501 2952 2568 sequenti
3011 2501 3285 2570 proximo,
3338 2503 3602 2557 nimirum
3663 2503 4002 2558 Malmmeta-

2421 2601 2492 2642 no
2519 2587 2624 2643 994
2657 2589 2812 2659 (Chr.
2847 2591 3032 2664 1587),
3059 2608 3250 2649 mense
3276 2593 3598 2658 Februario,
3625 2598 3800 2651 nostri
3828 2597 3999 2665 Copa-

2419 2694 2574 2746 num,
2610 2695 2788 2736 arcem
2823 2699 2927 2736 non
2966 2685 3158 2754 procul
3191 2687 3350 2740 sitam
3391 2688 3511 2740 lacu
3563 2685 3848 2752 Balatone,
3886 2699 3994 2741 tum

2421 2775 2689 2842 temporis
2721 2776 3026 2843 congelato,
3054 2793 3162 2847 quo
3187 2787 3296 2832 tres
3322 2778 3622 2834 Turcorum
3653 2780 3772 2850 begi
3798 2796 4000 2834 cenve-

2424 2875 2640 2927 ncrant,
2667 2882 2733 2919 ex
2763 2867 3041 2937 inopinato
3066 2870 3267 2935 adorti,
3293 2881 3578 2940 ceperunt.
3603 2871 3773 2926 Erant
3800 2874 3854 2927 in
3876 2888 3997 2927 arce

2426 2971 2550 3008 cum
2593 2958 2761 3010 nostri
2799 2973 2918 3011 eam
2968 2958 3302 3024 invaderent,
3337 2961 3486 3015 mille
3539 2960 3850 3017 Turcorum
3883 2963 3998 3032 plus

2420 3047 2666 3100 minusve
2696 3049 2896 3118 capita.
2925 3050 2999 3103 Ex
3032 3050 3117 3105 his
3139 3064 3332 3120 prieter
3355 3054 3488 3108 alios
3511 3055 3720 3108 vilioris
3742 3053 3993 3116 fortunat,

2419 3139 2522 3195 190
2579 3141 2905 3208 nobiliores,
2967 3159 3091 3197 cum
3143 3146 3212 3197 70
3272 3145 3509 3208 fetutinis,
3564 3149 3615 3200 in
3674 3157 3995 3216 potestatem

2422 3241 2735 3287 nostrorum
2786 3243 3086 3290 venerunt:
3150 3235 3378 3304 reliquis
3429 3246 3524 3290 aut
3584 3236 3709 3306 fuga
3749 3237 3996 3307 dilapsis,

2420 3334 2513 3379 aut
2546 3327 2651 3379 sub
2682 3337 2823 3380 terra
2849 3337 3021 3380 semet
3050 3326 3192 3381 intra
3227 3342 3424 3397 specus
3482 3329 3833 3385 abdcntibus.
3862 3332 3995 3399 Equi

2419 3423 2793 3487 generosiores
2847 3419 3064 3474 adducti
3131 3429 3380 3485 centum,
3480 3424 3657 3490 praeda
3718 3423 3787 3478 40
3835 3441 3995 3476 lttlttt-

2420 3526 2568 3564 tuum
2643 3526 2933 3566 aureorum
3008 3513 3256 3568 millibus
3339 3516 3629 3571 aestimata.
3690 3515 3763 3570 De
3823 3519 3996 3571 tribus

2419 3602 2590 3672 begis,
2666 3619 2806 3673 quos
2871 3606 2924 3660 id
2979 3606 3239 3674 temporis
3300 3607 3411 3660 illic
3487 3607 3658 3664 luisse
3729 3609 3992 3674 diximus,

2420 3699 2712 3766 saugiaeus
2788 3697 3148 3770 Copanensis,
3225 3700 3363 3755 Cara
3438 3703 3555 3756 sive
3634 3702 3802 3771 Νἱδρι-
3882 3705 3996 3756 Alis

2421 3801 2610 3852 captus
2665 3789 2788 3851 iuit,
2840 3801 2894 3845 et
2958 3790 3215 3846 Viennam
3298 3797 3467 3864 prius,
3558 3796 3684 3848 hnle
3765 3795 3993 3861 Pragam

2421 3881 2488 3933 ad
2517 3879 2860 3951 Rudolphum
2909 3883 3214 3952 Augustum
3273 3888 3513 3942 missus:
3566 3887 3704 3942 alter
3759 3889 3995 3941 sullora-

2423 3984 2511 4029 tus
2541 3979 2740 4031 inloco
2768 3967 3123 4034 subterraneo
3168 3991 3574 4038 concanierato.
3641 3997 3753 4051 quo
3792 3998 3851 4036 se
3900 3984 3995 4036 de-

2423 4067 2694 4132 fendebat,
2739 4070 2862 4140 igne
2919 4072 2967 4124 Vi
3031 4074 3369 4128 tormentarii
3431 4061 3668 4143 pulveris
3723 4091 3993 4142 accenso;

2426 4163 2618 4214 tertius
2675 4161 2816 4232 fuga:
2873 4172 2987 4218 tttm
3052 4165 3314 4219 beneficio
3361 4176 3646 4223 servatus:
3711 4166 3804 4236 qui
3872 4186 3992 4222 cum

2423 4251 2680 4322 deinceps
2707 4256 2954 4322 Augusto
2981 4268 3187 4320 mense,
3231 4258 3692 4326 quemadmodum
3723 4274 3848 4312 mos
3911 4262 3996 4315 iu-

2424 4341 2653 4394 dicaturi
2686 4358 2895 4406 sumus,
2919 4359 3041 4397 cum
3068 4343 3193 4397 aliis
3253 4345 3387 4399 lines
3407 4356 3657 4419 ‘nostros
3717 4349 3997 4416 ingressus

2423 4442 2586 4497 (εδει-1,
2646 4448 2808 4502 quam
2869 4435 2969 4488 hoc
3025 4437 3075 4487 iu
3143 4436 3262 4489 luco
3309 4437 3676 4503 captivitatem
3741 4442 3994 4508 lngiendo

748 4548 908 4587 causa
986 4539 1323 4584 contractum
1394 4525 1486 4577 luit
1559 4524 1694 4576 inter
1772 4522 1972 4575 itih‘t'os
2045 4523 2325 4587 altiusque
2360 4525 2743 4600 Ddecliiiarat,
2773 4527 2895 4580 istic
2928 4529 2979 4580 in
3015 4538 3332 4596 potestatem
3384 4529 3531 4583 l'atali
3581 4536 3820 4598 quoiam
3869 4550 3994 4587 casa

749 4621 1176 4682 matrimonium,
1240 4616 1422 4669 'l'atari
1482 4616 1670 4681 (battis
1755 4612 1884 4674 lilia,
1951 4613 2132 4667 scut-hi
2190 4611 2317 4664 Per-

747 4714 844 4765 sici
931 4713 1038 4764 lilio
1125 4709 1316 4776 titilptui
1407 4707 1553 4759 data.
1633 4706 1803 4756 Simul
1903 4705 2063 4754 etin."
2149 4703 2318 4769 stipu-

752 4809 891 4858 latus
959 4813 1042 4856 cst
1107 4801 1360 4864 'l'atarus,
1422 4799 1488 4852 ad
1553 4814 1708 4850 usutu
1771 4795 1964 4856 l’ersae,
2038 4795 2316 4875 hominum

749 4916 807 4950 se
837 4896 1009 4950 20000
1047 4896 1263 4965 proprio
1316 4907 1424 4945 aere
1486 4903 1592 4943 tam
1657 4890 1747 4941 diu
1779 4901 1967 4941 contra
2002 4886 2212 4940 'l‘urcos
2267 4891 2318 4939 in

748 4995 917 5040 armis
965 4987 1300 5046 habiturum,
1347 4985 1520 5036 donec
1545 4983 1683 5034 bello
1716 4977 1836 5031 linis
1883 4995 1945 5031 es
1982 4977 2319 5030 voto-Peisi-

750 5098 795 5132 t‘t
825 5081 964 5146 regis
997 5077 1281 5144 impositus
1313 5087 1475 5127 esset.

819 5172 984 5226 Juuio
1012 5185 1198 5223 mense
1225 5168 1387 5235 hujus
1435 5165 1583 5228 anui,
1620 5174 1736 5218 orta
1788 5164 2034 5233 quzedam
2089 5164 2321 5216 obscura

749 5262 1216 5330 Constantitmpoli
1269 5260 1463 5314 nebula
1523 5257 1658 5311 fuit:
1696 5273 1803 5325 qua
1834 5256 2119 5309 desinente
2180 5258 2324 5308 locu-

752 5361 851 5412 stis
888 5357 1040 5425 pluit,
1075 5371 1194 5423 qua:
1227 5354 1434 5405 fructus
1487 5367 1678 5404 omnes
1709 5359 1761 5403 et
1795 5350 2051 5401 arborum
2104 5351 2326 5400 absum-

751 5466 906 5519 pstre
939 5448 1082 5498 lolia.
1115 5444 1391 5496 Diversum
1430 5443 1556 5510 quid
1590 5442 1732 5509 apud
1793 5455 1892 5492 nos
1950 5440 2144 5491 accidit
2180 5454 2326 5490 anno

749 5540 994 5608 sequenti
1028 5539 1183 5596 1587,
1219 5535 1493 5588 Decembri
1551 5547 1753 5595 mense,
1789 5547 1910 5584 cunt
1943 5531 2221 5583 Ci'oatittis
2272 5532 2325 5582 in

752 5632 972 5691 limbus,
1010 5631 1074 5682 ad
1114 5627 1452 5689 Wthitzium,
1505 5625 1684 5678 Karuli
1740 5624 2046 5677 archiducis
2093 5625 2328 5677 Austritc

750 5733 1015 5782 rastrum,
1058 5719 1214 5788 quasi
1276 5717 1448 5770 nubes
1485 5717 1730 5785 qua'dam
1794 5728 2014 5769 anatum
2070 5727 2121 5768 et
2169 5732 2330 5768 anse-

755 5832 897 5877 rum,
955 5814 1156 5880 aliquot
1213 5825 1343 5864 sane
1394 5809 1738 5879 niyi-itdunt,
1802 5809 2094 5867 advolavit.
2162 5825 2326 5878 seque

2426 4621 2696 4684 redactus,
2727 4618 2963 4688 eﬂugere
2987 4637 3094 4673 non
3129 4623 3320 4690 potuit.

2498 4714 2654 4763 Anno
2680 4711 2893 4775 eodem,
2936 4716 3141 4766 mensis
3165 4715 3396 4782 Augusti
3427 4715 3515 4769 die
3573 4726 3770 4772 octavo
3808 4718 3996 4786 (fastos

2426 4812 2632 4856 \‘rteres
2681 4802 2885 4872 Ungati
2951 4806 3230 4872 retinent),
3285 4817 3519 4872 quatuor
3573 4808 3692 4872 begi
3756 4797 3996 4873 Turn-iri,

2428 4895 2782 4952 Sasuaiensis
2823 4894 3261 4964 siveligetanus
3310 4897 3811 4965 bassa,sangiacus
3877 4901 3970 4953 l'et

2425 4989 2677 5040 schevius
2733 4990 2847 5040 sive
2903 4986 3498 5055 Quinquect-lesiensis,
3565 4999 3619 5041 et
3686 5007 3866 5042 novus
3913 4992 3992 5042 ilic

2426 5082 2624 5147 Utptit'i
2664 5083 2782 5132 loco
2809 5079 3072 5131 sull'ccms
3101 5079 3463 5145 Copancnsis,
3493 5081 3739 5146 quinque
3770 5097 3994 5132 suorum

2427 5170 2667 5222 millibus
2697 5170 2941 5223 collectis
2981 5169 3123 5222 intra
3153 5172 3290 5222 lines
3352 5179 3590 5230 nostros,
3626 5185 3816 5222 versus
3838 5169 3994 5223 Nem-

2427 5261 2618 5330 ptbim,
2669 5261 3008 5328 irruperunt:
3069 5274 3123 5314 et
3172 5261 3322 5330 pagis
3378 5262 3583 5329 aliquot
3622 5261 3701 5314 cis
3752 5271 3807 5314 et
3858 5264 3993 5314 ultra

2428 5351 2767 5420 Limpacitm,
2818 5353 2982 5422 386
3043 5369 3148 5406 una
3212 5370 3336 5405 cum
3389 5353 3666 5422 Oppidulis
3720 5352 3991 5422 (Germani

2432 5455 2684 5506 inarctas,
2713 5450 2955 5510 emporia
2989 5444 3164 5498 (ἔτιοί
3197 5446 3434 5515 vocant),
3480 5445 3738 5510 Moracio,
3789 5447 3991 5498 Dobre-

2432 5538 2581 5589 nacis
2626 5538 2912 5600 ainbobus,
2972 5535 3293 5603 Resncccio,
3348 5539 3622 5602 Tainoco,
3681 5547 3886 5604 septem
3934 5551 3993 5588 ac

2432 5630 2614 5683 deCcm
2649 5633 2701 5682 in
2726 5646 2936 5684 summa
2957 5633 3131 5699 pagis,
3153 5634 3430 5700 repentium
3460 5631 3816 5698 impressione
3833 5630 3992 5683 obru-

2433 5724 2521 5782 tis,
2553 5739 2613 5774 ac
2640 5723 2854 5774 miseris
2883 5725 3166 5793 utriusque
3199 5739 3362 5778 sexus
3392 5725 3586 5778 incolis
3642 5725 3836 5791 captis,
3881 5738 3991 5774 ont-

2434 5815 2519 5869 nia
2571 5815 2876 5884 dchpnlati
2910 5817 3274 5885 diripuerunt.
3309 5816 3437 5885 Ejus
3490 5819 3566 5871 rei
3597 5813 3990 5888 iactusvcertior
