4198 6426
217 437 313 499 7l3

1321 428 1689 490 SUPPIEM.
1745 425 2017 485 ANNAL.
2059 423 2359 483 TL‘liClC.

3337 417 3439 485 714

217 552 439 605 illustris
465 551 929 621 prsesitliziriornm
966 550 1130 603 castri
1184 546 1441 600 Canisani
1511 546 1765 597 tribunus
1799 548 1835 600 Λ
1872 538 2021 592 multi
2054 538 2368 605 graviesime
2400 533 2683 594 vulnerati,
2749 537 2867 599 post
2913 530 3279 600 exspirarunt.
3322 530 3441 583 ειυ-

212 644 470 713 Gcorgius
498 660 681 696 eomes
746 643 1000 701 Zerinus,
1048 639 1262 693 comitis
1310 636 1537 698 Nicolai,
1568 635 1775 687 fortiter

211 739 268 789 a.l
294 735 535 800 Zigetum
563 736 779 794 mortui,
814 734 974 795 Illius,
1014 743 1208 799 quanta
1239 731 1516 783 celeritate
1541 729 1773 779 niaxitna

211 838 398 893 potest,
420 842 449 879 e
476 827 712 879 castellis
732 825 991 894 proximis
1016 825 1250 891 aliquam
1278 818 1506 874 militum
1532 834 1774 880 manum,

213 934 325 969 cuni
354 919 469 971 suis
506 917 733 970 subditis
781 932 847 968 ex
898 915 1071 968 insula
1108 912 1442 973 llurakeosa,
1470 926 1589 978 quae
1636 909 1777 961 inter

215 1009 417 1061 Mniam
441 1019 495 1062 et
534 1008 768 1061 Dravnm
817 1022 1004 1060 amnes
1042 1015 1125 1059 est
1166 1005 1268 1057 sita
1318 1003 1480 1072 cogit.
1514 1001 1774 1054 Praeterea

212 1114 462 1167 proceres
488 1099 590 1151 sibi
620 1098 846 1158 vicinos,
879 1096 1331 1166 vigilantissimos
1385 1089 1775 1147 Cisdannhiani

212 1190 401 1242 limitis
445 1191 720 1250 Custodes,
746 1189 999 1242 comitem
1047 1185 1395 1240 Francisrum
1428 1183 1776 1243 Nadasdiutn,

213 1277 579 1331 Baltliasarem
629 1276 971 1330 Bathianinm
1026 1276 1282 1330 baronem
1328 1272 1775 1341 Gussingensem,

213 1367 447 1431 itemque
468 1366 780 1434 perfectum
800 1365 1153 1434 Copreinitzte
1173 1362 1431 1417 Joannem
1451 1361 1776 1417 Globitziutn

216 1468 263 1510 et
284 1457 547 1511 Joannem
568 1457 899 1510 Fridericnm
926 1454 1586 1513 Trautmansdorlianum,
1611 1450 1776 1503 Bandi

222 1545 468 1611 equitum
504 1546 842 1613 pra-fectum,
878 1560 972 1614 per
1027 1558 1176 1609 suos,
1207 1554 1257 1596 et
1292 1558 1385 1610 per
1431 1540 1775 1611 cxplosarum

220 1638 596 1689 machinarum
628 1649 878 1703 tesseras,
908 1638 1118 1691 hostilis
1171 1635 1489 1703 irruptionis
1516 1633 1777 1687 certiores

218 1726 368 1789 facit,
402 1744 465 1780 ac
493 1744 617 1780 snas
649 1729 720 1779 uti
751 1728 935 1795 copias
967 1728 1084 1781 sine
1124 1742 1271 1779 mora
1304 1739 1487 1779 secum
1542 1722 1777 1791 conjun-

221 1825 371 1883 gant,
423 1817 684 1869 hortatur.
742 1815 819 1868 llli
868 1830 989 1868 mox
1051 1815 1164 1868 suis
1211 1815 1423 1876 exritis,
1483 1813 1547 1867 ad
1602 1814 1776 1867 locum

1880 630 1923 683 si
1953 640 2059 682 tam
2093 631 2139 679 in
2169 629 2283 695 ipso
2327 626 2517 694 ρτωιίυ
2548 638 2708 690 quam
2747 624 3020 688 deinceps,
3051 629 3106 674 et
3141 621 3192 674 in
3224 620 3439 687 paludi-

1883 724 1979 774 hus
2009 734 2070 771 ac
2146 719 2299 771 silvis
2334 716 2636 775 .eastincti,
2698 714 2864 766 multo
2894 714 3092 781 plures,
3145 720 3199 764 et
3236 712 3302 765 ad
3330 712 3438 765 duo

1880 810 1987 862 fere
2020 809 2203 860 millia.
2228 807 2415 876 Cap‘ta
2467 818 2728 859 cresorum
2785 802 2886 855 400
2920 817 3014 867 pro
3041 815 3189 854 more
3218 801 3437 853 militari

1879 917 2065 955 eorum
2109 900 2363 959 limitum,
2417 912 2540 952 cum
2580 896 2684 950 600
2716 894 2870 955 vivis,
2896 892 3439 945 Cauisamduntaxat

1881 993 2066 1045 relata.
2088 991 2245 1044 Potiti
2266 999 2520 1058 praterea
2544 987 2709 1042 nostri
2742 986 2876 1039 ll)th
2899 1001 2963 1039 ac
2985 984 3111 1046 500,
3142 985 3437 1051 etamplius

1881 1081 2179 1135 Turcorum
2196 1081 2369 1149 equis.
2385 1081 2545 1131 Erant
2566 1089 2869 1130 nostrorum
2890 1075 3268 1145 pediteslSOO,
3291 1077 3439 1141 equi-

1882 1186 1962 1226 tes
1981 1172 2104 1233 500,
2121 1188 2182 1224 ex
2204 1172 2403 1239 quibus
2423 1170 2709 1225 desiderati
2724 1170 2984 1222 duntaxat
3002 1168 3249 1222 undecim
3274 1185 3285 1219 :
3306 1185 3442 1220 non-

1884 1264 2038 1327 nulli,
2064 1267 2155 1319 sed
2181 1264 2334 1331 pauci
2352 1272 2553 1326 tamen,
2570 1264 2857 1317 vulnerati.
2882 1263 3196 1316 Pra‘dacmu
3216 1263 3383 1331 caplit
3401 1267 3444 1314 is

1880 1356 2207 1410 Christianis
2268 1365 2503 1424 recepta.
2543 1355 2653 1407 Non
2686 1355 2900 1409 desiere
2956 1355 3149 1419 nostrl,
3199 1355 3442 1422 juvanti-

1885 1448 1983 1499 bus
2007 1448 2168 1499 etiam
2198 1446 2470 1514 agricolis,
2517 1446 2580 1499 ad
2618 1446 2821 1513 aliquot
2856 1446 2971 1499 dies
3026 1444 3147 1513 fuga
3207 1444 3444 1513 dilapsos

1884 1538 2132 1607 indagine
2182 1537 2436 1605 quadam,
2498 1540 2636 1591 velut
2688 1541 2740 1590 in
2789 1538 3023 1591 ferarum
3074 1546 3268 1591 venatu
3330 1537 3441 1589 ﬁeri

1880 1631 2039 1688 solet.
2072 1630 2313 1699 cingere:
2372 1646 2603 1699 quorum
2651 1630 2865 1699 quidem
2928 1646 3034 1683 non
3075 1630 3305 1699 exiguus
3339 1646 3444 1682 itit-

1886 1735 2083 1785 inerus,
2110 1722 2188 1774 vel
2226 1722 2669 1790 iiin-stigantium
2713 1722 2890 1775 studio
2924 1734 3190 1789 repertus,
3227 1721 3308 1773 vel
3348 1736 3441 1773 sua

1885 1821 2093 1878 sponte,
2122 1813 2265 1879 quod
2328 1826 2540 1865 omnem
2602 1811 2866 1864 evadendi
2923 1827 3073 1880 spem
3116 1810 3218 1865 sil-i
3262 1812 3446 1877 praeci-

220 1908 558 1974 designatnm
594 1908 644 1963 in
668 1916 907 1975 tempore
925 1909 1232 1958 consulant.
1260 1906 1387 1959 lude
1403 1905 1525 1959 data
1556 1905 1780 1975 diligen-
1815 1890 1851 1939 θ
1883 1918 1996 1956 sam
2023 1905 2378 1971 conspiceret,
2408 1905 2539 1957 nihil
2578 1904 2889 1973 profuturas
2905 1903 3163 1958 deserens
3192 1904 3444 1967 latebras,

222 2006 308 2051 ter
335 2012 496 2065 opera
524 1994 825 2050 Turcorum
855 1997 929 2049 nti
960 1996 1190 2049 reditum
1226 1995 1609 2062 anticiparent,
1658 2010 1782 2049 eos-

219 2107 327 2161 que
358 2092 475 2144 loco
500 2092 731 2144 maxime
757 2089 973 2152 idoneo,
1000 2088 1281 2158 .quasdam
1334 2087 1472 2141 inter
1501 2088 1781 2157 angustias

224 2181 506 2250 paludum,
540 2197 659 2250 qua:
691 2181 1037 2235 transeunda:
1066 2180 1199 2249 ipsis
1234 2188 1409 2244 erant,
1442 2179 1781 2235 invaderent.

222 2270 477 2325 Feliciter
504 2273 701 2326 nostris
728 2272 830 2326 lioe
850 2271 1135 2325 consilium
1154 2272 1336 2325 cessit.
1365 2270 1633 2325 Reversus
1659 2283 1781 2324 cum

222 2364 426 2429 praeda,
462 2375 759 2433 magnoque
798 2365 1159 2433 captivorum,
1206 2362 1449 2433 cujusvis
1507 2362 1681 2416 relatis
1731 2373 1785 2416 et

221 2472 410 2520 sexus,
492 2456 917 2511 Christianorum
990 2470 1218 2510 numero
1264 2454 1576 2518 Barbaros,
1623 2470 1783 2524 supra

222 2549 654 2612 Catzcrolacum,
677 2549 744 2602 ad
765 2562 931 2601 unum
958 2563 986 2601 a
1012 2547 1207 2602 Canisa
1262 2546 1514 2609 milliare,
1553 2547 1784 2601 necdum

224 2640 504 2707 dissipatis
524 2641 748 2694 omnino
797 2639 1054 2703 tenebris,
1090 2637 1191 2693 sub
1245 2638 1477 2707 primum
1514 2637 1621 2692 diei
1671 2652 1790 2691 ere-

225 2732 514 2802 pnsculum
546 2730 770 2784 viriliter
800 2730 1141 2795 adoriuntur,
1202 2743 1419 2782 manum
1470 2738 1784 2791 conserunt,

227 2822 727 2885 animosecaeduut,
753 2823 899 2876 omni
943 2836 1218 2874 armorum
1243 2834 1438 2889 genere
1485 2820 1786 2883 vulnerant,

224 2914 551 2968 cedentibus
583 2914 807 2976 instant,
856 2912 1113 2966 adversus
1154 2920 1515 2977 mactantzeo
1559 2909 1790 2978 denique

224 3004 607 3075 trepidationis
634 3020 696 3057 ac
715 3004 1110 3073 desperationis
1167 3002 1411 3071 adigunt,
1440 3010 1497 3055 ut
1540 3002 1789 3056 acinaces

228 3098 437 3151 nostris
458 3111 587 3151 suos
616 3098 759 3151 ultro
794 3097 1151 3167 porrigerent,
1205 3096 1504 3163 objicerent
1532 3113 1546 3151 ;
1574 3095 1788 3149 itidem-

1884 1996 1934 2046 in
1961 2004 2277 2061 potestatem
2302 1996 2464 2048 venit.

1955 2087 2010 2140 Et
2049 2090 2333 2152 hactenus,
2375 2088 2427 2141 in
2477 2089 2580 2143 hoc
2611 2088 2831 2158 quidem
2893 2098 3153 2156 tempore,
3186 2086 3450 2140 Turcicos

1887 2180 2141 2241 Annales,
2174 2180 2383 2249 adjecta
2421 2196 2601 2236 rerum
2635 2182 2703 2235 57
2729 2182 3121 2251 propemodum
3179 2180 3335 2233 annis
3360 2194 3447 2247 ge-

1887 2284 2092 2326 starum
2126 2273 2483 2342 expositione,
2540 2277 2862 2328 continuare
2892 2275 3185 2329 voluimus.
3241 2273 3313 2326 De
3340 2288 3447 2341 quo

1887 2380 2018 2419 Sane
2048 2364 2231 2419 labore
2267 2375 2471 2428 nostro,
2507 2365 2834 2420 cuicuimodi
2870 2365 2959 2430 sit,
2990 2364 3251 2432 judicium
3280 2364 3449 2419 lecto-

1887 2457 1962 2511 ris
1994 2457 2238 2516 humani.
2270 2458 2510 2522 candidi,
2537 2467 2591 2511 et
2620 2458 2968 2528 iutelligentis
3030 2458 3251 2511 minime
3285 2457 3453 2510 refor—

1888 2551 2179 2604 midamus.
2214 2551 2447 2605 C:rleros
2474 2551 2553 2603 vel
2604 2550 2967 2619 improbitatis
2999 2558 3053 2605 et
3082 2550 3320 2615 malitiae,
3372 2551 3453 2603 vel

1888 2638 2242 2711 ignorationis
2269 2642 2452 2696 morbo
2481 2644 2844 2706 mentientes,

2167 2733 2413 2803 Μακρανὶ
2443 2736 2595 2787 unius
2624 2735 2947 2788 a'slimnmls
2975 2751 3171 2789 omnes.

1970 2824 2186 2879 Veritati
2248 2826 2469 2892 quidem
2536 2834 2682 2879 certe
2737 2827 3071 2891 studuimus,
3123 2842 3253 2897 qua,
3315 2828 3459 2880 velut

1892 2916 2069 2969 anima
2094 2930 2211 2977 sua,
2242 2915 2285 2968 si
2317 2925 2499 2968 careat
2526 2916 2774 2980 historia,
2805 2925 2927 2970 mo:
2964 2916 3017 2969 in
3051 2915 3230 2970 luinos
3278 2918 3455 2982 abeat,

1893 3022 2112 3061 necesse
2142 3016 2242 3061 est.
2280 3005 2467 3061 Testes
2490 3008 2730 3071 idoneos,
2763 3018 2817 3063 et
2840 3014 3093 3062 auctores
3140 3009 3240 3063 title
3269 3009 3461 3077 dignos

1895 3101 2090 3161 habeo,
2124 3114 2246 3152 cum
2289 3098 2638 3168 magniﬁcum
2695 3109 2747 3153 et
2800 3099 3196 3167 amplissimum
3255 3101 3451 3163 virum,

226 3205 340 3260 que
365 3190 574 3243 ceteris
604 3191 771 3244 armis
824 3188 1105 3258 depositis,
1134 3188 1222 3242 alii
1276 3187 1440 3241 vitam
1491 3196 1543 3241 et
1589 3186 1792 3240 incolu-
1815 3213 1861 3275 ο
1895 3190 2346 3245 Bartliolomzum
2378 3188 2702 3255 Pezzenum,
2728 3188 2987 3245 (ἔειπε-ξω
3007 3189 3304 3257 Maiestatis
3332 3207 3462 3244 con-

230 3286 475 3339 mitatem
506 3295 640 3335 voce
665 3290 928 3351 gestuque
964 3280 1298 3335 lamentabili
1350 3280 1791 3349 deprecarentur,

229 3375 323 3429 alii
406 3382 732 3444 quacunque
777 3375 860 3429 via
910 3383 1155 3443 possent,
1197 3372 1249 3425 in
1298 3372 1462 3426 silvas
1507 3385 1570 3425 ac
1626 3370 1794 3425 Ball'lS

232 3462 582 3532 aulugerent,
615 3461 858 3532 ipsisque
919 3476 977 3517 se
1036 3456 1325 3530 paludibus
1380 3463 1794 3529 immergerent:

234 3554 328 3606 ubi
352 3565 477 3607 cum
509 3553 836 3617 moribundi,
870 3552 1013 3621 quod
1059 3552 1262 3607 viribus
1312 3553 1620 3615 exhaustis,
1663 3552 1798 3606 ulte-

232 3646 351 3701 rius
373 3659 598 3715 pergere
628 3659 734 3697 non
754 3656 999 3713 possent,
1031 3659 1187 3711 opem
1217 3642 1392 3697 hostis
1415 3643 1793 3712 implorarent,

231 3750 265 3790 a
312 3738 515 3789 nostris
572 3736 916 3789 miseratione
969 3744 1130 3787 tantie
1172 3733 1498 3787 calamitatis
1558 3732 1797 3801 ipsorum

234 3829 556 3881 continetis.
609 3825 790 3893 plures
846 3823 1014 3893 erepti
1080 3822 1386 3892 servatique
1434 3822 1675 3876 fuerunt.
1743 3820 1797 3875 ln

236 3918 495 3974 conﬂictu
532 3917 863 3974 Maehmutes
888 3918 1184 3985 Sangiacus
1211 3916 1800 3988 Quinquceclesiensis,

236 4010 387 4065 ﬁlius
442 4010 555 4063 Alis
586 4011 776 4074 bass-e,
829 4010 1013 4078 praelio
1059 4010 1231 4062 navali
1259 4009 1324 4063 ad
1358 4008 1682 4064 Cuzzolaros
1714 4023 1803 4061 oe-

240 4102 369 4165 cisl,
394 4100 462 4155 de
490 4116 600 4167 quo
623 4116 784 4169 supra
814 4100 1039 4163 dictum,
1069 4099 1270 4168 quique
1316 4100 1561 4168 captivus
1597 4115 1624 4153 a
1660 4115 1803 4153 mor-

241 4205 294 4246 te
325 4193 497 4261 patris
524 4192 747 4244 Romam
802 4192 1092 4259 perductus
1143 4192 1336 4257 fuerat,
1397 4200 1706 4246 nostrorum
1747 4192 1801 4244 in

238 4294 561 4352 potestatem
596 4284 756 4337 venit.
789 4282 1165 4346 )loliaziensis,
1204 4281 1370 4335 Sinan
1415 4283 1599 4351 begus,
1622 4282 1805 4351 palus-

241 4380 346 4430 tris
383 4377 486 4429 loci
521 4375 888 4444 trausjieicndi
920 4391 1035 4445 spe,
1065 4377 1259 4428 adacto
1287 4375 1588 4428 calcaribus
1644 4390 1802 4442 equo,

236 4470 374 4521 dum
392 4468 600 4521 deﬁxus
636 4468 858 4540 haereret
886 4466 939 4519 in
984 4466 1185 4534 uligine
1207 4506 1222 4529 ,
1273 4467 1496 4534 sclopeti
1530 4482 1623 4534 per
1654 4464 1807 4519 frun-

1898 3283 2165 3336 siliariuzn
2203 3320 2218 3345 ,
2253 3298 2421 3352 nuper
2445 3282 2519 3338 ad
2564 3281 2780 3336 Portam
2837 3281 3183 3337 Osmanicam
3233 3284 3458 3338 missum

1899 3390 2022 3427 cum
2055 3374 2312 3428 ordinarii
2343 3374 2502 3445 legati
2536 3388 2800 3428 munere:
2828 3382 2940 3427 tum
2985 3374 3146 3428 etiam
3193 3375 3337 3429 viros
3368 3391 3463 3428 nn-

1903 3466 2036 3533 liiles
2065 3475 2117 3519 et
2139 3462 2675 3534 .egregios.-Paulum
2714 3463 2938 3527 Rosam,
2976 3463 3278 3536 Ungarum,
3310 3469 3469 3521 beate

1904 3572 2011 3609 non
2072 3558 2141 3609 ita
2172 3555 2374 3610 dudum
2433 3555 2902 3623 Constantinopoli
2956 3566 3253 3619 mortuum,
3313 3558 3468 3613 Nico.

1904 3648 2047 3700 laum
2073 3645 2407 3701 llaunoldum
2442 3646 2939 3711 Vratislaviensem,
2967 3646 3333 3720 Hieronynum
3371 3652 3471 3703 Ar-

1904 3749 2159 3794 conatum
2192 3738 2615 3792 Leontorinum:
2673 3739 2764 3808 qui
2799 3738 3291 3811 Constantinopoli,
3344 3756 3467 3795 cum

1905 3830 2029 3884 istic
2086 3831 2199 3899 ipse
2262 3830 2655 3899 peregrinarer,
2708 3830 2761 3883 in
2823 3832 3201 3901 augustalibus
3254 3833 3471 3887 scriniis

1904 3905 2291 3977 secretioribus
2374 3920 2702 3974 militabant.
2778 3920 2980 3975 llorum
3070 3923 3473 3976 consuetudine

1905 4013 2242 4083 quotitiana,
2296 4013 2557 4080 planeque
2600 4013 2833 4078 sincera,
2880 4012 2970 4081 qui
3029 4015 3269 4067 virorum
3331 4026 3474 4082 opt-

1909 4119 2119 4157 morum
2154 4104 2358 4158 candor
2386 4110 2488 4164 est,
2520 4102 2687 4155 multa
2740 4117 2825 4155 me
2875 4105 3183 4172 percepisse
3235 4106 3298 4157 de
3336 4102 3474 4157 Tur-

1907 4196 2039 4251 cicis
2101 4196 2283 4258 rebus,
2344 4196 2576 4263 ingenue
2643 4195 2833 4248 fateor.
2897 4194 3005 4249 Nec
3066 4197 3473 4260 praetereundus

1907 4288 2122 4342 silentio
2154 4285 2405 4338 Mattliias
2454 4285 2765 4346 Pharensis,
2798 4281 3324 4351 BudolphiCasaris
3379 4301 3472 4337 llu-

1911 4380 2005 4432 Slt‘l
2042 4379 2107 4431 ad
2147 4374 2731 4432 PortamOsmanicam
2772 4374 3144 4442 Dt'agnmanus
3176 4374 3256 4426 vel
3310 4373 3474 4427 inter-

1910 4483 2066 4537 pres;
2098 4484 2160 4522 ex
2195 4470 2352 4539 cujus
2388 4469 2697 4520 narratione
2729 4466 2985 4533 pleraque
3045 4465 3110 4516 de
3145 4465 3245 4515 hoc
3276 4465 3473 4516 deet-n-

234 4570 348 4614 tein
386 4560 615 4611 mediam
672 4560 870 4627 petitus
930 4560 1058 4620 ietu,
1115 4560 1392 4612 occubuit.
1452 4556 1803 4613 Sasnarensis
1839 4555 1880 4609 D
1910 4562 2014 4614 nali
2040 4561 2298 4614 adversus
2328 4559 2697 4618 fortissimam,
2752 4571 2986 4623 \ereque
3035 4556 3307 4609 \ictricem
3352 4558 3475 4608 liac-

235 4656 430 4713 baasa,
454 4667 562 4719 quo
587 4653 798 4704 nomine
834 4652 1125 4720 dignitatis
1152 4652 1465 4706 illustrioris
1518 4651 1801 4719 Zigctanns

232 4742 503 4811 appellari
540 4757 596 4794 se
638 4741 771 4803 vult,
825 4755 934 4794 una
962 4757 1083 4795 eum
1142 4744 1275 4809 bcgo
1306 4742 1606 4809 (Iopanensi
1661 4742 1803 4793 Cha-

231 4850 398 4898 sane,
426 4833 546 4901 luga
579 4848 635 4887 se
656 4833 964 4888 subduxite
1010 4833 1215 4900 praslio,
1242 4849 1364 4886 cum
1400 4847 1485 4886 res
1518 4848 1645 4886 suas
1691 4833 1802 4901 jam

232 4926 560 4990 desperatas
590 4933 853 4978 cerneret.
875 4923 1209 4989 Copam-usis
1236 4924 1403 4990 prima
1428 4935 1545 4990 post
1574 4938 1803 4991 pugnam

238 5029 427 5079 nocte,
452 5016 684 5084 quodam
742 5018 791 5067 in
838 5015 973 5067 saltu
1020 5013 1302 5077 oberrans,
1332 5029 1453 5067 cum
1506 5014 1625 5067 a'iis
1680 5030 1807 5081 cap-

237 5124 333 5167 tus
362 5110 481 5166 fuit.
518 5108 805 5175 Zigetanus
858 5108 1086 5174 septimo
1118 5109 1330 5161 tandem
1360 5108 1445 5160 die
1475 5106 1636 5175 pedes
1685 5106 1809 5159 Bre-

233 5216 489 5261 sentam,
521 5200 657 5252 l'aine
679 5212 838 5268 atque
867 5201 1031 5253 animi
1077 5199 1258 5253 dolore
1288 5199 1587 5262 confectus,
1614 5200 1805 5252 evasit.

236 5294 402 5360 Capti
431 5309 493 5345 es
534 5294 776 5347 hostibus
834 5292 944 5345 fere
994 5292 1154 5356 1500,
1190 5292 1267 5369 de.
1310 5307 1538 5360 quorum
1583 5307 1808 5345 numero

464 5926 733 5983 Parant.
768 5921 883 5983 Gtt.
944 5926 1119 5987 CUX

1909 4664 2071 4707 tenus
2101 4661 2312 4722 gentem
2343 4649 2616 4705 Persicam
2648 4649 2785 4702 bello
2838 4650 3003 4718 gestis
3028 4650 3183 4717 plene
3229 4653 3478 4718 ccgnovi-

1911 4760 2051 4801 mus.
2077 4744 2238 4814 387
2268 4741 2419 4807 Quod
2444 4744 2489 4796 si
2515 4745 2685 4795 visum
2725 4742 2830 4793 Deo
2868 4740 3048 4803 fuerit,
3096 4742 3300 4794 diutius
3341 4743 3478 4795 hanc

1915 4840 2071 4892 nobis
2107 4850 2399 4906 prorOgare
2454 4836 2651 4895 vitam,
2705 4835 2953 4887 dabimus
3019 4833 3319 4887 absolutam
3377 4836 3476 4886 ali—

1915 4929 2135 4997 quando
2168 4928 2446 4980 historiam
2499 4924 3176 4992 ConstrntinopOILtauam,
3233 4941 3337 4991 qua
3396 4940 3480 4976 res

1920 5022 2042 5073 itule
2070 5034 2240 5087 usque
2265 5020 2331 5071 ab
2366 5019 2494 5071 urbe
2544 5017 2785 5081 condita,
2817 5027 2922 5068 tam
2957 5033 2982 5067 a
3018 5015 3298 5075 Romanis,
3337 5016 3481 5069 Gri.-

1919 5109 2290 5175 cis,Flandris
2318 5110 2754 5178 imperatoribus,
2811 5122 2970 5176 quam
3003 5122 3031 5159 a
3088 5107 3318 5159 sultauis
3371 5105 3484 5158 Mu-

1918 5202 2292 5253 sulntauornnt
2325 5209 2509 5268 gestae,
2560 5198 2702 5252 serie
2727 5210 2981 5268 perpetua
3011 5206 3273 5251 contente
3302 5200 3484 5265 legen-

1921 5303 2026 5345 ltil‘.
2272 5302 2278 5308 ’

3072 5916 3145 5974 23
