4198 6426
191 394 291 458 717

204 547 552 560 .m-

609 549 1468 560 .——_.—-——.———.———.———._._

779 569 788 577 _
812 568 844 577 ._
859 567 1133 577 _____.__
1144 566 1520 577 .——-——.—___—

1345 393 1685 454 PANDEL‘T
1700 398 1738 453 Ε
1776 398 1825 453 ll
1844 396 1976 454 lS'l‘.
2013 396 2314 455 TURCIC.

1474 547 1835 558 Μ

1523 565 1834 576 .__.‘_—..———

3331 391 3445 454 118

2432 544 2527 551 nu.-.
2546 544 2739 551 ._.....4.——-.
2777 544 2780 546 ν
2804 542 3440 553 ‹‹ι‹..-.--“-ν-.ο..-κ..-.ν*-ς--ο--.

2423 558 3133 570 ...ψ-..η--ς--ῂξ
3178 562 3213 569 ._
3245 559 3439 571 οι--ρ

2176 544 2427 553 -ηυο

1880 546 2164 556 ,υ-...ισ--έ-,

623 756 1531 936 JOANNIS
1684 746 3025 938 LEUNCLAVII

1552 1096 2148 1177 l’ANDECTES

853 1307 1844 1465 HISTORI/E
1922 1305 2788 1462 TURClC/E

1462 1577 1691 1636 LIBER
1760 1574 2233 1639 SINGULARIS

1315 1762 1397 1803 AD
1480 1756 1946 1803 ιιιυετιιΑΝοος
2013 1754 2295 1800 ΑΝΝΛιΕς
2309 1784 2323 1797 .

269 2079 436 2152 389
462 2078 535 2132 De
550 2077 853 2152 genealogia
880 2077 1238 2152 saltauerunt,
1262 2074 1697 2152 Osntonidarum,

343 2146 451 2204 t'u‘m
482 2146 641 2203 etiam
663 2188 677 2213 ,
708 2150 833 2218 quid
858 2150 1046 2207 acac/1.
1083 2148 1223 2216 gasi,
1260 2146 1441 2208 zelebi,
1473 2150 1628 2200 emir.

268 2260 409 2314 Ante
442 2258 627 2313 omnia
683 2256 872 2313 lectori
911 2257 1171 2311 duximus
1229 2256 1623 2325 depingendam
1685 2256 1773 2309 hic

183 2354 394 2408 seriem
430 2353 739 2421 principum
777 2349 1250 2416 Maelianensium,
1281 2365 1310 2402 a
1343 2351 1549 2418 quibus
1581 2350 1774 2403 Osma-

190 2448 357 2501 nidas
381 2454 555 2510 ortos,
586 2444 811 2500 annales
831 2445 887 2497 lti
919 2442 1137 2498 Turcici
1170 2441 1433 2496 tradunt:
1461 2456 1582 2495 cum
1614 2442 1774 2494 arbo-

191 2556 278 2604 re,
338 2554 499 2607 quam
560 2548 761 2592 vocant
817 2535 1177 2605 Genealogica
1237 2533 1601 2597 sultanorum,
1645 2534 1773 2588 inde

189 2647 374 2699 usque
406 2634 474 2684 ab
504 2627 741 2683 Osmane
798 2629 996 2698 primo,
1033 2628 1099 2682 ad
1159 2626 1419 2680 Muratem
1461 2626 1607 2680 hunc
1662 2636 1771 2679 ter-

190 2723 362 2793 tium,
389 2724 637 2790 :ejusque
673 2722 839 2774 tilium
880 2720 1300 2774 Muclicmetcm.
1364 2718 1422 2771 ln
1461 2719 1561 2772 hac
1592 2727 1769 2771 autent

190 2815 518 2884 genealogis
561 2814 764 2869 retinui
800 2815 1017 2867 nomina
1052 2813 1284 2866 barbara
1320 2811 1662 2878 simpliciter,
1694 2811 1771 2864 uti

190 2906 627 2974 pronuntiantur
662 2920 692 2958 a
728 2904 963 2958 Turcis:
995 2903 1197 2972 quibus
1239 2911 1417 2956 tamen
1453 2901 1503 2954 in
1535 2901 1775 2969 explica-

192 3001 349 3054 tione
396 3000 686 3053 Annalium
722 3014 841 3053 eam
895 2999 1027 3053 dare
1080 2998 1310 3051 formam
1367 2997 1547 3059 libuit,
1608 3010 1772 3064 quam

191 3092 406 3147 Graecis
443 3090 658 3159 probari
688 3090 865 3143 video.
896 3088 1083 3143 Obiter
1115 3088 1277 3141 etiam
1315 3086 1486 3140 lector
1525 3085 1774 3138 animad-

189 3192 401 3246 vertat,
433 3179 674 3253 Uguzem
724 3182 809 3235 vel
845 3179 1081 3251 Ognzem
1110 3180 1201 3233 bic
1246 3186 1446 3247 quarto
1470 3178 1590 3232 loco
1622 3176 1773 3241 noni,

190 3295 223 3332 a
260 3290 373 3346 quo
406 3275 662 3329 familiam
704 3275 843 3328 banc
866 3274 1126 3343 Oguziam
1162 3272 1329 3327 Turci
1364 3273 1565 3327 dictam
1597 3275 1773 3338 aiunt,

191 3385 367 3439 quam
400 3367 672 3422 Laonieus
718 3366 1206 3435 Cbalcocondyles,
1239 3365 1431 3421 Latine
1456 3364 1775 3434 Galliceque

1797 2092 1847 2153 Α
1877 2076 2189 2140 Persarum,
2226 2076 2445 2131 nomine
2476 2072 2891 2137 Cossorassatlt,
2927 2070 3025 2126 fuit
3051 2072 3257 2138 primus
3288 2085 3453 2126 ausus

1884 2165 2253 2221 Romanorum
2282 2166 2511 2234 imperio
2553 2165 2838 2227 rebellare,
2872 2178 2935 2217 ac
2960 2178 3018 2218 se
3047 2162 3175 2218 fecit.
3220 2163 3456 2232 impera-

1881 2267 2051 2313 torem
2073 2258 2216 2313 Asia:
2244 2258 2545 2312 nominari.‘
2570 2258 2781 2326 Quippe
2809 2271 2910 2309 vox
2947 2256 3039 2309 illa
3064 2250 3455 2311 Cossorassatlt

1883 2347 2136 2403 mutanda
2166 2365 2390 2419 prorsus
2424 2351 2472 2404 in
2501 2350 2776 2404 Chosroas
2803 2348 2969 2413 Saclt,
3005 2346 3149 2417 quod
3176 2347 3455 2402 Cliosroas

1882 2441 2167 2505 Scach,-id
2199 2452 2303 2507 est,
2345 2457 2435 2495 rex
2471 2440 2767 2504 Cltosroes,
2801 2439 3219 2494 enuntiandum.
3268 2439 3457 2492 Obiter

1880 2534 1985 2587 hoc
2010 2536 2251 2589 indicare
2274 2544 2557 2603 propterea
2582 2534 2761 2597 libuit,
2787 2532 2931 2602 quod
2962 2532 3195 2600 insignis
3226 2532 3456 2587 histori-

1880 2644 1980 2682 cus
2014 2628 2361 2692 lteineccius,
2388 2636 2583 2682 auctor
2600 2627 2859 2681 editionis
2880 2625 3115 2697 Aytlioni
3143 2634 3456 2693 postremar,

1880 2720 1947 2774 de
1969 2720 2401 2775 Chossorassath
2430 2722 2700 2789 putaverit
2724 2721 3079 2775 Artaxerxem
3100 2720 3414 2777 faciundum
3443 2740 3457 2776 :

1882 2813 1973 2881 qui
2009 2822 2191 2867 tamen
2236 2813 2400 2883 390
2439 2814 2684 2884 Agathizn
2737 2827 2931 2870 nostro
2983 2831 3093 2869 non
3131 2815 3461 2869 Artaxerxes

1882 2913 1983 2969 cst,
2023 2907 2115 2959 sed
2150 2906 2463 2968 Artaxares,
2498 2906 2576 2958 uti
2618 2905 2858 2975 Byzarus
2885 2920 3106 2977 quoque
3154 2916 3362 2969 noster,
3393 2908 3457 2961 V.

1881 2995 1943 3050 C.
1974 3011 2037 3049 cx
2087 2996 2566 3050 observationibus
2625 2998 2832 3051 nostris
2893 2998 3195 3053 adnotavit.
3247 2996 3462 3052 Rursus

1882 3086 2011 3139 alibi
2043 3086 2185 3156 apud
2216 3089 2467 3141 eumdem
2497 3088 2807 3156 Aythonum
2836 3088 3080 3143 Solimau
3110 3089 3204 3154 Sa,
3240 3105 3347 3143 non
3376 3102 3462 3142 est

1885 3181 2127 3234 Soliman
2164 3182 2348 3247 bassa,
2393 3184 2535 3235 sicut
2568 3182 2621 3234 in
2657 3182 2967 3250 Appendice
2995 3197 3093 3237 sua
3129 3178 3461 3238 Reineecins

1881 3275 2252 3345 epinatusest,
2272 3279 2367 3329 seu
2381 3272 2627 3329 Soliman
2643 3273 2838 3331 Scacb.
2872 3275 3097 3330 Ertucul
3119 3286 3173 3332 et
3189 3274 3446 3331 Ertucrnl

1885 3368 2118 3439 (diversa
2142 3368 2651 3436 namquescriptura
2673 3366 2963 3437 reperitur)
2984 3384 3013 3421 a
3033 3368 3226 3423 Turcis
3240 3369 3461 3433 dicitur,

190 3480 308 3519 non
374 3478 569 3531 magna
634 3477 758 3517 cum
822 3461 1176 3530 interpretum
1242 3459 1401 3514 laude
1442 3459 1773 3528 publicatus,
1809 3456 3127 3530 8quemLaonicusOrtogulcmvocat,Osmanis
3149 3463 3463 3530 patrem.Et

188 3556 439 3626 appellat
491 3554 693 3607 tribum
722 3550 982 3623 Oguziam
1015 3566 1029 3605 :
1069 3549 1351 3619 viderique
1385 3549 1526 3617 apud
1577 3546 1776 3600 Laoni-

184 3646 730 3718 cutn.Oguzalpem
794 3644 944 3715 (licet
1007 3642 1254 3698 confusis
1315 3648 1623 3707 temporum
1683 3655 1775 3693 ra-

185 3739 474 3805 tionibus)
526 3735 777 3789 eumdem
834 3750 975 3799 esse,
1029 3734 1123 3803 qui
1162 3731 1381 3801 Oguzes
1424 3730 1620 3785 Turcis
1681 3739 1789 3783 vo-‘

181 3825 699 3896 catur.0guzalpes
730 3826 876 3881 enim
931 3825 1155 3889 dicitur,
1185 3824 1335 3879 velut
1364 3822 1513 3892 Oguz
1569 3820 1686 3890 Elp,
1720 3820 1771 3873 id

180 3931 279 3975 est
317 3920 533 3988 OgnzPs
568 3918 778 3987 Elpias.
810 3918 893 3971 vel
931 3916 1137 3970 familia
1167 3926 1326 3971 natus
1390 3915 1563 3983 Elpia,
1617 3914 1773 3983 cujus

184 4014 242 4064 in
273 4010 574 4065 annalibus
605 4010 809 4063 mentio
841 4010 897 4062 tit
927 4008 980 4061 in
1010 4007 1133 4065 Vita
1188 4006 1399 4059 Sullani
1448 4004 1675 4058 Muratis
1706 4001 1775 4069 ll,

180 4120 348 4158 anno
384 4102 768 4155 blaltuinetano
792 4099 919 4167 849,
953 4098 1411 4154 sive—CltriStiano
1442 4095 1599 4159 HM,
1627 4110 1777 4163 quat-

182 4214 304 4269 que
367 4195 583 4249 videtur
627 4193 816 4247 eadem
866 4207 988 4246 esse
1041 4205 1164 4245 cum
1228 4188 1454 4257 Oguzia.
1509 4188 1775 4241 Praeterea

177 4288 519 4354 Giukelpent
560 4301 660 4340 nos
698 4299 978 4345 vocamus,
1036 4280 1211 4336 secuti
1259 4279 1613 4339 Gauderium,
1670 4279 1777 4331 lin-

177 4398 316 4452 gua:
348 4377 597 4433 Turcicae
622 4375 929 4431 Ca‘sareum
958 4374 1333 4442 interpretem,
1353 4372 1447 4439 qui
1471 4369 1670 4424 Turcis
1694 4380 1779 4424 est

176 4477 437 4527 aliorum
485 4468 931 4537 pronuntiatione
1000 4463 1270 4530 Kukelpes
1338 4464 1421 4517 vel
1484 4460 1775 4529 Gukelpes.

177 4567 281 4622 Sic
330 4563 480 4631 apud
515 4561 858 4615 Vincentium
891 4557 1549 4624 Belvacensemeorrupte
1581 4554 1778 4625 legitur

176 4660 429 4727 quidam
460 4653 684 4722 Kiocay,
736 4664 834 4719 pro
867 4647 1000 4702 Kioc
1029 4648 1205 4710 (illan,
1242 4647 1649 4716 pronuntiando
1682 4662 1778 4699 vo-

176 4766 314 4805 cem
348 4745 488 4802 Κίος
515 4746 675 4799 unica
707 4753 918 4798 tantum
951 4743 1175 4813 syllaba,
1206 4743 1297 4810 qui
1331 4740 1459 4795 alibi
1484 4740 1601 4811 (ἶος
1625 4740 1776 4792 letan

178 4844 412 4897 dicitur
442 4853 459 4891 :
495 4848 552 4891 ut
580 4836 743 4891 etiam
772 4834 1001 4905 Gultelp.
1033 4844 1086 4888 et
1119 4832 1234 4900 (ἓοκ
1284 4832 1402 4901 Elp,
1455 4848 1551 4901 pro
1583 4833 1771 4886 eodem

177 4934 530 5000 accipiatur.
570 4928 726 4994 Quod
752 4942 950 4982 nomen
984 4926 1336 4981 indicandum
1365 4925 1573 4995 putati,
1618 4939 1775 4992 prop.

176 5037 267 5079 ter
330 5021 757 5091 appellationem
809 5019 1004 5088 gentis,
1060 5033 1183 5087 quas
1231 5016 1404 5072 sacris
1460 5017 1513 5070 in
1554 5014 1776 5068 Litteris

175 5126 406 5172 evstat.
447 5113 638 5167 Scachi
674 5124 852 5167 autem
886 5111 1201 5178 appellatio,
1234 5126 1355 5178 qu;e
1390 5108 1646 5162 tribuitur
1677 5105 1777 5159 So-

173 5208 457 5270 leimani,
494 5206 766 5260 Ertuculis
801 5207 938 5273 patri
982 5206 1063 5258 vel
1098 5218 1307 5271 regum,
1340 5202 1423 5254 vel
1458 5217 1776 5270 magnorum

170 5313 269 5358 est
302 5300 655 5372 principum,
691 5298 989 5367 prtesertitn
1016 5296 1155 5366 apud
1190 5294 1385 5350 Persas
1416 5311 1430 5348 :
1464 5297 1608 5349 sicut
1634 5293 1779 5361 apud

176 5397 484 5463 HiSpanos
514 5390 651 5443 Doni
678 5390 1004 5442 vocabulum
1048 5405 1100 5441 tn
1133 5404 1235 5443 usu
1280 5400 1381 5441 est.
1424 5385 1579 5455 Apud
1615 5385 1780 5440 Jaco-

175 5490 323 5541 bum
368 5481 685 5537 Fomunum
728 5481 968 5535 Tsaccus
1005 5496 1196 5534 nomen
1230 5490 1335 5543 est,
1368 5472 1518 5548 quod
1559 5480 1644 5530 vix
1681 5494 1773 5546 ag-

175 5576 425 5633 noverit
453 5573 651 5640 aliquis
693 5574 834 5627 idetn
868 5588 989 5627 esse
1016 5588 1136 5625 cum
1167 5573 1401 5626 Scacho.
1434 5569 1541 5624 Nec
1589 5586 1777 5625 recens

173 5673 291 5726 hoc
316 5682 459 5724 esse
487 5666 681 5719 Scaclti
709 5667 1052 5731 vocabulum,
1080 5667 1165 5719 vel
1214 5682 1280 5719 ex
1337 5680 1402 5718 eo
1432 5675 1596 5734 patet,
1635 5665 1778 5733 quod

168 5766 334 5827 apud
371 5761 695 5829 Aytltonttnl
731 5762 843 5813 llaec
892 5760 1108 5812 decimo
1153 5760 1347 5827 quinto
1395 5761 1567 5826 capite
1597 5761 1778 5819 verba,

177 5858 318 5911 licet
356 5859 645 5917 cm‘rupte,
692 5851 976 5919 lcgantur:
1014 5850 1362 5905 Postmodum
1418 5852 1634 5919 quidam
1690 5866 1778 5901 rex

1881 3553 2172 3606 Osmanem
2219 3554 2363 3604 hunc
2416 3550 2563 3613 dico,
2623 3566 2729 3605 non
2768 3552 3077 3615 Otmanein,
3126 3554 3212 3606 vel
3242 3556 3464 3607 Otoma-

1884 3660 2057 3709 num;
2113 3645 2354 3713 itemque
2406 3659 2517 3697 non
2558 3642 2897 3709 Ottnanidas,
2945 3644 3039 3698 sed
3091 3644 3463 3707 Osmanidas;

1883 3737 2025 3804 quod
2063 3736 2134 3790 ita
2176 3738 2410 3806 postulet
2434 3735 2683 3791 Arabica!
2717 3736 3071 3808 'l‘urciczeque
3104 3739 3303 3807 lingua:
3334 3754 3462 3808 pro-

1886 3830 2197 3883 nuntianda:
2228 3830 2383 3892 ratio,
2422 3829 2510 3883 cui
2547 3828 2733 3884 Graeca
2772 3830 3007 3900 prolatio
3065 3833 3329 3893 nominis.
3365 3847 3460 3898 per

1883 3920 2041 3975 Thita
2089 3921 2326 3975 litteram
2395 3920 2605 3989 scripti.
2658 3936 2770 3975 non
2822 3922 3147 3976 adversatur
3188 3932 3203 3976 ξ
3242 3924 3463 3990 quando

1884 4014 2035 4069 istac
2071 4016 2247 4068 littera
2280 4028 2385 4066 non
2434 4011 2639 4067 Latinze
2662 4014 2704 4066 'l‘
2729 4013 2812 4068 vel
2881 4012 2976 4066 ΤΗ
3010 4014 3326 4083 respondet.
3364 4016 3461 4069 sed

1883 4120 1948 4159 ex
1977 4120 2077 4159 usu
2127 4104 2469 4170 Grecorum,
2518 4106 2736 4175 gemino
2791 4104 2985 4175 potius
3026 4105 3089 4169 S,
3120 4118 3245 4162 eum
3302 4106 3462 4161 sibilo

1883 4199 2120 4266 quodam
2149 4213 2432 4265 expresso.
2468 4198 2556 4250 Sic
2582 4199 2729 4251 enim
2773 4198 3097 4251 Assnnanetn
3138 4202 3463 4265 pronuntia.

1886 4289 1961 4342 vit
2004 4286 2489 4355 Clialcocondyles,
2554 4300 2659 4339 non
2739 4285 3090 4341 Athmanem.
3144 4285 3255 4342 Nec
3310 4290 3457 4343 aliud

1888 4381 1989 4433 hoc
2032 4378 2287 4432 Osmanis
2340 4378 2483 4430 illius
2541 4387 2623 4430 est
2684 4392 2906 4438 nomen,
2978 4393 3141 4446 quam
3196 4377 3455 4435 Osmanis

1887 4470 2333 4538 bassze,quiante
2362 4468 2640 4521 biennium
2667 4466 2807 4520 bello
2835 4467 3053 4521 Persico
3087 4470 3267 4537 periit.
3295 4469 3462 4525 Orte-

1887 4565 2014 4616 lium
2048 4576 2179 4617 sane
2220 4563 2391 4615 miror
2421 4559 2734 4623 Osmanem,
2772 4575 2934 4628 quem
2982 4558 3333 4615 Ottomanum
3367 4580 3462 4615 vo-

1886 4665 1992 4720 cat,
2024 4653 2177 4708 Ziclii
2216 4654 2384 4707 filiuni
2420 4653 2614 4716 facere,
2653 4662 2764 4705 tam
2799 4652 3025 4717 Grzccis,
3064 4669 3228 4722 quam
3263 4653 3458 4709 Turcis

1889 4749 2338 4817 repugnantibus.
2372 4745 2743 4815 Gundttselpis
2780 4762 2999 4808 nomen,
3030 4748 3124 4814 qui
3146 4760 3202 4802 et
3229 4750 3460 4807 Gundus

1888 4859 1917 4895 a
1947 4840 2142 4894 Turcis
2187 4848 2432 4901 vocatur,
2459 4841 2600 4892 idem
2643 4856 2868 4907 prorsus
2925 4850 3009 4893 est
3044 4856 3168 4894 cum
3222 4840 3462 4906 Duzalpe

1886 4934 2125 4994 Luonici,
2151 4948 2242 5001 per
2263 4933 2602 5000 aplueresint,
2622 4946 2783 5000 quam
2809 4942 3026 4996 vocant,
3041 4932 3462 4987 detractionem-

1884 5040 1988 5093 que
2016 5026 2309 5094 primarum
2340 5024 2665 5077 litterarum.
2692 5020 2755 5075 Et
2783 5022 2833 5074 in
2866 5024 3105 5092 margine
3131 5025 3304 5078 Latini
3325 5024 3463 5078 Lao-

1886 5117 2326 5185 niciascriptnm
2351 5115 2543 5181 legitur
2572 5115 2733 5183 hujus
2767 5115 3016 5183 Duzalpis
3062 5131 3258 5171 nomen
3310 5120 3459 5172 aliud

1884 5227 1947 5264 ex
1976 5211 2084 5263 alio
2109 5211 2266 5272 libro,
2289 5207 2795 5275 Jmlisalpeszquod
2830 5208 2895 5260 ad
2935 5206 3343 5276 Gundttselpem
3378 5213 3461 5262 vel

1884 5302 2276 5370 .lnndusclpem
2339 5302 2562 5369 propius
2602 5301 2835 5354 accedit.
2864 5300 3023 5353 Errat
3059 5311 3242 5354 autem
3281 5305 3333 5355 in
3372 5304 3461 5357 bis

1885 5396 2149 5450 Laonicus
2172 5397 2311 5463 quod
2338 5394 2626 5460 l)uzalpem
2651 5393 2802 5460 ponit
2828 5393 3067 5459 primum
3099 5394 3152 5446 in
3176 5393 3275 5446 hac
3302 5394 3408 5447 fatn
3437 5426 3463 5436 -

1888 5485 1978 5543 lia,
1999 5484 2090 5551 qui
2109 5481 2336 5535 Gundus
2362 5490 2413 5533 et
2445 5480 2782 5548 (lunduselp,
2812 5483 3085 5535 lirtuculis
3105 5482 3285 5536 filius:
3314 5488 3462 5550 quod

1885 5574 2209 5643 Oguzalpem
2232 5571 2485 5641 Duzalpis
2515 5574 2643 5625 facit
2675 5574 2866 5637 tilium,
2894 5576 2985 5641 qui
3015 5576 3081 5627 ab
3116 5576 3215 5628 lioc
3248 5576 3461 5629 decium

1889 5668 2046 5717 tertio
2065 5666 2234 5734 gradu
2252 5676 2333 5719 est
2351 5669 2489 5717 inter
2508 5666 2867 5719 ascendentes
2894 5683 2907 5720 :
2942 5666 3084 5731 quod
3103 5664 3461 5736 Orthogulem

1890 5760 2179 5826 Οτειιπτιὶιὶῑς
2236 5759 2429 5821 lilium,
2468 5758 2724 5826 Duzalpis
2778 5769 3027 5827 nepotem
3075 5764 3285 5821 statuit,
3332 5777 3459 5816 cun

1890 5854 2208 5905 duodecimo
2244 5852 2410 5920 gradu
2449 5852 2589 5902 absit
2648 5853 2711 5902 ab
2768 5851 2972 5920 ()guze,
3038 5856 3132 5920 qui
3185 5868 3269 5910 est
3321 5861 3464 5910 inter
