4198 6426
650 414 758 479 719

1884 385 2206 448 ,ιωΑΝΝιδ
2253 380 2647 443 LEUNCLAV
2666 383 2714 438 ll

3801 358 3907 422 1‘20

658 527 1035 587 ascendentes,
1065 532 1116 575 et
1143 516 1511 585 Cttndttsclpis
1537 530 1579 566 5ι
1601 528 1631 563 ιι
1670 510 1920 576 Duzalpis
1945 508 2106 561 fuerit
2139 521 2230 572 pa-
2264 515 2305 566 Α
2339 504 2488 556 ribus
2511 502 2563 555 in
2600 501 2762 554 relns
2804 493 3291 549 animadvertimus
3324 506 3337 542 ε
3372 489 3423 541 ἰιι
3476 486 3668 551 titulis,
3720 483 3909 537 oﬂicits

660 630 761 674 ter.
804 618 1004 674 Osinan
1056 629 1085 666 a
1120 622 1297 664 morte
1348 607 1518 676 patris
1559 617 1733 657 annos
1778 599 1996 668 triginta
2040 612 2232 650 novem

659 709 1074 763 Malntmetantts
1127 718 1193 754 ex
1227 697 1510 753 annalium
1567 692 1892 747 auctoritate
1947 688 2104 751 vixit,
2141 686 2234 742 sed

664 798 849 867 viginti
896 810 1089 849 novem
1134 801 1340 846 tantum
1405 790 1703 855 imperasse
1762 782 2061 835 scribitur:
2094 778 2237 848 quod

662 886 854 955 primis
899 883 1082 937 decem
1128 879 1290 932 annis
1339 876 1702 946 principatum
1758 868 2141 945 acquisiverit,
2186 877 2242 921 et

667 974 1033 1031 constituerit.
1070 972 1283 1026 Sullani
1324 942 1534 1022 nomen
1557 966 1681 1020 huic
1713 965 1781 1018 ab
1830 962 2106 1017 annalium
2138 942 2244 1013 au-

668 1080 817 1119 clorc
851 1079 959 1118 non
989 1062 1271 1125 tribuitur,
1310 1060 1404 1113 sed
1445 1057 1638 1111 Mnrati
1691 1056 1923 1124 primum
1963 1052 2166 1121 nepoti,
2192 1056 2245 1104 et

669 1156 920 1222 abnepoti
952 1153 1148 1208 deinde
1186 1148 1507 1203 Mucltemeti
1540 1163 1554 1200 :
1600 1146 1744 1214 quod
1789 1146 1855 1198 de
1883 1145 1982 1197 hoc
2024 1141 2245 1195 Muche-

672 1260 811 1303 mete
829 1246 1153 1301 Theodorus
1176 1244 1337 1295 etiam
1371 1238 1759 1309 Spaudnginus
1787 1235 2088 1289 adnotavit.
2116 1230 2247 1285 Gazi

675 1358 801 1396 vero
829 1354 1128 1408 cegnomen
1153 1332 1376 1389 Osmatti
1400 1334 1582 1394 datur,
1609 1328 1752 1385 sicut
1773 1338 1825 1381 et
1848 1323 2088 1381 Urcltaui
2116 1323 2247 1387 lilio,

677 1439 980 1505 Muratiqne
1008 1434 1211 1502 nepoti,
1239 1429 1381 1501 quod
1422 1437 1706 1482 strenuum
1732 1422 2252 1493 magnanimuman

676 1530 898 1582 militent
931 1526 1222 1595 significat.
1284 1522 1338 1574 In
1397 1518 1652 1573 Ureltane
1686 1516 1798 1584 (sic
1827 1514 1973 1568 enim
2009 1512 2254 1566 scriben-

675 1622 846 1691 dum)
905 1618 1319 1691 notandagcum
1376 1611 1460 1665 Ali
1512 1610 1671 1663 hassa
1725 1606 1894 1659 fratre
1941 1603 2254 1665 concordia,

678 1727 802 1764 cum
850 1725 1044 1765 onmes
1079 1686 1215 1768 alii,
1258 1719 1493 1774 quorum
1553 1700 1620 1754 de
1682 1698 1844 1752 rebus
1875 1693 2123 1749 Turcicis
2163 1707 2258 1745 ex-

679 1812 824 1857 stant
862 1802 1084 1871 scripta,
1116 1800 1303 1852 dit-ant
1336 1796 1403 1849 ab
1440 1792 1695 1848 Urchane
1744 1788 2076 1858 principatus
2107 1784 2258 1838 initio

681 1896 926 1951 sublatos
961 1893 1128 1947 fuisse
1173 1890 1240 1944 de
1284 1885 1462 1940 medio
1510 1883 1704 1937 fratres
1729 1882 1868 1935 duos
1906 1895 1920 1933 :
1958 1886 2140 1947 aperte
2172 1891 2257 1930 re-

681 1985 1046 2042 i-tatnantibns
1072 1978 1489 2036 hisceTurcicis
1510 1974 1820 2037 annalibus,
1849 1972 1940 2043 qni
1972 1970 2207 2040 primum
2232 1982 2262 2021 a

683 2081 918 2150 Bajazite
941 2078 1239 2134 Cildernne
1268 2073 1464 2129 Chane
1495 2067 1845 2140 parricidium
1878 2064 2031 2134 regni
2093 2076 2261 2119 causa

682 2180 1040 2233 commissum
1085 2169 1282 2234 luisse,
1334 2176 1527 2220 necato
1579 2161 1788 2231 Jacnpe
1836 2158 2019 2213 Zelebi
2071 2155 2263 2217 fratre,

685 2272 904 2324 docent.
936 2262 1149 2319 Zelebis
1173 2275 1400 2323 nomen,
1429 2255 1574 2325 quod
1607 2253 1842 2308 nobilem
1900 2247 2191 2318 significat,
2235 2260 2265 2299 a

686 2360 882 2414 Turcis
908 2356 1145 2411 arbitror
1177 2361 1522 2421 usurpatum,
1558 2346 1625 2400 ad
1659 2342 2021 2398 imitationem
2071 2337 2266 2392 Roma-

688 2464 885 2505 norum
910 2456 964 2500 et
990 2436 1332 2503 Graecorum,
1361 2451 1597 2509 quorum
1625 2434 1679 2487 hi
1708 2433 1851 2487 filios
1877 2432 2265 2498 imperatorum

691 2546 819 2591 natu
850 2535 1090 2588 minores
1118 2528 1495 2583 nobilissimos
1520 2524 1809 2585 vocabant,
1856 2521 1932 2573 illi
1966 2515 2271 2571 novellissi-

694 2644 832 2696 mos,
856 2644 987 2682 voce
1012 2624 1261 2681 nonnihil
1288 2628 1570 2690 corrupta,
1595 2619 1736 2674 sicut
1755 2626 1900 2687 patet
1922 2631 1985 2669 ex
2006 2616 2163 2670 ltistoi
2182 2612 2271 2677 iis,

695 2719 1168 2791 inscriptionibus,
1232 2712 1657 2769 nuntismatibus
1711 2708 1947 2777 antiquis
1999 2716 2052 2760 et
2097 2705 2272 2758 fastis.

698 2812 924 2870 Unicam
958 2820 1169 2863 tantum
1199 2805 1304 2860 hoc
1334 2807 1451 2857 loco
1482 2803 1632 2856 lubet
1659 2798 2097 2866 inscriptionem,
2146 2793 2272 2845 fidei

698 2920 881 2971 eausa,
947 2903 1075 2956 licet
1107 2899 1159 2952 in
1218 2914 1276 2951 re
1317 2895 1628 2956 manifesta,
1671 2905 1872 2962 ponere
1909 2907 1923 2942 :
1964 2896 2077 2940 tum
2130 2883 2274 2953 quod

702 3017 799 3071 pro
829 3013 887 3053 se
917 3006 1091 3056 vetus,
1122 2991 1230 3061 jam
1259 3004 1396 3044 nova
1430 2987 1521 3050 sit,
1551 2985 1657 3039 hoc
1685 2992 1791 3046 est,
1826 2994 2019 3035 recens
2042 2977 2275 3046 primum

705 3068 919 3147 inventa
980 3102 995 3136 ι
1051 3096 1163 3138 tum
1220 3079 1364 3151 quod
1426 3077 1805 3145 antiquitatem
1857 3070 2053 3125 nobilis
2124 3068 2278 3122 urbis

2346 594 2696 651 militaribus.
2753 590 3159 657 provinciarum
3195 582 3551 653 praefecturis,
3600 578 3837 647 legibus,
3858 585 3913 627 et

2341 688 2592 739 universo
2634 681 2860 749 imperio
2887 677 3292 732 constituendo.
3328 674 3444 729 lam
3488 672 3629 741 quod
3660 669 3916 737 Bajazitis

2341 773 2653 832 Gilderunis
2685 773 2798 826 εῑνη
2834 769 3065 837 Ira-lapis
3099 767 3238 821 filios
3284 766 3502 827 attinet,
3542 764 3593 815 in
3618 760 3699 814 eis
3726 774 3919 812 recen-

2344 868 2527 924 sendis
2548 874 2831 920 auctontm
2858 877 3050 929 magna
3074 858 3363 914 diversitas
3391 867 3493 911 Cal.
3520 852 3682 907 Tui-ci
3716 851 3914 920 primo-

2346 962 2584 1029 genitum
2606 957 2813 1011 faciunt
2835 954 3060 1009 etnirem
3090 951 3489 1011 Soleimancm,
3512 961 3647 1015 quos
3666 942 3917 1011 equidem

2348 1068 2569 1122 sequor.
2602 1051 2665 1105 Et
2693 1050 3033 1105 Snleimanes
3065 1047 3153 1099 hic
3179 1046 3359 1098 dictus
3414 1040 3517 1094 fuit
3542 1039 3701 1099 entir,
3738 1045 3919 1089 auctu-

2351 1149 2528 1203 ritatis
2563 1146 2788 1215 majoris
2838 1158 3027 1198 causa.
3069 1140 3203 1195 Nam
3255 1139 3455 1195 emires
3485 1134 3740 1205 appellati
3794 1139 3923 1185 sunt

2353 1240 2612 1308 praesides
2642 1250 2695 1293 et
2722 1248 3110 1307 propagatores
3147 1234 3357 1302 imperii
3392 1227 3739 1293 Malmmetis,
3770 1238 3918 1295 quasi

2354 1336 2659 1405 superiores
2687 1330 3008 1400 (Gulielmus
3036 1330 3134 1399 'l‘yi
3152 1328 3237 1381 ius
3260 1336 3502 1392 satrapas
3530 1338 3626 1377 seu
3652 1320 3922 1389 principes

2356 1427 2590 1495 majores
2652 1421 3074 1491 interpretatur)
3107 1435 3246 1489 quos
3277 1418 3453 1472 Graeci
3478 1415 3679 1469 amires
3706 1422 3761 1466 et
3788 1410 3925 1464 ami-

2358 1520 2515 1573 rades
2540 1524 2825 1576 vocarunt,
2859 1515 2925 1568 de
2951 1513 3153 1582 quibus
3177 1510 3335 1580 391
3371 1524 3477 1562 non
3505 1516 3651 1560 recte
3671 1506 3755 1558 vel
3784 1518 3925 1556 antr-

2362 1626 2468 1670 res,
2501 1608 2582 1661 vel
2605 1607 2906 1663 :nnerades.
2939 1602 3018 1657 Vel
3051 1601 3372 1664 admiratos,
3400 1598 3480 1652 vel
3507 1594 3817 1650 adniirales.
3846 1593 3925 1646 νει

2361 1698 2694 1753 admiraldos
2713 1695 2893 1750 fecere
2912 1692 3275 1755 Belvacensis,
3307 1700 3359 1744 et
3390 1689 3665 1756 interpres
3689 1684 3924 1740 Cedrini.

2289 1821 2334 1880 Β
2363 1802 2415 1845 et
2440 1790 2550 1845 alii.
2583 1787 2690 1842 Nec
2724 1788 2990 1855 hodieque
3038 1797 3239 1838 nomen
3273 1783 3378 1835 hoc
3434 1786 3800 1849 aspernantur
3834 1775 3883 1844 ip
3914 1775 3928 1825 i

2363 1884 2666 1937 Turcnruut
2696 1879 2926 1934 snltani.
2957 1878 3227 1932 Laonieus
3252 1888 3384 1929 vero
3416 1881 3538 1942 post
3560 1872 3745 1925 Iesum
3777 1885 3931 1922 suum

2366 1974 2651 2042 majorem,
2683 1986 2844 2040 quem
2864 1966 3181 2037 simpliciter
3205 1967 3343 2020 lsatn
3369 1964 3530 2017 Turci
3558 1960 3933 2029 vocztnt(qumt

2366 2080 2562 2122 nomen
2594 2064 2757 2119 etiam
2790 2064 3015 2132 prepius
3047 2063 3294 2116 imitatus
3338 2069 3424 2114 cst
3470 2057 3740 2111 Laeniens
3805 2053 3875 2105 liti
3906 2068 3937 2103 ο

2367 2168 2541 2221 sexto,
2568 2173 2735 2228 quum
2752 2149 3219 2210 Jessen'Brenezis
3240 2152 3405 2212 filius,
3428 2164 3588 2219 quem
3614 2144 3935 2201 alibiJesum

2370 2261 2547 2313 vocat,
2571 2247 2781 2312 scribit)
2802 2245 3089 2315 quemdam
3115 2243 3509 2297 Illulsmnanem
3528 2239 3746 2293 nomine
3770 2236 3936 2305 ponit.

2370 2343 2515 2397 Idem
2556 2340 2683 2394 facit
2721 2337 3143 2408 primogenitum
3174 2334 3554 2393 Orthobnletn,
3585 2346 3615 2385 a
3662 2337 3818 2399 patre
3849 2326 3941 2381 Se-

2374 2434 2563 2488 bastia:
2592 2430 2929 2509 praefectum,
2954 2437 3009 2483 ct
3040 2427 3235 2484 ibidem
3265 2425 3335 2481 ab
3362 2424 3611 2479 hostibus
3635 2423 3774 2477 urbe
3794 2433 3941 2489 capta

2374 2538 2596 2579 caesuin.
2636 2520 2857 2576 Turcici
2927 2534 3058 2573 vero
3106 2517 3332 2572 annales
3387 2530 3642 2585 expresse
3706 2513 3942 2575 tradunt,

2377 2611 2682 2667 Sebastiani
2733 2608 2889 2664 emiri
2948 2606 3383 2662 Soleimanililio
3440 2616 3566 2660 natu
3631 2605 3943 2665 maxinio,a

2377 2714 2529 2772 patre
2558 2703 2741 2756 datam
2808 2701 3022 2755 fuisse:
3076 2699 3170 2767 qui
3221 2706 3404 2753 tamen
3460 2713 3490 2751 a
3538 2696 3755 2751 Tetnire
3794 2706 3945 2762 capta

2378 2795 2659 2859 ’Sebastia,
2700 2808 2809 2848 non
2843 2792 3007 2848 fuerit
3043 2791 3384 2849 interfectus.
3425 2791 3585 2845 Plura
3616 2792 3683 2844 de
3714 2790 3801 2845 his
3827 2789 3947 2843 alla-

2380 2894 2485 2943 tnt'i
2530 2889 2788 2956 deinceps
2815 2886 2867 2939 in
2903 2887 3143 2941 medium
3179 2900 3395 2951 sumus,
3433 2886 3497 2938 ad
3530 2898 3822 2938 numerum
3855 2896 3949 2934 no-

2383 2998 2558 3039 tarum
2592 2983 2660 3037 59
2684 2992 2736 3037 et
2757 2981 2848 3036 67.

2454 3076 2621 3131 Tertii
2654 3076 2870 3145 quidem
2903 3072 3290 3144 Cyriscebelim
3317 3072 3487 3142 patris
3550 3068 3807 3140 Bajazitis
3835 3084 3955 3121 sne-

704 3182 935 3239 Anstriaz
965 3174 1314 3234 Viennensis,
1343 3169 1618 3241 quondam
1650 3182 1743 3221 seu
1784 3163 2141 3224 Vindobona-,
2185 3174 2280 3214 seu
2310 3170 2355 3230 (ι
2387 3183 2658 3223 cessarem
2684 3167 2927 3232 facium,
2976 3167 3137 3235 cuius
3185 3179 3384 3220 nomen
3438 3178 3536 3218 nec
3594 3165 3644 3217 in
3710 3160 3954 3216 ται-είρίς

706 3272 1088 3335 Vindoniame,
1124 3266 1265 3336 quod
1320 3263 1494 3332 magis
1528 3259 1845 3330 probamus,
1882 3253 2167 3321 insigniter
2220 3252 2281 3305 il-

710 3372 924 3421 tustret.
962 3359 1093 3413 Eam
1147 3354 1417 3424 magnitici
1449 3350 1646 3419 equitis
1678 3363 1767 3401 on.
1812 3345 2113 3399 Hisnonntt
2144 3341 2285 3393 Bscx

710 3476 740 3511 Α
776 3455 1217 3511 Lserowsnonr,
1251 3447 1455 3500 Caesar.
1492 3440 1787 3510 Maiestatis
1818 3436 2061 3492 Camerae
2097 3434 2286 3487 aulica:

713 3543 1035 3605 consiliarii,
1075 3537 1258 3595 studio
1294 3533 1502 3590 lberali
1537 3532 1799 3586 debemus
1836 3547 1849 3582 :
1888 3529 1981 3597 qui
2022 3526 2290 3587 columna:

714 3640 1077 3708 frngzttcntutn
1108 3628 1328 3691 veteris,
1361 3644 1481 3697 qua:
1514 3626 1722 3694 integra
1745 3621 2053 3674 Milliarium
2094 3617 2288 3671 Roma-

720 3724 989 3787 nnml‘nit,
1016 3724 1070 3777 in
1098 3723 1254 3774 vinea
1284 3717 1543 3787 quadam,
1596 3712 1742 3765 haud
1802 3710 1991 3780 procul
2042 3724 2068 3758 a
2108 3707 2292 3761 Sancti

720 3818 882 3872 Marci
919 3813 1256 3877 ncsecomio,
1290 3810 1354 3863 ad
1391 3822 1555 3875 unum
1600 3820 1628 3857 a
1670 3802 1878 3856 Vienna
1924 3799 2178 3868 lapidem,
2213 3816 2295 3851 re-

722 3920 933 3981 pertum
972 3922 1094 3960 cum
1130 3903 1473 3971 intelligeret,
1504 3912 1724 3965 operam
1785 3892 1935 3947 dedit
1979 3902 2033 3941 ut
2067 3888 2291 3941 domum

725 4019 879 4057 suam
910 4001 1272 4069 deportatum,
1326 3990 1633 4063 posteritati
1685 3992 2128 4041 conservaretur.
2164 3982 2295 4047 Ejus

727 4090 1104 4163 inscriptionis
1136 4091 1249 4142 liazc
1280 4084 1446 4139 verba
1479 4089 1608 4136 sunt
1635 4080 1828 4133 litteris
1854 4088 2112 4143 expressa
2143 4071 2300 4125 nobis

728 4184 1114 4243 familiaribus:
1136 4179 1270 4233 Nam
1297 4179 1495 4230 ductus
1524 4186 1738 4235 earnm,
1780 4168 1972 4237 quales
2026 4167 2079 4218 in
2111 4162 2303 4218 arche-

730 4295 855 4352 typo
886 4274 1325 4343 conspiciuntur,
1362 4269 1461 4321 hoc
1505 4266 1721 4334 quidem
1754 4272 1994 4329 tempore
2040 4254 2169 4309 date
2199 4268 2302 4304 non

734 4389 765 4442 p
789 4370 1029 4423 struimus.

1365 4512 1451 4548 IMP
1480 4510 1591 4548 (λιες

1163 4586 1189 4622 I’
1226 4581 1426 4621 LICINIO
1456 4576 1658 4617 οιηιυει.

1165 4648 1459 4690 VALERIANO
1499 4644 1783 4685 Nl)8.LlSS..

1160 4725 1299 4761 CI-ZSH
1336 4718 1558 4755 I‘ltht'II‘I

1166 4793 1298 4829 IUV..
1332 4788 1525 4825 N'I'VTIS
1560 4787 1669 4822 νΑ..

1168 4863 1234 4899 ΕΤ
1277 4856 1477 4896 ιύΧΤΕΞ
1514 4855 1754 4892 VETUSTA

1232 4925 1497 4967 CUNLM’SA
1534 4925 1682 4961 Ill'lb'l'l

1242 5002 1269 5035 Α
1317 4995 1482 5032 κιδυ..
1519 4993 1553 5030 Μ
1588 4995 1614 5030 I’

821 5199 1141 5267 lntelligitur
1183 5199 1363 5244 autem
1406 5184 1624 5239 nomine
1661 5178 2010 5242 nobilissimi,
2059 5175 2320 5245 juventu-

750 5296 932 5362 tisqne
962 5265 1245 5358 principis,
1308 5278 1487 5331 minor
1521 5282 1645 5327 natu
1707 5271 1876 5323 frater
1929 5266 2159 5322 Gallieni
2209 5265 2322 5317 An-

753 5357 916 5457 gusti.
953 5357 1044 5433 Sic
1112 5376 1275 5442 igitur
1332 5376 1387 5423 et
1448 5363 1613 5451 Tui-ci
1653 5362 1875 5416 Zelebes
1931 5374 2060 5413 suos
2116 5357 2322 5418 dixere,

754 5449 1066 5547 quanquam
1105 5468 1158 5521 in
1190 5460 1482 5518 annalibus
1536 5449 1622 5509 his
1656 5450 2089 5507 animadvertere
2144 5449 2325 5511 liceat,

757 5537 1110 5621 it'luchemetis
1162 5551 1407 5613 secundi,
1468 5554 1521 5600 ct
1591 5554 1976 5597 successorum
2042 5537 2181 5589 tilios
2222 5550 2325 5587 non

757 5658 993 5726 amplius
1052 5649 1295 5705 Zelebes,
1359 5638 1450 5693 sed
1486 5635 1732 5690 snltanos
1765 5629 1973 5699 cepisse
2034 5628 2325 5680 nominari.

756 5716 1021 5804 Curictum
1051 5756 1171 5795 esse
1211 5735 1419 5789 'l‘ut'cos
1454 5727 1615 5782 veluti
1676 5726 1865 5777 simias
1919 5720 2183 5790 quasdam
2228 5716 2330 5769 lto-

761 5851 1046 5899 tnanorum
1076 5833 1478 5887 Cra-eorumve,
1528 5820 1723 5891 quibus
1758 5820 2161 5874 successerunt,
2211 5809 2330 5877 plu-

2385 3259 2817 3321 commentariis,
2852 3273 2961 3312 nec
3006 3257 3153 3326 apud
3203 3254 3502 3312 Laonicum
3570 3254 3854 3323 rep-ritur.
3905 3260 3957 3306 «ι

2389 3353 2639 3407 tietitium
2661 3352 2822 3420 plane
2849 3351 3085 3405 videtur.
3119 3349 3256 3403 Eum
3285 3347 3478 3403 dicunt
3501 3363 3531 3401 a
3550 3347 3768 3401 'l‘cmire
3792 3345 3958 3398 fuisse

2388 3454 2624 3513 captum,
2656 3442 2751 3497 sed
2780 3458 2810 3496 e
2842 3441 3091 3497 custodia
3156 3451 3337 3495 tamen
3369 3439 3627 3494 evasisse.
3689 3436 3959 3491 Laonicns

2392 3547 2572 3592 autem
2632 3534 2879 3605 scripsit,
2929 3532 3115 3603 praelio
3164 3531 3478 3586 Temiriano
3530 3541 3746 3598 captum
3796 3526 3961 3582 fuisse

2394 3629 2620 3691 Mosem,
2654 3629 2747 3697 qui
2774 3627 3048 3680 videretur
3080 3622 3304 3693 reliquis
3363 3618 3709 3690 praestantior
3746 3618 3961 3673 robore.

2395 3719 2635 3775 Proinde
2686 3716 2877 3770 Temir
2932 3730 3057 3768 eum
3120 3711 3514 3774 circumduxit,
3573 3720 3625 3764 et
3664 3722 3850 3763 secum
3911 3708 3962 3759 itt

2395 3810 2590 3865 castris
2618 3808 2826 3871 habuit,
2851 3806 3051 3860 victum
3084 3803 3426 3858 ministrans.
3463 3799 3655 3854 Postea
3688 3797 3967 3851 Latmirus

2400 3901 2515 3953 haec
2557 3899 2817 3965 snhjicit:
2855 3895 3042 3948 Temir
3083 3894 3334 3948 Cheriam
3377 3891 3706 3960 properavit,
3758 3888 3968 3957 Bajazi-

2402 3997 2507 4041 tem
2535 4000 2590 4041 et
2625 3988 2788 4041 filium
2832 3986 2950 4055 ejus
3005 4000 3191 4039 secum
3228 3983 3454 4044 vehens,
3519 3982 3679 4050 cujus
3740 3992 3968 4049 parvum

2404 4090 2706 4146 respectum
2733 4078 2862 4147 egit.
2891 4075 3127 4130 Proinde
3160 4075 3212 4128 in
3236 4074 3470 4143 patriam
3536 4072 3811 4140 regionem
3849 4071 3971 4139 fuga

2404 4171 2594 4225 evasit.
2630 4169 2869 4238 Denique
2894 4167 3051 4222 tertio
3080 4166 3273 4235 repetit
3307 4162 3583 4218 Laonicus
3609 4163 3762 4217 initio
3792 4163 3970 4230 quarti

2406 4262 2776 4327 libri,Mosem
2834 4259 3122 4314 dimissum
3178 4273 3206 4310 a
3264 4272 3387 4326 rege
3445 4253 3680 4319 Temirc,
3728 4254 3869 4321 mari
3910 4258 3972 4305 ad

2410 4357 2687 4425 regionem
2714 4351 2940 4421 patriam
2978 4348 3231 4403 rediisse.
3264 4346 3472 4400 Similis
3504 4353 3587 4399 est
3639 4344 3892 4398 confusio
3923 4347 3975 4396 in

2414 4446 2684 4499 minorum
2722 4450 2850 4495 natu
2911 4438 3168 4507 Bajazitis
3211 4437 3446 4489 filiorum
3496 4435 3790 4489 mentione.
3845 4433 3977 4486 Nam

2334 4520 2685 4591 DLaonicus
2730 4542 2783 4585 et
2811 4529 2997 4585 Iesum
3073 4528 3337 4582 minorem
3405 4533 3838 4588 commemorat,
3891 4526 3981 4587 qui

2420 4643 2687 4696 nusquam
2718 4643 2769 4678 .n
2797 4623 3082 4676 annalibus
3118 4618 3362 4674 Tutcicis
3394 4619 3684 4686 reperitur,
3712 4625 3765 4670 et
3798 4618 3985 4670 ultime

2416 4722 2556 4774 inter
2588 4733 2778 4773 omnes
2822 4718 2943 4769 loco
2974 4714 3122 4784 ponit
3177 4712 3517 4779 blustapltam
3563 4709 3868 4777 respiciens
3909 4714 3988 4773 (tt

2417 4810 2674 4875 arbitror)
2706 4808 2772 4860 ad
2803 4807 2953 4859 illum
2979 4803 3341 4871 Mustapham,
3395 4802 3480 4853 cui
3520 4798 3736 4853 Dusmis
3790 4814 3989 4867 cogno-

2422 4917 2542 4955 men
2584 4915 2613 4952 a
2645 4898 2838 4951 Turcis
2897 4896 3078 4957 datur,
3130 4893 3334 4961 quique
3397 4891 3659 4960 Bajazitis
3712 4905 3771 4945 se
3822 4890 3992 4943 lilium

2421 4992 2807 5045 mentiebatur.
2853 4987 3014 5055 Atqni
3076 4985 3279 5038 diserte
3310 4982 3472 5036 Turci
3520 4983 3762 5043 tradunt.
3827 4983 3994 5036 mini-

2423 5096 2571 5133 mum
2605 5088 2731 5131 natu
2782 5077 2951 5129 fuisse
2980 5076 3241 5128 Casanem
3285 5071 3541 5136 Zelebim,
3601 5072 3692 5140 qui
3752 5082 3999 5140 tempore

2426 5166 2749 5221 calamitatis
2770 5178 3002 5235 paterna:
3020 5164 3183 5215 fuerit
3210 5161 3389 5214 adhuc
3410 5170 3568 5213 aetate
3594 5172 3781 5214 tenera
3814 5176 3829 5224 ;
3868 5175 3997 5212 nar-

2428 5269 2657 5327 rantque
2727 5248 2990 5322 deinceps
3054 5254 3121 5306 ab
3180 5252 3349 5304 emire
3408 5251 3719 5304 Soleimane
3772 5249 3999 5302 fratrem

2428 5351 2568 5402 hunc
2636 5358 2761 5400 natu
2832 5345 3143 5406 minimum,
3204 5342 3466 5396 Casanem
3526 5338 3791 5403 Zrlehitn,
3838 5340 4005 5393 fuiSse

2426 5437 2955 5504 Constantinopolim
2994 5437 3243 5496 missum,
3296 5443 3357 5485 ut
3399 5432 3603 5486 obsidis
3654 5434 3771 5484 loco
3803 5430 4000 5484 ibidem

2428 5543 2591 5585 esset.
2652 5527 2925 5580 Laonicus
2982 5525 3145 5577 etiam
3203 5523 3399 5576 alicubi
3452 5520 3638 5574 Jestzm
3693 5520 4003 5581 minorem,

2434 5617 2563 5670 fact
2598 5616 2880 5668 minimum
2915 5626 3067 5676 natu,
3139 5621 3192 5664 rt
3238 5608 3704 5676 Constantinopoli
3760 5608 4001 5676 baptiza-

2437 5723 2545 5763 tum
2577 5710 2643 5763 ait
2678 5728 2690 5761 :
2725 5712 2786 5761 de
2815 5722 2922 5776 quo
2954 5723 3083 5759 sane
3112 5722 3243 5759 vero
3301 5706 3359 5758 fit
3418 5704 3616 5763 simile,
3670 5700 3863 5756 Iesum
3920 5706 4009 5755 mi-

2439 5818 2622 5858 norem
2656 5799 2901 5865 Luonici,
2940 5817 3057 5854 esse
3114 5800 3263 5853 illum
3293 5798 3469 5867 ipsum
3528 5808 3656 5849 natu
3716 5794 4007 5848 minimum
