4198 6426
224 361 324 421 ’121

1381 370 1459 426 PA
1476 369 1767 429 NDECTE
1807 371 1999 430 llIST.
2043 373 2338 432 TUl'tCltl.

3328 373 3430 434 722

211 481 457 550 Bajasitis
488 482 679 544 tilium,
726 499 881 547 quem
943 484 1159 537 annales
1226 485 1437 541 'i'urciri
1494 489 1756 540 Casanem
1790 485 1835 542 Α
1865 486 1993 539 lant.
2030 485 2237 554 Quippe
2302 486 2477 539 solent
2524 486 2587 539 iis
2635 486 2965 547 nominibus,
3017 502 3187 553 quain
3218 490 3434 554 gemina

210 573 443 626 'I.--lebim
474 582 689 627 vocant.
735 574 899 627 Error
937 576 1224 630 Saizsovini
1277 577 1467 645 duplex
1514 579 1766 632 Osmani-

208 664 394 715 darum
430 664 481 715 in
512 666 724 726 arbore,
755 680 864 734 quo
899 665 1159 720 Sultanus
1210 668 1321 737 jam
1382 672 1702 735 superstites
1737 687 1762 721 a

204 754 531 821 Cyriscelehi
573 763 853 826 propagat,
902 767 957 811 et
1008 757 1258 824 Bajazitis
1306 774 1369 812 ex
1434 758 1765 829 Cyriscelebi

209 855 451 915 nepotem
489 846 616 901 facit
664 846 1057 903 Muchemetem
1115 850 1372 919 primum,
1424 860 1530 904 tam
1594 854 1767 905 mani—

209 939 378 992 festus
402 950 503 999 est,
573 939 773 994 nullius
821 952 880 994 ut
936 942 1279 996 refutationis
1341 943 1595 1013 indigeat.
1655 946 1767 999 Alis

208 1043 377 1090 vero,
435 1030 527 1095 qui
584 1028 1112 1099 Constantinopolim
1168 1042 1222 1086 ct
1282 1035 1394 1101 ipse
1449 1034 1768 1102 profugerit,

209 1121 354 1172 nulla
386 1119 632 1176 Turcicis
680 1124 732 1175 in
790 1125 1099 1178 annalibus-
1143 1127 1366 1181 mentio.
1415 1126 1771 1195 Repositimus

204 1210 367 1262 etiam
395 1228 493 1264 suo
523 1211 643 1263 loco
661 1226 976 1281 germanum
1003 1214 1176 1278 illmn,
1208 1223 1261 1267 et
1304 1216 1573 1270 natalibus
1602 1232 1767 1284 opera

207 1312 389 1357 nostra
428 1319 572 1356 nunc
620 1305 966 1369 restitutum,
1017 1307 1270 1374 Bajazitis
1324 1307 1516 1373 lilium,
1568 1310 1772 1363 Mustao

208 1394 368 1461 pham
410 1395 635 1449 zelehim
661 1415 674 1461 ;
700 1398 789 1464 qui
828 1399 886 1451 tit
913 1399 1221 1453 Temiriano
1244 1400 1456 1468 praelia,
1490 1402 1568 1456 sic
1606 1402 1768 1455 etiam

211 1486 473 1540 hactenus
504 1502 567 1540 ex
622 1490 1040 1543 Usmanidarunt
1105 1502 1408 1555 stemmate,
1469 1494 1611 1547 haud
1659 1496 1771 1547 scio

206 1594 316 1644 quo
358 1577 504 1632 fatali
534 1595 659 1634 casu
692 1581 967 1646 exclusus,
1025 1584 1189 1652 periit
1224 1601 1239 1636 :
1278 1583 1456 1639 locum
1519 1585 1637 1654 ejus
1692 1586 1772 1639 in-

207 1671 439 1725 vadente
513 1672 819 1742 Mnstapha,
913 1678 1259 1747 supposititio
1328 1680 1579 1749 Bajazitis
1640 1680 1770 1743 filio,

204 1777 365 1828 quem
401 1764 637 1828 Annales
669 1764 720 1819 hi
786 1766 1027 1825 Dusmis
1062 1769 1335 1837 appellant
1390 1778 1770 1840 cognomento.

1871 586 2201 628 Consonante
2237 576 2519 644 incipiunt,
2565 575 2799 628 litteram
2832 575 2872 639 l,
2900 575 3059 645 392
3087 578 3164 627 vel
3196 576 3232 627 \'
3266 578 3435 630 Galli-

1870 675 1991 711 cum
2017 677 2328 728 prmponerc
2354 679 2368 727 ;
2403 663 2548 717 verbi
2572 666 2765 731 gratia,
2790 678 2911 718 cum
2935 680 3030 733 pro
3059 664 3327 717 Sceulere
3353 667 3433 718 di-

1872 761 1999 803 cunt
2025 751 2348 807 lsechender
2373 771 2389 820 ;
2427 771 2522 823 pro
2546 753 2744 807 Scodra
2769 755 3015 809 lscodara
3044 773 3059 821 ;
3094 771 3189 823 pro
3214 757 3431 824 Scopia,

1875 841 2128 909 lIsropia.
2150 844 2427 914 Frequens
2451 861 2577 899 vero
2600 846 2650 898 in
2671 846 2954 900 annalibus
2978 846 3123 899 hisee
3155 848 3354 901 mentio
3380 848 3437 900 fit

1876 935 2238 998 lsvendiaris,
2278 939 2418 1006 quod
2471 946 2891 1008 cognomentmn
2950 938 3284 1007 principibus
3332 939 3437 992 illis

1874 1028 2029 1080 datur
2055 1071 2067 1089 ,
2102 1046 2334 1096 quorum
2381 1042 2495 1084 erat
2533 1031 2595 1082 ad
2623 1030 2853 1085 Pontum
2906 1031 3175 1087 Euxinum
3206 1032 3355 1093 ditio,
3384 1034 3435 1085 in

1879 1119 1987 1188 ipsa
2032 1121 2200 1176 Ponto
2228 1123 2527 1190 provincia,
2553 1123 2836 1191 vicinaque
2870 1123 3259 1193 Paphlagonia.
3282 1123 3439 1177 Chal-

1877 1214 2199 1283 cocondylcs
2226 1214 2511 1281 quemdam
2543 1227 2608 1266 ex
2641 1214 2719 1268 eis
2751 1214 2993 1268 nominat
3037 1214 3327 1279 Ismailem,
3353 1212 3440 1267 Si-

1877 1321 2029 1374 nopae
2059 1306 2383 1372 principem,
2405 1315 2458 1359 et
2482 1305 2606 1358 alibi
2634 1306 2930 1373 principem
2962 1305 3176 1374 Sinopa:
3214 1317 3269 1361 et
3310 1307 3438 1362 Cas-

1878 1396 2131 1457 tamonis,
2164 1396 2397 1451 amicum
2423 1406 2474 1449 et
2505 1398 2715 1451 socium
2763 1396 2946 1451 Mosis.
3009 1396 3064 1449 In
3120 1398 3318 1454 nostris
3345 1413 3438 1453 au-

1877 1496 1985 1539 tem
2014 1486 2302 1541 annalibus
2357 1488 2504 1542 hisce
2544 1489 2735 1558 legitur
2763 1528 2777 1551 ,
2821 1489 3110 1544 lsvcndiari
3143 1488 3434 1551 ,Temirem

1874 1574 2113 1629 Chanem
2143 1577 2225 1629 vel
2256 1576 2490 1639 dedisse,
2523 1578 2606 1632 vel
2660 1578 2941 1646 ademptas
2995 1594 3022 1632 a
3062 1579 3297 1649 Bajazitc
3352 1597 3441 1634 re—

1881 1664 2148 1730 stituisse,
2172 1666 2579 1729 Castamonam,
2599 1667 2907 1735 Congerim,
2939 1670 3265 1740 Calazugcn.
3295 1670 3434 1724 Idem

1880 1766 2131 1811 narratur
2165 1758 2404 1828 hospitio
2437 1758 2643 1815 Musam
2701 1763 3002 1830 excepisse,
3053 1764 3301 1833 clamque
3356 1781 3440 1819 se-

209 1854 283 1907 Dc
326 1853 499 1908 Smne
523 1854 681 1924 jussu
719 1857 888 1926 patris
908 1829 1201 1925 εχρίειρέιίον
1246 1829 1487 1915 nullum"
1508 1863 1559 1915 in
1598 1878 1773 1917 anna-
1810 1829 1847 1880 Β
1878 1863 1998 1901 cum
2021 1848 2299 1911 habuisse,
2329 1864 2451 1903 cum
2483 1852 2549 1905 ab
2579 1853 2747 1906 emire
2778 1853 3085 1907 Soleimane
3108 1854 3271 1909 “'3er
3298 1856 3439 1910 bello

206 1946 353 1997 libus
386 1946 629 2000 verbum.
657 1947 858 2003 Nomen
908 1947 1099 2004 Sauzis
1137 1951 1268 2006 illud
1323 1961 1426 2017 est,
1467 1954 1609 2023 quod
1670 1952 1773 2008 So-

206 2036 473 2091 leimanes
506 2037 775 2092 hodierno
818 2039 982 2094 veziri
1024 2043 1196 2095 azemi
1252 2042 1429 2099 adhuc
1460 2058 1636 2112 puere
1681 2044 1774 2097 dc-

203 2129 358 2183 disse
391 2128 582 2185 fertur.
616 2132 778 2187 Siaus
812 2132 953 2185 enim
986 2135 1143 2189 bassa
1178 2143 1424 2199 vocatur,
1474 2136 1630 2202 cujus
1678 2153 1774 2191 su-

205 2237 304 2288 pra
335 2239 555 2291 quoque
599 2225 887 2294 aliquoties
952 2227 1004 2279 in
1061 2231 1439 2297 supplemento
1500 2229 1770 2283 annalium

206 2323 401 2369 no~tro
432 2315 563 2369 facta
584 2319 805 2373 mentio.
845 2317 997 2384 Quod
1030 2329 1217 2375 autem
1252 2320 1413 2375 Sauzi
1474 2336 1502 2375 a
1542 2321 1772 2376 Reinec-

209 2409 299 2462 cio
338 2407 545 2464 Taures
577 2408 717 2465 filius
744 2412 1083 2476 attribuitur,
1116 2412 1208 2481 qui
1243 2412 1394 2467 exsul
1430 2413 1481 2467 in
1540 2412 1775 2483 Ungaria

202 2504 440 2557 vixerit:
470 2513 522 2557 et
551 2504 696 2572 quod
740 2506 879 2559 idem
943 2508 1028 2561 dat
1092 2506 1389 2575 Mustapha:
1434 2509 1776 2577 supposititio

208 2592 381 2646 filium
450 2593 727 2659 Davidem,
798 2612 861 2649 ex
926 2598 1253 2652 auctoritate
1299 2594 1525 2653 Joannis
1592 2600 1774 2654 Basilii

210 2684 453 2747 llcroldi,
481 2685 573 2753 qui
613 2694 667 2740 et
690 2685 802 2754 ipse
834 2687 924 2741 diu
979 2688 1239 2742 exsularit
1288 2690 1427 2757 apud
1486 2690 1772 2757 Ungaros:

200 2790 398 2828 errore
452 2776 682 2840 quodam
756 2775 972 2841 factum,
1021 2794 1085 2829 ex
1136 2777 1326 2831 vitiosa
1377 2779 1670 2848 scriptura,
1724 2791 1779 2834 ot

206 2864 428 2918 lleroldi
456 2866 903 2932 hallucinatione,
937 2868 1196 2936 profecto.
1235 2868 1348 2923 Non
1404 2872 1546 2924 enim
1573 2870 1779 2927 Taures

203 2956 357 3024 apud
408 2956 898 3029 Chalcocondylem
971 2959 1076 3027 legi
1165 2960 1345 3023 debet,
1409 2962 1500 3015 sed
1555 2961 1775 3028 Tautes,

201 3048 382 3102 tribus
412 3047 651 3117 syllabis,
695 3049 839 3118 quod
895 3064 1090 3104 nomen
1134 3059 1217 3105 est
1268 3051 1407 3106 Taut
1453 3052 1537 3105 vel
1596 3053 1728 3108 Dant
1761 3096 1775 3121 ,

1877 1951 2166 2009 peteretur.
2201 1941 2443 1997 Notanda
2471 1960 2689 2014 quoque
2717 1948 2875 1999 verba
2901 1947 3140 2009 Laonici,
3164 1964 3283 2002 cum
3322 1952 3394 2003 ait
3422 1993 3435 2011 ,

1880 2033 2303 2104 Scenderis,qui
2341 2036 2580 2105 Sinopen
2636 2040 2875 2108 regebat,
2921 2040 3090 2097 fuisse
3145 2042 3310 2095 tilium
3366 2042 3439 2096 ls-

1878 2128 2115 2183 mailem.
2164 2128 2372 2196 Quippe
2425 2130 2709 2195 legendum
2781 2142 2910 2197 puto
2962 2132 3277 2201 Spenderis,
3331 2150 3438 2186 non

1879 2220 2208 2287 Scenderis,
2264 2223 2392 2277 licet
2449 2223 2582 2277 mihi
2627 2239 2821 2279 nomen
2876 2224 3163 2281 Scenderis
3214 2241 3319 2279 non
3372 2227 3443 2279 sit

1880 2312 2146 2380 ignotum.
2188 2313 2524 2370 Pantleratiae
2575 2318 2868 2385 satrapiam
2902 2318 3044 2383 quod
3102 2318 3314 2380 attinet,
3360 2326 3443 2369 cst

1880 2404 1944 2457 ad
1972 2390 2200 2459 P'ontum
2233 2404 2504 2460 Euxinum
2540 2407 2757 2470 civitas,
2819 2408 2875 2461 in
2909 2408 3081 2463 Ponto
3133 2408 3435 2477 provincia,

1878 2513 1996 2565 quae
2024 2496 2183 2551 hodie
2202 2498 2531 2553 Penderacbi
2574 2500 2773 2553 dicitur
2800 2514 2900 2563 ;co
2954 2500 3125 2567 posita
3151 2500 3295 2565 situ,
3352 2515 3443 2553 ve-

1882 2588 2011 2643 teris
2046 2594 2101 2641 ut
2145 2588 2404 2643 lleracliae
2436 2588 2671 2644 Ponticae
2694 2591 2870 2644 locum
2925 2606 3221 2660 occupasse
3268 2592 3447 2647 vidca-

1881 2688 1986 2731 tur.
2015 2679 2096 2732 Ab
2128 2679 2227 2733 hac
2254 2678 2298 2733 si
2325 2678 2449 2733 dicti
2510 2696 2615 2733 non
2672 2693 2800 2736 sunt
2853 2678 3214 2749 Sphenderes,
3262 2682 3443 2735 lsven—

1881 2772 2130 2827 diaresve
2170 2772 2323 2841 begi,
2350 2790 2489 2843 quos
2518 2775 2607 2828 alii
2638 2774 2881 2843 Spender
2901 2781 2995 2827 aut
3043 2772 3445 2843 Sponderbeios

1880 2875 2167 2933 vocarunt,
2230 2865 2412 2919 saltim
2497 2866 2801 2934 Spenderes
2865 2867 3062 2936 oppido
3123 2867 3444 2936 regionique

1882 2969 2077 3008 nomen
2117 2956 2334 3009 dedere.
2374 2956 2445 3010 De
2477 2957 2563 3012 his
2593 2965 2646 3011 et
2682 2957 2783 3010 alia
2817 2957 2960 3027 leges
2993 2958 3156 3024 infra,
3213 2963 3445 3012 n’umero

1882 3044 1969 3098 15.
1999 3043 2151 3100 Nunc
2188 3047 2253 3100 ad
2284 3046 2701 3102 Osmanidarum
2740 3048 3112 3119 genealogiam
3149 3056 3208 3101 ut
3257 3048 3447 3104 redea-

206 3138 677 3206 quemadmodum
736 3141 941 3194 nostris
1002 3142 1054 3193 in
1094 3141 1385 3196 annalibus
1444 3143 1579 3197 Daut
1620 3145 1777 3200 bassa

1888 3152 2023 3200 mus,
2064 3137 2327 3205 'cquidem
2384 3152 2490 3191 non
2557 3141 2653 3191 abs
2712 3154 2767 3192 re
2826 3139 3037 3203 dubito,
3104 3154 3170 3192 an
3206 3139 3344 3193 duos
3380 3155 3443 3192 ex

206 3229 435 3296 legitur,
464 3231 564 3283 sub
608 3230 834 3299 imperio
890 3231 1145 3299 Bajazitts
1193 3233 1438 3288 secundi.
1494 3233 1777 3292 Et'l‘urcis

206 3323 368 3375 Daud
408 3323 624 3387 dicitur,
651 3326 739 3390 qui
780 3322 944 3376 David
978 3321 1236 3378 Hebraeis.
1280 3323 1377 3379 Hic
1401 3341 1530 3397 ergo
1581 3326 1778 3383 Tautes

201 3430 377 3468 verus
415 3424 531 3468 esto
563 3414 755 3469 Sauzis
792 3415 955 3479 filius,
984 3415 1121 3469 alter
1152 3428 1335 3471 autem
1389 3416 1604 3474 Dusmis
1635 3418 1779 3472 Mus-

201 3508 395 3575 taphaa
421 3506 560 3558 filius
581 3504 770 3567 David,
798 3521 895 3559 ceu
945 3510 1385 3574 commentitius,
1435 3511 1776 3580 expungitor.

203 3598 509 3664 Perpcram
534 3596 726 3650 deinde
754 3598 986 3651 traditur
1019 3612 1049 3653 a
1096 3601 1315 3666 nostris,
1348 3599 1486 3655 lsam
1520 3600 1633 3656 sive
1683 3601 1781 3656 Jo-

202 3705 400 3747 suam,
452 3689 563 3742 sive
608 3688 791 3742 Jesum
848 3689 1127 3753 majorem,
1191 3706 1218 3742 a
1294 3690 1652 3758 Musulmane,
1687 3694 1780 3760 qui

200 3781 413 3835 Turcis
468 3792 549 3834 est
592 3782 727 3833 cmir
773 3780 1074 3846 Soleiman,
1134 3783 1416 3836 occisum:
1478 3799 1600 3837 cum
1666 3785 1782 3853 ejus

203 3873 374 3925 necis
415 3872 623 3937 culpam
676 3869 981 3926 Turcorum
1038 3875 1258 3928 annales
1308 3876 1358 3928 in
1394 3875 1621 3937 Musam,
1672 3877 1784 3931 sive

200 3965 447 4026 Mnsem,
512 3964 731 4016 fratrem
782 3962 993 4027 alium,
1048 3964 1311 4018 (lerivent.
1382 3964 1578 4020 Volunt
1620 3969 1782 4021 etiam

204 4056 422 4121 nostri,
485 4070 622 4124 quos
676 4054 997 4111 Reineccius
1052 4055 1105 4109 in
1140 4055 1553 4110 Osmanidarum
1623 4068 1783 4113 stem-

204 4160 365 4202 mate
389 4148 656 4214 sequitur,
723 4146 1123 4201 Muchemetem
1154 4148 1452 4202 secundum
1492 4148 1657 4205 fuisse
1688 4166 1784 4203 na-

1888 3228 2028 3283 illius
2094 3227 2422 3297 Sphenderis
2488 3230 2597 3284 tilia
2666 3228 3227 3299 Muratessusceperit
3282 3230 3445 3286 ﬁlios.

1887 3319 2155 3374 Laonicus
2193 3330 2339 3375 certe
2369 3322 2636 3374 duntaxat
2680 3321 2845 3376 unius
2909 3324 3239 3377 mentionem
3295 3321 3449 3385 facit,

1887 3428 2044 3481 quem
2079 3412 2430 3467 Cambrinius
2481 3413 2716 3482 appellat
2763 3412 3105 3482 Calapinum,
3163 3430 3191 3469 a
3248 3431 3448 3483 cogno-

1889 3512 2068 3558 mento
2095 3505 2299 3572 potius,
2334 3519 2495 3573 quam
2524 3505 2745 3558 nomine
2814 3506 3056 3574 proprio.
3107 3503 3237 3559 Nam
3286 3508 3447 3561 Cala-

1889 3599 2047 3667 pinus
2088 3598 2411 3652 vocabulum
2475 3610 2791 3664 corruptum
2856 3608 2937 3654 est
2990 3616 3053 3653 ex
3113 3600 3333 3666 Zulebi,
3381 3604 3449 3656 de

1888 3690 2044 3757 cujus
2074 3691 2376 3756 signiﬁcato
2407 3705 2572 3758 supra
2606 3691 2938 3745 monuimus.
2982 3692 3083 3745 Alii
3127 3692 3444 3761 Chialapum
3475 3722 3480 3727 -

1889 3782 2094 3845 dixere,
2114 3782 2280 3850 'quod
2307 3798 2371 3836 ex
2401 3783 2593 3836 eodem
2621 3783 2792 3836 zelehi
2840 3781 3045 3837 factum
3078 3796 3249 3850 paret.
3279 3786 3480 3853 Major-

1891 3875 2119 3928 aliorum
2144 3872 2417 3941 opinione,
2452 3874 2545 3943 qui
2580 3875 2718 3929 duos
2750 3874 2978 3939 faciunt,
3030 3874 3291 3930 Tui-sines
3322 3887 3450 3932 teta-

1892 3965 1963 4019 tis
2006 3978 2191 4017 mense
2248 3963 2457 4018 decimo
2511 3974 2702 4020 octavo
2772 3974 2998 4018 necatus
3045 3964 3127 4035 (ut
3187 3966 3357 4036 aiunt)
3418 3983 3447 4021 a

1894 4054 2227 4109 Mocbemete
2255 4055 2514 4121 secundo,
2549 4070 2742 4110 nomen
2790 4054 2949 4110 habet
2990 4057 3247 4122 insolens,
3278 4068 3332 4111 et
3365 4058 3450 4110 in-

1892 4146 2607 4215 cognitumOsmanidarum
2684 4148 2923 4203 familias.
2982 4149 3082 4202 Per
3129 4165 3214 4204 me
3268 4159 3445 4204 tamen

198 4254 337 4296 tum
385 4255 448 4294 ex
475 4237 890 4306 lrene.Georgii
917 4237 1236 4300 Bulcovizii,
1303 4238 1611 4293 Serviorum
1662 4243 1786 4296 des-

191 4330 545 4401 potze,tilia.
586 4327 800 4381 Falsum
836 4329 936 4382 hoc
961 4342 1103 4393 esse,
1172 4329 1463 4383 manifesto
1522 4339 1669 4399 patet
1720 4348 1789 4385 ex
1898 4331 2078 4385 milius
2106 4332 2266 4405 etiam
2322 4345 2484 4389 vero.
2540 4330 2806 4398 siquidem
2867 4331 3086 4383 omnino
3141 4329 3289 4385 fuere
3341 4332 3449 4386 duo

190 4420 516 4476 annalibus
546 4418 694 4472 hisce
714 4417 940 4481 nostris,
973 4427 1027 4471 et
1056 4433 1320 4473 annorum
1374 4422 1801 4488 supputatione-
1898 4421 2113 4484 fratres,
2140 4421 2365 4475 Muratis
2402 4436 2466 4473 ex
2502 4419 2879 4487 Sphenderina
2917 4420 3009 4473 filii
3038 4436 3179 4475 unus
3219 4431 3341 4490 post
3370 4422 3448 4475 al-

187 4514 401 4567 Natus
447 4510 590 4562 enim
641 4503 740 4562 fuit
804 4508 1167 4563 Muchemetes
1222 4525 1364 4564 anno
1399 4508 1626 4565 Turcico
1686 4510 1789 4566 835
1824 4523 1863 4576 ο
1894 4518 2068 4564 terum
2105 4519 2211 4563 tam
2233 4510 2376 4563 brevi
2421 4509 2976 4577 temporisintervallo
3003 4509 3158 4572 nati,
3219 4525 3449 4578 puerum

188 4604 377 4672 (Chr.
422 4601 599 4669 N50).
638 4601 1067 4654 Muratesautem
1096 4601 1252 4653 duxit
1309 4600 1500 4655 lrenen
1548 4603 1790 4671 quinque
1893 4610 2020 4653 natu
2074 4598 2332 4665 majorem
2400 4597 2703 4651 octodecim
2770 4599 3035 4651 mensium
3111 4599 3453 4667 deportatum

188 4705 343 4764 post
372 4693 555 4754 annis,
618 4691 999 4745 lllahumetano
1055 4689 1265 4744 scilicet
1312 4690 1438 4745 838.
1490 4690 1605 4743 Non
1658 4708 1788 4761 ergo
1896 4689 2061 4743 fuisse
2097 4688 2629 4757 Constantinopolim
2683 4698 2737 4741 ct
2773 4688 3048 4752 Venetias,
3106 4699 3159 4743 ut
3212 4706 3457 4745 servare-

185 4784 606 4857 potuitlreues
635 4798 756 4838 esse
778 4782 923 4840 filius
957 4781 1341 4837 Muchemetes.
1372 4780 1642 4838 Praeterea
1684 4799 1789 4837 non
1895 4788 2004 4843 tur,
2058 4781 2203 4849 quod
2259 4777 2492 4833 Gaifraco
2548 4779 2766 4848 placet,
2835 4794 2996 4848 quam
3030 4795 3121 4835 sex
3188 4781 3454 4834 mensium

186 4878 491 4949 potuisset
526 4890 589 4927 ex
629 4874 779 4927 lrene
808 4881 969 4927 natus
1004 4872 1162 4926 initio
1188 4872 1336 4940 regni
1372 4873 1555 4941 plures
1615 4876 1792 4928 aetatis
1896 4867 2175 4932 infantem,
2211 4868 2353 4937 quod
2387 4867 2699 4923 Reinectﬁo.
2724 4867 2993 4957 Cteterum
3031 4870 3175 4923 inter
3202 4869 3457 4939 Bajazitis

181 4983 401 5025 annos
428 4964 641 5027 habere,
674 4979 833 5033 quam
870 4962 1187 5028 sexdecim,
1235 4978 1359 5015 cum
1419 4973 1597 5017 tanien
1656 4979 1792 5019 con-
1896 4960 2114 5015 secundi
2144 4961 2365 5026 liberos,
2412 4977 2511 5015 nec
2561 4962 2701 5015 Alim
2736 4962 2935 5031 Caplla:
2998 4971 3293 5030 satrapam,
3359 4977 3459 5014 nec

182 5068 319 5117 stet
364 5057 639 5123 imperare
691 5054 900 5121 cepisse
960 5060 1146 5106 natum
1216 5051 1404 5122 viginti
1454 5068 1618 5106 unum
1648 5054 1793 5121 ,plus
1898 5051 2157 5106 Moralem
2201 5061 2473 5120 satrapam
2540 5050 2899 5121 Trapezuntis
2941 5053 3118 5121 posui,
3174 5061 3285 5105 tum
3314 5054 3456 5120 quod

184 5150 411 5206 minus
440 5157 633 5197 annos.
673 5141 781 5195 Nec
829 5141 1023 5195 Irenen
1093 5141 1260 5195 fuisse
1318 5142 1515 5194 dictam
1575 5141 1790 5212 Georgii
1898 5143 2233 5207 Menavinus,
2266 5144 2420 5197 testis
2448 5143 2719 5206 oculatus,
2754 5144 2949 5196 horum
2974 5158 3080 5195 non
3120 5143 3453 5197 meminerit:

180 5243 468 5306 despotm
535 5232 720 5296 tiliam,
766 5234 861 5285 sed
912 5231 1170 5291 Mariam,
1222 5230 1574 5286 ostendemus
1634 5231 1792 5295 infra,
1900 5247 2012 5288 tum
2036 5233 2224 5296 etiam,
2284 5234 2428 5303 quod
2484 5232 2837 5301 Trapezuntis
2895 5231 3272 5300 praefecturam
3318 5231 3461 5285 Seli~

183 5337 464 5384 numero
491 5320 579 5386 96,
610 5336 767 5391 quem
796 5321 973 5373 locum
1000 5320 1169 5375 lector
1194 5335 1321 5391 cum
1355 5323 1455 5375 hoc
1476 5320 1790 5390 conjungat.
1900 5341 2038 5380 mem
2094 5324 2437 5389 obtinuisse,
2498 5324 2701 5378 nostris
2758 5340 2822 5377 ex
2877 5324 3187 5386 annalibus,
3247 5333 3298 5377 et
3343 5324 3460 5391 ipso

181 5422 401 5485 Quem
443 5428 602 5479 porro
634 5409 1090 5481 Sponderbeium,
1119 5413 1352 5464 nobilem
1388 5413 1439 5464 in
1473 5414 1793 5466 Panderatia
1901 5415 2186 5470 Menavino
2214 5424 2448 5480 constet,
2493 5414 2723 5484 indeque
2776 5414 3018 5483 Capham
3064 5415 3457 5473 transmisisse.

186 5512 603 5575 Satrapamex
625 5501 803 5565 Enea
828 5504 996 5557 Silvio
1024 5513 1179 5556 vocat
1210 5502 1557 5566 Reinercius,
1588 5514 1794 5572 patrem
1902 5524 2024 5561 cum
2066 5509 2132 5561 de
2153 5508 2474 5576 occupando
2499 5508 2724 5573 imperio
2742 5506 3047 5577 cogitaret;
3100 5520 3209 5573 quo
3245 5520 3302 5559 se
3351 5521 3459 5557 nou

182 5598 488 5659 sccunda:
522 5596 741 5650 Muratis
765 5596 988 5649 secundi
1032 5595 1298 5663 conjugis,
1328 5593 1660 5664 Spelltil'l‘t‘lll
1718 5596 1797 5648 di-
1901 5599 2243 5675 contulisset,
2272 5600 2316 5652 si
2350 5599 2543 5652 fuisset
2578 5598 2700 5651 iStic
2756 5597 2868 5653 Alis
2920 5598 3108 5658 frater,
3167 5597 3459 5650 conatibus

180 5708 372 5754 ctum
432 5690 658 5757 legimus
689 5689 741 5742 in
767 5688 912 5743 edito
945 5688 1177 5742 Laonico
1208 5706 1219 5751 ;
1249 5688 1391 5756 quod
1434 5702 1629 5741 nomen
1658 5687 1795 5738 idem
1904 5692 2039 5745 haud
2077 5691 2238 5746 dubie
2272 5691 2487 5745 Selimis
2512 5692 2835 5755 obstiturus,
2902 5690 2995 5757 qui
3056 5690 3288 5741 aliorum
3346 5687 3457 5739 fra-

179 5798 288 5848 ι-,ι
326 5796 467 5841 cum
496 5779 831 5849 Sphendere,
857 5795 1013 5850 quem
1046 5780 1406 5835 lsvcndiarcm
1437 5779 1797 5848 Turciappcl-
1905 5795 2044 5837 trum
2079 5783 2463 5852 impedimenta
2498 5792 2768 5848 metuens,
2822 5784 2923 5835 hoc
2959 5782 3133 5849 ipsum
3189 5782 3286 5833 iter
3321 5779 3457 5833 arri.

1893 4240 1961 4294 de
1986 4240 2091 4303 his,
2124 4248 2182 4293 ut
2215 4239 2442 4307 quilibet
2470 4238 2737 4292 arbitratu
2761 4254 2861 4293 suo
2907 4248 3135 4302 statuat,
3185 4241 3329 4295 licet.
3365 4243 3450 4296 Si-
