4198 6426
677 377 779 438 723

1899 383 2218 443 JUANNIS
2255 382 2716 440 LE'LINCLAVH

3820 382 3923 446 795

677 501 886 557 puerat.
949 491 1190 546 Asiatico
1235 494 1405 558 magis
1458 495 1894 564 compendiario,
1950 499 2239 562 minusque
2275 502 2315 554 Α
2348 508 2568 564 propter
2603 497 2749 549 illius
2774 494 2944 549 Graeci
3007 496 3284 557 virtutem,
3346 494 3613 563 fortiaque
3644 496 3918 560 facinora,

677 582 901 644 difficili,
935 583 1146 638 relicto.
1200 585 1350 639 Zemi
1406 587 1574 642 fuisse
1608 588 1801 654 lilium,
1859 590 2024 644 tradit
2077 590 2240 644 etiam

677 674 1010 728 secretarius
1078 675 1411 744 Sigismundi
1449 677 1766 743 Malatestte,
1843 681 1936 749 qui
1963 680 2148 733 inutilis
2189 681 2242 732 in

678 764 883 820 Graecia
927 775 1053 821 tunc
1081 778 1135 822 et
1164 769 1289 822 Asia
1317 772 1481 838 gestis
1532 772 1697 827 rebus
1730 772 2002 826 interluit.
2054 771 2245 824 Fortu-

680 873 800 910 nam
837 857 1021 926 hujus,
1055 870 1104 913 et
1132 862 1456 927 liberorum,
1492 866 1772 920 memoria:
1793 865 2032 932 prodidit
2072 865 2246 933 Span-

679 949 934 1018 duginus,
968 952 1062 1005 sed
1098 955 1320 1007 nomina
1349 970 1458 1009 non
1486 959 1759 1024 exposuit.
1799 956 1931 1012 Vide
1955 972 2077 1026 qua:
2105 958 2244 1010 infra

681 1041 1012 1110 notabimus,
1074 1046 1250 1113 capite
1310 1047 1432 1102 155.
1502 1047 1787 1104 Sullanum
1841 1050 2245 1112 Soleimanem,

680 1132 898 1187 Selimis
938 1134 1129 1198 filium,
1165 1139 1466 1194 secundum
1501 1156 1657 1204 voco,
1714 1158 1821 1194 non
1863 1152 2113 1210 respectu
2149 1142 2248 1194 So-

683 1225 955 1291 lcimanis,
1019 1225 1292 1284 Urt'banis
1353 1232 1472 1295 filii,
1533 1233 1626 1302 qui
1663 1248 1767 1287 non
1835 1235 2108 1294 sultanus,
2154 1238 2249 1288 sed

681 1318 972 1385 sangiaeus
1003 1321 1267 1376 duntaxat
1300 1325 1422 1389 fuit,
1457 1341 1555 1380 nec
1619 1329 1756 1396 patri
1815 1327 2112 1382 succedere
2145 1340 2249 1394 po-

685 1408 807 1472 tuit,
841 1424 965 1463 cum
1001 1424 1128 1467 ante
1154 1425 1362 1482 patrem
1406 1417 1480 1471 sit
1532 1429 1824 1472 mortuus:
1882 1419 1978 1472 sed
2042 1419 2251 1472 ratione

683 1503 829 1558 illius
870 1503 1057 1560 emiris
1088 1506 1437 1571 Soleimauis,
1473 1509 1728 1580 Bajazitis
1753 1510 2070 1566 Gilderunis
2131 1510 2251 1575 ﬁlii,

684 1595 1022 1650 sultanorum
1067 1597 1118 1649 in
1156 1599 1355 1655 ordine
1376 1602 1576 1668 quinti,
1609 1618 1771 1671 quem
1823 1617 2110 1671 perperam
2161 1603 2252 1656 alii

685 1681 1082 1739 Mulsumanem
1108 1697 1326 1743 vocant.
1359 1690 1603 1760 Denique
1665 1695 1936 1747 monitum
1991 1694 2250 1750 lectorem

689 1774 832 1841 volo,
873 1792 960 1832 me
991 1778 1094 1832 hac
1157 1780 1210 1834 in
1260 1783 1575 1853 genealOgia
1635 1794 1858 1840 notasse
1915 1787 2254 1841 sultanorum

2346 585 2554 639 territis
2587 583 2861 648 omnibus,
2888 598 3048 636 nemo
3093 598 3216 637 cum
3244 584 3348 637 hoc
3381 583 3746 639 dimicaturus
3802 600 3921 638 cer-

2351 680 2550 731 tamine
2609 677 2873 746 singulari
2951 678 3215 746 prodiret,
3274 679 3490 732 tandem
3551 682 3923 735 armentarius

2349 769 2571 838 quidam
2597 785 2663 823 ex
2709 769 2944 836 posteris
2998 770 3218 836 Oguzis,
3281 786 3441 838 quem
3483 786 3644 825 nemo
3691 775 3922 842 scripto-

2353 879 2468 915 rum
2495 862 2854 916 Turcicorum
2878 862 2985 916 alio
3006 877 3170 930 quam
3201 862 3345 917 Delis
3400 864 3640 927 nomine,
3695 873 3922 933 prepte-

2351 971 2439 1008 rea
2471 955 2615 1023 quod
2644 953 2807 1008 stulte
2847 955 3189 1019 temerarius,
3256 964 3310 1009 et
3338 956 3538 1010 infima:
3590 955 3924 1010 conditionis

2353 1050 2512 1101 homo
2538 1049 2718 1111 fuerit,
2745 1048 3000 1116 appellat,
3053 1048 3304 1102 Aladinis
3337 1049 3390 1102 in
3431 1059 3784 1117 conspectum
3839 1063 3929 1101 ve-

2353 1143 2522 1200 niens.
2563 1141 2959 1194 vindicaturum
3008 1144 3067 1196 se
3099 1142 3383 1208 profitetur
3434 1140 3661 1210 injurias
3713 1140 3784 1193 ab
3837 1140 3928 1193 illo

2351 1230 2661 1285 Christiano
2687 1239 2768 1285 tot
2801 1231 2931 1285 viris
2977 1231 3214 1285 fortibus
3245 1231 3438 1286 illatas.
3469 1231 3679 1298 Quibus
3702 1229 3926 1292 auditis.

2357 1324 2553 1378 mirum
2593 1324 2697 1378 sibi
2731 1323 2897 1378 videri
2933 1323 3068 1377 dixit
3100 1323 3378 1387 Aladines,
3420 1338 3484 1378 ex
3522 1324 3636 1378 suis
3696 1332 3778 1378 tot
3831 1323 3932 1376 mi-

2356 1416 2606 1470 litaribus
2631 1416 2761 1470 viris
2831 1416 3054 1485 reperiri
3107 1416 3401 1470 neminem.
3456 1415 3548 1485 qui
3611 1430 3709 1470 sua
3769 1429 3933 1468 causa

2357 1518 2434 1564 tot
2464 1509 2582 1564 neci
2609 1509 2768 1564 datas
2809 1509 3022 1563 animas
3051 1508 3238 1564 ulcisci
3277 1509 3457 1572 vellet,
3517 1518 3714 1578 praeter
3765 1524 3932 1563 unum

2360 1603 2506 1655 hunc
2527 1601 2756 1656 stultum
2787 1601 3086 1654 hominem.
3117 1599 3169 1653 is
3233 1615 3362 1654 vero
3418 1600 3618 1653 iterum
3646 1616 3660 1650 :
3693 1599 3934 1654 Obsecro

2360 1703 2434 1756 te,
2476 1696 2769 1763 princeps,
2819 1692 3014 1761 inquit,
3077 1700 3131 1744 ut
3170 1705 3303 1758 pace
3349 1702 3438 1745 tua
3461 1707 3585 1745 cum
3646 1691 3753 1745 hoc
3804 1692 3932 1744 mihi

2358 1785 2672 1841 Christiano
2705 1799 2949 1855 pugnare
2977 1785 3158 1840 liceat.
3193 1784 3407 1854 Quippe
3437 1783 3483 1838 si
3521 1783 3760 1838 maxime
3822 1800 3935 1838 mo-

686 1883 880 1931 aunos,
905 1871 1106 1940 quibus
1144 1873 1486 1941 imperarint,
1520 1875 1975 1932 Mabumetanos:
2010 1881 2102 1948 qui
2133 1878 2255 1949 qui-
2290 1857 2329 1910 Β
2364 1879 2493 1945 riar,
2529 1879 2783 1947 exiguam
2829 1878 2944 1946 ipse
2966 1878 3239 1946 jacturam
3297 1876 3486 1943 facies,
3558 1878 3760 1932 amisso
3800 1879 3937 1931 dun-

691 1961 815 2014 dem
843 1963 907 2016 ad
941 1979 1115 2021 anuos
1157 1965 1498 2024 Christianos
1561 1985 1666 2040 qua
1705 1971 1912 2025 ratione
1962 1972 2131 2042 redigi
2161 1972 2251 2026 de.

694 2055 876 2120 beant,
907 2058 1068 2125 paulo
1109 2069 1230 2129 post
1256 2061 1556 2129 exposituri
1597 2063 2039 2118 sutuus.C-.etera
2094 2063 2258 2133 hujus

692 2150 1042 2220 genealogim.
1076 2154 1389 2220 prolixiuris
1441 2155 1816 2224 explicationis
1881 2156 2021 2209 hami
2077 2167 2256 2226 egent.

694 2237 872 2296 Unum
905 2245 1175 2301 duntaxat
1211 2247 1312 2302 hoc
1360 2249 1523 2312 addo,
1587 2249 1792 2317 liquere
1847 2250 1915 2303 de
1966 2248 2067 2304 hac
2117 2251 2261 2305 serie

694 2333 1050 2390 Sultanorum
1106 2335 1567 2401 Osmanidarum.
1662 2342 1924 2398 hactenus
2007 2358 2262 2412 regnasse

696 2427 944 2482 sultanos
967 2429 1282 2493 duodecim,
1325 2431 1464 2486 linea
1499 2433 1728 2494 directa,
1777 2432 1901 2487 filiis
1959 2434 2012 2486 in
2051 2444 2258 2502 patrum

699 2520 811 2572 loca
843 2520 1258 2577 succedentibus
1290 2537 1304 2573 :
1339 2524 1474 2578 duos
1519 2540 1668 2588 vero,
1729 2525 1979 2580 videlicet
2040 2527 2260 2580 emirem

695 2610 1102 2680 Soleimanem,
1155 2624 1208 2669 et
1261 2615 1469 2670 Musam
1528 2617 1778 2682 zelebim,
1833 2631 1898 2671 ex
1955 2630 2266 2672 transverso

701 2705 1008 2772 irrepsisse.
1035 2707 1200 2763 nullis
1235 2708 1287 2762 in
1313 2709 1542 2778 imperio
1577 2719 1697 2779 post
1733 2725 1794 2765 se
1816 2710 2021 2764 relictis
2053 2709 2262 2763 liberis:

697 2799 841 2865 quod
863 2799 1104 2854 vaticinii
1131 2799 1417 2868 cujusdam
1451 2802 1659 2869 antiqui
1702 2816 1865 2856 causa
1919 2800 2269 2854 dissimulare

701 2907 806 2944 non
839 2892 1022 2959 debui,
1043 2894 1202 2963 cujus
1225 2894 1431 2951 exitum
1467 2895 1702 2949 fortasse
1727 2895 1946 2948 tandem
1979 2893 2269 2961 aliquando

701 2984 1026 3038 videbimus.

916 3123 968 3174 f.
997 3121 1073 3176 De
1107 3123 1308 3192 origine
1333 3125 1665 3178 saltauerunt
1701 3125 2059 3181 Turcicarum.

783 3255 898 3324 Equ
927 3258 1048 3311 dem
1078 3259 1215 3312 nihil
1267 3260 1528 3314 hactenus
1573 3260 1757 3314 inveni
1811 3260 2087 3312 memoriae
2139 3273 2272 3326 pro-

706 3351 880 3402 ditum
912 3357 1006 3400 aut
1033 3347 1269 3417 plenius,
1303 3358 1396 3402 aut
1429 3351 1639 3412 verius,
1674 3359 1765 3403 aut
1799 3349 1992 3405 saltem
2013 3348 2271 3410 similius,

708 3442 777 3495 de
811 3441 1021 3511 origine
1056 3441 1397 3495 sultanornm
1431 3442 1879 3508 Osmanidarum,
1913 3457 2078 3511 quam
2131 3442 2278 3510 quod

711 3532 798 3584 hic
827 3531 880 3584 in
915 3531 1214 3586 Annalibus
1246 3531 1464 3601 legitur.
1523 3531 1722 3586 Facere
1754 3542 1933 3586 tamen
1990 3547 2098 3585 non
2155 3545 2281 3599 pos-

713 3635 859 3685 sunt,
885 3620 1018 3688 quin
1049 3620 1268 3675 lectoris
1292 3636 1455 3676 causa
1483 3660 1498 3686 ,
1556 3622 1920 3692 c0gnosccndi
1971 3637 2058 3675 res
2091 3619 2282 3674 Turci-

713 3728 806 3766 cas
831 3714 1085 3778 studiosi,
1119 3713 1366 3784 quaedam
1403 3715 1504 3769 hoc
1533 3715 1656 3770 loco
1697 3713 2013 3784 subjiciam,
2047 3728 2077 3767 a
2101 3714 2280 3769 Theo-

714 3805 853 3860 doro
886 3805 1237 3876 Spandugino
1263 3806 1646 3861 Cantacuxeno
1677 3807 1897 3861 tradita.
1953 3805 2149 3860 Narrat
2211 3806 2278 3869 is,

718 3913 776 3951 se
796 3908 1000 3968 quanta
1035 3899 1272 3952 maxima
1300 3899 1543 3968 potuerit
1563 3900 1840 3968 diligentia
1885 3898 2284 3968 conquisivisse

719 3993 1014 4058 scriptores
1072 4006 1254 4044 rerum
1320 3991 1699 4056 Turcicarum,
1735 3991 1826 4060 qui
1883 3990 2150 4058 originem
2181 3987 2286 4044 Os-

721 4083 950 4136 manicae
985 4081 1205 4136 familia;
1261 4083 1547 4136 retulerint
1584 4083 1639 4136 in
1674 4083 1908 4143 litteras,
1967 4084 2146 4151 deque
2198 4081 2285 4135 his

721 4181 935 4226 tandem
994 4172 1372 4228 intellexisse:
1437 4174 1765 4242 principium
1820 4174 1983 4242 hujus
2040 4174 2289 4228 extitisse

721 4264 1047 4332 quibusdam
1107 4265 1176 4318 ab
1215 4265 1600 4330 armentariis,
1653 4266 1874 4319 natione
1933 4263 2168 4326 Tataris,
2222 4278 2287 4316 ex

723 4357 1041 4424 posteritate
1069 4358 1352 4428 cujusdam
1391 4357 1614 4423 Oguzis.
1644 4355 1842 4411 Multas
1870 4358 2012 4411 enim
2061 4355 2290 4409 Tataro-

725 4467 844 4504 rum
876 4450 1112 4504 familias
1145 4450 1196 4503 id
1233 4450 1511 4517 temporis,
1545 4463 1668 4501 cuin
1719 4447 1967 4502 sultanus
2003 4448 2286 4507 Aladines,

2297 3211 2343 3274 C

2362 1979 2509 2026 taxat
2559 1970 2782 2025 homine
2832 1971 3020 2025 stulto.
3091 1970 3188 2024 llis
3250 1970 3432 2037 dictis,
3495 1971 3785 2039 impetrata
3846 1985 3938 2038 pu-

2363 2063 2563 2131 guaudi
2595 2063 2836 2129 licentia,
2879 2063 3130 2133 quamvis
3192 2078 3335 2131 :egre
3387 2065 3686 2131 permoveri
3727 2079 3801 2118 se
3853 2079 3937 2131 pa-

2367 2166 2574 2210 teretur
2625 2157 2923 2218 Aladines,
2976 2165 3034 2210 ut
3063 2156 3112 2209 ei
3142 2171 3266 2210 eum
3325 2158 3496 2210 altero
3548 2154 3938 2223 congrediundi

2367 2258 2686 2318 potestatem
2717 2248 2942 2313 faceret,
3005 2249 3188 2318 prodit
3216 2249 3268 2301 iu
3305 2250 3544 2312 hostem,
3585 2249 3942 2316 manibusque

2367 2358 2490 2396 cum
2524 2358 2587 2396 co
2666 2343 2956 2404 consertis,
3020 2351 3244 2396 strenue
3297 2341 3610 2396 dimicando
3658 2343 3942 2397 victoriam

2369 2435 2585 2489 tandem
2632 2434 2918 2503 apiscitur.
2978 2432 3256 2494 Aladines,
3317 2441 3375 2486 ut
3408 2434 3644 2488 hominis
3687 2435 3940 2488 virtutem

2368 2527 2550 2595 aliquo
2575 2525 2796 2592 praemio
2826 2533 3290 2586 remuneraretur,
3317 2524 3363 2574 ei
3399 2522 3583 2576 villam
3634 2523 3943 2578 Otomanzi-

2370 2634 2486 2670 ram
2519 2619 2664 2672 dono
2691 2615 2875 2680 dedit;
2905 2631 2935 2669 a
2969 2630 3075 2683 qua
3108 2630 3305 2669 nomen
3361 2614 3785 2678 Otomanorum,
3848 2614 3945 2668 Dc-

2373 2709 2436 2762 lis
2468 2708 2627 2777 hujus
2655 2708 2852 2775 posteri
2907 2723 3210 2775 sumpsere.
3267 2709 3403 2764 Cum
3464 2709 3608 2763 enim
3676 2724 3776 2777 per
3832 2723 3946 2760 eam

2372 2816 2534 2869 quam
2619 2799 2880 2861 diximus,
2950 2800 3257 2865 victoriam,
3313 2799 3556 2854 nominis
3605 2801 3690 2853 sui
3745 2797 3947 2851 famam

2373 2897 2531 2964 longe
2562 2895 2780 2964 lateque
2807 2904 3173 2966 propagasset,
3229 2912 3334 2949 non
3389 2895 3504 2960 ipse
3548 2897 3948 2956 tantummodo,

2375 3002 2563 3039 verum
2593 2987 2753 3040 etiam
2797 2985 3107 3054 complures
3138 2987 3251 3050 alii,
3303 3002 3440 3055 quos
3503 3001 3534 3040 e
3581 2986 3803 3039 Tataria
3862 3000 3950 3038 vc-

2378 3079 2524 3133 nisse
2546 3079 2992 3140 memoravimus,
3019 3078 3319 3131 habitatum
3350 3079 3402 3129 iu
3431 3076 3786 3131 Otonianzica
3822 3093 3954 3144 pago

2375 3184 2435 3223 se
2467 3170 2833 3222 contulerunt.
2863 3168 3070 3236 Quippe
3095 3167 3312 3220 volebat
3367 3183 3454 3221 res
3491 3169 3609 3219 istic
3631 3180 3766 3219 suas
3831 3180 3952 3215 cum

2379 3262 2500 3314 aliis
2543 3263 2643 3314 sibi
2710 3274 3033 3314 communes
3067 3273 3228 3314 esse:
3284 3274 3390 3327 qua
3452 3258 3520 3311 de
3575 3271 3741 3310 causa
3808 3256 3956 3310 nullo

2380 3369 2546 3423 prope
2579 3353 2798 3422 negotio
2829 3351 3074 3419 perfecit,
3117 3361 3175 3402 ut
3204 3366 3268 3405 eo
3338 3361 3530 3418 sponte
3563 3365 3659 3402 sua
3722 3365 3954 3417 magnus

2383 3445 2660 3497 hominum
2692 3453 3039 3496 concurreret
3069 3457 3354 3504 numerus,
3384 3443 3606 3508 ipseque
3650 3456 3828 3510 pagus
3879 3440 3956 3492 in-

2381 3546 2716 3587 ειτιηιιιιιυιη
2752 3549 2858 3588 non
2891 3533 3144 3601 exiguqu
3193 3540 3428 3600 caperet.
3492 3533 3555 3584 Et
3589 3534 3714 3600 quia
3773 3531 3958 3585 Chris-

2384 3626 2657 3677 tianorum
2697 3624 2748 3676 in
2783 3622 2850 3676 iis
2879 3623 3012 3676 leris
3041 3623 3342 3686 excidium,
3367 3637 3394 3674 a
3431 3625 3548 3676 suis
3583 3621 3956 3689 profecturum

2383 3715 2640 3783 posteris,
2703 3715 3068 3783 przevidebat,
3131 3714 3290 3769 etiam
3344 3714 3670 3768 durantibus
3726 3713 3959 3767 induciis

2384 3807 2737 3861 excursiones
2765 3807 2817 3859 in
2847 3820 3014 3876 pagos
3037 3805 3474 3860 Christianorum
3520 3804 3780 3866 faciebat,
3836 3821 3959 3858 eos-

2384 3898 2751 3966 quedireptos
2782 3897 2928 3951 ferro
2981 3906 3035 3951 et
3067 3897 3175 3967 igni
3233 3895 3686 3966 depopulabatur.
3743 3895 3962 3949 Primus

2387 4003 2452 4044 ex
2488 3988 2574 4043 bis
2621 3988 2772 4056 pagis
2825 3988 3050 4043 Ditnbos
3109 3988 3497 4058 appellabatur,
3556 3985 3699 4055 quod
3767 4003 3961 4041 nomen

2389 4082 2570 4141 lingua
2603 4080 2831 4134 Turcica
2861 4079 2983 4134 fidei
3022 4081 3381 4134 mutationem
3435 4078 3738 4149 significat,
3801 4095 3961 4147 quam

2391 4185 2576 4225 revera
2609 4184 2957 4226 successores
2983 4172 3156 4240 ipsius
3205 4171 3649 4225 introduxerunt.
3705 4171 3966 4224 Aladiues

2393 4263 2681 4318 intellectis
2723 4263 2872 4317 hisce
2905 4261 3050 4318 Delis
3107 4263 3350 4330 rapinis,
3383 4262 3531 4318 misit
3565 4278 3628 4320 ex
3677 4267 3819 4326 suis,
3873 4264 3966 4331 qui

2393 4369 2516 4407 eum
2540 4361 2859 4408 arcesseret.
2894 4353 3029 4406 Nam
3058 4368 3200 4423 aegre
3229 4351 3457 4416 ferebat,
3488 4353 3602 4406 hac
3638 4353 3708 4407 ab
3769 4367 3836 4406 co
3875 4367 3969 4419 pa-

2393 4445 2472 4497 cis
2499 4452 2554 4498 et
2576 4444 2917 4497 induciarum
2946 4453 3190 4511 tempore
3214 4443 3504 4497 committi.
3555 4443 3701 4496 Delis
3746 4446 3819 4498 ab
3874 4445 3969 4498 illo

725 4543 897 4599 lconii
920 4543 1190 4612 princeps,
1229 4557 1409 4596 rerum
1439 4542 1491 4594 in
1533 4541 1662 4595 Asia
1725 4542 1937 4595 minore
1995 4540 2284 4609 potiretur,
2323 4544 2364 4599 ι)
2393 4535 2535 4590 domi
2570 4551 2681 4590 suae
2703 4536 2995 4604 quaesitus,
3023 4535 3165 4589 forte
3198 4543 3330 4590 tunc
3391 4535 3600 4598 aberat,
3655 4536 3971 4591 escursioni

726 4634 945 4688 venisse
986 4632 1273 4698 quaesitum
1333 4631 1490 4686 sedes
1547 4631 1650 4684 sub
1704 4630 1951 4685 Aladinis
2011 4632 2286 4698 imperio:

727 4740 868 4792 quas
891 4725 1032 4778 inter
1057 4732 1112 4779 et
1139 4723 1240 4778 ista
1294 4721 1483 4778 fuerit.
1543 4721 1802 4777 Aladines
1861 4731 2042 4776 autem
2101 4722 2289 4789 gravia

728 4819 866 4872 bella
910 4817 1147 4885 gerebat,
1177 4814 1373 4885 inquit,
1410 4823 1676 4869 adversus
1736 4815 2120 4883 imperatorem
2152 4813 2292 4867 Con-

731 4908 1290 4976 stantinopolitanum,
1319 4907 1563 4974 quierat
1608 4921 1673 4959 ex
1731 4905 1936 4958 familia
1989 4905 2291 4959 Somneua.

734 5008 791 5057 lu
826 5004 973 5057 hisee
1001 5001 1161 5056 bellis
1201 5000 1423 5064 accidit,
1481 5009 1538 5052 ut
1568 4999 1787 5067 quidam
1820 5013 2008 5066 eques,
2076 4999 2295 5051 natione

728 5095 971 5154 Graecus,
1005 5090 1491 5159 virmagnanimus
1540 5096 1593 5141 et
1627 5088 1941 5151 bellicosus,
2007 5089 2061 5140 in
2115 5089 2292 5141 omni-

728 5181 832 5232 hus
861 5177 1057 5232 duellis
1124 5186 1313 5230 contra
1381 5175 1604 5244 quosvis
1663 5177 1912 5244 sulierior
1952 5175 2112 5246 393
2172 5193 2298 5229 eva-

731 5273 903 5335 deret,
963 5279 1128 5338 atque
1160 5267 1305 5322 inter
1341 5267 1480 5321 alios
1511 5268 1672 5320 etiam
1724 5267 2013 5336 quemdam
2070 5269 2124 5321 in
2185 5271 2297 5336 pri-

736 5364 842 5417 mis
896 5363 1116 5416 sultano
1174 5359 1383 5413 Aladiui
1469 5361 1737 5422 charum,
1801 5360 1984 5428 praelia
2035 5361 2298 5429 singulari

740 5460 967 5518 \it'llllll,
1001 5453 1297 5508 occideret.
1327 5451 1582 5504 Aladincs
1607 5467 1806 5519 magno
1854 5468 1976 5504 cum
2009 5453 2174 5505 animi
2205 5453 2299 5505 do-

735 5552 852 5604 lore
883 5564 1181 5603 conversus
1215 5547 1280 5599 ad
1325 5560 1494 5598 suos:
1533 5544 1667 5610 Quis
1726 5555 1986 5606 vestrum,
2033 5545 2129 5604 ait,
2165 5560 2300 5597 con-

738 5639 889 5707 gredi
917 5655 1036 5693 cum
1075 5641 1173 5692 hoc
1208 5635 1352 5690 ausit
1409 5634 1738 5696 Christiano,
1782 5634 1872 5701 qui
1932 5643 2007 5687 tot
2039 5635 2302 5687 hactenus

735 5749 800 5782 «εκ
835 5730 993 5790 meis,
1035 5738 1088 5782 et
1119 5744 1260 5780 nunc
1293 5725 1589 5794 praesertim
1647 5727 1728 5777 vel
1777 5725 2012 5777 maxime
2073 5725 2300 5777 fanulia-

741 5841 855 5881 tem
913 5824 1057 5878 hunc
1123 5822 1250 5876 mihi
1285 5821 1348 5874 de
1407 5819 1583 5876 medio
1637 5817 2053 5874 sustulitHi‘um
2121 5828 2301 5872 autem

2401 4642 2554 4681 nova:
2583 4627 2847 4690 intentus,
2874 4641 2979 4694 qua
3014 4641 3206 4695 pagunt
3254 4626 3558 4693 occupavit,
3597 4627 3689 4694 qui
3740 4625 3846 4680 Sar
3889 4629 3975 4682 di-

2399 4719 2558 4772 citur.
2591 4717 2647 4772 In
2681 4719 2892 4780 itinere,
2921 4733 3028 4785 quo
3054 4717 3277 4771 domum
3331 4733 3454 4772 cum
3497 4719 3678 4786 praeda
3731 4730 3976 4773 rchrte-

2401 4810 2776 4873 batur,asuis
2811 4809 2858 4863 ei
2918 4809 3280 4877 significatum
3339 4809 3476 4874 fuit,
3531 4809 3815 4863 Aladinem
3862 4828 3983 4864 uio-

2402 4903 2532 4954 leste
2558 4901 2717 4962 ferre,
2737 4901 2879 4968 quod
2907 4915 3001 4969 per
3028 4901 3277 4955 inducias
3299 4901 3367 4953 ab
3395 4915 3460 4956 eo
3487 4901 3731 4966 Dimhos,
3771 4903 3978 4971 aliique

2406 4995 2522 5060 pagi
2565 4994 2705 5061 capti
2734 4991 3005 5055 fuissent;
3076 4993 3303 5060 ideoque
3353 4994 3589 5057 misisse,
3630 4995 3722 5061 qui
3785 5011 3974 5049 curant

2404 5083 2631 5135 Aiadine
2666 5082 2833 5136 Delim
2877 5083 3090 5149 juberet
3141 5098 3475 5149 comparere.
3543 5085 3686 5138 Delis
3739 5085 3842 5138 hoc
3882 5101 3979 5138 co-

2404 5177 2576 5244 gnito,
2600 5190 2723 5228 mox
2748 5189 2931 5228 secum
2972 5174 3159 5227 statuit
3190 5175 3362 5244 prius,
3397 5191 3556 5243 quant
3605 5190 3729 5228 cum
3793 5178 3975 5245 prada

2407 5268 2622 5319 domum
2657 5265 2872 5326 rediret,
2907 5265 3118 5319 Aladini
3153 5281 3211 5320 se
3233 5268 3426 5321 sistere
3457 5305 3472 5330 ,
3513 5283 3621 5334 quo
3687 5283 3842 5320 suam
3897 5269 3972 5321 illi

2407 5360 2804 5412 demonstraret
2863 5357 3250 5410 obedientiam.
3328 5358 3382 5410 Id
3439 5359 3790 5424 conspicatus
3850 5359 3978 5411 Ala-

2409 5451 2585 5511 diues,
2649 5449 2864 5517 culpant
2913 5447 3026 5500 Deli
3066 5448 3470 5502 condonavitea
3501 5448 3638 5516 lege,
3707 5464 3774 5502 ne
3821 5449 3974 5501 dein-

2409 5559 2537 5611 ceps
2561 5542 2755 5595 vicinis
2781 5545 3043 5595 molestus
3072 5551 3254 5596 esset:
3291 5557 3352 5595 ac
3405 5541 3638 5595 reliltrre
3666 5542 3766 5596 sibi
3822 5557 3973 5592 man-

2411 5633 2548 5700 cipia
2573 5633 2759 5701 jussit,
2791 5647 2820 5685 e
2843 5630 2962 5685 Sari
2997 5647 3130 5700 pago
3184 5643 3375 5700 rapta;
3439 5633 3596 5700 cujus
3625 5649 3652 5684 a
3701 5633 3820 5701 pagi
3874 5648 3975 5684 no-

2414 5726 2558 5779 mine
2579 5725 2822 5779 derivata
2855 5726 3100 5778 creditur
3133 5727 3200 5776 ab
3263 5724 3536 5793 aliquibus
3587 5723 3838 5792 deinceps
3871 5722 3973 5776 Ge-

2415 5832 2724 5873 utzarorum
2754 5817 3062 5887 appellatio,
3118 5831 3234 5884 que
3268 5814 3491 5870 Turcica
3519 5816 3696 5886 lingua
3751 5815 3972 5886 juvenes
