4198 6426
248 397 353 460 725

1396 409 1790 468 PANDECTE
1820 412 2017 469 IIIST.
2058 415 2358 473 TURCIC.

3381 414 3482 482 726

239 521 269 559 c
297 506 417 561 Sari
452 525 587 579 pago
617 511 906 580 significet.
950 512 1153 569 Pra-tcr
1179 517 1301 578 ista,
1351 517 1480 571 nihil
1512 521 1587 573 ait
1635 519 1811 587 Span-
1841 523 1883 574 Α
1916 533 2246 591 recuperate
2276 542 2303 576 a
2343 523 2598 578 Michaelc
2656 523 2976 593 Palacologo,
3043 525 3327 580 historiam
3394 542 3484 581 sc-

239 600 476 667 tlugiuus
528 613 740 655 exstare
782 605 846 657 de
874 605 993 659 (hoc
1047 606 1159 660 Deli
1204 620 1504 663 memoratu
1548 612 1807 681 dignum:

237 689 340 741 nisi
366 693 506 756 quod
540 692 791 748 historici
823 693 1125 751 Turcorum
1158 698 1399 764 tradant,
1427 716 1553 755 eum
1612 704 1809 756 sultani

235 780 484 835 Aladiuis
514 783 670 849 jussu
734 802 942 839 veneno
989 789 1263 844 sublatum
1331 792 1521 859 fuisse,
1600 810 1699 849 nec
1740 795 1810 849 ab

240 870 335 923 illo
390 881 633 942 tempore
697 876 766 931 de
837 884 935 932 hac
983 882 1190 937 familia
1251 885 1544 954 quidquam
1592 888 1805 942 recitari

238 977 421 1030 posse,
451 967 595 1030 quod
620 983 799 1035 Operae
834 973 1071 1039 pretium
1096 976 1187 1040 sit,
1239 976 1411 1031 donec
1441 978 1654 1031 tandem
1699 979 1807 1049 pri-

237 1071 359 1108 mus
383 1055 684 1113 TurCurum
741 1064 991 1120 sultanus
1027 1066 1229 1122 Osman
1265 1070 1317 1123 in
1375 1070 1443 1125 iis
1471 1070 1606 1124 locis
1660 1072 1806 1141 prin-

232 1158 262 1196 c
288 1156 469 1211 patum
504 1152 836 1207 constituere
860 1159 1105 1224 coeperit.
1151 1158 1274 1214 Hcce
1298 1162 1468 1230 prima
1520 1163 1586 1217 de
1615 1162 1805 1218 Osma-

234 1236 484 1291 nnlarum
542 1242 751 1311 origine
803 1243 1141 1318 Spandugini
1194 1254 1435 1306 narratio
1474 1262 1592 1318 est,
1650 1255 1805 1322 cujus

236 1327 368 1381 ιὶιΙεε
405 1345 568 1396 penes
598 1346 901 1398 auctorem,
935 1347 1077 1409 esto;
1124 1341 1323 1397 Deinde
1366 1346 1581 1416 sulijicit
1631 1349 1804 1404 sulta-

239 1433 369 1469 num
426 1418 855 1492 Muchemetem,r
898 1431 990 1498 qui
1052 1432 1583 1505 Constantinopolim
1639 1441 1801 1507 cepit,

231 1509 378 1563 nullo
408 1514 567 1567 modo
594 1530 829 1585 unquam
860 1520 1145 1578 admittere
1167 1526 1406 1582 voluisse
1447 1531 1791 1585 narrationes

233 1601 476 1667 illorum,
542 1612 633 1673 qui
701 1609 963 1667 familiam
1025 1614 1445 1674 Osmanidarum
1504 1637 1536 1676 a
1590 1622 1799 1680 Tataris

233 1699 582 1754 armentariis
629 1711 801 1757 ortam
861 1708 1179 1764 traderent:
1215 1726 1339 1765 cum
1408 1715 1521 1783 ipse
1577 1717 1801 1773 referret

229 1788 497 1855 originem
529 1792 649 1859 ejus
681 1798 746 1849 ad
789 1796 1097 1857 Comueuos
1134 1804 1493 1872 imperatores
1526 1810 1799 1869 Constan-

233 1877 638 1947 tinopolitanae.
672 1889 863 1943 Aiebat
888 1893 1057 1956 enim,
1091 1896 1144 1948 in
1200 1897 1265 1952 iis
1296 1899 1452 1956 bellis
1479 1920 1599 1972 qua:
1652 1918 1796 1977 gesta

234 1971 435 2028 fuerint
486 1977 628 2032 inter
687 1981 1072 2052 imperatorem
1123 1971 1581 2059 Comnenutu,et
1616 1971 1797 2054 sulta-

242 2083 368 2118 num
425 2064 733 2139 {.ladinem,
793 2080 1093 2147 quemdam
1130 2099 1339 2154 magna
1394 2090 1695 2148 nobilitatis
1736 2112 1799 2151 ac

232 2162 455 2216 virtutis
489 2165 667 2220 virum
694 2168 761 2221 ab
790 2168 1083 2229 Occidente
1117 2190 1175 2231 se
1196 2180 1494 2237 contulisse
1518 2186 1583 2237 ad
1638 2188 1795 2241 Com-

234 2265 458 2316 nenum,
494 2264 552 2307 ut
613 2258 660 2311 ei
719 2260 1002 2317 militando
1054 2266 1362 2325 subsidium
1411 2270 1597 2331 ferret.
1660 2276 1793 2333 Eum

228 2345 414 2409 pra'lio
448 2349 681 2416 quodam
715 2352 767 2406 in
808 2356 1018 2411 hostem
1068 2359 1362 2420 fortissime
1420 2369 1790 2439 dimicantem,

224 2436 539 2492 confossum
572 2443 639 2496 ab
670 2446 920 2503 hostibus
974 2464 1174 2518 equum
1208 2458 1473 2516 amisisse.
1515 2462 1651 2519 Tum
1691 2436 1793 2520 im;

228 2540 539 2595 peratorem
573 2532 916 2593 Comuenum
944 2544 1127 2601 fratris
1180 2550 1260 2602 sui
1297 2550 1423 2612 lilio.
1460 2555 1544 2607 cui
1596 2572 1790 2611 nomen

221 2630 369 2674 esset
398 2619 619 2683 lsacius.
684 2630 970 2686 mandasse
1023 2644 1082 2689 ut
1132 2652 1196 2691 ex
1242 2656 1382 2706 equo
1413 2643 1789 2712 descendens,

222 2724 350 2762 eum
385 2712 498 2763 viro
525 2712 599 2765 illi
633 2714 757 2770 forti
786 2721 1041 2777 traderet.
1076 2725 1190 2790 Qua
1228 2730 1445 2796 quidem
1480 2748 1535 2785 re
1592 2734 1788 2791 factam

223 2801 435 2854 lsacius
468 2804 733 2871 insignem
768 2809 873 2863 sibi
911 2823 1059 2867 ratus
1088 2815 1344 2887 injuriam
1368 2859 1381 2881 ,
1419 2820 1792 2892 desperabun-

219 2891 329 2945 (ills
388 2894 452 2947 ad
505 2897 785 2954 sultanum
855 2902 1133 2960 Aladinetn
1220 2924 1278 2963 se
1354 2891 1670 2980 contulerit,
1728 2933 1791 2973 ac

220 2983 425 3049 rejecta
461 2984 784 3055 desertaque
837 2990 940 3046 fide
985 2995 1312 3063 Christiana,
1350 3001 1787 3063 Maltumetauatu

220 3075 542 3143 religionem
581 3082 859 3148 amplexus
901 3084 1081 3141 fuerit.
1140 3089 1274 3145 Hinc
1325 3094 1605 3150 Aladtnetn
1645 3101 1692 3154 ei
1732 3100 1788 3154 fi-

217 3167 351 3220 liam
382 3185 534 3223 suam
566 3172 784 3229 dedisse
815 3193 1062 3242 uxorem,
1094 3183 1345 3253 dotisque
1371 3190 1591 3243 nomine
1623 3194 1790 3249 multa
1819 3205 1861 3259 (ζ

218 3260 426 3327 praedia
476 3277 595 3315 cum
627 3266 775 3333 pagis
833 3270 1182 3338 assignasse:
1240 3290 1378 3345 quos
1421 3279 1562 3335 inter
1619 3284 1783 3338 etiam

217 3350 539 3406 Otmanzica
575 3354 758 3409 fuerit.
792 3358 1052 3429 Adeoque
1086 3365 1635 3428 statuebatsultanus
1669 3373 1787 3429 Mu-

215 3446 520 3509 chemetes,
548 3447 616 3499 ab
644 3445 745 3501 hoc
786 3449 960 3505 lsacio
990 3453 1269 3508 sultanum
1323 3457 1640 3527 Osmanem,
1691 3464 1788 3536 qui

217 3545 379 3603 pater
409 3545 463 3590 et
495 3546 689 3592 auctor
709 3549 793 3595 est
820 3541 1008 3609 stirpis
1038 3542 1480 3607 Osmanidarum,
1515 3555 1784 3623 originem

216 3628 470 3682 duxisse.
502 3624 774 3684 Haetenus
803 3646 831 3683 a
865 3632 1222 3704 Spaudugino
1282 3642 1477 3697 tradita
1532 3646 1788 3705 duximus

215 3719 723 3786 commemoranda,
765 3722 832 3776 de
888 3724 1088 3792 quibus
1130 3728 1400 3799 integrum
1458 3735 1646 3791 lectori
1700 3741 1790 3808 ju-

214 3810 430 3864 dicium
455 3809 837 3879 relinquimus.
869 3813 1015 3869 Sane
1074 3822 1345 3889 reperitur
1381 3828 1522 3893 apud
1572 3829 1787 3888 Graecos

215 3902 538 3964 historicos,
573 3915 641 3956 ac
659 3905 969 3971 praesertim-
994 3910 1137 3978 spud
1169 3908 1410 3967 Nicetam
1442 3915 1783 3986 Cliouiatem,

214 3992 427 4046 mentio
448 3990 711 4049 Comneni
748 4004 1031 4065 apostataa,
1093 4003 1187 4070 qui
1216 4012 1394 4059 tamen
1430 4023 1531 4062 non
1587 4010 1744 4068 lsacii
1768 4055 1784 4081 ,

210 4084 312 4135 sed
346 4079 572 4137 Joannis
603 4098 803 4139 nomen
844 4087 1116 4144 habuerit.
1146 4091 1356 4163 Quippe
1377 4111 1499 4152 cum
1544 4079 1795 4163 Joannes

210 4175 533 4230 Comuenus
593 4175 930 4246 imperator,
992 4197 1155 4252 quem
1208 4184 1595 4255 Calojoanuem
1674 4212 1783 4251 non

207 4265 418 4330 forma,
454 4266 550 4321 sed
578 4267 820 4323 bonitate
849 4272 1137 4341 vocabant,
1196 4277 1253 4331 in
1283 4278 1568 4338 obsidione
1623 4286 1799 4361 395.

208 4356 591 4413 Neocaesarete
643 4359 850 4425 diutius
881 4362 1112 4421 haereret
1156 4383 1171 4421 :
1210 4367 1449 4426 Joannes
1501 4356 1653 4431 lsacii
1694 4356 1785 4435 se:

206 4450 634 4513 bastocratorls,
666 4450 853 4508 fratris
901 4455 1022 4525 ejus
1076 4457 1243 4523 filius,
1298 4463 1391 4515 tali
1446 4467 1681 4535 quadam
1716 4472 1785 4525 ab

209 4540 558 4607 imperatore
589 4550 781 4609 patruo
815 4541 1061 4601 irritatus
1086 4548 1305 4618 injuria,
1328 4555 1542 4621 qualem
1593 4557 1776 4628 Span-
1809 4580 1859 4633 ι)

202 4631 457 4698 duginus
499 4633 772 4699 exposuit,
844 4634 986 4691 fmde
1031 4640 1321 4711 transfugit
1383 4647 1449 4700 ad
1511 4649 1784 4708 sultanum

203 4721 578 4786 Iconieusetn,
607 4724 880 4795 simulque
912 4730 1440 4791 musulmauissavit.
1477 4739 1630 4797 Hanc
1676 4742 1786 4799 for-

201 4813 378 4865 tassis
416 4811 484 4865 ad
517 4812 802 4869 historiam
838 4818 918 4871 vel
967 4817 1372 4892 Spanduginus,
1428 4831 1513 4883 vel
1562 4830 1785 4889 Muehe-

199 4915 390 4958 metes
425 4908 749 4974 respexerit.
810 4908 890 4963 Ac
942 4910 1267 4969 Muchemeti
1328 4919 1571 4988 quidem,
1629 4924 1786 4995 longe

198 4997 464 5051 omnium
491 5000 797 5054 mortalium
849 5002 1325 5068 ambitiosissimo.
1366 5013 1573 5066 natales
1620 5017 1786 5083 majo-

198 5106 336 5143 rum
381 5089 648 5144 obscuros
680 5092 1045 5161 displicuisse,
1078 5113 1188 5154 non
1221 5101 1418 5156 mirum
1464 5114 1587 5158 est:
1638 5107 1785 5161 idco-

194 5198 316 5250 que
346 5181 509 5235 facile
540 5183 886 5250 crediderim,
934 5189 1004 5241 ab
1035 5202 1101 5243 eo
1158 5193 1441 5259 quaesitam
1494 5195 1660 5253 fuisse
1716 5200 1783 5255 de

194 5273 487 5326 industria
522 5276 815 5341 quamdam
857 5292 1080 5332 suorum
1128 5281 1196 5335 ab
1224 5285 1435 5354 origine
1498 5290 1668 5358 magis
1721 5292 1781 5346 il-

193 5363 372 5419 lustri
422 5365 969 5422 commendationem.
1036 5368 1146 5425 lloc
1199 5382 1378 5429 tamen
1439 5379 1659 5435 minime
1703 5382 1779 5436 si-

192 5458 381 5511 lentio
419 5458 873 5525 praetereundum,
905 5461 1135 5530 Turcos,
1192 5476 1474 5523 auctorum
1511 5472 1779 5528 bonorum

192 5561 507 5607 consensu.
571 5561 676 5601 non
728 5564 760 5602 e
814 5547 1057 5617 Tataria,
1107 5556 1200 5608 sed
1265 5555 1447 5611 Persia
1478 5601 1492 5623 ,
1543 5563 1780 5629 pulsosa

196 5639 449 5698 Iataris,
476 5637 531 5690 in
585 5637 765 5691 Asiam
798 5640 1064 5695 minorem
1125 5645 1530 5715 commigrasse.
1568 5650 1682 5717 Qua
1714 5655 1781 5708 de

191 5744 376 5787 causa
406 5726 626 5783 Graeciae
689 5729 890 5784 Praetor
941 5748 1092 5788 meus
1154 5738 1379 5791 necdum
1434 5742 1628 5805 editus,
1686 5748 1775 5813 qui

192 5820 760 5889 Lunstautinopuleos
818 5837 845 5875 a
885 5820 1133 5880 Flaudris
1193 5838 1381 5899 Captae,
1447 5848 1777 5903 rursumque

1914 613 2129 678 xaginta
2156 614 2273 682 plus
2318 616 2493 667 minus
2544 631 2812 669 annorum
2869 616 3180 687 descripsit,
3231 619 3477 673 sultanos

1911 704 2372 760 Musulmauorum
2438 706 2790 771 lcouienses,
2874 708 3119 762 Aladinis
3180 718 3476 777 posteros,

1911 798 2189 851 Azatinem
2212 806 2264 851 et
2293 795 2598 853 Jatliatines
2626 799 2785 864 duos,
2814 798 3146 857 Persarchas
3218 802 3475 871 appellat,

1909 888 2052 955 quod
2088 886 2330 963 ePersia
2365 889 2619 958 profectis
2671 892 2722 943 in
2766 905 2827 944 ea
2885 892 3114 947 minoris
3165 893 3307 948 Asia:
3363 893 3476 946 loca

1908 980 2124 1049 populis
2156 996 2279 1035 cum
2340 981 2571 1052 imperio
2625 992 2939 1051 praeessent.
2990 984 3137 1039 idem
3188 985 3482 1039 observare

1908 1070 2050 1135 licet,
2081 1073 2148 1126 ab
2177 1073 2298 1130 aliis
2337 1074 2498 1127 etiam
2551 1075 2664 1129 fieri
2695 1074 2899 1129 Graacis
2925 1075 3222 1131 historicis.
3268 1078 3351 1131 Au
3382 1093 3480 1131 au-

1908 1173 2101 1218 temes
2132 1162 2455 1218 Tatarorum
2487 1165 2821 1234 regionibus,
2870 1174 2924 1219 et
2948 1167 3147 1235 quibus
3216 1170 3481 1238 tempori-

1907 1255 2030 1318 bus,
2078 1255 2130 1308 iu
2190 1253 2430 1308 Persiam
2492 1257 2931 1326 eommigrarint,
2990 1259 3080 1312 hic
3129 1260 3327 1326 exponi
3370 1276 3477 1315 non

1905 1355 1989 1399 est
2022 1358 2265 1409 necesse,
2296 1360 2360 1399 ne
2392 1346 2558 1401 nimis
2581 1357 2863 1402 θιρτθεοιιι
2892 1349 3289 1406 commentatio

2249 1458 2303 1512 2.
2334 1458 2503 1524 Aiem,
2552 1457 2873 1527 Padiscach,
2916 1459 3128 1516 Sultan.

1973 1573 2127 1639 Quod
2158 1572 2486 1643 Oguziorum
2540 1574 2750 1631 familia
2804 1579 3154 1633 successione
3216 1586 3474 1647 perpetua

1904 1680 2085 1718 rerum
2112 1667 2252 1734 apud
2305 1665 2536 1723 Parthos
2582 1669 2750 1739 potita
2789 1669 2959 1724 fuisse
3002 1670 3237 1733 dicitur,
3298 1669 3349 1723 id
3389 1669 3475 1723 his

1905 1756 2015 1808 fere
2039 1756 2215 1811 verbis
2248 1758 2301 1810 in
2346 1758 2643 1828 archetypo
2669 1759 2901 1814 Turcico
2930 1760 3155 1827 legitur:
3183 1758 3257 1813 De
3300 1758 3473 1827 stirpe

1836 1845 1958 1917 Bin
1990 1847 2215 1915 stirpem
2287 1846 2437 1903 fuere
2502 1848 2926 1905 Padischacbler
2973 1852 3025 1905 in
3105 1849 3282 1904 Aiem.
3347 1850 3477 1913 Qua:

1902 1939 2065 1992 verba
2102 1950 2159 1993 ut
2204 1940 2592 2008 intelligantur,
2648 1942 2951 2009 sciendum,
3004 1959 3033 1998 a
3079 1943 3273 1998 Turcis
3321 1945 3472 1997 Aiem

1903 2029 2130 2099 Vilaget,
2160 2033 2241 2085 vel
2272 2034 2424 2087 Aiem
2470 2033 2771 2101 Memleket,
2834 2038 3012 2091 vocari
3067 2037 3342 2107 regionem
3390 2042 3472 2091 vel

1902 2136 2129 2191 regnum
2186 2120 2472 2177 Persarum
2509 2138 2570 2177 ac
2625 2123 3001 2181 Parthorum:
3052 2126 3476 2182 Padiscliat-hlcr

1900 2220 2081 2268 autem
2140 2230 2372 2269 numero
2441 2216 2845 2283 multitudinis,
2907 2232 2935 2272 a
2999 2218 3262 2288 singulari
3318 2217 3473 2271 Padi.

1898 2306 2122 2367 Sf‘ilaCil,
2154 2321 2276 2361 esse
2303 2323 2591 2378 supremos
2647 2310 2926 2379 principes
2955 2314 3070 2366 sive
3114 2310 3373 2370 Scaclios.
3407 2313 3474 2365 tle

1898 2412 2001 2464 qua
2030 2412 2156 2452 voce
2197 2399 2359 2468 paulo
2387 2410 2512 2453 ante
2568 2400 2794 2455 dictum.
2842 2400 3065 2458 Rectius
3107 2403 3249 2456 enim
3306 2402 3471 2456 Padi-

1897 2490 2097 2545 schach
2148 2490 2523 2560 interpreteris
2572 2493 2987 2559 Pantocratoru,
3057 2495 3206 2548 velut
3272 2494 3474 2548 haben.

1899 2593 2000 2637 tem
2034 2584 2345 2638 universum
2374 2584 2687 2655 imperium.
2714 2602 3003 2657 regemque
3034 2604 3241 2655 regum,
3300 2604 3463 2657 quam

1897 2674 1938 2730 si
1971 2690 2153 2730 vocem
2187 2677 2385 2730 sultani
2419 2678 2499 2732 sic
2532 2680 2795 2747 explices,
2826 2680 2968 2749 quod
3002 2678 3272 2735 Cedrinus
3317 2683 3461 2737 fecit.

1897 2765 2103 2821 Etenim
2137 2769 2229 2837 qui
2256 2769 2451 2825 Turcis
2508 2773 2761 2827 sultauus
2798 2783 2903 2834 est,
2964 2775 3169 2830 Graecis
3203 2776 3469 2843 hodieque

1896 2874 2082 2912 vocem
2146 2862 2287 2914 hanc
2359 2862 2543 2931 lingua
2627 2878 2722 2918 sua
2776 2865 3151 2931 reddentibus,
3203 2865 3468 2935 Aphentis

1896 2951 1973 3004 vcl
2016 2953 2204 3021 Mcgas
2258 2954 2527 3021 Aphentis
2583 2956 2781 3009 dicitur
2814 2965 3126 3027 :‘corrupto
3190 2956 3464 3019 nonnihil,

1894 3042 2103 3095 ratione
2124 3045 2597 3111 pronuntiationis,
2625 3048 2847 3116 antiquo
2871 3049 3135 3103 vocabulo
3161 3049 3457 3115 αὐθέντης.

1893 3134 2051 3201 cujus
2079 3145 2164 3187 est
2214 3149 2341 3189 nora
2390 3136 2735 3202 signiﬁcatio.
2798 3137 3069 3196 Laonicus
3125 3140 3265 3194 libro
3319 3154 3466 3194 nouo

1895 3224 2217 3281 Muchemeti
2253 3230 2494 3284 secundo
2530 3231 2745 3286 titulum
2778 3233 2920 3288 hunc
2947 3233 3154 3289 tribuit.
3186 3231 3464 3302 Planequc

1891 3317 2093 3371 nostris
2131 3318 2292 3373 etiam
2339 3319 2646 3378 Turcorum
2702 3325 2974 3395 princeps,
3010 3327 3063 3380 in
3124 3326 3464 3396 quotidianis

1892 3411 2257 3476 sermonibus,
2295 3428 2577 3484 nunquam
2614 3417 2793 3483 aliter,
2819 3433 2981 3489 quant
3006 3418 3045 3471 il
3072 3418 3246 3489 grand
3271 3416 3467 3486 Siguor

1892 3497 2223 3566 appellatur;
2254 3504 2397 3572 quod
2452 3506 2672 3574 quidem
2707 3508 2763 3561 fit
2820 3506 3120 3563 imitatione
3161 3506 3463 3562 Turcorum

1892 3586 2341 3661 Grzecorumque.
2404 3593 2482 3648 Ne
2552 3596 2728 3651 dicam
2783 3600 3091 3669 Aythonum
3144 3600 3462 3654 Armenium

1891 3694 2109 3750 quoque
2171 3685 2406 3750 tradere,
2470 3687 2743 3742 sultanum
2805 3691 3097 3761 Agarensis
3151 3691 3462 3761 significare

1889 3770 2196 3832 dominum.
2258 3776 2411 3843 Quod
2485 3789 2665 3834 autem
2749 3782 2890 3851 apud
2969 3782 3459 3855 Chalcocondylem

1892 3860 2076 3915 Parthi
2101 3873 2155 3918 et
2185 3863 2333 3919 Pera:
2366 3866 2501 3921 dicti
2560 3869 2818 3938 leguntur
2873 3872 3136 3938 Arzamii,
3205 3888 3269 3929 ex
3330 3877 3464 3932 scri-

1889 3963 2048 4022 ptura
2119 3958 2307 4011 vitiosa
2362 3959 2662 4028 profectum
2733 3972 2884 4031 puto.
2935 3964 3071 4018 Nam
3109 3965 3315 4021 Azamii
3376 3969 3459 4022 vel

1891 4046 2095 4100 Azemii
2159 4048 2362 4105 rectius
2419 4053 2750 4119 scribentur,
2806 4055 2952 4123 quod
3013 4054 3156 4109 idem
3211 4066 3293 4110 est
3332 4073 3457 4112 cum

1889 4137 2117 4193 Aiemiis
2148 4152 2369 4211 propter
2398 4144 2709 4201 affinitatem
2742 4147 3048 4201 litterarum
3110 4146 3149 4211 Ι,
3184 4147 3249 4215 G,
3285 4160 3336 4202 et
3395 4150 3459 4216 Ζ,

1890 4236 2014 4285 ante
2065 4230 2296 4287 litteram
2337 4234 2378 4287 E
2410 4238 2734 4304 positarum,
2795 4241 2960 4294 etiam
3027 4242 3167 4311 apud
3197 4241 3358 4297 ltalos
3412 4255 3466 4295 et

1890 4318 2093 4374 Gallos.
2123 4320 2397 4389 Geufrzeo,
2430 4326 2520 4394 qui
2547 4326 2826 4382 Azatniam
2853 4329 3055 4383 dictam
3086 4331 3198 4383 vult
3240 4333 3307 4384 ab
3356 4332 3461 4387 As-

1889 4411 2149 4481 sambcgo
2206 4415 2339 4484 (quo
2374 4417 2597 4472 nomine
2658 4418 2787 4473 alibi
2840 4432 3016 4487 vocat,
3074 4436 3234 4489 quem
3287 4420 3459 4476 Usum

1889 4502 2189 4558 Chasauem
2226 4504 2387 4561 Turci
2411 4509 2618 4577 dixere)
2652 4509 2795 4564 sicut
2822 4525 2850 4563 a
2900 4511 3309 4584 Caramanbego
3358 4514 3464 4567 Ca-

1886 4598 2331 4667 ramaniam,per
2356 4615 2438 4655 me
2486 4601 2732 4669 quidem,
2776 4611 2833 4656 tit
2886 4604 2956 4657 ita
3018 4605 3238 4669 sentiat,
3291 4604 3457 4660 licet:

1888 4689 2109 4756 quando
2156 4689 2324 4744 libere
2387 4692 2571 4761 quivis
2625 4694 2936 4763 opinionem
3000 4709 3153 4749 suam
3218 4696 3462 4765 proferre

1891 4788 2085 4844 potest.
2119 4777 2252 4833 Nam
2279 4782 2497 4837 tametsi
2530 4797 2637 4836 non
2698 4785 2794 4838 abs
2832 4799 2889 4840 re
2917 4786 3040 4853 quis
3066 4786 3322 4855 objecerit
3354 4788 3462 4842 dis-

1889 4868 2301 4925 similitudinem
2326 4887 2518 4927 vocum
2552 4874 2705 4927 Aiem
2731 4885 2782 4930 et
2812 4876 3050 4941 Chasan,
3081 4885 3260 4931 tamen
3290 4878 3461 4947 pluris

1888 4959 1989 5013 hoc
2026 4959 2368 5026 faciundum,
2400 4963 2540 5031 quod
2580 4964 2721 5019 idem
2773 4964 2874 5018 sibi
2930 4980 3124 5034 parum
3157 4966 3283 5021 alibi
3328 4982 3461 5021 cou-

1887 5062 2013 5117 stat,
2046 5054 2173 5107 dum
2205 5055 2281 5107 ait
2305 5055 2371 5107 ab
2404 5057 2629 5120 Aramo,
2682 5055 2833 5111 Senti
2860 5056 2922 5111 F.
2955 5056 3123 5111 Nolim
3155 5058 3223 5112 N.
3250 5059 3457 5128 Syriam

1886 5148 2081 5199 dictam
2112 5148 2412 5213 Azamiam,
2445 5150 2601 5216 quasi
2646 5149 2946 5204 Aramiam.
3006 5150 3122 5203 Non
3155 5154 3298 5205 enim
3370 5169 3461 5221 pa-

1890 5252 2054 5289 ruma
2092 5236 2289 5301 Persis,
2317 5247 2371 5292 et
2402 5239 2639 5303 Parthis,
2664 5238 2783 5308 Syri
2811 5239 3018 5293 distant
3048 5257 3069 5293 :‘
3098 5251 3154 5295 ut
3197 5260 3301 5298 non
3361 5247 3457 5297 im-

1888 5328 2079 5379 merito
2111 5326 2233 5394 quis
2289 5326 2536 5383 Geume
2591 5330 2936 5397 proverbium
3001 5342 3155 5386 vetus
3206 5332 3453 5389 Grzccutn

1885 5416 2141 5484 objecerit
2176 5436 2187 5470 :
2224 5416 2361 5471 Sunt
2413 5421 2643 5488 separati
2675 5420 2810 5475 lines
2859 5423 3128 5493 Lydorum
3194 5435 3244 5478 ct
3286 5426 3458 5498 Phry-

1885 5526 2029 5577 gum.

1882 5603 1932 5655 5.
1966 5602 2139 5676 ςίβιαῃ,Δ
2176 5600 2457 5676 UfumCltan
2485 5644 2499 5668 ,
2538 5602 2848 5674 llunggiur,
2896 5608 3160 5674 Hunc/ter,
3216 5612 3451 5676 Seriplte,

1952 5671 2161 5791 (ilia/ile
2191 5713 2204 5736 ,
2252 5672 2463 5725 C/tt'tat'a
2490 5712 2504 5735 ,
2562 5671 2831 5729 Chai-iisan
2862 5719 2875 5741 ,
2936 5679 3113 5745 Belclt,
3150 5671 3453 5747 ’Much'an,

2001 5752 2156 5793 atttrt.

1954 5832 2055 5897 Qui
2090 5832 2282 5891 Turcis
2314 5843 2395 5887 est
2418 5834 2602 5905 lingis
2628 5837 2797 5903 Cliau,
2836 5838 3146 5896 licivaccnsi
3180 5855 3258 5897 est
3289 5841 3455 5897 Chitt-
